4086 6214
502 375 571 430 55
1210 371 1272 427 S.
1312 364 1601 424 JOANNIS
1637 352 2099 418 (ῖηιιινειιετοδι

2200 352 2483 413 ιιιοιιιερ.
2518 353 3071 414 CONSTANTINOP.
3687 350 3755 409 δι

580 496 645 547 θ’.
667 489 758 545 Διά
775 504 857 543 τοι
885 485 1042 541 τοῦτο
1060 485 1154 540 καὶ
1177 486 1207 538 ό
1222 480 1511 555 Προφήτης
1529 476 1831 549 ἀπαγαγὼν
1858 476 1959 548 τῆς
1984 490 2079 529 πο-

508 586 702 658 νηρίας
730 582 818 637 διὰ
844 581 942 652 τῆς
969 576 1332 642 κατανύξεως,
1362 573 1458 629 καὶ⁸
1479 573 1709 644 ποιήσας
1735 568 2088 639 ἐπιτηδειότεο

513 695 605 751 ρον
646 675 783 749 πρὸς
814 674 911 745 τὴν
943 673 1041 744 τῆς
1071 669 1270 740 ἀρετῆς
1311 665 1596 739 ἐργασίαν,
1624 663 1718 716 καὶ
1766 661 1826 715 10
1853 659 2086 751 σκληρὸν

510 750 608 843 τῆς
636 765 872 829 διανοίας
901 759 1307 834 καταμαλάξας,
1339 756 1551 827 ἁπαλήν
1577 771 1638 808 τε
1665 750 1965 843 αὐτήνάπδ
1984 752 2088 843 τῆς

511 840 857 924 κατανύξεως
896 852 1291 928 ἐργασάμενος,
1317 847 1409 902 100
1440 845 1570 917 περὶ
1609 840 1951 912 δικαιοσύνης
1972 842 2087 894 εἰσ-

511 954 638 1019 άγει
665 948 843 1018 λόγον,
873 946 970 1001 καί
985 961 1118 1016 φησι
1135 959 1152 975 ο
1173 943 1406 997 Θύσατε
1423 936 1645 992 θυσίαν
1673 933 2086 999 δικαιοσύνης,

513 1042 611 1097 καὶ
638 1041 929 1095 ἐλπίσατε
949 1035 1048 1092 ἐπὶ
1076 1034 1312 1102 Κύριον.
1345 1029 1412 1084 Τί
1441 1029 1577 1093 ἐστι,
1607 1028 1840 1083 Θύσατε
1870 1026 2089 1081 θυσίαν

512 1132 938 1198 δικαιοσύνης;
976 1123 1327 1194 Δικαιοσύνην
1356 1119 1702 1194 μετέρχεσθε,
1745 1115 2088 1186 δικαιοσύνην

514 1218 879 1291 προσφέρετε·
916 1214 1076 1270 τοῦτο
1129 1212 1384 1286 μέγιστον
1430 1210 1510 1282 τῷ
1557 1208 1676 1280 Θεῷ
1723 1207 1915 1280 δῶρον,
1948 1204 2089 1276 αὕτη

513 1309 675 1365 θυσία
699 1307 882 1381 δεκτὴ,
912 1304 1050 1378 αῦτη
1077 1303 1363 1379 προσφορά
1382 1300 1583 1375 πολλὴν
1607 1300 1806 1372 ἐχουσα
1831 1299 1930 1370 τὴν
1958 1295 2091 1370 ἀρέ-

514 1419 723 1466 σκειαν,
756 1401 817 1455 ού
858 1398 922 1455 10
952 1397 1199 1472 πρόϐατα
1230 1397 1377 1451 θύειν
1426 1394 1523 1449 καὶ
1568 1392 1814 1464 μόσχους,
1865 1388 1999 1445 ἀλλά
2030 1387 2092 1442 10

512 1492 697 1547 δίκαια
718 1491 997 1563 πράττειν.
1028 1489 1189 1561 Ὁρᾷς
1210 1487 1310 1559 τῆς
1347 1485 1670 1559 Ἑκκλησίας
1697 1485 1794 1557 τὴν
1819 1482 2091 1539 πολιτείαν

513 1583 721 1639 ἀνωθεν
763 1579 1333 1655 προδιαγραφομένην,
1374 1578 1616 1633 110101011
1665 1577 1774 1632 τῶν
1819 1574 2092 1647 αἰσθητῶν

517 1673 743 1728 ἐκείνων
793 1671 862 1726 τὰ
908 1670 1076 1744 νοητά
1121 1668 1446 1742 ζητούμενα.
1498 1664 1852 1737 Δικαιοσύνην
1898 1664 1957 1718 δὲ
2003 1666 2091 1718 ἐν.

516 1764 712 1830 ταῦθα,
749 1764 1001 1835 καθάπερ
1042 1762 1351 1836 ἔμπροσθεν
1395 1756 1570 1827 εἶπον,
1611 1762 1671 1815 ού
1717 1760 1814 1833 τὴν
1863 1757 2094 1831 μερικὴν

518 1856 724 1927 ἀρετήν
760 1871 947 1924 φησιν,
991 1853 1128 1909 ἀλλά
1157 1851 1256 1925 τὴν
1304 1851 1531 1908 καθόλου
1551 1867 1566 1883 ·
1600 1850 1735 1906 καθδ
1764 1851 1857 1904 καὶ
1888 1850 2094 1906 δίκαιον

520 1947 805 2020 ἄνθρωπον
832 1946 1104 2020 καλοῦμεν
1130 1946 1222 2001 100
1253 1945 1469 2001 ἀπασαν
1497 1945 1555 1998 ἐν
1575 1943 1752 2015 ἐαυτῷ
1781 1944 1971 2014 ἔχοντα
1994 1942 2094 2016 τὴν

519 2042 744 2115 ἀρετήν.
793 2041 943 2113 Δῦτη
978 2042 1012 2113 ἠ
1044 2042 1203 2097 θυσία
1248 2041 1310 2095 οὐ
1342 2039 1639 2112 χρημάτων
1665 2039 1856 2102 δεῖται,
1893 2038 1956 2092 ού
1987 2054 2094 2109 μα-

519 2130 738 2203 χαίρας,
762 2129 824 2184 ού
857 2129 1268 2202 θυσιαστηρίου,
1298 2128 1360 2182 ού
1390 2126 1590 2199 πυρός·
1624 2126 1725 2181 ούκ
1768 2126 1848 2189 εἰς
1888 2123 2096 2179 καπνὸν

519 2221 795 2276 διαλύεται
828 2222 924 2276 καὶ⁵
960 2217 1168 2293 τέφραν
1198 2220 1294 2274 καὶ
1326 2218 1570 2277 κνίσσαν.
1602 2217 1715 2271 ἀλλ’
1739 2217 1988 2287 ἀρκεῖται
2026 2216 2094 2286 τῇ

522 2308 717 2382 γνώμῃ
761 2310 856 2365 τοῦ
896 2309 1265 2382 προσάγοντος
1307 2308 1496 2380 αὐτήν.
1532 2304 1718 2378 Ταύτῃ
1764 2303 1889 2358 οὔτε
1937 2304 2097 2358 πενία

523 2398 753 2470 κώλυμα
794 2399 1023 2469 γίνεται,
1055 2396 1178 2452 οὗτε
1217 2396 1457 2468 πτωχεία
1492 2395 1769 2467 ἐμπόδιον,
1815 2393 1874 2447 ού
1912 2392 2098 2457 τόπος,

524 2487 624 2541 οὐκ
651 2487 779 2542 ἄλλο
803 2488 910 2541 τῶν
947 2486 1201 2542 τοιούτων
1236 2486 1415 2540 οὐδέν’
1447 2485 1560 2540 ἀλλ’
1595 2484 1729 2538 ὅπου
1771 2499 1877 2553 περ
1909 2480 1975 2536 ἀν
2009 2478 2097 2555 ᾖς,

524 2574 676 2630 θύειν
702 2579 872 2650 αὐτὴν
899 2578 1122 2648 δυνήσῃ,
1149 2573 1310 2640 αύτὺς
1335 2574 1430 2628 καὶ
1461 2574 1657 2646 ίερεὺς,
1689 2571 1783 2626 καὶ
1809 2570 2100 2642 θυσιαστή-

529 2684 665 2740 ριον,
704 2666 799 2722 καὶ
842 2668 1105 2738 μάχαιρα,
1151 2665 1246 2719 καὶ
1287 2666 1478 2735 ἱερεῖον
1525 2661 1825 2732 γινόμενος.
1864 2657 2101 2713 Τοιαῦτα

525 2756 636 2825 γάρ
665 2755 734 2809 τά
749 2753 912 2827 νοερὰ
936 2755 1029 2809 καὶ
1050 2751 1391 2823 πνευματικά
1406 2766 1420 2781 '
1453 2749 1674 2805 πλείονα
1695 2747 1808 2819 εχει
1831 2746 1928 2818 τὴν
1946 2745 2101 2799 εὐκο-

528 2842 672 2905 λίαν,
719 2842 975 2911 οὐδεμιᾶς
1022 2840 1250 2911 δεόμενα
1294 2839 1393 2909 τῆς
1434 2835 1631 2904 ἔξωθεν
1675 2835 1958 2907 ἐργωδίας.
1991 2832 2102 2888 Καί

526 2930 815 2986 ἐλπίσατε
839 2927 939 2982 ἐπὶ
958 2929 1197 2998 Κύριον.
1221 2926 1445 2999 Ἕτερός
1472 2941 1634 2996 φησι·
1653 2924 1761 2980 Καὶ
1790 2922 2102 2978 πεποίθετε

529 3020 612 3084 τῷ
641 3017 854 3086 Κυρίῳ.
875 3003 879 3008 ’
902 3016 960 3070 '0
1005 3016 1115 3086 γάρ
1139 3014 1227 3070 διὰ
1269 3013 1370 3085 τῆς
1401 3013 1614 3078 δικαίας
1644 3012 1918 3075 πολιτείας
1945 3009 2103 3063 ἵλεων

529 3107 691 3164 αὐτὸν
720 3106 1063 3179 κτησάμενος
1087 3106 1181 3160 καὶ
1201 3104 1427 3177 εὐμενῆ,
1456 3103 1721 3176 μεγίστην
1750 3103 1864 3174 ἔχει
1893 3118 2105 3173 συμμα-

530 3198 679 3269 χίαν,
720 3195 1020 3268 ἀχείρωτον
1074 3194 1171 3265 τὴν
1210 3192 1476 3265 βοήθειαν,
1513 3191 1714 3263 πολλὴν
1753 3190 1961 3245 ἐκεῖθεν
2004 3187 2104 3260 τὴν

536 3287 727 3357 ῥοπήν.
772 3280 926 3348 Εἶδες
961 3282 1064 3353 τῆς
1112 3280 1301 3345 θυσίας
1335 3281 1426 3336 τὸν
1470 3279 1682 3353 καρπὸν
1726 3277 1875 3348 παρά
1916 3277 2105 3349 θύραις

533 3373 692 3440 ὄντας
727 3368 866 3435 εἶδες
896 3371 1097 3436 εὐθέως
1136 3370 1498 3441 βλαστάνοντα
1524 3367 1720 3440 ἀθρόον
1750 3367 1857 3421 τῶν
1883 3365 2106 3435 ἀγαθῶν

531 3459 627 3517 100
651 3459 952 3532 θησαυρόν;
996 3459 1054 3513 '0
1081 3460 1190 3531 γάρ
1210 3457 1301 3512 100
1324 3456 1457 3511 θεὸν
1485 3456 1622 3527 ἔχων
1649 3454 1957 3526 σύμμαχον,
1984 3451 2107 3507 τίνα

534 3547 905 3619 φοϐηθήσεται
935 3546 1152 3613 λοιπόν;
1182 3545 1404 3601 Οὐδένα.
1437 3544 1549 3600 Καὶ
1577 3543 1733 3599 τοῦτο
1758 3543 1816 3599 δέ
1847 3545 1908 3598 ού
1934 3541 2107 3614 μικρά

534 3638 726 3709 ἀρετὴ,
758 3635 821 3690 10
848 3634 940 3690 ἐπ’
981 3635 1132 3706 αύτῷ
1162 3635 1404 3708 θαρρεῖν,
1437 3633 1529 3688 καὶ
1560 3634 1650 3687 ἐπ’
1673 3633 1822 3705 αὐτῷ
1851 3631 2107 3687 πεποιθέ-

533 3740 644 3779 ναι.
668 3720 824 3777 Μετά
844 3721 903 3775 δι
927 3722 1027 3793 τῆς
1050 3719 1397 3792 δικαιοσύνης
1421 3718 1515 3775 καὶ⁵
1540 3719 1743 3791 ταύτην
1774 3720 1922 3790 ἡμᾶς
1942 3720 2110 3774 ἀπαι-

533 3814 621 3869 τεῖ
638 3810 738 3883 τὴν
763 3810 988 3882 ἀρετὴν,
1016 3810 1078 3865 10
1100 3811 1186 3863 ἐπ’
1214 3809 1362 3881 αύτῷ
1392 3808 1730 3876 πεποιθέναι,
1759 3809 1821 3864 τὸ
1845 3810 1932 3863 ἐπ’
1960 3810 2109 3882 αὐτῷ

535 3899 799 3965 ἐλπίζειν,
825 3898 888 3952 10
910 3897 1098 3971 μηδενὶ
1116 3897 1227 3953 τῶν
1255 3897 1523 3968 βιωτικῶν
1547 3897 1788 3971 θαρρεῖν,
1816 3897 1952 3953 ἀλλά
1976 3899 2111 3955 πάν-

534 4006 644 4045 των
684 3988 875 4047 ἑαυτὸν
926 3988 1331 4060 ἀποστήσαντα,
1370 3990 1488 4047 ἐκεῖ
1528 3988 1832 4061 προσηλοῦν
1873 3990 1971 4062 τὴν
1993 3990 2111 4045 διά·

535 4093 706 4132 νοιαν.
735 4075 818 4130 Τά
843 4076 942 4148 μὲν
962 4075 1073 4148 γὰρ
1094 4076 1190 4132 τοῦ
1221 4076 1488 4149 παρόντος
1509 4076 1627 4148 βίον
1656 4077 1958 4150 πράγματα
1977 4077 2111 4133 ὀνεί-

538 4179 696 4233 ρασιν
716 4161 859 4217 ἐοικε
884 4162 976 4217 καὶ
992 4165 1191 4226 σκιαῖς,
1213 4162 1529 4219 καὶτούτων
1546 4166 1692 4220 ἐστὶν
1719 4165 2108 4240 ἀδρανέστερα,

535 4249 669 4322 ὁμοῦ
706 4266 768 4304 τε
805 4250 1103 4323 φαινόμενα
1136 4252 1228 4305 καὶ
1256 4251 1629 4324 ἁφιπτάμενα,
1660 4254 1753 4308 καὶ
1778 4256 1836 4309 ἐν
1853 4253 2002 4326 αὐτῷ
2030 4254 2111 4327 τῷ

534 4341 791 4410 παρεῖναι
847 4338 1075 4403 πολλοὺς
1133 4338 1464 4409 ἐμποιοῦντα
1507 4342 1635 4405 τοὺς
1682 4340 1952 4413 θορύϐους
1997 4345 2111 4409 τοῖς

534 4425 777 4496 ἔχουσιν·
809 4428 845 4498 η
880 4425 936 4480 δὲ
982 4426 1076 4480 ἐπὶ
1111 4426 1243 4481 Θεὸν
1288 4426 1442 4491 ἐλπὶς
1484 4427 1769 4495 ἀθάνατος,
1824 4431 2108 4503 ἄτρεπτος,

535 4515 811 4586 ἀκίνητος,
843 4513 1146 4586 μεταϐολὴν
1165 4515 1224 4569 ού
1262 4515 1549 4587 δεχομένη,
1578 4516 1636 4571 ἐν
1665 4517 1938 4591 ἀσφαλείᾳ
1960 4519 2108 4594 πάσῃ

537 4604 873 4669 καθιστῶσα,
902 4606 997 4660 καὶ
1015 4605 1226 4678 ἄμαχον
1253 4607 1481 4663 ποιοῦσα
1502 4608 1594 4663 τὸν
1621 4609 1759 4683 αὐτῇ
1791 4611 1931 4682 μετά
1953 4612 2112 4685 ἀκρι-

537 4690 688 4756 ϐείας
710 4690 823 4765 [2|]
844 4692 940 4747 καὶ⁸
957 4692 1059 4763 τῆς
1082 4696 1460 4768 προσηκούσης
1488 4695 1778 4761 διαθέσεως
1808 4699 2108 4771 χρώμενον.

536 4779 763 4834 Πολλοί
783 4779 1053 4851 λέγουσι,
1082 4784 1172 4850 Τίς
1197 4782 1380 4850 δείξει
1410 4785 1555 4854 ἡμῖν
1577 4785 1649 4841 τὰ
1667 4787 1895 4858 ἀγαθά;
1936 4790 2111 4858 Ἔθη-

531 4866 752 4937 μειὼθη
777 4869 871 4939 ἐφ’
894 4869 1053 4939 ἡμᾶς
1085 4871 1153 4927 τὸ
1183 4871 1311 4943 φῶς
1340 4874 1454 4930 τσῦ
1477 4878 1799 4944 προσώπου
1828 4894 1969 4944 σου,
1995 4881 2112 4935 K1}-

530 4973 646 5027 ριε.
691 4956 1020 5030 ’Δπαρτίσας
1048 4959 1146 5032 τῆν
1174 4962 1302 5034 περὶ
1326 4962 1433 5016 τῶν
1462 4960 1608 5032 ὴθῶν
1638 4966 1981 5037 παραίνεσιν,
2015 4968 2112 5022 καὶ

536 5046 603 5117 τῇ
629 5043 928 5119 θεογνωσίᾳ
968 5049 1351 5118 προσαγαγὼν,
1386 5053 1482 5106 καὶ
1508 5052 1683 5107 πάντα
1728 5057 1955 5126 κινήσας
1984 5058 2110 5130 τρό-

537 5152 641 5190 πον
668 5135 761 5189 100
806 5135 1100 5208 δυνάμενον
1149 5138 1499 5211 διαναστῆσαι
1539 5143 1649 5197 τῶν
1679 5145 2111 5219 πεπλανημένων

535 5223 635 5294 τὴν
657 5223 912 5289 διάνοιαν,
937 5227 1032 5280 καὶ
1059 5227 1292 5296 μάλιστα
1314 5228 1424 5284 ἀπὸ
1440 5231 1548 5286 τῶν
1570 5232 1940 5306 ἀνακειμένων
1963 5235 2112 5309 αὐτῷ

536 5312 632 5365 καὶ
657 5313 757 5381 τῆς
790 5313 871 5375 εις
893 5312 1091 5377 αὐτοὺς
1134 5316 1390 5387 προνοίας
1417 5318 1597 5385 δείξας
1623 5320 1790 5377 αὐτοῦ
1815 5320 1915 5394 τὴν
1948 5324 2109 5395 κηδε-

534 5400 752 5468 μονίαν,
792 5399 1064 5456 ἀντίθεσίν
1098 5419 1219 5457 τινα
1249 5405 1400 5477 παρὰ
1450 5407 1557 5462 τῶν
1584 5408 1987 5482 ἀσθενεστέρων
2018 5414 2113 5468 καὶ

526 5484 858 5556 παχυτέρων
875 5489 1236 5562 είσαγομένην
1259 5492 1439 5565 τίθησι
1463 5497 1556 5549 καὶ
1581 5496 1748 5566 λέγει·
1778 5498 2112 5555 Πολλοίλέ-

532 5586 732 5639 γουσι,
766 5573 861 5641 Τίς
886 5575 1069 5642 δείξει
1098 5579 1241 5649 ἡμῖν
1270 5581 1342 5636 τὰ
1369 5582 1596 5652 ἀγαθά;
1633 5585 1744 5656 Ούχ
1768 5587 1817 5639 οί
1845 5585 2033 5656 ὀλίγοι,
2058 5588 2110 5642 οί

535 5661 747 5730 γνήσιοι
773 5661 869 5716 καὶ
894 5662 1106 5736 δόκιμοι
1134 5667 1227 5721 καὶ
1262 5669 1571 5739 φιλοσοφεῖν
1594 5672 1795 5738 εἰδότες
1826 5675 1999 5730 ταῦτα
2023 5676 2112 5730 λέ-

532 5759 738 5814 γουσιν,
770 5748 903 5804 ἀλλὰ
933 5751 995 5806 10
1029 5755 1326 5825 κεχυμένον
1355 5757 1578 5823 πλῆθος,
1606 5760 1667 5814 τὸ
1690 5761 2017 5834 ἀδιάκριτον,
2048 5766 2110 5820 10

2187 474 2343 546 ἀνοίᾳ
2376 473 2817 547 προσηλωμένον.
2848 473 2912 527 Τί
2950 473 3006 527 δέ
3031 475 3177 528 ἐστιν
3208 474 3238 528 δ
3262 490 3423 547 (mm;
3450 472 3546 540 Τις
3573 471 3758 540 δείξει

2185 562 2334 632 ἡμῖν
2360 564 2433 618 τὰ
2468 563 2690 634 ama,-
2718 564 2843 618 Εἰσί
2884 580 3026 628 τινες
3051 564 3100 616 οἱ
3145 563 3414 632 λέγοντες,
3448 564 3500 616 01
3531 561 3632 634 μὶν
3661 566 3755 620 τοῦ

2185 651 2322 707 Θεοῦ
2365 652 2740 719 διαϐάλλοντες
2769 654 2871 727 τὴν
2911 654 3186 726 πρόνοιαν,
3216 654 3264 709 οἱ
3302 652 3360 707 δὲ
3386 652 3578 726 ἡδονῆς
3604 653 3758 719 δντες

2187 741 2436 814 ἐρασταὶ,
2467 743 2703 808 ἀνέσεως
2728 743 2820 797 καὶ
2844 741 3094 807 πλούτου,
3116 741 3275 812 δόξης
3301 740 3397 795 καί⁵
3422 740 3758 809 δυναστείας,

2186 833 2237 887 οῖ
2262 834 2357 888 καὶ
2403 833 2637 905 ἐρῶντες
2670 833 2850 890 αὐτῶν
2881 832 3106 887 τοιαῦτά
3132 849 3299 901 φασι·
3329 831 3439 887 Ποῦ
3470 832 3539 887 τά
3577 832 3762 902 ἀγαθά

2185 922 2278 976 τοῦ
2300 922 2469 989 Θεοῦ;
2510 921 2651 992 Ἐγὼ
2680 925 2738 978 ἐν
2763 923 3024 995 πτωχείᾳ,
3056 924 3152 977 καὶ
3177 922 3337 995 νόσῳ,
3366 920 3464 976 καὶ
3487 921 3764 977 ταλαιπω-

2191 1013 2303 1085 ρία,
2337 1013 2432 1067 καὶ
2454 1014 2566 1078 τοῖς
2586 1013 2835 1085 ἐσχάτοις
2857 1012 3067 1077 δεινοῖς,
3096 1012 3189 1067 καὶ
3210 1010 3513 1084 ἐπηρείαις,
3540 1010 3636 1065 καὶ
3667 1027 3754 1065 συ-

2188 1100 2535 1172 κοφαντίαις·
2564 1101 2751 1173 ἕτερος
2792 1101 2849 1155 δὲ
2880 1102 2938 1155 ἐν
2977 1101 3268 1174 εύημερίᾳ.
3307 1099 3402 1155 καὶ
3436 1101 3640 1174 τρυφῇ,
3667 1098 3764 1155 καὶ

2188 1193 2496 1264 δυναστείᾳ,
2524 1193 2619 1247 καὶ
2661 1192 2807 1266 δόξῃ,
2838 1192 2934 1247 καὶ
2970 1192 3205 1263 πλούτῳ.
3247 1191 3357 1246 Καὶ
3382 1189 3432 1245 01
3461 1187 3562 1262 μὲν
3588 1188 3762 1245 ταῦτα

2192 1282 2352 1353 μόνον
2379 1279 2601 1353 ζητοῦσι
2627 1292 2654 1322 ι
2683 1280 2754 1334 τὰ
2770 1280 2968 1351 ἀγαθά,
2998 1280 3068 1335 τά
3090 1280 3257 1345 ὅντως
3281 1278 3463 1350 ἀγαθά
3488 1277 3764 1351 παρατρι-

2191 1386 2398 1442 χοντες,
2443 1368 2646 1441 ἀρετὴν
2690 1367 2834 1438 λέγω
2881 1369 2976 1423 καὶ
3023 1368 3372 1438 φιλοσοφίανο
3413 1367 3466 1421 οί
3504 1366 3584 1431 δέ,
3625 1368 3765 1440 ὅπερ

2190 1458 2360 1530 ἔφθην
2396 1455 2588 1523 εἰπὼν,
2618 1457 2715 1512 καὶ
2755 1455 2854 1528 τὴν
2895 1454 2992 1510 τοῦ
3029 1453 3164 1510 θεοῦ
3209 1455 3467 1528 πρόνοιαν
3513 1453 3765 1510 ἐντεῦθεν

2191 1546 2535 1601 διαϐάλλουσι
2554 1586 2568 1609 ,
2624 1545 2871 1615 λέγοντες
2892 1563 2906 1577 ·
2948 1545 3055 1600 Ποῦ
3103 1547 3136 1617 ἡ
3183 1541 3277 1599 τοῦ
3334 1542 3471 1600 Θεοῦ
3515 1545 3761 1616 πρόνοια,

2189 1635 2460 1708 τοσαύτης
2491 1636 2803 1706 συγχύσεως
2838 1637 2898 1691 ἐν
2935 1635 3015 1706 τῷ
3048 1633 3147 1707 βίῳ
3183 1634 3491 1706 γινομένης,
3532 1635 3625 1689 καὶ
3655 1634 3764 1691 τῶν

2193 1722 2454 1777 πλειόνων
2485 1724 2543 1776 ἐν
2567 1722 2808 1794 πτωχείᾳ
2829 1722 2921 1776 καὶ
2951 1723 3110 1795 πενίᾳ
3138 1722 3232 1777 καὶ
3266 1722 3378 1787 τοῖς
3403 1722 3652 1793 ἐσχάτοις
3676 1722 3765 1778 ὃν·

2192 1830 2302 1868 των
2347 1816 2574 1880 κακοῖς;
2621 1813 2674 1868 τί
2704 1814 3004 1885 τεκμήριον
3042 1809 3207 1867 αὑτοῦ
3256 1811 3357 1881 τῆς
3399 1812 3761 1883 κηδεμονίαςς

2196 1903 2403 1959 Ταύτδν
2431 1904 2541 1977 γάρ
2569 1902 2814 1959 ποιοῦσιν
2845 1906 2894 1957 οἱ
2915 1902 3087 1958 ταῦτα
3113 1902 3381 1972 λέγοντες,
3412 1902 3599 1974 ῶσπερ
3626 1903 3692 1957 ἂν
3713 1905 3768 1958 εῖ

2194 2011 2280 2058 τις
2308 1995 2366 2048 ἐν
2387 1992 2626 2065 σταθερᾷ
2659 1990 3096 2064 μεσημϐρίᾳῗκαλ⁵
3115 1990 3328 2063 καθαρᾷ
3349 1990 3438 2046 100
3457 1989 3603 2061 ἥλιον
3635 1990 3762 2044 ίδεῖν

2196 2080 2498 2151 ἐπιζητοίη,
2548 2080 2644 2136 καὶ
2681 2078 3007 2151 ἀμφιϐάλλοι
3050 2077 3177 2151 περὶ
3216 2077 3310 2131 τοῦ
3353 2077 3547 2147 φωτός.
3586 2079 3763 2153 Ὅπερ

2190 2170 2408 2234 δεικνὺς
2429 2172 2459 2224 ό
2477 2167 2783 2241 Προφήτης.
2811 2169 2905 2223 καὶ
2933 2167 3194 2242 ταχίστην
3217 2168 3437 2237 ἐπάγων
3463 2167 3562 2239 τῆν
3587 2167 3766 2232 λύσιν,

2197 2257 2411 2327 έλεγεψ
2455 2255 2813 2327 Ἐσημειώθη
2855 2256 2947 2327 ἐφ’
2975 2256 3133 2327 ἡμᾶς
3166 2247 3234 2312 τό
3271 2255 3398 2328 φῶς
3423 2256 3532 2311 τοῦ
3578 2270 3766 2326 προσ-

2195 2346 2361 2403 ώπου
2380 2363 2517 2409 σου.
2536 2348 2729 2414 Κύριε.
2752 2348 2866 2402 Ούκ
2881 2343 3052 2412 εἶπεν,
3067 2347 3238 2420 ἐφάνη
3257 2363 3271 2378 ’
3290 2347 3390 2402 ούκ
3406 2341 3580 2413 εἷπεν,
3605 2346 3768 2416 ἐλαμ-

2197 2435 2319 2507 ψεν,
2351 2436 2490 2498 ἀλλ’,
2533 2436 2913 2508 Ἐσημειώθη,
2940 2437 3116 2510 δηλῶν
3141 2438 3222 2492 ὅτι
3261 2435 3450 2509 ῶσπερ
3480 2436 3542 2491 10
3555 2439 3613 2492 ἐν
3639 2455 3770 2509 μετο

2200 2525 2336 2596 ὠπῳ
2369 2525 2810 2596 σεσημειωμένον
2860 2527 2995 2580 πᾶσι
3044 2525 3345 2596 κατάδηλόν
3373 2525 3512 2590 ἐστι,
3545 2526 3642 2581 καὶ
3670 2529 3771 2583 οὐκ

2199 2616 2348 2696 ἐστιν
2382 2615 2572 2669 οὐδένα
2594 2613 2727 2669 αὐτὸ
2754 2614 2956 2678 λαθεῖν,
2983 2615 3104 2670 ούδέ
3132 2615 3254 2685 δψιν
3288 2616 3465 2684 φωτὸς
3493 2615 3771 2686 γέμουσαν

2200 2707 2296 2763 καὶ
2327 2709 2579 2775 ἀφιεῖσαν
2606 2706 2636 2746 ι)
2669 2707 2892 2771 ἀκτῖνας
2917 2705 3139 2762 δύναταί
3172 2723 3255 2771 τις
3279 2708 3541 2779 ἀγνοῆσαι
3559 2725 3574 2741 ⁸
3608 2706 3770 2775 οὕτω,

2201 2795 2386 2866 φησὶν,
2423 2794 2544 2848 οὐδὲ
2572 2793 2669 2865 τὴν
2698 2797 2953 2867 πρόνοιαν
2982 2793 3080 2866 τὴν
3119 2795 3239 2866 σήν.
3272 2795 3484 2867 Ὠσπερ
3520 2786 3630 2868 γὰρ
3659 2796 3775 2865 φῶς

2203 2882 2661 2954 σεσημειωμένον,
2689 2881 2982 2947 τουτέστιν,
3020 2882 3458 2953 ἐντετυπωμένον
3497 2884 3592 2938 καὶ
3620 2884 3774 2951 ἐγκε-

2201 2970 2545 3041 χαραγμένον
2566 2973 2625 3024 ἐν
2647 2971 2942 3042 προσώπῳ,
2964 2971 3128 3026 πᾶσίν
3146 2974 3258 3025 ἐστι
3280 2971 3578 3044 κατάδηλον
3596 2989 3611 3004 ⁸
3633 2971 3777 3028 οῦτω

2203 3058 2298 3112 καὶ
2329 3060 2361 3127 ἠ
2395 3058 2618 3129 πρόνοια
2657 3059 2755 3127 τῆς
2788 3058 3197 3130 φιλανθρωπίας
3226 3058 3327 3129 τῆς
3368 3060 3489 3132 σῆς.
3518 3061 3638 3127 Φῶς
3668 3064 3778 3135 γάρ

2204 3144 2434 3200 ἐνταῦθα
2479 3147 2577 3218 τὴν
2628 3146 2910 3217 ἀντίληψίν
2956 3165 3109 3217 φησι,
3153 3148 3253 3218 τὴν
3283 3148 3633 3219 κηδεμονίαν,
3680 3148 3780 3220 τὴν

2206 3235 2544 3305 συμμαχίαν.
2578 3234 2675 3305 τὴν
2705 3236 2974 3306 πρόνοιαν.
3007 3233 3136 3290 Εἶτα
3161 3237 3579 3307 ἀποφηνάμενος
3598 3237 3778 3303 τοῦτο,

2207 3323 2302 3377 καὶ
2334 3322 2613 3389 ἀπόδειξιν
2659 3323 2874 3392 ἐπάγει.
2924 3324 3092 3378 Ποίαν
3137 3322 3202 3395 δὴ
3230 3323 3468 3397 ταύτην;
3512 3325 3783 3391 Ἕδωκας

2205 3411 2594 3480 εὐφροσύνην
2633 3414 2721 3478 είς
2762 3411 2879 3477 τὴν
2923 3410 3178 3480 καρδίαν
3220 3429 3360 3482 μου.
3408 3412 3690 3469 Διαϐαλὼν
3720 3412 3782 3468 10

2207 3499 2489 3568 ἀλόγιστον
2527 3500 2752 3570 πλῆθος,
2781 3501 2888 3555 ἀπὸ
2924 3501 3033 3556 τῶν
3072 3502 3196 3556 νοῦν
3224 3502 3455 3573 ἐχόντων
3480 3503 3574 3557 καὶ
3603 3504 3781 3572 ύγιαι-

2207 3587 2404 3642 νόντων
2430 3588 2527 3661 τὴν
2550 3589 2819 3656 ἀπόδειξιν
2845 3593 3073 3644 ποιεῖται
3094 3590 3191 3661 τῆς
3211 3589 3305 3644 τοῦ
3337 3589 3471 3667 θεοῦ
3501 3590 3778 3661 προνοίας,

2208 3675 2303 3730 καί
2333 3694 2516 3748 φησιν,
2550 3676 2817 3743 Ἔδωκας
2851 3678 3239 3748 εὐφροσύνην
3269 3679 3358 3744 είς
3381 3675 3496 3742 τὴν
3525 3676 3781 3745 καρδίαν

2203 3781 2354 3835 μουο
2383 3766 2650 3832 τουτέστι,
2683 3766 2994 3836 ⁶ιἰλοσοφεῖν
3037 3783 3104 3839 με
3136 3766 3478 3830 ἐπαίδευσας,
3505 3764 3779 3835 ὑπερορᾷν

2206 3854 2316 3909 τῶν
2345 3853 2612 3925 βιωτικῶν
2641 3854 3002 3927 πραγμάτων,
3037 3855 3235 3910 εἰδέναι
3255 3854 3324 3909 τά
3354 3851 3528 3925 ἀληθῆ
3552 3853 3648 3906 m1
3679 3853 3778 3923 μέ-

2207 3958 2394 3997 νοντα·
2436 3944 2698 4015 χρησταῖς
2754 3942 3134 4016 ἐμετεώρησας
3176 3948 3198 3978 ⁸
3234 3942 3441 4006 ἐλπίσι,
3499 3939 3637 4014 πρὸς
3678 3941 3781 4012 τὴν

2213 4030 2511 4103 μέλλουσαν
2547 4030 2691 4103 ζωὴν
2741 4030 3185 4104 ἐχειραγώγησας
3201 4046 3217 4062 ·
3254 4028 3361 4103 1190
3410 4028 3511 4100 τῆς
3542 4025 3784 4082 ἀπολαύο

2211 4134 2348 4182 σεως
2376 4116 2484 4171 τῶν
2513 4117 2732 4185 ἀγαθῶν
2758 4122 2821 4192 τῇ
2854 4118 3149 4192 προσδοκίᾳ
3178 4118 3286 4172 τῶν
3313 4116 3531 4188 ἀγαθῶν
3549 4115 3784 4174 ἀνεπτέ-

2212 4223 2412 4279 ρωσας.
2438 4206 2635 4271 Καλῶς
2661 4205 2835 4271 οὕτως
2864 4202 3035 4261 εἶπεν.

2283 4299 2336 4348 ι’.
2362 4294 2424 4350 Εί
2449 4293 2559 4366 γάρ
2590 4294 2944 4367 κληρονομεῖν
2961 4310 3045 4357 τις
3076 4291 3284 4364 μέλλων
3305 4292 3587 4363 χρήματα,
3618 4291 3653 4364 ῆ
3689 4291 3787 4347 καὶ

2212 4379 2328 4455 [22]
2375 4381 2457 4447 είς
2486 4382 2659 4455 ἀρχὴν
2697 4381 2833 4436 ίέναι
2869 4380 3150 4452 μεγίστην,
3183 4379 3243 4432 ού
3289 4379 3431 4432 κατά
3461 4378 3554 4434 100
3594 4380 3787 4450 καιρὸν

2208 4473 2309 4542 τῆς
2357 4468 2709 4533 ἀπολαύσεως
2760 4468 2938 4539 μόνον,
2990 4466 3126 4522 ἀλλά
3171 4465 3265 4520 καὶ
3305 4465 3412 4537 1190
3443 4466 3541 4538 τῆς
3587 4468 3790 4539 πείρας

2208 4555 2461 4629 ὀρθοῦται
2475 4558 2541 4627 τῇ
2575 4554 2888 4627 προσδοκίᾳ,
2910 4554 3087 4608 πάντα
3107 4553 3197 4607 τὸν
3214 4552 3401 4625 χρόνον
3428 4553 3651 4625 τρυφῶν
3680 4554 3788 4609 ὑπὸ

2207 4643 2311 4713 τῆς
2341 4642 2581 4706 ἐλπίδος⁸
2616 4642 2866 4712 ἐννόησον
2898 4636 3008 4696 οἷον
3031 4641 3176 4705 είκδς
3201 4636 3341 4696 εἶναι
3369 4641 3463 4697 τὸν
3489 4642 3591 4713 τὴν
3628 4642 3791 4714 βασι-

2209 4731 2360 4785 λείαν
2375 4729 2752 4802 προσδοκῶντα
2773 4729 2954 4794 ζῶσαν
2975 4729 3066 4783 καὶ
3094 4728 3379 4795 ἀθάνατον,
3407 4729 3500 4783 καὶ
3514 4728 3582 4782 τά
3603 4729 3790 4799 ἀγαθά

2211 4822 2413 4881 ἐκεῖνα,
2433 4817 2470 4873 ἀ
2493 4816 2616 4872 οϐτε
2646 4816 2923 4888 ὀφθαλμὸς
2940 4813 3097 4881 εἶδεν,
3125 4817 3246 4871 οὔτε
3266 4813 3358 4882 οὖς
3379 4818 3631 4895 ῆκουσεν,
3657 4817 3789 4872 οὕτε

2209 4906 2306 4960 ἐπὶ
2333 4905 2559 4978 καρδίαν
2579 4904 2865 4975 ἀνθρώπου
2886 4904 3074 4975 ἀνέϐη.
3093 4905 3192 4959 Διά
3210 4905 3366 4960 τοῦτό
3388 4907 3572 4977 φησιν’
3604 4904 3791 4960 Ἔδω-

2210 5009 2324 5060 «ac
2351 4994 2738 5063 εὐφροσύνην
2765 4996 2854 5057 εις
2883 4993 2997 5061 τὴν
3027 4994 3280 5063 καρδίαν
3308 5012 3447 5064 μου.
3485 4995 3665 5065 Ὅπερ
3690 5010 3786 5065 με-

2210 5081 2403 5152 γίστης
2427 5081 2679 5152 προνοίας
2707 5077 2796 5152 ἦν,
2824 5081 2945 5135 τότε
2975 5082 3261 5154 ἑτοιμάσαι
3282 5083 3467 5137 ἐκεῖνα
3489 5084 3585 5137 καὶ
3608 5087 3791 5156 £019;-

2211 5170 2387 5224 πίσαι.
2413 5171 2477 5222 Εί
2506 5169 2561 5222 δέ
2596 5170 2646 5222 οί
2679 5169 2994 5242 παχύτεροι.
3019 5173 3115 5225 καὶ
3140 5170 3276 5243 σάρξ
3302 5171 3473 5238 ὄντες,
3508 5171 3602 5226 καὶ
3624 5174 3689 5244 τῇ
3714 5175 3789 5245 γῆ

2211 5257 2642 5329 προσηλωμένοι,
2678 5257 2886 5321 τούτοις
2924 5257 2985 5312 ού
3013 5257 3390 5330 προσέχουσιν,
3421 5259 3484 5311 ού
3518 5258 3669 5329 παρά
3695 5259 3790 5311 100

2213 5344 2600 5414 ὑποσχόμενον,
2635 5345 2769 5399 ἀλλά
2816 5347 2965 5418 παρά
2988 5346 3087 5418 τὴν
3120 5346 3346 5402 ἐκείνων
3395 5345 3791 5418 ἀγνωμοσύνην

2211 5432 2246 5502 ἠ
2266 5432 2476 5504 ταραχὴ
2500 5434 2594 5486 καὶ
2614 5434 2644 5486 ό
2664 5433 2888 5507 θόρυϐος
2906 5435 3134 5504 γίνεται.
3154 5436 3265 5491 Καὶ
3283 5436 3382 5490 ούκ
3401 5431 3554 5488 εἶπεν
3572 5433 3787 5499 ἁπλῶς,

2216 5518 2486 5587 Ἐδωκας
2504 5522 2914 5591 εὐφροσύνην,
2942 5523 3080 5592 ἀλλ’,
3109 5526 3214 5589 Εἰς
3232 5522 3349 5593 τὴν
3372 5521 3625 5592 καρδίαν
3641 5539 3790 5591 μου.

2281 5656 2307 5730 ξ
2329 5656 2451 5730 1103.
2489 5659 2572 5730 καὶ
2591 5662 3044 5730 συκοφαντίαι-ςχκαὶ
3083 5666 3131 5712 οῖ
3157 5664 3241 5726 μὲν
3573 5660 3790 5715 (meum.

2274 5717 2303 5789 ἒ
2328 5717 2448 5789 Εθέε
2471 5722 2711 5789 ιέμονσᾳν
2724 5717 2817 5789 “gn;
2840 5717 3196 5789 ἐκλάμπουσαν,
3218 5725 3299 5774 καὶ
3318 5717 3572 5783 ἁφιεῖσανκ

2279 5783 2303 5813 θ
2325 5779 2450 5843 Βθιζ.
2473 5784 2699 5847 χρησταῖς
2717 5783 2846 5845 ἡμᾶς
2859 5779 3186 5853 ἀνεπτέρωσας
