  <div class='ocr_page' id='page_1' title='image "/cluster/home/n/w/nwhite01/storage/ocr_20150623/55/hvd.32044054086814/050.png"; bbox 0 0 4112 6224; ppageno 0'>
   <div class='ocr_carea' id='block_1_1' title="bbox 413 313 3690 404">
    <p class='ocr_par' dir='ltr' id='par_1_1' title="bbox 413 313 3690 404">
     <span class='ocr_line' id='line_1_1' title="bbox 413 313 3690 404; baseline 0.001 -2"><span class='ocrx_word' id='word_1_1' title='bbox 413 349 481 402; x_wconf 75' lang='lat' dir='ltr'><strong>ss</strong></span> <span class='ocrx_word' id='word_1_2' title='bbox 1555 339 1914 398; x_wconf 73' lang='lat' dir='ltr'><strong>exeosmo</strong></span> <span class='ocrx_word' id='word_1_3' title='bbox 1953 339 2017 396; x_wconf 84' lang='lat' dir='ltr'><strong>IN</strong></span> <span class='ocrx_word' id='word_1_4' title='bbox 2058 339 2378 398; x_wconf 83' lang='lat' dir='ltr'><strong>PSALMUM</strong></span> <span class='ocrx_word' id='word_1_5' title='bbox 2420 342 2509 398; x_wconf 89' lang='lat' dir='ltr'><strong>tv.</strong></span> <span class='ocrx_word' id='word_1_6' title='bbox 3625 313 3690 404; x_wconf 58' lang='lat' dir='ltr'><strong>si</strong></span> 
     </span>
    </p>
   </div>
   <div class='ocr_carea' id='block_1_2' title="bbox 479 460 1992 532">
    <p class='ocr_par' dir='ltr' id='par_1_2' title="bbox 479 460 1992 532">
     <span class='ocr_line' id='line_1_2' title="bbox 479 460 1992 532; baseline -0.004 -14"><span class='ocrx_word' id='word_1_7' title='bbox 479 463 535 520; x_wconf 84' lang='lat'><strong>9.</strong></span> <span class='ocrx_word' id='word_1_8' title='bbox 567 463 703 532; x_wconf 82' lang='lat' dir='ltr'><strong>Quid</strong></span> <span class='ocrx_word' id='word_1_9' title='bbox 725 465 788 518; x_wconf 89' lang='lat' dir='ltr'><strong>sit</strong></span> <span class='ocrx_word' id='word_1_10' title='bbox 816 462 1128 532; x_wconf 85' lang='lat' dir='ltr'><strong>sacriﬁcium</strong></span> <span class='ocrx_word' id='word_1_11' title='bbox 1146 461 1360 532; x_wconf 79' lang='lat' dir='ltr'><strong>justitia:</strong></span> <span class='ocrx_word' id='word_1_12' title='bbox 1383 478 1401 525; x_wconf 88' lang='lat'><strong><em>;</em></strong></span> <span class='ocrx_word' id='word_1_13' title='bbox 1422 460 1640 532; x_wconf 80' lang='lat' dir='ltr'><strong>jnstitite</strong></span> <span class='ocrx_word' id='word_1_14' title='bbox 1662 461 1863 514; x_wconf 77' lang='lat' dir='ltr'><strong>nomine</strong></span> <span class='ocrx_word' id='word_1_15' title='bbox 1889 460 1992 513; x_wconf 71' lang='lat' dir='ltr'><strong>vir-</strong></span> 
     </span>
    </p>
   </div>
   <div class='ocr_carea' id='block_1_3' title="bbox 413 549 1999 623">
    <p class='ocr_par' dir='ltr' id='par_1_3' title="bbox 413 549 1999 623">
     <span class='ocr_line' id='line_1_3' title="bbox 413 549 1999 623; baseline -0.003 -15"><span class='ocrx_word' id='word_1_16' title='bbox 413 565 492 609; x_wconf 84' lang='lat' dir='ltr'><strong>tus</strong></span> <span class='ocrx_word' id='word_1_17' title='bbox 515 554 700 615; x_wconf 84' lang='lat' dir='ltr'><strong>omnis;</strong></span> <span class='ocrx_word' id='word_1_18' title='bbox 721 569 836 623; x_wconf 86' lang='lat' dir='ltr'><strong>spes</strong></span> <span class='ocrx_word' id='word_1_19' title='bbox 862 553 916 606; x_wconf 86' lang='lat' dir='ltr'><strong>in</strong></span> <span class='ocrx_word' id='word_1_20' title='bbox 946 552 1111 606; x_wconf 87' lang='lat' dir='ltr'><strong>Deum</strong></span> <span class='ocrx_word' id='word_1_21' title='bbox 1132 551 1812 620; x_wconf 83' lang='lat' dir='ltr'><strong>immortalis.—Propterea</strong></span> <span class='ocrx_word' id='word_1_22' title='bbox 1839 549 1999 604; x_wconf 90' lang='lat' dir='ltr'><strong>etiam</strong></span> 
     </span>
    </p>
   </div>
   <div class='ocr_carea' id='block_1_4' title="bbox 413 642 1999 721">
    <p class='ocr_par' dir='ltr' id='par_1_4' title="bbox 413 642 1999 721">
     <span class='ocr_line' id='line_1_4' title="bbox 413 642 1999 721; baseline -0.003 -22"><span class='ocrx_word' id='word_1_23' title='bbox 413 647 697 721; x_wconf 78' lang='lat' dir='ltr'><strong>propheta,</strong></span> <span class='ocrx_word' id='word_1_24' title='bbox 723 661 847 700; x_wconf 90' lang='lat' dir='ltr'><strong>cum</strong></span> <span class='ocrx_word' id='word_1_25' title='bbox 876 655 930 700; x_wconf 91' lang='lat' dir='ltr'><strong>et</strong></span> <span class='ocrx_word' id='word_1_26' title='bbox 956 645 1023 699; x_wconf 89' lang='lat' dir='ltr'><strong>ab</strong></span> <span class='ocrx_word' id='word_1_27' title='bbox 1053 643 1386 714; x_wconf 85' lang='lat' dir='ltr'><strong>improbitate</strong></span> <span class='ocrx_word' id='word_1_28' title='bbox 1421 658 1516 712; x_wconf 88' lang='lat' dir='ltr'><strong>per</strong></span> <span class='ocrx_word' id='word_1_29' title='bbox 1534 642 1999 711; x_wconf 88' lang='lat' dir='ltr'><strong>compunctionem</strong></span> 
     </span>
    </p>
   </div>
   <div class='ocr_carea' id='block_1_5' title="bbox 415 728 1999 802">
    <p class='ocr_par' dir='ltr' id='par_1_5' title="bbox 415 728 1999 802">
     <span class='ocr_line' id='line_1_5' title="bbox 415 728 1999 802; baseline -0.006 -8"><span class='ocrx_word' id='word_1_30' title='bbox 415 739 762 802; x_wconf 84' lang='lat' dir='ltr'><strong>abduxisset,</strong></span> <span class='ocrx_word' id='word_1_31' title='bbox 797 735 930 790; x_wconf 89' lang='lat' dir='ltr'><strong>etad</strong></span> <span class='ocrx_word' id='word_1_32' title='bbox 956 728 1159 789; x_wconf 85' lang='lat' dir='ltr'><strong>virtutis</strong></span> <span class='ocrx_word' id='word_1_33' title='bbox 1185 735 1444 788; x_wconf 80' lang='lat' dir='ltr'><strong>actionem</strong></span> <span class='ocrx_word' id='word_1_34' title='bbox 1466 734 1722 802; x_wconf 87' lang='lat' dir='ltr'><strong>aptiorem</strong></span> <span class='ocrx_word' id='word_1_35' title='bbox 1748 732 1960 787; x_wconf 88' lang='lat' dir='ltr'><strong>fecisset</strong></span> <span class='ocrx_word' id='word_1_36' title='bbox 1983 773 1999 798; x_wconf 92' lang='lat'><strong>,</strong></span> 
     </span>
    </p>
   </div>
   <div class='ocr_carea' id='block_1_6' title="bbox 411 826 2002 892">
    <p class='ocr_par' dir='ltr' id='par_1_6' title="bbox 411 826 2002 892">
     <span class='ocr_line' id='line_1_6' title="bbox 411 826 2002 892; baseline -0.008 -4"><span class='ocrx_word' id='word_1_37' title='bbox 411 843 468 889; x_wconf 88' lang='lat' dir='ltr'><strong>et</strong></span> <span class='ocrx_word' id='word_1_38' title='bbox 493 830 745 887; x_wconf 81' lang='lat' dir='ltr'><strong>duritiam</strong></span> <span class='ocrx_word' id='word_1_39' title='bbox 771 827 967 882; x_wconf 90' lang='lat' dir='ltr'><strong>mentis</strong></span> <span class='ocrx_word' id='word_1_40' title='bbox 985 826 1350 890; x_wconf 90' lang='lat' dir='ltr'><strong>emollivisset,</strong></span> <span class='ocrx_word' id='word_1_41' title='bbox 1369 835 1424 878; x_wconf 89' lang='lat' dir='ltr'><strong>et</strong></span> <span class='ocrx_word' id='word_1_42' title='bbox 1460 839 1576 878; x_wconf 89' lang='lat' dir='ltr'><strong>eam</strong></span> <span class='ocrx_word' id='word_1_43' title='bbox 1622 839 1715 892; x_wconf 90' lang='lat' dir='ltr'><strong>per</strong></span> <span class='ocrx_word' id='word_1_44' title='bbox 1739 837 2002 891; x_wconf 85' lang='lat' dir='ltr'><strong>compun-</strong></span> 
     </span>
    </p>
   </div>
   <div class='ocr_carea' id='block_1_7' title="bbox 399 913 2004 985">
    <p class='ocr_par' dir='ltr' id='par_1_7' title="bbox 399 913 2004 985">
     <span class='ocr_line' id='line_1_7' title="bbox 399 913 2004 985; baseline -0.009 -3"><span class='ocrx_word' id='word_1_45' title='bbox 399 922 652 982; x_wconf 56' lang='lat' dir='ltr'><strong>&#39;ctionem</strong></span> <span class='ocrx_word' id='word_1_46' title='bbox 691 931 926 975; x_wconf 80' lang='lat' dir='ltr'><strong>teneram</strong></span> <span class='ocrx_word' id='word_1_47' title='bbox 956 917 1290 983; x_wconf 83' lang='lat' dir='ltr'><strong>reddidisset,</strong></span> <span class='ocrx_word' id='word_1_48' title='bbox 1324 917 1509 985; x_wconf 85' lang='lat' dir='ltr'><strong>incipit</strong></span> <span class='ocrx_word' id='word_1_49' title='bbox 1539 915 1702 969; x_wconf 90' lang='lat' dir='ltr'><strong>verba</strong></span> <span class='ocrx_word' id='word_1_50' title='bbox 1735 915 1908 969; x_wconf 88' lang='lat' dir='ltr'><strong>facere</strong></span> <span class='ocrx_word' id='word_1_51' title='bbox 1936 913 2004 968; x_wconf 91' lang='lat' dir='ltr'><strong>de</strong></span> 
     </span>
    </p>
   </div>
   <div class='ocr_carea' id='block_1_8' title="bbox 415 1008 2006 1086">
    <p class='ocr_par' dir='ltr' id='par_1_8' title="bbox 415 1008 2006 1086">
     <span class='ocr_line' id='line_1_8' title="bbox 415 1008 2006 1086; baseline -0.008 -15"><span class='ocrx_word' id='word_1_52' title='bbox 415 1020 618 1086; x_wconf 90' lang='lat' dir='ltr'><strong>justitia</strong></span> <span class='ocrx_word' id='word_1_53' title='bbox 651 1059 665 1083; x_wconf 91' lang='lat'><strong>,</strong></span> <span class='ocrx_word' id='word_1_54' title='bbox 692 1026 747 1073; x_wconf 87' lang='lat' dir='ltr'><strong>et</strong></span> <span class='ocrx_word' id='word_1_55' title='bbox 785 1015 944 1070; x_wconf 85' lang='lat' dir='ltr'><strong>dicit:</strong></span> <span class='ocrx_word' id='word_1_56' title='bbox 977 1011 1276 1080; x_wconf 79' lang='lat' dir='ltr'><strong>Sacri/icate</strong></span> <span class='ocrx_word' id='word_1_57' title='bbox 1319 1009 1630 1076; x_wconf 83' lang='lat' dir='ltr'><strong>sacriﬁcium</strong></span> <span class='ocrx_word' id='word_1_58' title='bbox 1671 1008 1888 1078; x_wconf 78' lang='lat' dir='ltr'><strong>justitice</strong></span> <span class='ocrx_word' id='word_1_59' title='bbox 1917 1047 1931 1071; x_wconf 95' lang='lat'><strong>,</strong></span> <span class='ocrx_word' id='word_1_60' title='bbox 1957 1016 2006 1059; x_wconf 89' lang='lat' dir='ltr'><strong>et</strong></span> 
     </span>
    </p>
   </div>
   <div class='ocr_carea' id='block_1_9' title="bbox 418 1097 2006 1179">
    <p class='ocr_par' dir='ltr' id='par_1_9' title="bbox 418 1097 2006 1179">
     <span class='ocr_line' id='line_1_9' title="bbox 418 1097 2006 1179; baseline -0.009 -17"><span class='ocrx_word' id='word_1_61' title='bbox 418 1120 619 1179; x_wconf 77' lang='lat' dir='ltr'><strong>sperate</strong></span> <span class='ocrx_word' id='word_1_62' title='bbox 662 1111 716 1162; x_wconf 86' lang='lat' dir='ltr'><strong>in</strong></span> <span class='ocrx_word' id='word_1_63' title='bbox 755 1105 986 1160; x_wconf 85' lang='lat' dir='ltr'><strong>Domino.</strong></span> <span class='ocrx_word' id='word_1_64' title='bbox 1019 1101 1154 1170; x_wconf 86' lang='lat' dir='ltr'><strong>Quid</strong></span> <span class='ocrx_word' id='word_1_65' title='bbox 1196 1109 1281 1155; x_wconf 85' lang='lat' dir='ltr'><strong>est</strong></span> <span class='ocrx_word' id='word_1_66' title='bbox 1310 1141 1324 1165; x_wconf 90' lang='lat'><strong>,</strong></span> <span class='ocrx_word' id='word_1_67' title='bbox 1361 1099 1662 1167; x_wconf 80' lang='lat' dir='ltr'><strong>Sacriﬁcate</strong></span> <span class='ocrx_word' id='word_1_68' title='bbox 1699 1097 2006 1164; x_wconf 83' lang='lat' dir='ltr'><strong>sacriﬁcium</strong></span> 
     </span>
    </p>
   </div>
   <div class='ocr_carea' id='block_1_10' title="bbox 422 1189 2003 1269">
    <p class='ocr_par' dir='ltr' id='par_1_10' title="bbox 422 1189 2003 1269">
     <span class='ocr_line' id='line_1_10' title="bbox 422 1189 2003 1269; baseline -0.008 -16"><span class='ocrx_word' id='word_1_69' title='bbox 422 1201 670 1269; x_wconf 77' lang='lat' dir='ltr'><strong>justitia&#39;?</strong></span> <span class='ocrx_word' id='word_1_70' title='bbox 695 1197 1075 1268; x_wconf 83' lang='lat' dir='ltr'><strong>Persequimiui</strong></span> <span class='ocrx_word' id='word_1_71' title='bbox 1115 1194 1374 1264; x_wconf 78' lang='lat' dir='ltr'><strong>justitiam</strong></span> <span class='ocrx_word' id='word_1_72' title='bbox 1410 1234 1426 1258; x_wconf 92' lang='lat'><strong>,</strong></span> <span class='ocrx_word' id='word_1_73' title='bbox 1475 1192 1664 1247; x_wconf 79' lang='lat' dir='ltr'><strong>offerte</strong></span> <span class='ocrx_word' id='word_1_74' title='bbox 1698 1189 1956 1260; x_wconf 89' lang='lat' dir='ltr'><strong>justitiam</strong></span> <span class='ocrx_word' id='word_1_75' title='bbox 1989 1207 2003 1240; x_wconf 88' lang='lat'><strong>:</strong></span> 
     </span>
    </p>
   </div>
   <div class='ocr_carea' id='block_1_11' title="bbox 425 1285 2006 1351">
    <p class='ocr_par' dir='ltr' id='par_1_11' title="bbox 425 1285 2006 1351">
     <span class='ocr_line' id='line_1_11' title="bbox 425 1285 2006 1351; baseline -0.007 -7"><span class='ocrx_word' id='word_1_76' title='bbox 425 1291 528 1346; x_wconf 88' lang='lat' dir='ltr'><strong>hoc</strong></span> <span class='ocrx_word' id='word_1_77' title='bbox 555 1301 635 1346; x_wconf 89' lang='lat' dir='ltr'><strong>est</strong></span> <span class='ocrx_word' id='word_1_78' title='bbox 662 1292 942 1344; x_wconf 85' lang='lat' dir='ltr'><strong>maximum</strong></span> <span class='ocrx_word' id='word_1_79' title='bbox 971 1288 1080 1342; x_wconf 91' lang='lat' dir='ltr'><strong>Deo</strong></span> <span class='ocrx_word' id='word_1_80' title='bbox 1107 1288 1327 1351; x_wconf 87' lang='lat' dir='ltr'><strong>donum,</strong></span> <span class='ocrx_word' id='word_1_81' title='bbox 1361 1285 1462 1338; x_wconf 89' lang='lat' dir='ltr'><strong>hoc</strong></span> <span class='ocrx_word' id='word_1_82' title='bbox 1501 1293 1583 1338; x_wconf 80' lang='lat' dir='ltr'><strong>est</strong></span> <span class='ocrx_word' id='word_1_83' title='bbox 1622 1290 1893 1350; x_wconf 88' lang='lat' dir='ltr'><strong>acceptum</strong></span> <span class='ocrx_word' id='word_1_84' title='bbox 1921 1295 2006 1334; x_wconf 83' lang='lat' dir='ltr'><strong>sa-</strong></span> 
     </span>
    </p>
   </div>
   <div class='ocr_carea' id='block_1_12' title="bbox 424 1380 2008 1448">
    <p class='ocr_par' dir='ltr' id='par_1_12' title="bbox 424 1380 2008 1448">
     <span class='ocr_line' id='line_1_12' title="bbox 424 1380 2008 1448; baseline -0.008 -8"><span class='ocrx_word' id='word_1_85' title='bbox 424 1386 678 1440; x_wconf 83' lang='lat' dir='ltr'><strong>criﬁcium</strong></span> <span class='ocrx_word' id='word_1_86' title='bbox 713 1426 725 1448; x_wconf 90' lang='lat'><strong>,</strong></span> <span class='ocrx_word' id='word_1_87' title='bbox 758 1384 872 1437; x_wconf 72' lang='lat' dir='ltr'><strong>hrcc</strong></span> <span class='ocrx_word' id='word_1_88' title='bbox 907 1381 1104 1436; x_wconf 87' lang='lat' dir='ltr'><strong>oblatio</strong></span> <span class='ocrx_word' id='word_1_89' title='bbox 1145 1380 1299 1433; x_wconf 84' lang='lat' dir='ltr'><strong>valde</strong></span> <span class='ocrx_word' id='word_1_90' title='bbox 1328 1387 1474 1448; x_wconf 84' lang='lat' dir='ltr'><strong>grata</strong></span> <span class='ocrx_word' id='word_1_91' title='bbox 1506 1387 1625 1438; x_wconf 92' lang='lat' dir='ltr'><strong>est,</strong></span> <span class='ocrx_word' id='word_1_92' title='bbox 1672 1391 1775 1429; x_wconf 92' lang='lat' dir='ltr'><strong>non</strong></span> <span class='ocrx_word' id='word_1_93' title='bbox 1801 1389 1927 1428; x_wconf 90' lang='lat' dir='ltr'><strong>oves</strong></span> <span class='ocrx_word' id='word_1_94' title='bbox 1954 1382 2008 1428; x_wconf 92' lang='lat' dir='ltr'><strong>et</strong></span> 
     </span>
    </p>
   </div>
   <div class='ocr_carea' id='block_1_13' title="bbox 424 1467 2007 1542">
    <p class='ocr_par' dir='ltr' id='par_1_13' title="bbox 424 1467 2007 1542">
     <span class='ocr_line' id='line_1_13' title="bbox 424 1467 2007 1542; baseline -0.008 -11"><span class='ocrx_word' id='word_1_95' title='bbox 424 1477 617 1531; x_wconf 83' lang='lat' dir='ltr'><strong>vitulos</strong></span> <span class='ocrx_word' id='word_1_96' title='bbox 647 1476 950 1530; x_wconf 82' lang='lat' dir='ltr'><strong>sacriﬁcare</strong></span> <span class='ocrx_word' id='word_1_97' title='bbox 979 1516 992 1537; x_wconf 91' lang='lat'><strong>,</strong></span> <span class='ocrx_word' id='word_1_98' title='bbox 1016 1473 1108 1527; x_wconf 91' lang='lat' dir='ltr'><strong>sed</strong></span> <span class='ocrx_word' id='word_1_99' title='bbox 1147 1487 1264 1542; x_wconf 75' lang='lat' dir='ltr'><strong>quze</strong></span> <span class='ocrx_word' id='word_1_100' title='bbox 1293 1479 1414 1525; x_wconf 87' lang='lat' dir='ltr'><strong>sunt</strong></span> <span class='ocrx_word' id='word_1_101' title='bbox 1437 1470 1578 1540; x_wconf 87' lang='lat' dir='ltr'><strong>justa</strong></span> <span class='ocrx_word' id='word_1_102' title='bbox 1621 1467 1815 1522; x_wconf 85' lang='lat' dir='ltr'><strong>facere.</strong></span> <span class='ocrx_word' id='word_1_103' title='bbox 1845 1467 2007 1520; x_wconf 80' lang='lat' dir='ltr'><strong>Vides</strong></span> 
     </span>
    </p>
   </div>
   <div class='ocr_carea' id='block_1_14' title="bbox 423 1561 2006 1624">
    <p class='ocr_par' dir='ltr' id='par_1_14' title="bbox 423 1561 2006 1624">
     <span class='ocr_line' id='line_1_14' title="bbox 423 1561 2006 1624; baseline -0.007 0"><span class='ocrx_word' id='word_1_104' title='bbox 423 1573 545 1624; x_wconf 67' lang='lat' dir='ltr'><strong>vitae</strong></span> <span class='ocrx_word' id='word_1_105' title='bbox 582 1570 633 1623; x_wconf 91' lang='lat' dir='ltr'><strong>in</strong></span> <span class='ocrx_word' id='word_1_106' title='bbox 666 1569 908 1623; x_wconf 84' lang='lat' dir='ltr'><strong>Ecclesia</strong></span> <span class='ocrx_word' id='word_1_107' title='bbox 944 1564 1284 1620; x_wconf 70' lang='lat' dir='ltr'><strong>instituenda:</strong></span> <span class='ocrx_word' id='word_1_108' title='bbox 1333 1565 1590 1618; x_wconf 87' lang='lat' dir='ltr'><strong>rationem</strong></span> <span class='ocrx_word' id='word_1_109' title='bbox 1636 1561 1816 1616; x_wconf 89' lang='lat' dir='ltr'><strong>multis</strong></span> <span class='ocrx_word' id='word_1_110' title='bbox 1861 1569 2006 1616; x_wconf 88' lang='lat' dir='ltr'><strong>retro</strong></span> 
     </span>
    </p>
   </div>
   <div class='ocr_carea' id='block_1_15' title="bbox 423 1651 2008 1725">
    <p class='ocr_par' dir='ltr' id='par_1_15' title="bbox 423 1651 2008 1725">
     <span class='ocr_line' id='line_1_15' title="bbox 423 1651 2008 1725; baseline -0.007 -10"><span class='ocrx_word' id='word_1_111' title='bbox 423 1659 634 1714; x_wconf 67' lang='lat' dir='ltr'><strong>seculis</strong></span> <span class='ocrx_word' id='word_1_112' title='bbox 661 1659 824 1712; x_wconf 87' lang='lat' dir='ltr'><strong>fuisse</strong></span> <span class='ocrx_word' id='word_1_113' title='bbox 850 1669 972 1711; x_wconf 86' lang='lat' dir='ltr'><strong>ante</strong></span> <span class='ocrx_word' id='word_1_114' title='bbox 1009 1656 1328 1725; x_wconf 84' lang='lat' dir='ltr'><strong>descriptam</strong></span> <span class='ocrx_word' id='word_1_115' title='bbox 1352 1695 1368 1720; x_wconf 93' lang='lat'><strong>,</strong></span> <span class='ocrx_word' id='word_1_116' title='bbox 1400 1666 1454 1709; x_wconf 91' lang='lat' dir='ltr'><strong>et</strong></span> <span class='ocrx_word' id='word_1_117' title='bbox 1480 1668 1576 1724; x_wconf 91' lang='lat' dir='ltr'><strong>pro</strong></span> <span class='ocrx_word' id='word_1_118' title='bbox 1605 1654 1709 1707; x_wconf 88' lang='lat' dir='ltr'><strong>illis</strong></span> <span class='ocrx_word' id='word_1_119' title='bbox 1738 1651 2008 1708; x_wconf 76' lang='lat' dir='ltr'><strong>sensibili-</strong></span> 
     </span>
    </p>
   </div>
   <div class='ocr_carea' id='block_1_16' title="bbox 419 1741 2006 1818">
    <p class='ocr_par' dir='ltr' id='par_1_16' title="bbox 419 1741 2006 1818">
     <span class='ocr_line' id='line_1_16' title="bbox 419 1741 2006 1818; baseline -0.006 -14"><span class='ocrx_word' id='word_1_120' title='bbox 419 1750 520 1804; x_wconf 86' lang='lat' dir='ltr'><strong>bus</strong></span> <span class='ocrx_word' id='word_1_121' title='bbox 539 1764 600 1804; x_wconf 88' lang='lat' dir='ltr'><strong>ea</strong></span> <span class='ocrx_word' id='word_1_122' title='bbox 623 1748 804 1818; x_wconf 64' lang='lat' dir='ltr'><strong>quaeri,</strong></span> <span class='ocrx_word' id='word_1_123' title='bbox 836 1762 951 1816; x_wconf 61' lang='lat' dir='ltr'><strong>quae</strong></span> <span class='ocrx_word' id='word_1_124' title='bbox 967 1745 1163 1800; x_wconf 89' lang='lat' dir='ltr'><strong>cadunt</strong></span> <span class='ocrx_word' id='word_1_125' title='bbox 1178 1745 1277 1799; x_wconf 89' lang='lat' dir='ltr'><strong>sub</strong></span> <span class='ocrx_word' id='word_1_126' title='bbox 1295 1744 1716 1814; x_wconf 82' lang='lat' dir='ltr'><strong>intelligentiam.</strong></span> <span class='ocrx_word' id='word_1_127' title='bbox 1741 1741 2006 1797; x_wconf 82' lang='lat' dir='ltr'><strong>Justitiam</strong></span> 
     </span>
    </p>
   </div>
   <div class='ocr_carea' id='block_1_17' title="bbox 415 1834 2007 1906">
    <p class='ocr_par' dir='ltr' id='par_1_17' title="bbox 415 1834 2007 1906">
     <span class='ocr_line' id='line_1_17' title="bbox 415 1834 2007 1906; baseline -0.006 -11"><span class='ocrx_word' id='word_1_128' title='bbox 415 1850 594 1895; x_wconf 85' lang='lat' dir='ltr'><strong>autem</strong></span> <span class='ocrx_word' id='word_1_129' title='bbox 627 1840 708 1893; x_wconf 92' lang='lat' dir='ltr'><strong>hic</strong></span> <span class='ocrx_word' id='word_1_130' title='bbox 730 1881 745 1906; x_wconf 92' lang='lat'><strong>,</strong></span> <span class='ocrx_word' id='word_1_131' title='bbox 779 1839 1072 1892; x_wconf 67' lang='lat' dir='ltr'><strong>sicutoante</strong></span> <span class='ocrx_word' id='word_1_132' title='bbox 1099 1836 1208 1890; x_wconf 86' lang='lat' dir='ltr'><strong>dixi</strong></span> <span class='ocrx_word' id='word_1_133' title='bbox 1236 1879 1251 1901; x_wconf 92' lang='lat'><strong>,</strong></span> <span class='ocrx_word' id='word_1_134' title='bbox 1282 1852 1386 1890; x_wconf 89' lang='lat' dir='ltr'><strong>non</strong></span> <span class='ocrx_word' id='word_1_135' title='bbox 1418 1835 1745 1905; x_wconf 82' lang='lat' dir='ltr'><strong>singularem</strong></span> <span class='ocrx_word' id='word_1_136' title='bbox 1775 1834 2007 1902; x_wconf 84' lang='lat' dir='ltr'><strong>aliquam</strong></span> 
     </span>
    </p>
   </div>
   <div class='ocr_carea' id='block_1_18' title="bbox 414 1924 2008 1995">
    <p class='ocr_par' dir='ltr' id='par_1_18' title="bbox 414 1924 2008 1995">
     <span class='ocr_line' id='line_1_18' title="bbox 414 1924 2008 1995; baseline -0.006 -11"><span class='ocrx_word' id='word_1_137' title='bbox 414 1930 544 1985; x_wconf 87' lang='lat' dir='ltr'><strong>dicit</strong></span> <span class='ocrx_word' id='word_1_138' title='bbox 569 1931 817 1983; x_wconf 79' lang='lat' dir='ltr'><strong>virtutem</strong></span> <span class='ocrx_word' id='word_1_139' title='bbox 838 1969 853 1994; x_wconf 94' lang='lat'><strong>,</strong></span> <span class='ocrx_word' id='word_1_140' title='bbox 877 1927 986 1990; x_wconf 81' lang='lat' dir='ltr'><strong>sed</strong></span> <span class='ocrx_word' id='word_1_141' title='bbox 1001 1927 1340 1980; x_wconf 79' lang='lat' dir='ltr'><strong>universam:</strong></span> <span class='ocrx_word' id='word_1_142' title='bbox 1373 1924 1820 1995; x_wconf 75' lang='lat' dir='ltr'><strong>quemadmodum</strong></span> <span class='ocrx_word' id='word_1_143' title='bbox 1849 1924 2008 1977; x_wconf 90' lang='lat' dir='ltr'><strong>etiam</strong></span> 
     </span>
    </p>
   </div>
   <div class='ocr_carea' id='block_1_19' title="bbox 411 2014 2008 2089">
    <p class='ocr_par' dir='ltr' id='par_1_19' title="bbox 411 2014 2008 2089">
     <span class='ocr_line' id='line_1_19' title="bbox 411 2014 2008 2089; baseline -0.006 -14"><span class='ocrx_word' id='word_1_144' title='bbox 411 2021 588 2075; x_wconf 87' lang='lat' dir='ltr'><strong>virum</strong></span> <span class='ocrx_word' id='word_1_145' title='bbox 632 2019 836 2089; x_wconf 91' lang='lat' dir='ltr'><strong>justum</strong></span> <span class='ocrx_word' id='word_1_146' title='bbox 879 2031 1132 2070; x_wconf 89' lang='lat' dir='ltr'><strong>vocamus</strong></span> <span class='ocrx_word' id='word_1_147' title='bbox 1177 2017 1268 2085; x_wconf 86' lang='lat' dir='ltr'><strong>qui</strong></span> <span class='ocrx_word' id='word_1_148' title='bbox 1299 2031 1510 2069; x_wconf 89' lang='lat' dir='ltr'><strong>omnem</strong></span> <span class='ocrx_word' id='word_1_149' title='bbox 1558 2016 1608 2067; x_wconf 93' lang='lat' dir='ltr'><strong>in</strong></span> <span class='ocrx_word' id='word_1_150' title='bbox 1659 2030 1717 2070; x_wconf 90' lang='lat' dir='ltr'><strong>se</strong></span> <span class='ocrx_word' id='word_1_151' title='bbox 1761 2014 2008 2067; x_wconf 82' lang='lat' dir='ltr'><strong>virtutem</strong></span> 
     </span>
    </p>
   </div>
   <div class='ocr_carea' id='block_1_20' title="bbox 416 2105 2012 2176">
    <p class='ocr_par' dir='ltr' id='par_1_20' title="bbox 416 2105 2012 2176">
     <span class='ocr_line' id='line_1_20' title="bbox 416 2105 2012 2176; baseline -0.004 -13"><span class='ocrx_word' id='word_1_152' title='bbox 416 2110 682 2164; x_wconf 89' lang='lat' dir='ltr'><strong>continet.</strong></span> <span class='ocrx_word' id='word_1_153' title='bbox 719 2106 828 2162; x_wconf 77' lang='lat' dir='ltr'><strong>Hoc</strong></span> <span class='ocrx_word' id='word_1_154' title='bbox 849 2107 1172 2161; x_wconf 82' lang='lat' dir='ltr'><strong>sacrificium</strong></span> <span class='ocrx_word' id='word_1_155' title='bbox 1200 2122 1302 2160; x_wconf 91' lang='lat' dir='ltr'><strong>non</strong></span> <span class='ocrx_word' id='word_1_156' title='bbox 1327 2115 1449 2176; x_wconf 92' lang='lat' dir='ltr'><strong>egct</strong></span> <span class='ocrx_word' id='word_1_157' title='bbox 1481 2105 1700 2174; x_wconf 76' lang='lat' dir='ltr'><strong>pecunia</strong></span> <span class='ocrx_word' id='word_1_158' title='bbox 1721 2148 1736 2171; x_wconf 96' lang='lat'><strong>,</strong></span> <span class='ocrx_word' id='word_1_159' title='bbox 1766 2121 1870 2158; x_wconf 90' lang='lat' dir='ltr'><strong>non</strong></span> <span class='ocrx_word' id='word_1_160' title='bbox 1897 2105 2012 2175; x_wconf 90' lang='lat' dir='ltr'><strong>gla-</strong></span> 
     </span>
    </p>
   </div>
   <div class='ocr_carea' id='block_1_21' title="bbox 414 2198 2004 2270">
    <p class='ocr_par' dir='ltr' id='par_1_21' title="bbox 414 2198 2004 2270">
     <span class='ocr_line' id='line_1_21' title="bbox 414 2198 2004 2270; baseline -0.002 -13"><span class='ocrx_word' id='word_1_161' title='bbox 414 2201 528 2268; x_wconf 90' lang='lat' dir='ltr'><strong>dio,</strong></span> <span class='ocrx_word' id='word_1_162' title='bbox 559 2217 666 2256; x_wconf 91' lang='lat' dir='ltr'><strong>non</strong></span> <span class='ocrx_word' id='word_1_163' title='bbox 688 2201 864 2266; x_wconf 85' lang='lat' dir='ltr'><strong>altari,</strong></span> <span class='ocrx_word' id='word_1_164' title='bbox 887 2215 992 2268; x_wconf 87' lang='lat' dir='ltr'><strong>non</strong></span> <span class='ocrx_word' id='word_1_165' title='bbox 1023 2201 1176 2270; x_wconf 85' lang='lat' dir='ltr'><strong>igne:</strong></span> <span class='ocrx_word' id='word_1_166' title='bbox 1211 2215 1315 2253; x_wconf 89' lang='lat' dir='ltr'><strong>non</strong></span> <span class='ocrx_word' id='word_1_167' title='bbox 1344 2200 1628 2253; x_wconf 64' lang='lat' dir='ltr'><strong>resalvitur</strong></span> <span class='ocrx_word' id='word_1_168' title='bbox 1666 2199 1720 2254; x_wconf 93' lang='lat' dir='ltr'><strong>in</strong></span> <span class='ocrx_word' id='word_1_169' title='bbox 1761 2198 1964 2254; x_wconf 84' lang='lat' dir='ltr'><strong>fumum</strong></span> <span class='ocrx_word' id='word_1_170' title='bbox 1987 2240 2004 2264; x_wconf 88' lang='lat'><strong>,</strong></span> 
     </span>
    </p>
   </div>
   <div class='ocr_carea' id='block_1_22' title="bbox 415 2291 2006 2362">
    <p class='ocr_par' dir='ltr' id='par_1_22' title="bbox 415 2291 2006 2362">
     <span class='ocr_line' id='line_1_22' title="bbox 415 2291 2006 2362; baseline -0.002 -14"><span class='ocrx_word' id='word_1_171' title='bbox 415 2294 678 2357; x_wconf 86' lang='lat' dir='ltr'><strong>cinerem,</strong></span> <span class='ocrx_word' id='word_1_172' title='bbox 704 2302 758 2347; x_wconf 91' lang='lat' dir='ltr'><strong>et</strong></span> <span class='ocrx_word' id='word_1_173' title='bbox 787 2291 1028 2346; x_wconf 86' lang='lat' dir='ltr'><strong>nidorem</strong></span> <span class='ocrx_word' id='word_1_174' title='bbox 1053 2332 1067 2358; x_wconf 93' lang='lat'><strong>,</strong></span> <span class='ocrx_word' id='word_1_175' title='bbox 1098 2291 1190 2346; x_wconf 88' lang='lat' dir='ltr'><strong>sed</strong></span> <span class='ocrx_word' id='word_1_176' title='bbox 1221 2293 1403 2346; x_wconf 88' lang='lat' dir='ltr'><strong>animo</strong></span> <span class='ocrx_word' id='word_1_177' title='bbox 1431 2291 1546 2362; x_wconf 86' lang='lat' dir='ltr'><strong>ejus</strong></span> <span class='ocrx_word' id='word_1_178' title='bbox 1569 2291 1658 2361; x_wconf 90' lang='lat' dir='ltr'><strong>qui</strong></span> <span class='ocrx_word' id='word_1_179' title='bbox 1689 2291 1846 2346; x_wconf 77' lang='lat' dir='ltr'><strong>ofl’ert</strong></span> <span class='ocrx_word' id='word_1_180' title='bbox 1873 2305 2006 2346; x_wconf 88' lang='lat' dir='ltr'><strong>con-</strong></span> 
     </span>
    </p>
   </div>
   <div class='ocr_carea' id='block_1_23' title="bbox 419 2383 2011 2454">
    <p class='ocr_par' dir='ltr' id='par_1_23' title="bbox 419 2383 2011 2454">
     <span class='ocr_line' id='line_1_23' title="bbox 419 2383 2011 2454; baseline -0.001 -13"><span class='ocrx_word' id='word_1_181' title='bbox 419 2395 629 2441; x_wconf 84' lang='lat' dir='ltr'><strong>tentum</strong></span> <span class='ocrx_word' id='word_1_182' title='bbox 673 2394 774 2440; x_wconf 89' lang='lat' dir='ltr'><strong>est.</strong></span> <span class='ocrx_word' id='word_1_183' title='bbox 817 2385 882 2438; x_wconf 85' lang='lat' dir='ltr'><strong>Ei</strong></span> <span class='ocrx_word' id='word_1_184' title='bbox 931 2400 1029 2440; x_wconf 83' lang='lat' dir='ltr'><strong>nec</strong></span> <span class='ocrx_word' id='word_1_185' title='bbox 1057 2395 1140 2440; x_wconf 87' lang='lat' dir='ltr'><strong>est</strong></span> <span class='ocrx_word' id='word_1_186' title='bbox 1177 2393 1461 2454; x_wconf 89' lang='lat' dir='ltr'><strong>paupertas</strong></span> <span class='ocrx_word' id='word_1_187' title='bbox 1501 2383 1833 2439; x_wconf 87' lang='lat' dir='ltr'><strong>obstaculum</strong></span> <span class='ocrx_word' id='word_1_188' title='bbox 1868 2426 1883 2450; x_wconf 93' lang='lat'><strong>,</strong></span> <span class='ocrx_word' id='word_1_189' title='bbox 1912 2398 2011 2439; x_wconf 90' lang='lat' dir='ltr'><strong>nec</strong></span> 
     </span>
    </p>
   </div>
   <div class='ocr_carea' id='block_1_24' title="bbox 423 2474 2014 2542">
    <p class='ocr_par' dir='ltr' id='par_1_24' title="bbox 423 2474 2014 2542">
     <span class='ocr_line' id='line_1_24' title="bbox 423 2474 2014 2542; baseline -0.001 -14"><span class='ocrx_word' id='word_1_190' title='bbox 423 2474 743 2528; x_wconf 87' lang='lat' dir='ltr'><strong>mendicitas</strong></span> <span class='ocrx_word' id='word_1_191' title='bbox 769 2474 1228 2542; x_wconf 86' lang='lat' dir='ltr'><strong>impedimentum,</strong></span> <span class='ocrx_word' id='word_1_192' title='bbox 1261 2491 1364 2528; x_wconf 89' lang='lat' dir='ltr'><strong>non</strong></span> <span class='ocrx_word' id='word_1_193' title='bbox 1384 2474 1554 2539; x_wconf 88' lang='lat' dir='ltr'><strong>locus,</strong></span> <span class='ocrx_word' id='word_1_194' title='bbox 1586 2489 1685 2527; x_wconf 90' lang='lat' dir='ltr'><strong>nec</strong></span> <span class='ocrx_word' id='word_1_195' title='bbox 1706 2474 1848 2528; x_wconf 88' lang='lat' dir='ltr'><strong>aliud</strong></span> <span class='ocrx_word' id='word_1_196' title='bbox 1871 2474 2014 2542; x_wconf 85' lang='lat' dir='ltr'><strong>ejus-</strong></span> 
     </span>
    </p>
   </div>
   <div class='ocr_carea' id='block_1_25' title="bbox 426 2563 2014 2633">
    <p class='ocr_par' dir='ltr' id='par_1_25' title="bbox 426 2563 2014 2633">
     <span class='ocr_line' id='line_1_25' title="bbox 426 2563 2014 2633; baseline -0.002 -12"><span class='ocrx_word' id='word_1_197' title='bbox 426 2565 613 2629; x_wconf 85' lang='lat' dir='ltr'><strong>modi;</strong></span> <span class='ocrx_word' id='word_1_198' title='bbox 639 2564 734 2618; x_wconf 88' lang='lat' dir='ltr'><strong>sed</strong></span> <span class='ocrx_word' id='word_1_199' title='bbox 759 2563 1080 2633; x_wconf 88' lang='lat' dir='ltr'><strong>ubicumque</strong></span> <span class='ocrx_word' id='word_1_200' title='bbox 1100 2563 1296 2629; x_wconf 86' lang='lat' dir='ltr'><strong>fueris,</strong></span> <span class='ocrx_word' id='word_1_201' title='bbox 1324 2564 1377 2617; x_wconf 91' lang='lat' dir='ltr'><strong>id</strong></span> <span class='ocrx_word' id='word_1_202' title='bbox 1408 2563 1600 2617; x_wconf 88' lang='lat' dir='ltr'><strong>offerre</strong></span> <span class='ocrx_word' id='word_1_203' title='bbox 1626 2565 1823 2632; x_wconf 83' lang='lat' dir='ltr'><strong>poteris</strong></span> <span class='ocrx_word' id='word_1_204' title='bbox 1851 2607 1866 2630; x_wconf 94' lang='lat'><strong>,</strong></span> <span class='ocrx_word' id='word_1_205' title='bbox 1893 2579 2014 2618; x_wconf 88' lang='lat' dir='ltr'><strong>cum</strong></span> 
     </span>
    </p>
   </div>
   <div class='ocr_carea' id='block_1_26' title="bbox 428 2653 2014 2732">
    <p class='ocr_par' dir='ltr' id='par_1_26' title="bbox 428 2653 2014 2732">
     <span class='ocr_line' id='line_1_26' title="bbox 428 2653 2014 2732; baseline -0.002 -21"><span class='ocrx_word' id='word_1_206' title='bbox 428 2657 548 2727; x_wconf 86' lang='lat' dir='ltr'><strong>ipse</strong></span> <span class='ocrx_word' id='word_1_207' title='bbox 575 2656 649 2732; x_wconf 85' lang='lat' dir='ltr'><strong>sis</strong></span> <span class='ocrx_word' id='word_1_208' title='bbox 675 2663 729 2709; x_wconf 84' lang='lat' dir='ltr'><strong>et</strong></span> <span class='ocrx_word' id='word_1_209' title='bbox 753 2654 1010 2709; x_wconf 86' lang='lat' dir='ltr'><strong>sacerdos</strong></span> <span class='ocrx_word' id='word_1_210' title='bbox 1032 2695 1048 2720; x_wconf 94' lang='lat'><strong>,</strong></span> <span class='ocrx_word' id='word_1_211' title='bbox 1075 2663 1129 2708; x_wconf 89' lang='lat' dir='ltr'><strong>et</strong></span> <span class='ocrx_word' id='word_1_212' title='bbox 1157 2654 1326 2707; x_wconf 88' lang='lat' dir='ltr'><strong>altare</strong></span> <span class='ocrx_word' id='word_1_213' title='bbox 1348 2694 1362 2717; x_wconf 94' lang='lat'><strong>,</strong></span> <span class='ocrx_word' id='word_1_214' title='bbox 1393 2663 1446 2707; x_wconf 91' lang='lat' dir='ltr'><strong>et</strong></span> <span class='ocrx_word' id='word_1_215' title='bbox 1473 2653 1680 2722; x_wconf 84' lang='lat' dir='ltr'><strong>gladius</strong></span> <span class='ocrx_word' id='word_1_216' title='bbox 1705 2695 1720 2718; x_wconf 87' lang='lat'><strong>,</strong></span> <span class='ocrx_word' id='word_1_217' title='bbox 1745 2663 1798 2706; x_wconf 90' lang='lat' dir='ltr'><strong>et</strong></span> <span class='ocrx_word' id='word_1_218' title='bbox 1821 2654 2014 2708; x_wconf 89' lang='lat' dir='ltr'><strong>hostia.</strong></span> 
     </span>
    </p>
   </div>
   <div class='ocr_carea' id='block_1_27' title="bbox 426 2744 2021 2816">
    <p class='ocr_par' dir='ltr' id='par_1_27' title="bbox 426 2744 2021 2816">
     <span class='ocr_line' id='line_1_27' title="bbox 426 2744 2021 2816; baseline -0.004 -12"><span class='ocrx_word' id='word_1_219' title='bbox 426 2749 574 2804; x_wconf 87' lang='lat' dir='ltr'><strong>Talia</strong></span> <span class='ocrx_word' id='word_1_220' title='bbox 605 2749 747 2803; x_wconf 90' lang='lat' dir='ltr'><strong>enim</strong></span> <span class='ocrx_word' id='word_1_221' title='bbox 769 2755 896 2802; x_wconf 90' lang='lat' dir='ltr'><strong>sunt</strong></span> <span class='ocrx_word' id='word_1_222' title='bbox 918 2762 1035 2816; x_wconf 69' lang='lat' dir='ltr'><strong>quae</strong></span> <span class='ocrx_word' id='word_1_223' title='bbox 1055 2746 1119 2800; x_wconf 87' lang='lat' dir='ltr'><strong>ad</strong></span> <span class='ocrx_word' id='word_1_224' title='bbox 1142 2753 1374 2800; x_wconf 86' lang='lat' dir='ltr'><strong>mentem</strong></span> <span class='ocrx_word' id='word_1_225' title='bbox 1404 2745 1670 2814; x_wconf 81' lang='lat' dir='ltr'><strong>pertinent</strong></span> <span class='ocrx_word' id='word_1_226' title='bbox 1689 2752 1742 2798; x_wconf 90' lang='lat' dir='ltr'><strong>et</strong></span> <span class='ocrx_word' id='word_1_227' title='bbox 1766 2744 2021 2814; x_wconf 85' lang='lat' dir='ltr'><strong>spiritua-</strong></span> 
     </span>
    </p>
   </div>
   <div class='ocr_carea' id='block_1_28' title="bbox 421 2837 2018 2910">
    <p class='ocr_par' dir='ltr' id='par_1_28' title="bbox 421 2837 2018 2910">
     <span class='ocr_line' id='line_1_28' title="bbox 421 2837 2018 2910; baseline -0.003 -15"><span class='ocrx_word' id='word_1_228' title='bbox 421 2839 527 2906; x_wconf 87' lang='lat' dir='ltr'><strong>lia;</strong></span> <span class='ocrx_word' id='word_1_229' title='bbox 555 2840 841 2910; x_wconf 88' lang='lat' dir='ltr'><strong>plurimum</strong></span> <span class='ocrx_word' id='word_1_230' title='bbox 869 2838 1066 2893; x_wconf 88' lang='lat' dir='ltr'><strong>habent</strong></span> <span class='ocrx_word' id='word_1_231' title='bbox 1097 2837 1394 2903; x_wconf 77' lang='lat' dir='ltr'><strong>facilitatis,</strong></span> <span class='ocrx_word' id='word_1_232' title='bbox 1433 2846 1488 2891; x_wconf 88' lang='lat' dir='ltr'><strong>ut</strong></span> <span class='ocrx_word' id='word_1_233' title='bbox 1513 2852 1632 2906; x_wconf 78' lang='lat' dir='ltr'><strong>qu:e</strong></span> <span class='ocrx_word' id='word_1_234' title='bbox 1661 2837 1802 2891; x_wconf 90' lang='lat' dir='ltr'><strong>nulla</strong></span> <span class='ocrx_word' id='word_1_235' title='bbox 1835 2846 2018 2890; x_wconf 84' lang='lat' dir='ltr'><strong>exter-</strong></span> 
     </span>
    </p>
   </div>
   <div class='ocr_carea' id='block_1_29' title="bbox 419 2926 2014 3000">
    <p class='ocr_par' dir='ltr' id='par_1_29' title="bbox 419 2926 2014 3000">
     <span class='ocr_line' id='line_1_29' title="bbox 419 2926 2014 3000; baseline -0.003 -13"><span class='ocrx_word' id='word_1_236' title='bbox 419 2946 490 2987; x_wconf 87' lang='lat' dir='ltr'><strong>na</strong></span> <span class='ocrx_word' id='word_1_237' title='bbox 529 2932 842 3000; x_wconf 76' lang='lat' dir='ltr'><strong>operatione</strong></span> <span class='ocrx_word' id='word_1_238' title='bbox 888 2940 1097 3000; x_wconf 80' lang='lat' dir='ltr'><strong>egeant.</strong></span> <span class='ocrx_word' id='word_1_239' title='bbox 1136 2929 1207 2984; x_wconf 83' lang='lat' dir='ltr'><strong>Et</strong></span> <span class='ocrx_word' id='word_1_240' title='bbox 1249 2938 1448 3000; x_wconf 84' lang='lat' dir='ltr'><strong>sperate</strong></span> <span class='ocrx_word' id='word_1_241' title='bbox 1492 2931 1545 2982; x_wconf 83' lang='lat' dir='ltr'><strong>in</strong></span> <span class='ocrx_word' id='word_1_242' title='bbox 1589 2926 1831 2981; x_wconf 84' lang='lat' dir='ltr'><strong>Domino.</strong></span> <span class='ocrx_word' id='word_1_243' title='bbox 1863 2927 2014 2982; x_wconf 88' lang='lat' dir='ltr'><strong>Alius</strong></span> 
     </span>
    </p>
   </div>
   <div class='ocr_carea' id='block_1_30' title="bbox 419 3019 2012 3089">
    <p class='ocr_par' dir='ltr' id='par_1_30' title="bbox 419 3019 2012 3089">
     <span class='ocr_line' id='line_1_30' title="bbox 419 3019 2012 3089; baseline -0.002 -13"><span class='ocrx_word' id='word_1_244' title='bbox 419 3020 549 3077; x_wconf 88' lang='lat' dir='ltr'><strong>dicit</strong></span> <span class='ocrx_word' id='word_1_245' title='bbox 579 3039 594 3075; x_wconf 92' lang='lat'><strong>:</strong></span> <span class='ocrx_word' id='word_1_246' title='bbox 624 3019 692 3074; x_wconf 85' lang='lat' dir='ltr'><strong>Et</strong></span> <span class='ocrx_word' id='word_1_247' title='bbox 715 3021 958 3089; x_wconf 84' lang='lat' dir='ltr'><strong>conﬁdite</strong></span> <span class='ocrx_word' id='word_1_248' title='bbox 982 3019 1222 3074; x_wconf 85' lang='lat' dir='ltr'><strong>Domino.</strong></span> <span class='ocrx_word' id='word_1_249' title='bbox 1249 3019 1346 3087; x_wconf 89' lang='lat' dir='ltr'><strong>Qui</strong></span> <span class='ocrx_word' id='word_1_250' title='bbox 1375 3019 1518 3075; x_wconf 91' lang='lat' dir='ltr'><strong>enim</strong></span> <span class='ocrx_word' id='word_1_251' title='bbox 1553 3034 1646 3089; x_wconf 91' lang='lat' dir='ltr'><strong>per</strong></span> <span class='ocrx_word' id='word_1_252' title='bbox 1662 3019 1860 3089; x_wconf 85' lang='lat' dir='ltr'><strong>justam</strong></span> <span class='ocrx_word' id='word_1_253' title='bbox 1889 3019 2012 3073; x_wconf 56' lang='lat' dir='ltr'><strong>vitae</strong></span> 
     </span>
    </p>
   </div>
   <div class='ocr_carea' id='block_1_31' title="bbox 420 3110 2013 3182">
    <p class='ocr_par' dir='ltr' id='par_1_31' title="bbox 420 3110 2013 3182">
     <span class='ocr_line' id='line_1_31' title="bbox 420 3110 2013 3182; baseline -0.003 -14"><span class='ocrx_word' id='word_1_254' title='bbox 420 3114 810 3169; x_wconf 88' lang='lat' dir='ltr'><strong>institutionem</strong></span> <span class='ocrx_word' id='word_1_255' title='bbox 842 3113 1006 3167; x_wconf 89' lang='lat' dir='ltr'><strong>Deum</strong></span> <span class='ocrx_word' id='word_1_256' title='bbox 1035 3113 1132 3168; x_wconf 89' lang='lat' dir='ltr'><strong>sibi</strong></span> <span class='ocrx_word' id='word_1_257' title='bbox 1158 3112 1442 3182; x_wconf 80' lang='lat' dir='ltr'><strong>prapitium</strong></span> <span class='ocrx_word' id='word_1_258' title='bbox 1467 3123 1520 3166; x_wconf 90' lang='lat' dir='ltr'><strong>et</strong></span> <span class='ocrx_word' id='word_1_259' title='bbox 1545 3111 1862 3166; x_wconf 87' lang='lat' dir='ltr'><strong>clementem</strong></span> <span class='ocrx_word' id='word_1_260' title='bbox 1890 3110 2013 3165; x_wconf 83' lang='lat' dir='ltr'><strong>red-</strong></span> 
     </span>
    </p>
   </div>
   <div class='ocr_carea' id='block_1_32' title="bbox 359 3205 2010 3274">
    <p class='ocr_par' dir='ltr' id='par_1_32' title="bbox 359 3205 2010 3274">
     <span class='ocr_line' id='line_1_32' title="bbox 359 3205 2010 3274; baseline -0.001 -14"><span class='ocrx_word' id='word_1_261' title='bbox 359 3231 361 3233; x_wconf 59' lang='grc' dir='ltr'>ί</span> <span class='ocrx_word' id='word_1_262' title='bbox 423 3205 619 3260; x_wconf 89' lang='lat' dir='ltr'><strong>diderit</strong></span> <span class='ocrx_word' id='word_1_263' title='bbox 652 3247 667 3271; x_wconf 88' lang='lat'><strong>,</strong></span> <span class='ocrx_word' id='word_1_264' title='bbox 725 3207 1010 3259; x_wconf 83' lang='lat' dir='ltr'><strong>maximam</strong></span> <span class='ocrx_word' id='word_1_265' title='bbox 1067 3206 1226 3258; x_wconf 83' lang='lat' dir='ltr'><strong>habet</strong></span> <span class='ocrx_word' id='word_1_266' title='bbox 1272 3205 1674 3274; x_wconf 78' lang='lat' dir='ltr'><strong>opitulationem</strong></span> <span class='ocrx_word' id='word_1_267' title='bbox 1707 3247 1722 3271; x_wconf 95' lang='lat'><strong>,</strong></span> <span class='ocrx_word' id='word_1_268' title='bbox 1757 3206 2010 3260; x_wconf 81' lang='lat' dir='ltr'><strong>auxilium</strong></span> 
     </span>
    </p>
   </div>
   <div class='ocr_carea' id='block_1_33' title="bbox 424 3295 2012 3366">
    <p class='ocr_par' dir='ltr' id='par_1_33' title="bbox 424 3295 2012 3366">
     <span class='ocr_line' id='line_1_33' title="bbox 424 3295 2012 3366; baseline 0 -15"><span class='ocrx_word' id='word_1_269' title='bbox 424 3295 837 3366; x_wconf 81' lang='lat' dir='ltr'><strong>inexpugnabile</strong></span> <span class='ocrx_word' id='word_1_270' title='bbox 863 3337 877 3361; x_wconf 93' lang='lat'><strong>,</strong></span> <span class='ocrx_word' id='word_1_271' title='bbox 907 3307 960 3350; x_wconf 91' lang='lat' dir='ltr'><strong>et</strong></span> <span class='ocrx_word' id='word_1_272' title='bbox 988 3295 1273 3365; x_wconf 90' lang='lat' dir='ltr'><strong>plurimum</strong></span> <span class='ocrx_word' id='word_1_273' title='bbox 1305 3296 1445 3348; x_wconf 88' lang='lat' dir='ltr'><strong>illinc</strong></span> <span class='ocrx_word' id='word_1_274' title='bbox 1471 3295 1796 3364; x_wconf 65' lang='lat' dir='ltr'><strong>praesidium.</strong></span> <span class='ocrx_word' id='word_1_275' title='bbox 1825 3296 2012 3351; x_wconf 78' lang='lat' dir='ltr'><strong>Vidisti</strong></span> 
     </span>
    </p>
   </div>
   <div class='ocr_carea' id='block_1_34' title="bbox 423 3385 2012 3455">
    <p class='ocr_par' dir='ltr' id='par_1_34' title="bbox 423 3385 2012 3455">
     <span class='ocr_line' id='line_1_34' title="bbox 423 3385 2012 3455; baseline -0.001 -13"><span class='ocrx_word' id='word_1_276' title='bbox 423 3385 653 3442; x_wconf 81' lang='lat' dir='ltr'><strong>fructum</strong></span> <span class='ocrx_word' id='word_1_277' title='bbox 683 3387 946 3448; x_wconf 77' lang='lat' dir='ltr'><strong>snerilicii,</strong></span> <span class='ocrx_word' id='word_1_278' title='bbox 979 3387 1064 3455; x_wconf 90' lang='lat' dir='ltr'><strong>qui</strong></span> <span class='ocrx_word' id='word_1_279' title='bbox 1095 3398 1174 3441; x_wconf 75' lang='grc' dir='ltr'><strong>εει</strong></span> <span class='ocrx_word' id='word_1_280' title='bbox 1199 3387 1249 3439; x_wconf 93' lang='lat' dir='ltr'><strong>in</strong></span> <span class='ocrx_word' id='word_1_281' title='bbox 1275 3385 1472 3440; x_wconf 85' lang='lat' dir='ltr'><strong>foribus</strong></span> <span class='ocrx_word' id='word_1_282' title='bbox 1494 3386 1515 3438; x_wconf 67' lang='grc' dir='ltr'><strong>ζ)</strong></span> <span class='ocrx_word' id='word_1_283' title='bbox 1535 3386 1711 3439; x_wconf 65' lang='lat' dir='ltr'><strong>vidisti</strong></span> <span class='ocrx_word' id='word_1_284' title='bbox 1737 3386 2012 3440; x_wconf 89' lang='lat' dir='ltr'><strong>celerrime</strong></span> 
     </span>
    </p>
   </div>
   <div class='ocr_carea' id='block_1_35' title="bbox 423 3477 2010 3549">
    <p class='ocr_par' dir='ltr' id='par_1_35' title="bbox 423 3477 2010 3549">
     <span class='ocr_line' id='line_1_35' title="bbox 423 3477 2010 3549; baseline 0.001 -17"><span class='ocrx_word' id='word_1_285' title='bbox 423 3480 812 3549; x_wconf 84' lang='lat' dir='ltr'><strong>germinantem</strong></span> <span class='ocrx_word' id='word_1_286' title='bbox 855 3479 1112 3533; x_wconf 89' lang='lat' dir='ltr'><strong>bonorum</strong></span> <span class='ocrx_word' id='word_1_287' title='bbox 1152 3478 1460 3534; x_wconf 88' lang='lat' dir='ltr'><strong>thesaurum</strong></span> <span class='ocrx_word' id='word_1_288' title='bbox 1485 3477 1507 3530; x_wconf 88' lang='lat'><strong>?</strong></span> <span class='ocrx_word' id='word_1_289' title='bbox 1531 3479 1628 3546; x_wconf 85' lang='lat' dir='ltr'><strong>Qui</strong></span> <span class='ocrx_word' id='word_1_290' title='bbox 1668 3479 1810 3532; x_wconf 89' lang='lat' dir='ltr'><strong>enim</strong></span> <span class='ocrx_word' id='word_1_291' title='bbox 1845 3479 2010 3533; x_wconf 87' lang='lat' dir='ltr'><strong>Deum</strong></span> 
     </span>
    </p>
   </div>
   <div class='ocr_carea' id='block_1_36' title="bbox 423 3568 2012 3638">
    <p class='ocr_par' dir='ltr' id='par_1_36' title="bbox 423 3568 2012 3638">
     <span class='ocr_line' id='line_1_36' title="bbox 423 3568 2012 3638; baseline 0.002 -16"><span class='ocrx_word' id='word_1_292' title='bbox 423 3568 584 3624; x_wconf 85' lang='lat' dir='ltr'><strong>habet</strong></span> <span class='ocrx_word' id='word_1_293' title='bbox 623 3570 990 3624; x_wconf 85' lang='lat' dir='ltr'><strong>auxiliatorem</strong></span> <span class='ocrx_word' id='word_1_294' title='bbox 1017 3611 1030 3632; x_wconf 91' lang='lat'><strong>,</strong></span> <span class='ocrx_word' id='word_1_295' title='bbox 1062 3584 1346 3638; x_wconf 88' lang='lat' dir='ltr'><strong>quemnam</strong></span> <span class='ocrx_word' id='word_1_296' title='bbox 1382 3569 1587 3622; x_wconf 90' lang='lat' dir='ltr'><strong>timebit</strong></span> <span class='ocrx_word' id='word_1_297' title='bbox 1615 3569 1882 3638; x_wconf 89' lang='lat' dir='ltr'><strong>amplius?</strong></span> <span class='ocrx_word' id='word_1_298' title='bbox 1908 3569 2012 3625; x_wconf 62' lang='lat' dir='ltr'><strong>Nec</strong></span> 
     </span>
    </p>
   </div>
   <div class='ocr_carea' id='block_1_37' title="bbox 423 3659 2007 3729">
    <p class='ocr_par' dir='ltr' id='par_1_37' title="bbox 423 3659 2007 3729">
     <span class='ocr_line' id='line_1_37' title="bbox 423 3659 2007 3729; baseline -0.001 -14"><span class='ocrx_word' id='word_1_299' title='bbox 423 3662 643 3715; x_wconf 91' lang='lat' dir='ltr'><strong>minem.</strong></span> <span class='ocrx_word' id='word_1_300' title='bbox 684 3659 800 3714; x_wconf 84' lang='lat' dir='ltr'><strong>Jam</strong></span> <span class='ocrx_word' id='word_1_301' title='bbox 830 3677 956 3713; x_wconf 91' lang='lat' dir='ltr'><strong>vero</strong></span> <span class='ocrx_word' id='word_1_302' title='bbox 991 3659 1090 3714; x_wconf 87' lang='lat' dir='ltr'><strong>hoc</strong></span> <span class='ocrx_word' id='word_1_303' title='bbox 1119 3675 1328 3729; x_wconf 87' lang='lat' dir='ltr'><strong>quoque</strong></span> <span class='ocrx_word' id='word_1_304' title='bbox 1367 3671 1449 3714; x_wconf 91' lang='lat' dir='ltr'><strong>cst</strong></span> <span class='ocrx_word' id='word_1_305' title='bbox 1479 3675 1581 3713; x_wconf 91' lang='lat' dir='ltr'><strong>non</strong></span> <span class='ocrx_word' id='word_1_306' title='bbox 1610 3675 1766 3728; x_wconf 86' lang='lat' dir='ltr'><strong>parva</strong></span> <span class='ocrx_word' id='word_1_307' title='bbox 1795 3662 1964 3715; x_wconf 91' lang='lat' dir='ltr'><strong>virtus</strong></span> <span class='ocrx_word' id='word_1_308' title='bbox 1992 3703 2007 3728; x_wconf 93' lang='lat'><strong>,</strong></span> 
     </span>
    </p>
   </div>
   <div class='ocr_carea' id='block_1_38' title="bbox 424 3751 2007 3822">
    <p class='ocr_par' dir='ltr' id='par_1_38' title="bbox 424 3751 2007 3822">
     <span class='ocr_line' id='line_1_38' title="bbox 424 3751 2007 3822; baseline -0.001 -14"><span class='ocrx_word' id='word_1_309' title='bbox 424 3753 542 3822; x_wconf 90' lang='lat' dir='ltr'><strong>ipso</strong></span> <span class='ocrx_word' id='word_1_310' title='bbox 585 3752 774 3806; x_wconf 87' lang='lat' dir='ltr'><strong>fretum</strong></span> <span class='ocrx_word' id='word_1_311' title='bbox 807 3752 947 3806; x_wconf 90' lang='lat' dir='ltr'><strong>bono</strong></span> <span class='ocrx_word' id='word_1_312' title='bbox 976 3754 1157 3807; x_wconf 86' lang='lat' dir='ltr'><strong>animo</strong></span> <span class='ocrx_word' id='word_1_313' title='bbox 1185 3766 1304 3805; x_wconf 73' lang='lat' dir='ltr'><strong>esse</strong></span> <span class='ocrx_word' id='word_1_314' title='bbox 1330 3793 1344 3817; x_wconf 93' lang='lat'><strong>,</strong></span> <span class='ocrx_word' id='word_1_315' title='bbox 1390 3759 1445 3806; x_wconf 91' lang='lat' dir='ltr'><strong>et</strong></span> <span class='ocrx_word' id='word_1_316' title='bbox 1485 3753 1536 3805; x_wconf 92' lang='lat' dir='ltr'><strong>in</strong></span> <span class='ocrx_word' id='word_1_317' title='bbox 1567 3751 1681 3820; x_wconf 87' lang='lat' dir='ltr'><strong>ipso</strong></span> <span class='ocrx_word' id='word_1_318' title='bbox 1715 3751 2007 3808; x_wconf 78' lang='lat' dir='ltr'><strong>confidere.</strong></span> 
     </span>
    </p>
   </div>
   <div class='ocr_carea' id='block_1_39' title="bbox 423 3840 2007 3914">
    <p class='ocr_par' dir='ltr' id='par_1_39' title="bbox 423 3840 2007 3914">
     <span class='ocr_line' id='line_1_39' title="bbox 423 3840 2007 3914; baseline -0.001 -15"><span class='ocrx_word' id='word_1_319' title='bbox 423 3840 534 3899; x_wconf 80' lang='lat' dir='ltr'><strong>Sed</strong></span> <span class='ocrx_word' id='word_1_320' title='bbox 561 3859 680 3897; x_wconf 90' lang='lat' dir='ltr'><strong>cum</strong></span> <span class='ocrx_word' id='word_1_321' title='bbox 702 3843 898 3912; x_wconf 89' lang='lat' dir='ltr'><strong>justitia</strong></span> <span class='ocrx_word' id='word_1_322' title='bbox 921 3859 949 3897; x_wconf 89' lang='lat' dir='ltr'><strong>a</strong></span> <span class='ocrx_word' id='word_1_323' title='bbox 980 3844 1135 3897; x_wconf 89' lang='lat' dir='ltr'><strong>nobis</strong></span> <span class='ocrx_word' id='word_1_324' title='bbox 1160 3842 1297 3897; x_wconf 89' lang='lat' dir='ltr'><strong>hanc</strong></span> <span class='ocrx_word' id='word_1_325' title='bbox 1319 3858 1529 3913; x_wconf 90' lang='lat' dir='ltr'><strong>quoque</strong></span> <span class='ocrx_word' id='word_1_326' title='bbox 1549 3842 1795 3898; x_wconf 73' lang='lat' dir='ltr'><strong>virtutem</strong></span> <span class='ocrx_word' id='word_1_327' title='bbox 1823 3843 2007 3914; x_wconf 82' lang='lat' dir='ltr'><strong>exigit,</strong></span> 
     </span>
    </p>
   </div>
   <div class='ocr_carea' id='block_1_40' title="bbox 427 3937 2012 4004">
    <p class='ocr_par' dir='ltr' id='par_1_40' title="bbox 427 3937 2012 4004">
     <span class='ocr_line' id='line_1_40' title="bbox 427 3937 2012 4004; baseline 0.001 -14"><span class='ocrx_word' id='word_1_328' title='bbox 427 3946 487 3990; x_wconf 87' lang='lat' dir='ltr'><strong>ut</strong></span> <span class='ocrx_word' id='word_1_329' title='bbox 515 3937 566 3989; x_wconf 91' lang='lat' dir='ltr'><strong>in</strong></span> <span class='ocrx_word' id='word_1_330' title='bbox 597 3951 661 3990; x_wconf 89' lang='lat' dir='ltr'><strong>eo</strong></span> <span class='ocrx_word' id='word_1_331' title='bbox 687 3937 1041 4000; x_wconf 84' lang='lat' dir='ltr'><strong>confidamus,</strong></span> <span class='ocrx_word' id='word_1_332' title='bbox 1073 3944 1131 3989; x_wconf 93' lang='lat' dir='ltr'><strong>ut</strong></span> <span class='ocrx_word' id='word_1_333' title='bbox 1157 3937 1208 3989; x_wconf 90' lang='lat' dir='ltr'><strong>in</strong></span> <span class='ocrx_word' id='word_1_334' title='bbox 1237 3951 1303 3989; x_wconf 90' lang='lat' dir='ltr'><strong>eo</strong></span> <span class='ocrx_word' id='word_1_335' title='bbox 1321 3951 1596 4004; x_wconf 87' lang='lat' dir='ltr'><strong>speremus</strong></span> <span class='ocrx_word' id='word_1_336' title='bbox 1621 3979 1635 4004; x_wconf 87' lang='lat'><strong>,</strong></span> <span class='ocrx_word' id='word_1_337' title='bbox 1668 3948 1724 3990; x_wconf 90' lang='lat' dir='ltr'><strong>ut</strong></span> <span class='ocrx_word' id='word_1_338' title='bbox 1755 3937 1884 3991; x_wconf 91' lang='lat' dir='ltr'><strong>nulli</strong></span> <span class='ocrx_word' id='word_1_339' title='bbox 1913 3939 2012 3992; x_wconf 87' lang='lat' dir='ltr'><strong>hu-</strong></span> 
     </span>
    </p>
   </div>
   <div class='ocr_carea' id='block_1_41' title="bbox 427 4025 2008 4097">
    <p class='ocr_par' dir='ltr' id='par_1_41' title="bbox 427 4025 2008 4097">
     <span class='ocr_line' id='line_1_41' title="bbox 427 4025 2008 4097; baseline -0.001 -14"><span class='ocrx_word' id='word_1_340' title='bbox 427 4043 598 4083; x_wconf 72' lang='lat' dir='ltr'><strong>manre</strong></span> <span class='ocrx_word' id='word_1_341' title='bbox 625 4029 702 4082; x_wconf 89' lang='lat' dir='ltr'><strong>rei</strong></span> <span class='ocrx_word' id='word_1_342' title='bbox 735 4027 992 4093; x_wconf 87' lang='lat' dir='ltr'><strong>fidamus,</strong></span> <span class='ocrx_word' id='word_1_343' title='bbox 1023 4025 1116 4080; x_wconf 90' lang='lat' dir='ltr'><strong>sed</strong></span> <span class='ocrx_word' id='word_1_344' title='bbox 1145 4041 1242 4080; x_wconf 86' lang='lat' dir='ltr'><strong>nos</strong></span> <span class='ocrx_word' id='word_1_345' title='bbox 1265 4025 1332 4079; x_wconf 89' lang='lat' dir='ltr'><strong>ab</strong></span> <span class='ocrx_word' id='word_1_346' title='bbox 1355 4027 1602 4080; x_wconf 88' lang='lat' dir='ltr'><strong>omnibus</strong></span> <span class='ocrx_word' id='word_1_347' title='bbox 1622 4027 1961 4097; x_wconf 88' lang='lat' dir='ltr'><strong>sejungcutes</strong></span> <span class='ocrx_word' id='word_1_348' title='bbox 1991 4069 2008 4096; x_wconf 95' lang='lat'><strong>,</strong></span> 
     </span>
    </p>
   </div>
   <div class='ocr_carea' id='block_1_42' title="bbox 425 4119 2013 4192">
    <p class='ocr_par' dir='ltr' id='par_1_42' title="bbox 425 4119 2013 4192">
     <span class='ocr_line' id='line_1_42' title="bbox 425 4119 2013 4192; baseline -0.001 -16"><span class='ocrx_word' id='word_1_349' title='bbox 425 4121 802 4192; x_wconf 81' lang='lat' dir='ltr'><strong>cogitationem</strong></span> <span class='ocrx_word' id='word_1_350' title='bbox 829 4134 1044 4175; x_wconf 89' lang='lat' dir='ltr'><strong>omnem</strong></span> <span class='ocrx_word' id='word_1_351' title='bbox 1078 4119 1184 4174; x_wconf 90' lang='lat' dir='ltr'><strong>illic</strong></span> <span class='ocrx_word' id='word_1_352' title='bbox 1227 4119 1540 4188; x_wconf 83' lang='lat' dir='ltr'><strong>deligamus.</strong></span> <span class='ocrx_word' id='word_1_353' title='bbox 1576 4119 1682 4173; x_wconf 78' lang='lat' dir='ltr'><strong>Res</strong></span> <span class='ocrx_word' id='word_1_354' title='bbox 1711 4121 1854 4174; x_wconf 89' lang='lat' dir='ltr'><strong>enim</strong></span> <span class='ocrx_word' id='word_1_355' title='bbox 1889 4120 2013 4174; x_wconf 74' lang='lat' dir='ltr'><strong>vita:</strong></span> 
     </span>
    </p>
   </div>
   <div class='ocr_carea' id='block_1_43' title="bbox 426 4211 2014 4283">
    <p class='ocr_par' dir='ltr' id='par_1_43' title="bbox 426 4211 2014 4283">
     <span class='ocr_line' id='line_1_43' title="bbox 426 4211 2014 4283; baseline 0 -16"><span class='ocrx_word' id='word_1_356' title='bbox 426 4215 707 4283; x_wconf 70' lang='lat' dir='ltr'><strong>praesentis</strong></span> <span class='ocrx_word' id='word_1_357' title='bbox 740 4221 864 4266; x_wconf 90' lang='lat' dir='ltr'><strong>sunt</strong></span> <span class='ocrx_word' id='word_1_358' title='bbox 892 4212 1096 4268; x_wconf 90' lang='lat' dir='ltr'><strong>umbris</strong></span> <span class='ocrx_word' id='word_1_359' title='bbox 1139 4221 1194 4266; x_wconf 90' lang='lat' dir='ltr'><strong>et</strong></span> <span class='ocrx_word' id='word_1_360' title='bbox 1243 4212 1468 4266; x_wconf 88' lang='lat' dir='ltr'><strong>somniis</strong></span> <span class='ocrx_word' id='word_1_361' title='bbox 1492 4211 1692 4266; x_wconf 89' lang='lat' dir='ltr'><strong>similes</strong></span> <span class='ocrx_word' id='word_1_362' title='bbox 1721 4254 1736 4278; x_wconf 97' lang='lat'><strong>,</strong></span> <span class='ocrx_word' id='word_1_363' title='bbox 1764 4221 1924 4282; x_wconf 89' lang='lat' dir='ltr'><strong>atque</strong></span> <span class='ocrx_word' id='word_1_364' title='bbox 1949 4212 2014 4268; x_wconf 90' lang='lat' dir='ltr'><strong>iis</strong></span> 
     </span>
    </p>
   </div>
   <div class='ocr_carea' id='block_1_44' title="bbox 423 4304 2012 4375">
    <p class='ocr_par' dir='ltr' id='par_1_44' title="bbox 423 4304 2012 4375">
     <span class='ocr_line' id='line_1_44' title="bbox 423 4304 2012 4375; baseline -0.003 -12"><span class='ocrx_word' id='word_1_365' title='bbox 423 4308 583 4364; x_wconf 88' lang='lat' dir='ltr'><strong>etiam</strong></span> <span class='ocrx_word' id='word_1_366' title='bbox 602 4305 995 4370; x_wconf 75' lang='lat' dir='ltr'><strong>imbecilliores,</strong></span> <span class='ocrx_word' id='word_1_367' title='bbox 1018 4314 1075 4360; x_wconf 92' lang='lat' dir='ltr'><strong>ut</strong></span> <span class='ocrx_word' id='word_1_368' title='bbox 1089 4320 1208 4375; x_wconf 83' lang='lat' dir='ltr'><strong>quae</strong></span> <span class='ocrx_word' id='word_1_369' title='bbox 1227 4304 1384 4359; x_wconf 89' lang='lat' dir='ltr'><strong>simul</strong></span> <span class='ocrx_word' id='word_1_370' title='bbox 1401 4313 1689 4374; x_wconf 89' lang='lat' dir='ltr'><strong>appareant</strong></span> <span class='ocrx_word' id='word_1_371' title='bbox 1709 4314 1762 4358; x_wconf 89' lang='lat' dir='ltr'><strong>et</strong></span> <span class='ocrx_word' id='word_1_372' title='bbox 1781 4304 2012 4372; x_wconf 88' lang='lat' dir='ltr'><strong>avolent;</strong></span> 
     </span>
    </p>
   </div>
   <div class='ocr_carea' id='block_1_45' title="bbox 426 4395 2047 4466">
    <p class='ocr_par' dir='ltr' id='par_1_45' title="bbox 426 4395 2047 4466">
     <span class='ocr_line' id='line_1_45' title="bbox 426 4395 2047 4466; baseline 0 -15"><span class='ocrx_word' id='word_1_373' title='bbox 426 4406 480 4451; x_wconf 90' lang='lat' dir='ltr'><strong>et</strong></span> <span class='ocrx_word' id='word_1_374' title='bbox 509 4397 709 4450; x_wconf 77' lang='lat' dir='ltr'><strong>interea</strong></span> <span class='ocrx_word' id='word_1_375' title='bbox 736 4395 861 4449; x_wconf 89' lang='lat' dir='ltr'><strong>dum</strong></span> <span class='ocrx_word' id='word_1_376' title='bbox 893 4395 1088 4450; x_wconf 91' lang='lat' dir='ltr'><strong>adsunt</strong></span> <span class='ocrx_word' id='word_1_377' title='bbox 1117 4437 1133 4462; x_wconf 94' lang='lat'><strong>,</strong></span> <span class='ocrx_word' id='word_1_378' title='bbox 1161 4397 1225 4450; x_wconf 92' lang='lat' dir='ltr'><strong>iis</strong></span> <span class='ocrx_word' id='word_1_379' title='bbox 1263 4396 1350 4466; x_wconf 91' lang='lat' dir='ltr'><strong>qui</strong></span> <span class='ocrx_word' id='word_1_380' title='bbox 1387 4396 1502 4450; x_wconf 90' lang='lat' dir='ltr'><strong>illas</strong></span> <span class='ocrx_word' id='word_1_381' title='bbox 1547 4395 1742 4450; x_wconf 89' lang='lat' dir='ltr'><strong>habent</strong></span> <span class='ocrx_word' id='word_1_382' title='bbox 1790 4395 2014 4451; x_wconf 90' lang='lat' dir='ltr'><strong>multum</strong></span> <span class='ocrx_word' id='word_1_383' title='bbox 2043 4463 2047 4466; x_wconf 27' lang='grc' dir='ltr'><strong><em>ι</em></strong></span> 
     </span>
    </p>
   </div>
   <div class='ocr_carea' id='block_1_46' title="bbox 426 4487 2014 4558">
    <p class='ocr_par' dir='ltr' id='par_1_46' title="bbox 426 4487 2014 4558">
     <span class='ocr_line' id='line_1_46' title="bbox 426 4487 2014 4558; baseline 0 -16"><span class='ocrx_word' id='word_1_384' title='bbox 426 4488 598 4542; x_wconf 86' lang='lat' dir='ltr'><strong>turbae</strong></span> <span class='ocrx_word' id='word_1_385' title='bbox 625 4503 687 4542; x_wconf 90' lang='lat' dir='ltr'><strong>ac</strong></span> <span class='ocrx_word' id='word_1_386' title='bbox 709 4488 966 4542; x_wconf 68' lang='lat' dir='ltr'><strong>molestize</strong></span> <span class='ocrx_word' id='word_1_387' title='bbox 989 4487 1246 4553; x_wconf 89' lang='lat' dir='ltr'><strong>afferant;</strong></span> <span class='ocrx_word' id='word_1_388' title='bbox 1288 4503 1412 4558; x_wconf 89' lang='lat' dir='ltr'><strong>spes</strong></span> <span class='ocrx_word' id='word_1_389' title='bbox 1445 4498 1621 4543; x_wconf 88' lang='lat' dir='ltr'><strong>autem</strong></span> <span class='ocrx_word' id='word_1_390' title='bbox 1654 4488 1706 4542; x_wconf 93' lang='lat' dir='ltr'><strong>in</strong></span> <span class='ocrx_word' id='word_1_391' title='bbox 1736 4488 1901 4542; x_wconf 90' lang='lat' dir='ltr'><strong>Deum</strong></span> <span class='ocrx_word' id='word_1_392' title='bbox 1932 4495 2014 4542; x_wconf 88' lang='lat' dir='ltr'><strong>est</strong></span> 
     </span>
    </p>
   </div>
   <div class='ocr_carea' id='block_1_47' title="bbox 425 4579 2012 4646">
    <p class='ocr_par' dir='ltr' id='par_1_47' title="bbox 425 4579 2012 4646">
     <span class='ocr_line' id='line_1_47' title="bbox 425 4579 2012 4646; baseline 0.002 -13"><span class='ocrx_word' id='word_1_393' title='bbox 425 4579 768 4642; x_wconf 85' lang='lat' dir='ltr'><strong>immortalis,</strong></span> <span class='ocrx_word' id='word_1_394' title='bbox 789 4580 1151 4646; x_wconf 88' lang='lat' dir='ltr'><strong>immutabilis,</strong></span> <span class='ocrx_word' id='word_1_395' title='bbox 1181 4580 1488 4646; x_wconf 90' lang='lat' dir='ltr'><strong>immobilis,</strong></span> <span class='ocrx_word' id='word_1_396' title='bbox 1511 4581 1644 4635; x_wconf 92' lang='lat' dir='ltr'><strong>nulli</strong></span> <span class='ocrx_word' id='word_1_397' title='bbox 1664 4581 2012 4636; x_wconf 86' lang='lat' dir='ltr'><strong>vicissitudini</strong></span> 
     </span>
    </p>
   </div>
   <div class='ocr_carea' id='block_1_48' title="bbox 425 4672 2014 4744">
    <p class='ocr_par' dir='ltr' id='par_1_48' title="bbox 425 4672 2014 4744">
     <span class='ocr_line' id='line_1_48' title="bbox 425 4672 2014 4744; baseline 0.003 -18"><span class='ocrx_word' id='word_1_398' title='bbox 425 4672 682 4736; x_wconf 83' lang='lat' dir='ltr'><strong>obnoxia,</strong></span> <span class='ocrx_word' id='word_1_399' title='bbox 714 4688 832 4743; x_wconf 77' lang='lat' dir='ltr'><strong>qua:</strong></span> <span class='ocrx_word' id='word_1_400' title='bbox 850 4673 992 4726; x_wconf 90' lang='lat' dir='ltr'><strong>omni</strong></span> <span class='ocrx_word' id='word_1_401' title='bbox 1015 4689 1079 4728; x_wconf 89' lang='lat' dir='ltr'><strong>ex</strong></span> <span class='ocrx_word' id='word_1_402' title='bbox 1109 4682 1256 4743; x_wconf 90' lang='lat' dir='ltr'><strong>parte</strong></span> <span class='ocrx_word' id='word_1_403' title='bbox 1285 4682 1454 4728; x_wconf 88' lang='lat' dir='ltr'><strong>tutum</strong></span> <span class='ocrx_word' id='word_1_404' title='bbox 1481 4674 1654 4728; x_wconf 86' lang='lat' dir='ltr'><strong>reddit</strong></span> <span class='ocrx_word' id='word_1_405' title='bbox 1679 4718 1692 4742; x_wconf 91' lang='lat'><strong>,</strong></span> <span class='ocrx_word' id='word_1_406' title='bbox 1717 4685 1771 4729; x_wconf 90' lang='lat' dir='ltr'><strong>et</strong></span> <span class='ocrx_word' id='word_1_407' title='bbox 1793 4677 2014 4744; x_wconf 89' lang='lat' dir='ltr'><strong>inexpu-</strong></span> 
     </span>
    </p>
   </div>
   <div class='ocr_carea' id='block_1_49' title="bbox 425 4763 2013 4845">
    <p class='ocr_par' dir='ltr' id='par_1_49' title="bbox 425 4763 2013 4845">
     <span class='ocr_line' id='line_1_49' title="bbox 425 4763 2013 4845; baseline 0.006 -30"><span class='ocrx_word' id='word_1_408' title='bbox 425 4763 692 4835; x_wconf 85' lang='lat' dir='ltr'><strong>gnabilem</strong></span> <span class='ocrx_word' id='word_1_409' title='bbox 721 4778 842 4818; x_wconf 93' lang='lat' dir='ltr'><strong>eum</strong></span> <span class='ocrx_word' id='word_1_410' title='bbox 874 4763 1051 4828; x_wconf 84' lang='lat' dir='ltr'><strong>efficit,</strong></span> <span class='ocrx_word' id='word_1_411' title='bbox 1077 4766 1168 4845; x_wconf 73' lang='lat' dir='ltr'><strong>qui</strong></span> <span class='ocrx_word' id='word_1_412' title='bbox 1192 4780 1275 4829; x_wconf 91' lang='lat' dir='ltr'><strong>ea,</strong></span> <span class='ocrx_word' id='word_1_413' title='bbox 1302 4780 1402 4834; x_wconf 89' lang='lat' dir='ltr'><strong>qua</strong></span> <span class='ocrx_word' id='word_1_414' title='bbox 1435 4781 1530 4835; x_wconf 90' lang='lat' dir='ltr'><strong>par</strong></span> <span class='ocrx_word' id='word_1_415' title='bbox 1549 4773 1669 4830; x_wconf 87' lang='lat' dir='ltr'><strong>est,</strong></span> <span class='ocrx_word' id='word_1_416' title='bbox 1702 4783 1828 4821; x_wconf 89' lang='lat' dir='ltr'><strong>cura</strong></span> <span class='ocrx_word' id='word_1_417' title='bbox 1856 4779 1907 4822; x_wconf 92' lang='lat' dir='ltr'><strong>et</strong></span> <span class='ocrx_word' id='word_1_418' title='bbox 1933 4770 2013 4824; x_wconf 87' lang='lat' dir='ltr'><strong>af-</strong></span> 
     </span>
    </p>
   </div>
   <div class='ocr_carea' id='block_1_50' title="bbox 427 4855 2010 4924">
    <p class='ocr_par' dir='ltr' id='par_1_50' title="bbox 427 4855 2010 4924">
     <span class='ocr_line' id='line_1_50' title="bbox 427 4855 2010 4924; baseline 0.003 -14"><span class='ocrx_word' id='word_1_419' title='bbox 427 4857 658 4910; x_wconf 88' lang='lat' dir='ltr'><strong>fectione</strong></span> <span class='ocrx_word' id='word_1_420' title='bbox 698 4857 881 4909; x_wconf 88' lang='lat' dir='ltr'><strong>utitur.</strong></span> <span class='ocrx_word' id='word_1_421' title='bbox 915 4855 967 4910; x_wconf 88' lang='lat'><strong>7.</strong></span> <span class='ocrx_word' id='word_1_422' title='bbox 1002 4855 1158 4910; x_wconf 80' lang='lat' dir='ltr'><strong>Multi</strong></span> <span class='ocrx_word' id='word_1_423' title='bbox 1194 4856 1366 4910; x_wconf 84' lang='lat' dir='ltr'><strong>dicunt</strong></span> <span class='ocrx_word' id='word_1_424' title='bbox 1396 4897 1410 4921; x_wconf 94' lang='lat'><strong>,</strong></span> <span class='ocrx_word' id='word_1_425' title='bbox 1463 4858 1587 4924; x_wconf 85' lang='lat' dir='ltr'><strong>Quis</strong></span> <span class='ocrx_word' id='word_1_426' title='bbox 1612 4860 1837 4912; x_wconf 83' lang='lat' dir='ltr'><strong>ostendet</strong></span> <span class='ocrx_word' id='word_1_427' title='bbox 1869 4862 2010 4917; x_wconf 87' lang='lat' dir='ltr'><strong>nobis</strong></span> 
     </span>
    </p>
   </div>
   <div class='ocr_carea' id='block_1_51' title="bbox 423 4947 2008 5019">
    <p class='ocr_par' dir='ltr' id='par_1_51' title="bbox 423 4947 2008 5019">
     <span class='ocr_line' id='line_1_51' title="bbox 423 4947 2008 5019; baseline 0.003 -18"><span class='ocrx_word' id='word_1_428' title='bbox 423 4948 556 5001; x_wconf 86' lang='lat' dir='ltr'><strong>bona</strong></span> <span class='ocrx_word' id='word_1_429' title='bbox 578 4947 972 5018; x_wconf 82' lang='lat' dir='ltr'><strong>?Signatumest</strong></span> <span class='ocrx_word' id='word_1_430' title='bbox 989 4964 1140 5019; x_wconf 84' lang='lat' dir='ltr'><strong>super</strong></span> <span class='ocrx_word' id='word_1_431' title='bbox 1163 4965 1252 5002; x_wconf 86' lang='lat' dir='ltr'><strong>nos</strong></span> <span class='ocrx_word' id='word_1_432' title='bbox 1279 4949 1445 5002; x_wconf 80' lang='lat' dir='ltr'><strong>lumen</strong></span> <span class='ocrx_word' id='word_1_433' title='bbox 1469 4949 1631 5002; x_wconf 79' lang='lat' dir='ltr'><strong>vultus</strong></span> <span class='ocrx_word' id='word_1_434' title='bbox 1659 4951 1749 5013; x_wconf 85' lang='lat' dir='ltr'><strong>tui,</strong></span> <span class='ocrx_word' id='word_1_435' title='bbox 1777 4949 2008 5006; x_wconf 84' lang='lat' dir='ltr'><strong>Domine.</strong></span> 
     </span>
    </p>
   </div>
   <div class='ocr_carea' id='block_1_52' title="bbox 426 5039 2014 5109">
    <p class='ocr_par' dir='ltr' id='par_1_52' title="bbox 426 5039 2014 5109">
     <span class='ocr_line' id='line_1_52' title="bbox 426 5039 2014 5109; baseline 0.001 -15"><span class='ocrx_word' id='word_1_436' title='bbox 426 5039 716 5109; x_wconf 80' lang='lat' dir='ltr'><strong>Postquam</strong></span> <span class='ocrx_word' id='word_1_437' title='bbox 747 5040 814 5094; x_wconf 92' lang='lat' dir='ltr'><strong>de</strong></span> <span class='ocrx_word' id='word_1_438' title='bbox 854 5041 1092 5095; x_wconf 83' lang='lat' dir='ltr'><strong>moribus</strong></span> <span class='ocrx_word' id='word_1_439' title='bbox 1117 5039 1334 5108; x_wconf 84' lang='lat' dir='ltr'><strong>perfecit</strong></span> <span class='ocrx_word' id='word_1_440' title='bbox 1361 5039 1816 5105; x_wconf 88' lang='lat' dir='ltr'><strong>admonitionem,</strong></span> <span class='ocrx_word' id='word_1_441' title='bbox 1866 5051 1918 5094; x_wconf 90' lang='lat' dir='ltr'><strong>et</strong></span> <span class='ocrx_word' id='word_1_442' title='bbox 1947 5042 2014 5096; x_wconf 91' lang='lat' dir='ltr'><strong>ad</strong></span> 
     </span>
    </p>
   </div>
   <div class='ocr_carea' id='block_1_53' title="bbox 429 5129 2016 5202">
    <p class='ocr_par' dir='ltr' id='par_1_53' title="bbox 429 5129 2016 5202">
     <span class='ocr_line' id='line_1_53' title="bbox 429 5129 2016 5202; baseline 0.003 -19"><span class='ocrx_word' id='word_1_443' title='bbox 429 5129 529 5184; x_wconf 91' lang='lat' dir='ltr'><strong>Dei</strong></span> <span class='ocrx_word' id='word_1_444' title='bbox 565 5130 783 5184; x_wconf 85' lang='lat' dir='ltr'><strong>adduxit</strong></span> <span class='ocrx_word' id='word_1_445' title='bbox 812 5131 1171 5202; x_wconf 83' lang='lat' dir='ltr'><strong>cognitionem</strong></span> <span class='ocrx_word' id='word_1_446' title='bbox 1204 5173 1218 5198; x_wconf 92' lang='lat'><strong>,</strong></span> <span class='ocrx_word' id='word_1_447' title='bbox 1244 5145 1566 5198; x_wconf 88' lang='lat' dir='ltr'><strong>omnemque</strong></span> <span class='ocrx_word' id='word_1_448' title='bbox 1594 5132 1828 5185; x_wconf 80' lang='lat' dir='ltr'><strong>versavit</strong></span> <span class='ocrx_word' id='word_1_449' title='bbox 1853 5134 2016 5187; x_wconf 75' lang='lat' dir='ltr'><strong>ratio-</strong></span> 
     </span>
    </p>
   </div>
   <div class='ocr_carea' id='block_1_54' title="bbox 426 5221 2014 5292">
    <p class='ocr_par' dir='ltr' id='par_1_54' title="bbox 426 5221 2014 5292">
     <span class='ocr_line' id='line_1_54' title="bbox 426 5221 2014 5292; baseline 0.002 -18"><span class='ocrx_word' id='word_1_450' title='bbox 426 5234 582 5286; x_wconf 85' lang='lat' dir='ltr'><strong>nem,</strong></span> <span class='ocrx_word' id='word_1_451' title='bbox 612 5236 730 5290; x_wconf 74' lang='lat' dir='ltr'><strong>qua:</strong></span> <span class='ocrx_word' id='word_1_452' title='bbox 758 5231 930 5290; x_wconf 79' lang='lat' dir='ltr'><strong>potest</strong></span> <span class='ocrx_word' id='word_1_453' title='bbox 958 5223 1165 5292; x_wconf 76' lang='lat' dir='ltr'><strong>erigere</strong></span> <span class='ocrx_word' id='word_1_454' title='bbox 1197 5231 1429 5276; x_wconf 88' lang='lat' dir='ltr'><strong>mentem</strong></span> <span class='ocrx_word' id='word_1_455' title='bbox 1457 5236 1642 5274; x_wconf 88' lang='lat' dir='ltr'><strong>eorum</strong></span> <span class='ocrx_word' id='word_1_456' title='bbox 1673 5221 1762 5291; x_wconf 91' lang='lat' dir='ltr'><strong>qui</strong></span> <span class='ocrx_word' id='word_1_457' title='bbox 1796 5222 2014 5277; x_wconf 86' lang='lat' dir='ltr'><strong>aberra-</strong></span> 
     </span>
    </p>
   </div>
   <div class='ocr_carea' id='block_1_55' title="bbox 427 5313 2018 5383">
    <p class='ocr_par' dir='ltr' id='par_1_55' title="bbox 427 5313 2018 5383">
     <span class='ocr_line' id='line_1_55' title="bbox 427 5313 2018 5383; baseline 0.001 -15"><span class='ocrx_word' id='word_1_458' title='bbox 427 5324 586 5378; x_wconf 87' lang='lat' dir='ltr'><strong>runt;</strong></span> <span class='ocrx_word' id='word_1_459' title='bbox 619 5315 863 5383; x_wconf 83' lang='lat' dir='ltr'><strong>exemplo</strong></span> <span class='ocrx_word' id='word_1_460' title='bbox 885 5316 1112 5368; x_wconf 81' lang='lat' dir='ltr'><strong>maxime</strong></span> <span class='ocrx_word' id='word_1_461' title='bbox 1141 5329 1323 5369; x_wconf 89' lang='lat' dir='ltr'><strong>eorum</strong></span> <span class='ocrx_word' id='word_1_462' title='bbox 1350 5314 1439 5383; x_wconf 89' lang='lat' dir='ltr'><strong>qui</strong></span> <span class='ocrx_word' id='word_1_463' title='bbox 1471 5314 1544 5368; x_wconf 91' lang='lat' dir='ltr'><strong>illi</strong></span> <span class='ocrx_word' id='word_1_464' title='bbox 1569 5323 1690 5368; x_wconf 85' lang='lat' dir='ltr'><strong>sunt</strong></span> <span class='ocrx_word' id='word_1_465' title='bbox 1715 5313 1930 5378; x_wconf 85' lang='lat' dir='ltr'><strong>addicti,</strong></span> <span class='ocrx_word' id='word_1_466' title='bbox 1963 5323 2018 5370; x_wconf 88' lang='lat' dir='ltr'><strong>et</strong></span> 
     </span>
    </p>
   </div>
   <div class='ocr_carea' id='block_1_56' title="bbox 427 5405 2018 5476">
    <p class='ocr_par' dir='ltr' id='par_1_56' title="bbox 427 5405 2018 5476">
     <span class='ocr_line' id='line_1_56' title="bbox 427 5405 2018 5476; baseline 0.001 -16"><span class='ocrx_word' id='word_1_467' title='bbox 427 5407 543 5472; x_wconf 85' lang='lat' dir='ltr'><strong>ejus</strong></span> <span class='ocrx_word' id='word_1_468' title='bbox 568 5421 693 5474; x_wconf 87' lang='lat' dir='ltr'><strong>erga</strong></span> <span class='ocrx_word' id='word_1_469' title='bbox 731 5407 850 5461; x_wconf 89' lang='lat' dir='ltr'><strong>illos</strong></span> <span class='ocrx_word' id='word_1_470' title='bbox 878 5406 1225 5475; x_wconf 66' lang='lat' dir='ltr'><strong>providentiae</strong></span> <span class='ocrx_word' id='word_1_471' title='bbox 1249 5447 1263 5468; x_wconf 92' lang='lat'><strong>,</strong></span> <span class='ocrx_word' id='word_1_472' title='bbox 1295 5417 1575 5476; x_wconf 87' lang='lat' dir='ltr'><strong>postquam</strong></span> <span class='ocrx_word' id='word_1_473' title='bbox 1607 5421 1756 5461; x_wconf 90' lang='lat' dir='ltr'><strong>suam</strong></span> <span class='ocrx_word' id='word_1_474' title='bbox 1785 5405 2018 5461; x_wconf 86' lang='lat' dir='ltr'><strong>ostendit</strong></span> 
     </span>
    </p>
   </div>
   <div class='ocr_carea' id='block_1_57' title="bbox 427 5497 2016 5568">
    <p class='ocr_par' dir='ltr' id='par_1_57' title="bbox 427 5497 2016 5568">
     <span class='ocr_line' id='line_1_57' title="bbox 427 5497 2016 5568; baseline 0 -16"><span class='ocrx_word' id='word_1_475' title='bbox 427 5498 838 5552; x_wconf 83' lang='lat' dir='ltr'><strong>sollicitudinem</strong></span> <span class='ocrx_word' id='word_1_476' title='bbox 869 5540 882 5559; x_wconf 89' lang='lat'><strong>,</strong></span> <span class='ocrx_word' id='word_1_477' title='bbox 912 5497 1197 5566; x_wconf 86' lang='lat' dir='ltr'><strong>quamdam</strong></span> <span class='ocrx_word' id='word_1_478' title='bbox 1236 5497 1589 5568; x_wconf 90' lang='lat' dir='ltr'><strong>objectionem</strong></span> <span class='ocrx_word' id='word_1_479' title='bbox 1613 5501 1680 5555; x_wconf 89' lang='lat' dir='ltr'><strong>ab</strong></span> <span class='ocrx_word' id='word_1_480' title='bbox 1711 5499 2016 5554; x_wconf 81' lang='lat' dir='ltr'><strong>imbecillio-</strong></span> 
     </span>
    </p>
   </div>
   <div class='ocr_carea' id='block_1_58' title="bbox 428 5587 2018 5656">
    <p class='ocr_par' dir='ltr' id='par_1_58' title="bbox 428 5587 2018 5656">
     <span class='ocr_line' id='line_1_58' title="bbox 428 5587 2018 5656; baseline 0.001 -14"><span class='ocrx_word' id='word_1_481' title='bbox 428 5587 578 5644; x_wconf 87' lang='lat' dir='ltr'><strong>ribus</strong></span> <span class='ocrx_word' id='word_1_482' title='bbox 616 5605 679 5644; x_wconf 88' lang='lat' dir='ltr'><strong>ac</strong></span> <span class='ocrx_word' id='word_1_483' title='bbox 707 5587 1064 5644; x_wconf 84' lang='lat' dir='ltr'><strong>crassioribus</strong></span> <span class='ocrx_word' id='word_1_484' title='bbox 1103 5587 1369 5643; x_wconf 89' lang='lat' dir='ltr'><strong>inductam</strong></span> <span class='ocrx_word' id='word_1_485' title='bbox 1399 5590 1551 5645; x_wconf 86' lang='lat' dir='ltr'><strong>affert</strong></span> <span class='ocrx_word' id='word_1_486' title='bbox 1577 5629 1594 5656; x_wconf 91' lang='lat'><strong>,</strong></span> <span class='ocrx_word' id='word_1_487' title='bbox 1635 5601 1691 5645; x_wconf 91' lang='lat' dir='ltr'><strong>et</strong></span> <span class='ocrx_word' id='word_1_488' title='bbox 1722 5591 1830 5645; x_wconf 88' lang='lat' dir='ltr'><strong>ait:</strong></span> <span class='ocrx_word' id='word_1_489' title='bbox 1861 5589 2018 5645; x_wconf 81' lang='lat' dir='ltr'><strong>Multi</strong></span> 
     </span>
    </p>
   </div>
   <div class='ocr_carea' id='block_1_59' title="bbox 2109 459 3690 532">
    <p class='ocr_par' dir='ltr' id='par_1_59' title="bbox 2109 459 3690 532">
     <span class='ocr_line' id='line_1_59' title="bbox 2109 459 3690 532; baseline 0.003 -20"><span class='ocrx_word' id='word_1_490' title='bbox 2109 459 2300 524; x_wconf 81' lang='lat' dir='ltr'><strong>dicunt,</strong></span> <span class='ocrx_word' id='word_1_491' title='bbox 2333 459 2460 528; x_wconf 83' lang='lat' dir='ltr'><strong>Quis</strong></span> <span class='ocrx_word' id='word_1_492' title='bbox 2485 460 2708 514; x_wconf 74' lang='lat' dir='ltr'><strong>ostendet</strong></span> <span class='ocrx_word' id='word_1_493' title='bbox 2732 460 2872 514; x_wconf 83' lang='lat' dir='ltr'><strong>nobis</strong></span> <span class='ocrx_word' id='word_1_494' title='bbox 2903 461 3073 515; x_wconf 84' lang='lat' dir='ltr'><strong>bona?</strong></span> <span class='ocrx_word' id='word_1_495' title='bbox 3102 461 3215 515; x_wconf 77' lang='lat' dir='ltr'><strong>Non</strong></span> <span class='ocrx_word' id='word_1_496' title='bbox 3241 462 3314 515; x_wconf 89' lang='lat' dir='ltr'><strong>illi</strong></span> <span class='ocrx_word' id='word_1_497' title='bbox 3344 462 3492 531; x_wconf 88' lang='lat' dir='ltr'><strong>pauci</strong></span> <span class='ocrx_word' id='word_1_498' title='bbox 3519 463 3690 532; x_wconf 86' lang='lat' dir='ltr'><strong>probi,</strong></span> 
     </span>
    </p>
   </div>
   <div class='ocr_carea' id='block_1_60' title="bbox 2105 553 3694 624">
    <p class='ocr_par' dir='ltr' id='par_1_60' title="bbox 2105 553 3694 624">
     <span class='ocr_line' id='line_1_60' title="bbox 2105 553 3694 624; baseline 0.001 -18"><span class='ocrx_word' id='word_1_499' title='bbox 2105 569 2168 607; x_wconf 89' lang='lat' dir='ltr'><strong>ac</strong></span> <span class='ocrx_word' id='word_1_500' title='bbox 2199 553 2396 608; x_wconf 86' lang='lat' dir='ltr'><strong>sinceri</strong></span> <span class='ocrx_word' id='word_1_501' title='bbox 2425 596 2440 618; x_wconf 88' lang='lat'><strong>,</strong></span> <span class='ocrx_word' id='word_1_502' title='bbox 2471 563 2523 606; x_wconf 91' lang='lat' dir='ltr'><strong>et</strong></span> <span class='ocrx_word' id='word_1_503' title='bbox 2548 554 2634 623; x_wconf 80' lang='lat' dir='ltr'><strong>qui</strong></span> <span class='ocrx_word' id='word_1_504' title='bbox 2670 563 2864 607; x_wconf 83' lang='lat' dir='ltr'><strong>norunt</strong></span> <span class='ocrx_word' id='word_1_505' title='bbox 2891 554 3254 624; x_wconf 84' lang='lat' dir='ltr'><strong>philosophari</strong></span> <span class='ocrx_word' id='word_1_506' title='bbox 3280 596 3296 620; x_wconf 96' lang='lat'><strong>,</strong></span> <span class='ocrx_word' id='word_1_507' title='bbox 3319 554 3435 610; x_wconf 71' lang='lat' dir='ltr'><strong>inec</strong></span> <span class='ocrx_word' id='word_1_508' title='bbox 3460 554 3645 609; x_wconf 86' lang='lat' dir='ltr'><strong>dicunt</strong></span> <span class='ocrx_word' id='word_1_509' title='bbox 3678 597 3694 622; x_wconf 90' lang='lat'><strong>,</strong></span> 
     </span>
    </p>
   </div>
   <div class='ocr_carea' id='block_1_61' title="bbox 2113 645 3698 718">
    <p class='ocr_par' dir='ltr' id='par_1_61' title="bbox 2113 645 3698 718">
     <span class='ocr_line' id='line_1_61' title="bbox 2113 645 3698 718; baseline 0.001 -17"><span class='ocrx_word' id='word_1_510' title='bbox 2113 646 2206 701; x_wconf 90' lang='lat' dir='ltr'><strong>sed</strong></span> <span class='ocrx_word' id='word_1_511' title='bbox 2235 645 2457 701; x_wconf 90' lang='lat' dir='ltr'><strong>confusa</strong></span> <span class='ocrx_word' id='word_1_512' title='bbox 2482 655 2534 700; x_wconf 89' lang='lat' dir='ltr'><strong>et</strong></span> <span class='ocrx_word' id='word_1_513' title='bbox 2565 647 2861 716; x_wconf 86' lang='lat' dir='ltr'><strong>promiscua</strong></span> <span class='ocrx_word' id='word_1_514' title='bbox 2883 647 3190 714; x_wconf 89' lang='lat' dir='ltr'><strong>multitudo,</strong></span> <span class='ocrx_word' id='word_1_515' title='bbox 3225 663 3343 718; x_wconf 72' lang='lat' dir='ltr'><strong>quze</strong></span> <span class='ocrx_word' id='word_1_516' title='bbox 3383 647 3698 716; x_wconf 84' lang='lat' dir='ltr'><strong>ignorationi</strong></span> 
     </span>
    </p>
   </div>
   <div class='ocr_carea' id='block_1_62' title="bbox 2109 738 3697 811">
    <p class='ocr_par' dir='ltr' id='par_1_62' title="bbox 2109 738 3697 811">
     <span class='ocr_line' id='line_1_62' title="bbox 2109 738 3697 811; baseline 0.001 -18"><span class='ocrx_word' id='word_1_517' title='bbox 2109 747 2162 794; x_wconf 90' lang='lat' dir='ltr'><strong>et</strong></span> <span class='ocrx_word' id='word_1_518' title='bbox 2181 738 2422 792; x_wconf 61' lang='lat' dir='ltr'><strong>stultitiae</strong></span> <span class='ocrx_word' id='word_1_519' title='bbox 2448 738 2599 792; x_wconf 79' lang='lat' dir='ltr'><strong>affixa</strong></span> <span class='ocrx_word' id='word_1_520' title='bbox 2626 749 2728 794; x_wconf 88' lang='lat' dir='ltr'><strong>est.</strong></span> <span class='ocrx_word' id='word_1_521' title='bbox 2757 739 2891 806; x_wconf 84' lang='lat' dir='ltr'><strong>Quid</strong></span> <span class='ocrx_word' id='word_1_522' title='bbox 2919 748 3000 795; x_wconf 88' lang='lat' dir='ltr'><strong>est</strong></span> <span class='ocrx_word' id='word_1_523' title='bbox 3025 750 3200 796; x_wconf 88' lang='lat' dir='ltr'><strong>autem</strong></span> <span class='ocrx_word' id='word_1_524' title='bbox 3222 739 3362 811; x_wconf 92' lang='lat' dir='ltr'><strong>quod</strong></span> <span class='ocrx_word' id='word_1_525' title='bbox 3387 740 3697 807; x_wconf 82' lang='lat' dir='ltr'><strong>dicit?Quis</strong></span> 
     </span>
    </p>
   </div>
   <div class='ocr_carea' id='block_1_63' title="bbox 2109 829 3698 903">
    <p class='ocr_par' dir='ltr' id='par_1_63' title="bbox 2109 829 3698 903">
     <span class='ocr_line' id='line_1_63' title="bbox 2109 829 3698 903; baseline 0.003 -21"><span class='ocrx_word' id='word_1_526' title='bbox 2109 831 2332 883; x_wconf 84' lang='lat' dir='ltr'><strong>ostendet</strong></span> <span class='ocrx_word' id='word_1_527' title='bbox 2374 830 2513 884; x_wconf 86' lang='lat' dir='ltr'><strong>nobis</strong></span> <span class='ocrx_word' id='word_1_528' title='bbox 2575 830 2704 883; x_wconf 83' lang='lat' dir='ltr'><strong>bona</strong></span> <span class='ocrx_word' id='word_1_529' title='bbox 2736 831 2760 883; x_wconf 71' lang='grc' dir='ltr'><strong>ἶ)</strong></span> <span class='ocrx_word' id='word_1_530' title='bbox 2788 831 2922 886; x_wconf 87' lang='lat' dir='ltr'><strong>Sunt</strong></span> <span class='ocrx_word' id='word_1_531' title='bbox 2963 832 3174 901; x_wconf 84' lang='lat' dir='ltr'><strong>quidam</strong></span> <span class='ocrx_word' id='word_1_532' title='bbox 3221 833 3310 903; x_wconf 85' lang='lat' dir='ltr'><strong>qui</strong></span> <span class='ocrx_word' id='word_1_533' title='bbox 3352 833 3538 888; x_wconf 87' lang='lat' dir='ltr'><strong>dicunt</strong></span> <span class='ocrx_word' id='word_1_534' title='bbox 3567 829 3698 898; x_wconf 85' lang='lat' dir='ltr'><strong>,alii</strong></span> 
     </span>
    </p>
   </div>
   <div class='ocr_carea' id='block_1_64' title="bbox 2110 920 3695 990">
    <p class='ocr_par' dir='ltr' id='par_1_64' title="bbox 2110 920 3695 990">
     <span class='ocr_line' id='line_1_64' title="bbox 2110 920 3695 990; baseline 0.006 -18"><span class='ocrx_word' id='word_1_535' title='bbox 2110 920 2322 990; x_wconf 86' lang='lat' dir='ltr'><strong>quidem</strong></span> <span class='ocrx_word' id='word_1_536' title='bbox 2353 921 2444 974; x_wconf 85' lang='lat' dir='ltr'><strong>Dei</strong></span> <span class='ocrx_word' id='word_1_537' title='bbox 2473 922 2854 990; x_wconf 76' lang='lat' dir='ltr'><strong>providentiam</strong></span> <span class='ocrx_word' id='word_1_538' title='bbox 2885 934 3213 988; x_wconf 74' lang='lat' dir='ltr'><strong>accusantes,</strong></span> <span class='ocrx_word' id='word_1_539' title='bbox 3257 925 3347 979; x_wconf 90' lang='lat' dir='ltr'><strong>alii</strong></span> <span class='ocrx_word' id='word_1_540' title='bbox 3384 941 3512 980; x_wconf 90' lang='lat' dir='ltr'><strong>vero</strong></span> <span class='ocrx_word' id='word_1_541' title='bbox 3540 926 3695 980; x_wconf 88' lang='lat' dir='ltr'><strong>volu-</strong></span> 
     </span>
    </p>
   </div>
   <div class='ocr_carea' id='block_1_65' title="bbox 2115 1014 3694 1085">
    <p class='ocr_par' dir='ltr' id='par_1_65' title="bbox 2115 1014 3694 1085">
     <span class='ocr_line' id='line_1_65' title="bbox 2115 1014 3694 1085; baseline 0.002 -20"><span class='ocrx_word' id='word_1_542' title='bbox 2115 1014 2272 1082; x_wconf 88' lang='lat' dir='ltr'><strong>ptatis</strong></span> <span class='ocrx_word' id='word_1_543' title='bbox 2301 1023 2586 1077; x_wconf 89' lang='lat' dir='ltr'><strong>amatores,</strong></span> <span class='ocrx_word' id='word_1_544' title='bbox 2614 1014 2892 1078; x_wconf 78' lang='lat' dir='ltr'><strong>socordiae,</strong></span> <span class='ocrx_word' id='word_1_545' title='bbox 2920 1029 3101 1084; x_wconf 86' lang='lat' dir='ltr'><strong>opum,</strong></span> <span class='ocrx_word' id='word_1_546' title='bbox 3127 1017 3306 1085; x_wconf 72' lang='lat' dir='ltr'><strong>gloria:</strong></span> <span class='ocrx_word' id='word_1_547' title='bbox 3331 1025 3380 1070; x_wconf 90' lang='lat' dir='ltr'><strong>et</strong></span> <span class='ocrx_word' id='word_1_548' title='bbox 3403 1016 3654 1085; x_wconf 77' lang='lat' dir='ltr'><strong>potentiae</strong></span> <span class='ocrx_word' id='word_1_549' title='bbox 3679 1056 3694 1078; x_wconf 85' lang='lat'><strong>,</strong></span> 
     </span>
    </p>
   </div>
   <div class='ocr_carea' id='block_1_66' title="bbox 2112 1101 3692 1172">
    <p class='ocr_par' dir='ltr' id='par_1_66' title="bbox 2112 1101 3692 1172">
     <span class='ocr_line' id='line_1_66' title="bbox 2112 1101 3692 1172; baseline 0.005 -20"><span class='ocrx_word' id='word_1_550' title='bbox 2112 1101 2201 1172; x_wconf 88' lang='lat' dir='ltr'><strong>qui</strong></span> <span class='ocrx_word' id='word_1_551' title='bbox 2233 1102 2393 1156; x_wconf 83' lang='lat' dir='ltr'><strong>etiam</strong></span> <span class='ocrx_word' id='word_1_552' title='bbox 2428 1102 2541 1158; x_wconf 63' lang='lat' dir='ltr'><strong>hate</strong></span> <span class='ocrx_word' id='word_1_553' title='bbox 2569 1113 2830 1170; x_wconf 86' lang='lat' dir='ltr'><strong>amantes,</strong></span> <span class='ocrx_word' id='word_1_554' title='bbox 2862 1105 3044 1159; x_wconf 90' lang='lat' dir='ltr'><strong>dicunt</strong></span> <span class='ocrx_word' id='word_1_555' title='bbox 3071 1107 3193 1161; x_wconf 88' lang='lat' dir='ltr'><strong>talia</strong></span> <span class='ocrx_word' id='word_1_556' title='bbox 3226 1124 3239 1159; x_wconf 89' lang='lat'><strong>:</strong></span> <span class='ocrx_word' id='word_1_557' title='bbox 3269 1106 3370 1162; x_wconf 90' lang='lat' dir='ltr'><strong>Ubi</strong></span> <span class='ocrx_word' id='word_1_558' title='bbox 3401 1117 3524 1161; x_wconf 89' lang='lat' dir='ltr'><strong>sunt</strong></span> <span class='ocrx_word' id='word_1_559' title='bbox 3553 1107 3692 1160; x_wconf 89' lang='lat' dir='ltr'><strong>bona</strong></span> 
     </span>
    </p>
   </div>
   <div class='ocr_carea' id='block_1_67' title="bbox 2113 1193 3696 1265">
    <p class='ocr_par' dir='ltr' id='par_1_67' title="bbox 2113 1193 3696 1265">
     <span class='ocr_line' id='line_1_67' title="bbox 2113 1193 3696 1265; baseline 0.003 -19"><span class='ocrx_word' id='word_1_560' title='bbox 2113 1193 2253 1247; x_wconf 85' lang='lat' dir='ltr'><strong>Dei?</strong></span> <span class='ocrx_word' id='word_1_561' title='bbox 2283 1193 2394 1263; x_wconf 86' lang='lat' dir='ltr'><strong>Ego</strong></span> <span class='ocrx_word' id='word_1_562' title='bbox 2410 1209 2524 1247; x_wconf 88' lang='lat' dir='ltr'><strong>sum</strong></span> <span class='ocrx_word' id='word_1_563' title='bbox 2549 1194 2602 1247; x_wconf 89' lang='lat' dir='ltr'><strong>in</strong></span> <span class='ocrx_word' id='word_1_564' title='bbox 2625 1196 2980 1259; x_wconf 77' lang='lat' dir='ltr'><strong>mendicitate,</strong></span> <span class='ocrx_word' id='word_1_565' title='bbox 3009 1205 3062 1250; x_wconf 90' lang='lat' dir='ltr'><strong>et</strong></span> <span class='ocrx_word' id='word_1_566' title='bbox 3079 1196 3284 1261; x_wconf 91' lang='lat' dir='ltr'><strong>morbo,</strong></span> <span class='ocrx_word' id='word_1_567' title='bbox 3309 1197 3696 1265; x_wconf 79' lang='lat' dir='ltr'><strong>etcalamitate,</strong></span> 
     </span>
    </p>
   </div>
   <div class='ocr_carea' id='block_1_68' title="bbox 2111 1285 3697 1354">
    <p class='ocr_par' dir='ltr' id='par_1_68' title="bbox 2111 1285 3697 1354">
     <span class='ocr_line' id='line_1_68' title="bbox 2111 1285 3697 1354; baseline 0.002 -16"><span class='ocrx_word' id='word_1_568' title='bbox 2111 1293 2166 1338; x_wconf 89' lang='lat' dir='ltr'><strong>et</strong></span> <span class='ocrx_word' id='word_1_569' title='bbox 2201 1286 2463 1338; x_wconf 86' lang='lat' dir='ltr'><strong>extremis</strong></span> <span class='ocrx_word' id='word_1_570' title='bbox 2491 1285 2643 1339; x_wconf 87' lang='lat' dir='ltr'><strong>malis</strong></span> <span class='ocrx_word' id='word_1_571' title='bbox 2669 1327 2682 1348; x_wconf 91' lang='lat'><strong>,</strong></span> <span class='ocrx_word' id='word_1_572' title='bbox 2713 1285 2924 1354; x_wconf 76' lang='lat' dir='ltr'><strong>probris</strong></span> <span class='ocrx_word' id='word_1_573' title='bbox 2951 1296 3004 1340; x_wconf 88' lang='lat' dir='ltr'><strong>et</strong></span> <span class='ocrx_word' id='word_1_574' title='bbox 3038 1288 3374 1342; x_wconf 91' lang='lat' dir='ltr'><strong>contumeliis</strong></span> <span class='ocrx_word' id='word_1_575' title='bbox 3402 1306 3416 1340; x_wconf 88' lang='lat'><strong>:</strong></span> <span class='ocrx_word' id='word_1_576' title='bbox 3446 1288 3582 1341; x_wconf 88' lang='lat' dir='ltr'><strong>alius</strong></span> <span class='ocrx_word' id='word_1_577' title='bbox 3603 1303 3697 1341; x_wconf 86' lang='lat' dir='ltr'><strong>au-</strong></span> 
     </span>
    </p>
   </div>
   <div class='ocr_carea' id='block_1_69' title="bbox 2113 1374 3696 1448">
    <p class='ocr_par' dir='ltr' id='par_1_69' title="bbox 2113 1374 3696 1448">
     <span class='ocr_line' id='line_1_69' title="bbox 2113 1374 3696 1448; baseline 0.003 -20"><span class='ocrx_word' id='word_1_578' title='bbox 2113 1383 2217 1429; x_wconf 79' lang='lat' dir='ltr'><strong>tem</strong></span> <span class='ocrx_word' id='word_1_579' title='bbox 2251 1375 2302 1428; x_wconf 89' lang='lat' dir='ltr'><strong>in</strong></span> <span class='ocrx_word' id='word_1_580' title='bbox 2332 1374 2602 1438; x_wconf 82' lang='lat' dir='ltr'><strong>felicitate.</strong></span> <span class='ocrx_word' id='word_1_581' title='bbox 2633 1378 2926 1446; x_wconf 85' lang='lat' dir='ltr'><strong>voluptate,</strong></span> <span class='ocrx_word' id='word_1_582' title='bbox 2955 1378 3160 1432; x_wconf 88' lang='lat' dir='ltr'><strong>deliciis</strong></span> <span class='ocrx_word' id='word_1_583' title='bbox 3183 1421 3199 1445; x_wconf 93' lang='lat'><strong>,</strong></span> <span class='ocrx_word' id='word_1_584' title='bbox 3225 1380 3476 1447; x_wconf 84' lang='lat' dir='ltr'><strong>potentia,</strong></span> <span class='ocrx_word' id='word_1_585' title='bbox 3504 1379 3696 1448; x_wconf 80' lang='lat' dir='ltr'><strong>gloria,</strong></span> 
     </span>
    </p>
   </div>
   <div class='ocr_carea' id='block_1_70' title="bbox 2112 1467 3694 1542">
    <p class='ocr_par' dir='ltr' id='par_1_70' title="bbox 2112 1467 3694 1542">
     <span class='ocr_line' id='line_1_70' title="bbox 2112 1467 3694 1542; baseline 0.002 -22"><span class='ocrx_word' id='word_1_586' title='bbox 2112 1476 2165 1521; x_wconf 90' lang='lat' dir='ltr'><strong>et</strong></span> <span class='ocrx_word' id='word_1_587' title='bbox 2193 1467 2410 1522; x_wconf 87' lang='lat' dir='ltr'><strong>divitiis.</strong></span> <span class='ocrx_word' id='word_1_588' title='bbox 2437 1469 2501 1522; x_wconf 87' lang='lat' dir='ltr'><strong>Et</strong></span> <span class='ocrx_word' id='word_1_589' title='bbox 2523 1470 2610 1542; x_wconf 87' lang='lat' dir='ltr'><strong>alii</strong></span> <span class='ocrx_word' id='word_1_590' title='bbox 2631 1470 2843 1540; x_wconf 89' lang='lat' dir='ltr'><strong>quidem</strong></span> <span class='ocrx_word' id='word_1_591' title='bbox 2873 1470 2986 1524; x_wconf 68' lang='lat' dir='ltr'><strong>hinc</strong></span> <span class='ocrx_word' id='word_1_592' title='bbox 3016 1471 3149 1525; x_wconf 92' lang='lat' dir='ltr'><strong>bona</strong></span> <span class='ocrx_word' id='word_1_593' title='bbox 3169 1479 3371 1525; x_wconf 90' lang='lat' dir='ltr'><strong>tantum</strong></span> <span class='ocrx_word' id='word_1_594' title='bbox 3399 1473 3694 1542; x_wconf 90' lang='lat' dir='ltr'><strong>requirunt,</strong></span> 
     </span>
    </p>
   </div>
   <div class='ocr_carea' id='block_1_71' title="bbox 2113 1560 3697 1634">
    <p class='ocr_par' dir='ltr' id='par_1_71' title="bbox 2113 1560 3697 1634">
     <span class='ocr_line' id='line_1_71' title="bbox 2113 1560 3697 1634; baseline 0.003 -21"><span class='ocrx_word' id='word_1_595' title='bbox 2113 1573 2174 1613; x_wconf 92' lang='lat' dir='ltr'><strong>ea</strong></span> <span class='ocrx_word' id='word_1_596' title='bbox 2204 1575 2322 1628; x_wconf 79' lang='lat' dir='ltr'><strong>qua:</strong></span> <span class='ocrx_word' id='word_1_597' title='bbox 2360 1575 2486 1614; x_wconf 88' lang='lat' dir='ltr'><strong>vere</strong></span> <span class='ocrx_word' id='word_1_598' title='bbox 2529 1569 2652 1613; x_wconf 89' lang='lat' dir='ltr'><strong>sunt</strong></span> <span class='ocrx_word' id='word_1_599' title='bbox 2689 1560 2824 1615; x_wconf 88' lang='lat' dir='ltr'><strong>bona</strong></span> <span class='ocrx_word' id='word_1_600' title='bbox 2857 1562 3328 1634; x_wconf 63' lang='lat' dir='ltr'><strong>prietermitteutes</strong></span> <span class='ocrx_word' id='word_1_601' title='bbox 3359 1603 3374 1628; x_wconf 91' lang='lat'><strong>,</strong></span> <span class='ocrx_word' id='word_1_602' title='bbox 3406 1563 3653 1617; x_wconf 78' lang='lat' dir='ltr'><strong>virtutem</strong></span> <span class='ocrx_word' id='word_1_603' title='bbox 3682 1604 3697 1626; x_wconf 93' lang='lat'><strong>,</strong></span> 
     </span>
    </p>
   </div>
   <div class='ocr_carea' id='block_1_72' title="bbox 2114 1649 3699 1723">
    <p class='ocr_par' dir='ltr' id='par_1_72' title="bbox 2114 1649 3699 1723">
     <span class='ocr_line' id='line_1_72' title="bbox 2114 1649 3699 1723; baseline 0 -19"><span class='ocrx_word' id='word_1_604' title='bbox 2114 1649 2349 1720; x_wconf 79' lang='lat' dir='ltr'><strong>inquam,</strong></span> <span class='ocrx_word' id='word_1_605' title='bbox 2377 1661 2428 1704; x_wconf 87' lang='lat' dir='ltr'><strong>et</strong></span> <span class='ocrx_word' id='word_1_606' title='bbox 2456 1651 2685 1705; x_wconf 83' lang='lat' dir='ltr'><strong>studium</strong></span> <span class='ocrx_word' id='word_1_607' title='bbox 2713 1654 3020 1723; x_wconf 63' lang='lat' dir='ltr'><strong>sapientiae:</strong></span> <span class='ocrx_word' id='word_1_608' title='bbox 3052 1653 3140 1706; x_wconf 88' lang='lat' dir='ltr'><strong>alii</strong></span> <span class='ocrx_word' id='word_1_609' title='bbox 3168 1667 3316 1720; x_wconf 89' lang='lat' dir='ltr'><strong>vero,</strong></span> <span class='ocrx_word' id='word_1_610' title='bbox 3337 1665 3388 1708; x_wconf 92' lang='lat' dir='ltr'><strong>ut</strong></span> <span class='ocrx_word' id='word_1_611' title='bbox 3414 1663 3539 1707; x_wconf 88' lang='lat' dir='ltr'><strong>ante</strong></span> <span class='ocrx_word' id='word_1_612' title='bbox 3569 1654 3699 1721; x_wconf 81' lang='lat' dir='ltr'><strong>dixi,</strong></span> 
     </span>
    </p>
   </div>
   <div class='ocr_carea' id='block_1_73' title="bbox 2115 1739 3694 1810">
    <p class='ocr_par' dir='ltr' id='par_1_73' title="bbox 2115 1739 3694 1810">
     <span class='ocr_line' id='line_1_73' title="bbox 2115 1739 3694 1810; baseline 0.003 -17"><span class='ocrx_word' id='word_1_613' title='bbox 2115 1739 2208 1794; x_wconf 88' lang='lat' dir='ltr'><strong>Dei</strong></span> <span class='ocrx_word' id='word_1_614' title='bbox 2235 1741 2391 1794; x_wconf 87' lang='lat' dir='ltr'><strong>etiam</strong></span> <span class='ocrx_word' id='word_1_615' title='bbox 2417 1742 2805 1810; x_wconf 89' lang='lat' dir='ltr'><strong>providentiam</strong></span> <span class='ocrx_word' id='word_1_616' title='bbox 2838 1758 2903 1799; x_wconf 84' lang='lat' dir='ltr'><strong>ex</strong></span> <span class='ocrx_word' id='word_1_617' title='bbox 2929 1759 2993 1798; x_wconf 93' lang='lat' dir='ltr'><strong>eo</strong></span> <span class='ocrx_word' id='word_1_618' title='bbox 3021 1744 3391 1808; x_wconf 90' lang='lat' dir='ltr'><strong>criminantur,</strong></span> <span class='ocrx_word' id='word_1_619' title='bbox 3421 1745 3694 1799; x_wconf 87' lang='lat' dir='ltr'><strong>dicentes:</strong></span> 
     </span>
    </p>
   </div>
   <div class='ocr_carea' id='block_1_74' title="bbox 2113 1831 3696 1902">
    <p class='ocr_par' dir='ltr' id='par_1_74' title="bbox 2113 1831 3696 1902">
     <span class='ocr_line' id='line_1_74' title="bbox 2113 1831 3696 1902; baseline 0.001 -15"><span class='ocrx_word' id='word_1_620' title='bbox 2113 1831 2214 1887; x_wconf 91' lang='lat' dir='ltr'><strong>Ubi</strong></span> <span class='ocrx_word' id='word_1_621' title='bbox 2241 1841 2320 1886; x_wconf 90' lang='lat' dir='ltr'><strong>est</strong></span> <span class='ocrx_word' id='word_1_622' title='bbox 2350 1833 2440 1887; x_wconf 93' lang='lat' dir='ltr'><strong>Dei</strong></span> <span class='ocrx_word' id='word_1_623' title='bbox 2472 1833 2801 1902; x_wconf 87' lang='lat' dir='ltr'><strong>providentia</strong></span> <span class='ocrx_word' id='word_1_624' title='bbox 2827 1876 2843 1900; x_wconf 91' lang='lat'><strong>,</strong></span> <span class='ocrx_word' id='word_1_625' title='bbox 2877 1849 2997 1890; x_wconf 91' lang='lat' dir='ltr'><strong>cum</strong></span> <span class='ocrx_word' id='word_1_626' title='bbox 3026 1844 3168 1889; x_wconf 87' lang='lat' dir='ltr'><strong>tanta</strong></span> <span class='ocrx_word' id='word_1_627' title='bbox 3194 1837 3262 1889; x_wconf 88' lang='lat' dir='ltr'><strong>sit</strong></span> <span class='ocrx_word' id='word_1_628' title='bbox 3292 1836 3343 1890; x_wconf 91' lang='lat' dir='ltr'><strong>in</strong></span> <span class='ocrx_word' id='word_1_629' title='bbox 3374 1837 3479 1890; x_wconf 91' lang='lat' dir='ltr'><strong>vita</strong></span> <span class='ocrx_word' id='word_1_630' title='bbox 3506 1835 3696 1890; x_wconf 84' lang='lat' dir='ltr'><strong>confu-</strong></span> 
     </span>
    </p>
   </div>
   <div class='ocr_carea' id='block_1_75' title="bbox 2113 1923 3697 1996">
    <p class='ocr_par' dir='ltr' id='par_1_75' title="bbox 2113 1923 3697 1996">
     <span class='ocr_line' id='line_1_75' title="bbox 2113 1923 3697 1996; baseline 0.003 -20"><span class='ocrx_word' id='word_1_631' title='bbox 2113 1923 2215 1989; x_wconf 89' lang='lat' dir='ltr'><strong>sio,</strong></span> <span class='ocrx_word' id='word_1_632' title='bbox 2246 1938 2366 1976; x_wconf 93' lang='lat' dir='ltr'><strong>cum</strong></span> <span class='ocrx_word' id='word_1_633' title='bbox 2395 1924 2576 1994; x_wconf 86' lang='lat' dir='ltr'><strong>plures</strong></span> <span class='ocrx_word' id='word_1_634' title='bbox 2603 1925 2654 1978; x_wconf 90' lang='lat' dir='ltr'><strong>in</strong></span> <span class='ocrx_word' id='word_1_635' title='bbox 2686 1925 3046 1992; x_wconf 90' lang='lat' dir='ltr'><strong>mendicitate,</strong></span> <span class='ocrx_word' id='word_1_636' title='bbox 3076 1927 3253 1996; x_wconf 83' lang='lat' dir='ltr'><strong>inOpia</strong></span> <span class='ocrx_word' id='word_1_637' title='bbox 3283 1936 3334 1981; x_wconf 90' lang='lat' dir='ltr'><strong>et</strong></span> <span class='ocrx_word' id='word_1_638' title='bbox 3365 1928 3416 1980; x_wconf 94' lang='lat' dir='ltr'><strong>in</strong></span> <span class='ocrx_word' id='word_1_639' title='bbox 3443 1928 3697 1982; x_wconf 82' lang='lat' dir='ltr'><strong>extremis</strong></span> 
     </span>
    </p>
   </div>
   <div class='ocr_carea' id='block_1_76' title="bbox 2114 2013 3699 2086">
    <p class='ocr_par' dir='ltr' id='par_1_76' title="bbox 2114 2013 3699 2086">
     <span class='ocr_line' id='line_1_76' title="bbox 2114 2013 3699 2086; baseline 0.003 -20"><span class='ocrx_word' id='word_1_640' title='bbox 2114 2013 2270 2067; x_wconf 90' lang='lat' dir='ltr'><strong>malis</strong></span> <span class='ocrx_word' id='word_1_641' title='bbox 2296 2013 2525 2083; x_wconf 83' lang='lat' dir='ltr'><strong>degant?</strong></span> <span class='ocrx_word' id='word_1_642' title='bbox 2545 2013 2688 2083; x_wconf 84' lang='lat' dir='ltr'><strong>quod</strong></span> <span class='ocrx_word' id='word_1_643' title='bbox 2711 2023 2792 2068; x_wconf 85' lang='lat' dir='ltr'><strong>est</strong></span> <span class='ocrx_word' id='word_1_644' title='bbox 2816 2016 3022 2084; x_wconf 86' lang='lat' dir='ltr'><strong>signum</strong></span> <span class='ocrx_word' id='word_1_645' title='bbox 3047 2015 3161 2085; x_wconf 86' lang='lat' dir='ltr'><strong>ejus</strong></span> <span class='ocrx_word' id='word_1_646' title='bbox 3188 2015 3573 2086; x_wconf 67' lang='lat' dir='ltr'><strong>providentim?</strong></span> <span class='ocrx_word' id='word_1_647' title='bbox 3597 2017 3699 2082; x_wconf 84' lang='lat' dir='ltr'><strong>Qui</strong></span> 
     </span>
    </p>
   </div>
   <div class='ocr_carea' id='block_1_77' title="bbox 2114 2106 3692 2178">
    <p class='ocr_par' dir='ltr' id='par_1_77' title="bbox 2114 2106 3692 2178">
     <span class='ocr_line' id='line_1_77' title="bbox 2114 2106 3692 2178; baseline 0.002 -17"><span class='ocrx_word' id='word_1_648' title='bbox 2114 2117 2290 2161; x_wconf 89' lang='lat' dir='ltr'><strong>autem</strong></span> <span class='ocrx_word' id='word_1_649' title='bbox 2323 2106 2434 2160; x_wconf 70' lang='lat' dir='ltr'><strong>haec</strong></span> <span class='ocrx_word' id='word_1_650' title='bbox 2459 2106 2643 2162; x_wconf 92' lang='lat' dir='ltr'><strong>dicunt</strong></span> <span class='ocrx_word' id='word_1_651' title='bbox 2675 2108 2895 2178; x_wconf 90' lang='lat' dir='ltr'><strong>perinde</strong></span> <span class='ocrx_word' id='word_1_652' title='bbox 2916 2108 3116 2164; x_wconf 88' lang='lat' dir='ltr'><strong>faciunt</strong></span> <span class='ocrx_word' id='word_1_653' title='bbox 3143 2124 3206 2164; x_wconf 90' lang='lat' dir='ltr'><strong>ac</strong></span> <span class='ocrx_word' id='word_1_654' title='bbox 3235 2111 3279 2163; x_wconf 92' lang='lat' dir='ltr'><strong>si</strong></span> <span class='ocrx_word' id='word_1_655' title='bbox 3307 2109 3426 2178; x_wconf 87' lang='lat' dir='ltr'><strong>quis</strong></span> <span class='ocrx_word' id='word_1_656' title='bbox 3453 2109 3692 2165; x_wconf 87' lang='lat' dir='ltr'><strong>clarissi-</strong></span> 
     </span>
    </p>
   </div>
   <div class='ocr_carea' id='block_1_78' title="bbox 2114 2199 3696 2270">
    <p class='ocr_par' dir='ltr' id='par_1_78' title="bbox 2114 2199 3696 2270">
     <span class='ocr_line' id='line_1_78' title="bbox 2114 2199 3696 2270; baseline -0.001 -16"><span class='ocrx_word' id='word_1_657' title='bbox 2114 2215 2204 2254; x_wconf 92' lang='lat' dir='ltr'><strong>mo</strong></span> <span class='ocrx_word' id='word_1_658' title='bbox 2235 2199 2455 2254; x_wconf 89' lang='lat' dir='ltr'><strong>meridie</strong></span> <span class='ocrx_word' id='word_1_659' title='bbox 2480 2207 2684 2270; x_wconf 79' lang='lat' dir='ltr'><strong>quzerat</strong></span> <span class='ocrx_word' id='word_1_660' title='bbox 2712 2199 2881 2255; x_wconf 91' lang='lat' dir='ltr'><strong>solem</strong></span> <span class='ocrx_word' id='word_1_661' title='bbox 2912 2200 3116 2267; x_wconf 88' lang='lat' dir='ltr'><strong>videre,</strong></span> <span class='ocrx_word' id='word_1_662' title='bbox 3141 2209 3196 2256; x_wconf 92' lang='lat' dir='ltr'><strong>et</strong></span> <span class='ocrx_word' id='word_1_663' title='bbox 3223 2199 3430 2255; x_wconf 91' lang='lat' dir='ltr'><strong>dubitet</strong></span> <span class='ocrx_word' id='word_1_664' title='bbox 3463 2200 3532 2255; x_wconf 91' lang='lat' dir='ltr'><strong>de</strong></span> <span class='ocrx_word' id='word_1_665' title='bbox 3557 2199 3696 2256; x_wconf 81' lang='lat' dir='ltr'><strong>luce.</strong></span> 
     </span>
    </p>
   </div>
   <div class='ocr_carea' id='block_1_79' title="bbox 2113 2291 3699 2364">
    <p class='ocr_par' dir='ltr' id='par_1_79' title="bbox 2113 2291 3699 2364">
     <span class='ocr_line' id='line_1_79' title="bbox 2113 2291 3699 2364; baseline 0.001 -19"><span class='ocrx_word' id='word_1_666' title='bbox 2113 2291 2264 2359; x_wconf 84' lang='lat' dir='ltr'><strong>Quod</strong></span> <span class='ocrx_word' id='word_1_667' title='bbox 2297 2291 2584 2347; x_wconf 90' lang='lat' dir='ltr'><strong>ostendens</strong></span> <span class='ocrx_word' id='word_1_668' title='bbox 2612 2292 2866 2362; x_wconf 81' lang='lat' dir='ltr'><strong>prOpheta</strong></span> <span class='ocrx_word' id='word_1_669' title='bbox 2897 2335 2912 2358; x_wconf 88' lang='lat'><strong>,</strong></span> <span class='ocrx_word' id='word_1_670' title='bbox 2949 2301 3004 2348; x_wconf 89' lang='lat' dir='ltr'><strong>et</strong></span> <span class='ocrx_word' id='word_1_671' title='bbox 3050 2294 3438 2364; x_wconf 89' lang='lat' dir='ltr'><strong>quamprimum</strong></span> <span class='ocrx_word' id='word_1_672' title='bbox 3470 2292 3699 2348; x_wconf 87' lang='lat' dir='ltr'><strong>afferens</strong></span> 
     </span>
    </p>
   </div>
   <div class='ocr_carea' id='block_1_80' title="bbox 2113 2383 3701 2455">
    <p class='ocr_par' dir='ltr' id='par_1_80' title="bbox 2113 2383 3701 2455">
     <span class='ocr_line' id='line_1_80' title="bbox 2113 2383 3701 2455; baseline 0 -17"><span class='ocrx_word' id='word_1_673' title='bbox 2113 2383 2432 2438; x_wconf 89' lang='lat' dir='ltr'><strong>solutionem</strong></span> <span class='ocrx_word' id='word_1_674' title='bbox 2465 2425 2478 2448; x_wconf 87' lang='lat'><strong>,</strong></span> <span class='ocrx_word' id='word_1_675' title='bbox 2525 2383 2655 2438; x_wconf 83' lang='lat' dir='ltr'><strong>dixit</strong></span> <span class='ocrx_word' id='word_1_676' title='bbox 2686 2401 2698 2436; x_wconf 89' lang='lat'><strong>:</strong></span> <span class='ocrx_word' id='word_1_677' title='bbox 2729 2384 2783 2439; x_wconf 89' lang='lat'><strong>7.</strong></span> <span class='ocrx_word' id='word_1_678' title='bbox 2814 2385 3088 2455; x_wconf 85' lang='lat' dir='ltr'><strong>Signatum</strong></span> <span class='ocrx_word' id='word_1_679' title='bbox 3135 2394 3208 2438; x_wconf 87' lang='lat' dir='ltr'><strong>est</strong></span> <span class='ocrx_word' id='word_1_680' title='bbox 3240 2400 3390 2455; x_wconf 84' lang='lat' dir='ltr'><strong>super</strong></span> <span class='ocrx_word' id='word_1_681' title='bbox 3418 2401 3508 2438; x_wconf 87' lang='lat' dir='ltr'><strong>nos</strong></span> <span class='ocrx_word' id='word_1_682' title='bbox 3533 2384 3701 2438; x_wconf 81' lang='lat' dir='ltr'><strong>lumen</strong></span> 
     </span>
    </p>
   </div>
   <div class='ocr_carea' id='block_1_81' title="bbox 2116 2474 3699 2548">
    <p class='ocr_par' dir='ltr' id='par_1_81' title="bbox 2116 2474 3699 2548">
     <span class='ocr_line' id='line_1_81' title="bbox 2116 2474 3699 2548; baseline 0.002 -21"><span class='ocrx_word' id='word_1_683' title='bbox 2116 2477 2282 2528; x_wconf 77' lang='lat' dir='ltr'><strong>vultus</strong></span> <span class='ocrx_word' id='word_1_684' title='bbox 2316 2475 2418 2539; x_wconf 85' lang='lat' dir='ltr'><strong>tui,</strong></span> <span class='ocrx_word' id='word_1_685' title='bbox 2447 2474 2680 2529; x_wconf 87' lang='lat' dir='ltr'><strong>Domine.</strong></span> <span class='ocrx_word' id='word_1_686' title='bbox 2713 2475 2827 2531; x_wconf 87' lang='lat' dir='ltr'><strong>Non</strong></span> <span class='ocrx_word' id='word_1_687' title='bbox 2851 2476 2986 2530; x_wconf 83' lang='lat' dir='ltr'><strong>dixit</strong></span> <span class='ocrx_word' id='word_1_688' title='bbox 3016 2517 3032 2542; x_wconf 88' lang='lat'><strong>,</strong></span> <span class='ocrx_word' id='word_1_689' title='bbox 3062 2476 3356 2548; x_wconf 89' lang='lat' dir='ltr'><strong>Apparuit;</strong></span> <span class='ocrx_word' id='word_1_690' title='bbox 3385 2491 3492 2531; x_wconf 92' lang='lat' dir='ltr'><strong>non</strong></span> <span class='ocrx_word' id='word_1_691' title='bbox 3521 2475 3657 2530; x_wconf 82' lang='lat' dir='ltr'><strong>dixit</strong></span> <span class='ocrx_word' id='word_1_692' title='bbox 3683 2518 3699 2541; x_wconf 94' lang='lat'><strong>,</strong></span> 
     </span>
    </p>
   </div>
   <div class='ocr_carea' id='block_1_82' title="bbox 2117 2564 3700 2639">
    <p class='ocr_par' dir='ltr' id='par_1_82' title="bbox 2117 2564 3700 2639">
     <span class='ocr_line' id='line_1_82' title="bbox 2117 2564 3700 2639; baseline 0.003 -22"><span class='ocrx_word' id='word_1_693' title='bbox 2117 2564 2468 2632; x_wconf 80' lang='lat' dir='ltr'><strong>ReSplendttit</strong></span> <span class='ocrx_word' id='word_1_694' title='bbox 2497 2607 2511 2628; x_wconf 91' lang='lat'><strong>,</strong></span> <span class='ocrx_word' id='word_1_695' title='bbox 2555 2565 2648 2639; x_wconf 88' lang='lat' dir='ltr'><strong>sed</strong></span> <span class='ocrx_word' id='word_1_696' title='bbox 2681 2606 2696 2630; x_wconf 89' lang='lat'><strong>,</strong></span> <span class='ocrx_word' id='word_1_697' title='bbox 2751 2566 3023 2636; x_wconf 86' lang='lat' dir='ltr'><strong>Signatum</strong></span> <span class='ocrx_word' id='word_1_698' title='bbox 3062 2576 3133 2620; x_wconf 85' lang='lat' dir='ltr'><strong>est</strong></span> <span class='ocrx_word' id='word_1_699' title='bbox 3161 2582 3176 2621; x_wconf 89' lang='lat'><strong>:</strong></span> <span class='ocrx_word' id='word_1_700' title='bbox 3207 2567 3308 2621; x_wconf 90' lang='lat' dir='ltr'><strong>hoc</strong></span> <span class='ocrx_word' id='word_1_701' title='bbox 3351 2567 3653 2637; x_wconf 78' lang='lat' dir='ltr'><strong>signiﬁcans</strong></span> <span class='ocrx_word' id='word_1_702' title='bbox 3681 2607 3700 2633; x_wconf 84' lang='lat'><strong>,</strong></span> 
     </span>
    </p>
   </div>
   <div class='ocr_carea' id='block_1_83' title="bbox 2121 2655 3698 2728">
    <p class='ocr_par' dir='ltr' id='par_1_83' title="bbox 2121 2655 3698 2728">
     <span class='ocr_line' id='line_1_83' title="bbox 2121 2655 3698 2728; baseline 0.004 -22"><span class='ocrx_word' id='word_1_703' title='bbox 2121 2655 2566 2724; x_wconf 90' lang='lat' dir='ltr'><strong>quemadmodum</strong></span> <span class='ocrx_word' id='word_1_704' title='bbox 2593 2657 2731 2726; x_wconf 88' lang='lat' dir='ltr'><strong>quod</strong></span> <span class='ocrx_word' id='word_1_705' title='bbox 2754 2668 2836 2712; x_wconf 93' lang='lat' dir='ltr'><strong>est</strong></span> <span class='ocrx_word' id='word_1_706' title='bbox 2863 2659 2917 2711; x_wconf 93' lang='lat' dir='ltr'><strong>in</strong></span> <span class='ocrx_word' id='word_1_707' title='bbox 2948 2657 3121 2714; x_wconf 91' lang='lat' dir='ltr'><strong>fronte</strong></span> <span class='ocrx_word' id='word_1_708' title='bbox 3149 2659 3437 2728; x_wconf 86' lang='lat' dir='ltr'><strong>signatum,</strong></span> <span class='ocrx_word' id='word_1_709' title='bbox 3467 2669 3551 2712; x_wconf 88' lang='lat' dir='ltr'><strong>est</strong></span> <span class='ocrx_word' id='word_1_710' title='bbox 3577 2673 3698 2712; x_wconf 86' lang='lat' dir='ltr'><strong>om-</strong></span> 
     </span>
    </p>
   </div>
   <div class='ocr_carea' id='block_1_84' title="bbox 2123 2745 3698 2816">
    <p class='ocr_par' dir='ltr' id='par_1_84' title="bbox 2123 2745 3698 2816">
     <span class='ocr_line' id='line_1_84' title="bbox 2123 2745 3698 2816; baseline 0.001 -17"><span class='ocrx_word' id='word_1_711' title='bbox 2123 2745 2278 2799; x_wconf 91' lang='lat' dir='ltr'><strong>nibus</strong></span> <span class='ocrx_word' id='word_1_712' title='bbox 2313 2745 2650 2800; x_wconf 87' lang='lat' dir='ltr'><strong>manifestum</strong></span> <span class='ocrx_word' id='word_1_713' title='bbox 2676 2787 2692 2812; x_wconf 95' lang='lat'><strong>,</strong></span> <span class='ocrx_word' id='word_1_714' title='bbox 2724 2761 2822 2800; x_wconf 90' lang='lat' dir='ltr'><strong>nec</strong></span> <span class='ocrx_word' id='word_1_715' title='bbox 2852 2746 2966 2800; x_wconf 80' lang='lat' dir='ltr'><strong>fieri</strong></span> <span class='ocrx_word' id='word_1_716' title='bbox 2993 2756 3172 2814; x_wconf 89' lang='lat' dir='ltr'><strong>potest</strong></span> <span class='ocrx_word' id='word_1_717' title='bbox 3200 2756 3258 2800; x_wconf 90' lang='lat' dir='ltr'><strong>ut</strong></span> <span class='ocrx_word' id='word_1_718' title='bbox 3285 2747 3336 2801; x_wconf 90' lang='lat' dir='ltr'><strong>id</strong></span> <span class='ocrx_word' id='word_1_719' title='bbox 3363 2748 3592 2816; x_wconf 88' lang='lat' dir='ltr'><strong>aliquem</strong></span> <span class='ocrx_word' id='word_1_720' title='bbox 3621 2749 3698 2801; x_wconf 89' lang='lat' dir='ltr'><strong>la-</strong></span> 
     </span>
    </p>
   </div>
   <div class='ocr_carea' id='block_1_85' title="bbox 2123 2834 3704 2906">
    <p class='ocr_par' dir='ltr' id='par_1_85' title="bbox 2123 2834 3704 2906">
     <span class='ocr_line' id='line_1_85' title="bbox 2123 2834 3704 2906; baseline 0 -16"><span class='ocrx_word' id='word_1_721' title='bbox 2123 2845 2268 2902; x_wconf 89' lang='lat' dir='ltr'><strong>teat,</strong></span> <span class='ocrx_word' id='word_1_722' title='bbox 2299 2851 2398 2889; x_wconf 88' lang='lat' dir='ltr'><strong>nec</strong></span> <span class='ocrx_word' id='word_1_723' title='bbox 2443 2834 2630 2890; x_wconf 79' lang='lat' dir='ltr'><strong>faciem</strong></span> <span class='ocrx_word' id='word_1_724' title='bbox 2671 2836 2789 2890; x_wconf 89' lang='lat' dir='ltr'><strong>luce</strong></span> <span class='ocrx_word' id='word_1_725' title='bbox 2823 2836 3032 2906; x_wconf 87' lang='lat' dir='ltr'><strong>plenam</strong></span> <span class='ocrx_word' id='word_1_726' title='bbox 3067 2847 3122 2891; x_wconf 90' lang='lat' dir='ltr'><strong>et</strong></span> <span class='ocrx_word' id='word_1_727' title='bbox 3159 2837 3336 2892; x_wconf 87' lang='lat' dir='ltr'><strong>radios</strong></span> <span class='ocrx_word' id='word_1_728' title='bbox 3371 2838 3704 2893; x_wconf 88' lang='lat' dir='ltr'><strong>emittentem</strong></span> 
     </span>
    </p>
   </div>
   <div class='ocr_carea' id='block_1_86' title="bbox 2120 2914 3703 2998">
    <p class='ocr_par' dir='ltr' id='par_1_86' title="bbox 2120 2914 3703 2998">
     <span class='ocr_line' id='line_1_86' title="bbox 2120 2914 3703 2998; baseline 0.001 -19"><span class='ocrx_word' id='word_1_729' title='bbox 2120 2936 2294 2997; x_wconf 89' lang='lat' dir='ltr'><strong>potest</strong></span> <span class='ocrx_word' id='word_1_730' title='bbox 2319 2927 2438 2997; x_wconf 91' lang='lat' dir='ltr'><strong>quis</strong></span> <span class='ocrx_word' id='word_1_731' title='bbox 2463 2927 2710 2997; x_wconf 89' lang='lat' dir='ltr'><strong>ignorare</strong></span> <span class='ocrx_word' id='word_1_732' title='bbox 2735 2945 2747 2980; x_wconf 88' lang='lat'><strong>:</strong></span> <span class='ocrx_word' id='word_1_733' title='bbox 2780 2914 2885 2990; x_wconf 61' lang='lat' dir='ltr'><strong>ita,‘</strong></span> <span class='ocrx_word' id='word_1_734' title='bbox 2906 2927 3093 2998; x_wconf 88' lang='lat' dir='ltr'><strong>inquit,</strong></span> <span class='ocrx_word' id='word_1_735' title='bbox 3124 2941 3223 2982; x_wconf 92' lang='lat' dir='ltr'><strong>nec</strong></span> <span class='ocrx_word' id='word_1_736' title='bbox 3250 2935 3391 2981; x_wconf 89' lang='lat' dir='ltr'><strong>tuam</strong></span> <span class='ocrx_word' id='word_1_737' title='bbox 3419 2926 3703 2998; x_wconf 89' lang='lat' dir='ltr'><strong>providen-</strong></span> 
     </span>
    </p>
   </div>
   <div class='ocr_carea' id='block_1_87' title="bbox 2120 3016 3702 3088">
    <p class='ocr_par' dir='ltr' id='par_1_87' title="bbox 2120 3016 3702 3088">
     <span class='ocr_line' id='line_1_87' title="bbox 2120 3016 3702 3088; baseline -0.001 -16"><span class='ocrx_word' id='word_1_738' title='bbox 2120 3018 2268 3074; x_wconf 90' lang='lat' dir='ltr'><strong>tiam.</strong></span> <span class='ocrx_word' id='word_1_739' title='bbox 2293 3017 2440 3074; x_wconf 91' lang='lat' dir='ltr'><strong>Sicut</strong></span> <span class='ocrx_word' id='word_1_740' title='bbox 2468 3018 2610 3072; x_wconf 92' lang='lat' dir='ltr'><strong>enim</strong></span> <span class='ocrx_word' id='word_1_741' title='bbox 2642 3018 2728 3072; x_wconf 82' lang='lat' dir='ltr'><strong>lux</strong></span> <span class='ocrx_word' id='word_1_742' title='bbox 2759 3018 2962 3088; x_wconf 82' lang='lat' dir='ltr'><strong>signata</strong></span> <span class='ocrx_word' id='word_1_743' title='bbox 2991 3059 3007 3084; x_wconf 89' lang='lat'><strong>,</strong></span> <span class='ocrx_word' id='word_1_744' title='bbox 3037 3018 3138 3072; x_wconf 85' lang='lat' dir='ltr'><strong>hoc</strong></span> <span class='ocrx_word' id='word_1_745' title='bbox 3163 3026 3246 3072; x_wconf 86' lang='lat' dir='ltr'><strong>est</strong></span> <span class='ocrx_word' id='word_1_746' title='bbox 3277 3058 3292 3082; x_wconf 96' lang='lat'><strong>,</strong></span> <span class='ocrx_word' id='word_1_747' title='bbox 3322 3018 3372 3072; x_wconf 91' lang='lat' dir='ltr'><strong>in</strong></span> <span class='ocrx_word' id='word_1_748' title='bbox 3414 3016 3558 3072; x_wconf 90' lang='lat' dir='ltr'><strong>vultu</strong></span> <span class='ocrx_word' id='word_1_749' title='bbox 3599 3017 3702 3070; x_wconf 91' lang='lat' dir='ltr'><strong>im-</strong></span> 
     </span>
    </p>
   </div>
   <div class='ocr_carea' id='block_1_88' title="bbox 2118 3111 3702 3181">
    <p class='ocr_par' dir='ltr' id='par_1_88' title="bbox 2118 3111 3702 3181">
     <span class='ocr_line' id='line_1_88' title="bbox 2118 3111 3702 3181; baseline -0.001 -15"><span class='ocrx_word' id='word_1_750' title='bbox 2118 3126 2299 3180; x_wconf 89' lang='lat' dir='ltr'><strong>pressa</strong></span> <span class='ocrx_word' id='word_1_751' title='bbox 2323 3121 2377 3165; x_wconf 88' lang='lat' dir='ltr'><strong>et</strong></span> <span class='ocrx_word' id='word_1_752' title='bbox 2408 3111 2692 3181; x_wconf 87' lang='lat' dir='ltr'><strong>insculpta,</strong></span> <span class='ocrx_word' id='word_1_753' title='bbox 2724 3120 2806 3167; x_wconf 85' lang='lat' dir='ltr'><strong>est</strong></span> <span class='ocrx_word' id='word_1_754' title='bbox 2833 3111 3112 3166; x_wconf 87' lang='lat' dir='ltr'><strong>manifesta</strong></span> <span class='ocrx_word' id='word_1_755' title='bbox 3135 3111 3414 3166; x_wconf 88' lang='lat' dir='ltr'><strong>omnibus:</strong></span> <span class='ocrx_word' id='word_1_756' title='bbox 3442 3112 3512 3166; x_wconf 88' lang='lat' dir='ltr'><strong>ita</strong></span> <span class='ocrx_word' id='word_1_757' title='bbox 3545 3111 3702 3165; x_wconf 85' lang='lat' dir='ltr'><strong>etiam</strong></span> 
     </span>
    </p>
   </div>
   <div class='ocr_carea' id='block_1_89' title="bbox 2120 3201 3700 3272">
    <p class='ocr_par' dir='ltr' id='par_1_89' title="bbox 2120 3201 3700 3272">
     <span class='ocr_line' id='line_1_89' title="bbox 2120 3201 3700 3272; baseline 0.002 -19"><span class='ocrx_word' id='word_1_758' title='bbox 2120 3202 2450 3272; x_wconf 81' lang='lat' dir='ltr'><strong>providentia</strong></span> <span class='ocrx_word' id='word_1_759' title='bbox 2485 3213 2587 3257; x_wconf 72' lang='lat' dir='ltr'><strong>tua:</strong></span> <span class='ocrx_word' id='word_1_760' title='bbox 2617 3202 2976 3272; x_wconf 85' lang='lat' dir='ltr'><strong>benignitatis.</strong></span> <span class='ocrx_word' id='word_1_761' title='bbox 3005 3202 3204 3258; x_wconf 90' lang='lat' dir='ltr'><strong>Lucem</strong></span> <span class='ocrx_word' id='word_1_762' title='bbox 3231 3203 3373 3258; x_wconf 91' lang='lat' dir='ltr'><strong>enim</strong></span> <span class='ocrx_word' id='word_1_763' title='bbox 3409 3201 3496 3256; x_wconf 88' lang='lat' dir='ltr'><strong>hic</strong></span> <span class='ocrx_word' id='word_1_764' title='bbox 3530 3202 3654 3257; x_wconf 90' lang='lat' dir='ltr'><strong>dicit</strong></span> <span class='ocrx_word' id='word_1_765' title='bbox 3683 3244 3700 3267; x_wconf 96' lang='lat'><strong>,</strong></span> 
     </span>
    </p>
   </div>
   <div class='ocr_carea' id='block_1_90' title="bbox 2115 3293 3701 3365">
    <p class='ocr_par' dir='ltr' id='par_1_90' title="bbox 2115 3293 3701 3365">
     <span class='ocr_line' id='line_1_90' title="bbox 2115 3293 3701 3365; baseline 0.001 -17"><span class='ocrx_word' id='word_1_766' title='bbox 2115 3293 2478 3348; x_wconf 89' lang='lat' dir='ltr'><strong>defensionem</strong></span> <span class='ocrx_word' id='word_1_767' title='bbox 2506 3335 2522 3362; x_wconf 95' lang='lat'><strong>,</strong></span> <span class='ocrx_word' id='word_1_768' title='bbox 2563 3297 2864 3364; x_wconf 75' lang='lat' dir='ltr'><strong>przesidium</strong></span> <span class='ocrx_word' id='word_1_769' title='bbox 2899 3337 2915 3362; x_wconf 92' lang='lat'><strong>,</strong></span> <span class='ocrx_word' id='word_1_770' title='bbox 2961 3296 3213 3350; x_wconf 89' lang='lat' dir='ltr'><strong>auxilium</strong></span> <span class='ocrx_word' id='word_1_771' title='bbox 3243 3337 3258 3363; x_wconf 94' lang='lat'><strong>,</strong></span> <span class='ocrx_word' id='word_1_772' title='bbox 3291 3295 3701 3365; x_wconf 83' lang='lat' dir='ltr'><strong>providentiam.</strong></span> 
     </span>
    </p>
   </div>
   <div class='ocr_carea' id='block_1_91' title="bbox 2118 3385 3700 3458">
    <p class='ocr_par' dir='ltr' id='par_1_91' title="bbox 2118 3385 3700 3458">
     <span class='ocr_line' id='line_1_91' title="bbox 2118 3385 3700 3458; baseline 0.001 -18"><span class='ocrx_word' id='word_1_773' title='bbox 2118 3385 2317 3441; x_wconf 91' lang='lat' dir='ltr'><strong>Deinde</strong></span> <span class='ocrx_word' id='word_1_774' title='bbox 2344 3402 2463 3441; x_wconf 91' lang='lat' dir='ltr'><strong>cum</strong></span> <span class='ocrx_word' id='word_1_775' title='bbox 2487 3386 2589 3442; x_wconf 92' lang='lat' dir='ltr'><strong>hoc</strong></span> <span class='ocrx_word' id='word_1_776' title='bbox 2620 3389 3015 3457; x_wconf 86' lang='lat' dir='ltr'><strong>pronuntiasset</strong></span> <span class='ocrx_word' id='word_1_777' title='bbox 3034 3429 3048 3450; x_wconf 87' lang='lat'><strong>,</strong></span> <span class='ocrx_word' id='word_1_778' title='bbox 3085 3388 3355 3458; x_wconf 88' lang='lat' dir='ltr'><strong>subjungit</strong></span> <span class='ocrx_word' id='word_1_779' title='bbox 3381 3389 3541 3444; x_wconf 85' lang='lat' dir='ltr'><strong>etiam</strong></span> <span class='ocrx_word' id='word_1_780' title='bbox 3573 3404 3700 3458; x_wconf 86' lang='lat' dir='ltr'><strong>pro-</strong></span> 
     </span>
    </p>
   </div>
   <div class='ocr_carea' id='block_1_92' title="bbox 2117 3478 3704 3545">
    <p class='ocr_par' dir='ltr' id='par_1_92' title="bbox 2117 3478 3704 3545">
     <span class='ocr_line' id='line_1_92' title="bbox 2117 3478 3704 3545; baseline 0 -12"><span class='ocrx_word' id='word_1_781' title='bbox 2117 3478 2410 3533; x_wconf 88' lang='lat' dir='ltr'><strong>bationem.</strong></span> <span class='ocrx_word' id='word_1_782' title='bbox 2437 3479 2732 3545; x_wconf 88' lang='lat' dir='ltr'><strong>Quamnam</strong></span> <span class='ocrx_word' id='word_1_783' title='bbox 2761 3479 2982 3536; x_wconf 83' lang='lat' dir='ltr'><strong>autem?</strong></span> <span class='ocrx_word' id='word_1_784' title='bbox 3008 3478 3206 3534; x_wconf 79' lang='lat' dir='ltr'><strong>Dedisti</strong></span> <span class='ocrx_word' id='word_1_785' title='bbox 3225 3479 3449 3534; x_wconf 67' lang='lat' dir='ltr'><strong>latitiam</strong></span> <span class='ocrx_word' id='word_1_786' title='bbox 3473 3482 3526 3534; x_wconf 86' lang='lat' dir='ltr'><strong>in</strong></span> <span class='ocrx_word' id='word_1_787' title='bbox 3553 3480 3704 3533; x_wconf 82' lang='lat' dir='ltr'><strong>corde</strong></span> 
     </span>
    </p>
   </div>
   <div class='ocr_carea' id='block_1_93' title="bbox 2116 3569 3703 3642">
    <p class='ocr_par' dir='ltr' id='par_1_93' title="bbox 2116 3569 3703 3642">
     <span class='ocr_line' id='line_1_93' title="bbox 2116 3569 3703 3642; baseline 0.002 -20"><span class='ocrx_word' id='word_1_788' title='bbox 2116 3586 2244 3624; x_wconf 87' lang='lat' dir='ltr'><strong>meo.</strong></span> <span class='ocrx_word' id='word_1_789' title='bbox 2275 3569 2559 3642; x_wconf 86' lang='lat' dir='ltr'><strong>Postquam</strong></span> <span class='ocrx_word' id='word_1_790' title='bbox 2598 3571 3041 3626; x_wconf 88' lang='lat' dir='ltr'><strong>inconsideratam</strong></span> <span class='ocrx_word' id='word_1_791' title='bbox 3089 3571 3434 3642; x_wconf 89' lang='lat' dir='ltr'><strong>reprehendit</strong></span> <span class='ocrx_word' id='word_1_792' title='bbox 3463 3572 3703 3626; x_wconf 85' lang='lat' dir='ltr'><strong>multitu-</strong></span> 
     </span>
    </p>
   </div>
   <div class='ocr_carea' id='block_1_94' title="bbox 2115 3661 3706 3734">
    <p class='ocr_par' dir='ltr' id='par_1_94' title="bbox 2115 3661 3706 3734">
     <span class='ocr_line' id='line_1_94' title="bbox 2115 3661 3706 3734; baseline 0.001 -18"><span class='ocrx_word' id='word_1_793' title='bbox 2115 3661 2293 3717; x_wconf 89' lang='lat' dir='ltr'><strong>dinem</strong></span> <span class='ocrx_word' id='word_1_794' title='bbox 2327 3703 2342 3728; x_wconf 90' lang='lat'><strong>,</strong></span> <span class='ocrx_word' id='word_1_795' title='bbox 2374 3678 2440 3717; x_wconf 86' lang='lat' dir='ltr'><strong>ex</strong></span> <span class='ocrx_word' id='word_1_796' title='bbox 2483 3664 2548 3718; x_wconf 92' lang='lat' dir='ltr'><strong>iis</strong></span> <span class='ocrx_word' id='word_1_797' title='bbox 2575 3665 2662 3734; x_wconf 90' lang='lat' dir='ltr'><strong>qui</strong></span> <span class='ocrx_word' id='word_1_798' title='bbox 2703 3665 2914 3734; x_wconf 88' lang='lat' dir='ltr'><strong>sapiunt</strong></span> <span class='ocrx_word' id='word_1_799' title='bbox 2956 3674 3011 3719; x_wconf 93' lang='lat' dir='ltr'><strong>et</strong></span> <span class='ocrx_word' id='word_1_800' title='bbox 3047 3667 3162 3719; x_wconf 90' lang='lat' dir='ltr'><strong>sani</strong></span> <span class='ocrx_word' id='word_1_801' title='bbox 3206 3673 3332 3719; x_wconf 88' lang='lat' dir='ltr'><strong>sunt</strong></span> <span class='ocrx_word' id='word_1_802' title='bbox 3372 3665 3464 3719; x_wconf 93' lang='lat' dir='ltr'><strong>Dei</strong></span> <span class='ocrx_word' id='word_1_803' title='bbox 3508 3663 3706 3734; x_wconf 85' lang='lat' dir='ltr'><strong>probat</strong></span> 
     </span>
    </p>
   </div>
   <div class='ocr_carea' id='block_1_95' title="bbox 2115 3755 3701 3825">
    <p class='ocr_par' dir='ltr' id='par_1_95' title="bbox 2115 3755 3701 3825">
     <span class='ocr_line' id='line_1_95' title="bbox 2115 3755 3701 3825; baseline -0.001 -15"><span class='ocrx_word' id='word_1_804' title='bbox 2115 3755 2522 3825; x_wconf 85' lang='lat' dir='ltr'><strong>providentiam,</strong></span> <span class='ocrx_word' id='word_1_805' title='bbox 2553 3766 2607 3810; x_wconf 89' lang='lat' dir='ltr'><strong>et</strong></span> <span class='ocrx_word' id='word_1_806' title='bbox 2631 3756 2760 3811; x_wconf 89' lang='lat' dir='ltr'><strong>dicit</strong></span> <span class='ocrx_word' id='word_1_807' title='bbox 2783 3773 2796 3809; x_wconf 90' lang='lat'><strong>:</strong></span> <span class='ocrx_word' id='word_1_808' title='bbox 2835 3755 3029 3810; x_wconf 84' lang='lat' dir='ltr'><strong>Dedisti</strong></span> <span class='ocrx_word' id='word_1_809' title='bbox 3049 3757 3276 3810; x_wconf 79' lang='lat' dir='ltr'><strong>ltetitiam</strong></span> <span class='ocrx_word' id='word_1_810' title='bbox 3302 3758 3353 3810; x_wconf 87' lang='lat' dir='ltr'><strong>in</strong></span> <span class='ocrx_word' id='word_1_811' title='bbox 3373 3756 3526 3810; x_wconf 86' lang='lat' dir='ltr'><strong>corde</strong></span> <span class='ocrx_word' id='word_1_812' title='bbox 3552 3771 3701 3819; x_wconf 80' lang='lat' dir='ltr'><strong>nico;</strong></span> 
     </span>
    </p>
   </div>
   <div class='ocr_carea' id='block_1_96' title="bbox 2116 3844 3704 3916">
    <p class='ocr_par' dir='ltr' id='par_1_96' title="bbox 2116 3844 3704 3916">
     <span class='ocr_line' id='line_1_96' title="bbox 2116 3844 3704 3916; baseline 0 -16"><span class='ocrx_word' id='word_1_813' title='bbox 2116 3846 2217 3902; x_wconf 90' lang='lat' dir='ltr'><strong>hoc</strong></span> <span class='ocrx_word' id='word_1_814' title='bbox 2245 3856 2360 3911; x_wconf 88' lang='lat' dir='ltr'><strong>est,</strong></span> <span class='ocrx_word' id='word_1_815' title='bbox 2387 3847 2622 3901; x_wconf 88' lang='lat' dir='ltr'><strong>Docuisti</strong></span> <span class='ocrx_word' id='word_1_816' title='bbox 2656 3862 2742 3901; x_wconf 89' lang='lat' dir='ltr'><strong>me</strong></span> <span class='ocrx_word' id='word_1_817' title='bbox 2773 3846 3130 3916; x_wconf 81' lang='lat' dir='ltr'><strong>philosophari</strong></span> <span class='ocrx_word' id='word_1_818' title='bbox 3164 3887 3180 3912; x_wconf 94' lang='lat'><strong>,</strong></span> <span class='ocrx_word' id='word_1_819' title='bbox 3212 3861 3298 3901; x_wconf 90' lang='lat' dir='ltr'><strong>res</strong></span> <span class='ocrx_word' id='word_1_820' title='bbox 3330 3845 3537 3916; x_wconf 66' lang='lat' dir='ltr'><strong>quat-ad</strong></span> <span class='ocrx_word' id='word_1_821' title='bbox 3565 3844 3704 3900; x_wconf 87' lang='lat' dir='ltr'><strong>hanc</strong></span> 
     </span>
    </p>
   </div>
   <div class='ocr_carea' id='block_1_97' title="bbox 2116 3937 3702 4006">
    <p class='ocr_par' dir='ltr' id='par_1_97' title="bbox 2116 3937 3702 4006">
     <span class='ocr_line' id='line_1_97' title="bbox 2116 3937 3702 4006; baseline -0.001 -16"><span class='ocrx_word' id='word_1_822' title='bbox 2116 3938 2276 3992; x_wconf 89' lang='lat' dir='ltr'><strong>vitam</strong></span> <span class='ocrx_word' id='word_1_823' title='bbox 2318 3937 2585 4006; x_wconf 87' lang='lat' dir='ltr'><strong>pertinent</strong></span> <span class='ocrx_word' id='word_1_824' title='bbox 2612 3937 2920 4005; x_wconf 90' lang='lat' dir='ltr'><strong>aspernari,</strong></span> <span class='ocrx_word' id='word_1_825' title='bbox 2949 3951 3010 3990; x_wconf 90' lang='lat' dir='ltr'><strong>ea</strong></span> <span class='ocrx_word' id='word_1_826' title='bbox 3038 3939 3176 3990; x_wconf 87' lang='lat' dir='ltr'><strong>scire</strong></span> <span class='ocrx_word' id='word_1_827' title='bbox 3197 3952 3315 4005; x_wconf 83' lang='lat' dir='ltr'><strong>quze</strong></span> <span class='ocrx_word' id='word_1_828' title='bbox 3343 3945 3468 3991; x_wconf 89' lang='lat' dir='ltr'><strong>sunt</strong></span> <span class='ocrx_word' id='word_1_829' title='bbox 3491 3951 3615 3990; x_wconf 89' lang='lat' dir='ltr'><strong>vera</strong></span> <span class='ocrx_word' id='word_1_830' title='bbox 3639 3951 3702 3989; x_wconf 88' lang='lat' dir='ltr'><strong>ac</strong></span> 
     </span>
    </p>
   </div>
   <div class='ocr_carea' id='block_1_98' title="bbox 2117 4023 3705 4095">
    <p class='ocr_par' dir='ltr' id='par_1_98' title="bbox 2117 4023 3705 4095">
     <span class='ocr_line' id='line_1_98' title="bbox 2117 4023 3705 4095; baseline -0.003 -14"><span class='ocrx_word' id='word_1_831' title='bbox 2117 4026 2508 4095; x_wconf 88' lang='lat' dir='ltr'><strong>permanentia,</strong></span> <span class='ocrx_word' id='word_1_832' title='bbox 2539 4033 2597 4078; x_wconf 90' lang='lat' dir='ltr'><strong>ut</strong></span> <span class='ocrx_word' id='word_1_833' title='bbox 2622 4025 2760 4078; x_wconf 87' lang='lat' dir='ltr'><strong>bona</strong></span> <span class='ocrx_word' id='word_1_834' title='bbox 2789 4039 2883 4091; x_wconf 87' lang='lat' dir='ltr'><strong>spe</strong></span> <span class='ocrx_word' id='word_1_835' title='bbox 2907 4024 3128 4077; x_wconf 89' lang='lat' dir='ltr'><strong>ducerer</strong></span> <span class='ocrx_word' id='word_1_836' title='bbox 3152 4023 3372 4079; x_wconf 83' lang='lat' dir='ltr'><strong>ell‘ecisti</strong></span> <span class='ocrx_word' id='word_1_837' title='bbox 3423 4065 3437 4089; x_wconf 93' lang='lat'><strong>,</strong></span> <span class='ocrx_word' id='word_1_838' title='bbox 3469 4025 3535 4078; x_wconf 86' lang='lat' dir='ltr'><strong>ad</strong></span> <span class='ocrx_word' id='word_1_839' title='bbox 3563 4023 3705 4078; x_wconf 77' lang='lat' dir='ltr'><strong>futu-</strong></span> 
     </span>
    </p>
   </div>
   <div class='ocr_carea' id='block_1_99' title="bbox 2119 4112 3703 4184">
    <p class='ocr_par' dir='ltr' id='par_1_99' title="bbox 2119 4112 3703 4184">
     <span class='ocr_line' id='line_1_99' title="bbox 2119 4112 3703 4184; baseline -0.002 -13"><span class='ocrx_word' id='word_1_840' title='bbox 2119 4131 2232 4171; x_wconf 87' lang='lat' dir='ltr'><strong>ram</strong></span> <span class='ocrx_word' id='word_1_841' title='bbox 2261 4117 2422 4169; x_wconf 90' lang='lat' dir='ltr'><strong>vitam</strong></span> <span class='ocrx_word' id='word_1_842' title='bbox 2449 4129 2606 4168; x_wconf 90' lang='lat' dir='ltr'><strong>manu</strong></span> <span class='ocrx_word' id='word_1_843' title='bbox 2632 4112 2849 4179; x_wconf 82' lang='lat' dir='ltr'><strong>duxisti;</strong></span> <span class='ocrx_word' id='word_1_844' title='bbox 2872 4122 2993 4166; x_wconf 89' lang='lat' dir='ltr'><strong>ante</strong></span> <span class='ocrx_word' id='word_1_845' title='bbox 3022 4113 3278 4168; x_wconf 90' lang='lat' dir='ltr'><strong>bonorum</strong></span> <span class='ocrx_word' id='word_1_846' title='bbox 3307 4115 3703 4184; x_wconf 89' lang='lat' dir='ltr'><strong>perceptionem</strong></span> 
     </span>
    </p>
   </div>
   <div class='ocr_carea' id='block_1_100' title="bbox 2117 4203 3704 4276">
    <p class='ocr_par' dir='ltr' id='par_1_100' title="bbox 2117 4203 3704 4276">
     <span class='ocr_line' id='line_1_100' title="bbox 2117 4203 3704 4276; baseline -0.002 -13"><span class='ocrx_word' id='word_1_847' title='bbox 2117 4222 2206 4263; x_wconf 88' lang='lat' dir='ltr'><strong>me</strong></span> <span class='ocrx_word' id='word_1_848' title='bbox 2235 4207 2288 4261; x_wconf 92' lang='lat' dir='ltr'><strong>in</strong></span> <span class='ocrx_word' id='word_1_849' title='bbox 2317 4221 2464 4276; x_wconf 89' lang='lat' dir='ltr'><strong>spem</strong></span> <span class='ocrx_word' id='word_1_850' title='bbox 2491 4205 2754 4261; x_wconf 90' lang='lat' dir='ltr'><strong>bonorum</strong></span> <span class='ocrx_word' id='word_1_851' title='bbox 2783 4205 3019 4262; x_wconf 87' lang='lat' dir='ltr'><strong>erexisti.</strong></span> <span class='ocrx_word' id='word_1_852' title='bbox 3047 4203 3136 4260; x_wconf 92' lang='lat' dir='ltr'><strong>Sic</strong></span> <span class='ocrx_word' id='word_1_853' title='bbox 3160 4213 3304 4260; x_wconf 90' lang='lat' dir='ltr'><strong>recte</strong></span> <span class='ocrx_word' id='word_1_854' title='bbox 3330 4206 3577 4275; x_wconf 90' lang='lat' dir='ltr'><strong>loquutus</strong></span> <span class='ocrx_word' id='word_1_855' title='bbox 3600 4216 3704 4261; x_wconf 91' lang='lat' dir='ltr'><strong>est.</strong></span> 
     </span>
    </p>
   </div>
   <div class='ocr_carea' id='block_1_101' title="bbox 2193 4294 3704 4368">
    <p class='ocr_par' dir='ltr' id='par_1_101' title="bbox 2193 4294 3704 4368">
     <span class='ocr_line' id='line_1_101' title="bbox 2193 4294 3704 4368; baseline -0.001 -18"><span class='ocrx_word' id='word_1_856' title='bbox 2193 4297 2280 4351; x_wconf 79' lang='lat' dir='ltr'><strong>lO.</strong></span> <span class='ocrx_word' id='word_1_857' title='bbox 2313 4296 2365 4350; x_wconf 91' lang='lat' dir='ltr'><strong>Si</strong></span> <span class='ocrx_word' id='word_1_858' title='bbox 2398 4296 2516 4366; x_wconf 89' lang='lat' dir='ltr'><strong>quis</strong></span> <span class='ocrx_word' id='word_1_859' title='bbox 2545 4297 2688 4352; x_wconf 90' lang='lat' dir='ltr'><strong>enim</strong></span> <span class='ocrx_word' id='word_1_860' title='bbox 2717 4297 2977 4368; x_wconf 65' lang='lat' dir='ltr'><strong>pecuniae,</strong></span> <span class='ocrx_word' id='word_1_861' title='bbox 3020 4297 3101 4352; x_wconf 87' lang='lat' dir='ltr'><strong>vel</strong></span> <span class='ocrx_word' id='word_1_862' title='bbox 3131 4296 3289 4352; x_wconf 88' lang='lat' dir='ltr'><strong>etiam</strong></span> <span class='ocrx_word' id='word_1_863' title='bbox 3326 4294 3551 4366; x_wconf 91' lang='lat' dir='ltr'><strong>alicujus</strong></span> <span class='ocrx_word' id='word_1_864' title='bbox 3589 4311 3704 4349; x_wconf 90' lang='lat' dir='ltr'><strong>ma-</strong></span> 
     </span>
    </p>
   </div>
   <div class='ocr_carea' id='block_1_102' title="bbox 2120 4387 3704 4460">
    <p class='ocr_par' dir='ltr' id='par_1_102' title="bbox 2120 4387 3704 4460">
     <span class='ocr_line' id='line_1_102' title="bbox 2120 4387 3704 4460; baseline 0.001 -18"><span class='ocrx_word' id='word_1_865' title='bbox 2120 4387 2249 4442; x_wconf 87' lang='lat' dir='ltr'><strong>ximi</strong></span> <span class='ocrx_word' id='word_1_866' title='bbox 2293 4388 2619 4460; x_wconf 80' lang='lat' dir='ltr'><strong>principatus</strong></span> <span class='ocrx_word' id='word_1_867' title='bbox 2649 4388 2804 4444; x_wconf 89' lang='lat' dir='ltr'><strong>heres</strong></span> <span class='ocrx_word' id='word_1_868' title='bbox 2841 4389 3048 4452; x_wconf 86' lang='lat' dir='ltr'><strong>futurus</strong></span> <span class='ocrx_word' id='word_1_869' title='bbox 3077 4431 3094 4458; x_wconf 95' lang='lat'><strong>,</strong></span> <span class='ocrx_word' id='word_1_870' title='bbox 3122 4405 3225 4445; x_wconf 92' lang='lat' dir='ltr'><strong>non</strong></span> <span class='ocrx_word' id='word_1_871' title='bbox 3261 4390 3432 4444; x_wconf 88' lang='lat' dir='ltr'><strong>solum</strong></span> <span class='ocrx_word' id='word_1_872' title='bbox 3466 4400 3704 4458; x_wconf 86' lang='lat' dir='ltr'><strong>tempore</strong></span> 
     </span>
    </p>
   </div>
   <div class='ocr_carea' id='block_1_103' title="bbox 2119 4481 3702 4554">
    <p class='ocr_par' dir='ltr' id='par_1_103' title="bbox 2119 4481 3702 4554">
     <span class='ocr_line' id='line_1_103' title="bbox 2119 4481 3702 4554; baseline 0.001 -18"><span class='ocrx_word' id='word_1_873' title='bbox 2119 4481 2494 4552; x_wconf 89' lang='lat' dir='ltr'><strong>perceptionis,</strong></span> <span class='ocrx_word' id='word_1_874' title='bbox 2524 4482 2622 4538; x_wconf 90' lang='lat' dir='ltr'><strong>sed</strong></span> <span class='ocrx_word' id='word_1_875' title='bbox 2645 4483 2806 4538; x_wconf 90' lang='lat' dir='ltr'><strong>etiam</strong></span> <span class='ocrx_word' id='word_1_876' title='bbox 2834 4494 3115 4552; x_wconf 86' lang='lat' dir='ltr'><strong>antequam</strong></span> <span class='ocrx_word' id='word_1_877' title='bbox 3139 4498 3203 4538; x_wconf 88' lang='lat' dir='ltr'><strong>ea</strong></span> <span class='ocrx_word' id='word_1_878' title='bbox 3229 4483 3565 4554; x_wconf 80' lang='lat' dir='ltr'><strong>experiatur,</strong></span> <span class='ocrx_word' id='word_1_879' title='bbox 3593 4482 3702 4537; x_wconf 88' lang='lat' dir='ltr'><strong>eri-</strong></span> 
     </span>
    </p>
   </div>
   <div class='ocr_carea' id='block_1_104' title="bbox 2115 4577 3704 4648">
    <p class='ocr_par' dir='ltr' id='par_1_104' title="bbox 2115 4577 3704 4648">
     <span class='ocr_line' id='line_1_104' title="bbox 2115 4577 3704 4648; baseline 0 -18"><span class='ocrx_word' id='word_1_880' title='bbox 2115 4577 2256 4648; x_wconf 88' lang='lat' dir='ltr'><strong>gitur</strong></span> <span class='ocrx_word' id='word_1_881' title='bbox 2285 4577 2702 4646; x_wconf 80' lang='lat' dir='ltr'><strong>exspectatione,</strong></span> <span class='ocrx_word' id='word_1_882' title='bbox 2728 4592 2792 4633; x_wconf 83' lang='lat' dir='ltr'><strong>ex</strong></span> <span class='ocrx_word' id='word_1_883' title='bbox 2823 4591 2918 4646; x_wconf 91' lang='lat' dir='ltr'><strong>spe</strong></span> <span class='ocrx_word' id='word_1_884' title='bbox 2946 4593 3190 4647; x_wconf 85' lang='lat' dir='ltr'><strong>magnam</strong></span> <span class='ocrx_word' id='word_1_885' title='bbox 3215 4577 3540 4646; x_wconf 87' lang='lat' dir='ltr'><strong>voluptatem</strong></span> <span class='ocrx_word' id='word_1_886' title='bbox 3583 4592 3704 4646; x_wconf 82' lang='lat' dir='ltr'><strong>per-</strong></span> 
     </span>
    </p>
   </div>
   <div class='ocr_carea' id='block_1_105' title="bbox 2119 4667 3701 4738">
    <p class='ocr_par' dir='ltr' id='par_1_105' title="bbox 2119 4667 3701 4738">
     <span class='ocr_line' id='line_1_105' title="bbox 2119 4667 3701 4738; baseline -0.001 -14"><span class='ocrx_word' id='word_1_887' title='bbox 2119 4679 2280 4738; x_wconf 88' lang='lat' dir='ltr'><strong>petuo</strong></span> <span class='ocrx_word' id='word_1_888' title='bbox 2305 4670 2542 4738; x_wconf 89' lang='lat' dir='ltr'><strong>capiens,</strong></span> <span class='ocrx_word' id='word_1_889' title='bbox 2576 4669 2749 4738; x_wconf 87' lang='lat' dir='ltr'><strong>cogita</strong></span> <span class='ocrx_word' id='word_1_890' title='bbox 2775 4667 2985 4738; x_wconf 88' lang='lat' dir='ltr'><strong>qualem</strong></span> <span class='ocrx_word' id='word_1_891' title='bbox 3013 4684 3133 4724; x_wconf 91' lang='lat' dir='ltr'><strong>eum</strong></span> <span class='ocrx_word' id='word_1_892' title='bbox 3156 4683 3274 4724; x_wconf 90' lang='lat' dir='ltr'><strong>esse</strong></span> <span class='ocrx_word' id='word_1_893' title='bbox 3288 4678 3701 4724; x_wconf 90' lang='lat' dir='ltr'><strong>consentaneum</strong></span> 
     </span>
    </p>
   </div>
   <div class='ocr_carea' id='block_1_106' title="bbox 2118 4763 3705 4834">
    <p class='ocr_par' dir='ltr' id='par_1_106' title="bbox 2118 4763 3705 4834">
     <span class='ocr_line' id='line_1_106' title="bbox 2118 4763 3705 4834; baseline -0.001 -15"><span class='ocrx_word' id='word_1_894' title='bbox 2118 4774 2220 4830; x_wconf 91' lang='lat' dir='ltr'><strong>est,</strong></span> <span class='ocrx_word' id='word_1_895' title='bbox 2245 4763 2334 4834; x_wconf 90' lang='lat' dir='ltr'><strong>qui</strong></span> <span class='ocrx_word' id='word_1_896' title='bbox 2374 4771 2650 4832; x_wconf 85' lang='lat' dir='ltr'><strong>exspectat</strong></span> <span class='ocrx_word' id='word_1_897' title='bbox 2686 4778 2912 4832; x_wconf 84' lang='lat' dir='ltr'><strong>regnum</strong></span> <span class='ocrx_word' id='word_1_898' title='bbox 2963 4763 3144 4818; x_wconf 86' lang='lat' dir='ltr'><strong>vivens</strong></span> <span class='ocrx_word' id='word_1_899' title='bbox 3184 4775 3239 4819; x_wconf 90' lang='lat' dir='ltr'><strong>et</strong></span> <span class='ocrx_word' id='word_1_900' title='bbox 3277 4764 3578 4820; x_wconf 87' lang='lat' dir='ltr'><strong>immortale</strong></span> <span class='ocrx_word' id='word_1_901' title='bbox 3605 4804 3618 4825; x_wconf 92' lang='lat'><strong>,</strong></span> <span class='ocrx_word' id='word_1_902' title='bbox 3651 4771 3705 4817; x_wconf 85' lang='lat' dir='ltr'><strong>et</strong></span> 
     </span>
    </p>
   </div>
   <div class='ocr_carea' id='block_1_107' title="bbox 2118 4847 3701 4926">
    <p class='ocr_par' dir='ltr' id='par_1_107' title="bbox 2118 4847 3701 4926">
     <span class='ocr_line' id='line_1_107' title="bbox 2118 4847 3701 4926; baseline -0.003 -13"><span class='ocrx_word' id='word_1_903' title='bbox 2118 4857 2255 4913; x_wconf 81' lang='lat' dir='ltr'><strong>bona</strong></span> <span class='ocrx_word' id='word_1_904' title='bbox 2285 4857 2370 4912; x_wconf 87' lang='lat' dir='ltr'><strong>illa</strong></span> <span class='ocrx_word' id='word_1_905' title='bbox 2403 4899 2417 4919; x_wconf 91' lang='lat'><strong>,</strong></span> <span class='ocrx_word' id='word_1_906' title='bbox 2449 4873 2568 4926; x_wconf 67' lang='lat' dir='ltr'><strong>qum</strong></span> <span class='ocrx_word' id='word_1_907' title='bbox 2612 4871 2712 4910; x_wconf 91' lang='lat' dir='ltr'><strong>nec</strong></span> <span class='ocrx_word' id='word_1_908' title='bbox 2752 4857 2938 4912; x_wconf 90' lang='lat' dir='ltr'><strong>oculus</strong></span> <span class='ocrx_word' id='word_1_909' title='bbox 2967 4857 3097 4910; x_wconf 90' lang='lat' dir='ltr'><strong>vidit</strong></span> <span class='ocrx_word' id='word_1_910' title='bbox 3128 4899 3142 4924; x_wconf 92' lang='lat'><strong>,</strong></span> <span class='ocrx_word' id='word_1_911' title='bbox 3175 4873 3276 4912; x_wconf 92' lang='lat' dir='ltr'><strong>nec</strong></span> <span class='ocrx_word' id='word_1_912' title='bbox 3301 4859 3443 4913; x_wconf 89' lang='lat' dir='ltr'><strong>auris</strong></span> <span class='ocrx_word' id='word_1_913' title='bbox 3469 4847 3701 4918; x_wconf 83' lang='lat' dir='ltr'><strong>audivit,</strong></span> 
     </span>
    </p>
   </div>
   <div class='ocr_carea' id='block_1_108' title="bbox 2121 4947 3704 5019">
    <p class='ocr_par' dir='ltr' id='par_1_108' title="bbox 2121 4947 3704 5019">
     <span class='ocr_line' id='line_1_108' title="bbox 2121 4947 3704 5019; baseline -0.004 -13"><span class='ocrx_word' id='word_1_914' title='bbox 2121 4967 2219 5006; x_wconf 88' lang='lat' dir='ltr'><strong>nec</strong></span> <span class='ocrx_word' id='word_1_915' title='bbox 2251 4952 2304 5004; x_wconf 90' lang='lat' dir='ltr'><strong>in</strong></span> <span class='ocrx_word' id='word_1_916' title='bbox 2327 4967 2421 5005; x_wconf 91' lang='lat' dir='ltr'><strong>cor</strong></span> <span class='ocrx_word' id='word_1_917' title='bbox 2444 4950 2675 5004; x_wconf 87' lang='lat' dir='ltr'><strong>hominis</strong></span> <span class='ocrx_word' id='word_1_918' title='bbox 2701 4949 3057 5005; x_wconf 88' lang='lat' dir='ltr'><strong>ascenderunt</strong></span> <span class='ocrx_word' id='word_1_919' title='bbox 3085 4951 3101 5019; x_wconf 96' lang='lat'>(</span> <span class='ocrx_word' id='word_1_920' title='bbox 3140 4950 3188 5004; x_wconf 79' lang='lat' dir='ltr'><strong>i.</strong></span> <span class='ocrx_word' id='word_1_921' title='bbox 3221 4949 3340 5006; x_wconf 88' lang='lat' dir='ltr'><strong>Cor.</strong></span> <span class='ocrx_word' id='word_1_922' title='bbox 3367 4951 3421 5003; x_wconf 74' lang='grc'><strong>2.</strong></span> <span class='ocrx_word' id='word_1_923' title='bbox 3447 4950 3482 5004; x_wconf 83' lang='lat'><strong>9</strong></span> <span class='ocrx_word' id='word_1_924' title='bbox 3507 4949 3548 5018; x_wconf 87' lang='lat'><strong>).</strong></span> <span class='ocrx_word' id='word_1_925' title='bbox 3582 4947 3704 5000; x_wconf 86' lang='lat' dir='ltr'><strong>Ideo</strong></span> 
     </span>
    </p>
   </div>
   <div class='ocr_carea' id='block_1_109' title="bbox 2121 5039 3706 5112">
    <p class='ocr_par' dir='ltr' id='par_1_109' title="bbox 2121 5039 3706 5112">
     <span class='ocr_line' id='line_1_109' title="bbox 2121 5039 3706 5112; baseline -0.003 -16"><span class='ocrx_word' id='word_1_926' title='bbox 2121 5042 2291 5112; x_wconf 90' lang='lat' dir='ltr'><strong>inquit</strong></span> <span class='ocrx_word' id='word_1_927' title='bbox 2317 5084 2332 5108; x_wconf 94' lang='lat'><strong>,</strong></span> <span class='ocrx_word' id='word_1_928' title='bbox 2363 5039 2563 5095; x_wconf 85' lang='lat' dir='ltr'><strong>Dedisti</strong></span> <span class='ocrx_word' id='word_1_929' title='bbox 2589 5042 2813 5095; x_wconf 73' lang='lat' dir='ltr'><strong>ltetitinm</strong></span> <span class='ocrx_word' id='word_1_930' title='bbox 2847 5043 2901 5096; x_wconf 89' lang='lat' dir='ltr'><strong>in</strong></span> <span class='ocrx_word' id='word_1_931' title='bbox 2930 5042 3080 5094; x_wconf 89' lang='lat' dir='ltr'><strong>corde</strong></span> <span class='ocrx_word' id='word_1_932' title='bbox 3116 5058 3246 5106; x_wconf 83' lang='lat' dir='ltr'><strong>meo,</strong></span> <span class='ocrx_word' id='word_1_933' title='bbox 3292 5040 3432 5109; x_wconf 81' lang='lat' dir='ltr'><strong>quod</strong></span> <span class='ocrx_word' id='word_1_934' title='bbox 3453 5039 3706 5092; x_wconf 68' lang='lat' dir='ltr'><strong>maxime</strong></span> 
     </span>
    </p>
   </div>
   <div class='ocr_carea' id='block_1_110' title="bbox 2121 5131 3705 5204">
    <p class='ocr_par' dir='ltr' id='par_1_110' title="bbox 2121 5131 3705 5204">
     <span class='ocr_line' id='line_1_110' title="bbox 2121 5131 3705 5204; baseline -0.006 -15"><span class='ocrx_word' id='word_1_935' title='bbox 2121 5142 2237 5189; x_wconf 87' lang='lat' dir='ltr'><strong>erat</strong></span> <span class='ocrx_word' id='word_1_936' title='bbox 2267 5133 2634 5202; x_wconf 68' lang='grc' dir='ltr'><strong>ργονίιιρηιίςυ,</strong></span> <span class='ocrx_word' id='word_1_937' title='bbox 2669 5133 2757 5188; x_wconf 90' lang='lat' dir='ltr'><strong>illa</strong></span> <span class='ocrx_word' id='word_1_938' title='bbox 2785 5148 2977 5204; x_wconf 89' lang='lat' dir='ltr'><strong>nempe</strong></span> <span class='ocrx_word' id='word_1_939' title='bbox 3007 5142 3134 5186; x_wconf 90' lang='lat' dir='ltr'><strong>tunc</strong></span> <span class='ocrx_word' id='word_1_940' title='bbox 3161 5131 3458 5202; x_wconf 86' lang='lat' dir='ltr'><strong>providisse</strong></span> <span class='ocrx_word' id='word_1_941' title='bbox 3489 5138 3540 5183; x_wconf 87' lang='lat' dir='ltr'><strong>et</strong></span> <span class='ocrx_word' id='word_1_942' title='bbox 3565 5143 3705 5197; x_wconf 69' lang='lat' dir='ltr'><strong>pra:-</strong></span> 
     </span>
    </p>
   </div>
   <div class='ocr_carea' id='block_1_111' title="bbox 2123 5219 3705 5294">
    <p class='ocr_par' dir='ltr' id='par_1_111' title="bbox 2123 5219 3705 5294">
     <span class='ocr_line' id='line_1_111' title="bbox 2123 5219 3705 5294; baseline 0 -18"><span class='ocrx_word' id='word_1_943' title='bbox 2123 5237 2359 5294; x_wconf 84' lang='lat' dir='ltr'><strong>parasse.</strong></span> <span class='ocrx_word' id='word_1_944' title='bbox 2389 5223 2538 5291; x_wconf 88' lang='lat' dir='ltr'><strong>Quod</strong></span> <span class='ocrx_word' id='word_1_945' title='bbox 2586 5224 2630 5278; x_wconf 91' lang='lat' dir='ltr'><strong>si</strong></span> <span class='ocrx_word' id='word_1_946' title='bbox 2673 5224 2705 5278; x_wconf 91' lang='lat' dir='ltr'><strong>ii</strong></span> <span class='ocrx_word' id='word_1_947' title='bbox 2747 5225 2835 5294; x_wconf 93' lang='lat' dir='ltr'><strong>qui</strong></span> <span class='ocrx_word' id='word_1_948' title='bbox 2871 5231 2996 5278; x_wconf 88' lang='lat' dir='ltr'><strong>sunt</strong></span> <span class='ocrx_word' id='word_1_949' title='bbox 3038 5222 3331 5276; x_wconf 85' lang='lat' dir='ltr'><strong>crassiores</strong></span> <span class='ocrx_word' id='word_1_950' title='bbox 3353 5259 3370 5284; x_wconf 91' lang='lat'><strong>,</strong></span> <span class='ocrx_word' id='word_1_951' title='bbox 3398 5219 3578 5274; x_wconf 89' lang='lat' dir='ltr'><strong>carnei</strong></span> <span class='ocrx_word' id='word_1_952' title='bbox 3607 5263 3621 5287; x_wconf 91' lang='lat'><strong>,</strong></span> <span class='ocrx_word' id='word_1_953' title='bbox 3650 5229 3705 5276; x_wconf 85' lang='lat' dir='ltr'><strong>et</strong></span> 
     </span>
    </p>
   </div>
   <div class='ocr_carea' id='block_1_112' title="bbox 2123 5311 3704 5382">
    <p class='ocr_par' dir='ltr' id='par_1_112' title="bbox 2123 5311 3704 5382">
     <span class='ocr_line' id='line_1_112' title="bbox 2123 5311 3704 5382; baseline 0.001 -13"><span class='ocrx_word' id='word_1_954' title='bbox 2123 5323 2278 5369; x_wconf 77' lang='lat' dir='ltr'><strong>terrte</strong></span> <span class='ocrx_word' id='word_1_955' title='bbox 2323 5315 2465 5368; x_wconf 78' lang='lat' dir='ltr'><strong>aflixi</strong></span> <span class='ocrx_word' id='word_1_956' title='bbox 2491 5357 2506 5381; x_wconf 96' lang='lat'><strong>,</strong></span> <span class='ocrx_word' id='word_1_957' title='bbox 2553 5315 2668 5370; x_wconf 80' lang='lat' dir='ltr'><strong>[nec</strong></span> <span class='ocrx_word' id='word_1_958' title='bbox 2698 5329 2802 5368; x_wconf 90' lang='lat' dir='ltr'><strong>non</strong></span> <span class='ocrx_word' id='word_1_959' title='bbox 2833 5312 3110 5368; x_wconf 84' lang='lat' dir='ltr'><strong>attendunt</strong></span> <span class='ocrx_word' id='word_1_960' title='bbox 3141 5352 3155 5376; x_wconf 91' lang='lat'><strong>,</strong></span> <span class='ocrx_word' id='word_1_961' title='bbox 3194 5324 3300 5364; x_wconf 92' lang='lat' dir='ltr'><strong>non</strong></span> <span class='ocrx_word' id='word_1_962' title='bbox 3325 5325 3388 5365; x_wconf 78' lang='lat' dir='ltr'><strong>ex</strong></span> <span class='ocrx_word' id='word_1_963' title='bbox 3416 5325 3482 5365; x_wconf 91' lang='lat' dir='ltr'><strong>eo</strong></span> <span class='ocrx_word' id='word_1_964' title='bbox 3505 5311 3593 5382; x_wconf 88' lang='lat' dir='ltr'><strong>qui</strong></span> <span class='ocrx_word' id='word_1_965' title='bbox 3621 5323 3704 5370; x_wconf 85' lang='lat' dir='ltr'><strong>est</strong></span> 
     </span>
    </p>
   </div>
   <div class='ocr_carea' id='block_1_113' title="bbox 2125 5402 3701 5478">
    <p class='ocr_par' dir='ltr' id='par_1_113' title="bbox 2125 5402 3701 5478">
     <span class='ocr_line' id='line_1_113' title="bbox 2125 5402 3701 5478; baseline 0 -18"><span class='ocrx_word' id='word_1_966' title='bbox 2125 5407 2406 5478; x_wconf 73' lang='lat' dir='ltr'><strong>pollicitus,</strong></span> <span class='ocrx_word' id='word_1_967' title='bbox 2434 5408 2525 5462; x_wconf 89' lang='lat' dir='ltr'><strong>sed</strong></span> <span class='ocrx_word' id='word_1_968' title='bbox 2549 5424 2615 5462; x_wconf 87' lang='lat' dir='ltr'><strong>ex</strong></span> <span class='ocrx_word' id='word_1_969' title='bbox 2654 5408 2864 5460; x_wconf 91' lang='lat' dir='ltr'><strong>illorum</strong></span> <span class='ocrx_word' id='word_1_970' title='bbox 2900 5402 3150 5458; x_wconf 87' lang='lat' dir='ltr'><strong>vecordia</strong></span> <span class='ocrx_word' id='word_1_971' title='bbox 3177 5402 3329 5459; x_wconf 86' lang='lat' dir='ltr'><strong>turba</strong></span> <span class='ocrx_word' id='word_1_972' title='bbox 3356 5412 3411 5459; x_wconf 92' lang='lat' dir='ltr'><strong>et</strong></span> <span class='ocrx_word' id='word_1_973' title='bbox 3446 5404 3701 5460; x_wconf 83' lang='lat' dir='ltr'><strong>tumultus</strong></span> 
     </span>
    </p>
   </div>
   <div class='ocr_carea' id='block_1_114' title="bbox 2123 5493 3698 5564">
    <p class='ocr_par' dir='ltr' id='par_1_114' title="bbox 2123 5493 3698 5564">
     <span class='ocr_line' id='line_1_114' title="bbox 2123 5493 3698 5564; baseline -0.003 -9"><span class='ocrx_word' id='word_1_974' title='bbox 2123 5499 2312 5555; x_wconf 90' lang='lat' dir='ltr'><strong>oritur.</strong></span> <span class='ocrx_word' id='word_1_975' title='bbox 2337 5499 2404 5553; x_wconf 85' lang='lat' dir='ltr'><strong>Et</strong></span> <span class='ocrx_word' id='word_1_976' title='bbox 2431 5515 2536 5553; x_wconf 89' lang='lat' dir='ltr'><strong>non</strong></span> <span class='ocrx_word' id='word_1_977' title='bbox 2558 5497 2692 5552; x_wconf 89' lang='lat' dir='ltr'><strong>dixit</strong></span> <span class='ocrx_word' id='word_1_978' title='bbox 2707 5496 3018 5564; x_wconf 89' lang='lat' dir='ltr'><strong>simpliciter</strong></span> <span class='ocrx_word' id='word_1_979' title='bbox 3037 5504 3091 5550; x_wconf 88' lang='lat' dir='ltr'><strong>et</strong></span> <span class='ocrx_word' id='word_1_980' title='bbox 3106 5496 3366 5560; x_wconf 87' lang='lat' dir='ltr'><strong>absolute,</strong></span> <span class='ocrx_word' id='word_1_981' title='bbox 3401 5494 3596 5550; x_wconf 81' lang='lat' dir='ltr'><strong>Dedisti</strong></span> <span class='ocrx_word' id='word_1_982' title='bbox 3615 5493 3698 5550; x_wconf 79' lang='grc' dir='ltr'><strong>ιω-</strong></span> 
     </span>
    </p>
   </div>
   <div class='ocr_carea' id='block_1_115' title="bbox 2125 5585 3700 5658">
    <p class='ocr_par' dir='ltr' id='par_1_115' title="bbox 2125 5585 3700 5658">
     <span class='ocr_line' id='line_1_115' title="bbox 2125 5585 3700 5658; baseline -0.004 -14"><span class='ocrx_word' id='word_1_983' title='bbox 2125 5589 2306 5658; x_wconf 82' lang='lat' dir='ltr'><strong>titiam,</strong></span> <span class='ocrx_word' id='word_1_984' title='bbox 2337 5587 2452 5655; x_wconf 87' lang='lat' dir='ltr'><strong>sed,</strong></span> <span class='ocrx_word' id='word_1_985' title='bbox 2481 5585 2546 5642; x_wconf 88' lang='lat' dir='ltr'><strong>In</strong></span> <span class='ocrx_word' id='word_1_986' title='bbox 2573 5587 2723 5642; x_wconf 81' lang='lat' dir='ltr'><strong>corde</strong></span> <span class='ocrx_word' id='word_1_987' title='bbox 2752 5603 2860 5641; x_wconf 88' lang='lat' dir='ltr'><strong>meo</strong></span> <span class='ocrx_word' id='word_1_988' title='bbox 2888 5627 2902 5652; x_wconf 90' lang='lat'><strong>,</strong></span> <span class='ocrx_word' id='word_1_989' title='bbox 2937 5586 3223 5643; x_wconf 89' lang='lat' dir='ltr'><strong>ostendens</strong></span> <span class='ocrx_word' id='word_1_990' title='bbox 3253 5601 3362 5643; x_wconf 88' lang='lat' dir='ltr'><strong>non</strong></span> <span class='ocrx_word' id='word_1_991' title='bbox 3383 5601 3506 5642; x_wconf 85' lang='lat' dir='ltr'><strong>esse</strong></span> <span class='ocrx_word' id='word_1_992' title='bbox 3533 5589 3586 5641; x_wconf 85' lang='lat' dir='ltr'><strong>in</strong></span> <span class='ocrx_word' id='word_1_993' title='bbox 3614 5597 3700 5640; x_wconf 49' lang='lat' dir='ltr'><strong>rei</strong></span> 
     </span>
    </p>
   </div>
   <div class='ocr_carea' id='block_1_116' title="bbox 429 5787 3492 5864">
    <p class='ocr_par' dir='ltr' id='par_1_116' title="bbox 429 5787 3492 5864">
     <span class='ocr_line' id='line_1_116' title="bbox 429 5787 3492 5864; baseline -0.004 -10"><span class='ocrx_word' id='word_1_994' title='bbox 429 5797 633 5864; x_wconf 74' lang='lat' dir='ltr'><strong>legerit,</strong></span> <span class='ocrx_word' id='word_1_995' title='bbox 657 5798 748 5850; x_wconf 84' lang='lat' dir='ltr'><strong>sed</strong></span> <span class='ocrx_word' id='word_1_996' title='bbox 770 5797 906 5861; x_wconf 81' lang='grc' dir='ltr'>ἀρκεῖ</span> <span class='ocrx_word' id='word_1_997' title='bbox 927 5799 1041 5861; x_wconf 79' lang='grc' dir='ltr'>πρὸς</span> <span class='ocrx_word' id='word_1_998' title='bbox 1068 5794 1323 5864; x_wconf 62' lang='lat' dir='ltr'><strong>«comptu.</strong></span> <span class='ocrx_word' id='word_1_999' title='bbox 1349 5795 1450 5846; x_wconf 87' lang='lat' dir='ltr'><strong>Sed</strong></span> <span class='ocrx_word' id='word_1_1000' title='bbox 1471 5808 1580 5846; x_wconf 86' lang='lat' dir='ltr'><strong>cum</strong></span> <span class='ocrx_word' id='word_1_1001' title='bbox 1609 5793 1759 5849; x_wconf 88' lang='lat' dir='ltr'><strong>lectio</strong></span> <span class='ocrx_word' id='word_1_1002' title='bbox 1785 5787 1950 5849; x_wconf 71' lang='lat' dir='ltr'><strong>nostra</strong></span> <span class='ocrx_word' id='word_1_1003' title='bbox 1973 5793 2040 5848; x_wconf 85' lang='lat' dir='ltr'><strong>sit</strong></span> <span class='ocrx_word' id='word_1_1004' title='bbox 2062 5797 2234 5848; x_wconf 87' lang='lat' dir='ltr'><strong>eadem</strong></span> <span class='ocrx_word' id='word_1_1005' title='bbox 2263 5798 2313 5848; x_wconf 83' lang='lat' dir='ltr'><strong>in</strong></span> <span class='ocrx_word' id='word_1_1006' title='bbox 2336 5799 2560 5852; x_wconf 86' lang='lat' dir='ltr'><strong>omnibus</strong></span> <span class='ocrx_word' id='word_1_1007' title='bbox 2580 5799 2715 5863; x_wconf 63' lang='lat' dir='ltr'><strong>Msa,</strong></span> <span class='ocrx_word' id='word_1_1008' title='bbox 2741 5799 2862 5852; x_wconf 83' lang='lat' dir='ltr'><strong>nihil</strong></span> <span class='ocrx_word' id='word_1_1009' title='bbox 2886 5801 3169 5854; x_wconf 77' lang='lat' dir='ltr'><strong>mutandum</strong></span> <span class='ocrx_word' id='word_1_1010' title='bbox 3191 5801 3492 5850; x_wconf 81' lang='lat' dir='ltr'><strong>censutmus.</strong></span> 
     </span>
    </p>
   </div>
  </div>
