4112 6224
420 367 492 424 55
1133 377 1191 432 S.
1230 375 1507 433 JU.\N.\'lS
1546 372 2016 431 CHRTSOSTOW
2054 373 2369 430 ARCIIIEI’.
2408 374 2943 432 CONSTANTINUP.
3626 377 3693 432 56

412 484 527 543 'bus
552 487 783 543 externis
808 489 1064 550 tentiam,
1092 506 1188 543 nec
1215 491 1267 545 in
1290 489 1566 558 mancipiis
1589 531 1604 551 ,
1626 502 1722 542 nec
1751 487 1802 541 in
1829 501 1959 541 auro
1989 526 2003 547 ,

435 597 533 635 nec
550 580 603 635 in
616 588 860 652 argento.
876 594 983 635 non
1003 578 1056 633 in
1072 577 1452 645 vestibus,non
1465 575 1518 630 in
1529 573 1672 629 lauta
1686 587 1891 638 mensa,
1906 591 2003 629 nec

429 670 479 724 in
503 671 752 742 potentias
777 671 1159 743 magnitudine,
1183 686 1282 727 nec
1311 672 1361 726 in
1392 669 1582 726 mdium
1600 667 2008 739 magniﬁcentia.

432 760 556 816 lltrc
580 760 722 816 énim
740 760 921 817 lietitia
950 777 1054 817 non
1076 769 1158 815 est
1178 760 1376 826 cordis,
1395 758 1490 814 sed
1519 759 1689 815 solum
1714 757 2010 813 oculorum.

431 849 580 906 Multi
604 866 736 924 ergo
761 868 969 921 comm,
996 854 1086 924 qui
1111 852 1225 908 haec
1247 850 1541 925 possident,
1564 850 1728 906 vitam
1759 865 1864 905 non
1892 864 2016 904 esse

364 984 371 1007 ι
433 943 648 998 vitalem
685 945 1008 1010 existimant,
1032 954 1083 999 et
1107 944 1319 1014 angoris
1340 942 1606 999 fornacem
1631 941 1682 997 in
1707 943 1885 997 animo
1913 940 2019 995 cir-

362 1019 372 1047 ⁹
433 1034 755 1097 cumferunt,
784 1050 814 1090 a
834 1050 1081 1090 curarum
1104 1032 1441 1090 multitudine
1467 1031 1731 1100 exhausti,
1761 1042 1814 1087 et
1841 1031 2018 1086 conti-

437 1125 556 1181 nuis
580 1124 860 1181 timoribus
882 1124 1144 1196 oppressi.
1176 1125 1372 1180 Verum
1400 1123 1551 1191 mihi,
1584 1124 1772 1195 inquit,
1803 1137 1909 1178 non
1936 1130 2021 1179 est

438 1216 493 1271 in
520 1215 604 1270 his
626 1215 803 1272 laetitia
827 1257 843 1283 ,
872 1214 966 1272 sed
1000 1216 1053 1272 in
1082 1215 1244 1272 corde
1271 1214 1628 1286 intelligente,
1654 1215 1706 1270 in
1731 1222 1910 1271 mente
1934 1215 2018 1271 in-

440 1314 786 1377 corporea,et
814 1320 877 1361 ea
914 1321 1032 1378 qua:
1057 1315 1182 1362 sunt
1225 1306 1538 1377 incorporea
1566 1305 1850 1377 cogitante.
1881 1305 2023 1373 Qua-

439 1413 501 1454 re
530 1399 575 1454 si
606 1408 657 1455 te
682 1399 951 1455 delectant
976 1399 1260 1472 praesentia
1293 1440 1308 1463 ,
1346 1408 1399 1455 et
1423 1415 1491 1455 ex
1521 1399 1586 1454 iis
1611 1399 1707 1455 Dei
1735 1398 2023 1470 providen-

439 1488 567 1545 tiam
592 1492 871 1561 cognoscis
896 1506 913 1545 :
942 1506 1007 1546 eo
1035 1492 1204 1562 magis
1232 1506 1347 1544 eam
1372 1490 1522 1546 disce
1555 1504 1620 1544 ex
1667 1489 1892 1556 futuris,
1919 1503 2026 1559 quo

439 1588 566 1635 sunt
594 1580 683 1635 illa
713 1581 1107 1652 prtestautiora,
1139 1592 1192 1635 et
1221 1580 1572 1649 diuturniora,
1600 1588 1655 1635 et
1681 1596 1799 1652 qua:
1827 1580 2024 1635 auferri

447 1686 552 1726 non
576 1683 816 1742 possunt.
839 1672 895 1729 Si
921 1673 1061 1744 quod
1085 1664 1285 1728 divitiis
1305 1671 1494 1728 afllnas
1523 1683 1575 1727 et
1602 1687 1856 1744 prospere
1876 1688 2024 1742 agas,

447 1761 498 1817 id
529 1762 622 1816 tibi
649 1762 934 1832 persuadet
958 1777 1077 1819 esse
1101 1764 1192 1821 Dei
1219 1763 1628 1834 providentiam,
1662 1763 1828 1817 multo
1860 1764 2028 1834 magis

447 1852 500 1905 id
518 1853 607 1906 tibi
626 1852 980 1924 persuadeant
1003 1869 1121 1924 quin
1145 1862 1269 1909 sunt
1295 1853 1346 1907 in
1372 1852 1505 1909 caelo
1528 1852 1745 1908 divitiar.
1766 1852 1822 1908 Si
1850 1862 2028 1907 autem

447 1944 630 1999 diras:
658 1943 832 2012 Quare
854 1955 973 1998 sunt
1000 1944 1120 2000 lucc
1151 1945 1201 1999 in
1233 1960 1327 2014 spe
1356 1945 1452 1999 sita
1475 1987 1490 2010 ,
1521 1954 1573 2001 et
1604 1960 1708 1999 non
1737 1945 2033 2015 apparent?

452 2032 553 2089 hoc
581 2035 809 2091 dixerim
843 2078 857 2100 ,
892 2050 992 2092 nos
1029 2035 1238 2107 quidem
1269 2036 1452 2092 ﬁdeles
1480 2051 1542 2091 ea
1585 2052 1704 2107 qua:
1735 2036 1786 2091 in
1811 2052 1905 2107 spe
1933 2036 2031 2089 sita

446 2138 574 2182 sunt
602 2170 618 2194 ,
649 2128 713 2183 iis
749 2146 867 2200 qua:
896 2139 1019 2184 sont
1050 2129 1323 2185 manifesta
1357 2170 1372 2195 ,
1403 2129 1765 2184 manifestiora
1796 2128 1992 2183 ducere
2017 2145 2031 2183 :

442 2222 575 2274 talis
601 2222 741 2275 enim
771 2231 853 2275 est
883 2222 1001 2275 ﬁdei
1030 2221 1311 2275 ccrtitndo.
1356 2221 1508 2289 Quod
1554 2221 1598 2275 si
1634 2235 1820 2276 rursus
1846 2221 1993 2274 dicas
2018 2236 2031 2273 :

455 2312 568 2378 Qua
595 2310 664 2365 de
700 2326 857 2364 causa
892 2311 978 2366 hic
1020 2311 1395 2366 retributiones
1423 2327 1530 2366 non
1558 2309 1887 2380 accipimus?
1912 2309 2036 2364 illud

460 2402 666 2457 dicam:
701 2403 812 2457 Hoc
841 2412 922 2457 cst
959 2404 1173 2474 quidem
1218 2413 1426 2472 temp-rs
1464 2402 1599 2457 stadi
1624 2418 1754 2455 trum
1787 2411 1840 2457 et
1867 2410 2041 2454 certa-

456 2493 686 2557 minum,
719 2493 846 2548 illud
883 2509 1013 2548 vero
1036 2508 1350 2549 coronarum
1375 2501 1428 2548 et
1459 2494 1817 2563 prarmiorum.
1844 2491 1909 2546 Et
1938 2491 2040 2546 hoc

459 2597 669 2652 quoque
692 2583 783 2638 Dei
814 2595 895 2638 cst
922 2584 1271 2653 providentim
1297 2582 1519 2638 effectus
1548 2621 1566 2650 ,
1592 2582 1801 2637 labores
1825 2581 2038 2652 quidem

460 2682 513 2726 ct
531 2671 925 2729 sudores'brcvi
952 2673 1048 2728 hac
1064 2684 1115 2728 et
1139 2673 1273 2728 fluxa
1291 2673 1395 2727 vita
1416 2672 1871 2736 circumscribere,
1900 2687 2008 2742 pra:
2028 2704 2040 2713 ι

461 2764 566 2819 mia
587 2775 762 2820 autem
787 2774 842 2821 et
871 2780 1094 2821 coronas
1120 2766 1172 2819 iu
1197 2780 1367 2818 arvum
1393 2763 1688 2818 immortale
1711 2776 1774 2817 ac
1799 2776 1840 2817 St
1860 2769 2043 2817 nectu-

463 2856 532 2909 tis
585 2867 782 2926 expers
810 2855 1118 2911 extendere
1172 2856 1190 2924 (
1222 2852 1276 2908 2.
1306 2853 1437 2908 Tim.
1465 2853 1520 2909 4.
1543 2851 1622 2926 8).
1648 2852 1856 2923 Alioqui
1882 2855 2042 2907 etiam

462 2943 672 3012 quando
692 2944 842 3000 multi
864 2955 1014 3000 erant
1030 2943 1391 3000 imbecillioris
1413 2944 1596 3009 animi,
1620 2943 1888 2998 seusibilia
1909 2958 2045 3012 quo-

463 3048 568 3102 que
618 3034 730 3089 iure
773 3036 853 3090 eis
898 3037 1033 3090 bona
1069 3035 1231 3090 dedit.
1277 3034 1536 3104 Populum
1565 3035 1745 3104 itaque
1768 3033 2042 3089 Iudaicum

467 3138 563 3191 per
590 3138 706 3179 eam
739 3125 858 3180 vita:
895 3124 1115 3195 agendae
1155 3124 1415 3179 rationem
1453 3123 1700 3180 deduxit.
1732 3124 1937 3179 Etenim
1970 3124 2049 3179 eis

464 3213 752 3271 afﬂuebant
778 3215 976 3270 divitia:
1001 3257 1016 3281 ,
1040 3214 1105 3269 ad
1130 3218 1337 3270 senium
1368 3228 1534 3284 usque
1558 3216 1663 3269 vita
1718 3214 2046 3285 produceba-

468 3316 574 3368 ωσι.
605 3309 780 3362 omnis
807 3308 1025 3362 morbus
1054 3306 1235 3377 procul
1264 3307 1481 3371 aberat;
1511 3306 1798 3362 accedebat
1818 3307 2050 3362 hostium

470 3398 784 3463 internecio,
809 3413 907 3468 pax
933 3399 1058 3462 alta,
1089 3398 1341 3469 triumphi
1368 3438 1381 3461 ,
1417 3399 1655 3454 victoria:
1686 3440 1700 3462 ,
1736 3398 1858 3454 felix
1886 3400 2050 3455 bono-

466 3503 589 3544 rum
636 3489 920 3543 liberorum
949 3489 1232 3544 multitudo
1265 3531 1279 3554 ,
1322 3500 1372 3544 et
1403 3490 1502 3545 alia
1545 3489 1806 3561 ejusmodi
1832 3490 2054 3545 aderant

470 3579 539 3634 tis
558 3579 646 3645 qui
678 3579 787 3634 Deo
807 3579 1078 3649 parebant.
1104 3580 1388 3651 Postquam
1413 3588 1588 3634 autem
1617 3580 1844 3635 accessit
1872 3580 2052 3636 Domi-

476 3684 579 3726 nus
600 3679 783 3726 noster
805 3670 962 3726 Jesus
988 3669 1232 3726 Christus
1250 3713 1265 3734 ,
1298 3671 1350 3725 in
1385 3670 1575 3726 cadum
1604 3685 1706 3727 nos
1734 3685 1931 3727 vocans
1959 3713 1973 3739 ,
2000 3682 2056 3728 et

459 3776 594 3840 nua:
616 3761 701 3817 hic
726 3771 850 3818 sunt
873 3762 1151 3829 despicere
1175 3763 1522 3832 persuadens,
1542 3763 1860 3834 illorumquc
1898 3779 2052 3819 amo-

480 3868 594 3907 rem
633 3852 956 3920 imminens,
985 3863 1039 3908 et
1066 3854 1134 3907 ab
1161 3854 1225 3908 iis
1262 3868 1381 3924 qua:
1416 3852 1482 3907 ad
1527 3851 1663 3909 hanc
1700 3854 1859 3907 vitam
1892 3853 2055 3922 perti-

476 3954 606 4001 nent
632 3959 732 4000 nos
774 3944 1044 4000 abducens
1067 3962 1080 3999 :
1105 3944 1219 4000 Ilil‘c
1244 3946 1433 3999 merito
1458 3944 1513 3998 in
1536 3955 1815 4014 angusmm
1840 3952 2057 4000 contra-

481 4047 566 4091 cta
594 4044 738 4106 sunt,
762 4035 813 4089 in
844 4035 946 4090 illis
974 4044 1148 4090 autem
1179 4035 1440 4089 universa:
1468 4034 1724 4090 suntsitie
1751 4033 1974 4101 divitize,
2001 4045 2059 4089 ut

478 4127 568 4196 qui
593 4127 702 4191 jam
728 4124 948 4197 perfecti
974 4128 1319 4181 evaserimus.
1348 4125 1479 4180 Nam
1503 4126 1659 4179 etiam
1685 4125 1737 4179 in
1758 4125 1937 4196 pueris
1955 4167 1970 4191 ,
1997 4125 2061 4180 iis

480 4217 693 4287 quidem
723 4217 813 4288 qui
852 4226 976 4272 sunt
1014 4218 1188 4272 adhuc
1235 4218 1391 4287 paulo
1418 4217 1651 4271 minores
1675 4257 1688 4281 ,
1724 4226 1899 4286 patres
1926 4231 2062 4287 prie-

478 4308 611 4363 hcnt
636 4307 918 4378 ejusmodi.
949 4310 1178 4374 calceos,
1204 4316 1401 4370 vestes,
1429 4322 1588 4362 aurea
1618 4316 1929 4363 ornamenta
1965 4348 1978 4373 ,
2007 4317 2063 4363 et

481 4399 754 4454 armillas:
788 4408 1067 4469 postquam
1103 4408 1280 4454 autem
1321 4399 1591 4454 creverint
1619 4440 1634 4464 ,
1682 4399 1785 4455 illis
1826 4399 2015 4455 ablatis
2044 4440 2059 4466 ,

486 4492 616 4546 dant
641 4492 745 4546 alia
772 4491 996 4562 majora,
1024 4492 1162 4547 bene
1187 4491 1397 4547 dicendi
1436 4493 1488 4547 in
1523 4500 1772 4563 suggestu
1796 4491 2018 4563 gloriam
2043 4531 2060 4558 ,

487 4582 541 4636 in
562 4582 774 4638 civitate
801 4582 1142 4653 splendorem
1169 4624 1184 4647 ,
1214 4582 1265 4636 in
1293 4581 1411 4637 aula
1444 4582 1784 4653 imperatoria
1813 4581 2062 4651 loquendi

485 4674 784 4730 libertatem
806 4715 822 4739 ,
855 4674 1193 4743 magistratus
1218 4682 1271 4728 et
1312 4672 1637 4743 principatus
1660 4713 1676 4740 ,
1710 4686 1803 4727 eos
1832 4672 1900 4726 ab
1920 4670 2065 4726 omni

491 4764 684 4835 puerili
719 4763 1010 4819 ambitione
1054 4764 1398 4821 abducentes.
1430 4764 1507 4818 lta
1552 4765 1715 4819 etiam
1742 4764 1864 4819 fecit
1891 4762 2060 4818 Deus:

484 4869 591 4911 nos
611 4870 641 4909 a
671 4854 849 4925 parvis
870 4854 974 4909 illis
990 4865 1046 4911 et
1074 4855 1366 4929 puerilibus
1390 4853 1682 4919 abducens,
1709 4868 1770 4908 ca
1800 4867 1918 4923 qum
1943 4859 2069 4906 sunt

492 4946 547 5001 in
570 4946 721 5002 cadis
752 4946 1017 5016 pollicitus
1061 4956 1163 5001 est.
1212 4946 1290 5002 Ne
1333 4946 1449 5001 hzcc
1491 4960 1619 5017 ergo
1655 4960 1772 5016 quae
1810 4943 1979 4998 fluunt
2013 4951 2069 4998 et

493 5049 909 5111 pmtercurrunt
930 5040 1232 5103 admireris,
1265 5038 1349 5095 vel
1376 5045 1599 5108 appetas
1620 5078 1635 5101 ,
1664 5051 1764 5091 nec
1793 5035 1868 5090 sis
1890 5034 2067 5106 pusilli

489 5130 673 5187 animi.
699 5130 1027 5201 Quamquam
1044 5146 1153 5186 nec
1180 5130 1244 5184 iis
1271 5128 1485 5197 quidem
1518 5137 1569 5182 te
1598 5127 1818 5182 omnino
1842 5139 2067 5179 vacuum

494 5221 722 5293 reliquit.
763 5221 896 5290 Quia
924 5222 1065 5276 enim
1094 5235 1190 5275 eos
1216 5219 1308 5289 qui
1338 5232 1499 5273 carne
1539 5215 1664 5271 tecti
1699 5223 1853 5271 erant
1878 5254 1893 5278 ,
1922 5223 1977 5270 et
2015 5215 2067 5268 in

491 5328 717 5382 corpore
734 5314 1123 5378 versabantur,
1167 5328 1235 5366 ne
1264 5310 1331 5364 iis
1355 5309 1568 5379 quidem
1602 5306 1812 5377 penitus
1842 5307 2074 5377 privatos

491 5418 614 5461 esse
640 5404 939 5475 Oportebat,
973 5403 1088 5459 lucc
1112 5416 1321 5472 quoque
1344 5398 1496 5454 nobis
1523 5397 1720 5453 ail'atim
1750 5396 2069 5468 suppeditat.

492 5496 559 5553 Et
594 5494 717 5552 ideo
758 5494 1012 5564 propheta
1058 5509 1179 5548 cum
1206 5492 1367 5547 altam
1398 5489 1541 5544 illam
1571 5497 1626 5545 et
1653 5487 2072 5559 philosophicam

490 5586 839 5659 providentia:
884 5586 1119 5655 speciem
1163 5583 1452 5655 agitasset,
1496 5588 1552 5636 et
1587 5579 1849 5636 dixisset:
1880 5578 2073 5633 Dedisti

495 5676 805 5733 Ιειὶιὶοηιεὶη
834 5674 986 5729 corde
1008 5690 1137 5737 meo,
1164 5670 1435 5742 snbjungit
1458 5689 1470 5725 :
1498 5670 1552 5728 8.
1584 5669 1626 5726 Α
1643 5674 1811 5743 [ruont
1837 5670 2077 5740 [materni

488 5777 543 5822 ct
562 5767 688 5834 uini,
716 5775 767 5821 et
790 5764 888 5821 olei
911 5763 990 5819 sui
1017 5760 1314 5831 muliplicau'
1341 5769 1478 5817 sunt.
1505 5761 1616 5822 Hoc
1641 5769 1820 5821 autem
1844 5774 1970 5818 cum
1987 5761 2069 5818 ἀί-

2111 487 2201 548 cit,
2229 500 2334 540 non
2365 501 2580 557 parvam
2610 486 2775 557 tangit
2806 497 3009 556 partem
3038 486 3153 556 ejus
3184 484 3549 555 providentur,
3574 501 3695 558 quae

2113 577 2351 633 cernitur
2397 579 2449 633 in
2491 579 2555 633 iis
2593 593 2711 648 quae
2753 577 2854 632 sub
2900 586 3175 647 aspectum
3214 575 3434 631 cadunt.
3472 576 3700 643 Quando

2115 667 2256 723 enim
2281 668 2409 725 dicit
2437 669 2759 724 frumentum
2784 708 2800 733 ,
2841 668 3053 731 vinum,
3083 676 3133 722 et
3166 666 3373 730 oleum,
3406 681 3700 738 eorumque

2117 762 2322 832 copiam
2344 803 2360 829 ,
2386 761 2516 818 dicit
2534 770 2589 818 et
2618 760 2846 831 pluviam
2871 801 2888 825 ,
2916 758 3290 829 tempestatum
3324 758 3524 815 bonum
3553 757 3701 813 ordi-

2120 867 2265 920 nem,
2299 862 2457 909 terra:
2481 863 2821 923 conceptum,
2853 860 3062 925 partum
3092 859 3146 905 et
3166 850 3334 905 fetum
3354 890 3370 914 ,
3395 865 3575 905 aerem
3603 849 3707 904 dif-

2122 942 2298 1000 fusum
2323 985 2340 1010 ,
2369 945 2501 1001 solis
2537 960 2773 1011 cursum,
2806 944 2944 1000 lunae
2969 942 3204 998 ambitus
3225 984 3242 1010 ,
3270 942 3548 999 stellarum
3577 941 3708 997 cbo-

2123 1051 2290 1099 ream.
2302 1042 2571 1099 aestatem,
2589 1037 2858 1111 hyemem,
2872 1043 3209 1099 autumnum,
3222 1048 3335 1101 ver,
3363 1033 3475 1105 agri
3494 1033 3705 1089 colendi

2123 1138 2293 1183 artem
2318 1169 2334 1194 ,
2361 1137 2415 1184 et
2454 1129 2929 1184 instrumentorum
2967 1125 3309 1183 commodum
3330 1166 3346 1191 ,
3373 1124 3708 1194 aliarumque

2126 1221 2317 1276 artium
2344 1236 2589 1276 examen.
2622 1220 2733 1276 Nisi
2760 1220 2876 1274 inec
2901 1218 3042 1274 enim
3069 1217 3247 1272 omnia
3288 1219 3659 1273 concurrerint
3690 1258 3706 1278 ,

2129 1311 2243 1368 fieri
2270 1330 2373 1368 non
2402 1320 2581 1384 potest
2608 1319 2665 1366 ut
2690 1310 2893 1366 fructus
2916 1310 3255 1380 perﬁciantur
3272 1347 3287 1370 ,
3313 1316 3368 1364 et
3392 1306 3457 1361 ad
3485 1307 3709 1361 maturi-

2131 1414 2292 1460 tatem
2319 1403 2651 1474 perveniant.
2682 1400 2907 1468 Quando
2933 1414 3061 1469 ergo
3089 1397 3220 1452 dicit
3248 1397 3574 1452 frumentum
3597 1437 3612 1457 ,
3634 1396 3711 1450 vi-

2132 1512 2257 1551 num
2282 1504 2337 1550 et
2362 1495 2561 1557 oleum,
2580 1493 2670 1547 dat
2690 1491 2913 1561 sapienti
2937 1490 3271 1544 occasionem
3289 1502 3355 1542 ex
3380 1496 3529 1558 parte
3544 1495 3711 1541 totum

2135 1585 2499 1656 intelligendi,
2525 1593 2714 1654 aperto
2743 1583 2874 1638 mari
2903 1581 2994 1638 Dei
3026 1579 3373 1651 providentia:
3397 1592 3516 1650 qua:
3544 1593 3712 1649 appa-

2133 1685 2216 1735 ret
2245 1678 2298 1731 in
2325 1674 2667 1731 sensibilibus
2696 1675 2753 1745 '._

2211 1768 2298 1825 ti.
2342 1766 2601 1836 Quocirca
2630 1765 2788 1820 etiam
2820 1763 3015 1818 Paulus
3053 1760 3246 1817 alicubi
3289 1760 3631 1821 concionans.
3664 1770 3719 1813 et

2136 1859 2205 1916 de
2229 1859 2345 1928 ejus
2390 1856 2719 1928 providentia
2762 1855 3052 1921 disserens,
3087 1853 3209 1908 hinc
3245 1851 3406 1907 verba
3435 1851 3604 1905 facere
3626 1865 3719 1917 ag-

2137 1950 2396 2021 greditur,
2427 1948 2609 2003 diccns
2639 1965 2652 2001 :
2685 1945 2784 2010 Qui
2822 1945 2908 1998 dat
2937 1944 3152 2014 pluvias,
3183 1951 3230 1996 et
3272 1951 3491 2011 (nupera
3536 1939 3715 2010 fructi-

2140 2045 2265 2114 fera,
2297 2040 2383 2110 qui
2410 2037 2583 2110 implet
2609 2037 2910 2092 nutrimento
2935 2045 2979 2091 et
3010 2035 3184 2089 latitia
3207 2032 3361 2087 corda
3385 2040 3554 2085 nostra
3578 2029 3712 2099 (Art.

2142 2132 2374 2205 14.17).
2422 2130 2681 2198 Quoniam
2728 2139 2906 2184 autem
2953 2127 3214 2197 prepbeta
3264 2124 3394 2195 fugit
3438 2136 3557 2193 quae
3600 2131 3722 2174 sunt

2141 2236 2557 2295 supervacanea,
2589 2218 2959 2290 prartermissis
2987 2217 3107 2273 aliis
3134 2215 3400 2279 omnibus,
3430 2211 3685 2268 fructibus
3705 2250 3723 2276 ,

2142 2315 2342 2378 baccis,
2391 2311 2681 2384 generibus
2724 2310 3041 2381 plantarum,
3095 2305 3380 2377 generibus
3423 2303 3683 2358 seminum
3708 2342 3724 2365 ,

2144 2407 2434 2478 generibus
2455 2403 2762 2467 herbarum,
2796 2410 3084 2473 pratorum,
3109 2398 3142 2453 fl
3167 2413 3320 2463 trum,
3351 2397 3649 2457 hortorum,
3675 2404 3729 2453 et

2144 2511 2491 2567 quircnmque
2519 2500 2645 2549 sunt
2671 2494 2771 2547 alia
2800 2510 2814 2547 :
2847 2507 2910 2547 ea
2948 2491 3098 2562 ponit
3137 2504 3255 2560 qua:
3283 2496 3407 2542 sunt
3433 2501 3730 2555 congrueuo

2148 2588 2239 2655 tia,
2284 2596 2339 2642 et
2365 2587 2431 2641 ad
2460 2587 2620 2641 vitam
2652 2595 2886 2639 nostram
2928 2581 3248 2643 necessaria,
3275 2595 3339 2634 ex
3368 2579 3450 2633 his
3478 2577 3730 2646 illaquo-

2146 2696 2248 2749 que
2273 2678 2551 2734 manifesta
2571 2678 2787 2733 faciens.
2815 2677 2944 2742 Qua:
2960 2689 3065 2730 non
3094 2682 3295 2728 tantum
3318 2671 3409 2726 dat
3434 2670 3609 2736 nobis,
3636 2669 3730 2725 sed

2148 2789 2268 2829 cum
2301 2787 2489 2843 magna
2517 2772 2689 2842 copia,
2712 2778 2767 2824 et
2794 2769 3016 2839 singulis
3034 2767 3208 2822 annis.
3240 2763 3392 2831 Quod
3418 2763 3462 2817 si
3491 2777 3552 2818 ea
3573 2762 3734 2817 etiam

2147 2862 2464 2933 quandoque
2509 2859 2793 2921 contrahit,
2837 2865 2894 2912 et
2937 2856 3029 2912 dat
3078 2855 3310 2927 parcius,
3344 2854 3395 2908 in
3427 2867 3493 2908 eo
3518 2865 3734 2922 quoque

2151 2954 2387 3009 ostendit
2432 2967 2583 3006 suam
2626 2949 3051 3021 providentiam,
3103 2946 3388 3001 multorum
3435 2942 3735 2997 socordiam

2152 3046 2410 3107 excitans,
2438 3052 2493 3097 et
2516 3056 2607 3096 eos
2630 3042 2840 3109 erigens
2864 3037 2929 3091 ad
2960 3036 3074 3092 haec
3099 3036 3238 3092 bona
3260 3035 3329 3091 ab
3349 3034 3464 3104 ipso
3489 3031 3734 3103 petenda.

2152 3136 2245 3192 Sin
2267 3143 2444 3190 autem
2475 3132 2653 3189 dicant
2681 3131 2861 3201 aliqui,
2893 3144 3001 3184 non
3045 3142 3164 3183 esse
3191 3126 3286 3182 Dei
3311 3125 3438 3181 dare
3465 3124 3692 3196 pluviam
3717 3163 3735 3190 ,

2154 3226 2248 3282 sed
2279 3225 2538 3281 idolorum
2568 3239 2584 3278 :
2616 3236 2709 3277 eos
2752 3222 3140 3290 interrogemus
3177 3217 3441 3272 undenam
3485 3215 3585 3270 hoc
3607 3229 3738 3271 con-

2156 3317 2356 3373 stab't?
2384 3316 2515 3383 Quia
2557 3322 2750 3386 poetic,
2799 3311 3065 3382 inquiunt,
3113 3307 3363 3364 dixerunt
3406 3305 3592 3362 Jovem
3620 3318 3740 3360 esse

2157 3409 2245 3479 qui
2272 3408 2472 3478 pluit’.
2505 3405 2609 3462 Sed
2637 3404 2713 3458 illi
2736 3403 2833 3472 ipsi
2853 3402 3101 3457 dixerunt
3138 3415 3260 3454 eum
3281 3412 3400 3454 esse
3420 3397 3738 3458 adulterum.

2158 3499 2485 3573 pacdiconem
2508 3538 2522 3561 ,
2555 3494 2867 3567 parricidam
2890 3535 2905 3561 ,
2937 3492 3039 3547 alia
3063 3505 3274 3561 quoque
3301 3506 3406 3545 non
3434 3488 3638 3543 minora
3660 3488 3742 3542 his

2161 3588 2384 3644 crimina
2413 3586 2486 3643 illi
2510 3584 2893 3641 adscribeutes.
2926 3584 2995 3638 At
3016 3597 3121 3636 non
3145 3588 3287 3644 sunt,
3314 3578 3572 3650 inquiunt,
3595 3592 3740 3633 vera.

2164 3683 2304 3753 Ergo
2330 3696 2429 3737 nec
2456 3679 2597 3751 quod
2630 3678 2794 3748 pluat.
2825 3676 2878 3732 Si
2908 3674 3010 3730 boc
3033 3674 3174 3729 enim
3202 3671 3459 3737 admittis,
3499 3671 3584 3725 illa
3613 3683 3742 3739 quo-

2160 3791 2262 3846 que
2305 3774 2586 3828 admittere
2630 3784 2850 3825 necesse
2891 3777 2973 3823 est
3006 3785 3018 3820 :
3048 3767 3128 3821 sin
3175 3767 3262 3820 illa
3311 3765 3503 3835 rejicis,
3548 3771 3601 3817 et
3640 3759 3740 3814 hoc

2162 3882 2374 3939 quoque
2420 3879 2540 3921 cum
2590 3863 2713 3918 illis.
2760 3861 2866 3916 Nos
2909 3861 3053 3916 enim
3100 3859 3536 3931 quotiescumque
3582 3863 3743 3911 testes

2165 3960 2465 4030 praebemus
2510 3955 2601 4010 Dei
2650 3954 2919 4025 potentia),
2964 3966 3311 4024 quiscumque
3353 3950 3421 4005 ab
3457 3950 3535 4006 eis
3565 3949 3631 4003 de
3658 3947 3747 4000 illo

2168 4049 2438 4113 dicuntur,
2466 4046 2805 4115 suscipimus.
2835 4045 3064 4100 Necesse
3105 4051 3187 4097 est
3226 4056 3354 4111 ergo
3383 4049 3433 4096 te
3469 4039 3751 4095 admittere

2167 4140 2312 4196 illum
2352 4152 2566 4209 quoque
2593 4151 2713 4193 esse
2755 4135 3074 4201 adulterum,
3105 4141 3159 4188 et
3188 4132 3391 4200 reliqua
3428 4131 3604 4185 nonda
3631 4144 3751 4199 qua:

2168 4230 2235 4286 de
2263 4230 2379 4301 ipso
2424 4229 2492 4284 ab
2535 4229 2638 4284 illis
2681 4228 2947 4293 dicuntur,
2993 4234 3047 4280 ct
3088 4223 3211 4278 inde
3252 4221 3459 4277 discere
3489 4222 3751 4291 ejusmodi

2167 4321 2392 4376 crimina
2420 4335 2540 4375 esse
2585 4318 2741 4389 longe
2764 4334 2792 4370 a
2818 4316 2996 4371 divina
3042 4320 3301 4383 potestate
3328 4319 3552 4377 remota,
3580 4320 3633 4364 et
3661 4312 3752 4380 qui

2168 4417 2293 4472 talis
2317 4425 2401 4471 est
2442 4427 2775 4484 nequaquam
2816 4424 2936 4466 esse
2961 4407 3142 4463 deum.
3173 4404 3275 4460 Sed
3307 4400 3483 4456 fabula
3514 4402 3625 4472 ipsa
3651 4403 3753 4458 sibi

2169 4513 2450 4576 repugnat,
2477 4514 2533 4560 et
2556 4501 2886 4557 mendaciqu
2914 4513 2943 4552 a
2964 4497 3142 4566 scipso
3166 4491 3516 4559 convincitur,
3544 4492 3754 4547 etiamsi

2171 4597 2353 4652 nolitis
2383 4596 2483 4650 hoc
2511 4592 2814 4655 admittere,
2843 4599 2898 4646 et
2925 4596 3108 4659 poetas
3152 4597 3369 4656 prorsus
3408 4582 3573 4654 cjicit.
3600 4583 3755 4651 Quod

2170 4698 2347 4744 autem
2374 4687 2480 4742 illis
2508 4684 2692 4756 ejectis
2718 4682 2897 4738 omnia
2928 4690 3100 4734 vestra
3124 4681 3232 4736 sint
3260 4676 3514 4747 peritura,
3550 4675 3753 4730 clarum

2170 4790 2273 4835 est.
2322 4778 2563 4850 Ipsorum
2612 4776 2755 4832 enim
2784 4773 3000 4829 nomina
3049 4771 3366 4825 invenerunt
3404 4766 3476 4823 illi
3504 4765 3758 4834 etimpo-

2172 4879 2413 4938 suerunt,
2446 4869 2585 4941 quod
2610 4869 2770 4923 etiam
2798 4882 2865 4922 cx
2892 4864 3082 4921 vesuis
3109 4861 3325 4934 quidam
3356 4860 3487 4914 dixit
3517 4857 3754 4929 philoso-

2238 5030 2255 5062 ι
2289 5035 2425 5091 Reg,
2449 5039 2515 5079 ea:
2535 5031 2673 5089 parte
2695 5030 2843 5091 tantm
2856 5017 3269 5091 subiqtelligmd‘}.
3284 5018 3473 5088 νθνῖσπι
3489 5012 3623 5091 qam."

2173 5076 2321 5149 risus,
2710 5087 2800 5138 Dei
2825 5076 3174 5150 providentiam
3186 5076 3344 5137 adire,
3367 5077 3420 5127 in
3441 5076 3586 5128 rebus
3605 5076 3758 5130 sensi-

2178 5150 2349 5202 bililms
2372 5158 2696 5202 armarentem.
3284 5200 3326 5202 η

2244 5151 2349 5203 ibus
2372 5151 2696 5203 armarentem.

2237 5166 2349 5203 aviis
2372 5166 2696 5216 apparentem.

2237 5214 2259 5243 '
2291 5213 2344 5263 In
2368 5213 2498 5263 hunc
2519 5213 2675 5262 locum
2695 5208 2916 5261 savilium
2938 5205 3217 5273 audiamus:
3244 5215 3261 5248 ι
3283 5200 3754 5273 ξῐοῐηςηιεὸδυφέιέ

2176 5281 2218 5328 ὓς
2238 5261 2347 5338 δ·ιᾷ
2370 5261 2694 5338 suam,
2708 5284 2804 5338 per
2828 5277 3011 5338 noctem
3031 5264 3365 5338 nidamenta,
3390 5261 3603 5338 pinnam
3630 5261 3761 5338 frixit

2176 5328 2382 5400 Jupu'er.
2408 5328 2807 5400 theou’i't._'ld'ylt.
2840 5331 2872 5379 4
2901 5345 2914 5381 :
2949 5341 3031 5387 ως
3060 5334 3201 5400 suae;
3231 5342 3296 5400 μιν
3317 5337 3416 5375 κᾶλα
3435 5328 3762 5400 omnia“,

2179 5382 2304 5457 ξ’ἶζξ
2313 5382 2529 5461 antiit—er
2543 5382 2687 5447 modo
2700 5382 2933 5447 fierenus,
2960 5382 3101 5440 modo
3120 5382 3378 5461 pluviosas
3389 5390 3475 5461 est.
3486 5382 3756 5461 ibeo-gni

2789 5442 2953 5523 ἀνδάγείν
3245 5442 3763 5523 δ”ῑξὲενῖῖπεὶείῖἓέἔφ

2180 5501 2991 5576 ἦιὲἦὲπηὲἷῗῖίῖηἷιᾶξ-ἆήἦίὗᾶέ
3004 5501 3279 5576 ξΙὸοιῃίῑήϐυδ
3301 5501 3474 5576 piaret.
3499 5501 3601 5576 Jaiu
3622 5501 3759 5576 illud,

2180 5568 2471 5639 ama-ua;
2496 5568 2865 5642 intelligendum
2885 5584 2967 5642 est
2986 5574 3052 5623 de
3075 5568 3319 5642 abnuens;-
3340 5568 3495 5642 Leda.
3514 5570 3611 5642 οῐςς
3623 5573 3765 5642 511?:

2182 5629 2837 5706 ἇὶὶὸίιὲηὶξόέῖὶωᾷηῳόθ
2868 5638 3077 5695 dictum;
3098 5630 3422 5706 parricidam,

2187 5687 2940 5768 EEgtiiS'siiotiito'isineu
2985 5687 3290 5768 parricidium
3304 5766 3315 5768 ξ
3333 5687 3535 5768 promisi
3556 5687 3653 5768 diei
3679 5698 3765 5736 ιω·

2189 5752 2339 5830 ὦ.ῖέάὶ
2356 5752 2676 5832 {quiiminus
2701 5762 2869 5813 Alieno
2892 5752 3056 5810 nosiro
3079 5763 3240 5807 notata
3261 5752 3557 5804 doctissume.
3581 5765 3605 5795 ι
