4112 6224
343 603 366 726 ξ

400 309 463 366 ετ
1539 295 1898 364 EXPOSI'IIO
1937 296 2001 351 IN
2043 297 2366 354 PSALMUM
2401 301 2489 356 IV.

408 419 526 488 phis
555 417 658 488 (α).
685 416 835 484 Quod
858 416 902 469 si
931 414 1032 468 illis
1065 411 1261 466 relictis
1285 409 1348 463 ad
1369 410 1647 479 allegorias
1668 406 1990 478 confugeris,

406 520 455 566 te
489 510 615 564 illttd
663 504 1028 574 interrogabo,
1059 502 1195 570 Quid
1241 511 1324 554 est
1360 499 1565 568 Jupiter
1592 498 1713 569 (b)?
1759 497 1852 554 Est
1894 497 1997 553 fer.

410 614 560 660 vens,
594 597 781 668 inquit,
813 594 1125 656 substantia,
1158 601 1213 646 et
1245 607 1364 660 pars
1389 606 1506 659 qum
1531 599 1746 658 superat
1774 604 1951 644 acrem
1977 628 1993 654 ,

407 701 461 746 et
510 706 668 760 qttam
716 688 984 759 appellant
1027 686 1298 746 tetherem,
1331 698 1394 738 ex
1439 699 1504 736 eo
1529 682 1668 751 quod
1716 682 1918 736 ferveat
1945 690 2000 735 et

407 794 548 838 urat.
578 783 694 837 Non
722 793 804 835 est
849 795 978 849 ergo
1003 777 1349 833 ratiocinandi
1395 793 1491 830 nec
1519 775 1852 830 discernendi
1899 790 1994 842 po-

408 883 600 930 testate
628 873 868 944 praedita,
899 871 991 926 sed
1030 885 1218 940 expers
1244 867 1464 922 rationis
1502 867 1814 921 substantia.
1846 865 1998 932 Quod

410 967 552 1019 enim
584 975 770 1018 natura
809 964 948 1017 aeris
979 977 1075 1017 nec
1112 961 1369 1014 rationem
1403 958 1612 1022 habeat,
1648 973 1748 1012 nec
1788 957 2000 1012 ratiocio

412 1062 706 1118 nationem,
735 1056 902 1111 cuivis
947 1063 1026 1108 est
1067 1063 1326 1122 apertum,
1363 1059 1412 1106 et
1456 1066 1614 1104 neruo
1655 1058 1738 1102 est
1766 1049 1854 1118 qui
1901 1049 2004 1100 hoc

413 1152 638 1215 nesciat,
671 1147 878 1203 etiamsi
909 1147 1104 1210 minus,
1148 1159 1306 1214 quam
1351 1143 1509 1212 lapis,
1549 1155 1741 1195 sensus
1788 1139 1997 1193 habeat.

412 1242 590 1309 Quare
629 1240 734 1309 jam
763 1238 828 1292 de
856 1237 1033 1292 medio
1059 1235 1297 1290 sublatus
1323 1242 1404 1287 est
1430 1231 1656 1300 Jupiter,
1685 1239 1737 1283 et
1765 1229 1880 1298 ejus
1905 1229 2000 1282 de-

418 1335 519 1388 leta
562 1331 873 1386 substantia.
904 1325 958 1382 Si
1001 1327 1142 1381 enim
1172 1341 1264 1380 aer
1313 1334 1395 1378 cst
1437 1322 1678 1392 Jupiter,
1707 1335 1800 1374 aer
1826 1331 2002 1372 autem

418 1433 502 1479 est
545 1422 595 1476 id
624 1419 765 1491 quod
805 1421 914 1488 jam
944 1418 1196 1484 diximus,
1227 1433 1290 1471 ex
1319 1431 1385 1470 eo
1413 1429 1621 1484 quoque
1660 1411 1895 1467 interibit
1921 1411 2003 1464 fa-

425 1515 569 1569 uula.
596 1513 650 1569 Si
694 1521 872 1566 autem
918 1521 1002 1565 est.
1029 1526 1139 1573 aer,
1173 1524 1274 1563 nec
1315 1507 1413 1561 fuit
1439 1507 1660 1576 alicujus
1690 1516 1859 1576 pater,
1903 1519 2004 1560 nec

419 1609 640 1676 aliquam
688 1605 896 1675 peperit
941 1602 1312 1665 substantiam,
1360 1599 1656 1667 cujusmodi
1697 1597 2005 1666 confingunt

416 1702 618 1762 solem,
651 1711 810 1766 quem
853 1695 1012 1748 etiam
1041 1701 1232 1747 vocant
1273 1691 1573 1761 Apollinem
1606 1693 1700 1759 (c),
1732 1699 1787 1744 et
1825 1688 2005 1743 dicunt

416 1802 537 1844 esse
564 1789 680 1856 ejus
726 1787 889 1840 lilium
921 1803 934 1838 :
965 1801 1064 1840 nec
1101 1786 1242 1838 enim
1270 1784 1350 1838 sol
1394 1783 1552 1836 habet
1593 1783 1875 1844 rationem,
1906 1795 2005 1835 nec

413 1887 664 1942 mentem,
700 1891 796 1931 nec
821 1876 1216 1946 cogitationem,
1251 1873 1344 1928 sed
1376 1874 1544 1943 ipsum
1577 1873 1734 1926 etiam
1762 1881 1843 1926 est
1871 1885 2006 1940 opus

411 1968 668 2032 naturale,
684 1966 825 2034 quod
843 1967 1016 2037 agitur
1031 1976 1082 2020 et
1093 1965 1464 2020 circumfertur
1485 1965 1782 2034 lege,quam
1797 1963 1846 2018 ei
1866 1963 2004 2018 Deus

412 2059 462 2112 in
517 2059 776 2127 principio
827 2059 1020 2128 posiiit.
1045 2057 1257 2126 Alioqui
1287 2070 1385 2110 nec
1411 2056 1592 2124 pluere
1641 2063 1724 2109 est
1747 2053 1962 2109 aetheris
1986 2095 2002 2119 ,

409 2147 504 2201 sed
525 2148 765 2212 nubium,
785 2164 900 2216 qum
919 2163 1108 2216 aquam
1125 2147 1424 2214 suscipiunt
1442 2147 1524 2200 vel
1549 2161 1613 2200 ex
1646 2147 1800 2210 tnari,
1828 2146 1910 2200 vel
1937 2161 2002 2201 ex

409 2241 561 2307 aquis
586 2256 705 2309 qua:
734 2241 801 2294 ab
829 2241 938 2295 alto
985 2255 1146 2310 super
1189 2239 1376 2294 cazlum
1409 2239 1668 2304 feruntur,
1713 2249 1770 2293 ut
1819 2238 2002 2294 dicunt

412 2331 704 2398 prophetae.
730 2330 821 2385 Sin
841 2341 1014 2384 autern
1040 2331 1194 2386 fidem
1219 2346 1322 2385 non
1352 2332 1514 2384 habes
1537 2331 1828 2400 prophetis,
1854 2331 2002 2400 signa

419 2432 601 2492 aperta
630 2433 684 2476 et
729 2423 1005 2476 manifesta
1037 2424 1354 2492 pra-bemus,
1385 2439 1502 2492 qua:
1548 2427 1776 2478 maxime
1818 2433 2002 2478 osten-

418 2513 551 2566 dunt
575 2530 666 2567 eos
695 2513 856 2568 fuisse
886 2531 912 2565 a
941 2515 1051 2568 Deo
1081 2515 1393 2584 inspiratos,
1422 2526 1472 2568 et
1501 2516 1630 2569 nihil
1658 2517 1812 2570 nobis
1837 2516 2007 2571 disse-

420 2605 612 2668 ruisse,
643 2604 782 2672 quod
814 2621 876 2658 ex
905 2619 960 2657 se
987 2604 1257 2669 alﬁ-rrent,
1287 2604 1382 2658 sed
1425 2605 1601 2657 divina
1629 2605 1716 2658 illa
1757 2604 1927 2673 gratia
1953 2614 2009 2658 et

423 2695 788 2764 snpercarlesti
817 2695 1041 2750 atllatos.
1077 2697 1434 2764 Quzecumque
1473 2696 1613 2749 enim
1657 2695 1724 2748 ab
1750 2696 1828 2749 eis
1870 2695 2007 2750 diC'a

417 2797 564 2852 stmt,
599 2789 757 2842 linem
789 2798 911 2842 sunt
937 2800 1243 2857 assequuta,
1277 2797 1328 2841 et
1359 2787 1534 2840 omnia
1565 2785 1630 2838 ad
1661 2801 1836 2840 rerum
1867 2784 2008 2839 veri-

419 2890 583 2936 tatem
631 2881 982 2944 devenerunt,
1027 2897 1121 2934 seu
1168 2889 1370 2945 vetera,
1418 2893 1512 2933 seu
1542 2893 1679 2932 nova
1711 2878 1844 2932 velis
1869 2877 2011 2931 acci-

417 2989 566 3042 pere.
598 2971 729 3026 Nam
778 2980 834 3025 et
861 2987 978 3040 qum
1008 2971 1076 3025 de
1118 2969 1317 3024 Juda‘is
1356 2985 1384 3023 a
1415 2969 1688 3039 prophetis
1717 2968 1854 3022 dicta
1886 2977 2009 3021 sunt

415 3066 591 3120 omnia
641 3065 798 3118 finem
850 3073 1144 3134 ceperunt,
1179 3053 1419 3133 quorum
1478 3063 1636 3115 etiam
1684 3061 1858 3115 exitus
1907 3060 2008 3115 fuit

413 3155 660 3210 omnibus
691 3154 1006 3209 manifestus
1035 3171 1047 3207 :
1077 3162 1131 3208 et
1152 3169 1271 3223 qua:
1291 3152 1358 3208 de
1385 3150 1596 3206 Christo
1618 3151 1667 3204 in
1694 3151 1862 3216 Novo,
1886 3167 2004 3220 qua:

417 3246 647 3300 maxime
677 3245 966 3300 OStendont
1007 3244 1244 3298 divinam
1272 3258 1392 3298 esse
1436 3251 1716 3310 utramque
1759 3241 2002 3310 Scriptu-

419 3352 555 3390 ram.
588 3335 643 3391 Si
689 3347 864 3389 autem
897 3345 1021 3390 sunt
1047 3335 1240 3412 divina,
1289 3351 1408 3404 quae
1451 3335 1517 3387 de
1546 3334 1656 3386 Deo
1683 3333 1734 3386 in
1777 3347 1839 3387 ea
1865 3332 2003 3387 dicta

415 3435 559 3488 sunt,
589 3441 651 3481 ea
700 3441 821 3480 vera
867 3436 992 3481 sunt
1039 3427 1236 3480 omnia.
1269 3425 1344 3479 Ne
1387 3425 1566 3478 dubita
1614 3424 1768 3493 igitur
1797 3423 1863 3478 de
1913 3423 2004 3478 [)ci

415 3516 771 3586 providentia,
800 3517 894 3572 sed
925 3517 1040 3586 ejus
1078 3531 1284 3582 curam,
1313 3531 1468 3586 quam
1498 3515 1654 3584 gerit,
1698 3515 1962 3570 admirare
1984 3557 2001 3582 ,

414 3609 556 3676 quod
584 3625 703 3664 eum
732 3612 836 3664 sint
863 3611 986 3664 boni
1007 3620 1062 3665 et
1089 3609 1234 3674 mali,
1256 3610 1439 3663 orbem
1469 3617 1730 3661 terrarum
1759 3617 1812 3661 et
1836 3605 2002 3662 solem

415 3702 666 3756 omnibus
698 3702 976 3771 permittit,
1009 3711 1061 3756 et
1105 3700 1354 3756 omnibus
1382 3699 1474 3754 dat
1524 3699 1744 3768 pluvias.
1779 3697 1931 3766 Quod
1959 3697 2005 3752 si

415 3792 543 3846 sinit
570 3792 777 3862 aliquos
803 3793 997 3862 degere
1024 3792 1076 3845 in
1107 3791 1444 3846 mendicitate
1472 3800 1526 3845 et
1554 3790 1749 3860 inapia,
1800 3789 1849 3842 id
1882 3789 2006 3843 facit

417 3891 474 3936 ut
501 3883 729 3935 animam
780 3883 986 3936 illorum
1033 3883 1282 3951 corrigat,
1328 3880 1599 3950 sapientiae
1630 3879 2003 3935 studiosiorem

417 3975 648 4027 animam
679 3974 938 4028 eftieiens.
987 3973 1146 4028 Scitis
1176 3973 1340 4038 enim,
1372 3973 1520 4027 scitis
1557 3983 1758 4041 aperte.
1796 3971 2005 4026 divitias

419 4065 630 4135 quidetn
660 4066 724 4120 iis
742 4067 830 4135 qui
859 4081 963 4120 non
986 4063 1266 4119 attendunt
1288 4077 1407 4118 esse
1432 4063 1676 4116 vitiorum
1699 4062 2004 4125 ministras;

419 4167 780 4226 paupertatem
811 4167 990 4211 autem
1030 4165 1254 4209 matrem
1310 4153 1656 4224 jhilusophim
1685 4170 1698 4206 :
1729 4167 1897 4221 eaque
1920 4165 2007 4206 res

420 4247 548 4314 ipsa:
576 4247 810 4302 iudicant
837 4245 1095 4317 quotidie.
1137 4245 1278 4312 Quot
1307 4257 1567 4313 pauperes
1613 4249 1734 4295 sunt
1760 4240 2009 4295 divitibus

421 4337 814 4406 prudentiores,
863 4332 1138 4408 sapientia:
1179 4334 1526 4399 amantiores,
1579 4342 1633 4387 et
1673 4347 1895 4401 corpore
1924 4347 2011 4385 sa-

423 4432 636 4497 niores,
683 4447 804 4486 cum
855 4441 1141 4502 paupertas
1183 4430 1261 4484 eis
1312 4436 1363 4482 et
1408 4442 1624 4482 carnem
1675 4433 1728 4480 et
1777 4424 2007 4478 animam

419 4525 697 4594 corrigat?
724 4524 776 4580 9.
807 4524 874 4578 In
897 4541 1020 4594 pace
1037 4526 1089 4577 in
1106 4524 1322 4594 idipsum
1344 4522 1592 4575 dormiant
1618 4529 1664 4574 et
1683 4520 2004 4590 requiescam.

424 4616 508 4670 IO.
543 4615 791 4682 Quoniam
820 4625 892 4678 tu,
921 4614 1153 4677 Domine,
1178 4615 1498 4684 singulariter
1526 4613 1580 4666 in
1598 4628 1686 4682 spe
1710 4609 2007 4665 constituisti

422 4722 519 4758 me.
555 4707 691 4760 Ecce
730 4705 887 4759 aliam
934 4721 1038 4758 non
1071 4720 1282 4775 parvam
1331 4703 1564 4772 speciem
1614 4699 1958 4772 providentia:
1987 4739 2002 4766 ,

422 4799 562 4868 quod
608 4814 739 4868 pace
786 4797 1028 4852 fruantur
1071 4799 1158 4867 qui
1199 4805 1323 4850 sunt
1363 4797 1470 4850 Deo
1499 4794 1688 4848 addicti
1721 4809 1733 4846 :
1769 4791 1885 4845 Pax
1926 4803 2008 4846 est

423 4891 565 4943 enim
599 4889 926 4960 diligentibus
957 4891 1112 4958 legem
1142 4898 1300 4953 luant,
1330 4897 1374 4939 et
1405 4903 1503 4940 non
1535 4895 1606 4938 est
1639 4886 1762 4955 ipsis
1790 4883 2005 4949 o/Tendi-

421 4979 592 5034 culum
621 4980 784 5048 (Paul.
815 4981 938 5035 “8.
972 4977 1118 5051 165).
1149 4979 1285 5032 Nihil
1312 4979 1452 5032 enim
1482 4992 1631 5046 teque
1659 4976 1795 5029 solet
1824 4989 2006 5045 pacem

420 5088 636 5142 parere,
666 5081 828 5142 atque
860 5074 950 5128 Dei
978 5073 1229 5142 cognitio,
1258 5080 1313 5126 et
1339 5069 1546 5123 virtutis
1572 5067 1860 5138 possessio,
1891 5081 2009 5134 quae

423 5164 588 5218 animi
618 5164 1074 5233 perturbationum
1102 5163 1365 5217 internum
1411 5161 1607 5216 bellum
1639 5159 1796 5214 domo
1826 5156 2009 5227 procul

507 5320 559 5382 α)
591 5319 708 5369 vide
731 5319 939 5370 Platonis
958 5317 1212 5382 Cratylum,
1237 5331 1285 5382 ι).
1311 5317 1396 5365 401
1411 5329 1535 5382 δραι.

512 5377 724 5447 b)_Circa
742 5383 873 5447 Jovis
895 5377 1112 5429 naturain
1131 5377 1372 5447 "dequae
1394 5377 1606 5447 diximus
1627 5380 1869 5434 Dtsqtnsu.
1892 5384 2012 5447 pra;-

425 5434 506 5492 via
525 5434 583 5492 a'd
611 5444 971 5503 Antuptitatem,
1013 5454 1202 5503 paragr.
1227 5434 1322 5500 IV;
1348 5440 1558 5489 maxime
1583 5448 1700 5486 vero
1722 5448 1831 5497 qtae
1857 5448 1920 5482 ex
1942 5434 2013 5481 (gi-

423 5518 606 5556 ceroue
629 5503 879 5554 attulimus
901 5503 1015 5551 ibid.

493 5569 564 5628 (ε)
599 5566 826 5628 Plerique
847 5572 1118 5628 Cra-corum
1162 5561 1388 5610 dicebant
1427 5558 1690 5628 Apollinem
1713 5557 1842 5628 {ovis
1862 5555 2012 5628 filium

427 5617 828 5677 esée'Solem.'At
844 5627 1028 5688 nonAsic
1050 5632 1283 5688 numerus
1299 5631 1350 5671 et
1365 5617 1540 5688 poeiaa,
1559 5622 1642 5688 qui
1664 5617 1820 5688 Solem
1843 5617 2008 5688 distin-

427 5697 585 5751 guunt
605 5690 667 5738 ab
687 5688 914 5750 Apolline.
937 5686 989 5737 ln
1010 5685 1140 5737 cultu
1165 5692 1325 5734 autem
1350 5679 1539 5746 publico
1561 5679 1665 5734 liaac
1687 5681 1880 5732 itumiua
1903 5679 2002 5728 dis-

430 5752 794 5801 timebantur.

430 5753 794 5814 tinguebantur.

2100 409 2262 479 ejicit,
2305 428 2404 467 nec
2449 414 2703 482 permittit
2731 423 2786 468 ut
2825 413 2982 468 homo
3023 430 3142 470 cum
3173 415 3350 486 seipso
3390 414 3679 472 seditiones

2099 503 2282 572 agitet.
2325 503 2462 558 Sane
2489 505 2531 557 si
2572 503 2668 558 hac
2695 520 2825 574 pace
2853 519 2957 560 non
3001 504 3226 569 fruatur,
3254 507 3459 561 etiamsi
3488 508 3558 562 sit
3584 521 3678 560 ex-

2101 597 2363 649 trinsecus
2409 609 2615 650 summa
2666 613 2762 666 pax
2793 637 2808 662 ,
2847 597 3058 657 etiamsi
3117 598 3296 652 nullus
3345 612 3466 652 eum
3511 597 3686 653 hostis

2101 687 2336 752 invadat,
2361 698 2440 741 est
2467 689 2704 742 omnium
2733 690 2819 758 qui
2851 690 2902 744 in
2932 700 3070 744 terra
3099 691 3473 761 impugnantur
3498 689 3704 744 miser-.~
3738 746 3748 762 _

2102 793 2286 831 I'llllllS.

2177 867 2261 922 12.
2296 869 2573 923 Swvissimi
2606 869 2770 924 hostes
2795 870 2977 924 anima:
3003 871 3318 925 immoderati
3359 869 3568 938 allectus
3593 885 3682 924 oo-

2105 959 2331 1012 luntalis.
2363 959 2578 1014 Invidiw
2597 962 2839 1014 conditio.
2865 992 2935 1001 —
2962 961 3141 1032 Neque
3162 963 3304 1018 enim
3329 963 3563 1034 Scythae,
3587 975 3692 1017 nec

2104 1051 2359 1115 Thraces,
2385 1067 2482 1105 nec
2505 1053 2781 1117 Sarmata},
2806 1069 2902 1108 nec
2931 1054 3064 1119 Indi,
3095 1069 3191 1108 nec
3219 1053 3402 1114 Mauri.
3429 1067 3527 1108 nec
3541 1066 3684 1122 quatv

2105 1159 2332 1213 cumque
2359 1154 2482 1198 sunt
2519 1145 2645 1199 fera:
2675 1155 2881 1214 gentes,
2929 1155 3034 1200 tam
3081 1155 3234 1200 atrox
3271 1145 3469 1200 bellum
3497 1159 3690 1216 gerere

2104 1235 2297 1295 solent.
2323 1251 2482 1305 quam
2513 1237 2708 1291 nefaria
2737 1237 3004 1306 cogitatio,
3033 1253 3154 1306 qua:
3183 1247 3420 1292 versatur
3447 1238 3498 1290 in
3525 1251 3686 1304 pene-

2109 1326 2329 1380 tralibus
2354 1327 2538 1390 animi,
2571 1336 2624 1381 et
2646 1329 3004 1397 intemperans
3034 1329 3218 1394 libido,
3246 1343 3394 1382 amor
3424 1330 3684 1398 pecunia},

2107 1418 2356 1487 potentia:
2388 1418 2676 1474 vehemens
2709 1419 3030 1474 desiderium
3052 1461 3065 1479 ,
3094 1429 3252 1488 atque
3290 1434 3414 1488 erga
3454 1433 3542 1472 res
3585 1418 3686 1472 litt-

2106 1525 2290 1564 manas
2332 1509 2562 1565 affectio.
2612 1511 2680 1566 Et
2723 1513 2911 1566 merito
2955 1529 2966 1565 :
3010 1510 3136 1564 illud
3181 1510 3322 1565 enim
3366 1520 3448 1564 est
3492 1509 3687 1564 bellum

2107 1612 2419 1668 externum,
2467 1603 2567 1657 hoc
2611 1619 2737 1658 vero
2783 1613 2865 1656 est
2913 1603 3179 1656 internum
3224 1601 3488 1672 praelium.
3537 1599 3688 1667 Quod

2107 1705 2286 1749 autem
2311 1710 2428 1765 qua:
2456 1695 2597 1749 intus
2639 1705 2949 1758 nascuntur,
2981 1695 3088 1748 sint
3117 1694 3181 1747 iis
3213 1708 3331 1762 qua:
3359 1692 3690 1747 extrinsecus

2108 1785 2384 1852 invadunt,
2405 1787 2670 1856 graviora,
2693 1795 2747 1840 et
2763 1786 3031 1840 interitum
3057 1785 3226 1855 magis
3248 1783 3440 1839 afferre
3460 1783 3686 1849 Soleant,

2111 1875 2211 1931 hoc
2234 1877 2350 1930 licet
2383 1877 2564 1931 videre
2590 1877 2640 1930 in
2672 1877 2940 1932 omnibus.
2969 1875 3180 1930 Etenim
3213 1884 3264 1931 et
3293 1875 3417 1945 ligni
3446 1884 3688 1928 naturam

2108 1968 2325 2031 vermis,
2365 1968 2454 2038 qui
2496 1978 2651 2024 natus
2679 1979 2761 2022 est
2791 1969 2954 2035 intus,
2984 1969 3152 2036 magis
3177 1969 3506 2037 corrumpit;
3548 1969 3690 2023 vires

2109 2069 2162 2112 ct
2188 2060 2465 2113 sanitatem
2496 2059 2756 2128 corporis,
2779 2059 2970 2121 morbi,
3002 2060 3089 2128 qui
3121 2059 3264 2112 intus
3296 2069 3642 2126 procreantur
3669 2099 3685 2119 ,

2113 2151 2228 2221 plus
2272 2151 2492 2217 lardum,
2538 2166 2696 2221 quam
2750 2151 2838 2220 qui
2890 2150 3220 2205 extrinsecus
3271 2149 3594 2213 adveniunt;
3640 2158 3695 2202 et

2106 2243 2352 2298 civitates
2390 2258 2494 2297 non
2527 2253 2632 2296 tam
2685 2242 2888 2296 externi
2937 2241 3139 2306 hostes,
3169 2255 3326 2310 quam
3357 2239 3541 2294 civiles
3569 2253 3693 2308 pes-

2105 2334 2358 2390 sumdant
2386 2351 2399 2388 :
2433 2333 2500 2388 ita
2532 2335 2690 2388 etiam
2731 2335 2922 2387 animae
2962 2349 3066 2387 non
3097 2342 3202 2386 tam
3229 2341 3466 2387 externa:
3490 2346 3609 2401 qttte
3640 2330 3691 2384 in

2106 2444 2223 2482 eam
2252 2427 2503 2481 invadunt
2534 2426 2976 2492 machinationes,
3007 2440 3165 2495 quam
3193 2439 3311 2500 qua:
3333 2424 3476 2479 intus
3511 2422 3696 2476 oriun-

2111 2531 2194 2574 tur
2223 2521 2584 2589 aegritudines,
2630 2521 2914 2590 perniciem
2965 2519 3213 2575 afferunt.
3242 2519 3345 2574 Sed
3394 2519 3437 2572 si
3481 2518 3600 2588 quis
3626 2518 3694 2570 ti-

2114 2627 2317 2664 morem
2346 2612 2438 2664 Dei
2468 2611 2696 2676 habens,
2721 2611 2821 2666 hoc
2849 2612 3044 2666 bellum
3074 2611 3305 2680 perfecte
3332 2609 3616 2674 sedaverit,
3638 2615 3694 2663 et

2115 2701 2539 2769 perturbationes
2588 2703 2751 2754 anitni
2813 2703 3204 2771 composuerit,
3251 2713 3304 2754 ct
3351 2701 3525 2754 varias
3579 2699 3693 2755 illas

2115 2791 2475 2860 improborum
2543 2792 2921 2861 cogitationum
2983 2792 3188 2846 belluas
3237 2789 3536 2854 suﬂocans,
3586 2806 3690 2844 non

2112 2883 2420 2956 permiserit
2465 2892 2521 2938 ut
2570 2885 2622 2937 in
2668 2883 2834 2936 antris
2864 2881 3201 2946 delitescant,
3247 2880 3294 2934 is
3333 2879 3611 2949 purissima
3641 2889 3696 2934 et

2111 2976 2367 3030 altissima
2397 2989 2525 3044 pace
2569 2974 2793 3029 fruetur.
2829 2973 2975 3028 Hanc
3003 2985 3186 3042 pacem
3214 2971 3452 3026 Christus
3477 2970 3695 3025 veniens

2112 3068 2330 3138 largitus
2358 3077 2472 3132 est;
2521 3066 2660 3120 hanc
2704 3066 2865 3120 etiam
2895 3064 3088 3119 Paulus
3130 3073 3374 3133 precatus
3416 3071 3498 3117 est
3523 3061 3694 3140 fideli-

2110 3160 2229 3222 bus,
2259 3159 2443 3215 dicens
2471 3158 2522 3212 in
2568 3157 2790 3228 singulis
2816 3155 3056 3225 epistolis
3087 3173 3100 3209 :
3135 3154 3311 3210 Gratia
3353 3153 3488 3208 vobis
3513 3162 3558 3206 et
3587 3167 3690 3221 pax

2109 3268 2140 3304 a
2172 3249 2277 3305 Deo
2304 3249 2458 3304 Patre
2480 3259 2670 3302 nostro.
2702 3246 2800 3314 Qui
2829 3245 2968 3301 hanc
2995 3245 3138 3301 enim
3169 3245 3330 3299 habet
3356 3259 3560 3314 pacem,
3587 3259 3690 3296 noti

2108 3345 2282 3398 Solum
2311 3341 2592 3397 barbarum
2635 3349 2690 3395 et
2738 3339 2946 3394 hostem
2969 3380 2982 3402 ,
3015 3338 3109 3393 sed
3158 3353 3226 3392 ne
3272 3339 3442 3408 ipsum
3473 3336 3688 3406 quidem

2109 3437 2376 3492 diabolum
2406 3433 2742 3499 extimescit;
2772 3430 2865 3486 sed
2895 3431 3196 3485 universam
3223 3428 3364 3484 ridet
3386 3427 3688 3482 daemonum

2110 3529 2447 3597 phalangem,
2489 3535 2540 3580 et
2580 3537 2664 3581 est
2711 3525 2960 3579 omnibus
2998 3522 3300 3578 hominibus
3343 3522 3586 3583 alacrior,
3633 3527 3692 3576 ut

2107 3621 2196 3690 qui
2229 3635 2330 3674 non
2361 3626 2672 3690 paupertate
2698 3626 2989 3688 prematur,
3021 3633 3124 3672 non
3160 3615 3350 3671 morbo
3389 3624 3442 3670 et
3467 3614 3689 3669 adversa

2112 3709 2416 3766 valetudine
2438 3717 2707 3778 gravetur,
2736 3724 2841 3764 non
2871 3709 3050 3776 aliquo
3087 3721 3271 3761 eorum
3301 3721 3418 3776 qua:
3449 3704 3690 3758 humani-

2110 3814 2194 3859 tus
2221 3802 2492 3872 inopinato
2513 3802 2761 3857 accidunt
2785 3803 3146 3871 perturbetur,
3173 3815 3238 3856 eo
3265 3798 3403 3869 quod
3426 3798 3688 3853 valentem

2109 3907 2163 3951 et
2191 3911 2374 3950 Sanam
2409 3894 2601 3948 habeat
2629 3893 2881 3959 animam,
2910 3909 3027 3961 qua:
3057 3891 3171 3946 haec
3215 3899 3394 3960 potest
3437 3888 3690 3958 pra-clare

2109 3998 2163 4044 et
2203 3988 2448 4042 facillime
2477 3985 2851 4039 administrare
2891 3998 2955 4038 ac
2995 3993 3314 4050 temperare.
3343 3983 3409 4036 Et
3429 3989 3485 4034 ut
3509 3979 3690 4033 sciatis

2113 4078 2214 4132 hoc
2241 4092 2362 4130 esse
2385 4089 2566 4128 verum
2601 4090 2615 4124 :
2643 4073 2714 4125 sit
2737 4073 2930 4140 aliquis
2950 4072 3180 4137 invidus,
3213 4080 3268 4125 et
3296 4085 3452 4126 nemo
3479 4085 3598 4123 cum
3625 4085 3690 4124 eo

2112 4169 2308 4224 bellum
2337 4173 2519 4236 gerat;
2551 4164 2678 4234 quid
2703 4163 2891 4233 juvat?
2919 4161 3034 4231 Ipse
3060 4163 3202 4216 enim
3233 4177 3352 4216 cum
3382 4161 3558 4228 seipso
3579 4160 3691 4214 bel-

2113 4259 2223 4314 lunt
2253 4257 2408 4328 gerit,
2432 4256 2620 4326 quovis
2649 4269 2778 4310 ense
2807 4251 3240 4323 penetrabiliores
3264 4250 3314 4304 in
3338 4264 3395 4303 se
3417 4250 3691 4318 cogitatio-

2113 4369 2211 4408 nes
2237 4367 2452 4417 acuens,
2487 4351 2540 4406 in
2567 4349 2812 4404 omnibus
2832 4363 2949 4416 quae
2974 4345 3218 4401 videntttr
3237 4343 3534 4408 offendens,
3559 4349 3614 4396 et
3637 4341 3690 4396 iu

2113 4444 2334 4514 singulis
2362 4443 2447 4513 qui
2493 4451 2780 4496 occurrunt
2810 4437 3112 4493 hominibus
3150 4435 3382 4506 seipsqu
3425 4431 3688 4496 saucians,

2113 4537 2164 4592 in
2212 4535 2410 4590 nullunt
2463 4533 2720 4588 benevolo
2763 4539 2818 4586 et
2860 4537 3011 4598 grato
3053 4527 3233 4582 animo
3279 4523 3564 4595 prmditus,
3593 4521 3690 4578 sed

2111 4644 2300 4684 omnes
2331 4627 2447 4680 illos
2493 4635 2761 4694 tamquam
2810 4621 2992 4676 hostes
3021 4619 3251 4674 intuens.
3283 4619 3412 4683 Quae
3455 4621 3536 4668 est
3562 4626 3690 4682 ergo

2113 4721 2186 4776 illi
2212 4720 2355 4790 pacis
2383 4726 2616 4773 externae
2645 4715 2863 4778 utilitas,
2893 4711 3106 4782 quando
3147 4710 3233 4764 ille
3259 4710 3441 4764 furens
3465 4714 3518 4760 et
3543 4703 3691 4760 rabie

2111 4816 2366 4884 percitus,
2410 4818 2464 4864 et
2499 4807 2798 4863 communis
2837 4816 3039 4860 natura:
3080 4803 3244 4857 hostis
3275 4801 3688 4862 circumcursat,

2113 4919 2316 4964 tantum
2361 4906 2625 4960 internum
2665 4901 2860 4958 bellum
2905 4910 3138 4969 gestans,
3181 4904 3236 4951 et
3283 4895 3426 4948 mille
3469 4890 3586 4946 telis
3629 4903 3693 4942 ac

2112 5001 2315 5070 sagittis
2353 4995 2583 5059 confodi,
2629 5004 2787 5064 atque
2832 4991 2966 5046 adeo
3011 4988 3182 5059 potius
3229 4985 3421 5040 millies
3463 4988 3691 5035 mortem

2115 5093 2220 5162 pati
2248 5099 2458 5160 optans,
2487 5104 2643 5157 quam
2674 5085 2854 5139 videre
2902 5081 3203 5152 quempiam
3231 5093 3296 5131 ex
3339 5075 3424 5136 iis,
3452 5071 3540 5141 qui
3572 5077 3692 5122 sunt

2115 5161 2351 5250 ejusdem
2397 5178 2627 5248 generis,
2679 5177 2728 5230 in
2778 5175 2915 5229 bona
2968 5187 3087 5228 esse
3137 5161 3558 5223 existimatione.
3604 5167 3694 5250 aut

2115 5249 2320 5327 felicius
2346 5267 2538 5339 agere?
2568 5268 2832 5321 Teneatur
2861 5276 3043 5318 rursus
3066 5259 3200 5313 alius
3230 5251 3463 5324 pecunia:
3489 5249 3693 5321 cupidi-

2115 5371 2242 5426 tate,
2294 5361 2564 5414 innumera
2609 5355 2767 5416 bella,
2815 5366 3050 5423 pugnas,
3094 5357 3147 5402 et
3188 5342 3471 5398 seditiones
3501 5341 3550 5396 in
3598 5355 3694 5396 sua

2115 5453 2310 5508 Cottﬂat
2329 5453 2504 5506 anima
2531 5467 2544 5503 :
2567 5458 2622 5504 et
2638 5448 2861 5502 tumultu
2881 5459 2943 5498 ac
2965 5437 3359 5513 perturbatione
3379 5437 3694 5509 exagitatus,

2117 5561 2185 5600 ne
2214 5552 2385 5612 potest
2413 5539 2623 5605 quidem
2668 5535 2935 5605 paululum
2981 5531 3356 5604 respirare.At
3393 5543 3500 5584 non
3532 5527 3576 5582 is
3604 5521 3694 5594 qui

2117 5646 2200 5691 est
2241 5635 2371 5688 liber
2416 5630 2484 5684 ab
2525 5626 2783 5698 ejusmodi
2841 5621 3342 5694 perturbationibus,
3389 5619 3490 5674 hoc
3536 5613 3696 5669 modo

2124 5727 2341 5784 affectus
2370 5734 2452 5781 est
2480 5740 2492 5778 :
2521 5720 2614 5778 sed
2646 5719 2697 5775 in
2730 5717 3010 5790 tranquillo
3052 5728 3208 5790 portu
3249 5712 3419 5780 sedet,
3449 5723 3509 5766 se
3536 5703 3692 5762 studii
