4086 6214
405 272 475 326 511
1139 270 1200 325 S.
1228 270 1508 327 JOANNIS
1545 269 1994 328 CHRYSOSTOM

2115 272 2378 329 liClllEP.
2409 273 2945 333 CONSTANTINOP.
3619 276 3688 331 60

401 383 674 454 sapientia:
724 382 1078 453 voluptatibus
1115 383 1372 454 explens,
1401 394 1455 439 ct
1494 385 1686 439 nullam
1729 383 1990 455 ejusmodi

405 478 700 530 molestiam
733 477 1022 531 sustinens.
1053 475 1314 542 Quocirca
1341 476 1442 531 hac
1467 493 1678 547 quoque
1711 475 1994 546 providen-

404 575 470 626 tia
519 572 698 628 fruens
729 575 988 644 propheta
1021 573 1271 628 dicebat:
1307 574 1370 628 In
1405 591 1529 645 pare
1553 575 1605 627 in
1631 574 1853 642 idipsum
1875 573 1995 626 dare

403 666 555 718 iniam
582 674 626 717 et
656 666 996 734 requiescam;
1026 666 1272 731 innuens,
1301 667 1348 721 ei
1379 665 1468 736 qui
1518 665 1655 720 hanc
1702 682 1804 718 non
1835 663 1996 718 habet

404 772 610 825 pacem,
642 773 707 812 ne
750 772 1087 812 communem
1115 759 1328 828 quidem
1373 757 1608 810 omnium
1641 767 1847 826 portum
1877 770 1996 812 esse

403 858 667 917 apertum,
717 848 810 904 sed
855 850 998 903 illum
1032 865 1242 919 quoque
1280 850 1608 904 obstructum
1635 862 1774 912 esse,
1805 861 1997 917 nempe

403 941 600 1008 quit-tis
661 951 716 996 et
765 942 957 997 noctis.
1012 941 1322 1010 llujusmodi
1378 942 1518 995 enim
1575 940 1997 1009 Ierturbationes

404 1033 564 1087 etiam
594 1049 711 1088 eam
738 1048 855 1102 qua?
881 1049 911 1087 a
942 1043 1125 1086 natura
1155 1031 1310 1086 datur
1327 1034 1668 1086 securitatem
1693 1030 1994 1100 profligant,

408 1127 511 1178 alia
559 1126 794 1194 graviori
841 1125 1120 1197 tyrannide
1167 1126 1338 1179 somni
1398 1124 1730 1195 tyrannidem
1782 1125 2000 1177 omnino

404 1218 768 1272 deturbatttcs.
795 1218 958 1272 Invidi
981 1219 1148 1286 enim,
1168 1219 1310 1272 avari
1332 1230 1384 1273 et
1403 1231 1661 1288 raptores.
1683 1218 1783 1272 hoc
1804 1218 1997 1271 bellum

406 1310 637 1380 undique
691 1311 1130 1368 circumferentes
1159 1355 1174 1378 ,
1227 1323 1280 1367 et
1325 1314 1465 1366 intus
1509 1313 1712 1382 positos
1759 1311 2001 1367 inimicos

410 1403 688 1468 habentes,
736 1419 1072 1474 quocumque
1120 1405 1455 1467 recesserint,
1488 1419 1713 1474 pugnam
1744 1419 1848 1457 non
1875 1418 2002 1472 pos-

403 1502 526 1546 9unt
552 1493 787 1564 elfugcre
816 1512 830 1548 :
863 1496 958 1550 sed
1004 1497 1103 1550 etsi
1136 1496 1279 1550 domi
1329 1506 1608 1560 maneant,
1639 1497 1738 1549 etsi
1771 1497 1822 1548 in
1865 1496 2001 1550 lecto

405 1584 632 1653 iaceant,
665 1588 889 1642 telorum
933 1589 1131 1652 nubes,
1162 1599 1214 1643 ct
1244 1590 1496 1642 tumultus
1543 1589 1694 1642 undis
1721 1588 1998 1643 violentio-

410 1691 516 1740 res,
552 1677 749 1739 caades,
779 1679 1062 1744 clamores,
1109 1681 1351 1749 querelas
1378 1691 1430 1733 et
1457 1679 1792 1748 ejulatiooes,
1824 1688 1877 1732 et
1902 1677 2000 1730 alia

408 1771 570 1823 multo
604 1769 666 1823 iis
692 1785 810 1839 qua:
859 1772 996 1826 inter
1039 1772 1218 1826 hostes
1247 1772 1496 1826 accidunt
1539 1771 1784 1841 graviora
1834 1769 2001 1824 susti-

411 1869 553 1914 nent.
591 1863 660 1916 At
691 1878 794 1918 non
825 1864 902 1918 sic
941 1864 1118 1934 justus
1152 1882 1163 1918 :
1192 1866 1283 1920 sed
1311 1874 1363 1919 et
1390 1864 1612 1935 vigilans
1650 1863 2003 1917 delectatione

410 1954 621 2018 fruitur,
653 1967 706 2010 et
755 1965 1019 2012 nocturno
1067 1970 1304 2029 tempore
1335 1976 1451 2012 cum
1500 1973 1689 2028 magna
1737 1957 2004 2026 voluptate

407 2061 654 2101 somnum
687 2049 845 2118 capit.
892 2049 1027 2118 Quid
1073 2062 1156 2105 est
1185 2061 1384 2117 autem,
1418 2049 1479 2104 In
1511 2049 1780 2120 idipsum?
1812 2049 1864 2101 In
1893 2063 2006 2101 me-

417 2138 616 2205 ipsum,
646 2139 836 2210 inquit,
869 2149 1008 2196 totus
1035 2157 1343 2208 conversus,
1376 2159 1479 2196 non
1507 2143 1556 2196 in
1584 2157 1738 2196 curas
1763 2142 2006 2196 innume-

409 2227 840 2298 t'atbilesdivisus,
871 2249 976 2287 non
1004 2250 1122 2304 qua:
1145 2245 1268 2288 sunt
1297 2234 1452 2304 hujus
1479 2234 1560 2288 vel
1581 2235 1720 2288 illius
1742 2233 2003 2302 cogitans,

418 2336 518 2377 nec
551 2323 600 2378 in
625 2324 811 2380 orbem
841 2337 1102 2382 terrarum
1125 2329 1508 2384 sollicitudines
1529 2329 1878 2398 dispertiens;
1909 2328 2004 2383 sed

411 2433 533 2484 qua:
563 2434 678 2472 ntea
722 2428 848 2474 sunt
893 2421 1151 2491 COgilans,
1179 2430 1233 2476 et
1272 2438 1388 2492 qua)
1418 2423 1543 2476 mihi
1595 2421 1761 2485 utilia,
1806 2431 1860 2475 et
1887 2434 2005 2490 qua:

412 2517 534 2561 sunt
569 2508 768 2564 homini
799 2513 1030 2566 maxime
1059 2513 1424 2568 convenientia
1461 2533 1474 2568 :
1507 2512 1640 2578 Quia
1661 2523 1734 2576 tu,
1769 2511 2001 2577 Domine,

408 2599 730 2669 singulariter
765 2602 816 2655 in
845 2620 935 2672 spe
977 2605 1277 2658 constituisti
1307 2622 1401 2658 me.
1433 2604 1583 2672 Quod
1624 2612 1801 2658 autent
1832 2603 1960 2657 dicit
1987 2645 2000 2668 ,

412 2699 494 2743 est
523 2691 782 2759 ejusmodi
816 2710 829 2746 :
859 2693 1081 2764 Propter
1119 2712 1267 2764 spem
1297 2695 1612 2760 fulurorutn,
1645 2705 1697 2749 et
1727 2704 2004 2764 exspecta-

411 2782 607 2836 tio:.em
637 2799 756 2853 qum
779 2786 932 2838 estin
963 2796 1034 2851 te,
1062 2800 1251 2841 omnes
1267 2788 1426 2841 animi
1457 2787 1558 2841 mei
1582 2787 2005 2856 perturbationes

407 2873 718 2942 compressi.
774 2877 924 2929 Sicut
967 2877 1125 2930 etiam
1163 2877 1290 2930 dicit
1318 2877 1512 2931 Paulus
1541 2894 1556 2929 :
1587 2876 1735 2944 Quod
1760 2886 1830 2930 est
1872 2878 2006 2930 enim

409 2966 458 3017 in
509 2970 774 3034 pra'scntia
822 2969 1097 3022 admodum
1142 2971 1246 3024 lere
1289 2971 1605 3040 aﬂlictiouis,
1653 2971 1912 3039 insigniter
1951 2971 2004 3024 in

411 3058 714 3112 sublimitate
739 3070 979 3114 a'ternum
1020 3062 1219 3130 pondus
1245 3063 1422 3133 gloria:
1450 3063 1591 3116 nobis
1615 3072 1872 3133 operatur,
1906 3078 2005 3115 non

410 3152 840 3207 considerantibus
864 3153 1005 3208 nobis
1042 3170 1156 3223 quia
1179 3157 1428 3218 videntur,
1457 3155 1546 3209 sed
1573 3172 1686 3224 qua:
1709 3172 1808 3208 non
1836 3156 2008 3209 viden-

416 3254 498 3296 tur
547 3245 600 3316 (2
629 3245 748 3299 Cor.
779 3247 832 3300 4.
867 3247 950 3301 17.
986 3247 1094 3316 18).
1125 3246 1276 3299 Nulla
1304 3247 1446 3301 enim
1477 3262 1565 3302 res
1593 3257 1675 3302 est
1703 3248 1837 3302 adeo
1863 3246 2003 3301 difﬁ-

413 3338 548 3394 cilis.
580 3353 697 3406 qum
729 3353 830 3390 non
868 3339 956 3392 liat
986 3338 1229 3392 facillima
1262 3353 1357 3407 spe
1387 3339 1574 3394 futura:
1604 3355 1630 3392 a
1665 3339 1772 3394 Deo
1799 3339 2001 3408 gloriae.

416 3428 704 3499 Propterea
733 3429 858 3483 dicit
894 3449 906 3482 :
943 3427 1006 3482 In
1033 3447 1122 3498 spe
1148 3432 1450 3486 constituisti
1481 3448 1576 3485 mc.
1613 3432 1676 3486 Et
1701 3431 1848 3498 illud,
1882 3431 2004 3486 Sitt-

415 3521 678 3591 gulariter,
713 3537 817 3575 non
846 3531 928 3576 est
957 3539 1114 3592 parva
1142 3524 1397 3580 doctrina:
1424 3526 1610 3580 virtus.

483 3613 570 3666 15.
613 3612 749 3680 Quid
779 3623 861 3668 est
885 3626 1089 3683 autem,
1115 3617 1457 3689 Singulariter
1478 3619 1501 3671 ?
1526 3617 1776 3673 Se0tsum
1809 3617 1877 3672 ab
1900 3617 1997 3670 im-

413 3705 610 3774 prohis.
647 3707 798 3762 llane
832 3710 972 3763 enim
1005 3725 1187 3779 pacem
1210 3753 1224 3777 ,
1260 3712 1456 3782 inquit,
1490 3709 1717 3780 apud’te
1750 3711 2004 3780 prreclare

415 3797 594 3863 habui,
618 3807 670 3852 et
699 3801 984 3869 separatim
1018 3801 1216 3865 habito,
1245 3802 1448 3871 fugiens
1471 3801 1711 3855 homines
1735 3801 2005 3869 improbos

413 3903 476 3942 ac
501 3899 803 3958 corruptos.
837 3891 902 3944 Et
924 3891 1044 3960 jure
1071 3891 1328 3960 profecto.
1363 3890 1820 3957 Quemadmodum
1862 3891 2002 3945 enim

412 3993 632 4048 corpora
665 3996 808 4050 saepe
850 3997 878 4033 a
921 3983 1152 4051 corrupti
1196 3982 1337 4036 acris
1383 3982 1467 4036 lue
1511 3980 1700 4036 infecta
1746 3993 2000 4051 pereunt:

416 4071 484 4124 ita
515 4073 674 4126 etiam
718 4075 895 4128 anima
938 4090 1080 4143 sane
1106 4076 1356 4128 damnum
1393 4075 1597 4145 accepit
1636 4089 1702 4130 ex
1745 4075 2002 4129 malorum

414 4165 795 4233 congressione
820 4184 833 4219 :
863 4178 915 4220 et
944 4168 1079 4220 sicut
1105 4183 1265 4220 sanus
1295 4167 1480 4221 oculus
1506 4166 1720 4236 quando
1757 4167 2003 4220 laborau-

414 4261 517 4308 tem
545 4257 830 4325 aspexerit,
859 4257 1110 4323 afficitur,
1141 4267 1194 4311 et
1221 4257 1309 4327 qui
1340 4267 1420 4310 est
1446 4259 1626 4312 scabie
1651 4259 1908 4322 refertus,
1941 4257 2004 4311 iis

413 4345 572 4400 etiam
613 4348 701 4416 qui
750 4347 864 4401 sani
904 4357 1026 4402 sunt
1065 4363 1182 4402 eam
1232 4347 1502 4416 impertit;
1555 4348 1626 4401 ita
1665 4347 1824 4402 etiam
1864 4362 2005 4416 saepe

414 4437 674 4508 contingit
701 4439 751 4492 in
787 4437 1170 4493 consuetudine
1200 4438 1563 4508 improborum
1599 4438 1895 4492 hominum.
1940 4437 2008 4492 Et

419 4526 536 4581 ideo
567 4529 728 4584 etiam
767 4531 934 4584 suasit
970 4531 1212 4586 Christus
1257 4545 1361 4584 non
1405 4531 1575 4584 solmu
1621 4545 1715 4584 eos
1751 4529 1840 4600 qui
1884 4538 2007 4584 sunt

418 4617 552 4672 L-iles
591 4618 790 4687 fugere,
838 4621 932 4675 sed
979 4622 1142 4676 etiam
1185 4622 1516 4686 eXscindere,
1559 4621 1638 4676 sic
1673 4621 1892 4677 dicens:
1945 4620 2006 4675 Si

415 4709 592 4763 oculus
619 4719 736 4764 tuus
762 4711 933 4766 dexter
953 4722 1001 4768 te
1028 4715 1360 4780 scandalizat,
1383 4731 1498 4767 erue
1524 4731 1658 4778 eum,
1690 4725 1737 4768 et
1764 4717 1884 4786 ejice
1910 4730 1940 4765 a
1963 4723 2008 4766 te

417 4798 630 4866 (Matth.
661 4801 712 4856 5.
741 4802 857 4872 29),
891 4819 996 4858 non
1023 4805 1204 4860 dicens
1231 4806 1298 4859 de
1333 4806 1520 4864 oculo:
1553 4807 1675 4876 quid
1701 4806 1843 4862 enim
1883 4806 2006 4859 ntali

421 4891 605 4946 fecerit
646 4895 851 4958 oculus,
884 4896 926 4948 si
971 4897 1054 4950 sit
1081 4911 1244 4950 sanus
1291 4897 1542 4950 animus!
1580 4897 1673 4951 sed
1714 4897 1780 4951 de
1822 4897 2008 4950 amicis

420 4987 756 5053 necessariis,
786 4996 840 5042 et
883 4989 972 5058 qui
1008 4998 1133 5044 sunt
1168 4989 1320 5043 nobis
1357 4988 1474 5043 loco
1521 4989 1705 5043 horum
1738 4989 2009 5043 membro-

419 5095 566 5147 rtttn,
600 5089 653 5134 et
689 5096 789 5136 nos
832 5080 1058 5146 laedunt,
1092 5081 1205 5136 ha-e
1253 5082 1564 5147 constituit,
1600 5082 1790 5152 jnbens
1819 5096 2007 5138 eorum

419 5173 578 5226 etiam
601 5173 890 5230 amicitiam
916 5182 1282 5237 contemnere,
1310 5184 1366 5228 ut
1388 5183 1565 5228 nostra
1589 5174 1729 5228 salus
1751 5173 2010 5232 efficiatur

424 5268 602 5320 tutior.
635 5269 990 5336 Quamobrem
1021 5269 1132 5337 ipse
1171 5268 1330 5322 etiam
1368 5282 1553 5322 rursus
1584 5268 1634 5322 in
1666 5268 2010 5338 sequentibus

421 5357 549 5412 dicit
578 5377 591 5412 :
625 5358 742 5413 Non
772 5363 879 5414 sedi
906 5378 1020 5414 cum
1061 5361 1272 5415 consilio
1311 5362 1546 5414 vanitatis
1565 5404 1578 5422 ,
1623 5369 1668 5413 et
1702 5377 1814 5414 cum
1845 5362 2013 5429 inique

421 5451 682 5520 agentibus
708 5469 807 5506 non
830 5454 1088 5524 ingrediar
1111 5453 1278 5525 (Psal.
1310 5454 1400 5510 35.
1433 5454 1511 5522 4).
1545 5453 1841 5522 Quinetiam
1862 5451 2011 5508 Jere-

424 5543 558 5595 tnias
583 5558 703 5594 ctttn
732 5544 861 5598 dicit
896 5545 1128 5614 beatum,
1158 5545 1247 5615 qui
1274 5545 1422 5600 sedet
1453 5545 1769 5614 separatim,
1793 5552 1848 5598 et
1876 5543 2012 5598 tollit

419 5634 601 5704 jugunt
647 5633 712 5688 ab
747 5634 1102 5690 adolescentia
1135 5637 1344 5704 (Tlmn.
1375 5638 1429 5691 5.
1456 5637 1544 5690 27.
1578 5636 1693 5704 28).
1741 5635 1857 5690 Jam
1887 5649 2013 5689 vero

420 5731 584 5785 etiam
609 5729 892 5787 Proverbia
922 5731 1088 5786 multa
1115 5732 1182 5787 de
1211 5748 1273 5788 ea
1302 5748 1358 5788 re
1389 5733 1548 5788 verba
1578 5732 1791 5800 faciunt,
1823 5730 2012 5787 dicen-

2107 384 2175 438 tia
2203 393 2258 441 et
2291 387 2566 444 suadentia
2595 389 2839 445 omnibus
2859 432 2873 453 ,
2900 404 3005 444 non
3039 389 3210 444 solum
3257 389 3524 446 declinare
3548 433 3564 457 ,
3591 391 3684 446 5rd

2101 478 2258 532 etiam
2286 481 2490 536 resilire
2519 481 2587 537 ab
2615 481 2679 537 iis
2707 483 2795 552 qui
2826 482 2961 536 mala
2995 483 3276 537 consulunt
3297 526 3310 545 ,
3343 491 3396 538 et
3427 499 3531 538 non
3561 498 3684 538 cum

2102 569 2205 623 illis
2233 572 2455 626 versari.
2483 572 2536 626 Si
2565 573 2704 628 enim
2735 589 2852 643 qua:
2877 583 3001 628 sunt
3029 575 3281 627 naturalia
3310 591 3452 644 su‘pe
3482 583 3688 628 mutant

2104 671 2344 715 naturam
2389 678 2458 717 ex
2500 663 2635 718 mala
2667 665 3087 720 consuetudine:
3136 675 3332 733 quanto
3366 665 3534 734 magis
3570 679 3688 735 qua:

2103 760 2229 806 sunt
2270 761 2466 807 nostra:
2501 754 2829 810 voluntatis?
2854 755 3014 809 Color
3057 756 3197 809 enim
3235 763 3287 808 et
3326 755 3522 809 sanitas
3554 755 3691 809 inest

2105 843 2256 896 nobis
2285 856 2470 899 natura
2496 863 2508 898 :
2541 846 2634 900 sed
2662 864 2722 900 ea
2767 863 3160 917 nonnumquam
3186 855 3597 915 corrumpuntur
3624 862 3690 902 ex

2104 932 2210 988 alio
2237 933 2417 990 habitu
2444 939 2744 1003 contrario;
2777 948 2829 992 et
2855 953 3037 992 rursus
3065 938 3327 1008 appetitus
3351 937 3615 1001 ciborum,
3638 945 3690 991 et

2105 1037 2226 1078 eum
2255 1039 2397 1095 szepe
2423 1027 2691 1096 perdimus
2721 1029 2847 1082 vitio
2881 1029 3288 1100 a-gritudiuum;
3324 1027 3487 1080 multa
3530 1027 3688 1080 etiam

2105 1116 2206 1170 alia
2232 1117 2491 1188 ejusmodi
2530 1121 2770 1176 accidere
2801 1121 3058 1176 videmus.
3089 1120 3242 1188 Quod
3270 1122 3312 1173 si
3345 1134 3405 1173 ea
3433 1134 3550 1188 qua:
3571 1128 3694 1172 sunt

2109 1209 2387 1276 naturalia,
2420 1220 2710 1276 mutantur,
2741 1213 2907 1266 multo
2937 1212 3101 1281 magis
3128 1228 3187 1265 ea
3213 1227 3330 1279 qum
3355 1219 3479 1263 sunt
3505 1210 3689 1263 volun-

2109 1300 2268 1362 tatis,
2321 1299 2525 1358 facilius
2579 1312 2849 1358 mutantur
2891 1303 2957 1357 ad
3005 1302 3333 1357 utrumlibet.
3382 1300 3458 1356 Ne
3505 1316 3691 1371 parum

2108 1388 2285 1444 damni
2315 1390 2506 1447 afferre
2543 1394 2910 1448 existimemus
2945 1394 3306 1464 improborum
3347 1391 3692 1447 consuetudi-

2110 1498 2269 1538 nem:
2319 1483 2410 1539 sed
2453 1495 2574 1539 ante
2612 1487 2788 1539 omnia
2825 1502 2917 1540 eos
2960 1486 3046 1556 qui
3096 1486 3224 1540 tales
3270 1493 3393 1539 sunt
3430 1485 3690 1547 vitemus,

2108 1574 2314 1628 etiamsi
2356 1576 2462 1630 sint
2493 1591 2716 1643 uxores,
2761 1578 2964 1632 etiamsi
2997 1576 3190 1641 amici,
3219 1574 3426 1630 etiamsi
3453 1573 3690 1643 quilibet.

2109 1663 2239 1718 Nam
2285 1665 2384 1720 hoc
2412 1666 2576 1720 etiam
2617 1682 2834 1736 magnos
2865 1667 2983 1720 illos
3013 1666 3275 1736 perdidit,
3305 1665 3648 1720 Salomoucm
3673 1702 3691 1729 ,

2111 1756 2326 1822 inquam
2358 1798 2373 1822 ,
2401 1766 2454 1810 ct
2493 1758 2802 1812 Samsonem
2833 1777 2847 1814 :
2880 1759 3166 1828 quinetiam
3197 1767 3362 1812 totum
3406 1771 3574 1826 genus
3596 1755 3693 1811 Ju-

2109 1846 2317 1901 daicum
2359 1847 2435 1902 sic
2472 1847 2645 1917 periit.
2687 1848 2867 1919 Neque
2904 1850 3044 1903 enim
3092 1850 3216 1903 fera:
3262 1849 3329 1902 ita
3372 1847 3590 1912 ltedunt,
3638 1855 3695 1900 ut

2112 1937 2383 1994 hominum
2417 1941 2744 2009 improbitas.
2776 1942 2880 1997 lllze
2919 1943 3058 1995 enim
3091 1956 3350 1995 venenum
3379 1951 3560 2011 aperte
3586 1955 3694 2010 pra:

2111 2044 2169 2082 se
2208 2029 2418 2084 ferunt:
2455 2029 2505 2084 hi
2552 2041 2727 2085 autem
2759 2032 2954 2086 sensim
3001 2042 3056 2085 et
3096 2034 3294 2100 ιιΙΜιιιθ
3335 2031 3443 2085 ullo
3472 2030 3694 2099 strepitu

2112 2121 2282 2176 labem
2313 2122 2547 2192 quotidie
2575 2123 2878 2188 immittunt,
2910 2123 2977 2179 de
3004 2124 3210 2178 virtutis
3241 2124 3433 2177 robore
3459 2123 3695 2192 quotidie

2113 2215 2361 2283 paulatim
2417 2215 2779 2270 detrahentes.
2837 2216 3097 2285 Quocirca
3154 2217 3312 2270 etiam
3371 2215 3696 2283 impudicam

2111 2320 2382 2376 aspecwm
2416 2307 2554 2361 Deus
2583 2309 2862 2373 amolitur,
2897 2309 3118 2362 dicens:
3151 2308 3251 2372 Qui
3281 2308 3550 2378 respexerit
3580 2324 3692 2359 tuu-

2112 2399 2282 2452 lierem
2310 2400 2378 2452 ad
2417 2401 2889 2466 concupiscendum,
2923 2402 3034 2472 jam
3074 2403 3350 2454 maechatus
3390 2409 3461 2454 est
3505 2415 3614 2452 eam
3643 2401 3696 2453 in

2111 2494 2264 2547 corde
2302 2511 2392 2547 suo
2426 2493 2636 2566 (Matth.
2668 2495 2720 2550 5.
2747 2494 2841 2562 38)
2870 2514 2884 2548 :
2929 2509 2994 2548 co
3018 2492 3156 2563 quod
3196 2494 3262 2547 sit
3291 2492 3442 2546 facile
3480 2507 3542 2545 ac
3571 2507 3694 2561 pro-

2111 2585 2248 2641 clive
2288 2587 2535 2642 exitium.
2578 2586 2654 2640 Tu
2703 2596 2903 2652 autem,
2956 2586 2999 2640 si
3048 2586 3099 2639 in
3151 2585 3361 2638 civitate
3405 2583 3576 2654 aliqua
3620 2583 3696 2637 sis

2113 2676 2465 2740 habitaturus,
2490 2677 2555 2732 de
2581 2693 2704 2732 acre
2731 2678 2938 2732 curiose
2965 2675 3207 2746 inquiris,
3239 2691 3304 2728 an
3335 2675 3403 2728 sit
3432 2673 3657 2727 salubris
3678 2716 3692 2739 ,

2112 2785 2178 2824 an
2208 2780 2531 2840 temperatus
2551 2813 2564 2835 ,
2595 2786 2660 2824 an
2689 2770 2861 2825 siccus
2885 2787 2898 2821 :
2929 2768 2993 2823 de
3019 2769 3193 2822 anima
3221 2779 3394 2820 autem
3433 2766 3692 2820 rationem

2112 2861 2358 2921 initurus.
2391 2877 2495 2914 non
2521 2876 2579 2915 es
2599 2860 2858 2915 sollicitus
2877 2859 2944 2914 de
2968 2874 3149 2914 eorum
3173 2856 3577 2922 consuetudine,
3604 2855 3695 2925 qui

2111 2967 2230 3006 cum
2259 2968 2318 3006 ea
2347 2962 2466 3005 sunt
2493 2951 2857 3019 congressuri;
2884 2949 2976 3005 scd
3005 2960 3202 3004 temere
3222 2959 3276 3002 ct
3305 2948 3698 3002 inconsiderate

2112 3058 2228 3098 eam
2261 3044 2505 3098 omnibus
2535 3042 2841 3112 permittis?
2862 3041 3053 3109 Quam,
3081 3055 3284 3108 qumso,
3317 3039 3524 3093 veniam
3549 3052 3716 3112 asse:

2111 3137 2289 3205 queris
2311 3178 2324 3200 ,
2352 3136 2440 3206 qui
2469 3151 2584 3188 eam
2613 3135 2690 3188 sic
2719 3134 2974 3204 negligis?
3004 3133 3278 3188 Undenam
3302 3133 3578 3186 existimas
3602 3145 3697 3186 eos

2111 3227 2199 3296 qui
2231 3227 2439 3279 deserta
2478 3227 2750 3291 incolunt,
2783 3225 3121 3278 admirabiles
3147 3235 3198 3277 et
3224 3224 3396 3278 claros
3428 3223 3701 3278 evadere?

2114 3335 2292 3373 nonne
2331 3320 2470 3389 quod
2513 3319 2766 3387 strepitus
2803 3328 2855 3372 et
2901 3317 3008 3371 fora
3062 3316 3301 3388 fugiant?
3337 3331 3512 3369 nonne
3552 3314 3696 3385 quod

2111 3412 2266 3480 longe
2289 3427 2318 3464 a
2349 3413 2488 3466 fumo
2519 3413 2872 3482 negotiorum,
2902 3427 3018 3480 qua:
3039 3421 3160 3462 sunt
3183 3410 3232 3462 in
3260 3407 3434 3462 medio
3454 3450 3466 3469 ,
3497 3422 3556 3462 se
3581 3406 3700 3460 col-

2112 3505 2374 3558 locarint?
2400 3505 2505 3558 Eos
2541 3506 2651 3573 ipse
2689 3519 2897 3574 quoque
2937 3503 3162 3565 imitare,
3191 3501 3240 3555 iu
3269 3501 3438 3555 media
3482 3499 3699 3554 civitate

2112 3595 2449 3650 solitudinem
2474 3610 2816 3665 persequens.
2846 3594 3124 3663 Quomodo
3145 3609 3318 3648 autem
3348 3593 3447 3646 hoc
3475 3593 3577 3646 erit
3597 3591 3620 3643 ?
3641 3589 3696 3644 Si

2112 3686 2280 3755 fugias
2309 3687 2578 3755 improbos
2602 3728 2615 3751 ,
2649 3696 2702 3740 et
2725 3686 2769 3741 si
2801 3687 2969 3740 bonos
3005 3684 3263 3754 sequaris.
3297 3683 3369 3738 lla
3399 3683 3541 3738 enim
3581 3695 3701 3734 nta-

2109 3780 2278 3851 jorem
2326 3780 2584 3850 percipies
2631 3782 2989 3842 securitatem,
3037 3792 3195 3847 quam
3239 3777 3328 3846 qui
3375 3775 3428 3830 in
3469 3772 3698 3829 desertis

2114 3873 2387 3934 hahttant,
2417 3886 2522 3926 non
2545 3871 2714 3924 solum
2748 3870 2800 3924 in
2847 3871 2910 3923 iis
2940 3867 3200 3938 fugiendis
3225 3869 3311 3938 qui
3339 3865 3563 3930 lmdunt,
3602 3863 3698 3917 sed

2111 3964 2268 4017 etiam
2298 3963 2348 4017 in
2377 3962 2819 4016 communicando
2845 3975 2962 4014 cum
2997 3960 3059 4012 iis
3086 3959 3172 4029 qui
3203 3965 3439 4027 prosunt.
3473 3954 3525 4010 Si
3553 3955 3698 4008 enim

2114 4056 2281 4110 malos
2310 4053 2522 4124 quidem
2553 4051 2742 4122 fugias,
2767 4052 2936 4107 bonos
2962 4061 3135 4104 autem
3162 4047 3420 4118 sequaris,
3451 4046 3702 4113 utrinque

2113 4155 2168 4202 et
2193 4147 2358 4199 virtus
2388 4153 2654 4213 augescet,
2698 4154 2752 4198 et
2781 4143 3054 4197 decrescet
3094 4141 3296 4194 vitium.
3326 4137 3394 4192 Ut
3439 4136 3539 4190 hoc
3567 4149 3700 4203 ergo

2117 4237 2226 4300 fiat,
2252 4235 2364 4290 hzcc
2393 4235 2668 4297 faciamus,
2700 4244 2945 4302 parentes
2967 4229 3391 4301 psalmographo,
3419 4227 3506 4296 qui
3530 4225 3694 4280 dicit:

2117 4327 2367 4394 Quoniam
2417 4336 2501 4392 tu,
2537 4325 2766 4388 Domine,
2810 4322 3131 4393 singulariter
3171 4322 3223 4374 in
3263 4336 3354 4389 spe
3399 4317 3702 4371 constituisti

2115 4437 2192 4474 me
2225 4425 2262 4473 '.
2309 4419 2404 4475 llic
2447 4435 2573 4474 vero
2614 4418 2774 4472 finem
2817 4415 3022 4471 dicendi
3057 4413 3265 4477 faciam,
3306 4426 3433 4465 eum
3465 4410 3698 4476 ahunde,

2114 4520 2328 4588 Opinor,
2356 4516 2652 4586 propositas
2680 4511 3000 4584 quaestiones
3029 4509 3366 4572 solvcrimus,
3409 4507 3460 4560 in
3489 4503 3704 4560 Christo

2113 4607 2238 4664 Jesu
2271 4608 2495 4662 Domino
2535 4615 2738 4670 nostro,
2767 4603 2848 4659 cui
2871 4602 3035 4673 gloria
3063 4611 3113 4656 et
3141 4599 3444 4670 imperium,
3474 4611 3616 4651 nunc
3645 4606 3703 4649 et

2114 4716 2346 4770 semper,
2378 4699 2509 4754 etin
2537 4697 2727 4752 swcula
2759 4694 3090 4750 smculorum.
3125 4693 3316 4746 Amen.

2437 4779 2799 4864 exrosmo
2839 4807 2906 4862 IN
2947 4806 3269 4862 PSALMUM
3309 4806 3376 4861 v.

2117 4926 2183 4980 In
2233 4927 2383 4994 ﬁnem
2425 4942 2517 4996 pro
2569 4942 2627 4979 ea
2677 4940 2792 4996 qua:
2837 4923 3162 4975 hereditatem
3200 4921 3401 4991 accipit,
3464 4918 3703 4973 Psalmus

2652 5015 2834 5069 Davidi
2874 5015 2947 5084 (υ.
2974 5014 3024 5085 1)
3062 5013 3159 5086 (α).

2191 5129 2242 5185 1.
2286 5128 2554 5184 Hereditas
2577 5144 2691 5199 qua:
2713 5129 2857 5182 nobis
2885 5128 3057 5181 relicta
3094 5127 3255 5179 sit.—-
3275 5122 3562 5179 Videamus
3587 5122 3703 5191 pri-

2183 5247 2199 5278 ί
2237 5251 2489 5307 Βεεμροξι
2522 5242 2626 5307 btet:
2649 5242 2818 5307 verba,
2852 5241 2916 5307 in_
2933 5252 3018 5304 spe
3053 5236 3344 5307 constituisti
3377 5249 3469 5307 me,
3519 5234 3699 5307 adjicit,

2117 5297 2340 5369 quonin
2361 5297 2456 5369 ipsi
2491 5304 2646 5369 gloria
2668 5310 2713 5369 et
2744 5297 3014 5364 imperium,
3030 5301 3306 5369 __etc.Colh.
3333 5301 3381 5349 in
3404 5297 3701 5369 hareverba,

2119 5361 2400 5418 constitui‘ti
2422 5361 2515 5423 me,
2541 5367 2740 5425 desinit,
2780 5361 2834 5414 ut
2867 5372 2918 5414 et
2939 5363 3200 5428 Savil.,qui
3219 5364 3482 5426 sequentia
3505 5361 3554 5408 in
3574 5371 3702 5407 mar-

2117 5432 2243 5494 gine
2257 5429 2499 5494 adscribit.
2632 5490 2641 5494 _
2769 5493 2773 5494 ν
2999 5488 3010 5494 _
3068 5488 3076 5494 _
3667 5478 3699 5494 υ

2183 5492 2254 5553 (a)
2291 5499 2397 5540 Post
2415 5490 2690 5553 haecverha
2708 5493 2890 5553 primus
2913 5488 3078 5537 νει-11ηιὶ
3111 5499 3280 5553 versus
3297 5494 3562 5553 perperam
3575 5478 3702 5531 tituli

2118 5542 2257 5602 more
2291 5554 2482 5614 ponitur
2521 5552 2568 5599 in
2615 5542 2799 5614 Mor-el"
2827 5565 2920 5598 non
2953 5559 3116 5598 autent
3141 5551 3187 5595 itt
3219 5542 3362 5614 savii.
3387 5542 3450 5594 'et
3471 5542 3701 5599 ϐουλῇ-1.,

2120 5616 2201 5663 ubi
2227 5612 2332 5675 poSt
2351 5612 2542 5662 titulum
2562 5612 2728 5661 Psalmi
2752 5614 2914 5675 statim
2937 5614 3128 5673 ponitur
3152 5612 3377 5675 prirnum.
3406 5614 3701 5675 necti-[quia

2121 5665 2256 5726 initio
2273 5676 2637 5737 inscriptionem
2660 5687 2750 5724 seu
2775 5665 2968 5724 titulum
2992 5665 3174 5724 tantum
3195 5674 3540 5731 interpretatur
3557 5665 3700 5728 01υέ-

2121 5748 2376 5792 sastomus.
