4112 6224
442 310 510 366 59

431 427 687 498 οὐδεμίαν
717 428 1004 501 ὑπομένων
1037 428 1230 501 ἀηδίαν
1253 427 1523 499 τοιαύτην.
1551 427 1641 483 Διδ
1663 429 1727 502 δὴ
1751 427 1844 484 καὶ
1864 426 1996 483 ταύ-

430 527 530 582 της
555 511 841 567 ἀπολαύων
873 513 973 583 τῆς
1012 512 1271 585 προνοίας
1295 514 1325 566 ὁ
1350 512 1641 584 Προφήτης
1665 510 1870 580 ἔλεγεν·
1903 513 2007 566 Ἐν

431 601 639 671 εἰρήνῃ
666 603 766 658 ἐπὶ
802 603 872 657 τὸ
904 602 1053 658 αὐτό
1095 603 1547 673 κοιμηθήσομαι,
1589 601 1689 657 καὶ
1712 600 2003 658 ὑπνώσωο

430 684 627 753 δηλῶν,
666 686 750 739 ὅτι
782 685 865 756 τῷ
899 687 974 757 μὴ
1026 685 1230 757 ταύτην
1258 684 1433 756 ἔχοντι
1465 685 1563 755 τὴν
1590 684 1812 756 εἰρήνην
1830 683 1949 738 οὐδὲ
1977 686 2006 738 6

432 768 607 831 κοινὸς
639 767 804 838 λιμὴν
843 766 988 834 ἅπας
1016 768 1340 838 ἀνέῳκταιι,
1363 766 1500 822 ἀλλά
1526 768 1620 821 καὶ
1652 758 1806 831 οὗτος
1835 782 2015 837 προσ..

433 849 726 921 κέχωσται,
758 852 786 904 ὁ
805 850 901 904 τοῦ
936 851 1102 904 ὕπνου
1133 853 1226 905 καὶ
1251 855 1351 924 τῆς
1370 853 1581 916 νυκτός.
1609 850 1692 904 Τά
1720 849 1830 920 γάρ
1854 850 2002 919 πάθη

431 932 604 985 ταῦτα
637 934 734 985 καὶ
762 930 861 1002 τὴν
886 934 992 987 ἀπὸ
1014 934 1111 1005 τῆς
1141 933 1353 1003 φύσεως
1372 934 1553 989 ἄδειαν
1583 932 1864 1003 διδομένην
1889 932 2003 986 δια-

432 1015 663 1085 φθείρει,
689 1015 849 1087 ἑτέρᾳ
884 1016 1155 1086 τυραννίδι
1186 1017 1541 1090 χαλεπωτέρᾳ
1567 1017 1662 1071 τοῦ
1704 1016 1871 1070 ὕπνου
1904 1016 2002 1088 τὴν

430 1096 720 1167 τυραννίδα
744 1098 1021 1162 παντελῶς
1052 1099 1472 1171 παρωθούμενα.
1500 1101 1563 1154 Οί
1591 1100 1699 1171 γάρ
1729 1099 2000 1171 φθονεροὶ,

431 1181 527 1233 καὶ⁵
561 1179 838 1249 βάσκανοι,
870 1181 961 1234 καὶ
996 1180 1347 1245 πλεονέκται,
1383 1182 1482 1236 καὶ
1533 1182 1781 1253 ἅρπαγες
1813 1181 1999 1235 τοῦτον

429 1263 524 1316 16v
557 1263 790 1334 πόλεμον
812 1264 1086 1333 πανταχοῦ
1127 1266 1536 1336 περιφέροντες,
1571 1264 1663 1318 καὶ
1690 1266 1814 1329 τοὺς
1843 1264 2000 1318 πολε-

434 1345 592 1413 μίους
618 1343 762 1398 ἔνδον
789 1345 1004 1417 ἔχοντες
1032 1346 1239 1417 ὲγκαθη
1249 1348 1460 1418 μένους,
1481 1348 1723 1419 ὅπουπερ
1746 1347 1812 1400 ἂν
1836 1346 1998 1400 ἀπέλ-

430 1426 585 1491 θωσι,
608 1431 797 1498 φυγεῖν
817 1430 878 1482 ού
912 1429 1164 1483 δύνανται
1195 1430 1295 1501 τὴν
1326 1430 1504 1500 μάχην
1523 1447 1537 1460 ·
1570 1430 1703 1484 ἀλλά
1725 1432 1831 1484 κᾶν
1858 1432 1995 1484 οίκοι

434 1513 654 1578 μένωσι,
700 1510 804 1564 κᾶν
839 1513 932 1565 ἐπὶ
978 1512 1166 1583 κλίνης
1200 1513 1465 1577 κέωνται,
1492 1513 1627 1583 νέφη
1668 1511 1866 1583 βελῶν,
1900 1514 1995 1567 καὶ

432 1590 690 1663 θορύϐους
737 1594 1002 1663 κυμάτων
1050 1594 1418 1665 βιαιοτέρους,
1465 1596 1556 1649 καὶ
1596 1596 1847 1665 σφαγάς,
1898 1596 1993 1649 καὶ

431 1675 694 1744 κραυγὰς,
726 1675 822 1729 καὶ
847 1678 1110 1746 οἰμωγάς,
1146 1679 1239 1730 καὶ
1266 1678 1429 1749 ἕτερα
1450 1677 1629 1749 πολλῷ
1660 1678 1768 1732 τῶν
1792 1680 1850 1732 ἐν
1879 1680 1992 1742 τοῖς

428 1757 706 1828 πολεμίοις
751 1758 1156 1829 συμϐαινόντων
1203 1759 1556 1832 χαλεπώτερα
1606 1761 1987 1831 ὑπομένουσιν.

439 1839 576 1893 Ἀλλ’
599 1840 695 1911 οὐχ
722 1842 750 1893 ὁ
778 1840 985 1906 δίκαιος
1010 1842 1185 1907 οὕτως
1203 1860 1218 1875 ·
1241 1844 1377 1899 ἀλλὰ
1402 1845 1496 1897 καὶ
1523 1842 1840 1915 ἐγρηγορὼς
1858 1861 1990 1915 τρυ-

421 1924 514 1992 φᾷ»
553 1923 646 1976 καὶ
679 1924 734 1975 ἐν
766 1922 946 1995 καιρῷ
978 1925 1078 1996 τῆς
1110 1926 1302 1989 νυκτὸς
1335 1925 1474 1997 μετὰ
1508 1926 1707 1998 πολλῆς
1737 1929 1838 1998 τῆς
1871 1927 1992 1998 ἡδο-

419 2007 515 2076 νῆς
546 2006 638 2060 τὸν
664 2006 830 2062 ὕπνον
867 2007 1103 2078 δέχεται.
1142 2009 1208 2062 Τί
1245 2009 1303 2062 δέ
1339 2009 1509 2073 ἐστιν,
1540 2009 1667 2063 Ἐπί
1710 2009 1777 2062 τὸ
1807 2009 1989 2071 αὐτό;

418 2090 763 2161 Συνηγμένος
787 2090 922 2163 πρὸς
946 2091 1201 2161 ἐμαυτὸν,
1224 2092 1379 2161 φησὶ,
1409 2090 1898 2163 συνεστραμμένος,
1926 2092 1988 2146 ού

418 2172 737 2243 σχιζόμενος
774 2175 855 2237 είς
885 2174 1086 2244 μυρίας
1110 2174 1419 2244 φροντίδας.
1448 2173 1567 2227 οὐδὲ
1605 2175 1671 2228 τά
1703 2172 1793 2228 τοῦ
1820 2174 1989 2239 δεῖνος

414 2259 511 2311 καὶ
537 2257 632 2312 τοῦ
653 2256 824 2321 δεῖνος
845 2258 1145 2330 μεριμνῶν,
1169 2258 1288 2311 ούδέ
1312 2260 1391 2320 είς
1410 2257 1509 2328 τὴν
1535 2256 1857 2330 οἰκουμένην
1878 2257 1990 2312 δια-

414 2338 744 2409 τεμνόμενος
768 2342 889 2402 ταῖς
917 2339 1191 2410 φροντίσιν
1210 2355 1225 2372 ⁸
1256 2338 1391 2393 ἀλλά
1418 2341 1486 2394 τά
1520 2340 1755 2411 ἐμαυτοῦ
1778 2338 1986 2411 λογιζό-

418 2435 608 2490 μενος,
627 2423 721 2473 καὶ
759 2421 829 2474 τὰ
860 2423 982 2491 ἐμοὶ
1007 2422 1352 2492 διαφέροντα,
1377 2422 1470 2475 καὶ
1500 2422 1536 2476 ἀ
1565 2422 1799 2492 μάλιστά
1838 2424 1985 2476 ἐστιν

419 2499 692 2571 ἀνθρώπῳ
727 2503 1090 2571 προσήκοντα.
1135 2503 1256 2556 Ὅτι
1299 2504 1386 2566 σὺ,
1419 2505 1611 2574 Κύριε,
1637 2504 1778 2558 κατά
1818 2505 1987 2575 μόνας

421 2584 509 2637 ἐπ’
541 2583 717 2637 ἐλπίδι
755 2583 1066 2653 κατῴκισάς
1100 2601 1186 2654 με.
1219 2586 1285 2638 ‘0
1311 2585 1365 2637 δὲ
1401 2585 1550 2654 λέγει
1575 2585 1810 2639 τοιοῦτόν
1837 2587 1984 2639 ἐστι·

419 2667 501 2740 Τῇ
513 2664 622 2718 τῶν
656 2663 956 2733 μελλόντων
999 2665 1175 2718 ἐλπίδι
1215 2666 1309 2719 καὶ
1359 2669 1426 2737 τῇ
1470 2665 1764 2736 προσδοκίᾳ
1808 2668 1871 2737 τῇ
1910 2668 1990 2730 είς

421 2748 482 2800 σὲ
512 2747 689 2801 πάντα
715 2763 818 2817 μου
843 2746 907 2800 τά
932 2746 1077 2817 πάθη
1108 2747 1450 2801 κατέστειλα.
1473 2747 1739 2818 Καθάπερ
1761 2749 1852 2801 καὶ
1876 2744 1989 2820 [27]

419 2828 630 2893 Παῦλὸς
653 2846 784 2898 φησι
802 2842 820 2859 ο
854 2829 921 2882 Τὸ
945 2829 1054 2899 γὰρ
1082 2830 1416 2898 παραυτίκα
1438 2829 1704 2899 ἐλαφρὸν
1726 2830 1834 2898 τῆς
1866 2832 1991 2885 θλί-

416 2913 596 2980 ψεως.
624 2912 756 2966 καθ’
784 2911 1126 2980 ὑπερϐολὴν
1150 2915 1237 2978 είς
1263 2912 1600 2982 ὑπερϐολὴν
1622 2912 1860 2968 αἰώνιον
1877 2914 1991 2980 βά-

415 3010 518 3059 ρος
544 2993 728 3064 δόξης
781 2993 1189 3064 κατεργάζεται
1240 2993 1415 3064 ἡμῖν,
1457 2994 1545 3063 μὴ
1593 2997 1989 3052 σκοπούντων

419 3074 580 3144 ἡμῶν
607 3077 681 3131 τὰ
700 3077 1072 3147 βλεπόμενα,
1099 3078 1261 3132 ἀλλὰ
1292 3077 1363 3131 τὰ
1396 3076 1483 3147 μὴ
1510 3078 1883 3149 βλεπόμενα.
1910 3081 1984 3135 ού

415 3161 522 3232 γάρ
551 3162 697 3214 ἐστιν
724 3161 876 3215 οὐδὲν
905 3160 1159 3231 φορτικὸν
1190 3164 1441 3232 πρᾶγμα,
1473 3161 1502 3215 δ
1537 3162 1613 3234 μὴ
1645 3164 1852 3231 γίνεται
1887 3167 1986 3237 ῥᾷ-

417 3260 539 3297 στον
565 3246 632 3316 τῇ
661 3244 832 3299 ἐλπίδι
852 3244 950 3316 τῆς
983 3245 1384 3316 εύδοκιμήσεως
1417 3245 1515 3316 τῆς
1552 3246 1693 3299 κατά
1717 3248 1867 3302 θεόν.
1887 3249 1986 3304 Διά

417 3326 573 3381 τοῦτὸ
610 3335 792 3397 φησιν·
839 3327 962 3381 Ἐπ’
999 3327 1201 3382 ἐλπίδι
1253 3326 1589 3394 κατῴκισάς
1635 3345 1732 3397 με.
1774 3332 1886 3385 Καὶ
1925 3332 1987 3386 16

416 3409 578 3464 Κατὰ
599 3410 793 3478 μόνας
817 3407 874 3462 δὲ
896 3408 957 3463 ού
992 3408 1165 3481 μικρὰ
1184 3408 1529 3475 διδασκαλίας
1553 3413 1745 3483 ἀρετή.

487 3541 575 3603 ιγ’.
603 3532 670 3587 Τί
695 3534 753 3589 δέ
777 3536 912 3601 ἐστι,
940 3535 1099 3590 Κατὰ
1114 3537 1345 3606 μόνας;
1366 3535 1488 3590 Τῶν
1517 3537 1770 3609 πονηρῶν
1792 3537 1981 3611 χωρίς.

413 3614 525 3689 Τὴν
542 3617 654 3689 γάρ
680 3617 903 3690 είρήνην
922 3619 1128 3689 ταύτην
1156 3617 1516 3690 κατώρθωσα,
1547 3622 1700 3691 φησὶ,
1734 3620 1869 3691 πρὸς
1899 3622 1981 3687 σὲ,

413 3702 507 3755 καὶ
524 3699 668 3754 κατά
689 3701 855 3771 μόνας
869 3699 1005 3754 οίκῶ
1025 3700 1241 3770 φεύγων
1262 3702 1389 3765 τοὺς
1405 3702 1849 3773 διεφθαρμένους.
1874 3704 1984 3757 Καὶ

416 3782 563 3854 μάλα
588 3784 832 3846 εἰκότως.
874 3784 1144 3855 Καθάπερ
1171 3784 1280 3856 γὰρ
1312 3784 1538 3856 σώματα
1579 3785 1839 3851 πολλάκις
1874 3786 1983 3841 ἀπὸ

412 3865 512 3933 τῆς
534 3865 640 3917 τῶν
660 3865 836 3935 ἀέρων
862 3866 969 3919 τῶν
991 3866 1396 3940 διεφθαρμένων
1421 3867 1594 3939 λύμης
1621 3869 1948 3923 ἀπόλλυνται
1964 3885 1979 3900 ⁸

412 3945 554 4000 οὕτω
581 3947 646 4017 δὴ
669 3949 762 4001 καὶ
788 3949 935 4020 ψυχὴ
964 3948 1221 4012 πολλάκις
1256 3949 1472 4013 ἐδέξατο
1505 3950 1706 4023 βλάϐην
1744 3949 1853 4005 ἀπὸ
1881 3952 1983 4023 τῆς

412 4026 521 4081 τῶν
564 4030 817 4101 πονηρῶν
879 4031 1197 4094 συνουσίας·
1247 4032 1341 4084 καλ⁸
1403 4031 1653 4105 καθάπερ
1705 4033 1982 4104 ὀφθαλμὸς

415 4110 692 4180 ὑγιαίνων,
715 4114 843 4169 ὅταν
869 4114 1127 4168 νοσοῦντα
1154 4113 1261 4186 ίδῃ,
1283 4113 1598 4185 πλήττεται,
1627 4116 1768 4169 καἱὸ
1792 4114 1981 4188 ψώρας

413 4195 865 4268 ἐμπεπλησμένος
888 4237 903 4260 ,
941 4198 1266 4269 μεταδίδωσι
1301 4198 1396 4251 καὶ
1443 4199 1560 4261 τοῖς
1606 4199 1938 4268 ὑγιαίνουσιν
1962 4217 1976 4233 ’

411 4276 552 4333 οὕτω
577 4280 645 4352 δὴ
677 4280 964 4351 συμϐαίνει
998 4280 1256 4346 πολλάκις
1298 4280 1393 4335 καὶ
1424 4281 1519 4334 ἐπὶ
1560 4282 1658 4352 τῆς
1697 4284 1983 4349 συνουσίας

364 4396 369 4401 ~
410 4360 518 4415 τῶν
545 4364 796 4434 πονηρῶν
842 4363 1164 4435 ἀνθρώπων.
1211 4362 1311 4417 Διά
1354 4362 1515 4417 τοῦτο
1547 4364 1643 4417 καὶ
1680 4366 1709 4418 6
1751 4361 1984 4435 Χριστὸς

358 4432 369 4513 ξ
410 4445 642 4517 παρῄνει
669 4432 736 4499 ού
779 4446 936 4516 μόνον
950 4432 1184 4516 φεύγειν
1216 4447 1344 4509 τοὺς
1380 4444 1688 4512 τοιούτους,
1725 4432 1865 4501 ἀλλά
1892 4447 1984 4501 καὶ

354 4530 365 4553 ‘
409 4526 713 4598 ἐκτέμνειν,
757 4529 899 4583 οὕτω
936 4529 1142 4598 λέγων·
1168 4531 1234 4584 El
1272 4528 1342 4583 δὲ
1371 4532 1405 4583 ὁ
1438 4530 1746 4600 ὀφθαλμός
1783 4545 1901 4585 σου
1949 4533 1983 4586 ό

408 4608 606 4678 δεξιὸς
622 4610 997 4673 σκανδαλίζει
1016 4628 1109 4677 σε,
1137 4611 1311 4678 ἔξελε
1334 4614 1537 4677 αὐτὸν,
1561 4612 1658 4667 καὶ
1678 4612 1841 4678 ,βάλε
1863 4614 1980 4670 ἀπὸ

408 4693 528 4749 σοῦ
547 4710 561 4724 ·
589 4694 653 4748 ού
679 4694 744 4766 δὴ
773 4696 901 4766 περὶ
927 4695 1207 4767 ὀφθαλμοῦ
1240 4696 1413 4764 λέγων
1434 4713 1448 4727 ο
1483 4697 1536 4750 τί
1567 4697 1676 4768 γὰρ
1695 4697 1760 4752 ἂν
1791 4697 1981 4769 ἀδικη-

409 4794 554 4832 σειεν
601 4778 899 4850 ὀφθαλμὸς,
946 4779 1186 4843 διανοίας
1233 4779 1616 4852 ύγιαινούσης;
1670 4781 1805 4835 ἀλλά
1852 4783 1981 4855 περὶ

408 4860 577 4930 φίλων
621 4861 934 4930 ἀναγκαίων
990 4863 1087 4916 καὶ
1116 4863 1174 4916 ἐν
1202 4862 1355 4928 τάξει
1397 4863 1506 4917 τῶν
1552 4863 1728 4933 μελῶν
1775 4862 1980 4920 τούτων

406 4945 540 5014 ἡμῖν
577 4944 767 5008 ὄντων,
792 4945 893 5020 ,καὶ
936 4943 1280 5016 βλαπτόντων
1311 4945 1481 5017 ἡμᾶς,
1525 4946 1699 4999 ταῦτα
1727 4946 1979 5016 ἐνομοθέ-

404 5041 562 5094 τησε,
602 5026 839 5081 κελεύων
870 5029 985 5083 καὶ,
1009 5029 1112 5100 τὴν
1139 5027 1324 5097 φιλίαν
1349 5029 1459 5081 τῶν
1493 5027 1748 5082 τοιούτων
1783 5029 1982 5100 ἀτιμά-

407 5107 543 5173 ζειν,
572 5108 713 5163 ὥστε
758 5111 858 5181 τὴν
892 5111 1168 5183 σωτηρίαν
1201 5112 1301 5183 τὴν
1331 5110 1543 5166 ἑαυτῶν
1570 5111 1981 5184 ἀσφαλεστέραν

407 5195 601 5248 ποιεῖν.
631 5193 722 5248 Διὸ
746 5196 838 5249 καὶ
863 5196 1025 5261 αὐτὸς
1053 5194 1216 5250 πάλιν
1239 5194 1446 5268 προῖὼν
1465 5195 1613 5265 λέγει
1628 5213 1642 5228 ’
1669 5199 1792 5251 Οὐκ
1817 5197 1983 5251 6‘de-

406 5294 512 5332 ισα
536 5278 686 5348 μετὰ
707 5279 1028 5347 συνεδρίου
1057 5280 1466 5348 ματαιότητος,
1496 5280 1595 5334 καὶ
1622 5280 1774 5349 μετὰ
1796 5293 1982 5350 παρα-

403 5364 751 5432 νομούντων
781 5364 854 5418 οὺ
876 5362 963 5433 μὴ
993 5361 1264 5418 εἰσέλθω.
1294 5363 1404 5417 Καὶ
1433 5365 1462 5417 6
1492 5362 1760 5434 Ἱερεμίας
1791 5363 1849 5417 δὲ
1878 5381 1981 5434 μα-

407 5446 620 5518 καρίζει
652 5448 743 5500 τὸν
792 5446 935 5501 κατά
980 5444 1147 5516 μόνας
1186 5445 1581 5518 καθεζόμενον,
1617 5447 1711 5502 καὶ
1757 5447 1979 5520 αἴροντα

405 5531 497 5583 τᾶν
526 5531 684 5600 ζυγὸν
716 5531 782 5583 ἐκ
814 5529 1085 5600 νεότητος.
1101 5529 1212 5583 Καὶ
1232 5531 1286 5584 αί
1315 5530 1612 5603 Παροιμίαι
1645 5529 1809 5586 πολὺν
1841 5531 1981 5601 ὑπὲρ

470 5692 657 5745 ιιῖαιι).
685 5693 828 5752 λιμήν
864 5694 889 5741 ὁ
923 5696 1068 5741 πᾶσιν
1088 5690 1346 5752 ἀνέῳκται.

1596 306 1962 365 EXFOSITIO
2000 304 2067 362 IN
2104 305 2430 368 PSALMUM
2457 310 2521 367 Υ.

3596 320 3674 373 (το

2112 430 2301 486 τούτου
2342 431 2618 489 ποιοῦνται
2654 433 2829 504 λόγον,
2866 435 2997 490 πᾶσι
3034 435 3392 508 παραινοῦσαι
3440 435 3530 490 καὶ
3576 432 3663 491 λέ-

2105 535 2299 588 γουσαι
2328 521 2402 592 μὴ
2435 521 2593 592 μόνον
2619 522 2905 586 ἐκκλίνειν,
2935 522 3069 576 ἀλλά
3090 523 3118 563 δ
3137 525 3230 577 καὶ
3250 523 3532 593 ἀποπηδᾷν
3560 523 3667 577 ἀπὸ

2101 605 2213 659 τῶν
2248 608 2462 678 πονηρά
2493 607 2998 679 συμϐουλευόντων,
3029 611 3123 663 καὶ
3157 609 3293 682 μηδὲ
3333 610 3665 682 ἐγχρονίζειν

2102 694 2302 760 αὐτοῖς.
2345 696 2409 750 Εί
2445 696 2554 768 γάρ
2611 698 2680 752 τά
2723 699 2927 766 φυσικά
2974 699 3365 769 μεταϐάλλεται
3408 699 3666 763 πολλάκις

2102 782 2234 851 ἡμῖν
2265 783 2373 836 ἀπὸ
2417 783 2594 854 κακῆς
2622 785 2834 855 ὁμιλίας
2852 800 2866 815 '
2899 786 3048 855 πόσῳ
3087 785 3286 855 μᾶλλον
3314 786 3382 839 τά
3406 786 3507 856 τῆς
3531 802 3664 857 προ-

2103 868 2400 938 αιρέσεως;
2425 869 2499 923 Τό
2524 887 2584 923 τε
2608 870 2716 942 γάρ
2735 875 2928 942 χρῶμα
2947 883 2969 911 ε
2997 872 3136 926 κατά
3159 871 3319 941 φύσιν
3344 874 3477 943 ἡμῖν
3501 874 3662 944 πρόσ-

2101 970 2237 1019 εστι,
2267 957 2361 1010 καὶ
2404 957 2468 1011 16
2499 958 2760 1026 ὑγιαίνειν
2784 974 2798 989 ·
2845 959 2959 1012 ἀλλ’
2988 959 3134 1013 ἔστιν
3164 960 3253 1012 ὅτε
3288 958 3659 1030 διαφθείρεται

2099 1042 2274 1095 ταῦτα
2302 1042 2363 1107 ἐξ
2405 1045 2595 1114 ἐτέρας
2632 1045 2795 1111 ἕξεως
2829 1046 3075 1108 ἐναντίας
3097 1062 3111 1074 ο
3142 1045 3236 1099 καὶ
3276 1045 3337 1099 16
3373 1045 3657 1117 ὀρέγεσθαι

2102 1127 2265 1182 πάλιν
2308 1129 2524 1183 σιτίωνο
2556 1131 2649 1184 καὶ
2679 1131 2837 1185 τοῦτο
2870 1132 3126 1195 πολλάκις
3162 1131 3522 1203 ἀπωλέσαμεν
3549 1133 3659 1186 ἀπὸ

2099 1218 2297 1281 κακίας
2336 1219 2655 1290 νοσημάτων
2680 1235 2695 1253 ο
2727 1221 2820 1274 καὶ
2864 1220 2999 1276 ἀλλα
3049 1220 3220 1274 πολλὰ
3249 1221 3474 1275 τοιαῦτα
3515 1219 3658 1276 ἔστιν

2101 1303 2229 1357 ἰδεῖν
2284 1305 2668 1376 συμϐαίνοντα.
2704 1308 2767 1361 El
2813 1307 2871 1360 δὲ
2899 1307 2968 1361 τά
3012 1308 3110 1378 τῆς
3144 1306 3355 1376 φύσεως
3394 1310 3655 1371 κινεῖται,

2095 1392 2277 1464 πολλῷ
2318 1392 2516 1464 μᾶλλον
2549 1394 2617 1447 τά
2657 1394 2758 1464 τῆς
2790 1394 3191 1465 προαιρέσεως,
3227 1395 3336 1465 ὅσῳ
3364 1395 3458 1447 καὶ
3500 1394 3659 1448 εὐκο-

2095 1481 2335 1555 λωτέραν
2366 1482 2479 1553 ἔχει
2510 1481 2607 1552 τὴν
2645 1484 2736 1535 ἐπὶ
2760 1482 2960 1553 θάτερα
2997 1480 3314 1553 μεταϐολήν,
3350 1482 3441 1553 Μὴ
3474 1481 3538 1554 δὴ
3570 1499 3658 1553 μι-

2093 1570 2226 1641 κρὸν
2256 1568 2395 1624 εἶναι
2428 1569 2734 1640 νομίζωμεν
2763 1570 2859 1640 τὴν
2893 1568 3001 1622 τῶν
3034 1569 3218 1623 κακῶν
3254 1569 3540 1623 συνουσίαν
3575 1571 3662 1634 είς

2092 1657 2316 1728 βλάϐην,
2334 1658 2469 1712 ἀλλά
2493 1656 2599 1729 πρὸ
2624 1656 2728 1709 τῶν
2750 1656 2924 1710 ἄλλων
2946 1656 3199 1709 ἁπάντων
3221 1654 3510 1725 φεύγωμεν
3529 1656 3657 1722 τοὺς

2090 1744 2380 1811 τοιούτους,
2403 1745 2504 1799 κᾶν
2524 1747 2774 1814 γυναῖκες
2800 1737 2921 1807 ὦσι,
2945 1744 3049 1797 κᾶν
3075 1743 3238 1813 φίλοι,
3267 1743 3367 1797 κᾶν
3384 1743 3659 1799 ὁστισοῦν.

2101 1835 2252 1888 Ἐπεὶ
2308 1836 2401 1889 καὶ
2443 1837 2568 1899 τοὺς
2610 1834 2873 1906 μεγάλους
2901 1833 3141 1897 ἐκείνους
3184 1830 3344 1885 τοῦτο
3382 1832 3649 1898 ἀπώλεσε,

2064 1924 2408 1995 Σολομῶντα
2439 1925 2582 1993 λέγω
2605 1924 2698 1978 καὶ
2725 1923 2961 1993 Σαμψών
2980 1939 2995 1956 θ
3036 1923 3131 1977 καὶ
3166 1920 3314 1985 ἔθνος
3352 1921 3407 1974 δέ
3430 1922 3652 1993 ὁλόκλη-

2088 2029 2181 2083 ρον
2209 2013 2269 2066 16
2305 2012 2591 2066 Ἰουδαϊκὸν
2618 2011 2758 2065 οὕτω
2784 2010 3092 2081 διέφθαρτο.
3135 2010 3210 2062 Ού
3250 2007 3357 2078 γάρ
3384 2006 3526 2061 οὕτω
3553 2009 3652 2081 θη-

2090 2100 2179 2171 ρία
2202 2100 2455 2171 πλήττειν
2481 2098 2690 2164 εἴωθεν,
2722 2100 2796 2163 ώς
2824 2096 3055 2169 πονηρία
3085 2096 3404 2167 ἀνθρώπων.
3441 2096 3657 2152 Ἐκεῖνα

2088 2193 2187 2264 μὲν
2219 2191 2327 2264 γὰρ
2355 2190 2585 2263 φανερὸν
2605 2190 2716 2261 ἔχει
2737 2191 2826 2243 τὸν
2857 2189 2933 2243 ἱόν
2951 2204 2967 2220 ο
2989 2180 3133 2241 οὗτοι
3156 2185 3211 2240 δὲ
3246 2186 3657 2256 ἀνεπαισθήτως
3746 2246 3751 2251 ,

2083 2280 2177 2334 καὶ
2195 2277 2435 2350 ἀψοφητὶ
2458 2277 2582 2333 καθ’
2603 2276 2838 2348 ἑκάστην
2863 2274 3074 2346 ἡμέραν
3096 2275 3267 2328 ἐνιᾶσι
3288 2273 3386 2345 τὴν
3404 2271 3579 2345 λύμην
3604 2273 3655 2337 δ,

2082 2368 2224 2423 κατά
2251 2368 2442 2439 μικρὸν
2466 2366 2826 2437 ύποσύροντες
2851 2365 2911 2418 16
2945 2363 3157 2417 εὔτονον
3177 2364 3276 2432 τῆς
3300 2362 3520 2434 ἀρετῆς.
3550 2362 3657 2416 Διά

2080 2456 2239 2511 τοῦτο
2257 2456 2352 2510 καὶ
2376 2456 2474 2528 τὴν
2496 2455 2790 2510 ἀκόλαστον
2810 2453 2931 2523 ὄψιν
2950 2454 2979 2507 6
3004 2450 3134 2515 Θεὸς
3159 2449 3489 2520 ἀποτειχίζει
3505 2447 3644 2521 [28}.

2082 2541 2282 2610 λέγων⁸
2323 2543 2376 2595 '0
2399 2540 2701 2612 ἐμϐλέψας
2727 2538 2964 2609 γυναικὶ
2990 2539 3137 2607 πρὸς
3164 2536 3231 2591 τὸ
3258 2538 3645 2607 ἐπιθυμῆσαι,

2085 2628 2203 2696 ἤδη
2227 2628 2582 2698 ἐμοίχευσεν
2599 2627 2794 2690 αὐτὴν
2815 2627 2884 2680 ἐν
2904 2626 2978 2695 τῇ
2997 2626 3206 2694 καρδίᾳ
3231 2626 3414 2681 αὑτοῦ
3433 2643 3447 2656 °
3477 2626 3563 2680 διά
3586 2627 3658 2680 16

2086 2713 2307 2769 εὔκολον
2336 2716 2429 2769 καὶ
2474 2714 2860 2785 εὐπερίστατον
2891 2714 2987 2784 τῆς
3037 2712 3312 2775 ἀπωλείας
3381 2714 3452 2767 Σὺ
3482 2713 3561 2775 δὲ,
3599 2716 3653 2767 εί

2090 2801 2190 2872 μὲν
2226 2800 2379 2855 πόλιν
2419 2799 2631 2871 μέλλεις
2658 2802 2825 2853 οἰκεῖν
2844 2839 2861 2865 ,
2902 2798 3070 2850 πολλὰ
3105 2797 3235 2867 περὶ
3263 2797 3441 2869 ἀέρων
3484 2799 3648 2853 πολυ-

2089 2889 2443 2960 πραγμονεῖς,
2474 2887 2525 2940 εί
2561 2885 2634 2958 μὴ
2673 2882 2944 2949 νοσώδεις,
2966 2884 3016 2936 εί
3050 2883 3123 2955 μὴ
3148 2882 3458 2954 δύσκρατοι,
3491 2886 3540 2938 εί
3575 2884 3657 2956 μὴ

2085 2977 2358 3049 αὐχμηροί
2374 2994 2387 3008 ⁸
2408 2977 2589 3049 ψυχῆς
2613 2977 2670 3032 δὲ
2699 2974 2905 3046 μέλλων
2928 2972 3195 3028 ποιεῖσθαι
3215 2972 3391 3042 λόγον,
3411 2975 3470 3027 οὐ
3497 2990 3650 3045 περι-

2084 3067 2295 3141 εργάξῃ
2320 3066 2418 3139 τὴν
2450 3065 2736 3120 συνουσίαν
2765 3063 2872 3118 τῶν
2905 3061 3207 3132 μελλόντων
3243 3060 3450 3133 ὁμιλεῖν
3475 3062 3612 3132 αὐτῇ
3632 3079 3646 3093 .

2084 3154 2200 3208 ἀλλ’
2242 3153 2427 3218 ἀπλῶς
2465 3153 2560 3208 καὶ
2587 3152 2664 3217 ώς
2703 3152 2861 3223 ἔτυχε
2891 3151 3054 3204 πᾶσιν
3089 3149 3257 3220 αὐτὴν
3297 3149 3651 3221 ἐπιτρέπεις;

2084 3244 2193 3298 Καὶ
2219 3243 2379 3308 ποίας
2410 3241 2574 3313 τεύξῃ
2605 3238 2951 3311 συγγνώμης,
2986 3237 3107 3292 είπέ
3137 3254 3248 3309 μοι,
3275 3236 3447 3300 οὕτως
3477 3235 3648 3307 αὐτῆς

2083 3330 2398 3403 ὑπερορῶν;
2428 3328 2596 3383 Πόθεν
2630 3327 2738 3401 γάρ
2765 3328 2865 3381 οίει
2899 3325 3024 3389 τοὺς
3059 3325 3156 3388 τάς
3186 3324 3423 3395 ἐρήμους
3461 3341 3646 3378 κατει-

2082 3418 2320 3490 ληφότας
2353 3415 2697 3488 θαυμαστούς
2745 3430 2897 3477 τινας
2934 3414 3025 3467 καὶ
3057 3412 3342 3484 λαμπροὺς
3369 3411 3643 3481 γίνεσθαις

2081 3508 2182 3561 οὐκ
2213 3505 2400 3578 ἐπειδὴ
2437 3503 2697 3577 θορύϐους
2740 3501 2835 3557 καλ⁸
2878 3500 3083 3573 ἀγορὰς
3110 3501 3389 3570 φεύγουσι,
3424 3501 3517 3554 καλ⁸
3548 3497 3646 3555 τοῦ

2082 3592 2287 3649 καπνοῦ
2309 3592 2417 3648 τῶν
2443 3594 2500 3646 ἐν
2527 3591 2604 3662 τῷ
2636 3591 2786 3663 μέσῳ
2816 3589 3154 3662 πραγμάτων
3181 3587 3395 3660 μακρὰν
3421 3588 3646 3651 ἑαυτοὺς

2080 3683 2433 3754 ἐσκήνωσαν;
2463 3679 2698 3744 Τούτους
2728 3679 2822 3735 καὶ
2862 3678 3024 3742 αὐτὸς
3063 3676 3324 3749 ζήλωσον,
3348 3677 3440 3730 ἐπὶ
3474 3675 3645 3747 μέσης

2080 3772 2286 3839 πόλεως
2314 3771 2551 3845 ἐρημίας
2581 3769 2809 3825 διώκων.
2851 3767 3053 3833 Πῶςδέ
3093 3766 3243 3820 ἐσται
3284 3765 3470 3826 τοῦτο;
3519 3766 3646 3820 Ἐάν

2077 3863 2204 3928 τοὺς
2241 3860 2510 3933 πονηροὺς
2548 3858 2785 3930 φεύγῃς,
2836 3856 2929 3910 ἐὰν
2978 3856 3105 3918 τοὺς
3144 3855 3377 3924 ἀγαθοὺς
3423 3852 3641 3925 διώκῃς.

2081 3949 2236 4005 Οὖτω
2278 3950 2386 4020 γάρ
2424 3947 2643 4001 πλείονα
2682 3942 2949 4015 καρπώσῃ
2989 3942 3098 3995 τῶν
3147 3942 3205 3994 ἐν
3257 3944 3377 4005 ταῖς
3419 3942 3669 4027 ἐρήμοις⁸

2081 4035 2398 4104 ἀσφάλειαν,
2426 4033 2526 4086 οὐκ
2566 4034 2624 4083 ἐν
2655 4032 2723 4099 τῇ
2755 4027 2865 4081 τῶν
2905 4027 3246 4095 βλαπτόντων
3269 4030 3411 4098 φυγῇ
3463 4028 3642 4097 μόνον.

2082 4120 2219 4178 ἀλλὰ
2246 4121 2340 4174 καὶ
2371 4120 2429 4173 ἐν
2473 4120 2540 4187 τῇ
2581 4114 2692 4168 τῶν
2715 4112 3064 4182 ὠφελούντων
3105 4112 3377 4181 κοινωνία.
3403 4114 3499 4164 “Av
3538 4111 3653 4182 γὰρ

2082 4208 2290 4279 φεύγῃς
2322 4206 2420 4278 μὲν
2451 4205 2576 4266 τοὺς
2604 4201 2894 4271 πονηροὺς,
2927 4196 3126 4268 διώκῃς
3146 4197 3204 4250 δὲ
3234 4198 3357 4260 τοὺς
3386 4195 3645 4265 ἀγαθοὺς,

2080 4297 2418 4370 ἑκατέρωθέν
2451 4312 2533 4350 σοι
2568 4293 2636 4350 τά
2675 4293 2773 4363 τῆς
2818 4290 3019 4362 ἀρετῆς
3044 4287 3430 4359 αὐξηθήσεται,
3457 4285 3561 4370 καὶ,
3577 4287 3648 4339 τά

2079 4384 2180 4455 τῆς
2209 4369 2402 4445 κακίας
2429 4381 2729 4451 οἰχήσεται.
2759 4374 2855 4429 Ἷν’
2897 4370 2989 4429 οὖν
3014 4372 3172 4426 τοῦτο
3207 4371 3451 4443 γένηται,
3476 4369 3647 4455 ταῦτα

2080 4453 2342 4537 ποιῶμεν,
2376 4464 2686 4535 πειθόμενοι
2705 4459 2784 4531 τῷ
2814 4455 3086 4529 ψαλμῳδῷ
3112 4454 3350 4537 λέγοντι⁶
3380 4455 3507 4537 Ὅτι
3538 4453 3643 4515 σὺ,

2076 4535 2284 4623 Κύριε.
2319 4550 2470 4605 κατὰ
2511 4550 2704 4618 μόνας
2737 4542 2831 4597 ἐπ’
2876 4538 3075 4596 ἐλπίδι
3119 4535 3458 4623 κατῴκισάς
3482 4552 3567 4623 με
3592 4550 3643 4590 e.

2090 4615 2352 4691 Ἐνταῦθα
2393 4633 2449 4686 δέ
2487 4615 2822 4685 καταπαύσω
2851 4626 2942 4679 16v
2969 4623 3146 4693 λόγον,
3194 4619 3424 4685 ἱκανῶς,
3454 4615 3642 4691 οἶμαι,

2075 4721 2175 4791 τὴν
2200 4718 2359 4773 λύσιν
2374 4715 2603 4791 ἀποδοὺς
2626 4711 2732 4766 τῶν
2756 4707 3120 4791 ζητουμένων,
3143 4706 3206 4791 ἐν
3232 4702 3450 4791 Χριστῷ
3471 4703 3649 4791 ’ίησοῦ

2075 4787 2154 4875 τῷ
2169 4801 2358 4873 Κυρίῳ
2377 4798 2555 4870 ἡμῶν,
2582 4789 2627 4864 ᾧ
2650 4797 2685 4866 ἡ
2706 4791 2832 4859 δόξα
2854 4793 2948 4846 καὶ
2973 4790 3034 4844 16
3053 4788 3274 4875 κράτος,
3302 4787 3397 4842 νῦν
3418 4787 3513 4843 καὶ⁸
3534 4787 3645 4850 ἀεὶ,

2078 4889 2172 4942 καί
2205 4888 2285 4950 εἰς
2314 4885 2440 4947 τοὺς
2474 4882 2677 4942 αἰῶνας
2699 4878 2808 4931 τῶν
2832 4875 3065 4929 αίώνων.
3100 4874 3293 4944 Ἀμήν.

2495 4979 2606 5034 ΕΙΣ
2642 4977 2781 5033 TON
2821 4975 2878 5030 E'
2915 4972 3239 5029 ΨΔΛΜΟΝ.

2079 5080 2184 5144 Είς
2211 5076 2277 5130 τὸ
2314 5074 2509 5139 τέλος,
2549 5069 2702 5140 ὑπὲρ
2738 5066 3256 5192 κλλὲπυρὲλδνομούσης,
3293 5060 3529 5132 Mm);
3567 5056 3648 5122 τῷ

2150 5247 2217 5296 α’.
2239 5237 2507 5312 Πρότερον
2540 5234 2737 5306 ἴδωμεν
2767 5231 2850 5296 τίς
2875 5232 2910 5301 η
2933 5224 3284 5299 κληρονομία,
3318 5220 3412 5276 καὶ
3434 5220 3482 5274 εί
3508 5216 3651 5290 αῦτη

2141 5380 2169 5421 b
2192 5380 2314 5441 Reg.
2341 5379 2404 5442 μὴ
2427 5376 2568 5442 μόνον
2589 5369 2870 5442 ἀποχωρεῖν
2897 5367 3036 5416 ἀλλά.

2143 5445 2166 5475 ο
2190 5442 2241 5490 In
2264 5436 2438 5491 M0181;
2460 5438 2633 5501 χρῶμα
2650 5436 2810 5483 deest.

2140 5503 2319 5642 ῗῗιῖὲο
2334 5497 2724 5642 τέἑῖειῒηὲέὲξέέ
3036 5565 3141 5642 ..με
3177 5547 3318 5642 εέέὲξ

2079 5606 2319 5686 δόξαῖαιῖ.
2338 5606 2614 5687 ἶὸήκράτος,
2642 5625 2740 5667 elc.
2770 5606 2910 5666 Colb.
2948 5606 3011 5663 ini
3036 5606 3141 5664 limi:
3177 5612 3338 5672 verba,
3375 5606 3660 5672 κατῴκισάς.

2081 5709 2139 5750 με
2158 5686 2353 5741 desinit.
