4086 6214
510 286 575 343 οι
1226 280 1286 337 S.
1328 279 1616 339 JOANNIS
1652 278 2151 338 CHRYSOSTOM!
2200 281 2520 340 ARCHIEP.
2565 281 3111 341 CONSTANTINOP.
3683 283 3751 338 69.

503 402 600 455 καὶ
625 400 757 470 ἡμῖν
789 397 1098 453 ἐπιϐάλλεν
1129 399 1318 453 ἔπειτα
1341 400 1433 454 τὸν
1460 401 1649 472 χρόνον
1687 401 1809 456 καθ’
1847 402 1904 456 ὃν
1936 399 2074 453 δίδο-

500 506 613 544 ται.
646 489 756 542 Καὶ
788 488 854 559 δὴ
897 487 1118 554 ἄτοπον,
1161 477 1427 560 διαθήκης
1467 491 1564 562 μὲν
1607 491 1904 564 χρημάτων
1947 492 2074 562 ὑμῖν

499 579 968 652 ἀπαγγελθείσης,
1019 581 1094 643 ὡς
1127 583 1494 652 προσήκοντος
1541 585 1673 652 ἡμῖν
1706 582 1798 636 τοῦ
1845 583 2072 655 κλήρου,

499 671 960 743 περιεργάζεσθαι
1003 672 1096 724 καὶ
1127 671 1602 743 πολυπραγμονεῖν
1622 714 1636 736 ,
1668 674 1761 727 καὶ
1788 674 1857 728 τὰ
1894 675 2074 747 γράμ-

503 780 649 832 ματα
675 763 968 834 ἐπιζητεῖν,
997 763 1092 816 καὶ
1115 763 1375 834 ἀργύριον
1403 763 1781 830 καταϐάλλειν,
1812 766 1905 818 καί.
1937 783 2072 838 χαρ-

498 859 633 923 τίοις
666 858 966 926 προσιέναι,
1003 857 1094 911 καὶ
1128 856 1480 928 ἀντιγράφειν
1511 857 1583 911 τά
1623 859 2067 929 ἐγγεγραμμένα,

498 954 594 1006 καὶ
634 954 812 1005 πᾶσαν
856 949 1255 1004 ἐπιδείκνυσθαι
1299 950 1564 1020 σπουδήν·
1606 951 1840 1005 ἐνταῦθα
1874 953 1931 1006 δὲ
1961 951 2069 1005 τῶν

498 1045 769 1114 διαθηκῶν
798 1042 1182 1114 πνευματικῶν
1208 1054 1233 1081 ι
1258 1043 1338 1105 εἰς
1378 1042 1541 1111 μέσον
1558 1043 1954 1114 προκειμένων,
1975 1045 2068 1098 καὶ

495 1137 605 1188 τῶν
641 1137 835 1205 βίϐλων
866 1135 1056 1187 πασῶν
1104 1133 1488 1203 ἀνεῳγμένων,
1519 1134 1784 1205 ῥᾳθυμεῖν
1819 1135 1911 1188 καὶ
1937 1137 2068 1188 ἀνα-

495 1227 863 1290 πεπτωκέναι,
896 1226 988 1279 καὶ
1021 1225 1188 1278 ταῦτα
1233 1226 1332 1296 τῆς
1369 1227 1730 1297 κληρονομίας
1768 1229 1870 1282 οὐκ
1901 1228 2066 1301 οὔσης

492 1317 776 1387 αἰσθητῆς.
799 1316 1118 1387 Προσίωμεν
1139 1317 1339 1383 τοίνυν,
1365 1319 1456 1371 καὶ
1481 1320 1785 1390 ἀνοίγωμεν
1805 1321 1872 1375 τά
1893 1339 2068 1393 γραμ-

496 1411 718 1481 ματεῖα,
752 1407 846 1460 καὶ
888 1407 1246 1478 ἐγκύπτωμεν
1275 1411 1386 1472 τοῖς
1432 1411 1931 1482 ἐγγεγραμμένοις,
1973 1415 2066 1468 καὶ

494 1501 690 1570 ἴδωμεν
718 1498 809 1552 ἐπὶ
840 1497 978 1551 τίσιν
1004 1500 1133 1569 ήμίν
1158 1501 1185 1551 6
1210 1499 1411 1569 κλῆρος
1439 1494 1588 1564 οὗτος
1621 1502 2062 1570 καταλέλειπται,

491 1593 583 1646 καὶ
610 1591 693 1654 τίς
725 1593 758 1662 ἠ
799 1589 893 1644 τοῦ
936 1590 1141 1660 κλήρου
1171 1590 1350 1659 φύσις.
1391 1593 1464 1644 Οὐ
1500 1591 1606 1663 γὰρ
1634 1593 1820 1658 ἁπλῶς
1854 1597 2057 1650 κατέλι-

488 1702 588 1737 πεν
623 1686 752 1755 ἡμῖν
800 1683 892 1736 τὸν
924 1683 1153 1753 κλῆρον,
1189 1682 1302 1735 ἀλλ’
1337 1684 1422 1752 ἐφ’
1467 1685 1679 1756 αἱρέσει
1715 1687 1744 1726 δ
1773 1688 1896 1741 τινί.
1929 1689 2065 1760 Ποίᾳ

489 1775 552 1844 δὴ
570 1773 740 1843 ταύτῃ
766 1790 780 1837 ;
810 1773 870 1825 '0
887 1771 1132 1842 ἀγαπῶν
1156 1789 1252 1842 με,
1267 1773 1417 1842 φησὶ,
1438 1774 1544 1839 τὰς
1561 1774 1813 1841 ἐντολάς
1823 1775 2062 1850 μοι’[ἳθ]

490 1863 754 1930 τηρήσει.
787 1862 893 1914 Καὶ
923 1860 1103 1923 πάλιν,
1134 1863 1236 1926 Ὃς
1257 1864 1366 1914 οὐκ
1395 1861 1508 1931 ἄρῃ
1537 1864 1641 1915 τὸν
1669 1864 1934 1932 σταιιοὸν
1955 1867 2059 1919 αὺ-

489 1949 616 2012 τοῦ,
635 1950 730 2002 καί
759 1946 1064 2015 ἀκολουθῇ
1093 1948 1285 2000 ὀπίσω
1310 1965 1428 2016 μου
1455 1963 1468 1976 ·
1510 1949 1601 2002 καὶ
1631 1949 1792 2021 ἔτερα
1821 1951 2061 2020 πλείονα,

488 2035 631 2106 ἅπερ
665 2037 728 2106 τῇ
757 2034 1002 2107 Διαθήκῃ
1045 2034 1438 2103 ἐγγέγραπται.
1466 2037 1743 2107 Μάθωμεν
1771 2039 1826 2091 δέ
1853 2039 1947 2092 καί⁵
1975 2041 2063 2094 τὸν

489 2123 698 2193 χρόνον,
733 2121 854 2175 καθ’
903 2121 960 2173 ὃν
1003 2121 1272 2198 μέλλομεν
1323 2121 1495 2175 ταῦτα
1526 2123 1954 2194 ἀπολαμϐάνειν.
1987 2129 2061 2181 Ού

489 2212 596 2280 γὰρ
615 2211 643 2262 6
667 2207 856 2280 παρών
880 2210 1045 2272 ἐστιν,
1065 2208 1178 2262 ἀλλ’
1202 2211 1229 2262 6
1255 2210 1486 2279 μέλλων*
1509 2211 1708 2280 μᾶλλον
1724 2212 1889 2266 δὲκαὶ
1909 2217 1936 2268 6
1961 2233 2065 2270 πα-

491 2295 600 2368 ρὼν
629 2296 719 2349 καλ⁷
746 2298 774 2350 6
800 2294 1028 2366 μέλλων.
1055 2297 1295 2364 Ζητεῖτε
1321 2297 1428 2368 γὰρ
1461 2298 1574 2364 τὴν
1598 2300 1927 2362 ,βασιλείαν
1955 2304 2062 2357 τοῦ

489 2383 660 2446 Θεοῦ,
677 2383 775 2437 καί
797 2383 982 2437 ταῦτα
1007 2383 1201 2436 πάντα
1222 2384 1693 2452 προστεθήσεται
1717 2387 1856 2455 ὑμῖν
1875 2405 1888 2418 ο
1916 2388 1977 2441 16
2005 2389 2061 2442 δὲ

486 2473 778 2544 ὀλόκληρον
807 2473 947 2526 τότε.
992 2472 1208 2543 Ἐπειδὴ
1231 2473 1340 2544 γὰρ
1366 2474 1394 2526 6
1424 2474 1614 2543 παρὼν
1637 2474 1749 2544 βίος
1775 2478 2058 2548 ἐπίκηρος,

487 2559 581 2612 καὶ
600 2557 951 2630 ἀτελέστερον
978 2557 1057 2610 ἔτι
1077 2558 1414 2628 διακείμεθα,
1434 2561 1570 2632 ὅπερ
1596 2561 1837 2615 ποιοῦσιν
1858 2565 1905 2615 οί
1932 2563 2062 2628 ἔξω·

489 2647 580 2700 θεν
614 2645 922 2718 νομοθέται,
957 2647 1051 2698 καὶ
1093 2645 1317 2709 τελείοις
1349 2649 1660 2719 γενομένοις
1696 2651 2060 2720 ἐγχειρίζουσι

485 2733 585 2806 τὴν
620 2733 880 2805 πατρῴαν
912 2733 1134 2796 οὐσίαν,
1166 2733 1324 2786 τοῦτο
1368 2735 1462 2788 καὶ
1505 2738 1534 2789 6
1567 2736 1698 2799 Θεὸς
1743 2739 2055 2807 ἐργάζεται.

497 2821 746 2874 Ἐπειδὰν
769 2823 848 2883 εἰς
877 2819 1047 2892 ἄνδρα
1065 2817 1265 2874 τέλείον
1286 2823 1379 2875 καὶ
1401 2823 1598 2894 μέτρον
1621 2825 1835 2894 ἡλικίας
1863 2843 2060 2880 καταν-

483 2911 759 2981 τήσωμεν,
788 2908 882 2962 καὶ
915 2907 1052 2979 πρὸς
1083 2906 1176 2961 τδν
1223 2909 1497 2981 ἀκήρατον
1534 2913 1886 2982 μεταστῶμεν
1922 2913 2055 2980 βίον,

485 2999 603 3053 τότε
636 3001 766 3070 ἡμῖν
795 2997 1091 3069 ἐγχειρίζει
1116 2998 1206 3052 τὸν
1230 2998 1426 3068 κλῆρον
1461 2998 1686 3052 ἐκεῖνον.
1721 2999 1869 3061 Τέως
1894 2999 1949 3052 δὲ
1975 3000 2058 3053 δι-

485 3087 658 3145 έθετο,
675 3087 767 3140 καὶ
787 3087 857 3140 τὰ
874 3087 1177 3157 γράμματα
1193 3087 1322 3155 ἡμῖν
1342 3084 1620 3149 κατέλιπε,
1638 3086 1732 3138 καὶ
1753 3086 1874 3139 τίνα
1892 3088 2060 3158 πράτ-

484 3189 670 3238 τοντες
694 3173 1087 3243 ἐπιτευξόμεθα
1119 3172 1218 3240 τῆς
1243 3171 1601 3242 κληρονομίας
1623 3167 1793 3232 εἶπεν,
1815 3172 1955 3226 ὥστε
1983 3176 2057 3245 μὴ

489 3261 768 3322 ἐκπεσεῖν,
799 3259 932 3330 μηδέ
958 3258 1165 3328 ἀποκλη
1177 3259 1432 3329 ρονόμους
1456 3258 1724 3326 γενέσθαι.
1760 3258 1823 3311 Εἰ
1851 3261 1909 3312 δέ
1937 3277 2059 3314 τινα

487 3347 703 3418 θορυϐεῖ
721 3347 780 3399 16
805 3346 1028 3416 μηδέπω
1044 3346 1278 3406 τελείους
1299 3347 1446 3414 ἡμᾶς
1466 3341 1626 3407 εἶναι,
1644 3347 1738 3398 καί⁸
1763 3347 2058 3401 ὑποπτεύει

485 3433 554 3486 τά
599 3433 900 3505 εἰρημένα,
950 3431 1297 3484 ἀκουέτωσαν
1353 3431 1566 3484 Παύλου
1607 3432 1883 3501 λέγοντος’
1919 3435 2059 3488 ’Ὅτε

483 3519 647 3588 ἤμην
666 3520 902 3587 νήπιος,
919 3518 1000 3583 ὡς
1021 3515 1236 3583 νήπιος
1259 3516 1542 3581 ἐλάλουν,
1560 3518 1641 3583 ὡς
1660 3519 1878 3585 νήπιος
1891 3521 2061 3590 ἐφρό-

484 3623 655 3668 νουν,
689 3606 768 3671 ὠς
791 3605 1005 3670 νήπιος
1027 3603 1399 3673 ἐλογιζόμηνο
1429 3603 1526 3658 ὅτε
1552 3605 1619 3658 δὲ
1639 3605 1855 3676 γέγονα
1879 3608 2054 3676 ἀνὴρ,

485 3692 832 3761 κατήργηκα
859 3691 931 3745 τὰ
956 3691 1065 3745 τοῦ
1091 3692 1310 3759 νηπίου
1331 3709 1344 3723 ·
1379 3694 1505 3763 περί
1541 3693 1637 3746 τοῦ
1669 3695 1933 3764 παρόντος
1961 3697 2057 3749 καὶ

483 3780 578 3833 τοῦ
612 3779 892 3850 μέλλοντος
917 3777 1110 3842 αἰῶνος
1133 3778 1538 3848 διαλεγομένου.
1576 3782 1687 3834 Καὶ
1714 3782 1878 3836 πάλιν
1896 3799 1911 3814 ο
1943 3785 2054 3838 Μέο

483 3886 617 3936 χρις
659 3864 730 3924 οὗ
770 3866 1233 3936 καταντήσωμεν
1263 3871 1317 3920 οἰ
1348 3866 1572 3935 πάντες
1612 3872 1701 3934 εἰς
1733 3869 1921 3939 ἄνδρα
1967 3871 2058 3926 τέ-

482 3960 668 4020 λειον,
698 3957 785 4022 είς
803 3954 1021 4024 μέτρον
1052 3956 1307 4022 ἡλικίας.
1346 3955 1434 4009 Ἐν
1465 3958 1566 4026 μέν
1594 3959 1662 4025 γα
1671 3977 1702 4029 ρ
1724 3958 1802 4028 τῷ
1828 3959 2054 4030 παρόντι

485 4044 605 4114 βίῳ,
657 4043 810 4114 φησὶ,
863 4042 1114 4115 καθάπερ
1167 4042 1318 4114 παρὰ
1362 4043 1545 4115 τροφῷ
1580 4061 1716 4106 τινι,
1771 4049 1836 4118 τῇ
1881 4047 2054 4100 κτίσει

482 4130 654 4202 ταύτῃ
685 4130 1099 4202 ἀνατρεφόμεθα
1122 4147 1135 4162 ο
1181 4130 1402 4183 ἐπειδάν
1432 4131 1487 4184 δὲ
1529 4131 1811 4203 μέλλωμεν
1847 4135 1927 4198 εἰς
1957 4134 2055 4206 τὴν

480 4218 804 4290 δεσποτικὴν
823 4217 1052 4286 ἄγεσθαι
1077 4219 1274 4284 οἰκίαν,
1297 4219 1364 4272 τὰ
1394 4218 1584 4287 ἱμάτια
1612 4220 2057 4294 ἀπαμφιεννύμε-

481 4323 561 4359 νοι
601 4306 702 4375 τῆς
752 4305 992 4377 φθορᾶς,
1047 4306 1142 4358 καὶ
1195 4304 1502 4374 ἀφθαρσίαν
1550 4306 2052 4378 ἀναλαμϐάνοντες,

481 4394 616 4465 πρὸς
663 4392 858 4463 ἑτέραν
914 4392 1287 4463 μεθιπάμεθα
1328 4392 1501 4460 λῆξιν.
1544 4391 1692 4463 Αὕτη
1739 4396 1772 4466 ή
1818 4396 2051 4469 διαθήκη

481 4482 574 4535 καὶ
606 4480 949 4551 ἀποκλήρους
979 4490 1001 4518 ο
1051 4479 1277 4542 πολλοὺς
1305 4479 1566 4550 ἠπείλησε
1605 4484 1798 4546 ποιεῖν,
1833 4483 1927 4536 ἐάν
1959 4487 2054 4539 ἀν-

480 4567 620 4632 άξιοι
662 4568 924 4636 γένωνται
965 4566 1074 4619 τῶν
1123 4566 1386 4636 αἱρέσεων
1417 4566 1527 4619 τῶν
1567 4568 2050 4640 ἐγγεγραμμένων.

493 4653 632 4707 Ἀλλ’
685 4653 881 4724 ἴδωμεν
921 4653 1005 4717 τίς
1048 4655 1193 4706 ἐστιν
1239 4655 1268 4706 6
1309 4653 1509 4724 κλῆρος
1542 4653 1744 4711 λοιπόν.
1793 4658 1853 4710 Ἃ
1899 4656 2054 4726 μήτε

480 4741 784 4810 ὀφθαλμὸς
817 4736 957 4805 εἶδε,
987 4739 1138 4810 μήτε
1167 4738 1276 4808 οὖς
1305 4741 1554 4810 ἤκουσε,
1586 4742 1736 4811 μήτε
1775 4744 1874 4798 ἐπὶ
1912 4763 2052 4814 καρ-

481 4827 620 4882 δίαν
649 4827 961 4893 ἀνθρώπου
993 4829 1197 4896 ἀνέϐη.
1240 4828 1361 4892 Πῶς
1395 4829 1572 4883 τοίνυν
1609 4831 1908 4902 ἐμέλλομεν
1952 4833 2051 4904 τὴν

480 4919 678 4990 χρῆσιν
702 4919 904 4974 τούτων
934 4920 1230 4992 λαμϐάνειν
1259 4923 1316 4973 ἐν
1346 4921 1424 4991 τῷ
1455 4922 1678 4992 παρόντι
1705 4922 1824 4994 βίῳ,
1857 4917 1932 4978 ὧν
1957 4926 2051 4978 καὶ

481 5007 516 5077 ή
547 5005 747 5074 γνῶσις
771 5007 1083 5078 ὑπερϐαίνει
1107 5008 1204 5078 τὴν
1226 5008 1463 5062 διάνοιαν
1494 5009 1590 5079 τὴν
1624 5011 1928 5081 ήμετέραν;
1952 5011 2048 5064 Διά

475 5095 636 5148 τοῦτο
655 5097 787 5165 ἡμῖν
812 5096 926 5148 ἐκεῖ
953 5095 1320 5164 τεταμίευται.
1345 5081 1448 5149 Καὶ
1478 5098 1578 5167 ὅρα
1604 5098 1702 5166 τὴν
1725 5097 2048 5168 κηδεμονίαν

476 5183 575 5252 τὴν
604 5182 823 5254 πολλήν.
860 5183 998 5246 Τοὺς
1039 5183 1136 5252 μὲν
1178 5185 1369 5247 πόνους
1401 5187 1466 5255 τῇ
1501 5185 1747 5257 παρούσῃ
1793 5187 2048 5256 συνεκλή-

480 5286 622 5340 ρωσε
647 5269 780 5341 ζωῇ,
803 5268 942 5323 ὥστε
965 5274 1032 5342 τῇ
1055 5271 1346 5342 βραχύτητι
1367 5273 1459 5326 τοῦ
1487 5273 1676 5344 χρόνου
1711 5274 2048 5341 συγκαταλυ-

542 5452 578 5518 ⁸,
603 5453 943 5518 Πνευματικῷν
965 5451 1109 5500 deest
1148 5454 1196 5500 in
1235 5453 1383 5504 Savil.
1410 5461 1462 5503 el
1485 5453 1532 5502 in
1555 5455 1678 5518 Reg.
1713 5453 1836 5503 Infra
1877 5457 2044 5516 iidem,

477 5513 736 5574 ἀνοίγωμεν
755 5514 815 5560 τά
836 5514 1105 5574 γράμματα.

539 5574 574 5684 ᾗ
597 5573 732 5622 Hanc
754 5573 1036 5636 voce’m'jam
1059 5575 1318 5637 aliquoties
1328 5578 1535 5626 vidimus
1555 5591 1644 5640 pro
1655 5583 1793 5642 pacto
1813 5574 2045 5628 conditio-

476 5648 722 5761 ηαξίζεε.
752 5696 1184 5760 ἀποκληρονὸμους,
1207 5698 1382 5749 eodem
1407 5712 1572 5749 sensu.

2182 397 2336 467 θῆναι
2374 401 2437 454 16
2481 401 2808 472 ἐπίμοχθον·
2856 401 2924 454 τά
2966 401 3022 454 δὲ
3065 401 3245 470 ἀγαθὰ
3289 402 3347 454 ἐν
3388 400 3467 472 τῷ
3508 399 3751 470 μέλλοντι

2179 491 2537 560 ἐταμιεύσατο
2561 492 2715 547 αἰῶνι
2737 533 2752 557 ,
2785 493 2925 546 ὥστε
2957 492 3032 562 τῷ
3064 493 3254 562 ἀγήρῳ
3292 489 3748 562 συμπαρεκτείνε·

2181 583 2304 636 σθαι
2332 585 2430 646 16;
2458 585 2710 654 ἀμοιϐάς.
2760 586 3006 654 Ἐκείνην
3041 584 3139 654 τὴν
3169 583 3322 652 λῆξιν
3353 584 3444 636 καὶ
3477 581 3750 652 βασιλείαν

2178 671 2347 724 καλεῖ.
2375 672 2438 723 Εἰ
2469 673 2575 744 γὰρ
2603 674 2696 726 καὶ
2721 673 3036 745 ὑπερϐαίνει
3067 672 3245 740 λόγον,
3273 672 3384 726 ἀλλ’
3425 673 3573 743 ὅμως
3610 672 3750 726 κατά

2175 761 2238 814 16
2263 764 2537 834 ἐγχωροῦν
2567 767 2698 835 ἡμῖν
2727 765 2981 828 ἀκοῦσαι,
3010 764 3343 836 παρηνίξατο
3367 763 3435 816 τά
3469 765 3748 828 μέλλοντα,

2175 853 2271 906 νῦν
2293 855 2409 924 μὲν.
2425 857 2561 926 ὅπερ
2577 856 2745 926 ἔφθην
2762 857 2949 917 εἰπὼν,
2968 856 3242 927 βασιλείαν
3261 856 3456 917 καλῶν,
3479 855 3570 908 νῦν
3589 856 3644 908 δέ
3661 857 3748 923 γά·

2177 959 2297 1011 μον,
2321 944 2414 996 νῦν
2438 947 2630 1016 ἀρχὴν,
2658 947 2765 999 ἀπὸ
2788 946 2896 998 τῶν
2914 946 3154 1017 φαιδρῶν
3174 945 3283 998 τῶν
3321 947 3447 1016 παρ’
3473 949 3608 1015 ἡμῖν
3637 947 3748 998 ὀνο⁴

2176 1035 2361 1104 μάτων
2387 1037 2727 1107 παρανοίγων
2745 1040 2875 1107 ἡμῖν
2899 1037 2994 1096 τὴν
3018 1038 3144 1107 περὶ
3159 1037 3381 1090 ἐκείνων
3402 1037 3628 1100 ἔννοιαν,
3654 1037 3748 1106 τὴν

2173 1127 2386 1180 αἰώνιον
2415 1127 2600 1192 δόξαν,
2625 1129 2724 1198 τὴν
2749 1131 3022 1200 ἀκήρατον
3060 1129 3454 1200 μακαριότητα,
3483 1127 3582 1198 τὴν
3612 1128 3748 1198 μετά

2171 1219 2408 1290 Χριστοῦ
2435 1219 2730 1293 διαγωγὴν,
2756 1217 2822 1292 ἧς
2847 1222 2999 1276 οὐδὲν
3027 1222 3091 1275 ἂν
3119 1223 3327 1291 γένοιτο
3351 1221 3482 1274 ἴσον.
3513 1220 3668 1284 Τίνες
3691 1220 3747 1274 66

2171 1312 2265 1365 καὶ
2292 1312 2349 1364 αἰ
2383 1311 2623 1384 αἱρέσεις
2655 1314 2752 1384 τῆς
2795 1313 3149 1382 Ἐκκλησίας,
3179 1311 3376 1384 μᾶλλον
3405 1311 3460 1364 δέ
3485 1310 3585 1380 τῆς
3615 1310 3744 1382 κλη-

2172 1404 2456 1475 ρονομίας;
2501 1405 2666 1458 οὐδὲν
2703 1405 2958 1476 φορτικὸν
2997 1405 3238 1475 ἔχουσαι.
3290 1405 3350 1457 Ἀ
3383 1402 3586 1457 θέλετε
3625 1403 3742 1465 ἵνα,

2171 1498 2326 1565 φησὶ,
2359 1495 2615 1550 ποιῶσιν
2643 1496 2784 1564 ὑμῖν
2814 1499 2868 1550 οί
2896 1497 3210 1565 ἄνθρωποι,
3243 1491 3428 1550 ταῦτα
3457 1493 3556 1546 καί
3580 1489 3746 1561 ὑμεῖς

2169 1586 2387 1640 ποιεῖτε
2411 1587 2632 1652 αὐτοῖς.
2659 1586 2772 1658 [50]
2796 1588 2956 1658 Ὁρᾷς
2979 1587 3092 1649 πῶς
3113 1585 3264 1639 οὐδὲν
3285 1585 3432 1652 ξένον
3455 1585 3746 1654 ἐπεισήγαο

2169 1691 2286 1742 γεν,
2305 1675 2420 1727 ἀλλ’
2443 1675 2480 1728 ἃ
2503 1675 2846 1746 προλαϐοῦσα
2872 1678 2905 1745 ή
2936 1673 3094 1744 φύσις
3121 1672 3540 1744 ἐνομοθέτησεν;
3567 1673 3744 1743 Ἀπερ

2169 1765 2352 1828 αὐτὸς,
2371 1768 2524 1837 φησὶ,
2542 1767 2792 1835 γενέσθαι
2810 1765 2982 1828 θέλεις
3012 1764 3162 1836 παρά
3183 1763 3291 1817 τῶν
3313 1763 3537 1831 πλησίον
3560 1763 3639 1824 εἰς
3661 1761 3744 1823 σὲ,

2169 1855 2340 1908 ταῦτα
2369 1856 2461 1908 καὶ
2487 1856 2646 1920 αὐτὸς
2667 1855 2913 1927 ἐργασαι.
2939 1854 3124 1917 Θέλεις
3145 1853 3483 1906 ἐπαινεῖσθαι
3505 1868 3519 1915 ;
3560 1849 3742 1905 Ἐπαί-

2169 1963 2268 2000 νει.
2300 1946 2484 2010 Θέλεις
2519 1947 2592 2018 μὴ
2631 1945 3004 2017 ἀρπάζεσθαι;
3042 1947 3132 2016 Μὴ
3176 1943 3411 2014 ἆρπαζε.
3443 1943 3627 2006 Θέλεις
3664 1957 3735 1995 τι-

2172 2037 2406 2109 μᾶσθαι;
2437 2039 2606 2108 Τίμα.
2637 2037 2820 2100 Θέλεις
2859 2037 3158 2102 ἐλεεῖσθαι;
3205 2036 3394 2090 Ἐλέει.
3433 2035 3618 2098 Θέλεις
3653 2051 3735 2104 φι-

2167 2131 2412 2198 λεῖσθαι;
2449 2133 2617 2186 Φίλει.
2650 2131 2833 2194 Θέλεις
2871 2130 2944 2203 μὴ
2978 2130 3194 2184 ἀκούειν
3239 2127 3458 2192 κακῶς;
3494 2125 3645 2185 Μηδὲ
3677 2125 3740 2179 σὺ

2168 2222 2347 2294 εἴπῃς.
2386 2220 2490 2274 Καὶ
2527 2222 2627 2293 ὅρα
2670 2223 2768 2290 τὴν
2813 2221 3118 2292 ἀκρίϐειαν.
3165 2219 3279 2272 Ούκ
3320 2212 3662 2280 εἷπεν,”οσα
3680 2215 3738 2269 οὐ

2169 2314 2347 2367 θέλετε
2383 2315 2470 2368 ἵνα
2509 2314 2736 2376 ποιῶσι,
2770 2313 2905 2384 μηδέ
2938 2315 3094 2383 ὑμεῖς
3124 2315 3348 2376 ποιεῖτε,
3399 2310 3528 2378 ἀλλ’,
3561 2311 3622 2363 Ἀ
3650 2308 3742 2362 θέ-

2165 2411 2322 2461 λετε.
2365 2406 2583 2476 Ἐπειδὴ
2620 2407 2732 2476 γὰρ
2757 2405 2850 2458 δύο
2880 2405 3017 2457 εἰσιν
3052 2404 3159 2457 ὁδοὶ
3191 2403 3323 2474 πρὸς
3351 2403 3552 2473 ἀρετὴν
3577 2401 3740 2480 ἄγου-

2169 2514 2281 2561 σαι,
2333 2497 2430 2568 μία
2465 2496 2562 2567 μέν
2601 2499 2633 2567 ἡ
2683 2495 2968 2565 ἀπαλλαγὴ
3001 2496 3098 2564 τῆς
3131 2495 3363 2557 κακίας,
3411 2492 3571 2562 ἐτέρα
3615 2491 3670 2544 δὲ
3703 2495 3736 2563 ή

2165 2589 2398 2659 ἐργασία
2427 2587 2535 2639 τῶν
2575 2587 2804 2658 ἀρετῶν,
2847 2585 3049 2656 ταύτην
3083 2583 3390 2654 προτίθησι,
3425 2583 3511 2636 διὰ
3540 2582 3736 2652 ταύτης

2165 2677 2423 2748 κάκείνην
2453 2676 2616 2748 δήλην
2646 2677 2814 2729 ποιῶν
2839 2692 2854 2706 '
2890 2676 2983 2730 καὶ
3019 2677 3114 2746 τὴν
3147 2677 3244 2747 μὲν
3271 2675 3488 2747 ᾐνίξατο
3524 2676 3602 2746 τῷ
3651 2674 3737 2727 λέ-

2164 2787 2304 2839 γειν,
2330 2769 2396 2824 *Ο
2412 2774 2609 2840 μισεῖς,
2626 2769 2771 2841 ἄλλῳ
2794 2769 2867 2839 μὴ
2900 2769 3131 2838 ποιήσῃς
3152 2784 3166 2799 ⁸
3194 2768 3292 2839 τὴν
3319 2768 3373 2820 δέ
3407 2769 3592 2838 σαφῶς
3618 2768 3738 2836 ἐδή-

2123 2894 2125 2897 -
2165 2859 2334 2912 λωσεν
2366 2858 2554 2923 εἰπὼν,
2584 2860 2733 2912 Ὅσα
2759 2857 2959 2912 θέλετε
2981 2859 3081 2910 ἵνα
3110 2857 3364 2912 ποιῶσιν
3391 2859 3530 2929 ὑμῖν
3555 2862 3608 2912 οἱ
3634 2858 3735 2912 ἄν·

2165 2949 2503 3018 θρωποι,καί
2529 2948 2695 3017 ὑμεῖς
2715 2947 2934 3001 ποιεῖτε
2953 2949 3174 3014 αὐτοῖς.

2236 3037 2300 3108 β’.
2323 3038 2476 3090 Ἔστι
2499 3039 2594 3091 καί⁵
2625 3037 2756 3108 άλλη
2792 3037 3019 3108 αἵρεσις.
3052 3036 3187 3090 Ποία
3222 3036 3280 3090 δὲ
3305 3035 3474 3107 αῦτη;
3505 3037 3578 3090 T6
3603 3038 3738 3106 ἀγα-

2165 3133 2272 3202 πᾷν
2293 3131 2386 3186 τὸν
2416 3129 2664 3201 πλησίον,
2681 3129 2754 3194 ὡς
2785 3129 2992 3183 ἐαυτόν.
3017 3129 3082 3182 Τί
3108 3129 3295 3183 τούτου
3330 3129 3525 3198 γένοιτ’
3549 3130 3614 3184 ἂν
3648 3131 3738 3183 εὖ·

2164 3221 2494 3294 κολῶτερον;
2522 3223 2595 3275 T6
2626 3221 2734 3293 γὰρ
2766 3225 2942 3293 μισεῖν
2972 3221 3205 3292 ἐπαχθὲς
3237 3222 3330 3275 καὶ
3358 3220 3618 3292 θορύϐους
3639 3223 3736 3292 ἐμο

2165 3313 2354 3368 ποιοῦν
2375 3332 2388 3346 ο
2424 3316 2487 3368 16
2515 3315 2573 3366 δὲ
2600 3314 2775 3378 φιλεῖν
2810 3313 3028 3367 εὔκολον
3063 3319 3156 3368 καὶ
3183 3314 3380 3385 ῥᾴδιον.
3414 3315 3522 3368 Καὶ
3550 3314 3660 3384 γὰρ
3687 3315 3736 3366 εἰ

2167 3408 2264 3476 μὲν
2284 3403 2456 3471 εἶπεν,
2471 3405 2941 3478 Ἀνθρωποιδντες
2953 3405 3154 3474 φιλεῖτε
3179 3405 3365 3476 θηρία,
3389 3405 3644 3458 δύσκολον
3669 3401 3736 3475 ἦν

2162 3499 2224 3552 τὸ
2257 3497 2534 3567 ἐπίταγμα
2555 3517 2568 3530 ο
2593 3500 2641 3550 εἰ
2671 3498 2728 3549 δέ
2760 3497 3079 3570 ἀνθρώπους
3108 3497 3267 3560 ὄντας
3300 3496 3617 3569 ἀνθρώπους
3647 3514 3733 3566 φια-

2161 3592 2272 3646 λεῖν
2307 3592 2622 3652 ἐκέλευσεν,
2652 3589 2778 3644 ἔνθα
2809 3591 2903 3644 καὶ
2931 3588 2991 3642 16
3017 3588 3322 3660 όμοιούσιον
3353 3589 3447 3642 καὶ
3478 3589 3734 3656 συγγενὲς

2162 3683 2358 3755 πολλὴν
2381 3681 2620 3752 εἰσφέρει
2649 3680 2837 3750 ῥοπὴν,
2868 3681 2962 3734 καὶ
2984 3679 3133 3752 παρὰ
3157 3680 3254 3749 τῆς
3283 3679 3494 3748 φύσεως
3527 3681 3560 3751 ή
3595 3697 3735 3750 παρ·

2161 3774 2404 3838 αίνεσις,
2454 3772 2610 3826 ποίαν
2653 3772 2718 3825 ἂν
2771 3771 2883 3842 ἔχοι
2923 3771 3238 3836 δυσκολίαν;
3277 3772 3452 3840 Ὅπερ
3503 3771 3594 3824 καὶ
3641 3767 3734 3823 ἐπὶ

2160 3862 2390 3917 λεόντων
2418 3863 2512 3916 καὶ
2536 3861 2715 3916 λύκων
2743 3863 2989 3930 γίνεται·
3016 3863 3109 3916 κα)⁸
3134 3861 3242 3935 γὰρ
3269 3864 3362 3914 καὶ
3385 3865 3502 3915 ἐκεῖ
3518 3863 3578 3914 16
3605 3880 3735 3931 συγ-

2169 3954 2312 4023 γενές
2340 3954 2439 4024 τῆς
2465 3952 2676 4023 φύσεως
2709 3951 2925 4021 ἀγωγὸν
2958 3953 3037 4016 εἰς
3072 3952 3251 4021 φιλίαν
3285 3953 3419 4005 ἐστί.
3452 3953 3614 4006 Ποίαν
3641 3948 3735 4005 οὖν

2162 4047 2423 4117 σχοίημεν
2467 4045 2762 4114 ἀπολογίαν
2786 4085 2802 4112 ,
2857 4045 3074 4108 λέοντας
3115 4047 3214 4116 μέν
3264 4045 3596 4116 ἡμεροῦντες
3641 4043 3736 4096 καὶ

2160 4141 2376 4204 ἐαυτοῖς
2411 4139 2826 4206 συνοικίζοντες,
2858 4141 2920 4194 16
2945 4141 3000 4194 δέ
3026 4141 3282 4210 ὁμογενὲς
3323 4138 3397 4209 μὴ
3424 4138 3740 4208 ἐπισπώμε-

2159 4251 2274 4297 νοι;
2303 4233 2414 4304 Οὐχ
2439 4234 2623 4301 ὁρᾶτε,
2653 4234 2734 4286 ὅτι
2763 4231 2946 4286 πολλοὶ
2973 4230 3060 4284 διά
3083 4229 3445 4299 κληρονομίαν
3471 4229 3733 4299 γέροντας

2159 4325 2432 4398 περιίασιν
2467 4325 2823 4396 ἀγρεύοντες,
2876 4323 2969 4377 καὶ
3020 4322 3232 4376 πάντων
3270 4321 3375 4374 τῶν
3411 4321 3504 4373 τοῦ
3543 4322 3732 4394 γήρως

2157 4419 2442 4488 ἀνέχονται
2477 4416 2682 4482 κακῶν,
2723 4415 2833 4469 νέοι
2860 4414 3010 4477 ὄντες
3036 4413 3128 4466 καὶ
3156 4411 3511 4482 σφριγῶντες,
3539 4411 3734 4466 ποδαλ-

2158 4508 2282 4578 γίας
2308 4509 2402 4563 καὶ
2429 4506 2538 4561 τῶν
2572 4507 2744 4561 ἄλλων
2771 4506 2880 4560 τῶν
2905 4508 2962 4560 ἐν
2992 4505 3067 4575 τῷ
3093 4506 3239 4577 γήρᾳ
3265 4505 3606 4575 νοσημάτων,
3639 4505 3733 4558 καὶ

2158 4599 2417 4672 κορύζης,
2439 4599 2526 4653 διά
2548 4597 2641 4651 τοῦ
2663 4597 3043 4670 προσεδρεύειν
3062 4596 3324 4667 διηνεκῶς
3343 4613 3357 4660 ;
3383 4597 3573 4650 Καίτοι
3598 4597 3734 4668 χρή-

2161 4692 2308 4763 ματά
2338 4693 2484 4744 ἐστιν
2514 4692 2662 4755 ἐκεῖ,
2693 4689 2788 4743 καὶ
2817 4688 3011 4761 ἄδηλος
3051 4689 3205 4752 ἐλπίς
3226 4706 3240 4721 ο
3286 4689 3519 4743 ἐνταῦθα
3556 4689 3611 4742 δὲ
3641 4691 3732 4743 οὐ·

2158 4783 2341 4854 ρανὺς,
2366 4783 2461 4836 καὶ
2486 4781 2592 4852 πρὸ
2617 4781 2712 4834 τοῦ
2738 4778 2967 4852 οὐρανοῦ
2995 4779 3056 4834 16
3085 4781 3446 4851 εὐαρεστῆσαι
3469 4780 3606 4851 Θεῷ.
3635 4781 3732 4846 Τίς

2154 4877 2211 4930 δέ
2246 4879 2280 4947 ἡ
2333 4875 2771 4948 κληρονομοῦσα;
2841 4873 3010 4942 Ὑπὲρ
3058 4871 3170 4939 τῆς
3233 4875 3732 4943 κληρονομούσης

2154 4967 2263 5038 γάρ
2292 4967 2516 5036 φησινή
2549 4965 2861 5036 προγραφή.
2907 4964 2973 5017 Ἦ
3017 4965 3331 5033 Ἐκκλησία,
3367 4964 3460 5016 καὶ
3503 4962 3563 5016 τδ
3593 4963 3730 5032 πλή-

2157 5075 2316 5130 ρωμα
2347 5058 2516 5128 αὐτῆς
2537 5072 2549 5086 ·
2582 5056 2708 5126 περὶ
2737 5051 2802 5126 ἧς
2835 5055 2982 5122 λέγει
3008 5057 3036 5109 6
3065 5056 3274 5119 Παῦλος
3298 5073 3311 5086 ·
3350 5054 3730 5123 Ἡρμοσάμην

2153 5149 2309 5218 ὑμᾶς
2335 5150 2425 5203 ἐνί
2453 5149 2646 5217 ἀνδρὶ,
2679 5145 2976 5216 παρθένον
3003 5146 3198 5217 ἁγνὴν
3223 5146 3607 5218 παραστῆσαι
3649 5145 3728 5210 τῷ

2153 5241 2404 5311 Χριστῷ.
2438 5241 2548 5295 Καὶ
2588 5243 2617 5294 6
2660 5239 2946 5310 Ἰωάννης·
3009 5239 3070 5293 '0
3107 5241 3263 5308 ἔχων
3310 5239 3425 5308 τὴν
3463 5239 3723 5309 νύμφην,

2153 5332 2411 5400 νυμφίος
2443 5329 2633 5384 ἐστίν.
2678 5329 2815 5382 Ἀλλ’
2838 5331 2867 5382 6
2903 5329 3002 5400 μὲν
3031 5330 3261 5401 νυμφίος
3288 5329 3424 5401 μετά
3451 5329 3553 5393 τὰς
3584 5327 3728 5401 πρώ-

2153 5440 2250 5486 τας
2297 5423 2509 5493 ήμέρας
2548 5421 2803 5476 καταλύει
2846 5423 2907 5475 16
2939 5423 3164 5491 σφοδρὸν
3196 5422 3290 5477 τοῦ
3325 5423 3525 5494 ἔρωτος
3550 5439 3564 5453 ·
3603 5421 3632 5474 6
3669 5420 3725 5474 δὲ

2154 5509 2418 5580 ἡμέτερος
2445 5509 2677 5580 νυμφίος
2711 5510 2860 5579 μένει
2888 5511 3147 5583 διηνεκῶς
3177 5514 3209 5582 ή
3220 5514 3324 5582 μᾶς
3353 5510 3600 5578 ἀγαπῶν,
3633 5510 3727 5563 καὶ

2153 5601 2438 5654 ἐπιτείνων
2462 5603 2552 5655 τὸν
2583 5602 2772 5655 πόθον’
2798 5604 2934 5676 ὅπερ
2959 5603 3133 5674 δηλῶν
3158 5606 3186 5656 6
3227 5603 3476 5672 Ἰωάννης
3497 5601 3730 5671 νυμφίον

2155 5693 2328 5757 καλεῖ,
2361 5694 2449 5747 ὅτε
2475 5694 2814 5765 ἀκμάζοντες
2840 5696 2890 5748 οἱ
2921 5695 3095 5749 πόθοι.
3133 5695 3206 5750 Οὐ
3235 5693 3322 5747 διὰ
3355 5691 3511 5748 τοῦτο
3539 5692 3596 5748 δὲ
3630 5691 3716 5764 1.16-
