4112 6224
299 333 361 389 6d
1427 321 1793 380 EXPOSI’I‘IO
1829 321 1896 379 ΙΝ
1933 321 2255 380 PSALMUM
2293 324 2358 382 V.
3513 333 3581 387 οξ

302 461 444 503 ιιιιιιιι
466 459 587 518 quae
613 445 684 500 sit
712 442 1005 507 hereditas,
1037 447 1092 496 et
1131 437 1177 494 si
1208 451 1270 492 ea
1299 435 1366 491 ad
1392 451 1489 492 nos
1514 451 1725 507 quoque
1766 451 1888 506 per-

301 541 460 594 tinet:
479 537 670 593 deinde
693 546 900 605 tempus
917 547 1023 603 quo
1041 530 1216 587 datur.
1240 528 1332 582 Est
1353 527 1492 582 enim
1515 525 1888 590 absurdum,si

298 632 569 687 deferatur
583 628 796 698 quidem
823 625 978 680 nobis
1003 639 1067 678 ex
1099 629 1412 675 testamento
1441 619 1726 682 hereditas,
1751 628 1886 671 tam-

299 739 454 794 quam
486 738 603 792 qua:
631 719 699 774 ad
732 733 831 772 nos
857 717 1138 786 pertineat,
1161 713 1228 768 de
1254 729 1315 766 ea
1339 728 1457 767 esse
1483 711 1760 773 sollicitos,
1791 725 1888 763 cu-

299 818 439 869 riose
481 814 756 882 indagare,
786 807 982 876 scripta
1014 805 1299 874 inquirere,
1337 802 1614 872 pecuniam
1655 801 1886 864 solvere,

299 905 364 958 ad
397 903 602 958 tabulas
632 901 910 964 accedere,
936 909 989 952 et
1014 911 1132 966 qua:
1177 895 1227 948 itt
1277 894 1340 947 iis
1384 894 1579 961 scripta
1623 901 1748 945 sunt
1791 906 1888 944 ex-

299 999 556 1062 scribere,
581 1007 903 1061 omnemque
923 989 1174 1044 adhibere
1201 986 1527 1056 diligentiam
1550 1003 1562 1037 :
1598 985 1683 1038 hic
1713 994 1888 1037 autem

301 1089 576 1161 productis
630 1088 682 1141 in
735 1086 965 1140 medium
996 1081 1390 1152 spiritualibus‘
1436 1079 1789 1141 testamentis,
1839 1087 1894 1132 et

300 1183 551 1236 onmibus
573 1178 720 1232 libris
741 1177 958 1246 apertis,
980 1188 1101 1230 esse
1121 1172 1402 1228 socordem
1427 1185 1492 1225 ac
1514 1170 1888 1238 negligentem,

302 1277 462 1346 idque
489 1290 607 1329 cum
649 1288 754 1327 non
797 1271 867 1324 sit
896 1267 1164 1324 sensibilis
1224 1263 1515 1320 hereditas.
1559 1260 1894 1316 Accedamus

302 1383 454 1438 ergo,
486 1365 796 1434 aperiamus
831 1361 1035 1416 tabulas
1061 1366 1117 1412 et
1159 1356 1224 1410 iis
1248 1371 1369 1425 quae
1413 1353 1611 1423 scripta
1652 1359 1776 1404 sunt
1805 1350 1890 1403 in-

301 1460 636 1522 cumbamus,
667 1455 1048 1521 videamusque
1091 1449 1407 1520 quibusnam
1452 1446 1520 1500 de
1565 1444 1741 1499 causis
1780 1441 1892 1496 haec

304 1551 460 1608 nobis
489 1549 666 1604 relicta
696 1547 766 1601 sit
790 1543 1096 1608 Inereditas,
1118 1551 1170 1596 et
1198 1555 1317 1610 quae
1345 1539 1413 1594 sit
1446 1546 1632 1592 natura
1664 1533 1892 1588 lueredi-

306 1645 449 1698 tatis.
493 1641 604 1696 Non
635 1639 777 1695 enim
825 1636 1040 1705 reliquit
1079 1633 1232 1688 nobis
1287 1632 1636 1687 hereditatem
1686 1647 1814 1702 pure
1841 1639 1895 1684 et

307 1734 572 1797 absolute,
604 1730 697 1786 sed
728 1727 828 1784 sub
856 1727 1084 1798 quadam
1122 1723 1446 1779 conditione.
1492 1723 1747 1790 Quantam
1797 1737 1895 1775 auc

304 1835 408 1880 tem
432 1841 491 1880 ea
528 1823 650 1879 est?
681 1822 783 1888 Qui
810 1837 889 1873 me
913 1819 1098 1887 diligit,
1142 1817 1329 1887 inquit,
1358 1825 1609 1886 praecepta
1638 1831 1746 1868 mea
1783 1829 1892 1868 ser-

298 1917 430 1970 vabit
457 1913 635 1986 (Joan.
679 1913 767 1967 14.
795 1910 910 1980 23).
945 1897 1008 1964 Et
1027 1895 1237 1986 rursus,
1270 1907 1371 1973 Qui
1399 1923 1498 1959 non
1539 1906 1669 1959 tollit
1696 1919 1896 1958 crucem

297 1981 474 2072 suam,
501 2016 544 2059 et
573 2008 797 2076 sequitur
831 2019 910 2056 tne
942 1981 1158 2072 (Matth:
1192 1999 1276 2054 10.
1311 1997 1437 2069 5'5);
1469 2006 1523 2052 et
1567 1997 1720 2066 plura
1767 1995 1891 2061 alia,

297 2115 417 2170 qua:
451 2099 501 2150 in
526 2104 846 2150 testamento
867 2094 1063 2161 scripta
1095 2098 1240 2144 sunt.
1276 2089 1552 2142 Discamus
1573 2088 1730 2140 etiam
1764 2094 1898 2140 tem-

303 2205 402 2260 pus
422 2203 529 2258 quo
553 2202 670 2240 eam
697 2198 883 2239 sumus
903 2181 1194 2252 accepturi.
1213 2179 1328 2234 Non
1357 2189 1440 2233 est
1464 2179 1606 2232 enim
1637 2191 1892 2246 pra-scus,

301 2281 393 2336 sed
425 2283 595 2334 futura
622 2296 640 2343 ;
687 2277 773 2331 vel
803 2277 980 2346 potius
1003 2283 1056 2328 et
1089 2287 1324 2343 pra-scus
1350 2282 1404 2325 et
1440 2269 1638 2324 futura.
1677 2267 1898 2334 Qntt'rite

303 2373 444 2426 enim
473 2385 683 2440 regnum
713 2366 828 2431 Dei,
851 2376 898 2420 et
919 2368 1026 2419 licet:
1057 2363 1225 2418 omnia
1253 2363 1558 2431 adjiciantur
1585 2360 1719 2414 vobis
1742 2359 1892 2429 (Luc.

307 2462 397 2516 i2.
425 2463 516 2530 3i)
541 2479 552 2511 :
582 2470 712 2513 tunc
735 2468 911 2512 autem
937 2455 1166 2526 perfecta
1194 2463 1248 2508 et
1273 2455 1475 2522 integra
1505 2452 1714 2506 dabitur
1745 2451 1898 2504 here-

311 2554 468 2607 ditas.
490 2551 752 2619 Quoniam
775 2551 917 2602 enim
939 2563 1178 2618 praesens
1198 2547 1304 2600 vita
1327 2556 1409 2599 est
1431 2547 1630 2598 incerta
1658 2553 1712 2597 et
1735 2545 1899 2597 iusta-

313 2645 457 2707 bilis,
487 2652 542 2697 et
586 2655 774 2695 sumus
817 2638 990 2692 adhuc
1034 2635 1487 2705 imperfecliores:
1517 2633 1657 2702 quod
1698 2631 1902 2686 externi

311 2735 516 2791 faciunt
537 2733 893 2804 legislatores,
912 2738 968 2783 ut
997 2729 1060 2783 iis
1086 2729 1173 2798 qui
1203 2727 1269 2781 ad
1299 2727 1509 2795 plenam
1531 2738 1594 2777 ac
1617 2721 1902 2792 perfectam

309 2837 523 2884 mtatem
555 2824 899 2896 pervenerint
923 2831 1145 2894 paterna
1186 2823 1324 2876 bona
1355 2817 1586 2882 tradant,
1619 2816 1719 2871 hoc
1743 2817 1903 2870 etiam

308 2921 432 2976 facit
461 2921 613 2974 Deus.
646 2917 931 2986 Postquam
962 2916 1011 2968 in
1042 2914 1210 2968 virum
1253 2911 1568 2982 perfectum,
1602 2910 1652 2963 itt
1685 2923 1901 2962 mensu-

309 3028 422 3068 ram
449 3009 619 3064 :rtatis
645 3007 1060 3071 occurrerimns,
1088 3014 1142 3058 et
1169 3004 1234 3056 ad
1283 3004 1446 3056 vitam
1492 3001 1560 3054 ab
1589 3000 1736 3054 omni
1767 2999 1903 3053 inte-

308 3105 414 3160 ritu
460 3104 688 3155 alienam
737 3099 1128 3160 transierimus,
1173 3108 1298 3150 tunc
1346 3095 1491 3148 illam
1539 3092 1694 3147 nobis
1742 3092 1904 3146 tradit

312 3195 684 3252 hereditatem.
709 3191 916 3246 Interea
942 3200 1116 3244 autem
1149 3198 1368 3243 testatus
1391 3195 1492 3248 est,
1517 3194 1570 3240 et
1599 3185 1903 3254 Scripturas

311 3291 468 3345 nobis
499 3290 731 3358 reliquit,
757 3303 818 3341 ac
847 3287 978 3339 dixit
1009 3299 1249 3355 quamam
1282 3281 1536 3335 facientes
1558 3293 1904 3349 assequemur

315 3383 688 3444 hereditatem,
725 3392 780 3432 ut
810 3379 875 3432 ab
896 3395 955 3432 ea
984 3394 1088 3430 non
1120 3375 1446 3438 excidamus,
1479 3387 1652 3442 neque
1680 3373 1905 3426 exhere-

313 3474 410 3526 des
450 3471 762 3524 efﬁciamur.
810 3468 958 3536 Quod
1009 3469 1051 3522 si
1098 3466 1478 3537 perturbentur
1520 3464 1713 3533 aliqui,
1761 3461 1901 3532 quod

315 3562 548 3618 nondum
577 3563 744 3616 simus
775 3561 1014 3631 peritreti,
1039 3569 1092 3613 et
1120 3567 1366 3628 suspecta
1393 3558 1471 3610 eis
1493 3556 1599 3610 sint
1624 3571 1742 3625 qua:
1763 3554 1901 3607 dicta

314 3665 460 3716 ειιιιι,
493 3654 708 3706 audiant
739 3653 960 3707 Paulum
990 3650 1252 3704 dicentem
1285 3665 1297 3700 :
1345 3647 1560 3712 Quando
1609 3661 1745 3699 eram
1785 3661 1905 3712 par-

314 3746 480 3806 uulus,
506 3743 741 3814 loquebar
775 3753 826 3796 ut
861 3742 1121 3813 parvulus,
1153 3739 1408 3810 sapiebam
1450 3746 1502 3790 ut
1533 3737 1793 3806 parvulus,
1820 3751 1906 3789 co-

317 3837 534 3907 gitabam
573 3848 622 3888 ut
659 3835 895 3904 parvulus
928 3848 947 3887 :
984 3831 1188 3902 quando
1234 3840 1400 3884 autem
1443 3829 1606 3897 factus
1650 3845 1762 3882 sum
1805 3829 1902 3894 uir,

317 3930 548 3983 evacnaui
570 3943 682 3998 qua:
706 3937 848 3981 erant
879 3927 1078 3996 parvuli
1106 3926 1182 3996 (1.
1211 3925 1328 3978 Cor.
1361 3925 1446 3978 15.
1482 3923 1601 3995 11);
1640 3922 1907 3991 loquendo

318 4018 388 4072 de
413 4017 654 4086 prmsettti
681 4027 732 4072 ct
753 4017 818 4072 de
843 4014 1022 4070 futuro
1051 4014 1268 4068 saeculo.
1291 4013 1358 4066 Et
1375 4027 1558 4066 rursus
1581 4029 1594 4066 :
1623 4011 1791 4065 Donec
1819 4028 1905 4064 oc-

318 4111 620 4165 currerinms
672 4125 844 4163 ontnes
883 4107 936 4160 in
967 4107 1132 4160 uirum
1178 4104 1476 4174 perfectura,
1521 4104 1574 4156 in
1622 4119 1909 4156 mensuram

331 4204 484 4256 etatis
525 4201 738 4274 (Ep/tes.
769 4203 822 4256 4.
859 4199 968 4272 15).
1002 4199 1055 4252 In
1097 4199 1202 4253 vita
1232 4199 1375 4252 enim
1421 4196 1689 4265 prtesenti,
1717 4195 1905 4264 inquit,

322 4297 482 4350 veluti
508 4295 644 4363 apud
671 4297 931 4348 nutricem
959 4290 1269 4362 quamdam,
1289 4295 1540 4344 creatura
1560 4285 1661 4340 hac
1681 4286 1872 4339 alimur
1892 4302 1908 4340 :

321 4386 533 4457 quando
560 4395 736 4438 autem
767 4385 817 4437 in
855 4383 1075 4438 domum
1121 4381 1326 4435 Domini
1359 4379 1916 4440 deducemur,exuen-

325 4491 406 4535 tes
429 4490 605 4534 vestes
633 4475 1012 4546 corruptionis,
1047 4485 1099 4529 et
1124 4480 1458 4528 assumentes
1501 4466 1917 4538 incorruptibili-

325 4582 508 4636 tatem,
535 4571 601 4625 ad
630 4571 788 4624 aliam
837 4570 958 4623 vita:
983 4567 1343 4624 conditionem
1373 4574 1499 4618 tunc
1547 4562 1912 4616 traducemur.

325 4663 439 4718 Hoc
481 4671 859 4717 testamentum
912 4661 1106 4714 multos
1150 4659 1310 4713 etiam
1363 4655 1659 4711 exheredes
1708 4653 1916 4708 futuros

326 4757 584 4810 minatum
614 4763 718 4819 est,
750 4754 794 4808 si
825 4751 1216 4807 conditionibus
1262 4750 1314 4803 in
1342 4765 1408 4804 eo
1452 4749 1666 4817 scriptis
1716 4743 1914 4814 indigni

325 4850 542 4904 fuerint.
569 4849 673 4903 Sed
699 4846 972 4901 videamus
1014 4845 1267 4913 deinceps
1308 4857 1551 4913 quamam
1589 4840 1655 4895 sit
1699 4840 1915 4894 heredi-

323 4951 428 4996 tas.
466 4940 591 5005 Quae
618 4955 708 4993 nec
738 4938 914 4992 oculus
938 4936 1078 5000 vidit,
1109 4952 1198 4990 nec
1228 4935 1367 4988 auris
1396 4933 1606 4996 audivit,
1635 4947 1724 4985 nec
1746 4931 1798 4984 in
1829 4945 1918 4983 cor

326 5033 546 5086 hontinis
580 5033 906 5085 ascenderunt
948 5030 1022 5102 (1.
1053 5027 1170 5084 Cor.
1197 5027 1253 5080 2.
1283 5028 1358 5097 9).
1388 5024 1664 5092 Quomodo
1707 5039 1834 5093 ergo
1865 5023 1918 5079 in

328 5125 578 5194 przescnti
608 5123 714 5177 vita
738 5139 921 5177 eorum
953 5138 1138 5176 sumus
1163 5138 1314 5174 usum
1345 5119 1667 5190 percepturi,
1691 5133 1916 5187 quorum

327 5217 412 5271 vel
442 5216 676 5285 cognitio
722 5225 956 5270 nostram
986 5215 1362 5286 cogitationem
1406 5211 1665 5280 superat?
1710 5209 1832 5264 ltleo
1858 5225 1919 5264 ea

331 5307 442 5362 illic
482 5308 636 5362 nobis
667 5316 791 5362 sunt
815 5307 1068 5377 reposita.
1103 5307 1233 5360 Vide
1280 5316 1456 5358 autent
1490 5303 1709 5357 multam
1739 5317 1920 5356 curam

328 5402 450 5466 ejus
475 5415 538 5453 ac
567 5399 978 5469 providentiam.
1005 5397 1243 5452 Labores
1272 5397 1488 5466 quidem
1522 5395 1641 5449 vitae
1672 5393 1920 5464 prarscnti

329 5494 592 5558 attribuit,
626 5503 682 5547 ut
709 5493 828 5562 ejus
855 5493 1116 5546 brevitate
1145 5505 1245 5542 una
1275 5491 1434 5543 etiam
1481 5488 1777 5542 solveretur
1805 5501 1923 5538 mo-

332 5585 526 5640 lestia:
571 5585 706 5638 bona
739 5591 915 5637 autem
947 5582 997 5634 in
1042 5580 1276 5633 futttrunt
1309 5580 1565 5634 SiL'Cllillnl
1611 5576 1922 5641 reservavit,

400 5775 420 5808 ι
457 5783 574 5831 Vox,
601 5771 948 5836 spit'itnalibns,
975 5772 1118 5822 tlcest
1145 5785 1190 5820 ιιι
1216 5770 1354 5820 Saitl.
1382 5779 1429 5820 et
1459 5773 1503 5819 in
1531 5778 1645 5833 ltcg.

1999 445 2056 491 ut
2082 437 2539 494 remunerationes
2558 440 2978 498 extenderentur
3001 457 3121 499 cum
3146 447 3445 503 :eternitate
3468 464 3587 518 quae

1996 539 2080 584 est
2105 544 2296 600 expers
2322 531 2478 586 senii.
2521 532 2672 588 Illam
2702 544 2901 590 sortem
2943 545 3099 590 vocat
3135 537 3295 592 etiam
3337 554 3581 610 regnum.

1997 619 2111 674 Etsi
2138 623 2281 676 enim
2308 624 2605 678 orationem
2635 637 2911 696 superant,
2945 630 3202 698 quantum
3231 637 3407 685 tamen
3433 633 3588 688 nobis

1997 712 2120 766 licet
2143 712 2348 779 audire,
2381 716 2712 784 aenigmatice
2739 717 2912 772 futura
2945 719 3280 788 signiﬁcavit,
3306 737 3447 777 nunc
3473 725 3590 793 qui-

1997 804 2140 870 dem,
2172 817 2226 859 ut
2261 806 2370 875 jam
2403 807 2529 871 dixi,
2565 824 2786 877 regnum
2831 826 3049 873 voeans,
3098 827 3240 867 nunc
3277 822 3452 868 autem
3482 829 3586 868 nu-

1999 897 2164 964 ptias,
2199 913 2338 952 nunc
2371 900 2674 967 imperium,
2706 916 2768 954 ex
2801 901 3094 969 splendidis
3133 919 3251 973 qua:
3296 913 3419 959 sunt
3446 907 3588 975 apud

2001 1003 2100 1042 nos
2143 991 2474 1055 nominibus,
2517 990 2583 1045 ad
2634 992 2719 1044 iila
2765 994 3042 1063 cogitanda
3084 971 3236 1050 nobis
3276 997 3416 1051 viam
3457 971 3620 1067 a'pe-i

1960 1124 1963 1128 .
1999 1082 2166 1148 rieus,
2194 1093 2451 1137 aeternam
2478 1084 2723 1153 gloriam,
2757 1087 2825 1139 ab
2855 1087 3069 1140 interitu
3109 1089 3335 1143 alienam
3365 1090 3591 1144 beatitu-

1999 1173 2198 1237 dinem,
2229 1190 2348 1228 cum
2375 1175 2590 1230 Christo
2621 1177 2782 1230 vitam
2814 1179 3094 1247 agendam,
3123 1181 3210 1234 cui
3253 1183 3384 1235 nihil
3417 1191 3590 1252 potest

1997 1263 2249 1318 conferri.
2283 1266 2536 1332 Quantam
2582 1277 2705 1321 sunt
2731 1277 2909 1322 autem
2955 1271 3288 1326 conditiones
3317 1272 3584 1340 Ecclesim,

1999 1356 2078 1408 vel
2111 1357 2282 1423 potius
2313 1356 2667 1411 hereditatis?
2696 1359 2826 1424 Qua:
2855 1359 2989 1413 nihil
3021 1360 3219 1415 habent
3239 1361 3586 1417 difﬁcultatis.

2001 1445 2130 1510 Quae
2171 1447 2339 1510 uultis,
2370 1447 2560 1516 inquit,
2606 1458 2660 1501 ut
2710 1451 2903 1519 faciant
2941 1452 3077 1504 vobis
3117 1452 3365 1519 homines,
3408 1471 3468 1507 ea
3504 1469 3590 1508 vos

1999 1537 2148 1588 etiam
2169 1537 2292 1605 ipsis
2318 1538 2472 1608 facite
2497 1538 2708 1607 (Matth.
2741 1540 2792 1592 7.
2829 1541 2941 1610 i2).
2972 1541 3131 1596 Vides
3157 1545 3427 1612 quomodo
3460 1546 3592 1601 nihil

1999 1631 2231 1685 alienum
2260 1633 2518 1697 attulerit,
2553 1634 2644 1689 sed
2684 1651 2746 1689 ea
2787 1651 2906 1706 qua:
2959 1646 3146 1690 natura
3201 1638 3348 1708 prius
3392 1641 3594 1694 consti-

2003 1726 2160 1778 luerit
2182 1725 2206 1779 ?
2231 1725 2362 1794 Quae
2385 1729 2481 1792 vis,
2513 1728 2703 1798 inquit,
2723 1739 2778 1784 ut
2807 1730 3086 1800 propinqui
3115 1732 3187 1785 tui
3217 1731 3268 1786 in
3293 1742 3344 1788 te
3370 1732 3586 1801 faciant,

2001 1830 2063 1870 ea
2091 1816 2203 1884 ipse
2229 1831 2441 1886 quoque
2462 1819 2562 1874 fac.
2593 1818 2684 1873 Vis
2717 1820 2916 1874 laudari
2942 1822 2964 1875 ?
3012 1821 3214 1876 Lauda.
3243 1822 3358 1876 Non
3384 1825 3464 1878 vis
3489 1825 3592 1879 ali-

2005 1907 2130 1976 quid
2163 1908 2256 1962 tibi
2288 1909 2426 1964 furto
2447 1913 2640 1978 surripi
2667 1913 2690 1964 ?
2720 1912 2796 1966 Ne
2822 1913 3021 1968 furare.
3046 1914 3139 1969 Vis
3167 1914 3455 1970 honorari?
3482 1917 3594 1971 llo-

2001 1998 2256 2053 nora.Vis
2278 2001 2698 2056 misericordiam
2721 2005 2967 2072 assequi?
2989 2005 3368 2062 Miserere.Vis
3393 2010 3594 2063 amari?

2001 2089 2157 2143 Ama.
2177 2088 2271 2143 Vis
2300 2106 2404 2144 non
2429 2094 2567 2147 male
2588 2093 2808 2148 audire?
2837 2093 2944 2149 Nec
2977 2103 3029 2148 tu
3056 2095 3196 2151 male
3213 2077 3430 2152 dixeris.
3457 2097 3590 2154 Vide

2000 2191 2178 2237 autem
2223 2198 2381 2252 quam
2420 2196 2666 2240 accurate
2692 2186 2940 2256 loquutus
2965 2196 3065 2242 est.
3100 2187 3216 2244 Non
3243 2188 3593 2257 dixitthne-

1999 2287 2228 2344 cumque
2270 2291 2378 2330 non
2429 2278 2590 2332 vultis
2644 2287 2699 2332 ut
2731 2278 2948 2348 faciant,
2977 2294 3077 2335 nec
3120 2296 3218 2336 vos
3267 2280 3445 2348 facite,
3474 2280 3590 2343 sed,
3639 2287 3646 2294 '

2003 2368 2131 2433 Qute
2157 2370 2326 2423 vultis.
2371 2371 2632 2438 Quoniam
2664 2371 2783 2426 duae
2829 2382 2954 2427 sunt
2997 2374 3095 2428 via:
3139 2390 3257 2443 qua:
3297 2375 3500 2430 ducunt
3526 2375 3593 2428 ad

2001 2461 2278 2525 virtutem,
2310 2477 2411 2515 una
2443 2462 2680 2532 quidem,
2717 2463 2960 2518 liberatio
3019 2478 3047 2516 a
3098 2464 3228 2518 vitio
3257 2481 3270 2517 :
3315 2466 3416 2518 alia
3445 2480 3592 2530 vero,

2005 2551 2215 2604 virtutis
2244 2552 2386 2606 actio
2416 2571 2429 2606 :
2469 2553 2604 2606 hanc
2641 2555 2909 2622 proponit,
2939 2569 3035 2623 per
3074 2554 3210 2610 hanc
3251 2555 3391 2609 illaut
3429 2556 3588 2610 etiam

2005 2639 2319 2704 declarans;
2366 2652 2419 2695 et
2459 2643 2602 2696 illam
2626 2644 2840 2711 quidem
2870 2645 3097 2698 obscure
3121 2645 3432 2714 signiﬁcavit
3474 2662 3593 2700 cum

2013 2731 2186 2786 dixit:
2219 2732 2372 2797 Quod
2411 2733 2592 2795 odisti,
2647 2733 2736 2787 alii
2768 2750 2834 2787 ne
2867 2733 3056 2787 ieceris
3085 2753 3098 2788 :
3145 2735 3279 2790 hanc
3306 2751 3434 2790 vero
3483 2752 3596 2789 ma-

2010 2823 2204 2879 nifeste
2230 2823 2521 2878 declaravit
2546 2824 2763 2880 dicens:
2787 2826 3128 2895 Quwcumque
3152 2827 3301 2880 vultis
3325 2838 3379 2880 ut
3405 2829 3596 2896 faciant

2008 2917 2148 2970 vobis
2177 2901 2422 2984 homines,
2451 2927 2497 2970 et
2523 2932 2610 2970 vos
2649 2917 2770 2986 ipsis
2801 2919 2951 2982 facile
2982 2916 3132 2991 (Tob.
3165 2921 3214 2973 4.
3244 2920 3358 2988 16).

2077 3006 2132 3060 2.
2163 3006 2259 3060 Est
2304 3007 2464 3061 etiam
2495 3008 2596 3061 alia
2641 3007 2895 3062 conditio.
2929 3009 3181 3074 Quantam
3213 3022 3275 3062 ea
3305 3009 3427 3063 est?
3473 3008 3602 3064 Dili-

2004 3113 2132 3168 gere
2161 3099 2481 3168 proximum,
2513 3100 2650 3153 sicut
2679 3099 2934 3169 seipsum.
2977 3099 3113 3165 Quid
3144 3114 3263 3154 esse
3294 3101 3460 3170 possit
3499 3100 3600 3156 hoc

2005 3187 2259 3245 facilius?
2307 3189 2496 3245 Odisse
2527 3191 2668 3245 enim
2699 3205 2859 3261 grave
2886 3198 2985 3254 est,
3020 3201 3073 3245 ct
3103 3191 3282 3245 turbas
3307 3207 3369 3245 ac
3399 3194 3600 3248 tuuml-

2009 3291 2091 3337 tus
2117 3283 2354 3337 excitans
2384 3299 2397 3335 :
2430 3298 2612 3337 amare
2658 3292 2837 3338 autem
2884 3282 3040 3337 facile
3067 3291 3147 3336 est
3172 3291 3228 3338 et
3267 3284 3595 3352 expeditum.

2007 3374 2064 3429 Si
2107 3375 2248 3428 enim
2277 3375 2518 3440 dixisset,
2559 3375 2660 3430 Vos
2687 3390 2805 3430 cum
2838 3375 3084 3430 homines
3110 3367 3482 3447 ‘sitis,diligite
3512 3378 3602 3432 be-

2007 3466 2160 3532 stias,
2193 3475 2516 3535 pneceptum
2547 3467 3002 3522 fitissctdifticile:
3037 3467 3078 3520 si
3107 3475 3284 3522 autem
3311 3468 3399 3538 qui
3429 3469 3600 3523 homi-

2008 3571 2106 3611 nes
2136 3569 2277 3623 sunt,
2313 3557 2559 3613 homines
2587 3575 2768 3614 amare
2785 3561 2966 3628 jussit,
2997 3560 3085 3614 ubi
3111 3559 3424 3616 substantia:
3453 3562 3600 3616 simi-

2007 3648 2196 3713 litudo,
2213 3650 2479 3718 cognatio,
2496 3659 2550 3703 et
2579 3651 2742 3720 ipsius
2772 3660 2976 3706 natura:
2996 3652 3290 3707 admonitio
3311 3652 3599 3722 plurimum

2011 3745 2266 3797 momenti
2319 3744 2552 3797 alferunt
2595 3743 2662 3796 ad
2711 3744 3068 3814 diligendum,
3104 3746 3354 3815 quidnam
3411 3745 3604 3802 habeat

2011 3833 2379 3889 difﬁcultatis?
2404 3834 2556 3901 Quod
2587 3835 2643 3888 ﬁt
2667 3835 2827 3890 etiam
2853 3836 2906 3890 in
2935 3837 3179 3892 leonibus
3202 3847 3254 3892 et
3280 3837 3448 3908 lupis:
3479 3854 3600 3892 nam

2009 3925 2148 3994 apud
2179 3925 2298 3978 illos
2322 3926 2481 3979 etiam
2515 3937 2718 3979 naturzn
2738 3929 2984 3994 cognatio
3015 3929 3265 3982 conciliat
3290 3930 3601 3982 amicitiam.

2013 4019 2310 4084 Quamnam
2353 4033 2482 4086 ergo
2509 4018 2802 4086 poterimus
2843 4019 3034 4074 aﬂerre
3073 4022 3492 4086 excusationem,
3515 4023 3605 4090 qui

2015 4109 2202 4163 leones
2243 4107 2458 4176 quidem
2501 4104 2982 4171 mansuefacimus,
3025 4110 3160 4162 etin
3210 4111 3396 4164 iisdem
3429 4113 3608 4166 nobis-

2015 4213 2136 4253 cum
2149 4196 2355 4251 aedibus
2370 4196 2690 4251 collocamus
2707 4211 2721 4260 ;
2739 4196 2879 4265 quod
2892 4205 2973 4250 est
2987 4207 3161 4252 autem
3176 4199 3412 4266 ejusdem
3433 4201 3608 4254 uobis-

2017 4306 2139 4346 cum
2169 4289 2403 4361 generis,
2450 4305 2554 4344 non
2606 4289 2962 4344 attrahimus?
3008 4289 3124 4344 Non
3171 4289 3364 4346 videtis
3411 4292 3613 4345 multos

2020 4399 2142 4440 esse
2166 4383 2257 4454 qui
2304 4393 2523 4454 propter
2563 4382 2912 4438 hereditatem
2955 4397 3114 4438 senes
3152 4391 3363 4452 captant
3409 4392 3464 4438 et
3508 4384 3615 4437 cir—

2021 4483 2384 4540 cumcursaut,
2416 4489 2479 4528 ac
2510 4474 2801 4529 senectutis
2825 4475 3002 4528 omnia
3044 4475 3180 4529 mala
3211 4473 3458 4541 tolerant,
3487 4489 3616 4530 cum

2020 4567 2128 4623 sint
2163 4567 2411 4637 juvenes,
2444 4577 2739 4636 vegetoque
2763 4579 2828 4619 ac
2868 4564 3150 4620 luxurianti
3177 4580 3424 4636 corpore,
3448 4565 3612 4636 poda-

2019 4674 2168 4729 gram
2201 4673 2394 4728 nempe
2419 4667 2474 4711 et
2520 4657 2654 4710 alios
2684 4657 2974 4711 senectutis
3020 4657 3257 4722 morbos,
3288 4673 3521 4722 mucum,
3549 4675 3614 4714 ac

2021 4759 2312 4814 screatum,
2341 4747 2483 4819 quod
2531 4748 2922 4816 illis.perpetuo
2953 4748 3270 4804 assideant?
3302 4751 3457 4820 Atqui
3508 4751 3614 4804 illic

2023 4851 2148 4897 sunt
2190 4843 2450 4913 pecuniis,
2486 4850 2538 4896 et
2569 4857 2692 4910 spes
2721 4841 2920 4895 incerta
2947 4859 2960 4905 ;
2993 4841 3079 4896 hic
3106 4851 3283 4896 autem
3315 4845 3527 4905 caelum,
3561 4852 3616 4897 et

2022 4944 2150 4988 ante
2177 4934 2367 4988 caelum
2399 4933 2490 4986 Dei
2522 4933 2712 5001 gratia.
2735 4931 2864 4998 Quae
2889 4941 2971 4986 est
3001 4933 3088 4985 illa
3112 4949 3229 5000 qua:
3259 4933 3609 4988 hereditatem

2025 5023 2254 5093 accipit?
2285 5022 2564 5091 inscriptio
2593 5022 2734 5077 enim
2765 5022 2913 5088 dicit,
2951 5021 3054 5076 Pro
3077 5039 3136 5076 ea
3154 5039 3266 5092 qua:
3291 5023 3612 5075 hereditatem

2026 5116 2229 5185 accipit.
2258 5115 2516 5177 Ecclesia,
2534 5123 2589 5168 et
2616 5115 2732 5181 ejus
2759 5113 3068 5181 plenitudo;
3097 5113 3165 5167 de
3192 5128 3294 5182 qua
3323 5111 3452 5165 dicit
3479 5110 3614 5162 Pau-

2028 5207 2112 5260 lus
2139 5224 2152 5260 :
2196 5204 2456 5268 Despondi
2484 5221 2570 5258 vos
2599 5205 2686 5257 uni
2710 5205 2836 5269 viro,
2866 5204 3110 5274 virginem
3149 5211 3343 5254 castam
3385 5199 3618 5254 exhibere

2030 5298 2226 5353 Christo
2256 5296 2336 5365 (2.
2361 5295 2479 5349 Cor.
2504 5296 2590 5351 11.
2617 5295 2698 5365 2).
2730 5295 2794 5348 Et
2822 5294 3057 5349 Joannes
3085 5309 3100 5345 :
3138 5291 3236 5356 Qui
3275 5290 3420 5343 habet
3461 5306 3616 5360 spon-

2030 5406 2160 5454 sam,
2190 5404 2408 5458 sponsus
2445 5396 2517 5440 est
2546 5385 2722 5456 (Joan.
2765 5386 2818 5438 5.
2846 5383 2958 5450 29).
2988 5382 3230 5450 Sponsus
3255 5381 3466 5450 quidetn
3499 5393 3618 5451 post

2033 5481 2234 5550 primos
2261 5478 2376 5532 dies
2421 5477 2643 5531 remittit
2684 5475 2882 5528 amoris
2909 5471 3300 5528 vehementiam
3331 5491 3345 5530 :
3391 5487 3621 5543 sponsus

2032 5583 2209 5628 autem
2255 5578 2437 5624 noster
2465 5584 2560 5622 nos
2587 5575 2730 5620 amat
2760 5575 3038 5636 perpetuo,
3069 5574 3123 5621 et
3149 5575 3306 5638 auget
3334 5583 3572 5623 amorem
3601 5581 3616 5618 :

2035 5665 2173 5736 quod
2197 5661 2666 5719 innucnsJoannes
2684 5670 2838 5716 vocat
2862 5675 3136 5732 sponsum,
3152 5662 3366 5733 quando
3388 5661 3617 5715 maxime

2039 5762 2214 5830 ἡδί-ιιι
2235 5772 2465 5812 amores.
2496 5755 2610 5811 Non
2636 5755 2807 5813 solum
2830 5765 3005 5811 autem
3031 5755 3150 5812 ideo
3171 5764 3428 5820 sponsam
3453 5761 3616 5800 vorat-
