4112 6224
539 354 609 409 σε.
1308 347 1363 405 S.
1403 348 1682 406 JOANNIS
1720 345 2196 404 CHRVSOSTOMI
2235 344 2547 406 ARClllEP.
2593 347 3117 404 CONSTANTINOP.
3750 353 3814 410 ιιι

542 473 615 525 vit
646 486 661 523 :
692 466 788 525 sed
812 467 974 524 etiam
996 464 1141 539 quod
1182 465 1310 520 velit
1353 480 1543 521 omnes
1570 480 1732 519 unum
1770 479 1894 519 esse
1932 478 2128 532 corpus

536 574 591 617 et
616 575 774 615 uuam
811 558 1045 613 animam
1075 557 1280 612 ratione
1303 556 1515 610 virtutis
1545 564 1599 610 et
1624 555 1826 609 amoris
1856 572 1871 609 :
1903 564 1958 609 et
1985 553 2126 624 quod

537 650 985 720 quemadmodum
1029 663 1225 719 sponsa
1249 647 1427 702 omnia
1458 645 1584 702 facit
1629 654 1687 701 ut
1732 647 1849 701 viro
1880 646 2125 716 placeat:

537 748 610 801 ita
656 760 756 801 nos
800 746 961 801 etiam
992 744 1129 798 tales
1165 757 1287 797 esse
1328 750 1543 811 oportet
1590 754 1688 810 per
1730 746 1894 794 totam
1938 739 2123 792 vitam.

536 839 722 910 Qualis
745 852 936 909 sponsa
962 853 1083 906 qua:
1105 837 1158 890 in
1188 835 1280 888 illo
1302 833 1388 888 die
1416 832 1567 887 sedet
1596 832 1649 887 in
1673 831 1856 896 cubili,
1885 830 1937 885 id
1963 844 2125 899 unum

540 927 909 986 tantummodo
952 926 1222 996 cogitans,
1268 924 1536 994 quomodo
1583 923 1700 977 viro
1746 922 1953 993 placeat
1995 939 2008 974 :
2055 920 2124 974 ita

539 1020 696 1075 (tiam
727 1034 825 1073 nos
855 1016 915 1071 in
940 1014 1045 1071 hac
1072 1017 1176 1069 vita
1205 1006 1473 1077 sedentes,
1506 1028 1666 1067 unum
1715 1013 1886 1067 solum
1918 1019 2127 1080 speete~

538 1123 677 1173 mus,
709 1117 760 1162 ut
784 1122 980 1176 sponso
1010 1105 1365 1172 placeamus‘,
1396 1114 1451 1159 et
1477 1117 1688 1172 sponsae
1714 1101 2032 1156 modestiam
2061 1115 2125 1154 ac

535 1200 789 1257 decorem
832 1210 1230 1254 conservemus.
1262 1195 1428 1265 Hujus
1454 1210 1664 1265 Sponsae
1713 1193 1875 1248 David
1914 1206 2125 1262 quoque

536 1291 798 1357 meminit,
815 1288 1034 1344 dicens:
1061 1287 1264 1341 Adstitit
1288 1287 1463 1357 regina
1484 1303 1515 1338 a
1532 1286 1722 1339 dextris
1750 1285 1847 1338 tuis
1868 1284 1921 1336 in
1950 1283 2126 1337 vestitu

535 1364 798 1446 deaurato,
820 1380 1137 1434 circumdata
1167 1380 1404 1433 varietate
1434 1380 1485 1431 in
1513 1377 1722 1446 ﬁmbriis
1761 1378 1926 1429 aureis
1948 1375 2120 1444 (Psal.

533 1474 623 1528 41.
657 1474 765 1542 11).
786 1472 879 1527 Vis
904 1469 1085 1525 videre
1110 1470 1227 1537 ejus
1254 1468 1504 1524 calceos?
1545 1468 1678 1522 Audi
1711 1467 1929 1520 Paulum
1959 1480 2021 1534 pa
2038 1479 2123 1520 ra-

532 1563 823 1635 nymphum
849 1562 946 1633 (a),
974 1562 1062 1630 qui
1092 1561 1222 1614 dicit
1259 1577 1274 1614 :
1320 1557 1542 1614 Calceati
1580 1558 1731 1628 pedes
1764 1558 1817 1611 in
1858 1572 2121 1627 praepara-

535 1655 670 1707 tione
711 1650 954 1723 evangelii
1009 1651 1149 1718 pacis
1197 1648 1362 1718 (Epit.
1393 1648 1446 1704 6.
1480 1649 1591 1718 15).
1623 1648 1712 1702 Vis
1755 1649 1913 1703 etiam
1946 1647 2123 1701 videre

536 1748 653 1815 ejus
678 1758 886 1809 zenam,
925 1752 979 1797 et
1018 1740 1286 1811 quomodo
1324 1742 1618 1810 composita
1642 1750 1813 1794 estex
1859 1737 2122 1793 veritate?

541 1835 631 1889 Ille
654 1835 765 1902 ipse
788 1842 838 1887 te
866 1830 1098 1886 docebit.
1123 1831 1347 1884 Accincti
1371 1831 1566 1885 lumbos
1609 1838 1794 1885 vestros
1822 1829 1895 1883 iu‘
1918 1829 2123 1883 veritate

538 1925 696 1996 (Ibid.
729 1927 782 1979 6.
816 1925 925 1993 14).
960 1922 1050 1976 Vis
1081 1923 1242 1977 ctiam
1275 1922 1456 1976 videre
1486 1922 1603 1991 ejus
1636 1919 2120 1990 pulchritudinem?

536 2020 591 2074 Id
626 2021 695 2072 ab
722 2016 911 2072 eodem
944 2028 1155 2084 qumque
1182 2012 1381 2069 disces.
1412 2011 1532 2066 Non
1560 2011 1750 2067 habens
1769 2010 2018 2065 maculam
2042 2010 2120 2065 vel

534 2125 715 2180 rugam
750 2104 911 2177 (Ibid.
952 2106 1008 2160 5.
1048 2104 1160 2175 27).
1207 2104 1346 2159 Audi
1391 2106 1549 2159 etiam
1597 2103 1723 2174 quid
1762 2102 1834 2159 de
1875 2117 1939 2158 ea
1979 2101 2120 2157 dicat

534 2199 885 2255 Ecclesiastes
901 2198 997 2268 (b).
1015 2195 1143 2250 Tota
1164 2197 1379 2265 pulchra
1399 2211 1466 2258 es,
1490 2194 1774 2264 propinqua
1794 2209 1923 2257 mea,
1937 2201 1987 2246 et
2007 2208 2117 2246 ma-

535 2289 651 2341 cula
671 2304 772 2342 non
803 2298 874 2341 est
894 2289 947 2342 in
967 2297 1015 2343 te
1039 2286 1213 2358 (Cant.
1237 2286 1292 2340 4.
1319 2285 1396 2355 7).
1423 2284 1514 2339 Vis
1533 2285 1694 2339 etiam
1722 2283 1905 2338 videre
1922 2283 2118 2354 pedes?

537 2382 703 2448 Quam
748 2381 958 2452 speciosi
988 2381 1139 2451 pedes
1167 2379 1616 2450 euangelizandum
1660 2393 1856 2446 pacem,
1900 2392 2115 2448 evange-

531 2474 792 2528 lizantium
822 2475 950 2528 bona
976 2472 1150 2546 (Rom.
1182 2471 1267 2526 10.
1299 2472 1413 2542 15)ῑ
1446 2471 1510 2525 Ει
1537 2468 1677 2540 quod
1714 2470 1969 2525 eximium
1996 2478 2104 2534 est,

533 2576 588 2622 et
614 2566 971 2622 admiratione
1022 2565 1415 2637 dignissimum,
1446 2578 1569 2619 cum
1590 2577 1706 2617 eam
1734 2563 1816 2619 sic
1855 2576 2112 2618 exornas-

532 2668 634 2722 set,
658 2673 764 2712 non
792 2660 932 2713 venit
958 2658 1183 2729 gloriam
1233 2672 1386 2712 suam
1427 2667 1770 2719 ostensurus,
1816 2671 1885 2711 ne
1921 2655 2113 2725 insigni

532 2765 627 2804 sua
668 2749 1061 2818 pulchritudine
1096 2766 1214 2805 eam
1258 2749 1700 2818 obstupefaceret,
1748 2757 1802 2802 et
1844 2756 2111 2802 amentem

531 2839 812 2906 redderet;
855 2839 951 2894 sed
979 2841 1123 2896 venit
1169 2841 1359 2896 eodem
1409 2840 1622 2896 indutus
1672 2840 1980 2894 indumento
2007 2853 2114 2909 quo

530 2945 725 3000 sponsa
757 2949 770 2984 :
801 2932 1073 3002 particeps
1098 2932 1243 2988 enim
1283 2939 1366 2987 est
1403 2946 1556 3002 teque
1592 2946 1656 2985 ac
1701 2931 1813 3000 ipsa
1856 2931 2035 2985 carnis
2059 2939 2114 2983 et

527 3024 836 3094 sanguinis;
881 3039 982 3078 nec
1029 3025 1141 3092 ipse
1169 3039 1288 3078 eam
1335 3037 1549 3078 sursum
1575 3032 1747 3088 vocat,
1779 3021 1872 3076 sed
1903 3021 1968 3076 ad
1994 3035 2111 3075 eam

527 3113 757 3180 accedit,
789 3130 1010 3168 servans
1032 3114 1118 3168 hic
1145 3129 1357 3184 quoque
1380 3114 1562 3185 sponsi
1590 3114 1782 3183 legem,
1806 3128 1922 3181 qtth
1951 3126 2113 3182 spon-

526 3222 648 3262 sum
676 3205 741 3260 ad
770 3220 1020 3274 sponsam
1069 3203 1303 3260 adducit.
1345 3203 1498 3271 Quod
1537 3204 1698 3260 etiam
1728 3204 1862 3258 dixit
1903 3202 2109 3258 Muses:

534 3296 640 3352 Pro
680 3314 737 3352 eo
779 3297 1024 3365 relinquet
1065 3296 1215 3349 homo
1267 3305 1463 3365 patrent
1520 3302 1567 3349 et
1608 3304 1816 3349 matrem
1859 3309 2021 3358 suam,
2065 3303 2112 3348 et

527 3389 801 3441 adhaerebit
829 3389 976 3442 uxori
1001 3403 1107 3441 sure
1137 3386 1288 3460 (Gen.
1321 3386 1377 3440 2.
1407 3387 1523 3457 24).
1552 3387 1621 3441 Et
1659 3386 1885 3441 Paulus:
1919 3385 2113 3441 Sacra-

532 3487 753 3530 mcntum
782 3476 875 3530 hoc
918 3493 1157 3545 magnum
1191 3486 1261 3531 est
1291 3493 1311 3531 :
1343 3493 1434 3547 ego
1462 3485 1629 3529 autent
1654 3476 1770 3529 dico
1817 3476 1869 3530 in
1912 3475 2111 3531 Christo

528 3568 654 3622 etin
682 3567 912 3621 Ecclesia
936 3567 1158 3638 (Ephes.
1200 3568 1253 3622 5.
1291 3568 1403 3638 52).
1435 3564 1567 3622 Cum
1614 3581 1742 3637 ergo
1782 3569 2013 3622 venisset
2056 3568 2109 3622 in

529 3656 647 3725 ejus
672 3657 1054 3723 habitaculum,
1083 3667 1141 3714 ct
1167 3673 1285 3712 eam
1318 3658 1609 3713 invenisset
1633 3656 1924 3724 sordidam,
1955 3672 2113 3728 squa-

529 3755 712 3823 lidam,
744 3754 961 3819 nudam,
1012 3755 1268 3824 sanguine
1315 3753 1677 3823 inquinatam,
1728 3754 1889 3819 lavit,
1940 3754 2107 3821 unxit,

528 3849 679 3913 aluit,
702 3856 850 3902 veste
878 3846 1071 3910 induit,
1094 3846 1179 3900 cui
1206 3861 1385 3914 parem
1410 3845 1648 3899 invenire
1673 3861 1777 3900 non
1808 3845 1950 3899 licet.
1976 3844 2108 3898 Cum

533 3939 647 4007 ipse
674 3937 773 4007 ipsi
802 3936 993 3991 fuisset
1021 3935 1408 3999 indumentum,
1442 3950 1558 3989 eam
1598 3935 1857 3989 sublatam
1899 3949 2110 3989 sursum

529 4030 609 4084 sic
648 4026 816 4083 ducit.
849 4027 908 4081 Ei
940 4035 1120 4096 parata
1145 4035 1229 4081 est
1271 4025 1560 4110 hereditas.
1586 4024 1722 4093 Quid
1751 4040 1880 4097 ergo
1904 4025 1972 4080 de
1998 4026 2110 4095 ipsa

536 4120 663 4174 dicit
692 4119 993 4190 propheta?
1037 4119 1197 4173 Multa
1230 4136 1243 4172 :
1275 4126 1359 4173 est
1404 4118 1546 4173 enim
1594 4120 1710 4189 ejus
1754 4129 2025 4190 patronus,
2056 4129 2112 4175 et

530 4211 697 4266 multa
724 4225 906 4265 eorum
948 4224 1066 4280 quae
1091 4209 1141 4264 ei
1182 4222 1304 4265 sunt
1331 4220 1586 4263 eventura
1639 4209 1881 4279 praedixit
1901 4220 1954 4266 et
1982 4226 2108 4281 pro-

528 4304 778 4359 clamavit
804 4321 819 4358 :
850 4301 1298 4373 quemadmodum
1325 4300 1393 4356 de
1422 4316 1640 4370 sponso,
1671 4302 1742 4358 de
1769 4304 2110 4373 sponsalibus

527 4409 583 4451 et
623 4395 945 4451 deductione
990 4393 1057 4447 ad
1103 4406 1378 4462 Sponsum,
1421 4392 1488 4447 de
1534 4392 1687 4447 bonis
1729 4409 1847 4462 quae
1896 4403 2022 4450 sunt
2058 4395 2107 4450 ei

531 4494 809 4542 eventura.
853 4480 1141 4554 Propterea
1186 4482 1274 4536 hic
1302 4482 1462 4537 etiam
1512 4499 1605 4551 pro
1632 4483 1746 4552 ipsa
1776 4485 2024 4554 loquitur,
2054 4494 2111 4543 et

529 4576 814 4647 incipiens,
842 4574 981 4629 sicut
1011 4574 1098 4628 isti
1148 4574 1355 4644 patroni
1402 4584 1458 4628 et
1487 4584 1727 4629 oratores
1772 4576 1827 4630 iu
1871 4576 2106 4646 judiciis,

530 4666 664 4747 dicit
679 4681 966 4738 quemnam
991 4682 1086 4722 sua
1106 4667 1348 4723 oratione
1367 4665 1639 4731 defendat,
1659 4682 1852 4738 nempe
1871 4684 1930 4724 se
1949 4670 2107 4726 verba

534 4757 708 4813 facere
754 4756 861 4811 Pro
886 4772 946 4810 ea
970 4772 1084 4826 qua:
1128 4756 1455 4813 hereditatem
1498 4758 1703 4833 accipit.
1747 4758 1887 4826 Quid
1929 4768 2107 4816 autem

535 4858 681 4920 petat
734 4852 892 4905 heres
943 4849 1051 4916 illa,
1097 4848 1395 4905 audiamus.
1440 4850 1496 4904 2.
1542 4850 1701 4906 Verba
1748 4868 1858 4907 mea
1904 4853 2109 4909 auribus

536 4943 754 5013 percipe,
784 4940 1019 4996 Domine.
1048 4942 1314 5012 Sponsum
1347 4953 1498 4998 vocat
1542 4944 1857 5010 Dominum;
1900 4944 2003 5001 hoc
2027 4957 2110 5001 est

532 5034 677 5090 enim
715 5047 927 5103 sponsae
955 5031 1092 5103 frugi
1132 5031 1387 5088 ofﬁcium.
1417 5034 1472 5089 Si
1500 5050 1728 5106 namque
1755 5036 1856 5093 hoc
1881 5037 1940 5091 lit
1963 5038 2015 5092 iu
2046 5039 2111 5093 iis

531 5126 621 5198 qui
648 5131 773 5180 sunt
798 5123 1035 5192 ejusdem
1053 5123 1396 5191 substantiae,
1428 5135 1484 5181 et
1511 5142 1644 5181 uxor
1677 5128 1925 5182 maritum
1953 5137 2109 5185 vocat

532 5220 807 5275 dominum
834 5235 849 5272 :
876 5217 1043 5272 multo
1086 5217 1258 5287 magis
1306 5218 1358 5272 in
1403 5218 1617 5275 Christo
1665 5229 1720 5275 et
1754 5221 1807 5276 in
1847 5223 2106 5291 Ecclesia,

534 5311 628 5366 ubi
657 5318 738 5366 est
777 5310 940 5365 etiam
982 5318 1168 5364 natura
1202 5308 1474 5366 Dominus.
1518 5310 1592 5365 Ita
1627 5327 1756 5383 ergo
1790 5327 1912 5368 eum
1955 5324 2110 5371 vocat

599 5462 615 5495 ¹
652 5470 789 5527 Βθεη
813 5469 864 5513 ιιι
881 5462 1042 5527 sponsi
1062 5462 1298 5515 virtutem.

598 5545 672 5603 (a)
702 5544 890 5613 scilicet
918 5545 1000 5607 qui
1039 5548 1222 5613 animas
1257 5546 1441 5597 Christo
1477 5547 1736 5610 desponsat
1760 5562 1774 5599 ε
1797 5556 1851 5600 ιιι
1886 5550 1993 5612 ipse
2022 5554 2108 5612 ait,

540 5606 780 5716 msbpmdi
798 5606 925 5654 enim
944 5606 1024 5656 vos
1046 5606 1129 5656 uni
1158 5609 1278 5664 viro.
1311 5617 1405 5659 etc.

600 5666 618 5716 l
661 5666 677 5716 l
705 5665 1021 5715 Frolesnasten
1046 5668 1122 5716 hic
1144 5678 1280 5716 vocat.
1321 5670 1405 5716 salt

600 5665 677 5727 (bl
705 5665 1021 5715 Frolesnasten
1046 5668 1122 5717 hic
1144 5678 1280 5719 vocat
1321 5670 1619 5720 Salomouem
1645 5685 1657 5719 :
1690 5675 1827 5723 locus
1844 5681 2013 5726 autem
2035 5682 2113 5726 est

538 5726 590 5777 ω
609 5726 827 5778 aulicis.
846 5732 978 5778 Hune
999 5740 1116 5777 vero
1140 5728 1299 5780 locum
1322 5744 1416 5780 non
1442 5732 1586 5781 etlert
1608 5739 1798 5796 Regius.

2240 463 2541 531 Dominum,
2569 481 2671 519 non
2696 474 2894 519 tantum
2926 476 2982 520 ut
3003 482 3280 534 sponsum,
3304 464 3394 521 sed
3421 466 3579 522 etiam
3607 477 3662 522 ιιι
3693 485 3820 524 rete

2237 554 2607 621 Douiinunt,et
2627 570 2749 610 eum
2781 559 2845 610 ad
2880 571 3066 627 preces
3096 557 3390 612 audiendas
3417 557 3655 613 attrahit.
3674 561 3815 627 Quo-

2235 645 2374 698 niam
2401 639 2549 699 euim'
2572 655 2655 700 est
2680 647 2727 700 ei
2756 649 3022 717 proposita
3052 646 3342 711 hereditas,
3374 648 3488 704 hmc
3512 659 3691 704 autem
3725 651 3816 705 be-

2231 732 2432 788 reditas
2458 733 2706 788 ctl‘eetum
2748 739 2986 802 sortitur,
3009 738 3053 791 si
3095 753 3213 806 quae
3242 737 3343 792 sibi
3386 750 3511 792 sunt
3542 754 3809 811 μηνίει-μω

2232 833 2378 877 recte
2408 822 2615 890 fecer-t,
2647 835 2764 879 orat
2792 834 2847 880 et
2885 828 3131 881 obsecrat
3179 837 3235 881 ut
3262 829 3310 881 ei
3358 843 3512 895 opem
3554 830 3718 895 ferat,
3761 840 3817 885 ut

2230 927 2351 982 qua:
2373 924 2495 967 sunt
2524 915 2795 984 proposita
2824 916 3083 981 perﬁciat,
3107 925 3163 972 et
3190 932 3293 970 non
3325 917 3535 972 excidat
3560 919 3627 974 ab
3656 925 3811 975 here-

2230 1001 2416 1057 ditate.
2452 1003 2587 1057 Dicit
2613 1005 2789 1074 itaque
2820 1022 2833 1059 :
2894 1005 3050 1059 Verba
3073 1023 3182 1060 mea
3211 1007 3419 1061 auribus
3444 1009 3667 1079 percipe,
3707 1009 3814 1064 (Ion

2230 1093 2387 1161 mine,
2411 1104 2466 1149 et
2490 1094 2595 1150 hoc
2621 1096 2751 1151 dicit
2778 1112 2898 1151 cum
2932 1098 3139 1161 liducia,
3161 1099 3411 1168 quoniam
3441 1115 3503 1153 ea
3534 1101 3663 1170 petit
3690 1119 3809 1172 qua:

2229 1185 2345 1255 ipse
2374 1186 2535 1241 etiam
2567 1186 2696 1242 dare
2726 1189 2910 1259 cupit:
2938 1191 3383 1259 quemadmodum
3413 1191 3458 1245 si
3483 1193 3604 1262 quis
3623 1209 3683 1248 ea
3718 1212 3811 1263 pe—

2230 1286 2305 1331 tat
2326 1293 2445 1348 quae
2472 1294 2539 1334 eo
2566 1281 2655 1350 qui
2687 1282 2756 1337 sit
2784 1281 3005 1337 daturus
3049 1282 3261 1353 indigna
3307 1292 3454 1351 sunt,
3488 1300 3593 1340 non
3620 1297 3811 1356 potest

2227 1384 2343 1423 eam
2368 1379 2548 1439 petere
2576 1372 2826 1440 gratiam.
2856 1372 3082 1439 Quando
3107 1384 3224 1427 orat
3255 1373 3516 1430 adversus
3545 1377 3805 1445 inimicos,

2226 1461 2439 1530 quando
2474 1461 2733 1518 adversus
2762 1479 2857 1519 eos
2880 1464 2972 1536 qui
3017 1464 3259 1520 molestia
3298 1467 3469 1536 aliqua
3497 1468 3805 1531 affecerunt,

2226 1565 2290 1604 ea
2329 1566 2433 1605 non
2481 1561 2605 1606 sunt
2645 1555 2803 1608 verba
2847 1553 3098 1621 hominis,
3141 1555 3234 1610 sed
3280 1555 3498 1611 diaboli.
3528 1559 3585 1614 Si
3626 1558 3808 1627 jurare

2226 1641 2370 1697 enim
2396 1650 2480 1697 est
2507 1658 2537 1697 a
2567 1643 2779 1698 diabolo
2827 1645 3017 1715 (Quod
3061 1647 3204 1701 enim
3255 1658 3325 1702 est
3374 1648 3453 1701 his
3504 1651 3745 1720 amplius,
3776 1669 3809 1703 ιι

2225 1730 2360 1785 malo
2384 1730 2492 1802 est)
2518 1732 2736 1804 (Matth.
2767 1735 2821 1790 5.
2851 1735 2967 1805 '57),
2996 1737 3201 1791 clarum
3231 1748 3311 1792 ρει
3338 1738 3479 1808 quod
3507 1740 3665 1795 etiam
3697 1757 3808 1810 pte-

2223 1821 2335 1876 cari
2360 1822 2614 1878 adversus
2645 1825 2909 1881 inimicos.
2936 1826 2991 1883 Si
3027 1843 3155 1898 ergo
3179 1827 3347 1891 dicas,
3388 1828 3546 1883 Verba
3573 1848 3687 1885 mea
3717 1850 3807 1884 au-

2223 1913 2359 1969 ribus
2383 1917 2601 1986 percipe,
2616 1915 2702 1971 die
2722 1932 2783 1971 ea
2811 1917 2971 1971 verba
2990 1900 3108 1987 quae
3133 1929 3256 1973 sunt
3282 1919 3512 1974 hominis
3538 1924 3802 1977 mansueti

2222 2020 2287 2060 ac
2316 2005 2556 2071 humani,
2589 2016 2642 2062 et
2668 2008 2760 2078 qui
2791 2009 2925 2063 nihil
2956 2010 3114 2064 habet
3140 2010 3482 2066 diabolicum.

2292 2097 2345 2152 ὅ.
2389 2096 2567 2162 Qualis
2619 2099 2685 2152 sit
2728 2113 2845 2153 vera
2873 2100 3054 2167 oratio,
3092 2109 3138 2154 et
3192 2104 3407 2171 qualiter
3450 2104 3518 2156 ad
3554 2106 3800 2160 orandum

2220 2203 2311 2240 nos
2370 2188 2657 2256 comparari
2715 2198 2960 2258 oporteat.
3013 2218 3087 2231 —-
3156 2209 3177 2243 ι
3238 2190 3475 2263 Intellige
3532 2194 3801 2249 clamorem

2220 2296 2403 2334 meum.
2440 2299 2461 2327 ι
2492 2280 2792 2336 Clamorem
2822 2281 2908 2336 hic
2933 2282 3080 2346 dicit,
3111 2299 3215 2337 non
3242 2286 3385 2338 vocis
3406 2286 3751 2343 intentioiiem
3780 2330 3797 2353 ,

2216 2368 2313 2424 sed
2361 2370 2551 2423 mentis
2587 2370 2940 2426 all'ectionem.
3001 2371 3132 2427 Nam
3185 2375 3317 2429 Mosi
3391 2376 3553 2429 etiam
3605 2381 3798 2433 tacenti

2218 2458 2352 2513 dixit
2380 2476 2394 2513 :
2427 2459 2564 2524 Quid
2587 2460 2777 2517 clamas
2806 2462 2875 2515 ad
2896 2479 2974 2515 me
2993 2462 3182 2533 (Exod.
3220 2466 3284 2519 14
3344 2464 3473 2537 l5)?
3502 2466 3615 2521 Non
3642 2469 3795 2535 dixit,

2216 2549 2352 2617 Quid
2382 2564 2505 2603 oras
2525 2549 2591 2604 ad
2614 2552 2740 2605 me?
2759 2551 2851 2606 sed
2873 2593 2887 2615 ,
2919 2551 3055 2619 Quid
3080 2554 3268 2608 clamas
3309 2556 3376 2609 ad
3404 2573 3483 2611 me
3500 2558 3527 2611 .9
3548 2560 3795 2628 quoniam

2216 2655 2335 2697 cum
2358 2642 2657 2696 vehementi
2692 2642 2882 2699 aﬂ‘ectu
2930 2643 2997 2699 ad
3050 2658 3170 2700 eum
3219 2658 3536 2702 accesserat.
3578 2649 3645 2705 Ut
3668 2666 3798 2721 ergo

2215 2731 2380 2786 scires
2404 2732 2489 2787 hic
2510 2748 2721 2802 quoque
2752 2749 2857 2787 non
2882 2735 2984 2789 dici
3016 2735 3304 2790 clamorem
3334 2778 3349 2804 ,
3379 2738 3471 2793 sed
3503 2741 3695 2795 mentis
3720 2743 3796 2794 al-

2214 2822 2520 2888 l’ectioneut,
2545 2831 2602 2879 et
2625 2826 2891 2881 intensum
2930 2826 3189 2892 studium,
3231 2843 3337 2883 non
3364 2828 3535 2886 dixit:
3566 2831 3795 2887 Auribus

2214 2914 2430 2984 percipe
2470 2915 2756 2971 clamorem
2810 2932 3031 2973 meum:
3064 2919 3157 2973 sed
3206 2920 3370 2988 quid?
3417 2920 3794 2993 lntcllige,ltoc

2214 3015 2319 3072 est,
2351 3005 2523 3060 Disce.
2583 3006 2695 3061 Etsi
2739 3008 2881 3061 enim
2927 3007 3171 3065 humanis
3228 3012 3401 3066 verbis
3444 3027 3572 3068 usus
3605 3025 3706 3078 est,
3738 3016 3791 3070 in

2216 3097 2344 3167 ipsis
2371 3107 2545 3150 tamen
2575 3098 2750 3151 verbis
2773 3098 3016 3155 lnuuanis
3042 3100 3182 3169 quod
3206 3111 3350 3156 recte
3375 3113 3794 3172 repraesentatur

2214 3187 2494 3255 signiﬁcat.
2528 3185 2739 3241 Intende
2763 3189 2870 3241 voci
2891 3190 3272 3260 supplicationis
3284 3209 3424 3247 meae.
3457 3194 3591 3250 Dicit
3609 3210 3792 3252 rursus

2215 3290 2401 3330 vocem
2427 3275 2712 3331 internum.
2764 3278 2837 3332 lta
2892 3280 3051 3334 etiam
3090 3281 3353 3336 clamabat
3397 3285 3545 3339 Anna
3598 3287 3662 3341 Et
3685 3303 3791 3342 non

2213 3362 2346 3419 dixit
2387 3365 2701 3434 simpliciter
2739 3378 2794 3422 et
2837 3368 3100 3436 absolute,
3149 3370 3366 3427 intende
3388 3373 3504 3427 voci
3539 3377 3793 3432 orationis

2214 3468 2369 3519 metr,
2401 3454 2514 3521 sed,
2553 3454 2951 3526 Supplicationis
2981 3457 3145 3531 mea:(
3173 3460 3226 3515 1.
3255 3460 3382 3532 Reg.
3411 3462 3460 3516 1.
3498 3465 3563 3519 15
3589 3462 3629 3535 ).
3658 3465 3790 3519 Eunt

2212 3546 2353 3602 enim
2381 3547 2469 3617 qui
2499 3557 2636 3616 orat,
2666 3556 2877 3619 oportet
2904 3559 2959 3605 et
2990 3550 3225 3606 habitum
3254 3561 3309 3608 et
3334 3566 3568 3611 mentem
3590 3558 3791 3627 suppli~

2213 3638 2292 3692 cis
2314 3637 2553 3693 induere.
2587 3639 2684 3706 Qui
2713 3641 2854 3694 enim
2876 3641 3098 3710 supplex
3120 3652 3219 3707 est,
3254 3659 3358 3697 non
3391 3645 3610 3700 adhibet
3635 3647 3789 3701 verba

2213 3733 2540 3784 accusatoris
2574 3732 2696 3800 :qui
2746 3741 2922 3787 autem
2966 3733 3185 3789 inimico
3229 3736 3367 3790 male
3411 3746 3793 3805 preeatur,est

2214 3830 2496 3875 accusator
2547 3822 2743 3889 potius,
2799 3838 2956 3891 quam
2991 3826 3234 3893 supplex.
3291 3826 3477 3881 Vidisti
3523 3828 3790 3896 quomodo

2213 3911 2504 3966 orationem
2534 3911 2726 3977 attulit,
2748 3914 2960 3981 quando
3000 3930 3116 3969 eam
3146 3915 3267 3971 fecit
3291 3916 3501 3986 dignam
3530 3933 3649 3988 qua:
3689 3933 3789 3972 au-

2212 4002 2458 4058 diretur?
2486 4004 2563 4058 lta
2603 4005 2761 4059 etiam
2810 4021 2910 4061 nos
2948 4009 3160 4077 quando
3189 4024 3437 4075 oramus,
3466 4019 3521 4064 et
3546 4011 3789 4065 volumus

2213 4094 2474 4160 exaudiri,
2496 4110 2612 4150 eam
2640 4098 2866 4166 primum
2894 4099 2963 4152 ita
2985 4114 3353 4169 comparemus
3375 4142 3388 4161 ,
3415 4111 3471 4155 ut
3500 4102 3569 4155 sit
3596 4102 3793 4172 oratio,

2213 4197 2269 4241 et
2298 4200 2403 4241 non
2432 4188 2721 4255 accusatio,
2747 4200 2800 4244 et
2826 4191 2948 4245 latis
2971 4189 3038 4244 ab
3062 4205 3128 4246 eo
3156 4191 3356 4261 legibus
3381 4195 3788 4252 convenientem

2211 4293 2328 4331 eam
2361 4278 2777 4333 iutroducaums.
2802 4280 2913 4334 Rea:
2926 4297 3065 4336 meus
3092 4291 3136 4335 et
3158 4281 3292 4336 Deus
3312 4299 3472 4338 meus.
3503 4284 3652 4351 Quod
3676 4285 3786 4341 ire-

2211 4377 2437 4439 quenter
2465 4369 2587 4425 dicit
2617 4371 2894 4439 propheta,
2920 4374 3000 4426 vel
3032 4374 3205 4442 potius
3248 4375 3387 4445 qttod
3419 4387 3535 4431 erat
3563 4378 3788 4433 Abraba:

2211 4461 2462 4514 eximium
2486 4461 2818 4529 attributum,
2864 4471 2922 4517 ut
2953 4463 3081 4518 dicit
3120 4464 3313 4518 Paulus
3346 4484 3359 4519 :
3392 4466 3504 4531 Qua
3540 4469 3601 4521 de
3636 4485 3791 4524 causa

2213 4566 2313 4603 non
2335 4550 2575 4604 erubescit
2597 4550 2737 4604 Deus
2766 4554 2898 4606 Deus
2919 4569 3091 4607 eorum
3123 4556 3291 4608 vocari
3319 4553 3501 4626 (Hebr.
3540 4558 3624 4612 11.
3658 4559 3787 4628 16);

2213 4639 2314 4694 hoc
2342 4644 2455 4710 ipsa
2480 4641 2578 4696 sibi
2603 4643 3206 4711 πεδυιιιρείι,ἀεδίόετίυ
3258 4646 3479 4715 impulsa
3531 4648 3789 4717 pra-clare

2212 4732 2508 4800 usurpavit.
2539 4730 2655 4787 Non
2685 4733 2827 4787 enim
2852 4731 3021 4801 dixit,
3049 4733 3185 4801 Rex,
3219 4735 3462 4791 absolute
3482 4776 3499 4800 ,
3529 4737 3646 4803 sed,
3678 4739 3790 4795 Rea:

2212 4837 2349 4875 meus
2375 4829 2420 4875 et
2444 4818 2580 4876 Deus
2619 4838 2777 4888 meas,
2801 4837 3036 4878 amorem
3083 4838 3236 4880 suum
3289 4825 3546 4881 iudicans.
3592 4828 3792 4885 Deinde

2211 4909 2366 4965 aliert
2392 4926 2600 4981 causas,
2631 4923 2846 4982 propter
2871 4926 3001 4983 quas
3031 4915 3140 4967 vult
3165 4930 3281 4969 eam
3326 4916 3585 4970 exaudiri.
3626 4916 3786 4984 Qua:-

2211 5015 2337 5057 nam
2360 5010 2536 5057 autem
2562 5011 2684 5058 sunt
2703 5005 2826 5059 eae?
2852 5004 2908 5058 4.
2933 5003 3183 5070 Quoniam
3207 5006 3275 5058 ad
3292 5016 3339 5060 te
3357 5008 3527 5071 orabo,
3551 5008 3787 5067 Domine.

2211 5094 2359 5164 Quis,
2392 5095 2617 5166 inquies,
2651 5096 2813 5150 Deum
2842 5112 2946 5151 non
2974 5099 3128 5152 orat?
3149 5098 3289 5155 Multi
3315 5100 3788 5173 videnturquidem

2215 5186 2380 5241 Deum
2409 5200 2564 5241 orare
2594 5203 2608 5239 :
2634 5185 2729 5240 sed
2761 5185 2811 5241 id
2832 5185 3051 5252 faciunt,
3081 5197 3136 5241 ut
3171 5204 3230 5243 se
3273 5201 3541 5247 ostentent
3563 5192 3791 5248 homini-

2212 5275 2333 5331 bus.
2383 5275 2451 5331 At
2497 5291 2602 5330 nou
2652 5274 2766 5330 hate
2794 5296 2806 5331 :
2835 5276 2927 5331 sed
2972 5275 3039 5332 ad
3081 5277 3245 5335 Deum
3293 5280 3461 5348 ipsum
3500 5283 3789 5350 ferebatur,

2215 5366 2463 5421 humanis
2488 5365 2649 5421 rebus
2673 5366 2922 5422 omnibus
2950 5367 3206 5425 dimissis.
3238 5370 3391 5426 Mane
3423 5375 3659 5428 exaudire
3682 5390 3789 5445 .υο-

2213 5472 2320 5510 cem
2364 5470 2549 5510 meam.
2580 5454 2742 5510 Vides
2781 5455 3071 5514 vehemens
3106 5461 3363 5528 studium,
3404 5471 3458 5516 et
3498 5465 3789 5520 contritum

2213 5544 2483 5600 animum?
2508 5547 2552 5599 Λ
2585 5545 2842 5616 principio
2870 5547 2998 5618 diei,
3030 5549 3215 5621 inquit,
3264 5551 3367 5606 hoc
3400 5567 3518 5623 ago.
3560 5555 3793 5610 Audiaut

2216 5635 2307 5705 qui
2335 5642 2454 5705 post
2493 5636 2769 5691 innumera
2796 5652 2958 5708 opera
2990 5640 3201 5696 tandem
3248 5641 3467 5697 veniunt
3493 5644 3559 5698 ad
3587 5654 3786 5700 oratio-

2219 5742 2361 5784 neut.
2384 5729 2453 5783 At
2474 5743 2578 5784 non
2606 5731 2715 5801 ipsa
2742 5748 2755 5784 :
2781 5731 2871 5787 sed
2893 5732 2960 5788 ab
2981 5732 3129 5788 initio
3155 5733 3258 5788 diei
3284 5733 3444 5789 dabat
3466 5735 3577 5792 Deo
3607 5737 3797 5807 primi-
