4086 6214
533 289 606 346 85
1194 293 1254 348 S.
1293 293 1578 351 JOANNIS
1615 294 2107 352 CHRYSOSTOLH
2145 296 2472 352 ARCHIEP.
2513 298 3066 362 CONSTANTINOP.
3715 314 3781 366 66

533 403 705 475 αὕτη·
742 406 858 460 ἀλλ’
887 408 951 461 ἐκ
998 409 1296 480 προοιμίων
1329 411 1430 481 τῆς
1464 412 1676 483 ἡμέρας
1716 412 1815 475 τὰς
1851 409 2106 482 ἀπαρχὰς

532 488 701 544 ιδίδου
738 490 815 560 τῷ
844 489 980 561 Θεῷ.
1013 491 1112 545 Δεῖ
1137 493 1266 564 7&9,
1305 496 1456 565 φησι,
1499 494 1751 563 φθάνειν
1796 495 1904 548 τόν
1935 495 2114 562 ἣλιον

531 570 624 626 ἐπ’
673 573 1064 642 εὐχαριστίαν
1095 591 1248 640 σου,
1281 577 1379 631 καὶ
1418 577 1530 646 πρὸ
1573 577 1878 644 ἀνατολῆς
1917 580 2112 647 φωτός

531 653 925 724 ἐντυγχάνειν
962 673 1080 713 σοι.
1127 661 1200 713 Σὺ
1237 662 1291 714 δὲ
1325 662 1418 715 ἐπὶ
1467 663 1564 732 μὲν
1599 661 1862 732 βασιλέως
1906 663 2006 715 οὐκ
2043 664 2110 717 ἂν

530 736 784 807 ἀνάσχοιο
809 739 898 792 τὸν
925 741 1180 797 ἐλάττονα
1206 744 1310 815 πρὸ
1331 743 1424 797 σοῦ
1447 745 1783 816 προλαϐόντα
1803 747 2110 816 προσκυνῆ-

534 837 653 872 σαι·
685 823 800 875 νυνὶ
828 824 884 877 δὲ
939 825 1088 895 ἡλίου
1132 828 1555 898 προσκυνοῦντος
1609 828 1884 892 καθεύδεις
1925 829 2106 898 αὐτὸς,

531 906 627 959 καὶ
657 908 959 980 ἀναχωρεῖς
981 914 1044 981 τῇ
1071 913 1246 964 κτίσει
1271 913 1367 982 τῆς
1392 913 1678 984 προεδρίας
1702 926 1752 977 ⁸,
1776 914 1868 966 καὶ¹
1888 913 1947 966 ού
1981 913 2110 982 φθά-

531 1004 642 1051 νεις
661 987 876 1042 ἃπασαν
895 990 1125 1063 [551τὴν
1149 994 1321 1046 κτίσιν
1347 995 1443 1064 τὴν
1465 995 1550 1047 διὰ
1570 996 1627 1048 σὲ
1653 996 1967 1066 γενομένην,
1987 996 2108 1048 οὐδὲ

529 1069 791 1136 ἀποδίδως
831 1075 979 1144 αὐτῷ
1010 1076 1078 1128 τὰ
1123 1079 1544 1149 εύχαριστήρια,
1588 1079 1704 1133 ἀλλ’
1752 1080 2108 1152 ἀνιστάμενος

528 1154 622 1207 καὶ
658 1155 780 1224 ὄψιν
818 1158 1164 1227 περικλύζεις
1201 1161 1294 1213 καὶ
1323 1165 1530 1232 χεῖρας,
1566 1162 1664 1235 τὴν
1705 1163 1760 1216 δὲ
1805 1163 1981 1235 ψυχὴν
2012 1181 2108 1216 πε-

531 1239 714 1308 ριορᾷς
759 1239 1103 1308 ἀκάθαρτον;
1156 1243 1269 1296 Οὐκ
1316 1241 1495 1307 οἶσθα,
1536 1247 1616 1299 ὅτι
1656 1247 1905 1319 καθάπερ
1955 1248 2106 1302 ῦδατι

528 1318 704 1390 σῶμα,
735 1319 877 1374 οῦτω
900 1321 966 1374 δι’
991 1323 1155 1394 εὐχῆς
1184 1327 1217 1394 ή
1250 1325 1396 1399 ψυχὴ
1420 1329 1772 1400 καθαίρεται;
1800 1318 1968 1400 Νίιῖκον
1999 1332 2105 1384 τοί-

524 1418 618 1454 νυν
645 1403 750 1472 πρὸ
775 1403 866 1456 τοῦ
892 1402 1141 1474 σώματος
1166 1407 1263 1479 τὴν
1287 1409 1482 1480 ψυχήν.
1512 1412 1711 1465 Πολλαι
1747 1413 1915 1484 λῆμαι
1948 1431 2106 1486 προσ·

527 1484 767 1539 ίστανται
803 1488 939 1558 αὐτῇ
981 1489 1210 1552 κακίας·
1242 1492 1445 1556 ταύτας
1498 1493 1828 1564 ἀποθώμεθα
1865 1495 1954 1549 διὰ
1993 1484 2098 1567 τῆς

520 1568 776 1636 δεήσεως.
813 1569 910 1622 Ἂν
939 1571 1049 1640 γὰρ
1076 1571 1218 1625 οὕτω
1247 1573 1307 1627 τό
1342 1575 1514 1644 στόμα
1544 1579 1872 1648 τειχίσωμεν
1891 1618 1906 1640 ,
1938 1579 2102 1634 καλὸν

426 1681 432 1686 ι
522 1650 773 1733 θεμέλιον
809 1653 908 1721 τῆς
959 1654 1331 1726 καθημερινῆς
1373 1659 1624 1729 πράξεως
1667 1661 2098 1733 καταϐαλοῦμεν.

527 1732 598 1786 Τό
628 1734 778 1800 πρωῒ
801 1737 1267 1806 παραστήσομαι
1293 1755 1410 1801 σοι,
1440 1742 1538 1794 καὶ
1564 1743 1883 1813 ἐπόψομαι.
1909 1749 2102 1813 Παρα-

519 1815 823 1884 στήσομαί
851 1832 968 1883 σοι,
1007 1821 1065 1873 ού
1094 1821 1264 1892 τόπῳ,
1303 1825 1484 1893 φησὶν,
1515 1825 1628 1878 ἀλλ’
1655 1827 1856 1898 ἔργοις.
1902 1829 1960 1882 ’0
1990 1830 2100 1903 7&9

520 1899 758 1962 τοιοῦτος
790 1901 959 1986 ἐγγὺς
1004 1905 1256 1986 γενέσθαι
1299 1906 1518 1961 δύναται
1558 1909 1651 1962 τοῦ
1689 1910 1845 1965 Θεοῦ.
1892 1913 1965 1966 Τὸ
1992 1899 2100 1986 γὰρ

520 1982 686 2048 ἐγγὺς
717 1981 810 2067 καί.
832 1983 890 2036 τὸ
915 1985 1134 2056 μακρὰν
1165 1989 1412 2042 ἐντεῦθεν
1439 1991 1754 2061 συμϐαίνει·
1780 1995 1809 2046 ό
1837 1994 1942 2067 γὰρ
1968 1981 2100 2060 Θεὸς

518 2065 794 2134 πανταχοῦ
829 2069 966 2121 ἐστι.
1002 2071 1469 2142 Παραστήσομαί
1494 2093 1614 2138 σοι,
1644 2076 1743 2130 καὶ
1773 2065 2096 2149 ἐπόψομαι,

517 2145 607 2200 ὅτι
633 2150 768 2234 οὐχὶ
798 2151 942 2217 Θεὸς
963 2151 1155 2206 θέλων
1183 2155 1442 2224 ἀνομίαν
1470 2157 1550 2211 σὺ
1576 2155 1647 2213 εἷ.
1672 2145 1907 2232 Ἕτερος
1929 2145 2100 2234 ἑρμη-

517 2233 712 2312 νευτής
745 2249 912 2303 φησι·
952 2235 1058 2288 Καὶ
1089 2238 1404 2308 σκοπήσω,
1437 2239 1528 2294 ὅτι
1557 2243 1693 2312 οὐχί
1735 2246 1881 2312 Θεὸς
1907 2233 2100 2301 θέλων

516 2311 773 2381 ἀνομίαν
813 2315 893 2369 σὺ
923 2317 995 2370 εἴ.
1036 2318 1189 2372 Οὐδὲ
1229 2323 1583 2393 παροικήσει
1631 2311 1729 2380 σοι
1774 2311 2099 2396 πονηρευό-

509 2411 714 2464 μενος.
775 2397 1035 2453 Ἐνταῦθα
1079 2401 1148 2454 τά
1177 2401 1368 2457 εἴδωλα
1397 2407 1687 2462 αἰνίττεται
1711 2428 1725 2441 ·
1760 2411 1841 2464 ὅτι
1889 2411 2098 2476 τούτοις

514 2479 753 2563 ἔχαιρον,
787 2482 882 2535 καὶ
921 2486 1234 2558 παρανομίᾳ
1279 2490 1449 2563 πάσῃ,
1485 2491 1580 2544 καὶ
1618 2496 1730 2557 τοῖς
1759 2495 1939 2559 ἄλλοις
1986 2497 2097 2560 τοῖς

515 2562 572 2614 ἐν
599 2564 834 2635 πονηρίᾳ
869 2565 1208 2637 πράγμασιν.
1251 2562 1410 2625 Οὐδὲ
1445 2576 1800 2642 παροικήσει
1843 2597 1941 2634 σοι
1988 2592 2096 2632 πο-

511 2647 937 2714 νηρευόμενος.
969 2650 1082 2702 Οὐκ
1112 2650 1260 2704 ἔσται
1286 2670 1389 2718 σοι,
1423 2658 1575 2725 φησι,
1613 2658 1782 2726 φίλος,
1809 2661 1910 2714 οὐκ
1942 2661 2093 2716 ἔσται

514 2745 598 2810 σοι
622 2727 862 2797 πλησίον.
888 2731 1042 2784 Οὐδὲ
1061 2733 1412 2803 διαμενοῦσι
1433 2740 1760 2810 παράνομοι
1776 2742 2094 2798 κατέναντι

510 2807 632 2894 τῶν
659 2811 983 2882 ὀφθαλμῶν
1014 2829 1152 2869 σου.
1194 2817 1267 2870 Τὸ
1311 2807 1678 2894 μισοπόνηρον
1717 2825 1811 2878 τοῦ
1841 2825 1976 2878 Θεοῦ
2007 2828 2094 2880 ἐν-

509 2892 684 2946 ταῦθα
722 2895 988 2960 δείκνυσι,
1017 2897 1284 2954 διδάσκων
1317 2906 1443 2968 τοὺς
1473 2892 1641 2974 ἐγγῦς
1678 2909 1843 2962 αὑτοῦ
1872 2911 2094 2980 γινομέ-

507 2993 632 3039 νους
671 2977 944 3043 τοιούτους
985 2981 1213 3046 ἑαυτοὺς
1252 2990 1719 3054 κατασκευάζειν,
1747 2991 1822 3054 ὼς
1846 2977 1946 3046 οῦκ
1971 2993 2090 3045 ἐνὸν

507 3060 682 3126 ἄλλως
711 3063 961 3130 γενέσθαι
995 3065 1180 3133 ἐγγύς.
1214 3069 1277 3119 EE
1305 3070 1416 3140 7&9
1442 3071 1714 3144 ἀνθρώπῳ
1747 3075 1967 3146 χρηστῷ
1991 3076 2091 3130 οὐκ

507 3146 575 3200 ἂν
599 3162 686 3208 τις
712 3146 927 3200 δύναιτο
953 3149 1206 3215 γενέσθαι
1232 3150 1479 3223 πλησίον,
1505 3157 1619 3218 τοῖς
1639 3158 1862 3228 τρόποις
1886 3159 2092 3231 διεστη-

503 3226 621 3291 κὼς
654 3229 841 3294 αὑτοῦ,
877 3230 1056 3302 πολλῷ
1091 3232 1290 3302 μᾶλλον
1322 3235 1516 3307 τούτῳ.
1541 3226 1801 3312 Ὅτι-γὰρ
1838 3226 2089 3297 δύνανται

506 3311 776 3380 ἐναρέτων
804 3315 1012 3385 ἀνδρῶν
1041 3316 1208 3384 ἐγγὺς
1227 3318 1481 3385 γενέσθαι
1509 3322 1556 3373 οί
1589 3311 1836 3393 πονηροὶ,
1859 3325 2089 3380 ἄκουσον

505 3395 558 3447 τί
607 3413 737 3463 φασι
772 3399 900 3467 περὶ
930 3397 1025 3451 τοῦ
1065 3399 1307 3454 δικαίου·
1349 3403 1547 3470 Βιιρύς
1587 3405 1758 3460 ἐστιν
1793 3407 1938 3476 ἡμῖν
1990 3410 2089 3463 καὶ

509 3477 900 3545 βλεπόμενος.
948 3481 1104 3535 Οὕτω
1149 3484 1244 3537 καὶ
1289 3485 1572 3558 Ἰωάνννης
1616 3489 1678 3542 τὸ
1718 3489 2086 3564 δεσμωτήριον

501 3561 670 3615 εἰκῶν
703 3563 796 3616 καὶ
824 3564 898 3636 μὴ
923 3565 1199 3637 ὁρώμενος
1231 3568 1418 3623 ἐλύπει
1458 3573 1556 3642 τὴν
1599 3573 1899 3644 Ἡρωδιάδα
1922 3593 1935 3607 ·
1960 3561 2087 3631 καί·

500 3665 585 3702 τοι
616 3649 866 3704 τοσοῦτον
915 3653 1079 3706 αὐτοῦ
1123 3655 1444 3728 ἀφειστήκει
1481 3661 1542 3712 τὸ
1575 3660 1814 3730 γύναιον·
1853 3666 1989 3734 μετά
2029 3666 2085 3720 δὲ

499 3735 600 3808 τὴν
629 3738 902 3810 τελευτὴν,
935 3743 1029 3794 καὶ
1053 3742 1146 3795 τοῦ
1169 3746 1433 3816 τυράννου
1464 3748 1584 3801 τότε
1622 3751 1829 3805 ἐκείνου
1866 3753 1928 3805 τὸ
1959 3771 2084 3808 συν-

501 3825 640 3890 ειδὸς
664 3827 930 3883 κατέσειε.
966 3831 1171 3900 Μηδεὶς
1207 3831 1387 3886 τοίνυν
1423 3835 1530 3887 τῶν
1563 3839 1620 3890 ἐν
1663 3839 1834 3910 ἀρετῇ
1866 3839 2083 3904 ζώντων

501 3913 740 3984 ἡγείσθω
777 3931 829 3966 τι
859 3917 1088 3986 πάσχειν
1119 3918 1312 3983 δεινὸν,
1340 3921 1440 3974 κᾶν
1483 3923 1901 3996 ὲπιϐουλεύηται
1933 3930 2082 3998 παρά

499 3998 608 4052 τῶν
639 3999 912 4071 πονηρῶν.
949 4004 1010 4056 Ol
1037 4003 1144 4075 7&9
1179 4006 1478 4076 πάσχοντες
1503 4013 1689 4076 κακῶς
1723 4015 1773 4067 οἱ
1803 4016 2082 4081 ποιοῦντές

499 4087 655 4140 εἰσιν.
693 4087 1026 4158 Ἐμίσηο-ας
1055 4092 1288 4159 πάντας
1317 4095 1457 4161 τοὺς
1512 4097 1939 4169 ἐργαζομένους
1966 4105 2081 4174 τὴν

498 4174 775 4242 ἀνομίαν,
839 4178 1087 4245 ἀπολεῖς
1145 4181 1376 4249 πάντας
1424 4185 1567 4250 τοὺς
1615 4190 1960 4258 λαλοῦντας
2011 4193 2079 4247 τό

497 4261 742 4329 ψεῦδος.
777 4264 990 4332 Ἄνδρα
1015 4267 1276 4336 αίμάτων
1311 4271 1409 4322 καὶ
1435 4273 1644 4327 δόλιον
1663 4277 2079 4338 ,βδελύσσεται

498 4348 730 4414 Κύριος.
773 4348 956 4402 Ταῦτα
991 4350 1235 4418 λέγεται,
1279 4355 1377 4424 ούχ
1420 4357 1504 4409 ἵνα
1537 4359 1858 4433 ἀκούσωμεν
1894 4367 2074 4436 μόνον,

496 4431 608 4485 ἀλλ’
641 4432 725 4486 ἵνα
749 4435 841 4487 καὶ
864 4435 1245 4507 παιδευώμεθα
1267 4441 1294 4478 b
1316 4441 1488 4496 ταῦτα
1509 4447 1748 4517 συνεχῶς
1766 4449 2074 4520 ἀκούοντες,

496 4521 591 4573 καὶ
619 4520 696 4592 τῷ
720 4523 904 4593 τρόπῳ
929 4524 1022 4576 τοῦ
1055 4527 1290 4595 νυμφίου
1322 4530 1691 4602 ἁρμόζεσθαι,
1733 4538 1826 4590 καλΙ
1852 4541 2076 4610 πλησίον

494 4607 659 4661 αὑτοῦ
689 4609 954 4677 γίνεσθαι.
972 4611 1082 4700 ,Ὡς
1107 4612 1171 4666 ἂν
1203 4614 1276 4686 μὴ
1299 4616 1471 4670 ταῦτα
1500 4615 1555 4691 ᾖ.
1588 4607 1957 4697 ἐρημούμεθιί
1977 4629 2074 4700 τῆς

492 4694 698 4748 ἄνωθεν
727 4696 920 4766 ῥοπῆς,
941 4691 1002 4750 οὗ
1027 4699 1178 4752 οὐδὲν
1201 4703 1267 4754 ἂν
1289 4704 1498 4771 γένοιτο
1520 4691 1720 4779 χεῖρον.

561 4782 625 4835 δ’.
653 4785 979 4853 Ἐμίσησας
1023 4787 1256 4878 πάντας
1301 4793 1444 4861 τοὺς
1493 4797 1920 4872 ἐργαζομένους
1956 4807 2074 4878 τὴν

491 4867 765 4937 ἀνομίαν·
793 4871 895 4926 κᾶν
921 4871 1179 4949 δοῦλος
1212 4880 1366 4950 φησὶ,
1395 4882 1498 4936 κᾶν
1527 4867 1943 4960 ἐλεύθεροςριάν
1975 4867 2072 4966 βὰ-

493 4957 692 5020 σιλεὺς,
735 4959 839 5012 κᾶν
866 4961 1132 5017 ὁστισοῦν.
1165 4964 1241 5019 Οὐ
1280 4967 1394 5040 γὰρ
1432 4971 1540 5025 ἀπὸ
1577 4973 1686 5028 τῶν
1717 4957 2066 5052 ἀξιωμάτων,

487 5045 602 5098 ἀλλ’
644 5047 752 5100 ἀπὸ
787 5049 886 5118 τῆς
937 5051 1136 5123 ἀρετῆς
1163 5057 1290 5118 τοὺς
1326 5058 1512 5126 φίλους
1548 5064 1820 5136 ἐγκρίνειν
1857 5045 1896 5120 ό
1937 5045 2068 5136 Θεὸς

487 5135 697 5189 εἴωθεν.
755 5138 894 5191 Ἀλλ’
929 5141 1117 5226 ἐπειδὴ
1160 5145 1346 5199 πολλοὶ
1381 5148 1490 5202 τῶν
1543 5155 1868 5226 παχυτέρων
1917 5135 2067 5216 οὐδὲν

485 5223 742 5293 ἡγοῦνται
776 5225 836 5280 τὸ
881 5230 1035 5297 μῖσος
1067 5225 1228 5298 εἶναι,
1259 5234 1486 5290 ἄκουσον
1532 5223 1651 5304 πῶς
1676 5223 1926 5314 ἐπήγαγε
1972 5251 2065 5303 καὶ

485 5309 758 5374 κολάσεως
805 5314 989 5382 φόϐον,
1038 5316 1240 5372 εἰπών·
1303 5321 1576 5392 Ἀπολεῖς
1634 5309 1884 5397 πάντας-
1923 5335 2065 5401 τοὺς

480 5396 823 5492 λαλοῦντας
845 5401 912 5454 τὸ
940 5402 1185 5470 ψεῦδος·
1212 5407 1301 5460 ἐπὶ
1326 5409 1386 5462 τὸ
1423 5413 1726 5486 παχύτερον
1752 5396 1860 5472 τῶν
1885 5396 2066 5492 ἀμαρξ

481 5483 789 5552 τανομένων
853 5487 942 5540 τὸν
992 5489 1146 5558 λόγον
1209 5498 1534 5564 μετατιθείς,
1601 5483 1676 5555 σὺ
1739 5506 1847 5577 γὰρ
1900 5483 2060 5580 μέχρι

543 5645 569 5725 ε
744 5649 824 5725 καί
847 5655 1143 5725 παραχωρεῖς
1163 5663 1219 5719 τῇ
1241 5660 1465 5725 προεδρίᾳ
1483 5668 1566 5720 τῆς
1593 5665 1810 5722 κτίσεως.

540 5703 567 5745 1³
592 5703 710 5770 ηεξ.
745 5711 824 5758 καὶ
843 5703 1076 5773 μάθωμεν.

2215 412 2309 466 τοῦ
2362 415 2552 484 μίσους
2596 420 2848 490 στήσεται
2890 421 2960 474 τὰ
3006 423 3102 492 τῆς
3135 415 3420 492 τιμωρίας,
3460 420 3638 476 καίτοι
3688 425 3782 477 καὶ

2211 502 2369 556 τοῦτο
2395 504 2600 575 ἄφατος
2629 508 2848 572 κόλασις
2867 527 2880 538 ·
2915 509 3050 562 ἀλλὰ
3080 511 3173 562 καὶ
3205 511 3411 573 πάντας
3438 509 3629 564 ἀπολεῖ
3655 511 3784 575 τοὺς

2211 589 2508 659 λαλοῦντας
2527 598 2587 649 τὸ
2603 596 2817 666 ψεῦδος.
2839 598 3029 652 Καίτοι
3052 598 3222 652 καὶτὸ
3241 600 3503 670 πρότερον
3523 598 3779 668 χαλεπὸν,

2211 680 2305 733 καὶ
2329 681 2550 754 γεέννης
2565 687 2762 756 χεῖρον,
2785 685 2845 738 τὸ
2863 687 3155 765 μισηθῆναι
3175 687 3320 756 παρά
3334 685 3488 738 Θεοῦ·
3517 684 3628 756 [54]
3648 683 3782 740 ἀλλά

2211 768 2347 839 πρὸς
2372 771 2470 840 μὲν
2483 776 2608 837 τοὺς
2636 774 2870 828 συνιέναι
2894 775 3220 846 δυναμένους
3245 777 3418 828 ἐκεῖνο
3433 774 3616 844 ἔθηκε·
3644 773 3781 844 πρὸς

2209 855 2264 908 δὲ
2301 859 2427 921 τοὺς
2449 861 2786 932 παχυτέρους
2819 863 2912 916 καὶ
2937 862 3093 916 τοῦτο
3118 861 3443 932 προσέθηκε.
3484 859 3576 930 Μὴ
3602 859 3780 942 τοίνμν

2210 943 2547 1016 θορυϐηθῇς,
2587 946 2860 1018 ἄνθρωπε,
2909 949 3042 1020 μηδὲ
3079 947 3376 1020 ταράττον,
3407 946 3627 1000 ἐπειδὰν
3666 945 3781 1018 ἴδῃς

2207 1031 2358 1097 τινὰς
2381 1034 2763 1106 ψευδομένους,
2796 1039 3158 1110 ἁρπάζοντας,
3185 1035 3654 1099 πλεονεκτοῦντας,
3684 1035 3780 1090 καὶ

2212 1119 2376 1191 μηδὲν
2424 1123 2731 1194 πάσχοντας
2767 1126 2966 1178 δεινόν·
3001 1126 3152 1179 ἔσται
3186 1126 3294 1195 γὰρ
3340 1125 3554 1186 πάντως
3598 1121 3776 1178 τοῦτο.

2207 1207 2443 1281 Τοιαύτη
2483 1211 2590 1282 7&9
2626 1215 2658 1284 ή
2701 1213 2794 1266 τοῦ
2828 1212 2962 1266 Θεοῦ
3000 1213 3188 1284 φύσις·
3221 1212 3621 1283 ἀποστρέφεται
3683 1226 3779 1264 πο-

2207 1296 2420 1365 νηρίαν,
2446 1302 2594 1366 μισεῖ
2613 1317 2670 1352 τε
2701 1299 2866 1371 αὐτὴν
2895 1301 3008 1360 ἀεὶ,
3037 1303 3130 1354 καὶ
3156 1299 3539 1370 ἀπεχθάνεται.
3559 1297 3695 1360 Τοὺς
3721 1296 3777 1349 δὲ

2205 1380 2494 1449 λαλοῦντας
2520 1387 2582 1439 τὸ
2617 1387 2809 1456 ψεῦδος
2850 1387 3083 1441 ἐνταῦθα
3109 1388 3255 1456 λέγει
3283 1387 3409 1449 τοὺς
3447 1387 3504 1438 ἐν
3545 1383 3777 1454 πονηρίᾳ

2206 1470 2473 1539 βιοῦντας,
2512 1477 2636 1539 τοὺς
2663 1476 2732 1529 τὰ
2759 1476 2928 1546 ψευδῆ
2968 1477 3268 1546 πράγματα
3304 1474 3618 1536 διώκοντας,
3651 1473 3775 1534 τοὺς

2203 1564 2332 1632 περὶ
2365 1563 2556 1632 ἡδονὰς
2577 1605 2592 1629 ,
2631 1567 2758 1629 τοὺς
2802 1566 2929 1637 περὶ
2966 1565 3404 1636 γαστριμαργίαν
3427 1601 3442 1628 ,
3477 1563 3604 1626 τοὺς
3650 1561 3777 1628 περὶ

2203 1648 2512 1716 πλεονεξίαν
2533 1653 2918 1724 ἐπτοημένους.
2946 1649 3066 1707 υἷδε
3087 1653 3194 1722 γάρ
3218 1653 3395 1706 πάντα
3415 1649 3586 1702 ταῦτα
3605 1648 3773 1720 ψεύδη

2202 1739 2406 1794 καλεῖν.
2451 1741 2664 1810 Ἄνδρα
2704 1743 2964 1811 αἱμάτων
2994 1743 3091 1796 καί
3121 1743 3330 1796 δόλιον
3365 1740 3775 1805 ,ϐδελύσσεται

2199 1826 2432 1894 Κύριος.
2456 1829 2558 1881 Τὸν
2578 1829 2796 1898 φονικὸν
2808 1829 3041 1885 ἐνταῦθά
3053 1847 3205 1900 φησι,
3225 1829 3317 1882 τὸν
3338 1827 3770 1888 ἐπιϐουλεύοντα,

2199 1913 2290 1966 τὸν
2304 1913 2554 1980 ὓπουλον,
2572 1919 2663 1971 τὸν
2684 1917 2817 1971 ἄλλα
2841 1919 2938 1990 μὲν
2954 1920 3044 1972 ἐπὶ
3069 1918 3330 1988 στόματος
3343 1917 3596 1988 φέροντα,
3613 1915 3698 1968 ἐτε
3707 1931 3774 1985 ρα

2198 2001 2254 2053 δὲ
2279 2004 2370 2056 ἐπὶ
2388 2004 2486 2075 τῆς
2510 2005 2762 2070 διανοίας,
2785 2007 2876 2060 τὸν
2899 2007 3276 2079 περικείμενον
3301 2006 3640 2076 προσωπεῖον
3657 2005 3776 2056 ἐπι-

2200 2091 2423 2156 εικείας,
2445 2094 2513 2146 τὰ
2535 2093 2592 2146 δὲ
2617 2093 2796 2148 λύκων
2815 2093 3276 2165 ἐπιδεικνύμενον,
3297 2089 3357 2147 οῦ
3383 2095 3561 2164 χεῖρον
3586 2091 3686 2143 οὐκ
3707 2085 3774 2143 ἂν

2199 2180 2406 2246 γένοιτο
2423 2181 2594 2234 οὐδέν.
2627 2183 2684 2235 '0
2700 2182 2797 2252 μὲν
2814 2182 2919 2254 7&9
2935 2182 3091 2252 δῆλος
3110 2180 3298 2252 ἐχθρὸς
3336 2183 3428 2234 καὶ
3440 2177 3774 2248 εὐφύλακτος

2197 2268 2390 2336 γένοιτ’
2423 2269 2506 2322 ἄν·
2535 2271 2564 2322 ό
2585 2270 2640 2323 δὲ
2671 2271 3063 2340 συγκαλύπτων
3091 2271 3188 2338 τὴν
3219 2269 3482 2341 πονηρίαν
3507 2267 3602 2320 καὶ
3625 2264 3770 2338 χρώ-

2201 2371 2360 2424 μενος
2391 2359 2459 2428 τῇ
2508 2357 2710 2428 κακίᾳ,
2743 2357 3092 2430 δυσφώρατος
3134 2357 3230 2422 ὢν,
3268 2355 3438 2410 πολλά
3481 2355 3772 2428 ἐργάζεται

2195 2443 2263 2497 τὰ
2293 2443 2457 2499 δεινά.
2510 2446 2609 2501 Διά
2639 2445 2795 2500 τοῦτο
2821 2447 2914 2501 καὶ
2951 2450 2980 2501 ό
3021 2446 3272 2518 Χριστὸς,
3307 2443 3468 2516 ἡνίκα
3492 2443 3558 2496 ἂν
3592 2459 3772 2513 παρα-

2195 2529 2460 2598 γίνοιντο,
2506 2533 2697 2604 νήφειν
2743 2534 3045 2592 ἐκέλευσεν.
3103 2536 3419 2602 Ἕρχονται
3473 2531 3582 2602 γὰρ
3622 2528 3771 2596 πρὸς

2193 2617 2349 2686 ὑμᾶς
2369 2621 2437 2672 ἐν
2456 2620 2746 2690 ἐνδύμασι
2766 2621 3090 2690 προϐάτων,
3115 2621 3340 2674 ἔσωθεν
3361 2617 3427 2672 δέ
3452 2621 3570 2672 εἰσι
3593 2618 3769 2672 λύκοι

2193 2707 2477 2780 ἅρπαγες.
2525 2709 2668 2779 Ἐγὼ
2709 2709 2779 2762 δὲ
2811 2710 2880 2764 ὲν
2913 2709 2994 2776 τῷ
3023 2708 3236 2776 πλήθει
3270 2703 3373 2762 τοῦ
3413 2707 3625 2772 ἐλέους
3653 2721 3769 2758 σου

2192 2799 2613 2868 είσελεύσομαι
2641 2801 2728 2865 είς
2758 2799 2866 2852 τὸν
2893 2795 3060 2852 οἶκόν
3095 2815 3232 2852 σου.
3279 2795 3496 2864 Ἐπειδὴ
3521 2794 3630 2865 γὰρ
3661 2792 3770 2848 ἀπὸ

2190 2888 2504 2960 τοιούτωνή
2549 2887 2842 2958 Ἐκκλησία
2870 2888 3198 2951 συνείλεκτο,
3239 2885 3524 2956 Ἑλλήνων,
3555 2885 3764 2953 μάγων.

2193 2975 2552 3046 ἀνδροφόνων,
2582 2978 2815 3047 γοήτων,
2840 2974 3108 3046 ψευστῶν.
3138 2973 3404 3038 ὑπούλων,
3439 2971 3560 3024 εἷπε
3583 2971 3662 3032 δὲ,
3686 2971 3768 3023 ὅτι

2195 3065 2372 3130 μισεῖς
2404 3064 2498 3117 καὶ
2530 3065 2866 3136 ἀποστρέφῃ,
2904 3062 3176 3128 δεικνῦσα,
3206 3063 3287 3115 ὅτι
3316 3061 3414 3130 οὐχ
3443 3058 3579 3130 αῦτη
3627 3058 3766 3111 κατὰ

2189 3149 2532 3222 δικαιοσύνην
2579 3153 2672 3204 καὶ
2722 3150 3148 3224 κατορθώματα,
3199 3149 3335 3204 ἀλλά
3385 3147 3526 3202 κατά
3579 3146 3766 3216 φιλαν-

2190 3235 2438 3308 θρωπίαν
2471 3239 2850 3310 ἀπαλλαγεῖσα
2882 3240 3103 3293 ἐκείνων
3137 3239 3217 3303 είς
3258 3238 3326 3291 τὰ
3369 3237 3622 3291 ἐνδὸτατα
3653 3237 3766 3289 elc-

2189 3326 2372 3395 ήγετο,
2389 3327 2667 3396 ἐπήγαγεν
2686 3345 2698 3358 ·
2747 3327 2894 3397 Ἐγὼ
2918 3327 2986 3381 δὲ
3005 3328 3074 3381 ἐν
3091 3325 3170 3392 τῷ
3191 3325 3406 3391 πλήθει
3427 3324 3533 3378 τοῦ
3553 3323 3764 3391 ἐλέους

2187 3429 2305 3467 σου
2333 3416 2755 3485 εἰσελεύσομαι
2789 3419 2874 3482 είς
2901 3415 3008 3468 τόν
3034 3411 3203 3468 οἶκόν
3220 3428 3355 3468 σου.
3395 3413 3512 3466 Ἱνα
3540 3411 3650 3482 γάρ
3683 3413 3758 3483 μή

2187 3516 2268 3563 τις
2300 3499 2430 3572 λέγῃ
2452 3518 2466 3535 ·
2510 3502 2630 3567 Πῶς
2655 3499 2748 3554 οὖν
2775 3504 2838 3556 σὺ
2866 3504 2898 3572 ὴ
2923 3501 2993 3554 τὰ
3021 3502 3114 3556 καὶ
3140 3502 3208 3554 τὰ
3238 3498 3587 3572 ἐργασαμένη
3622 3499 3758 3552 ἐσώ-

2188 3587 2319 3660 θης;
2384 3585 2505 3643 εἷπε
2559 3591 2650 3644 τὸν
2693 3591 2894 3660 τρόπον
2941 3591 3040 3660 τῆς
3082 3591 3374 3660 σωτηρίας,
3409 3589 3490 3642 ὅτι
3517 3589 3613 3641 Διά
3661 3587 3757 3658 τὴν

2185 3678 2384 3750 πολλὴν
2436 3680 2861 3750 φιλανθρωπίαν,
2910 3679 2998 3733 διὰ
3044 3679 3143 3750 τὴν
3193 3679 3398 3748 ἄφατον
3447 3677 3759 3747 ἀγαθότητα

2184 3766 2412 3838 ἐσώθην.
2459 3768 2594 3820 Ἀλλ’
2635 3768 2736 3820 είσί
2770 3785 2930 3830 τινες,
2978 3768 3026 3821 οἳ
3074 3767 3193 3822 οὐδὲ
3239 3767 3385 3821 ἔλεον
3420 3767 3760 3839 προσίενται,

2184 3855 2377 3909 ἀνίατα
2406 3855 2705 3919 νοσοῦντες,
2727 3851 2827 3909 οἷοι
2851 3852 2991 3928 ἦσαν
3012 3859 3058 3910 οἱ
3099 3857 3340 3910 Ἰουδαῖοι
3364 3876 3377 3888 ο
3410 3859 3442 3929 ή
3469 3855 3575 3927 γὰρ
3597 3857 3758 3926 χάρις

2185 3947 2275 3997 καὶ
2304 3947 2332 3998 ὁ
2360 3944 2526 4008 ἔλεος,
2561 3947 2663 4000 κᾶν
2695 3948 2852 4016 χάρις
2951 3949 3044 4001 καὶ
3069 3947 3236 4012 ἔλεος,
3262 3947 3396 4002 ἀλλὰ
3419 3948 3544 4010 τοὺς
3573 3947 3758 4016 βουλο·

2186 4033 2378 4102 μένους
2413 4033 2505 4086 καὶ
2540 4037 2698 4106 χάριν
2729 4035 2950 4106 ἔχοντας
2983 4037 3178 4101 σώζει,
3212 4039 3273 4090 ού
3318 4040 3442 4099 τοὺς
3484 4039 3758 4106 ἀφηκιῶνι

2180 4138 2281 4186 τας
2310 4123 2404 4177 καὶ
2438 4124 2514 4196 μὴ
2566 4124 2921 4196 βουλομένους
2950 4127 3202 4192 δέξασθαι
3249 4126 3346 4197 τὴν
3389 4127 3617 4199 δωρεὰν,
3651 4125 3755 4184 οἷοι

2179 4212 2468 4281 γεγόνασιν
2496 4217 2547 4268 οί
2595 4216 2855 4281 Ἰουδαῖοι,
2900 4217 3028 4288 περὶ
3060 4210 3134 4270 ὧν
3169 4216 3263 4270 καὶ
3305 4217 3514 4280 Παῦλος
3543 4217 3751 4288 ἔλεγεν,

2178 4301 2262 4354 ὅτι
2304 4303 2691 4372 Ἀγνοοῦντες
2717 4305 2832 4372 τὴν
2867 4306 2974 4359 τοῦ
3015 4305 3161 4360 Θεοῦ
3197 4305 3618 4376 δικαιοσύνην,
3652 4315 3750 4364 καὶ

2177 4387 2293 4457 τὴν
2319 4389 2478 4444 ἰδίαν
2516 4391 2908 4460 δικαιοσύνην
2937 4392 3248 4461 ζητοῦντες
3275 4394 3520 4465 στῆσαι,
3558 4399 3632 4469 τῇ
3663 4401 3750 4454 δι-

2176 4479 2472 4546 καιοσύνῃ
2507 4478 2612 4532 τοῦ
2648 4479 2794 4534 Θεοῦ
2820 4481 2933 4550 οὐχ
2959 4482 3367 4552 ὑπετάγησαν.
3403 4482 3532 4540 Εἶτα
3557 4489 3746 4563 ἐπειδὴ

2175 4561 2295 4619 εἶπε
2326 4566 2394 4618 τὰ
2422 4567 2513 4620 τοῦ
2544 4567 2699 4632 Θεοῦ,
2732 4569 2879 4637 λέγει
2907 4571 2999 4624 καὶ
3024 4572 3092 4625 τὰ
3124 4576 3254 4645 παρ’
3288 4576 3488 4646 ἑαυτῆς
3513 4595 3525 4608 ·
3554 4561 3747 4648 Προσέ

2175 4653 2422 4720 κυνήσω
2466 4657 2617 4725 πρὸς
2671 4657 2826 4712 ναὸν
2876 4659 3048 4730 ἅγιόν
3099 4674 3214 4715 σου
3265 4663 3335 4716 ὲν
3399 4667 3560 4733 φόϐῳ
3603 4681 3742 4722 σου.

2177 4742 2346 4795 Ὅταν
2374 4744 2482 4815 γὰρ
2511 4745 2731 4814 χάριτος
2760 4747 3071 4814 ἀπολαύσω,
3103 4751 3197 4803 κα)⁵
3215 4746 3289 4804 ⁷τά
3329 4755 3456 4824 παρ’
3502 4755 3744 4827 ἐμαυτῆς

2173 4833 2485 4902 εἰσενέγκω,
2536 4835 2736 4906 ταύτην
2786 4837 3002 4891 εῑσοίσω
3051 4858 3132 4893 σοι
3176 4841 3276 4912 τὴν
3325 4843 3534 4907 θυσίαν,
3571 4849 3742 4918 φησί’

2170 4921 2583 4988 Προσκυνήσω
2615 4924 2764 4992 πρὸς
2793 4927 2945 4979 ναόν
2979 4928 3150 4997 ἅγιόν
3175 4944 3292 4984 σου
3321 4931 3390 4984 ἐν
3417 4934 3578 5000 φόϐῳ
3601 4953 3739 4996 σου.

2173 5010 2247 5062 Ού
2289 5011 2540 5082 καθάπερ
2588 5013 2638 5065 οἱ
2689 5014 2875 5067 πολλοὶ
2923 5016 3032 5068 τῶν
3063 5018 3404 5088 εὐχομένων,
3450 5022 3735 5092 κνώμενοι,

2169 5097 2538 5168 χασμώμενοι,
2574 5102 2900 5169 ναρκῶντες,
2938 5102 3072 5158 ἀλλὰ
3112 5107 3247 5174 μετά
3282 5108 3446 5175 φόϐου
3491 5114 3584 5165 καὶ
3613 5114 3738 5184 τρό-

2172 5202 2296 5254 μου,
2329 5186 2511 5256 φησίν.
2561 5188 2617 5239 Ὀ
2646 5189 2754 5257 γάρ
2790 5189 2962 5251 οὕτως
2990 5191 3296 5260 εὐχόμενος,
3331 5199 3511 5252 πᾶσαν
3543 5202 3739 5255 κακίαν

2168 5273 2479 5326 ἀποτίθεται
2501 5313 2514 5336 ,
2562 5275 2695 5342 πρὸς
2742 5277 2920 5328 πᾶσαν
2950 5279 3150 5350 ἀρετὴν
3180 5291 3618 5354 χειραγωγεῖται,
3649 5291 3738 5343 τὸν

2166 5358 2297 5412 Θεὸν
2328 5360 2484 5413 ἵλεων
2510 5361 2829 5431 καθίστησιν
2863 5365 3059 5436 ἐαυτῷ.
3103 5371 3298 5438 Κύριε,
3331 5373 3640 5443 ὀδήγησόν
3662 5394 3737 5446 με

2163 5446 2233 5498 ἐν
2253 5445 2329 5514 τῇ
2345 5446 2700 5517 δικαιοσύνῃ
2723 5466 2840 5504 σου
2858 5451 3036 5506 ἕνεκα
3055 5453 3174 5510 τῶν
3196 5459 3424 5528 ἐχθρῶν
3437 5481 3575 5531 μου.
3605 5461 3737 5521 Εἷπε

2161 5540 2286 5600 τοὺς
2315 5538 2513 5609 ὕμνους
2547 5541 2639 5592 τοῦ
2673 5541 2828 5608 Θεοῦ,
2864 5546 2924 5598 τὸ
2959 5551 3354 5622 μισοπόνηρον,
3533 5555 3592 5610 τὸ
3618 5557 3738 5626 φιλ-

2163 5629 2467 5699 άνθρωπον,
2485 5631 2545 5682 τὸ
2567 5633 2940 5704 κηδεμονικὸν,
2965 5637 3084 5692 εἷπε
3105 5642 3201 5714 τὴν
3219 5645 3412 5715 ἑαυτῆς
3442 5650 3732 5720 σωτηρίαν,

2164 5715 2281 5777 εἶπε
2311 5719 2401 5775 τὸν
2432 5722 2631 5794 τρόπον
2677 5729 2798 5784 καθ’
2829 5731 2889 5786 ὃν
2935 5732 3111 5806 ἐσώθη
3139 5775 3152 5800 ,
3203 5734 3318 5790 εἷπε
3350 5737 3469 5793 τίνα
3501 5715 3642 5812 μετὰ
3674 5715 3734 5796 τδ
