4112 6224
438 234 506 290 85
1577 223 1935 282 EXPOSITIO
1974 223 2005 278 l2

2110 223 2394 280 ’SALMUM
2437 224 2499 286 v.
3631 229 3703 284 at;

438 356 558 400 tias.
610 345 814 408 Oportet
856 341 1022 402 enim,
1066 338 1261 409 inquit,
1306 338 1373 390 ad
1425 339 1617 408 gratias
1654 337 1742 391 tibi
1791 335 2016 402 agendas

434 439 590 493 solem
612 436 912 504 prarvenire,
939 442 984 486 et
1009 441 1128 485 ante
1145 442 1311 484 ortum
1328 430 1452 483 lucis
1472 437 1519 482 te
1542 428 1728 496 alloqui
1751 426 1905 499 (Sap.
1928 427 2015 479 l6.

433 529 551 594 28).
579 526 655 580 'l'u
683 535 988 579 autemnon
1022 521 1237 591 patiaris
1268 529 1322 574 ut
1341 521 1408 586 is,
1441 519 1528 588 qui
1577 528 1627 571 te
1666 516 1888 571 inferior
1924 516 2014 581 sit,

433 619 813 688 Imperatorem
839 625 966 669 ante
1007 623 1058 667 te
1086 611 1270 666 adoret
1301 631 1313 665 :
1348 624 1486 662 nunc
1533 617 1710 662 autem
1741 606 1856 661 sole
1891 604 2016 660 ado-

433 719 585 764 rante
615 708 727 776 ipse
751 705 977 767 dormis,
1009 713 1063 756 ct
1091 701 1236 756 cedis
1265 701 1437 770 primo
1466 699 1585 752 loco
1605 706 1888 761 creaturae,
1917 710 2017 750 nec

432 816 648 856 omnem
701 809 1002 852 creaturam
1050 794 1339 864 prtevenis,
1376 806 1494 860 qua:
1533 799 1749 859 propter
1780 797 1830 840 te
1879 786 2014 841 facta

433 901 537 956 est,
567 906 665 945 nec
691 890 738 943 ei
771 888 884 957 agis
930 887 1144 956 gratias,
1199 882 1291 937 sed
1335 897 1456 936 cum
1503 880 1696 948 surgis,
1727 894 1914 932 manus
1961 887 2016 930 et

435 983 625 1037 faciem
675 980 840 1043 lavas,
885 981 1112 1032 animam
1165 984 1343 1029 autem
1385 972 1710 1026 immundam
1759 968 2018 1038 negligis?

435 1071 624 1126 Nescis
653 1071 790 1123 sicut
814 1081 1006 1136 corpus
1045 1081 1201 1135 aqua,
1240 1065 1308 1118 ita
1359 1063 1603 1117 oratione
1634 1058 1878 1113 mundari
1905 1058 2018 1110 ani-

435 1178 578 1217 mam
603 1162 626 1214 ‘?
655 1161 792 1214 Lava
821 1174 947 1228 ergo
975 1167 1099 1212 ante
1127 1169 1323 1226 corpus
1348 1154 1605 1208 animam.
1636 1150 1813 1204 Multa:
1835 1149 1909 1202 illi
1937 1148 2017 1202 in-

435 1256 611 1311 sident
646 1255 887 1308 vitiorum
918 1251 1170 1314 maculze;
1202 1263 1293 1303 eas
1314 1248 1648 1317 expellamus
1691 1259 1785 1314 per
1821 1243 2016 1296 oratio-

436 1362 582 1401 nem.
613 1346 665 1400 Si
712 1345 853 1400 enim
899 1357 962 1398 os
1005 1350 1244 1396 nostrum
1289 1339 1358 1392 ita
1402 1336 1769 1400 munierimus,
1809 1332 2014 1387 diurnae

434 1437 657 1492 actionis
699 1434 978 1504 pulchrum
1003 1431 1290 1500 jecerimus
1330 1427 1750 1482 fundamentum.
1781 1425 1833 1478 5.
1859 1422 2014 1476 Mane

434 1527 646 1581 adstabo
680 1527 788 1590 tibi,
821 1535 866 1578 et
891 1522 1082 1577 videbo.
1118 1521 1337 1574 Adstabo
1366 1519 1472 1584 tibi,
1505 1532 1608 1571 non
1637 1516 1754 1570 loco
1775 1555 1789 1579 ,
1815 1513 2004 1583 inquit,

434 1618 528 1673 sed
559 1619 727 1672 factis.
753 1615 852 1683 Qui
877 1615 1016 1669 enim
1038 1612 1156 1666 talis
1181 1619 1280 1677 est,
1311 1611 1355 1664 is
1382 1624 1543 1679 prope
1570 1608 1736 1662 Deum
1766 1620 1886 1660 esse
1911 1619 2010 1674 po-

435 1716 557 1763 test.
582 1708 645 1763 Ut
673 1707 813 1762 cnim
841 1718 1008 1775 prope
1035 1703 1220 1763 simus,
1247 1701 1328 1754 vel
1358 1697 1560 1769 procul,
1591 1712 1656 1752 ex
1701 1711 1766 1751 eo
1793 1695 2007 1750 evenit:

430 1797 570 1852 Deus
602 1799 743 1852 enim
784 1805 869 1851 est
920 1794 1134 1863 ubique.
1163 1791 1385 1845 Adstabo
1416 1789 1526 1855 tibi,
1557 1797 1604 1842 et
1631 1788 1805 1842 videbo
1829 1827 1845 1853 ,
1894 1801 2011 1855 quo-

424 1889 561 1940 niam
599 1904 699 1941 non
745 1886 880 1940 Deus
929 1885 1099 1938 uolens
1127 1883 1442 1953 iniquitatem
1471 1891 1524 1934 tu
1549 1895 1620 1933 es.
1655 1879 1804 1932 Alius
1841 1879 2008 1932 inter-

421 1996 546 2050 pres
568 1979 696 2034 dicit
727 1997 740 2032 :
763 1977 829 2031 Et
851 1975 1175 2031 considerabo
1199 1975 1334 2045 quod
1362 1990 1462 2027 non
1481 1971 1616 2024 Deus
1632 1972 1799 2024 volens
1825 1969 2010 2040 iniqui-

422 2083 575 2127 tatem
597 2081 651 2124 tu
677 2087 726 2125 es
749 2069 850 2140 (a).
881 2067 935 2122 6.
965 2066 1143 2136 Neque
1170 2064 1410 2118 habitabit
1443 2064 1596 2133 juxta
1645 2071 1691 2114 te
1735 2061 2004 2128 malignus.

420 2164 721 2220 Simulacra
752 2161 839 2215 hic
867 2161 1056 2224 innuit,
1089 2156 1230 2228 quod
1264 2157 1345 2210 his
1394 2155 1811 2218 delectarentur,
1851 2160 1906 2205 ut
1953 2159 2007 2205 et

421 2258 568 2312 omni
599 2255 898 2325 iniquitate,
928 2253 1194 2322 rebusque
1230 2249 1506 2319 improbis.
1552 2246 1730 2317 Neque
1763 2245 2005 2299 habitabit

420 2349 570 2416 juxta
589 2356 635 2400 te
655 2347 929 2415 malignus.
968 2343 1086 2398 Non
1123 2344 1224 2397 erit
1268 2342 1382 2407 tibi,
1431 2340 1617 2410 inquit,
1638 2338 1862 2402 atnicus,
1897 2351 2002 2390 non

429 2438 532 2492 erit
552 2437 642 2491 tibi
669 2435 896 2489 vicinus.
927 2433 1103 2502 Neque
1132 2431 1488 2502 permanebunt
1515 2431 1691 2500 iujusti
1707 2437 1820 2481 ante
1833 2428 2005 2480 oculos

432 2537 560 2581 tuos.
591 2523 838 2582 Ostendit
861 2523 948 2577 hic
973 2523 1138 2577 Deum
1169 2521 1345 2576 odisse
1371 2519 1558 2581 malos,
1588 2518 1788 2572 docens
1812 2515 2006 2582 eosqui

431 2618 507 2674 illi
537 2615 820 2688 propinqui
871 2628 992 2670 esse
1035 2612 1235 2677 volent,
1273 2619 1330 2664 ut
1357 2610 1562 2678 seipsos
1591 2609 1725 2661 tales
1763 2606 2005 2671 reddant,

425 2709 564 2781 quod
595 2725 702 2762 non
734 2707 834 2761 alia
861 2706 1066 2760 ratione
1085 2718 1254 2774 prope
1279 2717 1402 2756 eum
1429 2714 1549 2756 esse
1580 2700 1755 2753 liceat.
1780 2696 1835 2752 Si
1866 2697 2007 2751 enim

426 2803 542 2857 viro
567 2802 712 2856 bono
763 2813 868 2852 non
921 2797 1091 2868 possit
1141 2808 1261 2849 esse
1315 2791 1662 2863 propinquus,
1714 2789 1802 2860 qui
1847 2791 2007 2843 abeo

419 2894 686 2962 discrepet
727 2889 964 2944 moribus
993 2903 1006 2940 :
1039 2886 1088 2942 ei
1118 2887 1284 2940 multo
1313 2885 1504 2952 magis.
1555 2881 1706 2949 Quod
1730 2882 1869 2936 enim
1904 2881 2006 2934 im-

420 2986 571 3060 probi
621 3000 728 3038 non
773 2981 1114 3052 possintesse
1141 2977 1317 3048 probis
1369 2974 1666 3044 propinqui.
1706 2973 1829 3026 audi
1873 2972 2001 3042 quid

419 3080 600 3134 dicant
626 3077 694 3131 de
719 3076 902 3146 justo:
926 3073 1104 3128 Grauis
1130 3081 1203 3126 est
1233 3069 1372 3123 nobis
1407 3069 1481 3122 vel
1513 3068 1558 3122 si
1600 3077 1793 3120 tantum
1834 3067 2003 3120 uidea-

421 3180 503 3224 tur
529 3170 548 3238 (
574 3166 702 3237 Sap.
730 3166 788 3220 2.
817 3167 884 3220 15
904 3164 945 3234 ).
967 3164 1044 3218 Ita
1070 3163 1304 3218 Joannes
1327 3160 1412 3215 vel
1457 3174 1620 3228 agens
1665 3159 1718 3212 in
1762 3173 1997 3222 carcere,

421 3276 546 3317 cum
577 3274 643 3314 ne
672 3258 941 3313 videretur
983 3255 1195 3326 quidem
1227 3295 1242 3320 ,
1274 3253 1530 3306 molestus
1551 3259 1666 3305 erat
1689 3248 1996 3316 lierodiadi,

422 3353 548 3407 licet
579 3360 778 3405 tantum
807 3350 872 3404 ab
899 3363 964 3404 eo
989 3347 1178 3402 mulier
1208 3345 1422 3399 abesset
1453 3361 1468 3396 ;
1503 3350 1620 3411 post
1645 3351 1871 3395 mortem
1901 3356 2000 3394 au-

422 3457 550 3510 tem,
582 3447 740 3499 etiam
775 3443 914 3497 illius
933 3441 1019 3511 qui
1060 3448 1188 3494 tunc
1214 3445 1332 3492 erat
1379 3434 1592 3507 tyranni
1621 3432 1847 3488 vexabat
1872 3446 2003 3486 con-

419 3536 717 3592 scientiam.
751 3533 920 3588 Nemo
969 3545 1098 3601 ergo
1123 3543 1310 3585 eorum
1341 3526 1431 3597 qui
1477 3525 1530 3579 in
1560 3525 1754 3578 virtute
1791 3523 1997 3589 vivunt,

419 3643 660 3698 segrave
707 3625 904 3696 aliquid
949 3624 1054 3694 pati
1096 3622 1386 3685 existimet,
1434 3617 1644 3674 etiamsi
1692 3615 1917 3687 improbi
1949 3615 1999 3670 ei

419 3719 753 3775 insidientur.
801 3715 900 3783 Qui
953 3713 1094 3768 enim
1139 3710 1278 3765 male
1326 3710 1520 3763 faciunt
1549 3748 1564 3773 ,
1611 3707 1648 3761 ii
1709 3707 1997 3775 patiuntur.

420 3811 474 3865 7.
509 3808 673 3862 Odisti
692 3823 859 3860 omnes
878 3807 963 3875 qui
987 3812 1255 3874 aperantur
1273 3802 1598 3870 iniquitatem,
1629 3801 1805 3870 perdes
1830 3814 2000 3852 omnes

423 3903 509 3972 qui
524 3903 792 3970 loquuntur
815 3897 1153 3950 mendacium.
1188 3892 1363 3946 Virum
1382 3892 1686 3962 sanguinum
1699 3900 1744 3944 et
1763 3890 1998 3944 dolosam

421 3992 788 4046 abominabitur
817 3989 1089 4042 Dominus.
1121 3985 1245 4038 Haec
1265 3983 1532 4047 dicuntur,
1565 3995 1671 4034 non
1718 3990 1776 4034 ut
1825 3979 2000 4034 solum

419 4085 714 4144 audiamus,
747 4081 841 4135 sed
861 4079 1020 4134 etiam
1040 4085 1096 4132 ut
1120 4076 1408 4130 doceamur
1428 4071 1541 4125 haec
1560 4069 1770 4126 assidue
1782 4069 2005 4124 audien-

421 4186 521 4242 tes,
549 4186 603 4230 et
623 4174 805 4244 Sponsi
834 4171 1072 4226 moribus
1115 4179 1432 4238 congruere,
1464 4173 1519 4218 et
1547 4164 1596 4217 ei
1627 4177 1749 4217 esse
1775 4163 2002 4232 propin-

420 4269 531 4338 qui.
561 4268 616 4322 Si
643 4266 784 4321 enim
811 4265 925 4318 haec
949 4276 1054 4317 non
1082 4261 1231 4323 fiant,
1258 4271 1496 4327 superno
1521 4253 1720 4308 auxilio
1747 4253 1994 4308 destitui-

421 4375 563 4424 mur,
595 4375 700 4429 quo
727 4356 858 4410 nihil
884 4362 1061 4426 potest
1081 4367 1202 4408 esse
1228 4349 1482 4405 deterius.

491 4452 546 4506 4.
590 4449 754 4503 Odisti
779 4462 948 4500 omnes
967 4445 1051 4515 qui
1070 4450 1342 4512 operantur
1370 4441 1682 4513 iniquitatem
1706 4454 1725 4494 :
1752 4438 1866 4494 sive
1893 4450 2005 4490 ser-

422 4556 540 4608 vus,
566 4538 755 4610 inquit,
786 4534 966 4602 fuerit,
996 4535 1110 4591 sive
1138 4533 1292 4598 liber,
1317 4533 1431 4587 sive
1457 4547 1551 4587 rex
1571 4573 1585 4598 ,
1617 4533 1730 4585 sive
1749 4529 2000 4600 quicum-

421 4649 526 4704 que
555 4631 736 4687 fuerit.
765 4628 880 4683 Non
934 4627 1075 4681 enim
1115 4640 1181 4680 ex
1229 4623 1507 4693 dignitate,
1547 4621 1641 4676 sed
1687 4636 1752 4676 ex
1805 4621 2002 4673 virtute

421 4726 562 4782 solet
609 4723 749 4776 Deus
790 4718 992 4774 amicos
1032 4717 1248 4785 eligere.
1303 4715 1410 4769 Sed
1461 4713 1711 4784 quoniam
1761 4710 2000 4765 nonnulli

422 4812 716 4872 crassiores
736 4810 915 4864 odium
948 4807 1075 4861 nihil
1103 4821 1220 4862 esse
1248 4805 1574 4867 existimant,
1599 4799 2002 4872 audiquomodo

421 4911 582 4964 etiam
611 4905 855 4978 supplicii
885 4903 1130 4958 timorem
1159 4899 1425 4954 induxerit
1457 4913 1470 4950 :
1507 4895 1698 4950 Perdes
1718 4910 1888 4948 omnes
1913 4894 2001 4963 qui

421 5004 693 5073 loquuntur
707 4996 1025 5053 mendacium
1049 4993 1152 5049 :ad
1194 4992 1246 5047 id
1282 4990 1427 5062 quod
1449 4998 1530 5044 est
1557 4988 1608 5042 in
1637 4987 2002 5058 peccatoribus

419 5093 654 5150 crassius
677 5092 973 5145 orationem
1005 5084 1350 5141 transferens.
1384 5080 1502 5136 Non
1541 5079 1685 5135 enim
1730 5093 1899 5147 usque
1937 5076 2002 5130 ad

417 5188 600 5242 odium
624 5182 864 5240 subsistit
891 5180 1230 5250 supplicium,
1252 5175 1354 5231 etsi
1381 5174 1484 5229 hoc
1510 5186 1724 5243 quoque
1745 5171 1815 5224 sit
1841 5174 2000 5239 puni-

424 5278 500 5334 tio
540 5274 842 5342 inelfabilis,
871 5269 965 5326 sed
993 5269 1152 5325 etiam
1181 5265 1368 5338 perdet
1389 5277 1577 5319 omnes
1605 5261 1696 5331 qui
1724 5260 2008 5330 loquuntur

483 5444 557 5506 (a)
590 5446 671 5492 me
686 5441 823 5491 locus
845 5439 896 5489 in
918 5435 1146 5496 Hexaplis
1167 5435 1344 5483 nostris
1367 5444 1463 5480 non
1485 5431 1692 5506 .inteqer
1714 5425 1888 5475 allatus
1911 5428 2004 5472 est.

417 5490 722 5582 iisiiss.
738 5529 925 5578 habent
949 5538 962 5572 :
988 5490 1110 5572 mi:
1151 5520 1273 5576 νιν-δ
1317 5519 1440 5595 γει-ι
1485 5490 1556 5564 5s
1579 5490 1652 5567 κ’)
1692 5515 1745 5564 τ)
1785 5509 2002 5565 nsum:

425 5609 504 5675 ubi
530 5612 879 5675 lnterpres,_ut
901 5619 1069 5666 usus“
1090 5615 1147 5654 ὅτι
1169 5615 1356 5675 ὠχὶιβως
1369 5611 1481 5674 ,ἕξων
1503 5615 1652 5675 suum
1669 5611 1714 5675 cf.
1739 5605 1797 5648 ιῖε
1819 5603 1874 5648 Et
1893 5607 2005 5646 catt-

413 5672 646 5727 sitterabo
668 5661 896 5736 quoniam
919 5661 1015 5720 non
1035 5675 1163 5718 Deus
1189 5661 1344 5714 obiens
1364 5661 1662 5724 iniquitatem
1685 5668 1736 5711 tu
1753 5673 1826 5712 es.

2125 335 2480 390 mendacium.
2510 333 2839 404 Quamquam
2863 338 3012 406 prius
3053 351 3264 407 quoque
3309 353 3468 407 grave
3496 348 3599 404 est,
3636 353 3692 395 et

2121 426 2360 494 gebenna
2396 425 2648 492 deterius,
2685 427 2812 481 odio
2856 427 3036 481 haberi
3084 442 3115 481 a
3165 429 3306 488 Deo:
3361 430 3455 484 sed
3495 429 3562 485 ad
3602 445 3697 486 eos

2121 518 2336 586 quidem
2391 519 2478 588 qui
2526 528 2751 589 possunt
2802 519 3100 588 intelligere
3129 559 3145 586 ,
3201 520 3331 575 illud
3378 524 3598 591 posuit:
3631 528 3697 577 ad

2119 609 2414 662 crassiores
2440 623 2568 663 vero
2595 609 2696 664 hoc
2721 624 2932 680 quoque
2955 609 3168 680 adjecit.
3193 609 3272 666 Ne
3315 626 3442 683 ergo
3489 622 3694 682 pertur-
3726 657 3735 691 ,

2120 700 2283 765 beris,
2311 715 2344 756 ο
2376 701 2537 755 homo
2556 743 2571 764 ,
2601 718 2772 772 neque
2800 704 3094 774 obstrepas,
3126 704 3337 774 quando
3363 706 3560 760 videris
3594 708 3688 760 al’.

2119 806 2250 860 quos
2272 793 2610 859 mentientes,
2639 794 2924 862 rapientes,
2955 796 3004 848 in
3026 795 3162 850 bona
3193 796 3419 850 aliorum
3443 797 3698 850 invaden-

2121 891 2220 945 tes,
2254 884 2342 952 qui
2371 892 2546 938 tamen
2595 885 2725 938 nihil
2758 886 2881 939 mali
2931 887 3203 956 patiuntur
3231 908 3244 942 :
3278 888 3376 941 hoc
3420 889 3561 942 enim
3591 890 3697 943 erit

2120 974 2356 1027 omnino.
2387 974 2529 1028 Talis
2555 984 2634 1029 est
2681 976 2872 1044 quippe
2915 976 3004 1030 Dei
3035 987 3217 1031 natura
3252 994 3267 1032 :
3293 990 3566 1034 aversatur
3589 978 3691 1033 im-

2123 1065 2458 1132 probitatem,
2487 1081 2604 1144 eam
2635 1081 2847 1134 semper
2875 1068 2985 1120 odit
3011 1077 3064 1122 et
3091 1069 3362 1124 abhorret.
3393 1070 3695 1140 Loqucntes

2118 1165 2296 1209 autem
2322 1157 2653 1212 mendacium
2684 1157 2772 1212 hic
2789 1157 2915 1212 dicit
2943 1174 3036 1213 eos
3074 1159 3163 1228 qui
3195 1160 3332 1213 male
3370 1161 3569 1225 vivunt,
3599 1171 3691 1215 eos

2117 1249 2205 1318 qui
2233 1263 2319 1302 res
2349 1247 2566 1303 fallaces
2596 1257 3005 1318 persequuntur,
3037 1265 3130 1304 eos
3153 1252 3241 1318 qui
3273 1250 3498 1310 libidini.
3531 1251 3690 1318 gulm,

2115 1347 2169 1392 et
2195 1339 2435 1392 avaritia:
2459 1349 2584 1394 sunt
2604 1339 2786 1394 dediti.
2820 1340 2945 1394 Haec
2969 1341 3111 1394 enim
3139 1342 3316 1394 omnia
3345 1342 3480 1396 solet
3505 1344 3692 1410 appel-

2116 1429 2226 1483 lare
2266 1429 2567 1484 mendacia.
2608 1429 2786 1483 Virum
2815 1432 3120 1501 sanguinum
3154 1441 3200 1485 et
3235 1431 3467 1486 dolosum
3501 1432 3693 1486 abanti-

2114 1519 2316 1574 nabitur
2345 1519 2618 1574 Dominus.
2649 1521 2931 1576 Hominem
2971 1523 3056 1576 hic
3083 1522 3214 1576 dicit
3243 1522 3333 1592 qui
3371 1523 3518 1578 caede
3545 1523 3692 1578 delev

2113 1620 2305 1675 ctatur,
2338 1613 2425 1681 qui
2469 1613 2764 1679 insidiatur,
2789 1614 2875 1684 qui
2905 1622 2987 1668 est
3013 1613 3385 1669 fraudulentus
3427 1625 3481 1670 et
3521 1615 3692 1670 versi-

2113 1701 2288 1771 pellis,
2315 1703 2403 1772 qui
2443 1703 2588 1759 aliud
2620 1705 2778 1758 habet
2805 1708 2854 1760 in
2891 1722 3004 1772 ore,
3035 1706 3177 1760 aliud
3233 1707 3284 1760 in
3327 1716 3569 1776 pectore,
3597 1707 3688 1778 qui

2111 1793 2536 1850 mansuetudinis
2565 1797 2778 1866 quidem
2805 1812 2866 1852 ac
2893 1799 3160 1852 comitatis
3183 1814 3465 1868 personam
3499 1799 3684 1865 induit,
3739 1833 3748 1841 -

2111 1886 2205 1941 sed
2253 1900 2313 1940 se
2360 1887 2512 1942 factis
2546 1888 2723 1958 lupum
2774 1889 3024 1956 ostendit,
3054 1905 3160 1960 quo
3203 1891 3331 1944 nihil
3363 1892 3529 1961 possit
3569 1905 3692 1947 esse

2110 1977 2364 2032 deterius.
2394 1980 2622 2049 Apertus
2648 1981 2788 2034 enim
2820 1981 3064 2035 inimicus
3092 1990 3267 2050 potest
3296 1982 3446 2035 facile
3470 1982 3644 2036 caveri
3670 1999 3686 2037 :

2111 2068 2197 2136 qui
2229 2077 2403 2122 autem
2435 2070 2687 2123 malitiam
2733 2071 2946 2140 quidem
2986 2072 3146 2135 celat,
3187 2081 3242 2125 et
3269 2073 3434 2126 utitur
3463 2072 3685 2138 malitia,

2108 2175 2228 2213 cum
2258 2177 2364 2215 non
2395 2163 2558 2231 possit
2579 2161 2734 2217 facile
2753 2163 3101 2231 deprehendi,
3123 2163 3345 2232 plurima
3378 2163 3512 2217 mala
3541 2163 3686 2220 facit.

2107 2254 2368 2321 Quocirca
2415 2254 2658 2310 Christus
2699 2257 2893 2322 etiam,
2944 2257 3158 2327 quando
3205 2257 3278 2310 illi
3317 2257 3684 2322 accesserint,

2105 2347 2314 2401 sobrios
2335 2356 2388 2401 et
2415 2357 2647 2402 attentos
2685 2364 2782 2402 nos
2821 2363 2940 2402 esse
2964 2348 3137 2417 jubet.
3176 2345 3392 2400 Veniunt
3433 2347 3576 2401 enim
3617 2346 3688 2399 ad

2107 2453 2212 2501 vos,
2240 2437 2422 2506 inquit,
2456 2439 2507 2491 in
2535 2440 2836 2493 vestimentis
2856 2439 3021 2493 ovium
3052 2454 3070 2492 :
3098 2439 3230 2492 intus
3251 2448 3414 2491 autem
3434 2448 3552 2492 sunt
3579 2439 3687 2507 lupi

2109 2542 2316 2594 rapaces
2343 2527 2550 2596 (Matth.
2583 2530 2634 2580 7.
2669 2529 2780 2598 15).
2801 2530 2853 2584 8.
2877 2528 2986 2599 Ego
3000 2540 3168 2581 autem
3189 2529 3238 2580 in
3250 2529 3566 2582 multitudine
3588 2528 3685 2580 mi-

2109 2617 2395 2670 sericordia:
2416 2626 2513 2671 tuae
2536 2620 2748 2672 introibo
2768 2621 2818 2672 in
2849 2620 3052 2672 domum
3074 2629 3229 2672 tuam.
3258 2619 3517 2686 Quoniam
3544 2620 3686 2676 enim

2111 2722 2174 2761 ex
2198 2709 2455 2776 ejusmodi
2481 2710 2784 2764 hominibus
2807 2708 3028 2762 collecta
3054 2718 3170 2763 erat
3200 2710 3458 2774 Ecclesia,
3477 2711 3688 2778 gentili-

2111 2798 2229 2861 bus,
2261 2800 2447 2868 iuagis,
2473 2799 2775 2864 homicidis,
2806 2799 3300 2868 prtestigiatoribus,
3325 2800 3686 2865 mendacibus,

2109 2890 2489 2958 deceptoribus
2522 2907 2536 2944 :
2570 2889 2780 2944 dixerat
2827 2899 3026 2955 autem,
3075 2888 3242 2943 Odisti
3288 2897 3341 2942 et
3383 2891 3687 2945 aversaris:

2106 2984 2396 3038 ostendens
2427 2999 2487 3038 se
2517 3000 2624 3038 nun
2655 2999 2717 3038 ex
2757 2983 2962 3054 justitia
3010 2993 3065 3038 et
3093 2992 3239 3037 recte
3270 2982 3443 3050 factis,
3477 2982 3572 3039 sed
3616 2999 3685 3038 ex

2107 3076 2246 3130 illius
2268 3076 2550 3132 clementia
2576 3077 2643 3132 ab
2663 3077 2765 3131 illis
2797 3077 3074 3132 liberatam
3115 3078 3166 3131 in
3195 3079 3488 3148 penetralia
3518 3078 3687 3132 intro-

2104 3167 2317 3222 ductam
2359 3183 2513 3234 esse,
2556 3169 2834 3237 suhjunxit
2867 3186 2879 3221 :
2916 3167 3025 3238 Ego
3069 3179 3236 3222 autem
3276 3170 3330 3222 in
3369 3168 3691 3223 multitudine

2105 3261 2461 3315 misericordia:
2497 3272 2617 3327 tute,
2669 3261 2882 3315 introibo
2933 3262 2985 3315 in
3025 3263 3229 3315 domum
3271 3272 3431 3316 tuam.
3471 3261 3546 3317 Ne
3571 3263 3691 3332 quis

2104 3352 2244 3406 enim
2262 3350 2401 3406 dicat
2431 3370 2444 3404 :
2476 3351 2753 3418 Quomodo
2779 3368 2906 3423 ergo
2934 3362 3007 3416 tu,
3037 3369 3155 3423 qua:
3179 3353 3290 3408 haec
3311 3354 3466 3410 etilla
3493 3353 3688 3422 fecisti,

2104 3452 2312 3498 serrata
2341 3445 2441 3498 es?
2481 3444 2613 3498 dixit
2647 3444 2860 3498 modum
2898 3445 3082 3500 salutis
3111 3462 3124 3497 :
3159 3445 3380 3514 Pr0pter
3405 3460 3647 3514 magnam
3667 3487 3685 3512 ,

2106 3535 2295 3605 inquit,
2342 3535 2716 3600 clementiam,
2771 3543 2990 3605 propter
3032 3535 3350 3590 ineffabilem
3400 3535 3686 3590 bonitatem

2103 3637 2310 3680 servata
2361 3641 2500 3681 sum.
2557 3625 2662 3681 Sed
2711 3635 2836 3680 sunt
2892 3627 3153 3691 nonnulli,
3211 3626 3299 3696 qui
3352 3641 3451 3681 nec
3482 3627 3690 3680 miseri-

2103 3719 2336 3774 cordiam
2368 3720 2580 3790 quidem
2605 3717 2909 3781 admittunt,
2947 3718 3316 3773 innnedicabili
3347 3717 3535 3772 morbo
3554 3718 3686 3770 affe—

2103 3811 2194 3874 cti,
2235 3810 2533 3880 cujusmodi
2583 3818 2708 3864 sunt
2736 3808 2907 3864 Judmi
2940 3825 2951 3861 :
2984 3809 3151 3878 gratia
3192 3810 3332 3862 enim
3379 3818 3434 3863 et
3476 3808 3687 3862 miseri-

2103 3904 2305 3967 cordia,
2337 3905 2435 3958 etsi
2459 3903 2523 3956 sit
2549 3903 2714 3972 gratia
2743 3911 2796 3955 et
2825 3901 3211 3964 misericordia,
3238 3901 3479 3955 volentes
3506 3910 3684 3953 tamen

2105 4007 2158 4051 et
2183 3995 2402 4064 gratiam
2424 3993 2682 4045 habentes
2709 3999 2902 4052 servat,
2936 4007 3039 4044 non
3071 4006 3164 4044 eos
3191 3992 3277 4060 qui
3308 3991 3559 4044 effrenata
3591 4006 3690 4044 au-

2107 4084 2258 4139 dacia
2290 4087 2606 4151 repugnant,
2655 4089 2708 4133 et
2735 4079 2931 4131 donum
2975 4079 3161 4132 nolunt
3187 4080 3474 4150 suscipere,
3506 4081 3690 4148 quales

2108 4175 2321 4230 fuerunt
2366 4172 2556 4236 Judaei,
2609 4170 2676 4226 de
2731 4171 2920 4241 quibus
2967 4170 3124 4225 etiam
3169 4170 3297 4224 dicit
3325 4170 3518 4225 Paulus
3546 4171 3688 4240 quod

2107 4268 2394 4336 ignorantes
2434 4263 2532 4318 Dei
2563 4264 2852 4335 justitiam,
2885 4273 2932 4317 et
2961 4264 3224 4333 propriam
3259 4264 3511 4333 justitiam
3545 4279 3688 4333 qute-

2107 4369 2270 4413 rentes
2298 4369 2533 4424 statuere,
2577 4356 2795 4428 justitia:
2840 4355 2936 4409 Dei
2967 4353 3066 4408 non
3117 4365 3235 4409 sunt
3255 4354 3468 4424 subjecti
3492 4353 3510 4424 (
3536 4353 3686 4410 Rom.

2109 4450 2198 4505 10.
2230 4450 2305 4518 5).
2337 4448 2538 4505 Deinde
2566 4447 2815 4517 quoniam
2844 4447 2910 4502 de
2944 4447 3052 4500 Deo
3081 4446 3232 4511 dixit,
3257 4445 3325 4500 de
3353 4445 3523 4515 seipsa
3551 4461 3687 4516 quo-

2106 4557 2208 4613 qtte
2240 4541 2472 4612 loquitur
2505 4557 2518 4594 :
2551 4538 2786 4591 Adorabo
2825 4537 2891 4590 ad
2922 4537 3162 4607 templum
3203 4547 3431 4590 sanctum
3471 4546 3608 4590 tuum
3637 4537 3689 4590 in

2105 4634 2282 4687 timore
2339 4641 2442 4685 tuo.
2495 4630 2594 4686 Ubi
2653 4629 2796 4682 enim
2874 4629 3101 4698 gratiam
3153 4642 3412 4699 accepero
3445 4667 3462 4692 ,
3525 4637 3688 4695 tunc,

2105 4727 2320 4798 inquit,
2372 4739 2488 4779 mea
2548 4723 2808 4784 olli-ram,
2872 4723 2972 4776 hoc
3028 4722 3120 4775 tibi
3181 4721 3498 4775 sacrilicium
3561 4719 3694 4775 olfe-

2106 4837 2240 4876 rant.
2298 4817 2532 4872 Adorabo
2593 4819 2659 4868 ad
2712 4814 2952 4885 templum
3003 4825 3230 4867 sanctum
3295 4825 3434 4867 tuum
3497 4815 3550 4866 in
3609 4815 3692 4865 ti-

2107 4928 2246 4966 more
2296 4921 2400 4963 tuo.
2448 4909 2562 4963 Non
2613 4909 2768 4971 sicut,
2815 4908 3005 4976 inquit,
3043 4906 3192 4960 multi
3221 4907 3308 4974 qui
3355 4916 3528 4967 orant,
3571 4919 3690 4958 sese

2108 5004 2428 5072 scalpentes,
2456 5000 2681 5064 hiantes,
2702 5007 3083 5068 torpescentes,
3118 4997 3209 5050 sed
3238 5011 3356 5049 cum
3381 4995 3590 5054 timore,
3612 4993 3694 5046 iu-

2109 5099 2242 5169 quit,
2271 5104 2324 5149 et
2351 5105 2599 5148 tremore.
2627 5091 2726 5158 Qui
2754 5091 2894 5144 enim
2929 5089 3006 5143 sic
3030 5096 3168 5149 orat,
3193 5099 3354 5140 omne
3382 5084 3566 5136 vitium
3591 5082 3693 5136 de-

2109 5190 2278 5260 ponit,
2311 5185 2377 5240 ad
2405 5200 2616 5238 omnem
2644 5184 2890 5237 virtutem
2917 5179 3214 5239 deducitur,
3252 5177 3415 5229 Deum
3441 5172 3540 5226 sibi
3569 5173 3691 5228 red.

2111 5282 2188 5335 dit
2211 5278 2516 5349 propitium.
2557 5275 2611 5329 9.
2662 5274 2898 5335 Domine,
2945 5271 3106 5324 deduc
3149 5285 3228 5321 me
3279 5268 3332 5320 in
3370 5265 3575 5336 justitia
3609 5278 3696 5322 tua

2112 5382 2314 5444 prapter
2340 5370 2564 5422 inimicos
2593 5383 2748 5419 meos.
2777 5365 2925 5419 Dixit
2950 5361 3132 5415 laudes
3162 5361 3274 5428 Dei,
3293 5359 3422 5414 dixit
3446 5360 3496 5415 in
3527 5364 3696 5419 malos

2113 5463 2318 5526 odium,
2371 5458 2784 5526 benignitatem,
2841 5451 3202 5520 clementiam,
3260 5451 3698 5522 sollicitudinem,

2115 5554 2247 5609 dixit
2271 5565 2421 5605 suam
2450 5549 2696 5612 salutem,
2739 5544 2869 5599 dixit
2899 5542 3168 5614 quomodo
3193 5552 3404 5599 servata
3442 5543 3532 5608 sit,
3565 5544 3701 5599 dixit

2110 5653 2395 5716 postquam
2423 5646 2629 5694 servata
2671 5633 2771 5692 fuit
2795 5649 3039 5708 quaenam
3065 5636 3332 5703 attulerit;
3371 5633 3496 5690 vitia
3537 5647 3702 5690 aver-
