4086 6214
434 255 510 312 67
1180 252 1236 306 S.
1277 249 1554 306 JO.\NN|S
1589 247 2059 305 CHRYSOSTOMI
2101 249 2417 306 ARCHIEP.
2458 251 2984 312 CUNSTANTINOP.
3631 259 3701 312 68

437 377 550 421 sata
569 374 670 430 est,
718 361 784 419 ad
813 363 1061 418 virtutem
1099 361 1319 416 deduxit
1349 379 1361 413 :
1391 362 1454 414 iis
1478 361 1635 414 etiam
1663 361 1752 428 qui
1773 366 1908 412 male
1938 359 2019 411 vi-

432 465 590 521 vunt,
618 454 808 510 bonam
839 469 988 524 spem
1010 451 1176 517 dedit,
1233 453 1277 506 si
1335 451 1600 506 voluerint
1645 449 1906 513 coiit-erti,
1957 455 2014 501 ut

443 547 539 616 qui
564 548 767 616 possint
807 544 1224 602 miscricordiam
1263 541 1555 610 consequi;
1601 539 1862 592 convertit
1904 552 2019 591 ser-

438 651 652 692 monem
703 635 770 689 ad
802 633 1129 704 petitionem,
1157 648 1274 702 quze
1300 632 1552 700 deinceps
1579 630 1708 684 dicit
1741 648 1752 684 :
1781 629 2015 692 Domine,

443 711 607 781 deduc
635 743 714 781 me
743 728 793 780 in
814 726 1016 796 justitia
1046 736 1131 776 tua
1163 739 1298 792 :per
1323 723 1440 776 lucc
1489 720 1690 775 docens
1723 720 2018 773 auditorem

438 817 585 886 prius
609 815 837 888 hymnos
867 814 978 871 Deo
1005 814 1215 878 oll‘erre,
1241 822 1295 866 et
1336 826 1430 881 pro
1479 810 1748 864 beneﬁciis
1789 823 1951 878 accep
1977 810 2020 863 is

433 910 633 979 gratias
657 923 852 977 agere;
882 916 935 961 et
964 915 1088 962 tunc
1112 920 1230 974 quae
1258 904 1370 957 vult
1400 912 1597 971 petere,
1624 911 1677 956 et
1705 917 1800 971 pro
1822 901 1884 954 iis
1904 915 2020 970 qua:

439 998 705 1067 acceperit
733 1011 916 1052 rursus
941 1011 1097 1065 agere
1113 994 1328 1064 gratias.
1359 991 1463 1047 Sed
1485 992 1756 1046 videamus
1777 1006 2018 1059 quamam

437 1105 500 1146 ea
528 1098 650 1144 sunt
681 1105 798 1158 qua:
835 1089 986 1158 petit.
1024 1087 1158 1141 Num
1213 1084 1409 1154 aliquid
1433 1099 1617 1139 eorum
1644 1099 1763 1153 qua:
1792 1081 1859 1136 ad
1885 1081 2022 1136 hanc

439 1183 600 1238 vitam
625 1179 928 1250 pertinent?
972 1175 1225 1246 numquid
1280 1174 1573 1243 temporale
1603 1164 1674 1226 'ac
1721 1179 2021 1226 momenta-

441 1270 642 1324 neum?
671 1267 923 1337 numquid
971 1282 1156 1322 eorum
1191 1282 1309 1335 qua:
1349 1262 1749 1334 pr:eterﬂuunt?
1778 1260 1912 1315 Num
1953 1259 2022 1313 de

439 1362 636 1418 divitiis
665 1360 934 1431 loquitur?
980 1376 1104 1413 num
1143 1359 1211 1412 de
1231 1357 1441 1426 gloria?
1473 1372 1596 1410 num
1644 1354 1713 1408 de
1753 1351 2024 1422 potentia?

441 1471 567 1509 num
593 1453 660 1507 dc
688 1451 1004 1506 ulciscendis
1031 1450 1296 1504 inimicis?
1327 1447 1464 1502 Nihil
1496 1446 1705 1500 horum.
1730 1444 1833 1499 Sed
1861 1441 2024 1511 quid?

414 1573 421 1579 -
445 1544 675 1607 Domine,
701 1543 862 1596 deduc
885 1559 962 1595 me
986 1542 1037 1594 in
1048 1540 1252 1609 justitia
1279 1550 1364 1592 tua
1389 1546 1592 1608 promer
1619 1535 1846 1590 inimicos
1867 1549 2027 1587 meos.

447 1635 605 1690 Vides
625 1633 894 1704 quomodo
918 1632 1047 1687 nihil
1076 1632 1205 1701 petit
1222 1633 1422 1685 ﬂuxum
1445 1638 1496 1683 et
1513 1628 1788 1692 caducum,
1821 1635 1873 1679 et
1896 1640 2029 1694 quo-

443 1726 604 1782 modo
633 1741 922 1795 supernum
947 1733 1100 1792 rogat
1123 1721 1414 1776 auxilium?
1439 1721 1537 1787 Qui
1569 1719 1710 1774 enim
1745 1733 1802 1771 ea
1828 1718 1910 1770 via
1937 1716 2021 1770 in-

397 1873 400 1876 .
443 1817 775 1888 grediuntur,
829 1829 894 1868 eo
936 1816 1165 1868 maxime
1217 1812 1413 1866 auxilio
1458 1809 1711 1878 indigent.
1764 1807 2028 1863 Justitiam

445 1915 621 1962 autem
654 1906 740 1960 hic
767 1905 895 1959 dicit
920 1904 1224 1958 universam
1253 1902 1499 1956 virtutem
1530 1899 1627 1968 (τι).
1669 1899 1732 1952 Et
1777 1907 1922 1951 recte
1948 1895 2028 1950 di-

444 1997 540 2063 cit,
567 1995 629 2050 In
657 2006 744 2049 tua
759 1995 980 2065 justitia.
1015 1994 1108 2048 Est
1145 1993 1283 2047 enim
1321 1992 1478 2046 etiam
1509 1990 1778 2043 hominum
1802 1987 2025 2058 justitia,

445 2104 566 2162 qute
594 2104 663 2144 ex
691 2088 926 2142 externis
977 2086 1179 2156 legibus
1231 2083 1603 2153 proﬁciscitur,
1655 2080 1749 2135 sed
1795 2079 1932 2143 vilis,
1975 2087 2032 2134 ct

445 2195 566 2252 qua:
612 2177 744 2231 nihil
802 2177 961 2230 habet
989 2175 1278 2242 perfectum
1305 2182 1357 2227 et
1386 2172 1704 2232 absolutum,
1732 2179 1783 2223 et
1824 2176 2032 2222 constat

446 2285 511 2322 ex
546 2268 788 2321 humanis
812 2265 1241 2336 cogitationibus.
1283 2263 1393 2332 Ego
1421 2271 1594 2315 autem
1625 2269 1765 2315 tuam
1797 2268 1918 2323 peto
1941 2256 2030 2327 ju-

447 2359 664 2422 stitiam,
693 2373 811 2426 qua:
835 2372 861 2410 a
887 2367 936 2411 te
961 2355 1135 2409 delata
1160 2363 1260 2416 est,
1293 2368 1412 2423 qua:
1456 2351 1600 2404 ducit
1648 2350 1700 2404 in
1733 2349 1950 2414 cmlum;
1979 2355 2034 2402 ct

447 2453 720 2516 uinxilium,
753 2459 811 2504 ut
842 2449 980 2504 hanc
1002 2447 1259 2517 justitiam
1289 2445 1418 2498 mihi
1445 2442 1724 2499 conciliem
1759 2441 1798 2494 ³.

519 2543 571 2598 5.
605 2542 768 2596 Recte
786 2550 960 2595 autem
984 2540 1114 2593 dixit
1136 2536 1284 2602 illud,
1307 2535 1480 2590 Deduc
1502 2551 1598 2588 me.
1623 2533 1867 2588 Prmsens
1889 2531 2030 2585 enim

447 2633 554 2688 vita
584 2633 668 2687 via
707 2641 790 2687 est
825 2646 941 2702 qua:
977 2638 1090 2684 uta
1123 2643 1282 2683 manu
1319 2640 1544 2695 superna
1581 2623 1872 2677 deducatur
1900 2635 2033 2690 opus

448 2724 628 2777 habet.
647 2721 701 2777 Si
723 2721 864 2776 enim
885 2720 1065 2774 urbem
1091 2716 1374 2787 ingressuri
1395 2731 1526 2784 opus
1553 2713 1807 2768 habemus
1829 2711 2033 2781 aliquo,

447 2813 534 2884 qui
567 2811 704 2865 viam
743 2811 894 2864 nobis
939 2808 1164 2873 indicet,
1193 2806 1360 2860 multo
1390 2805 1556 2874 magis
1582 2803 1632 2857 in
1660 2802 1849 2858 ccelum
1875 2816 2034 2869 pere-

447 2903 704 2976 grinaturi
745 2915 880 2972 opus
919 2899 1174 2954 habemus
1213 2911 1442 2966 superno
1483 2893 1701 2959 auxilio,
1730 2903 1786 2947 ut
1818 2892 2031 2958 indicet,

447 2993 728 3051 conlirmet
773 3001 827 3046 et
863 2990 1091 3046 deducat
1123 3007 1136 3044 :
1170 2988 1346 3041 multae
1369 2987 1656 3040 enimsunt
1684 2983 1886 3036 semitae
1915 2995 2035 3050 qua:

449 3089 736 3142 divertunt.
767 3083 1054 3152 Propterea
1079 3080 1348 3134 dexteram
1381 3077 1472 3132 Dei
1499 3087 1791 3130 teneamus.
1821 3071 2035 3142 Propter

447 3180 678 3234 inimicos
704 3191 858 3230 meos.
890 3173 1057 3238 Multi,
1087 3171 1273 3240 inquit,
1297 3168 1670 3237 conspirarnnt
1699 3164 1916 3224 inimici,
1938 3177 2034 3218 vo-

449 3271 620 3326 lentes
639 3280 852 3335 gressus
872 3280 1019 3318 meos
1040 3261 1324 3325 divertere,
1343 3267 1397 3312 οι
1415 3259 1466 3311 in
1487 3272 1722 3311 errorem
1745 3255 2030 3320 abducere,

451 3365 504 3417 in
536 3362 798 3428 aliamque
827 3357 965 3410 viam
993 3355 1207 3408 ducere.
1253 3350 1384 3419 Quia
1415 3366 1541 3419 ergo
1580 3349 1712 3402 tales
1751 3356 1872 3402 sunt
1903 3347 2034 3400 insi-

450 3452 574 3517 diaz,
602 3449 734 3504 tales
765 3448 1086 3505 invasiones,
1111 3445 1222 3512 ipse
1247 3457 1331 3495 me
1353 3439 1545 3494 deduc.
1579 3439 1693 3492 Tuo
1721 3438 1863 3492 enim
1895 3435 2036 3490 auxi-

452 3542 523 3596 lio
545 3554 698 3609 egeo.
730 3537 860 3592 Nam
887 3535 1016 3589 utin
1048 3533 1128 3587 via
1157 3531 1367 3602 quidem
1395 3528 1735 3591 deducantur,
1766 3526 1880 3596 ejus
1907 3533 1989 3580 est
2020 3543 2032 3579 :

454 3643 510 3688 ut
539 3641 717 3687 autem
747 3628 890 3699 digni
920 3629 1086 3682 simus
1107 3634 1164 3678 ut
1189 3624 1274 3677 illa
1309 3637 1469 3676 manu
1502 3629 1809 3685 teneamur,
1838 3626 2036 3671 nostra:

453 3725 524 3776 sit
547 3721 856 3791 diligentiae.
889 3717 947 3773 Si
975 3715 1136 3770 lueris
1162 3713 1300 3769 enim
1330 3711 1651 3774 immundus,
1681 3725 1786 3763 non
1817 3717 1867 3761 te
1893 3715 2038 3761 tenet

454 3815 542 3869 illa
567 3826 754 3866 manus
777 3828 790 3862 :
815 3809 858 3863 si
886 3807 1046 3863 fueris
1070 3820 1260 3860 avarus
1278 3844 1293 3868 ,
1321 3803 1364 3857 si
1394 3802 1624 3872 aliquam
1653 3801 1808 3854 aliam
1838 3798 2039 3851 habens

456 3903 740 3958 maculam.
769 3899 947 3972 Dirige
971 3899 1024 3952 in
1048 3906 1313 3965 conspectu
1331 3905 1414 3948 tuo
1434 3895 1564 3947 viam
1586 3909 1744 3946 meam
1767 3908 1785 3945 :
1810 3891 1910 3944 hoc
1934 3899 2036 3956 cst,

456 3995 563 4051 Fac
591 3993 718 4048 mihi
750 4007 867 4046 eam
899 3991 1116 4052 claram,
1146 3996 1404 4057 apertam,
1434 3995 1611 4038 notam
1638 4004 1651 4038 :
1681 3983 1763 4038 fac
1789 3994 1845 4038 ut
1871 3999 1932 4037 ea
1964 3984 2035 4038 sit

455 4086 593 4156 apud
617 4101 700 4139 me
720 4092 865 4138 certa
895 4090 948 4136 et
978 4088 1145 4134 recta.
1193 4079 1343 4132 Alius
1373 4087 1546 4129 autem
1581 4075 1840 4143 interpres
1860 4073 1993 4128 dixit
2021 4091 2036 4128 :

457 4179 735 4248 Complana
761 4185 876 4229 ante
900 4191 976 4228 me
1001 4173 1132 4226 riam
1167 4181 1336 4234 tuam;
1367 4169 1466 4223 hoc
1489 4177 1590 4233 est,
1617 4166 1800 4221 Redde
1832 4167 2037 4235 planam

456 4287 518 4328 ac
553 4271 782 4326 facilem.
807 4268 894 4322 10.
929 4266 1183 4334 Quoniam
1211 4279 1311 4316 non
1337 4271 1406 4315 est
1443 4262 1496 4314 in
1531 4276 1702 4314 eorum
1733 4259 1932 4323 veritas,
1955 4273 2042 4310 cor

455 4381 626 4419 eorum
648 4378 831 4416 vanum
856 4369 946 4413 est.
978 4357 1103 4412 Mihi
1128 4355 1331 4410 videtur
1353 4353 1466 4407 hmc
1487 4353 1664 4406 dicere
1688 4360 1740 4404 et
1769 4351 1836 4405 de
1864 4352 1928 4404 iis
1950 4351 2040 4420 qui

459 4457 510 4512 in
539 4471 721 4511 errore
747 4461 1057 4512 versantur,
1089 4458 1144 4504 οι
1182 4463 1243 4502 05
1282 4457 1335 4500 Cl.
1381 4455 1611 4499 mentem
1654 4457 1945 4506 accusans,
1985 4451 2043 4496 ιιι

459 4551 604 4607 omni
635 4550 775 4603 bono
795 4545 1134 4605 destitutam;
1166 4548 1222 4595 et
1245 4539 1311 4594 de
1333 4539 1395 4593 iis
1420 4538 1508 4608 qui
1530 4537 1712 4590 vivunt
1736 4535 1788 4589 in
1817 4535 2038 4589 scelere.

460 4643 546 4696 11.
581 4639 883 4709 Sepulcrum
910 4643 1086 4704 patens
1117 4641 1187 4685 est
1223 4640 1390 4701 guttur
1420 4645 1609 4683 eorum.
1641 4626 1737 4680 Vel
1767 4625 2040 4680 hominum

460 4730 609 4786 cardo
648 4726 924 4792 delectari,
967 4725 1048 4779 vel
1091 4731 1296 4777 mortua
1325 4729 1379 4775 et
1405 4720 1542 4774 male
1567 4719 1761 4773 olentia
1795 4718 2042 4788 dogmata

459 4824 699 4895 proferre
723 4819 809 4872 hic
835 4817 984 4872 dicit.
1011 4813 1126 4868 Non
1153 4812 1477 4867 aberraverit
1516 4810 1801 4879 quispiam,
1827 4810 1870 4862 si
1902 4809 2043 4862 dicat

458 4916 618 4972 etiam
645 4925 854 4974 eorum,
876 4907 966 4978 qui
997 4907 1246 4961 obscmna
1279 4903 1439 4956 verba
1471 4901 1758 4970 loquuntur
1778 4940 1791 4962 ,
1821 4915 1912 4952 ora
1945 4914 2040 4968 pa-

463 5016 577 5062 tens
600 5001 901 5072 sepulcrum
931 4995 1246 5066 appellasse.
1281 4991 1374 5046 llle
1403 4991 1543 5044 enim
1571 4989 1730 5044 lmtor
1753 4997 1835 5044 est
1865 4988 2040 5042 sensi-

462 5097 552 5153 bili
590 5095 756 5150 multe
793 5090 1026 5161 gravior,
1055 5085 1144 5155 qui
1179 5082 1392 5154 quidem
1433 5097 1495 5136 ex
1535 5081 1727 5134 animae
1765 5079 2043 5149 putredine

459 5191 668 5244 oritur:
697 5193 821 5242 sunt
848 5181 1006 5238 etiam
1033 5191 1314 5232 avarorum
1353 5190 1446 5229 ora
1483 5173 1626 5238 talia,
1660 5173 1872 5242 quando
1910 5171 2042 5225 nihil

460 5278 603 5334 aliud
650 5277 923 5346 proferunt
950 5284 1110 5342 quam
1136 5266 1308 5322 cmdes
1337 5274 1390 5319 et
1416 5265 1646 5334 rapinas.
1687 5265 1764 5318 Ne
1807 5263 1876 5316 sit
1913 5276 2040 5332 ergo

462 5384 526 5424 os
568 5381 715 5424 tuum
761 5365 1100 5435 sepulcrum,
1147 5358 1240 5413 sed
1277 5357 1573 5411 thesaurus.
1604 5356 1858 5410 Thesauri
1899 5355 2040 5409 enim

526 5462 542 5494 ⁸
579 5467 715 5520 tteg.,
740 5462 790 5505 ut
812 5457 936 5520 hanc
950 5451 1192 5516 justitiam
1213 5445 1331 5518 mihi
1355 5446 1606 5520 conciliem
1629 5443 1679 5520 in
1699 5445 2006 5520 prtesidium.

526 5521 599 5582 (ιι)
623 5509 857 5567 Justitiam
879 5509 974 5582 hic:
971 5522 1128 5582 vocat,
1146 5509 1686 5582 ιιηὶιξίενεςιῃι,υῇνιηιιςητἶ
1695 5513 2043 5582 fferteresquo:

463 5567 844 5645 merseriptores
866 5567 1161 5645 proianidiu
1185 5579 1302 5645 ante
1335 5567 1833 5645 Christumgjunstitium-
1843 5578 2041 5645 omnem

465 5627 829 5693 ige'viriutem
850 5627 1094 5690 dicebant,
1119 5647 1212 5694 qua
1237 5632 1300 5680 de
1323 5644 1380 5680 re
1415 5627 1608 5680 versum
1631 5627 2040 5694 Empedoclisjam

465 5721 609 5773 supra
629 5716 678 5765 p.
704 5700 782 5762 ω,
803 5705 902 5748 not.
928 5697 1021 5760 (ο),
1041 5695 1306 5743 attulimus.

2128 361 2347 414 multum
2403 376 2432 415 a
2482 363 2740 432 sepulcris
2798 364 3082 429 diﬂ'erunt,
3131 367 3270 436 quod
3329 367 3416 422 illa
3485 369 3699 435 qnidem

2123 463 2464 522 corrumpant
2527 455 2664 523 quod
2724 459 3074 525 acceperint,
3149 459 3234 513 isti
3293 474 3422 512 vero
3485 473 3702 513 conser-

2123 553 2264 596 vent.
2301 543 2444 597 llabe
2472 560 2598 613 ergo
2620 555 2672 599 tu
2701 561 2910 616 quoque
2947 546 3158 600 divitias
3192 547 3351 602 studii
3388 548 3664 617 sapientia-
3685 588 3698 598 .

2124 651 2241 704 qua:
2284 646 2538 705 perpetuo
2577 650 2915 708 permanent,
2947 638 3039 692 sed
3069 655 3173 693 non
3201 639 3443 694 {tutorem
3470 638 3701 708 aliquem

2124 727 2555 796 etputredinem.
2597 730 2662 783 lit
2705 745 2809 782 non
2855 730 2992 784 dixit
3032 729 3344 798 simpliciter
3380 740 3433 784 et
3461 729 3702 783 absolth

2125 819 2446 887 sepulcrum,
2473 819 2565 873 sed
2599 831 2813 890 patens,
2853 829 2908 874 ut
2945 820 3103 875 etiam
3143 821 3406 889 signiﬁcet
3445 833 3701 889 majorem

2125 924 2245 964 esse
2270 909 2733 964 abominationem.
2763 912 2894 966 Cum
2916 911 3055 965 enim
3092 919 3362 980 oporteret
3393 925 3487 964 eos
3526 910 3704 979 hujus-

2128 1001 2269 1055 tnodi
2297 1003 2458 1057 verba
2483 1003 2676 1066 celare,
2707 1004 2780 1056 illi
2810 1004 2968 1057 etiam
2991 1003 3261 1071 proferunt
3284 1011 3340 1055 ut
3361 1017 3512 1056 suum
3539 1005 3704 1070 magis

2128 1092 2367 1145 morbum
2395 1092 2694 1146 ostendant.
2735 1092 2797 1146 Et
2830 1094 2879 1146 in
2907 1093 3129 1147 mortuis
3154 1092 3367 1162 quidem
3393 1089 3707 1160 corporibus

2128 1181 2448 1234 contrarium
2471 1181 2741 1247 facientes,
2760 1181 3294 1236 terr.etradimus:hi
3331 1191 3506 1235 autem
3539 1181 3590 1234 in
3626 1180 3706 1234 his

2128 1270 2304 1324 verbis
2329 1271 2522 1324 faciunt
2545 1273 2891 1334 contrarium,
2913 1285 2961 1325 et
2987 1269 3126 1341 quod
3153 1273 3202 1325 in
3227 1271 3332 1325 imo
3353 1271 3511 1324 corde
3532 1271 3705 1325 celare

2128 1369 2398 1428 oporteret
2425 1369 2480 1414 et
2507 1360 2784 1420 suti'ucare.
2821 1360 3152 1431 proferentes
3172 1401 3187 1424 ,
3227 1371 3279 1414 et
3319 1361 3514 1414 multus
3542 1361 3707 1414 oﬂ'en-

2129 1450 2336 1516 dentes,
2357 1458 2410 1504 et
2433 1451 2678 1505 omnibus
2711 1451 2930 1504 videnda
2960 1459 3330 1520 prominentes.
3365 1451 3468 1504 Sed
3495 1465 3589 1504 eos
3617 1451 3705 1519 qui

2133 1542 2263 1597 tales
2285 1547 2426 1606 sunt,
2453 1558 2653 1611 quzeso,
2678 1543 2971 1610 abigamus.
3005 1541 3061 1595 Si
3087 1542 3226 1595 enim
3257 1549 3458 1592 mortua
3482 1553 3702 1608 corpora

2129 1643 2276 1685 extra
2304 1630 2486 1686 urbem
2507 1631 2790 1700 sepelimus
2815 1632 2912 1701 (η),
2938 1631 3105 1684 multo
3131 1630 3297 1699 magis
3326 1645 3415 1683 eos
3442 1630 3528 1698 qui
3550 1629 3708 1682 verba

2131 1732 2356 1787 mortua,
2385 1730 2438 1777 et
2463 1723 2552 1792 qui
2580 1723 2699 1776 talia
2732 1722 3024 1792 proferunt,
3056 1730 3109 1776 et
3132 1737 3198 1776 ne
3219 1731 3395 1790 tegere
3417 1727 3509 1773 aut
3529 1719 3704 1772 ‹›1›ιιιιι‹

2132 1812 2287 1868 hrare
2306 1813 2518 1882 quidem
2543 1813 2744 1878 volunt,
2771 1813 2926 1882 longe
2954 1811 3236 1866 amandare
3261 1821 3467 1880 oportet
3492 1828 3504 1863 :
3531 1809 3709 1879 hujus-

2132 1902 2274 1958 modi
2318 1903 2460 1957 enim
2504 1918 2595 1958 ora
2647 1912 2770 1957 sunt
2811 1904 3108 1957 communis
3155 1901 3381 1956 civitatis
3427 1903 3704 1971 pernicies.

2133 1995 2342 2067 Linguis
2366 1997 2469 2050 suis
2491 1997 2660 2050 dolose
2678 1997 2906 2066 agebant.
2939 1995 3129 2050 Vidisti
3154 1995 3292 2049 aliud
3321 2011 3489 2064 genus
3511 1996 3709 2063 impro-

2133 2087 2331 2142 bitatis.
2359 2088 2420 2142 Hi
2444 2087 2654 2156 quidem
2685 2088 2861 2142 dolum
2890 2088 2939 2140 in
2968 2096 3145 2141 mente
3172 2101 3264 2139 sua
3287 2087 3479 2151 celant,
3507 2085 3712 2139 blandis

2135 2178 2308 2233 verbis
2329 2188 2538 2233 utentes
2563 2197 2574 2229 :
2600 2179 2685 2232 alii
2709 2189 2884 2232 autem
2915 2177 3050 2234 adeo
3075 2186 3201 2232 sunt
3225 2177 3355 2232 vafri
3379 2187 3431 2232 et
3457 2177 3634 2242 astuti,
3657 2187 3708 2231 nt

2137 2270 2188 2323 in
2217 2270 2343 2339 ipsis
2364 2270 2540 2324 verbis
2583 2270 2973 2340 improbitatem
3003 2271 3252 2340 ohtegant
3271 2312 3286 2335 ,
3319 2271 3634 2340 fraudesque
3660 2282 3711 2326 et

2135 2360 2351 2415 insidias
2377 2371 2703 2414 construant.
2723 2361 2911 2414 Judica
2929 2362 3064 2427 illos,
3089 2361 3220 2415 Deus
3239 2403 3252 2426 ,
3282 2363 3510 2415 excidant
3528 2379 3557 2412 α
3579 2364 3712 2436 cogis

2137 2453 2406 2506 tationibus
2443 2455 2564 2507 suis.
2601 2453 2732 2508 Vide
2759 2453 2844 2508 hic
2871 2455 3028 2507 etiam
3056 2469 3213 2522 quam
3246 2454 3312 2508 sit
3355 2455 3498 2508 mitis
3523 2456 3709 2507 oratio.

2136 2542 2250 2596 Non
2280 2544 2422 2597 enim
2451 2543 2581 2596 dixit
2610 2559 2622 2595 :
2657 2542 2807 2606 Puni,
2837 2542 2953 2607 sed,
2977 2541 3166 2595 Judica
3191 2558 3294 2608 eos,
3316 2552 3370 2598 et
3406 2542 3486 2596 fac
3515 2554 3568 2596 ut
3602 2558 3713 2596 ces-

2135 2642 2256 2690 sent
2283 2648 2314 2688 a
2345 2634 2503 2698 vitio;
2545 2632 2626 2688 lac
2669 2643 2725 2686 ut
2767 2633 2873 2686 sint
2911 2633 3057 2687 irrita
3087 2649 3268 2688 eorum
3293 2634 3542 2699 consilia,
3573 2633 3712 2701 quod

2137 2726 2294 2780 etiam
2323 2740 2416 2795 pro
2447 2725 2574 2794 ipsis
2600 2735 2679 2780 est
2708 2741 2888 2787 orare,
2926 2736 2983 2779 ut
3027 2741 3130 2780 non
3172 2726 3304 2779 ultra
3350 2726 3714 2795 progrediatur

2138 2831 2321 2871 eorum
2345 2816 2672 2884 improbitas.
2702 2815 2996 2870 Secundum
3018 2817 3384 2870 multitudinem
3407 2817 3716 2886 impie-latum

2139 2923 2312 2961 eorum
2343 2907 2538 2977 expelle
2578 2922 2660 2960 eos
2683 2949 2698 2973 ,
2739 2908 2974 2975 quoniam
3018 2908 3334 2962 irritaverant
3373 2918 3438 2972 te,
3484 2908 3713 2962 Domine.

2140 2996 2251 3051 Hoc
2279 3005 2380 3062 est,
2407 2997 2519 3051 Non
2551 3007 2673 3051 sunt
2699 2998 2828 3052 mihi
2847 3013 2988 3052 cura:
3011 3013 3071 3052 ea
3097 3015 3213 3068 quin
3241 2999 3366 3053 mihi
3393 2997 3527 3054 facta
3555 3009 3712 3054 sunt:

2139 3089 2234 3144 sed
2265 3090 2420 3144 doleo
2455 3098 2671 3159 propter
2696 3104 2757 3144 ea
2781 3106 2898 3160 qua:
2929 3091 3019 3144 tibi
3049 3090 3303 3144 fecerunt.
3333 3091 3444 3144 lloc
3472 3100 3553 3145 est
3575 3093 3715 3144 enim

2139 3181 2192 3236 in
2233 3182 2416 3251 primis
2462 3182 2534 3251 pii
2579 3191 2631 3236 ct
2671 3181 2923 3250 sapientis
2963 3182 3156 3247 animi,
3186 3197 3309 3236 suas
3335 3182 3548 3252 quidem
3577 3183 3718 3236 nolle

2141 3272 2354 3337 ulcisci,
2383 3273 2476 3326 sed
2509 3273 2600 3327 Dei
2629 3273 2847 3342 injurias
2875 3272 3220 3328 vehementer
3258 3274 3522 3343 persequi.
3567 3273 3713 3326 Multi

2139 3363 2337 3420 faciunt
2362 3363 2444 3419 his
2464 3366 2748 3427 contraria,
2777 3381 2894 3435 qua:
2925 3365 2974 3418 in
3008 3365 3172 3419 Deum
3201 3365 3413 3434 quidem
3438 3365 3572 3419 facta
3594 3376 3714 3419 sunt

2139 3465 2560 3521 contemnentes,
2583 3472 2702 3526 qua:
2730 3457 2781 3510 in
2803 3470 2861 3511 se
2887 3466 3063 3510 autem
3089 3464 3300 3525 peccata
3322 3457 3578 3512 acerrime
3604 3457 3717 3510 viu-

2141 3549 2398 3604 dicantes.
2428 3549 2497 3604 At
2523 3565 2626 3603 non
2653 3549 2730 3604 sic
2757 3549 2944 3611 sancti,
2969 3547 3062 3602 sed
3085 3564 3268 3603 eorum
3293 3549 3503 3620 quidem
3526 3567 3642 3620 qua-
3665 3551 3715 3602 in

2143 3641 2304 3696 Deum
2335 3640 2546 3703 ﬁebant,
2570 3649 2720 3695 erant
2747 3641 2990 3695 acerrimi
3015 3639 3277 3704 vindices;
3307 3656 3424 3710 qua:
3455 3641 3505 3695 in
3537 3657 3594 3695 se
3619 3656 3713 3694 au-

2143 3741 2248 3786 tem
2265 3774 2278 3794 ,
2311 3734 2662 3802 ncgligebant.

2214 3823 2414 3877 Laetitia
2461 3839 2523 3877 ea:
2571 3823 2677 3878 Deo
2716 3824 2885 3892 ﬁrma.
2915 3853 2987 3863 —
3015 3824 3101 3878 1'2.
3132 3840 3153 3876 ι
3187 3821 3251 3877 Et
3287 3822 3516 3877 ltrtentur
3551 3839 3718 3876 unum

2141 3917 2227 3985 qui
2250 3925 2452 3985 sperant
2478 3917 2529 3968 in
2559 3926 2623 3968 te.
2655 3934 2672 3966 ι
2711 3915 2839 3970 Vide
2865 3917 3066 3971 lucrum
3093 3916 3365 3971 orationis.
3412 3917 3476 3969 Et
3502 3914 3577 3969 illi
3604 3931 3717 3968 me-

2145 4007 2303 4061 liores
2331 4006 2574 4067 evadent,
2600 4014 2652 4060 et
2675 4006 2933 4061 desistent
2953 4023 2982 4061 a
3009 4007 3178 4070 vitiis;
3210 4016 3263 4060 et
3291 4005 3378 4058 alii
3414 4021 3599 4074 magna
3623 4022 3718 4058 vo-

2146 4100 2342 4169 luptate
2371 4098 2682 4163 afﬁcientur,
2713 4098 2950 4153 videntes
2971 4099 3176 4151 illorum
3198 4095 3560 4158 mutationem,
3583 4105 3634 4148 et
3651 4097 3720 4150 ad

2145 4191 2196 4245 id
2222 4190 2360 4259 quod
2387 4201 2468 4244 est
2496 4190 2686 4244 melius
2715 4189 3113 4244 conversionem
3138 4228 3152 4250 ,
3183 4194 3238 4239 et
3262 4185 3392 4240 alios
3422 4200 3482 4238 ea
3513 4186 3721 4240 ratione

2145 4282 2262 4337 ﬂeri
2286 4282 2555 4336 meliores.
2589 4279 2653 4333 In
2679 4291 2917 4334 a'ternum
2943 4275 3288 4342 exsultabant,
3323 4283 3368 4327 et
3397 4273 3638 4328 Itabitabis
3667 4277 3719 4328 in

2145 4375 2234 4426 eis.
2269 4373 2379 4427 Hoc
2415 4381 2496 4426 est
2533 4372 2673 4426 enim
2714 4371 2939 4423 maxime
2964 4367 3209 4437 gaudium
3239 4375 3583 4436 perpetuum;
3619 4369 3720 4420 alia

2146 4465 2286 4518 enim
2329 4462 2516 4532 gaudia
2557 4459 2721 4514 nihilo
2762 4466 2884 4511 sunt
2929 4456 3198 4512 stabiliora
3245 4471 3402 4525 quam
3442 4455 3718 4510 ﬂuviorum

2147 4557 2362 4617 ﬂuenta,
2391 4570 2508 4622 quae
2538 4552 2690 4607 simul
2714 4566 2776 4604 ac
2803 4549 3044 4604 videntur
3071 4548 3464 4618 praeterﬂuunt;
3495 4565 3610 4616 qua:
3635 4559 3715 4602 est

2146 4658 2320 4703 autem
2350 4663 2416 4701 ex
2444 4647 2550 4700 Deo
2577 4645 2776 4709 laetitia,
2808 4651 3018 4707 manet,
3051 4641 3316 4710 ﬁrmisque
3341 4641 3504 4693 lueret
3529 4641 3720 4692 radici-

2147 4741 2266 4805 bus,
2290 4748 2342 4792 et
2366 4747 2446 4792 est
2465 4736 2734 4790 sufﬁciens
2756 4776 2768 4796 ,
2802 4744 3056 4804 perpetua
3085 4747 3148 4786 ac
3173 4731 3395 4795 stabilis,
3422 4744 3537 4800 qua:
3566 4730 3720 4786 nullis

2149 4828 2431 4898 inopinatis
2459 4842 2522 4879 ac
2548 4824 2924 4893 inexspectatis
2945 4823 3154 4877 casibus
3181 4823 3596 4889 interrumpitur,
3628 4818 3724 4876 sed

2150 4936 2242 4990 per
2279 4935 2342 4974 ea
2379 4933 2496 4988 qua:
2535 4917 2818 4986 prohibent
2854 4915 3023 4982 major
3057 4923 3110 4967 et
3146 4911 3420 4966 sublimior
3461 4909 3716 4963 redditur.

2148 5012 2278 5067 Nam
2319 5019 2372 5064 et
2404 5008 2623 5076 apostoli
2653 5006 2870 5075 ﬂagellis
2903 5002 3256 5064 czedebantur,
3298 5008 3353 5053 ct
3385 4999 3716 5068 gaudebant;

2148 5116 2201 5161 et
2220 5104 2418 5160 Paulus
2443 5099 2794 5170 afﬂigebatur,
2825 5106 2879 5151 et
2903 5093 3200 5151 exsultabat
3228 5111 3242 5146 :
3271 5093 3556 5147 moriturus
3584 5100 3720 5155 erat,

2148 5207 2202 5254 et
2237 5197 2411 5267 gaudii
2449 5192 2733 5262 participes
2757 5187 3072 5258 appellabat,
3095 5185 3279 5239 dicens
3309 5203 3323 5239 :
3356 5184 3460 5239 Sed
3481 5184 3572 5235 etsi
3594 5184 3710 5236 deli-

2151 5291 2239 5342 bor
2264 5296 2469 5356 propter
2498 5281 2804 5349 sacrificium
2824 5287 2872 5331 et
2897 5276 3224 5331 ministerium
3245 5275 3363 5343 fidei
3381 5288 3582 5338 vestrm,
3601 5289 3730 5341 gan-

2149 5381 2243 5434 deo
2271 5387 2316 5431 et
2346 5377 2570 5428 colla'tor
2595 5388 2708 5424 cum
2729 5371 2862 5423 vobis
2890 5369 3136 5422 omnibus.
3169 5366 3192 5419 1
3202 5367 3351 5418 tidem
3382 5381 3464 5416 vos
3489 5363 3718 5433 gaudete,

2149 5481 2194 5526 et
2218 5483 2409 5523 mecum
2428 5462 2752 5518 collaetamini
2779 5458 3034 5529 (Philipp.
3065 5458 3118 5512 2.
3147 5459 3231 5512 17.
3259 5458 3366 5526 18).
3397 5456 3526 5509 Cum
3551 5453 3614 5507 iis
3632 5456 3720 5522 qui

2213 5560 2286 5620 (τι)
2320 5565 2417 5604 Mos
2430 5552 2700 5620 sepeliendi
2719 5564 2918 5620 corpora
2932 5550 3268 5620 defunctorum
3288 5553 3424 5620 extra
3440 5546 3726 5620 urbgsmon

2148 5605 2283 5684 apud
2297 5605 2522 5666 Romanos
2539 5615 2697 5674 modo,
2722 5605 2818 5663 sed
2836 5615 2980 5663 etiam
3003 5612 3126 5675 apud
3161 5610 3483 5660 Atheuienses
3510 5605 3724 5667 aliosque

2153 5687 2202 5733 in
2220 5694 2309 5730 usu
2331 5685 2454 5730 erat.
