4112 6224
303 387 372 446 87
1446 379 1810 438 EXPOSITIO
1849 377 1915 432 1N
1954 377 2280 434 PSALMUM
2311 379 2369 432 \'.
3495 375 3560 435 οε

292 505 541 578 ’σωθῆναι
574 504 709 580 αὕτη
747 508 1040 579 εἰσήγαγεν
1070 523 1083 537 ·
1134 504 1438 578 ἀπέστρεψε
1475 505 1690 567 κακίας,
1734 503 1878 572 ὲχει-

309 591 598 662 ραγὼγησε
637 592 775 664 πρὸς
806 593 1009 664 ἀρετήν
1030 609 1044 624 ·
1080 591 1316 664 19130152;
1359 591 1632 662 ὐπέφηνεν
1666 588 1883 648 ἐλπίδας

304 676 538 738 καὶτοῖς
582 677 640 728 ἐν
688 676 924 747 πονηρίᾳ
969 677 1155 741 ζῶσιν,
1201 675 1253 728 εἴ
1287 691 1348 744 γε
1380 672 1678 745 βουληθῶσι
1715 688 1881 742 μετα-

306 755 591 827 ϐληθῆναι,
643 759 720 823 ὡς
764 759 916 812 ὲλέου
957 759 1271 828 δυναμένοις
1307 761 1487 828 τυχεῖν
1517 773 1531 787 ·
1569 756 1759 827 τρέπει
1791 753 1883 808 τὸν

306 837 462 908 λόγον
486 843 566 903 εἰς
588 841 804 914 αἴτησιν
827 841 1010 895 λοιπὸν
1029 842 1289 910 λέγουσαν
1307 858 1320 870 ·
1353 843 1550 908 Κύριε,
1576 839 1884 908 όὸήγυησόν
1916 868 1919 871 -

302 941 380 993 με
407 925 476 978 ἐν
503 923 579 992 τῆ
612 925 968 994 δικαιοσύνῃ
1002 943 1118 980 σου
1140 941 1156 956 ·
1196 926 1284 980 διὰ
1318 926 1517 979 τούτων
1551 922 1884 980 παιδεύουσα

307 1007 398 1059 τὸν
451 1007 728 1079 ἀκροατὴν
773 1009 1033 1080 πρότερον
1079 1011 1280 1080 ὕμνους
1329 1011 1621 1078 ἀναφέρειν
1667 1010 1747 1072 εἰς
1795 1008 1885 1060 τὸν

307 1089 462 1150 Θεὸν,
496 1091 589 1143 καὶ
621 1091 956 1164 εὐχαριστεῖν
987 1095 1069 1162 ἐφ’
1099 1091 1180 1158 οἷς
1222 1091 1281 1148 εὖ
1324 1093 1559 1147 πέπονθε
1583 1108 1597 1121 ·
1643 1091 1739 1144 καὶ
1763 1091 1883 1160 τότε

311 1171 455 1244 ἀπερ
483 1172 728 1241 βούλεται
757 1175 946 1239 αἰτεῖν,
977 1177 1070 1232 καὶ
1100 1177 1262 1230 πάλιν
1292 1177 1656 1247 εὐχαριστεῖν,
1692 1175 1780 1242 ἐφ’
1806 1167 1888 1235 οἷς

312 1253 378 1307 ἂν
420 1255 594 1310 λάϐοι.
637 1257 775 1310 Ἀλλ’
806 1259 1002 1329 ἴδωμεν
1048 1260 1142 1313 καὶ
1171 1260 1294 1314 τίνα
1326 1260 1476 1312 ἐστὶν
1517 1258 1554 1312 ἃ
1583 1259 1742 1311 αἰτεῖ.
1793 1255 1884 1327 Μὴ

310 1341 420 1412 γάρ
449 1358 501 1393 τι
531 1339 811 1410 βιωτικόν;
848 1345 920 1415 μή
943 1361 995 1396 τι
1027 1345 1324 1415 ἐπίκηρονς
1357 1344 1431 1414 μή
1466 1359 1518 1395 τι
1542 1341 1651 1395 τῶν
1673 1342 1885 1412 παραρ-

315 1423 580 1492 ρεόντων;
635 1426 726 1493 Μὴ
781 1428 910 1498 περὶ
963 1424 1193 1480 πλούτου
1242 1424 1584 1493 διαλέγεται;
1635 1424 1708 1496 μὴ
1755 1424 1885 1496 περὶ

310 1505 520 1576 δόξηςς
589 1508 660 1579 μὴ
710 1511 839 1580 περὶ
882 1509 1248 1574 δυναστείας;
1323 1509 1396 1580 μὴ
1445 1509 1570 1579 περὶ
1619 1507 1885 1578 τιμωρίας

312 1587 550 1661 ἐχθρῶνς
581 1591 743 1646 Οὐδὲν
771 1591 996 1645 τούτων.
1039 1590 1198 1644 ’Λλλά
1224 1591 1309 1654 τίς
1349 1593 1545 1661 Κύριε,
1578 1589 1888 1660 ὀδήγησόν

305 1689 385 1742 με
412 1674 483 1726 ἐν
510 1673 583 1742 τῇ
611 1675 966 1743 δικαιοσύνῃ
997 1691 1113 1730 σου
1135 1675 1310 1729 ἕνεκα
1341 1675 1460 1728 τῶν
1493 1673 1723 1743 ἐχθρῶν
1741 1691 1882 1742 μου.

325 1755 484 1828 Ὁρᾷς
511 1759 628 1821 πῶς
655 1759 804 1812 οὐδὲν
834 1759 1094 1830 ἐπίκηρον
1127 1761 1286 1825 αἰτεῖ,
1319 1761 1413 1814 καὶ
1445 1758 1564 1823 πῶς
1593 1759 1762 1812 δεῖται
1787 1756 1888 1827 τῆς

305 1841 512 1896 ἀνωθεν
560 1844 908 1915 συμμαχίας;
956 1843 1022 1899 Οἰ
1063 1844 1170 1916 γὰρ
1213 1845 1416 1916 ταύτην
1463 1844 1741 1906 ὁδεύοντες
1786 1841 1888 1912 τὴν

303 1925 441 1988 ὁδὸν,
465 1927 680 1996 ἐκείνης
705 1927 940 1998 μάλιστα
965 1927 1169 1982 δέονται
1193 1927 1292 1997 τῆς
1321 1929 1507 1999 ῥοπῆς.
1535 1926 1888 1995 Δικαιοσύνην

303 2008 358 2060 δὲ
388 2009 622 2062 ἐνταῦθα
648 2011 746 2078 τὴν
779 2011 1072 2082 καθολικήν
1113 2028 1277 2080 φησιν
1319 2011 1541 2080 ἀρετήν.
1577 2011 1684 2063 Καὶ
1711 2009 1890 2072 καλῶς

305 2087 478 2157 εἶπεν,
522 2095 627 2146 Ἐν
653 2093 724 2160 τῇ
749 2094 1110 2163 δικαιοσύνῃ
1155 2112 1294 2148 σου.
1337 2095 1491 2147 Ἐστι
1521 2093 1628 2163 γάρ
1654 2093 1748 2147 καί¹
1794 2094 1890 2146 ἀνο

307 2175 544 2245 θρῶπων
587 2176 926 2248 δικαιοσύνη,
970 2179 1002 2248 ἡ
1041 2177 1149 2231 ἀπὸ
1176 2178 1285 2230 τῶν
1313 2177 1492 2248 νόμων
1531 2176 1640 2230 τῶν
1663 2175 1883 2243 ἔξωθεν,

307 2259 423 2312 ἀλλ’
457 2260 699 2332 εὐτελὴς,
731 2261 827 2316 καὶ
854 2262 956 2314 οὐκ
997 2260 1196 2332 ἔχουσα
1245 2261 1304 2314 τὸ
1346 2258 1552 2314 τέλειον
1581 2261 1674 2314 καὶ
1705 2261 1888 2330 ἀπηρ-

308 2343 582 2412 τισμένου,
613 2344 707 2396 καὶ
754 2343 810 2410 ἐξ
839 2345 1194 2416 ἀνθρωπίνων
1229 2344 1559 2414 συγκειμένη
1586 2343 1883 2414 λογισμῶν.

324 2423 468 2491 Ἐγὼ
509 2425 566 2477 δὲ
608 2425 708 2494 τὴν
760 2427 856 2496 σὴν
904 2429 1039 2479 αἰτῶ
1087 2428 1464 2496 δικαιοσύνην,
1508 2428 1610 2496 τὴν
1642 2426 1748 2479 ἀπὸ
1792 2426 1887 2480 σού

317 2508 788 2577 κατενηνεγμένην
837 2508 940 2578 τὴν
961 2510 1036 2570 εἰς
1065 2509 1155 2560 τὸν
1175 2509 1400 2578 οὐρανὸν
1423 2507 1889 2578 χειραγωγούσαν,

321 2589 414 2642 καὶ
466 2589 562 2660 τὴν
607 2589 957 2660 συμμαχίαν,
1009 2591 1147 2644 ὥστε
1181 2591 1386 2661 ταύτην
1430 2589 1766 2644 ἐπισπᾶσθαι
1796 2589 1893 2661 τὴν

318 2672 406 2725 δικ
417 2689 524 2726 κιοι
537 2673 668 2743 ύνην
691 2685 738 2727 ιι.

387 2854 452 2902 ε’.
479 2847 674 2911 Καλῶς
703 2848 759 2902 δὲ
793 2843 911 2902 εἷπε
943 2851 1036 2904 καὶ
1071 2851 1153 2913 τὸ,
1183 2849 1530 2920 Ὀδή-γοησον.
1566 2850 1713 2914 Ὁδὸς
1735 2851 1842 2923 γάρ
1866 2853 1897 2905 ό

315 2929 506 3004 παρὼν
553 2931 683 3001 βίος,
719 2931 971 3000 δεόμενος
999 2933 1100 3001 τῆς
1147 2932 1352 2986 ἀνωθεν
1398 2934 1782 3002 χειραγωγίας.
1831 2933 1892 2986 Εἰ

313 3015 426 3088 γὰρ
449 3016 528 3078 εἰς
552 3014 711 3067 πόλιν
738 3013 1022 3086 μέλλοντες
1047 3017 1294 3080 εἰσιέναι,
1325 3017 1555 3088 δεόμεθα
1582 3017 1676 3070 τοῦ
1703 3017 1892 3089 γνωρί-

274 3111 276 3113 ’
313 3098 498 3164 ζοντος
523 3101 655 3170 ήμίν
687 3099 787 3168 τὴν
812 3099 928 3152 ὁδόν
947 3117 961 3130 ·
996 3100 1172 3171 πολλῷ
1203 3101 1402 3170 μᾶλλον
1436 3103 1516 3164 είς
1543 3101 1632 3154 τὸν
1665 3100 1894 3172 οὐρανὸν

315 3182 615 3252 ἀποδημεῖν
645 3181 958 3252 μέλλοντες,
999 3183 1186 3254 χρείαν
1211 3183 1409 3253 ἔχομεν
1441 3184 1540 3254 τῆς
1566 3183 1770 3238 ἀνωθεν
1804 3187 1894 3256 ρο-

317 3263 448 3333 πῆς,
486 3263 572 3316 ἵνα
619 3263 712 3318 καὶ
760 3263 912 3337 δείξῃ
943 3264 1038 3318 καὶ
1068 3265 1295 3338 στηρίξῃ
1335 3266 1428 3320 καὶ
1463 3267 1852 3338 χειραγωγήσῃ
1875 3283 1889 3297 ·

319 3348 513 3402 πολλαὶ
545 3347 653 3418 γὰρ
682 3348 917 3417 ἀτραποὶ
953 3349 1010 3402 αἱ
1042 3345 1423 3418 ἐκτρέπουσαι.
1455 3348 1553 3402 Διά
1576 3348 1733 3403 τοῦτο
1759 3349 1894 3420 ἐχώ-

321 3430 460 3501 μεθα
490 3431 587 3500 τῆς
614 3431 794 3496 δεξιᾶς
824 3429 918 3483 τού
947 3429 1104 3484 Θεοῦ.
1125 3429 1348 3484 Ἕνεκα
1370 3427 1491 3483 τῶν
1509 3430 1737 3502 ἐχθρῶν
1754 3449 1890 3504 μου.

320 3514 508 3568 Πολλοὶ
537 3514 911 3584 ἐπανέστησαν
928 3515 978 3580 ι’,
1007 3515 1158 3584 φησὶ,
1185 3516 1431 3588 πολέμιοι
1459 3515 1768 3589 βουλόμενοί
1788 3535 1889 3588 μου

320 3599 677 3670 παρεκκλῖναι
708 3596 778 3650 τά
816 3597 1146 3669 διαδήματα,
1182 3598 1275 3652 καὶ
1310 3599 1599 3671 πλανῆσαι,
1632 3603 1723 3656 καὶ
1755 3603 1893 3674 πρὸς

321 3682 515 3754 ἑτέραν
538 3681 656 3735 ὁδὸν
678 3684 923 3750 ἀγαγεῖν.
959 3683 1110 3736 Ἐπεὶ
1133 3679 1225 3737 οὖν
1245 3684 1488 3739 τοιαῦται
1509 3688 1564 3740 αἰ
1588 3687 1891 3751 ἐπιϐουλαὶ.

315 3764 562 3820 τοιαῦται
589 3765 646 3818 αἱ
667 3765 862 3834 ἔφοδοι,
894 3765 1156 3836 όδήγησόν
1182 3784 1249 3836 με
1271 3768 1452 3833 αὐτός.
1474 3769 1590 3839 Τῆς
1612 3770 1722 3843 γὰρ
1743 3771 1893 3843 παρά

319 3847 414 3901 σοῦ
436 3847 625 3920 χρείαν
645 3846 754 3917 ἔχω
783 3848 1119 3918 συμμαχίας.
1164 3849 1323 3903 Ἀλλά
1340 3851 1402 3904 τὸ
1424 3852 1523 3921 μὲν
1539 3852 1892 3925 όδηγηθῆναι,

315 3929 486 3983 αὐτοῦ
508 3929 745 3999 γίνεται·
779 3931 841 3983 τὸ
870 3930 928 3984 δὲ
954 3929 1102 3994 ἀξιον
1133 3925 1274 3985 εἶναι
1301 3931 1394 3985 τοῦ
1423 3935 1761 4008 κρατηθῆναι
1791 3937 1897 3990 ὐπὸ

313 4015 418 4084 τῆς
445 4013 623 4084 χειρὸς
653 4015 891 4083 ἐκείνης.
924 4013 1026 4082 τῆς
1058 4013 1333 4084 ἡμετέρας
1372 4016 1610 4084 γενέσθω
1638 4019 1894 4090 σπουδῆς.

323 4096 423 4148 ’Λν
449 4095 558 4166 γὰρ
587 4091 652 4168 ᾗς
676 4096 1006 4168 ἀκάθαρτος,
1035 4097 1098 4149 οὐ
1121 4096 1342 4168 κατέχει
1369 4113 1427 4150 σε
1461 4100 1492 4168 ή
1526 4098 1645 4170 χεὶρ
1675 4100 1859 4170 ἐκείνη
1879 4116 1894 4131 ·

315 4177 384 4232 ἂν
408 4172 475 4252 ᾗς
503 4177 849 4248 πλεονέκτης,
893 4178 959 4232 ἀν
991 4177 1185 4249 ἑτέραν
1209 4179 1332 4233 τινά
1365 4179 1557 4251 κηλῖδα
1582 4179 1740 4250 έχων.
1787 4183 1900 4234 Κα-

315 4261 612 4314 τεύθιϊον
651 4260 908 4314 ἐνώπιόν
942 4276 1060 4315 σου
1091 4260 1208 4330 τὴν
1252 4261 1398 4316 ὁδόν
1428 4277 1547 4330 μου
1569 4277 1583 4290 ·
1631 4262 1900 4325 τουτέστι,

314 4341 486 4412 δήλην
530 4358 620 4412 μοι
653 4342 894 4412 ποίησον,
932 4344 1110 4414 σαφῆ,
1159 4343 1442 4415 γνωρίμην
1473 4360 1489 4377 ο
1533 4343 1900 4415 όρθοτόμησον

316 4423 492 4496 αὐτὴν
541 4425 670 4494 παρ’
720 4426 862 4494 ὲμοί.
915 4424 1145 4497 ’Έτερος
1207 4427 1262 4479 δὲ
1313 4425 1656 4498 ἑρμηνευτὴς
1701 4427 1852 4480 εἶπεν
1881 4440 1896 4456 ⁸

330 4508 666 4578 Ὀμιίλισον
697 4507 1038 4577 ἔμπροσθέν
1062 4527 1184 4578 μου
1228 4509 1343 4576 τὴν
1385 4509 1530 4564 ὀδόν
1565 4524 1684 4564 σου
1711 4525 1722 4538 ⁸
1776 4527 1899 4564 του-

317 4592 491 4653 τέστι,
535 4591 725 4661 ῥᾳδίαν
754 4591 997 4662 ποίησον.
1039 4590 1279 4647 εὔκολον.
1317 4593 1438 4646 ’Ὁτι
1471 4595 1582 4648 οὐκ
1620 4592 1796 4648 ἔστιν
1830 4593 1903 4647 ἐν

317 4673 405 4740 τῷ
428 4676 681 4743 στόματι
706 4673 904 4729 αὐτῶν
938 4675 1208 4743 ἀλήθεια.
1245 4677 1283 4744 ἠ
1313 4675 1522 4744 καρδία
1557 4674 1757 4731 αὐτῶν
1792 4697 1908 4750 μα.

319 4759 481 4811 Tala.
525 4758 680 4828 Ἐμοὶ
702 4757 852 4812 δοκεῖ
887 4757 980 4812 καὶ
1005 4757 1133 4829 περὶ
1175 4757 1282 4811 τῶν
1312 4759 1369 4811 ἐν
1403 4759 1576 4831 πλάνῃ
1605 4760 1900 4828 διαγόντων

319 4841 497 4895 ταῦτα
533 4841 736 4910 λέγειν,
771 4842 832 4895 τό
851 4859 908 4895 τε
941 4841 1114 4912 στόμα
1132 4841 1509 4907 διαϐάλλουσα,
1537 4841 1652 4916 [56]
1672 4845 1764 4896 καὶ
1799 4847 1899 4915 τὴν

320 4925 563 4978 διάνοιαν
595 4924 669 4989 ὡς
703 4925 918 4996 ἐρήμην
951 4925 1154 4989 παντὸς
1199 4925 1404 4993 ἀγαθοῦ
1429 4944 1442 4957 ⁸
1497 4929 1591 4981 καὶ
1635 4927 1762 4998 περὶ
1791 4927 1899 4980 τῶν

320 5011 384 5062 ὲν
411 5007 645 5080 πονηρίᾳ
682 5007 918 5074 ζώντων.
973 5008 1162 5079 Τάφος
1198 5009 1571 5079 ἀνεῳγμένος
1607 5013 1640 5064 ό
1668 5010 1900 5080 λάρυγξ

321 5089 546 5145 αὐτῶν.
582 5092 740 5144 Ἤτοι
767 5092 829 5145 τὸ
853 5093 1072 5162 φονικὸν
1101 5092 1332 5147 ἐνταῦθα
1359 5093 1529 5160 λέγει,
1574 5092 1608 5165 ἢ
1645 5093 1707 5146 τὸ
1732 5095 1901 5164 νεκρά

321 5173 656 5244 προσφέρειν
684 5184 708 5213 ο
769 5174 1053 5246 δόγματα,
1103 5176 1197 5228 καὶ
1244 5174 1476 5247 δυσώδη.
1545 5177 1657 5229 Οὐκ
1707 5177 1773 5230 ἀν
1818 5193 1902 5239 τις

322 5255 564 5326 ἁμάρτοι
587 5298 603 5321 ,
652 5258 744 5312 καὶ
783 5257 891 5311 τῶν
920 5259 1123 5331 αἰσχρὰ
1155 5257 1541 5329 φθεγγομένων
1588 5260 1806 5330 ῥήματα
1833 5258 1905 5312 τά

322 5338 568 5410 στόματα
589 5339 730 5394 οὕτω
758 5340 1015 5405 καλέσας,
1041 5341 1210 5410 τάφον
1234 5341 1596 5412 ἀνεῳγμένον.
1631 5341 1770 5395 Πολύ
1793 5342 1904 5413 γὰρ

389 5543 415 5570 ⁸
460 5543 580 5598 Rea.
627 5543 801 5600 ταύτην
856 5539 1209 5590 ἐπισπάσασθαι
1259 5543 1344 5598 τὴν
1395 5544 1621 5605 φυλακήν.
1673 5544 1764 5592 Καὶ
1814 5559 1904 5592 κα-

324 5605 439 5664 λῶς.
464 5612 644 5653 caetera
678 5611 733 5653 ut
756 5609 806 5654 in
824 5615 958 5652 num.
996 5615 1103 5664 seq.

390 5663 419 5704 δ
439 5665 521 5728 Sic
549 5667 671 5728 Reg.
697 5667 880 5715 melius
909 5677 1054 5725 quam
1078 5663 1398 5724 συνέστησαν,
1431 5671 1482 5714 ιιι
1507 5665 1557 5712 in
1589 5666 1724 5728 prius
1749 5665 1905 5717 nam:

325 5727 606 5788 legebatur.
631 5727 640 5728 “

391 5793 415 5822 ⁸
445 5790 565 5850 Reg.
591 5785 964 5852 προφέρειν.Δ1ἱὶ
993 5786 1289 5849 προσφέρειν.

651 5901 923 5966 ΡΑτιιοι,
962 5899 1082 5962 Gn.
1125 5897 1254 5958 LV.

1989 500 2088 570 τῆς
2141 500 2406 572 αἰσθητῆς
2457 500 2718 564 δυσωδίας
2775 497 2960 568 ἐκείνη
3020 497 3406 568 χαλεπωτέρα,
3455 497 3564 552 ἀπὸ

1987 583 2276 655 σηπεδόνος
2304 583 2594 654 τικτομένη
2619 583 2826 654 ψυχῆς·
2876 583 2970 637 καὶ
2994 580 3100 634 τῶν
3131 581 3468 634 πλεονεκτῶν
3495 580 3566 634 τά
3599 647 3610 658 _

1985 675 2226 746 στόματα
2249 674 2496 738 τοιαῦτα,
2520 675 2645 728 ὅταν
2675 674 2839 745 μηδὲν
2863 674 3010 742 ὐγιὲς
3035 672 3401 743 προφέρωσιν,
3425 671 3564 726 ἀλλὰ

1985 760 2177 829 φόνους
2204 761 2298 813 καὶ
2325 759 2600 832 ἁρπαγάς.
2648 758 2741 830 Μὴ
2769 759 2948 812 τοίνυν
2978 757 3118 810 ἔστω
3146 755 3316 825 τάφος
3344 755 3406 808 τὸ
3447 755 3566 808 στό-

1987 861 2064 915 μα
2098 860 2212 908 σου,
2237 842 2373 896 ἀλλά
2399 843 2692 915 θησαυρός.
2725 842 2868 896 Πολὺ
2895 841 3003 912 γάρ
3028 842 3076 894 οἱ
3103 840 3364 912 θησαυροὶ
3395 839 3567 910 διενη-

1983 927 2174 998 νόχασι
2207 927 2312 982 τῶν
2355 928 2564 996 τάφων.
2599 927 2680 980 ὅτι
2725 927 2920 980 ἐκεῖνοι
2963 925 3059 996 μὲν
3092 924 3402 994 φθείρουσιν
3426 923 3564 994 ὅπερ

1985 1011 2054 1064 ἂν
2077 1010 2337 1073 λάϐωσιν,
2367 1005 2510 1064 οὗτοι
2538 1009 2593 1062 δὲ
2617 1008 2984 1080 διατηροῦσιν.
3025 1009 3151 1077 Ἔχε
3180 1009 3357 1060 τοίνυν
3385 1008 3479 1060 καὶ
3499 1007 3563 1059 σύ

1991 1091 2218 1146 πλοῦτον
2246 1092 2562 1162 φιλοσοφίας
2602 1093 2690 1146 ἀεὶ
2715 1092 2948 1163 μένοντα
2967 1132 2980 1149 .
3025 1090 3160 1144 ἀλλά
3196 1089 3272 1160 μὴ
3300 1088 3566 1142 δυσωδίαν

1975 1177 2100 1231 τινά
2129 1177 2224 1230 καὶ
2258 1176 2544 1247 σηπεδόνα.
2578 1176 2687 1230 Καὶ
2709 1176 2805 1245 οὐχ
2831 1174 3018 1238 ἁπλῶς
3045 1169 3188 1238 εἷπε,
3216 1174 3402 1240 τάφον,
3426 1170 3563 1236 ἀλλ’,

1984 1261 2350 1331 ἀνεῳγμένον,
2385 1259 2527 1314 ὥστε
2561 1261 2653 1314 καὶ
2701 1259 2924 1312 πλείονα
2965 1256 3202 1328 δηλῶσαι
3240 1257 3339 1324 τὴν
3378 1255 3565 1325 βδελυ-

1985 1345 2157 1416 γμίαν
2185 1345 2450 1413 γίνεσθαι.
2492 1343 2622 1397 Δέον
2661 1342 2770 1413 γάρ
2815 1342 3081 1413 κρύπτειν
3112 1339 3182 1393 τά
3212 1339 3437 1393 τοιαῦτα
3464 1339 3566 1409 ρή-

1983 1446 2155 1499 ματα,
2185 1431 2232 1482 οἰ
2259 1427 2315 1481 δὲ
2345 1428 2439 1482 καὶ
2467 1428 2814 1497 ἐκφέρουσιν,
2847 1425 2989 1479 ὥστε
3029 1423 3230 1494 μᾶλλον
3263 1423 3442 1476 αὐτῶν
3470 1421 3569 1493 τὴν

1985 1513 2135 1567 νόσον
2163 1511 2550 1566 ἐνδείκνυσθαι.
2607 1511 2714 1564 Καὶ
2753 1511 2844 1563 ἐπὶ
2879 1510 2978 1580 μὲν
3007 1508 3113 1562 τῶν
3143 1507 3351 1579 νεκρῶν
3381 1506 3569 1575 σωμά-

1984 1596 2174 1648 τωνιτὸ
2204 1596 2442 1650 ἐναντίον
2477 1595 2776 1660 ποιοῦντες,
2797 1596 2864 1666 τῇ
2888 1596 2958 1664 γῇ
2988 1591 3380 1664 παραδῶομεν·
3421 1584 3568 1644 οὗτοι

1981 1676 2042 1730 δὲ
2075 1678 2166 1730 ἐπὶ
2198 1678 2304 1731 τῶν
2339 1679 2599 1749 ῥημάτων
2630 1677 2834 1733 τούτων
2857 1677 2916 1730 τὸ
2945 1675 3184 1730 ἐναντίον
3221 1673 3563 1746 ἐργάζονται,

1985 1761 2081 1813 καὶ
2112 1761 2140 1814 ὂ
2164 1760 2280 1813 δέον
2309 1761 2714 1832 κατακρύπτειν
2749 1761 2908 1814 κάτω·
2931 1761 2986 1812 ἐν
3017 1758 3096 1829 τῷ
3127 1757 3281 1830 βάθει
3304 1757 3402 1828 τῆς
3426 1773 3556 1827 καρ-

1986 1845 2102 1908 δίας
2132 1845 2226 1897 καὶ
2253 1845 2597 1914 ἁποπνίγειν,
2629 1845 2975 1916 ἐκφέροντες,
3010 1843 3105 1896 καὶ
3131 1841 3360 1905 πολλοὺς
3391 1857 3569 1911 παραο

1989 1927 2336 1992 ϐλάπτοντες,
2369 1929 2463 1982 καὶ.
2496 1928 2840 2000 προτιθέντες
2867 1928 3032 1980 πᾶσιν
3057 1927 3208 1996 όρᾷν.
3247 1923 3386 1977 Ἀλλ’
3407 1923 3568 1978 έλαύ-

1988 2028 2170 2080 νωμεν
2206 2013 2332 2074 τούς
2355 2012 2650 2074 τοιούτους,
2682 2009 3006 2080 παρακαλῶ.
3059 2009 3121 2061 Εἰ
3163 2006 3273 2080 γάρ
3300 2006 3370 2060 τά
3401 2006 3570 2077 νεκρὰ

1991 2093 2217 2164 σώματα
2238 2093 2344 2157 ἔξω
2375 2094 2473 2164 τῆς
2507 2093 2716 2158 πόλεως
2751 2091 3193 2162 καταθάπτομεν,
3227 2090 3408 2160 πολλῷ
3439 2090 3572 2160 μᾶλ-

1987 2179 2078 2231 λον
2112 2177 2238 2242 τούς
2272 2177 2339 2231 τά
2369 2178 2538 2250 νεκρά
2568 2180 2809 2250 ῥήματα,
2841 2177 2935 2232 καὶ
2965 2177 3089 2240 τοὺς
3129 2176 3196 2229 τά
3227 2174 3453 2229 τοιαῦτα
3477 2175 3570 2228 ὲκ-

1988 2262 2288 2334 φέροντας,
2344 2263 2438 2316 καὶ
2487 2263 2607 2316 οὐδὲ
2656 2261 2949 2315 συσκιάσαι
2996 2259 3350 2330 βουλομένους
3381 2257 3570 2329 πόρρω

1989 2363 2091 2398 που
2121 2345 2450 2409 κατοικίζειν
2476 2347 2582 2418 χρή
2601 2363 2615 2378 ⁸
2655 2345 2842 2417 ἐπειδὴ
2876 2345 3030 2414 κοινὴ
3055 2343 3157 2414 τῆς
3185 2342 3394 2405 πόλεως
3420 2339 3568 2411 λύμη

1989 2429 2054 2483 τὶ
2091 2429 2317 2482 τοιαῦτα
2363 2431 2606 2500 στόματά
2635 2432 2803 2484 ἐστιν.
2863 2430 2996 2496 Ταῖς
3039 2429 3343 2498 γλώσσαις
3368 2423 3570 2482 αὐτῶν

1988 2511 2371 2566 ἐδολιοῦσαν.
2404 2508 2554 2576 Εἶδες
2579 2514 2765 2584 ἕτερον
2790 2513 2988 2576 κακίας
3012 2507 3169 2575 εἶδος.
3205 2511 3269 2564 υἰ
3295 2509 3394 2581 μὲν
3419 2510 3478 2563 ἐν
3501 2509 3569 2579 τῇ

1990 2593 2202 2664 διανοίᾳ
2235 2593 2682 2664 κατακρύπτουσι
2733 2595 2825 2647 τὸν
2853 2596 3025 2658 δόλον,
3077 2596 3296 2666 ῥήματα
3321 2592 3570 2664 προσηνῆ

1993 2676 2394 2748 προσφέροντες
2411 2691 2429 2708 ⁸
2455 2678 2505 2728 οί
2529 2676 2585 2729 δὲ
2609 2675 2846 2748 τοσαύτη
2875 2677 3168 2747 κέχρηνται
3193 2679 3260 2747 τῇ
3285 2676 3570 2744 δεινότητι,

1991 2758 2068 2822 ὡς
2087 2760 2146 2811 ὲν
2166 2758 2346 2822 αὐτοῖς
2363 2760 2476 2821 τοῖς
2495 2759 2703 2829 ῥήμασι
2727 2758 3038 2822 συσκιάζειν
3054 2757 3148 2828 τὴν
3170 2757 3456 2828 πονηρίαν,
3479 2755 3576 2808 καὶ

1993 2841 2224 2911 ῥάπτειν
2289 2840 2472 2903 δόλους
2516 2841 2611 2894 καὶ
2653 2839 2963 2904 ἐπιϐουλάς.
3007 2838 3223 2908 Κρῖνον
3269 2837 3514 2904 αὐτοὺς,
3543 2838 3578 2891 ό

1995 2923 2138 2990 Θεός
2154 2939 2167 2954 ⁸
2200 2922 2692 2978 ἁποπεσάτωσαν
2711 2922 2828 2978 ἀπὸ
2845 2921 2966 2976 τῶν
2982 2919 3336 2977 διαϐουλιῶν
3355 2919 3574 2975 αὐτῶν.

1993 3005 2136 3076 Ὅρα
2151 3005 2434 3059 κάνταῦθα
2448 3003 2545 3077 τὴν
2565 3005 2880 3078 ἡμερότητα
2894 3005 2995 3076 τῆς
3013 3005 3196 3076 εὐχῆς.
3213 3005 3286 3059 Οὐ
3302 3003 3411 3076 γάρ
3430 2998 3573 3063 εἷπε.

1985 3086 2252 3153 Κόλασον,
2269 3087 2427 3155 ἀλλά,
2449 3087 2670 3157 Κρῖνον
2699 3089 2940 3156 αὐτοὺς,
2959 3090 3052 3144 καὶ
3071 3089 3277 3143 παῦσον
3291 3089 3391 3160 τῆς
3411 3105 3579 3159 πονη-

1994 3171 2116 3242 ρίας
2143 3190 2155 3202 ·
2181 3172 2422 3243 ἀνήνυτα
2444 3172 2625 3225 αὐτῶν
2667 3172 2892 3242 ποίησον
2910 3173 2979 3226 τά
3003 3175 3398 3246 μηχανήματα·
3439 3174 3576 3246 ὅπερ

1993 3257 2086 3310 καὶ
2108 3257 2247 3328 ὑπὲρ
2268 3257 2447 3310 αὐτῶν
2470 3256 2722 3328 εὔχεσθαί
2746 3259 2880 3322 ἐστι,
2903 3257 2996 3311 τοῦ
3023 3257 3216 3329 μηκέτι
3234 3257 3482 3330 προϊέναι
3507 3261 3576 3312 τά

1994 3339 2092 3410 τῆς
2118 3340 2314 3404 κακίας
2349 3343 2552 3404 αὐτοῖς.
2584 3341 2745 3396 Κατὰ
2773 3341 2841 3394 τὸ
2876 3339 3108 3409 πλῆθος
3145 3341 3264 3397 τῶν
3287 3343 3576 3398 ἀσεϐειῶν

1988 3423 2190 3477 αὐτῶν
2233 3423 2470 3489 ἕξωσον
2509 3424 2771 3491 αὐτοὺς,
2826 3425 2916 3479 ὅτι
2973 3426 3430 3495 παρεπίκρανάν
3468 3442 3572 3488 σε,

1993 3507 2187 3576 Κύριε.
2231 3507 2542 3574 Τουτέστιν,
2568 3507 2732 3562 Οὐδέν
2759 3525 2849 3580 μοι
2881 3507 3033 3578 μέλει
3057 3508 3163 3562 τῶν
3190 3510 3270 3573 εἰς
3298 3509 3399 3580 ἐμὲ
3422 3525 3575 3577 γενο-

1996 3591 2190 3662 μένων,
2215 3591 2330 3644 ἀλλ’
2356 3591 2498 3664 ὑπὲρ
2531 3592 2638 3645 τῶν
2666 3590 2774 3644 σῶν
2800 3591 2968 3661 ἀλγῶ.
3001 3591 3172 3646 Τοῦτο
3198 3591 3308 3664 γὰρ
3343 3591 3576 3664 μάλιστα

1993 3672 2282 3744 φιλοσόφου
2325 3673 2504 3744 ψυχῆς
2527 3714 2542 3739 ,
2580 3674 2720 3745 ὑπὲρ
2755 3674 2854 3745 μὲν
2885 3673 2995 3728 τῶν
3017 3675 3232 3728 οἰκείων
3257 3675 3336 3745 μὴ
3373 3673 3576 3746 ἀμύνε-

1995 3755 2156 3819 σθαι,
2211 3757 2353 3829 ὑπὲρ
2413 3756 2470 3810 δὲ
2525 3756 2635 3810 τῶν
2693 3759 2773 3820 εἰς
2827 3757 2961 3812 Θεὸν
3007 3757 3307 3828 γινομένων
3375 3757 3578 3829 σφόδρα

1993 3839 2289 3906 ἐπεξιέναι.
2325 3839 2543 3895 Τούτων
2576 3839 2837 3894 τάναντία
2887 3839 3069 3893 πολλοὶ
3108 3838 3338 3902 ποιοῦσι,
3377 3841 3447 3894 τά
3477 3841 3576 3910 μὲν

1993 3921 2086 3977 τοῦ
2117 3921 2253 3976 Θεού
2284 3923 2634 3992 παρορῶντες
2657 3961 2672 3984 ,
2719 3922 2787 3974 τά
2833 3922 2888 3975 δὲ
2935 3923 3142 3976 ἑαυτῶν
3196 3923 3332 3993 μετά
3378 3922 3577 3992 πολλῆς

1996 4004 2337 4068 ἐκδικοῦντες
2369 4005 2467 4074 τῆς
2503 4003 2879 4074 σφοδρότητος,
2923 4005 3038 4056 ἀλλ’
3068 4003 3166 4073 οὐχ
3211 4007 3259 4057 οἰ
3307 4007 3452 4073 ἅγιοι
3489 4008 3580 4059 06-

1995 4103 2125 4150 τως,
2160 4084 2296 4138 ἀλλά
2327 4085 2548 4154 σφοδροὶ
2590 4084 2824 4155 τιμωροὶ
2864 4083 2973 4137 τῶν
3011 4085 3092 4147 εἰς
3123 4085 3254 4137 Θεὸν
3283 4085 3580 4156 γινομένων

1995 4166 2156 4240 ἦσαν,
2177 4166 2247 4222 τά
2271 4168 2327 4222 δὲ
2352 4166 2560 4222 ἑαυτῶν
2588 4166 2908 4240 παρεώρων.

2071 4284 2179 4339 Καὶ
2201 4285 2711 4355 εὐφρανθήτωσαν
2767 4289 2988 4356 πάντες
3015 4293 3068 4345 οι
3095 4286 3436 4354 ἐλπίζοντες
3481 4286 3580 4340 ἐπὶ

1999 4367 2093 4424 σέ.
2120 4368 2260 4440 Ὀρα
2303 4368 2402 4438 τῆς
2455 4369 2622 4442 εὐχῆς
2670 4371 2731 4425 τὸ
2776 4371 2984 4442 κέρδος.
3037 4373 3292 4425 Κάκείνοι
3339 4369 3580 4442 βελτίους

1999 4449 2246 4516 ἔσονται,
2299 4451 2394 4505 καὶ
2446 4455 2731 4526 στήσονται
2778 4455 2876 4525 τῆς
2921 4455 3215 4526 πονηρίας·
3265 4456 3359 4509 καὶ
3406 4454 3580 4525 ιτεροι

1999 4535 2199 4607 πολλῆς
2223 4535 2618 4591 ἀπολαύσονται
2640 4539 2736 4609 τῆς
2757 4539 3081 4610 ήδονῆς,τήν
3103 4556 3160 4592 τε
3179 4539 3401 4592 ἐκείνων
3421 4553 3581 4609 μετα-

1997 4619 2157 4692 ϐολὴν
2185 4619 2440 4692 ὁρῶντες,
2468 4619 2583 4695 [57]
2616 4621 2710 4675 καὶ
2734 4622 2831 4692 τὴν
2853 4624 2932 4687 εἰς
2956 4623 3016 4676 τὸ
3037 4623 3243 4694 βέλτιον
3266 4621 3576 4694 μετάθεσιν,

2000 4705 2091 4757 καὶ
2119 4703 2336 4772 ἑτέρους
2370 4704 2821 4776 σπουδαιοτέρους
2865 4705 3036 4779 ταύτῃ
3076 4704 3412 4777 γινομένους.
3478 4707 3579 4771 Εις

1996 4787 2182 4843 αἰῶνα
2203 4788 2694 4860 ἀνανιλιὰσονται,
2723 4787 2822 4842 καὶ
2848 4789 3341 4857 κατασκηνώσεις
3370 4790 3440 4843 ἐν
3471 4791 3580 4843 αἰ·-

1999 4871 2142 4936 τοῖς.
2190 4862 2338 4940 Αὐτη
2367 4870 2477 4943 γὰρ
2513 4871 2745 4941 μάλιστα
2771 4873 2803 4942 ἡ
2829 4871 2972 4942 χαρά
3002 4870 3282 4942 διηνεκὴς·
3322 4871 3400 4934 ὡς
3429 4871 3490 4923 αἴ
3515 4887 3578 4937 γε

1999 4953 2154 5008 ἄλλαι
2173 4954 2280 5007 τῶν
2310 4955 2593 5024 ποταμίων
2617 4955 2904 5027 ῥευμάτων
2933 4955 3083 5008 οὐδὲν
3107 4956 3330 5026 ἄμεινον
3352 4954 3580 5008 διάκειν-

1999 5053 2108 5102 ται,
2137 5034 2272 5106 όμού
2323 5052 2381 5088 τε
2434 5037 2751 5107 φαινόμεναι
2797 5039 2891 5091 καί⁵
2943 5037 3392 5110 παραρρέουσαι·
3439 5035 3473 5102 ή
3521 5033 3577 5086 δὲ

2000 5116 2144 5171 κατά
2176 5117 2306 5171 Θεὸν
2334 5117 2636 5190 εὐφροσύνη
2674 5118 2823 5190 μένει
2866 5121 2960 5176 καὶ
2998 5120 3236 5188 πέπηγε,
3264 5116 3493 5185 διαρκής
3519 5115 3579 5166 τέ

2001 5204 2117 5256 ἐστι
2162 5202 2254 5254 καὶ
2299 5200 2558 5272 μόνιμος,
2592 5205 2817 5274 οὐδεμιᾷ
2857 5204 2965 5257 τῶν
2996 5201 3272 5268 ἀδοκήτων
3317 5199 3572 5267 περιστά-

2005 5301 2142 5338 σεων
2170 5283 2592 5356 διακοπτομένη,
2624 5286 2737 5339 ἀλλ’
2769 5284 3073 5356 ὑψηλοτέρα
3103 5280 3363 5351 γινομένη
3390 5279 3456 5332 δι’
3483 5283 3581 5336 αὐι.

2000 5367 2110 5420 τῶν
2137 5365 2244 5419 τῶν
2273 5365 2608 5421 κωλυόντων.
2652 5368 2804 5421 Ἐπεὶ
2831 5369 2925 5421 καὶ
2949 5367 2998 5418 οἰ
3030 5362 3318 5417 ἀπόστολοι
3353 5366 3578 5434 ἐμαστι-

2001 5449 2194 5520 γοῢντο
2217 5488 2233 5513 ,
2280 5448 2374 5502 καὶ
2418 5447 2671 5520 ἔχαιρον·
2724 5451 2817 5502 καὶ
2851 5451 2879 5505 ό
2912 5448 3124 5510 Παῦλος
3166 5446 3438 5512 ὲθλὶδετο,
3486 5449 3580 5503 καὶ

2003 5532 2231 5604 ἐσκίρτα
2251 5549 2266 5563 ·
2300 5529 2555 5601 τελευτᾷν
2586 5531 2798 5602 ἔμελλε,
2829 5535 2922 5588 καὶ
2949 5535 3237 5598 κοινωνοὺς
3269 5533 3450 5588 ἐκάλει
3478 5532 3580 5601 τῆς

2003 5615 2222 5690 ἡδονῆς.
2270 5613 2476 5681 λέγων·
2541 5613 2705 5670 Ἀλλ’
2744 5618 2797 5670 sl
2836 5616 2935 5671 καί
2983 5616 3316 5688 σπένδομαι
3364 5615 3462 5670 ἐπὶ
3503 5613 3579 5680 τῇ

2003 5699 2186 5765 θυσίᾳ
2222 5695 2322 5752 καί
2357 5699 2697 5768 λειτουργία
2737 5699 2847 5770 τῆς
2875 5701 3126 5768 πίστεως
3161 5698 3347 5770 ὑμῶν,
3397 5696 3582 5765 χαίρω

2007 5782 2104 5837 καὶ
2143 5780 2450 5854 συγχαίρω
2479 5780 2668 5838 πᾶσιν
2700 5787 2862 5856 ὑμῖν.
2907 5785 2973 5840 Τὸ
3005 5785 3072 5839 δὲ
3099 5784 3242 5839 αὐτὸ
3271 5781 3368 5834 καὶ
3411 5775 3583 5843 ὑμεῖς

3294 5899 3331 5956 Β
