4112 6224
357 385 422 440 69
1560 377 1914 433 EXPOSlTlO

2055 377 2374 436 PSALMUM
2419 381 2478 435 Υ.
3391 341 3394 344 1
3555 395 3621 445 70

357 500 425 552 ita
471 499 716 551 liniantur
760 497 901 552 Deus
951 495 1172 548 habitat.
1209 495 1558 564 Quamobrem
1587 495 1693 562 ipsa
1725 505 1936 561 quoque

353 589 479 642 dicit
513 606 524 640 :
557 587 619 640 In
642 599 884 640 internum
916 584 1255 646 exsultabant,
1280 594 1324 639 et
1349 585 1594 638 Itabitabis
1627 586 1677 660 in
1705 587 1796 638 eis.
1828 583 1938 637 lloc

355 683 522 750 ἰμηυιιι
564 680 805 736 Christus
849 679 1008 734 etiam
1048 677 1349 748 significans
1385 677 1614 742 dicebat,
1648 676 1936 731 ostendens

351 789 468 827 eam
497 773 818 840 voluptatem
853 771 1067 824 minime
1099 785 1250 839 pOSse
1278 785 1486 824 cessare
1509 788 1522 820 :
1549 770 1744 824 Rursus
1762 769 1935 822 videbo

353 879 458 928 vos,
489 874 535 918 et
560 865 804 934 gaudium
833 871 1048 915 vestrum
1069 878 1212 915 nemo
1237 862 1362 914 tollit
1389 859 1570 931 (Joan.
1598 858 1680 915 16.
1709 859 1824 931 22).
1871 859 1934 913 Et

353 969 540 1008 rursus
587 953 824 1008 Paulus:
862 953 1074 1022 Semper
1112 952 1358 1023 gaudete,
1413 952 1614 1004 assidue
1660 961 1799 1004 orate
1844 951 1928 1020 (1.

357 1044 533 1099 Thess.
567 1047 618 1098 5.
653 1045 736 1098 16.
772 1045 892 1114 17).
945 1039 1012 1096 Et
1045 1041 1393 1114 gloriabuntur
1426 1042 1478 1096 in
1519 1052 1564 1097 te
1597 1043 1683 1110 qui
1717 1043 1934 1112 diligunt

353 1153 534 1192 notueu
562 1147 716 1189 tuum.
752 1136 842 1190 llis
866 1136 1006 1190 enim
1034 1135 1160 1189 solis
1185 1135 1310 1190 licet
1336 1135 1566 1189 maxime
1590 1133 1824 1204 gloriari.
1853 1133 1934 1187 his

352 1227 588 1296 gaudere
613 1269 628 1290 ,
663 1226 741 1280 his
772 1227 932 1280 laetari
971 1243 982 1278 ε
1011 1236 1065 1280 at
1105 1227 1192 1296 qui
1233 1225 1298 1281 de
1341 1226 1405 1280 iis
1457 1241 1574 1296 qua:
1604 1224 1668 1278 ad
1701 1225 1834 1278 hanc
1859 1224 1932 1276 vi-

353 1327 459 1370 tam
487 1318 750 1387 pertinent
776 1317 1050 1388 gloriatur,
1084 1333 1147 1372 ac
1171 1316 1272 1370 sibi
1305 1316 1495 1385 placet,
1525 1315 1568 1369 is
1599 1314 1729 1368 nihil
1753 1313 1930 1369 dilTert

351 1407 420 1459 ab
446 1408 510 1460 iis
533 1407 617 1476 qui
650 1407 698 1461 in
725 1423 914 1462 somno
939 1408 1210 1477 Voluptate
1240 1407 1504 1461 fruuntur.

423 1496 478 1550 6.
509 1496 640 1563 Quid
671 1498 811 1550 enim
845 1497 974 1550 mihi
995 1539 1012 1564 ,
1038 1497 1144 1554 dic.
1176 1511 1376 1567 qmeso.
1405 1512 1468 1550 ex
1501 1496 1658 1550 rebus
1684 1495 1929 1550 humanis

351 1595 434 1640 est
457 1586 746 1654 ejusmodi,
775 1597 832 1642 ut
856 1587 924 1643 de
954 1603 1018 1643 eo
1043 1589 1166 1658 quis
1188 1588 1354 1658 possit
1380 1603 1503 1642 vere
1527 1602 1588 1641 ac
1616 1586 1786 1640 solide
1815 1588 1929 1657 glo-

351 1677 510 1730 riari?
543 1677 690 1732 Vires
717 1677 991 1746 Corporis?
1033 1677 1137 1733 Sed
1180 1688 1234 1732 ut
1266 1694 1356 1734 eas
1385 1677 1582 1733 validas
1613 1677 1925 1744 habeamus,

351 1782 454 1822 non
481 1778 562 1820 est
586 1768 746 1822 nostri
769 1768 993 1835 arbitrii,
1017 1777 1070 1823 et
1091 1767 1209 1823 ideo
1231 1784 1333 1823 non
1358 1767 1598 1840 estquod
1620 1767 1926 1838 gloriemur,

343 1865 398 1910 et
423 1857 617 1926 alioqui
649 1857 968 1913 ﬂacceseunt
1007 1868 1059 1912 et
1095 1859 1341 1913 excidunt
1381 1858 1662 1923 celeriter,
1693 1865 1747 1912 et
1787 1872 1929 1925 srepe

341 1948 499 2001 etiam
543 1948 735 2004 lzrduut
769 1966 892 2004 eum
933 1950 1020 2020 qui
1059 1960 1140 2004 est
1171 1951 1233 2003 iis
1267 1949 1536 2018 praeditus.
1562 1950 1607 2004 si
1636 1947 1700 2004 iis
1727 1965 1831 2005 non
1869 1957 1928 2005 ut

340 2048 552 2108 Oportet
582 2050 776 2096 utatur.
823 2041 934 2095 lloc
975 2041 1132 2095 etiam
1171 2039 1275 2095 diei
1321 2049 1494 2110 potest
1534 2040 1600 2094 de
1635 2040 1930 2110 pulchritu-

341 2131 485 2188 dine.
517 2131 582 2185 de
609 2132 825 2197 divitiis,
857 2131 924 2186 de
953 2132 1206 2202 potentia,
1237 2129 1303 2185 de
1333 2131 1616 2200 voluptate,
1649 2141 1702 2186 et
1729 2130 1794 2186 de
1821 2147 1930 2186 om-

343 2223 498 2276 nilms
541 2239 658 2290 qtae
702 2224 765 2277 ad
798 2223 934 2277 hanc
967 2224 1124 2278 vitam
1164 2225 1449 2293 pertinent.
1491 2222 1545 2277 In
1604 2224 1710 2278 Deo
1749 2233 1924 2279 autem

342 2322 395 2366 et
427 2313 477 2366 iu
505 2314 617 2382 ers
641 2330 823 2368 amore
844 2314 1080 2383 gloriari,
1117 2324 1197 2369 est
1242 2325 1460 2369 ornatus
1487 2316 1722 2390 omnium
1752 2315 1924 2371 maxi-

347 2419 486 2463 mus,
511 2413 562 2457 et
582 2405 831 2472 Splendor
851 2406 937 2474 qui
958 2405 1356 2460 innumerabilia
1373 2417 1586 2474 superat
1604 2407 1922 2474 diademata,

349 2493 554 2545 etiamsi
593 2495 657 2546 sit
687 2497 924 2562 captivus
951 2496 994 2548 is
1019 2497 1105 2564 qui
1131 2497 1405 2565 gloriatur.
1451 2497 1545 2550 llic
1574 2507 1790 2551 ornatus
1821 2515 1924 2551 non

353 2583 561 2648 morbo,
595 2599 698 2636 non
727 2585 897 2650 senio,
930 2600 1034 2639 non
1063 2601 1238 2640 rerum
1269 2585 1649 2652 vicissitudine,
1677 2601 1780 2638 non
1807 2595 1932 2640 tem~

351 2687 540 2741 porum
569 2675 842 2739 varietate,
871 2691 976 2730 non
1005 2675 1112 2745 ipsa
1143 2674 1373 2745 denique
1399 2687 1567 2730 morte
1595 2676 1931 2744 interrumpi-

351 2775 434 2818 tur
459 2783 471 2817 :
502 2765 594 2820 sed
621 2775 744 2820 tunc
767 2769 924 2820 etiam
948 2767 1110 2837 magis
1131 2765 1456 2836 reSpIendet.
1487 2768 1571 2822 15.
1607 2764 1856 2831 Quoniam
1875 2774 1930 2820 tu

343 2858 602 2913 benedices
619 2861 782 2930 justo.
824 2860 1081 2928 Queniam
1119 2859 1267 2914 multi
1307 2877 1372 2914 ex
1411 2860 1474 2915 iis
1514 2860 1600 2930 qui
1643 2859 1714 2912 ita
1753 2855 1927 2913 allecti

345 2960 487 3016 sunt,
515 2950 722 3020 probris
747 2966 808 3005 ac
829 2950 1122 3005 maledictis
1153 2950 1220 3004 ab
1246 2949 1548 3004 hominibus
1575 2959 1920 3020 appetuntur,

344 3055 408 3094 ac
433 3039 742 3107 irridentur,
771 3051 823 3096 et
849 3039 1077 3096 maxime
1102 3039 1192 3110 qui
1221 3041 1465 3097 virtutem
1495 3049 1921 3112 persequuntur:

343 3151 413 3190 ne
453 3138 568 3206 quis
605 3151 670 3192 ex
707 3137 1056 3193 crassiorihus
1096 3145 1372 3207 propterea
1413 3138 1647 3191 animum
1688 3138 1921 3208 abjiciat,

341 3227 461 3281 vide
481 3227 747 3297 quomodo
767 3227 882 3296 ejus
904 3238 1134 3283 mentem
1160 3227 1306 3282 fulcit
1325 3237 1377 3283 et
1397 3237 1678 3294 sustentat,
1700 3228 1882 3283 dicens
1905 3246 1920 3283 :

346 3318 602 3384 Quoniam
624 3328 676 3371 tu
704 3320 957 3374 benedice:
968 3321 1128 3392 justo.
1158 3319 1293 3388 Quid
1323 3321 1464 3376 enim
1488 3320 1666 3376 damni
1696 3321 1916 3390 accipit,

341 3409 386 3464 si
417 3410 656 3466 homines
683 3420 1042 3480 contemnant,
1071 3422 1124 3467 ct
1151 3413 1432 3468 universus
1458 3413 1603 3468 orbis
1634 3423 1916 3479 terrarum,

340 3503 550 3572 quando
578 3501 834 3556 Dominus
863 3505 1168 3572 angelorum
1192 3521 1313 3560 eum
1347 3505 1522 3560 laudat
1548 3514 1601 3558 et
1631 3505 1921 3577 praedicat?

340 3595 798 3662 Quemadmodum
843 3597 886 3650 si
932 3597 1044 3667 ipse
1089 3615 1192 3654 non
1241 3598 1551 3666 benedicat,
1582 3600 1682 3654 etsi
1729 3614 1918 3654 omnes

342 3684 573 3750 laudent,
597 3686 683 3755 qui
707 3696 899 3740 terram
925 3699 978 3742 et
1005 3705 1150 3743 mare
1173 3689 1428 3756 habitant,
1452 3689 1500 3744 ei
1526 3690 1653 3744 nihil
1679 3689 1913 3760 prodest.

340 3775 451 3829 lloc
470 3791 596 3844 ergo
615 3777 757 3829 onmi
789 3777 988 3832 ratione
1009 3793 1274 3842 curemus,
1308 3788 1364 3834 ut
1391 3780 1502 3849 ipse
1525 3796 1621 3835 nos
1645 3781 1914 3848 prmdicet,

341 3866 455 3934 ipse
481 3881 578 3920 nos
598 3876 836 3921 coronet.
867 3868 1019 3933 Quod
1049 3870 1090 3921 si
1126 3869 1233 3932 fiat,
1257 3885 1439 3924 sumus
1466 3871 1712 3926 omnibus
1736 3871 1918 3926 excel-

337 3956 548 4022 siores,
600 3958 802 4012 etiamsi
858 3959 910 4012 in
966 3968 1306 4026 paupertate,
1354 3961 1558 4016 etiamsi
1607 3962 1657 4016 iu
1707 3963 1912 4028 morbo,

321 4048 544 4122 etiamsi
589 4049 638 4102 in
675 4050 929 4104 extremis
969 4050 1119 4104 malis
1158 4050 1339 4104 simus.
1382 4050 1511 4104 Nam
1541 4053 1696 4107 etiam
1726 4053 1914 4108 beatus

337 4137 440 4191 Job
465 4139 514 4192 in
542 4143 871 4210 sterquilinio
893 4141 1113 4205 sedens,
1143 4141 1418 4194 vulnerum
1455 4141 1604 4196 sanie
1639 4143 1912 4197 exulcera-

339 4239 444 4296 tus,
469 4230 937 4287 innumerabilibus
957 4244 1166 4288 scatens
1189 4231 1442 4286 vermium
1476 4229 1728 4298 fontibus,
1752 4241 1804 4287 et
1827 4233 1914 4288 illa

336 4320 696 4390 indignissima
729 4323 950 4391 patiens,
977 4334 1034 4378 ut
1059 4325 1146 4393 qui
1170 4341 1198 4376 a
1225 4324 1392 4377 servis
1417 4333 1817 4390 conspucretur.
1841 4323 1916 4378 ei-

334 4427 439 4480 que
463 4412 528 4465 ab
557 4414 739 4466 amicis
765 4424 817 4467 et
845 4415 1091 4477 inimicis,
1124 4427 1176 4470 et
1201 4415 1268 4467 ab
1295 4431 1457 4467 uxore
1489 4412 1693 4468 insidiae
1726 4413 1912 4469 tende-

335 4514 540 4572 rentur,
564 4505 694 4558 etad
721 4505 970 4575 inepiam,
997 4505 1208 4570 littnem,
1232 4515 1284 4559 et
1312 4505 1746 4560 immedicabilem
1769 4505 1915 4576 aegri-

336 4595 569 4650 tudinem
603 4595 741 4648 illam
773 4606 913 4650 esset
940 4597 1182 4650 redactus
1207 4639 1221 4661 ,
1259 4606 1372 4650 erat
1401 4596 1636 4650 omnium
1662 4595 1907 4654 beatissi-

331 4700 471 4739 mus.
499 4685 811 4753 Quomodo?
837 4687 1093 4753 Quouiam
1119 4687 1310 4742 Deusei
1334 4686 1906 4745 benedicebatdicens:

333 4776 502 4831 llomo
529 4792 558 4830 a
588 4777 1000 4846 reprehensione
1027 4779 1248 4842 alienus,
1267 4779 1456 4849 justus,
1476 4795 1652 4840 verus,
1682 4780 1817 4849 pius,
1841 4781 1908 4834 ab

329 4868 474 4920 Otnni
504 4882 560 4920 re
591 4869 725 4938 tnala
745 4868 1036 4924 abstinens.
1071 4869 1300 4934 Domine,
1331 4879 1382 4922 ut
1408 4881 1549 4923 scuto
1569 4871 1710 4923 bona:
1732 4871 1908 4923 volun-

330 4958 448 5010 tatis
475 4967 573 5011 tua:
599 4949 851 5012 coronati
885 4977 993 5036 ~nos
1039 4957 1176 5032 (Job
1205 4962 1250 5014 1.
1287 4963 1306 5015 1
1335 4962 1374 5029 ).
1421 4961 1624 5014 Rursus
1669 4960 1823 5014 desiit
1853 4962 1904 5014 itt

325 5053 614 5118 gratiarum
641 5053 931 5116 actionem,
966 5053 1249 5122 gratiarum
1283 5053 1506 5106 actionis
1537 5052 1762 5122 hymnos
1799 5051 1906 5105 Deo

323 5141 573 5194 otl‘erens.
625 5141 774 5210 Quod
818 5154 899 5197 est
935 5153 1110 5198 autem
1145 5153 1348 5198 scutum
1391 5144 1542 5197 bona:
1584 5142 1906 5196 voluntatis?

323 5234 542 5287 Scotum
588 5237 862 5303 optimum,
905 5246 1110 5290 scutmn
1159 5237 1448 5291 secundum
1500 5234 1588 5290 Dei
1630 5247 1900 5301 mentem,

322 5339 472 5378 arma
518 5325 867 5394 pulcherrima
913 5329 1011 5397 (α).
1055 5327 1203 5394 Quod
1250 5339 1426 5383 autent
1469 5328 1614 5393 dicit,
1647 5327 1748 5383 tale
1775 5337 1898 5383 est:

321 5415 430 5470 Nos
457 5420 655 5485 optimo
684 5417 878 5471 auxilio
901 5419 1160 5473 muniisti.
1203 5419 1352 5473 Alius
1387 5429 1561 5474 autem
1608 5419 1900 5488 interpres,

321 5510 410 5579 qui
438 5510 584 5574 dicit,
615 5507 890 5564 Coronabis
918 5510 1105 5578 ipsum,
1139 5511 1204 5564 de
1227 5510 1371 5580 justo
1398 5511 1550 5575 dixit,
1577 5520 1632 5563 ut
1662 5510 1898 5573 doceret,

321 5601 612 5655 (loronabis
639 5602 809 5671 ipsum
833 5602 1056 5670 justum,
1089 5601 1192 5655 hoc
1214 5610 1294 5656 est
1318 5641 1331 5663 .
1354 5602 1504 5656 bona
1543 5612 1628 5657 tua
1657 5603 1902 5656 voluntas

319 5701 402 5746 est
450 5693 522 5746 illi
566 5707 662 5761 pro
698 5692 883 5755 armis,
909 5691 1073 5762 iisque
1114 5692 1565 5764 pratstautissimis
1597 5709 1609 5746 :
1639 5692 1724 5746 vel
1751 5690 1898 5756 illud,

385 5811 457 5875 ζα)
491 5819 600 5862 Hac
617 5812 790 5864 eodem
809 5825 976 5871 sensu.
997 5815 1082 5864 sed
1107 5814 1214 5864 aliis
1239 5814 1402 5862 verbis
1422 5814 1566 5863 effert
1589 5815 1782 5876 Regius.

2046 489 2254 558 Optimo
2281 495 2477 548 auxilio
2501 493 2699 563 justum
2733 497 2924 561 munis,
2955 506 3008 552 et
3035 512 3205 570 neque
3233 501 3349 570 ejus
3384 503 3610 572 pulchri—

2045 586 2170 638 tudo
2190 587 2388 656 privata
2411 597 2492 642 est
2516 589 2818 654 securitate,
2850 605 3020 660 neque
3044 590 3159 660 ejus
3179 593 3434 650 securitas
3455 597 3618 667 gloria

2039 678 2365 734 destituitur.
2399 679 2534 748 Quid
2558 680 2698 734 enim
2733 681 2946 749 fortius,
2975 683 3098 754 quid
3124 700 3309 742 rursus
3336 687 3619 743 formosius

2041 785 2107 824 eo
2134 771 2266 836 viro,
2295 771 2386 841 qui
2425 787 2454 824 a
2489 787 2713 841 superna
2739 773 2921 829 dextra
2952 776 3221 832 munitur?
3266 778 3393 833 ll:rc
3418 795 3616 834 corona

2040 862 2197 915 etiam
2228 878 2290 916 ex
2320 863 2678 918 misericordia
2701 867 3014 929 contexitur,
3039 869 3481 939 quemadmodum
3504 873 3615 942 ipse

2041 951 2204 1006 David
2234 952 2358 1007 dicit
2382 952 2503 1006 alibi
2533 972 2546 1006 :
2573 954 2668 1021 Qui
2698 965 2744 1008 te
2769 967 2972 1010 coronat
2996 958 3048 1011 in
3078 961 3416 1015 misericordia
3440 973 3488 1016 et
3514 965 3582 1016 mi
3594 993 3610 1003 -

2039 1043 2368 1096 serationibus
2397 1042 2580 1112 (Psal.
2615 1044 2733 1100 102.
2766 1047 2858 1115 4).
2906 1047 3029 1103 ιιωο
3071 1050 3228 1106 etiam
3269 1067 3332 1106 ex
3369 1053 3568 1122 justitia
3594 1095 3609 1118 ,

2037 1133 2483 1200 quemadmodum
2514 1135 2641 1188 dicit
2671 1135 2860 1190 Paulus
2893 1154 2906 1192 :
2936 1137 3014 1192 De
3036 1149 3212 1194 cetera
3237 1143 3359 1194 mihi
3377 1153 3447 1197 est
3469 1161 3614 1212 repo—

2035 1225 2135 1277 sita
2155 1225 2373 1294 justitiw
2399 1241 2584 1278 corona
2611 1227 2682 1297 (2.
2721 1226 2851 1280 Tim.
2887 1229 2938 1283 4.
2967 1229 3044 1300 8).
3087 1231 3180 1285 Est
3220 1233 3379 1288 etiam
3419 1250 3612 1290 corona

2036 1315 2252 1385 gratim,
2299 1317 2436 1371 sicut
2475 1317 2601 1371 dicit
2645 1319 2782 1373 alius
2814 1338 2827 1375 :
2854 1319 3050 1374 Corona
3093 1332 3258 1375 autem
3295 1326 3609 1394 gratiarum'

2036 1407 2266 1476 defendet
2287 1417 2332 1460 te
2361 1407 2538 1478 (Prov.
2562 1409 2614 1463 4.
2641 1409 2718 1478 9).
2766 1409 2880 1464 Jam
2925 1427 3051 1466 vero
3091 1422 3174 1468 est
3215 1417 3374 1468 etiam
3420 1431 3610 1471 corona

2034 1499 2235 1568 gloritn,
2268 1500 2404 1555 sicut
2428 1501 2549 1554 dicit
2579 1500 2738 1556 Isaias
2769 1521 2780 1556 ;
2817 1503 2925 1556 Erit
2953 1521 3140 1558 corona
3168 1508 3276 1577 spei
3297 1548 3312 1572 ,
3346 1524 3408 1562 ex
3451 1509 3612 1578 gloria

2034 1600 2264 1644 contexta
2291 1587 2555 1663 (Isai,‘28.
2587 1593 2665 1662 5).
2691 1591 2897 1648 Corona
2924 1596 3063 1649 enim
3089 1595 3248 1652 habet
3278 1599 3391 1652 lucc
3412 1601 3609 1665 omnia,

2035 1679 2442 1750 benignitatem,
2469 1680 2754 1750 justitiam.
2784 1684 3038 1754 gratiam,
3067 1687 3309 1755 gloriam,
3342 1687 3609 1744 decorem.

2036 1773 2132 1828 Est
2158 1773 2298 1827 enim
2333 1773 2421 1827 Dei
2452 1773 2672 1839 donum,
2703 1777 2842 1845 quod
2871 1778 3066 1832 variam
3098 1779 3338 1848 producit
3363 1783 3606 1850 gratiam.

2038 1864 2135 1920 Est
2161 1865 2318 1920 etiam
2347 1866 2753 1938 incomtptiouis
2773 1885 2990 1935 corona,
3013 1873 3454 1943 quemadmodum
3485 1875 3612 1932 dicit

2036 1958 2230 2014 Paulus
2261 1977 2275 2015 :
2299 1958 2388 2015 Illi
2403 1961 2601 2032 quidem
2623 1971 2673 2016 ut
2695 1964 3062 2034 corruptibilem
3083 1983 3321 2020 coronam
3341 1968 3609 2038 accipiant,

2034 2070 2126 2108 nos
2151 2062 2320 2107 autem
2347 2054 2692 2124 incorruptam
2722 2057 2795 2126 (1.
2829 2055 2949 2112 Cor.
2977 2057 3030 2112 9.
3055 2058 3169 2128 εδ).
3215 2059 3326 2114 lloc
3365 2070 3446 2114 est
3487 2078 3616 2130 ergo

2033 2142 2176 2215 quod
2201 2143 2285 2197 hic
2306 2143 2453 2209 dicit,
2486 2144 2782 2200 Securitate
2806 2157 2859 2202 et
2883 2149 3046 2218 gloria
3068 2163 3165 2204 nos
3185 2151 3471 2205 coronasti.
3505 2151 3611 2206 'l‘a-

2030 2235 2098 2290 lia
2123 2243 2246 2289 sunt
2278 2235 2418 2290 enim
2452 2235 2544 2290 Dei
2572 2235 2709 2291 dona
2741 2238 2930 2305 valida,
2959 2249 3011 2294 et
3031 2239 3222 2296 decore
3245 2240 3396 2310 plena
3431 2259 3444 2296 :
3479 2241 3615 2297 tales

2028 2336 2153 2383 sunt
2178 2343 2410 2385 coronaz.
2458 2331 2526 2383 At
2554 2330 2604 2384 in
2635 2329 2939 2385 hominibus
2984 2347 3087 2386 non
3129 2331 3202 2387 ita
3243 2340 3364 2388 est:
3397 2331 3489 2388 sed
3521 2337 3607 2404 qui

2029 2429 2107 2474 est
2135 2419 2345 2488 quidem
2364 2420 2415 2474 in
2437 2420 2621 2491 gloria,
2647 2436 2753 2476 non
2777 2433 2857 2477 est
2887 2422 3106 2476 omnino
3135 2437 3382 2488 securus;
3414 2423 3501 2494 qui
3525 2433 3608 2478 est

2036 2517 2210 2562 autem
2256 2510 2307 2564 in
2347 2513 2648 2576 securitate,
2681 2529 2787 2568 non
2826 2525 2906 2569 est
2943 2517 3160 2569 omnino
3200 2513 3251 2569 in
3293 2515 3479 2586 gloria,
3511 2531 3609 2570 uec

2037 2599 2154 2655 haec
2182 2599 2331 2655 facile
2360 2603 2513 2656 simul
2542 2606 2815 2659 evenerint
2844 2624 2857 2659 :
2889 2607 3028 2675 quod
3058 2607 3100 2660 si
3128 2608 3285 2661 etiam
3315 2609 3607 2669 evenerint,

2034 2688 2279 2744 celeriter
2306 2690 2630 2746 auferuntur.
2659 2692 2817 2747 Verbi
2838 2696 3003 2762 gratia
3028 2712 3041 2747 :
3067 2697 3166 2762 Qui
3187 2706 3308 2750 sunt
3335 2706 3603 2764 potentes,

2033 2790 2089 2838 et.
2113 2797 2356 2855 (summos
2385 2793 2575 2852 gerunt
2596 2785 2952 2853 magistratus,
2977 2797 3097 2839 sunt
3117 2785 3328 2855 quidem
3353 2787 3608 2855 splendidi

2034 2883 2090 2930 et
2121 2873 2370 2938 illustres,
2402 2873 2496 2930 sed
2527 2890 2629 2928 non
2656 2875 2848 2940 securi,
2880 2874 2988 2929 imo
3022 2875 3105 2929 vel
3142 2890 3206 2929 eo
3245 2877 3471 2930 maxime
3512 2893 3608 2930 no-

2035 2965 2180 3020 mine
2210 2963 2262 3018 in
2288 2965 2491 3020 lubrico
2517 2974 2568 3020 et
2598 2965 2898 3034 periculoso
2927 2966 3044 3021 loco
3071 2978 3366 3032 versantur,
3399 2978 3610 3039 preptcr

2027 3057 2212 3130 glorias
2240 3057 2678 3128 magnitudinem.
2703 3057 2801 3125 Qui
2831 3067 3004 3114 autem
3029 3069 3153 3114 sunt
3173 3059 3362 3130 abjecti
3383 3070 3437 3116 et
3458 3062 3608 3128 viles,

2029 3157 2154 3206 sunt
2182 3149 2394 3218 quidem
2421 3149 2592 3205 securi
2616 3189 2630 3212 .
2665 3164 2730 3205 eo
2757 3149 2896 3220 quod
2931 3165 3036 3204 non
3067 3162 3488 3220 cognoscantur,
3517 3153 3608 3210 sed

2027 3258 2092 3297 eo
2117 3243 2234 3312 ipso
2263 3251 2386 3296 sunt
2411 3243 2492 3297 vel
2524 3243 2751 3298 maxime
2782 3241 2989 3312 inglorii
3009 3284 3022 3302 .
3051 3242 3192 3312 quod
3220 3243 3271 3298 in
3299 3244 3604 3299 securitate.

2028 3334 2082 3389 In
2131 3335 2240 3389 Deo
2282 3344 2460 3390 autem
2507 3350 2614 3389 non
2667 3335 2736 3388 ita
2775 3342 2856 3388 est
2886 3351 2898 3386 :
2928 3333 3021 3388 sed
3069 3344 3290 3405 utraque
3333 3336 3606 3405 insigniter

2024 3433 2360 3489 concurrunt,
2385 3435 2438 3480 et
2457 3425 2620 3496 gloria
2643 3434 2697 3480 et
2710 3426 2986 3481 securitas.
3010 3423 3605 3498 Consideratttesimque

2023 3516 2282 3572 bonorum
2314 3515 2727 3588 magnitudinem
2749 3556 2764 3582 ,
2800 3528 2851 3570 ct
2877 3525 2999 3570 ante
3019 3516 3196 3571 omnia
3226 3532 3380 3588 quam
3412 3519 3478 3574 sit
3507 3518 3602 3575 bo—

2025 3625 2149 3664 num
2176 3609 2284 3663 Deo
2310 3623 2428 3664 esse
2453 3616 2682 3678 gratum,
2705 3607 2842 3678 quod
2870 3615 2952 3662 est
2981 3618 3033 3661 et
3061 3623 3228 3670 arma,
3256 3616 3308 3663 et
3329 3609 3517 3678 gloria,
3548 3619 3603 3664 et

2020 3702 2307 3766 securitas,
2345 3709 2400 3756 et
2429 3701 2563 3755 bona
2593 3699 2996 3754 innumerabilia
3015 3738 3030 3762 ,
3059 3698 3124 3752 ad
3151 3707 3416 3754 certamen
3451 3699 3602 3752 nobis

2020 3796 2348 3867 propositum
2385 3808 2662 3868 curramus
2702 3807 2822 3847 cum
2867 3791 3166 3855 tolerantia,
3214 3805 3312 3845 nec
3351 3805 3600 3859 umquam

2017 3887 2194 3943 animo
2207 3884 2533 3947 deficiamus,
2549 3898 2646 3937 nec
2663 3897 2907 3952 umquam
2923 3881 3196 3936 videamur
3213 3881 3464 3935 inermes.
3492 3879 3600 3934 lloc

2013 3979 2161 4034 enim
2188 3976 2316 4032 belli
2343 3989 2508 4044 genus
2549 3989 2656 4027 non
2696 3974 2892 4041 patitur
2911 4012 2926 4036 ,
2953 3982 3012 4026 ut
3041 3973 3195 4027 miles
3219 3972 3460 4026 videatur
3484 3972 3601 4025 sine

2017 4068 2182 4122 armis
2208 4084 2222 4118 :
2251 4065 2347 4120 sed
2370 4075 2492 4118 tunc
2511 4062 2723 4116 demum
2750 4060 3031 4114 dimittitur
3054 4071 3358 4130 apparatus,
3389 4064 3600 4131 quando

2018 4158 2178 4214 fuerit
2205 4157 2469 4211 theatrum
2491 4151 2806 4210 dissolutum
2836 4167 2851 4206 :
2875 4151 3092 4205 solvitur
3111 4160 3286 4207 autem
3309 4153 3594 4215 theatrum,

2021 4249 2233 4322 quando
2258 4247 2434 4303 anima
2459 4245 2680 4302 solvitur
2707 4260 2734 4298 a
2763 4259 3005 4313 corpore.
3033 4243 3209 4312 Quare
3233 4243 3481 4313 quamdiu
3512 4243 3600 4328 hic

2019 4355 2238 4406 sumus,
2271 4352 2504 4408 pugnare
2529 4349 2748 4391 necesse
2781 4343 2864 4390 est
2901 4343 2954 4388 et
2989 4333 3130 4388 domi
3169 4331 3434 4396 sedentes,
3463 4343 3516 4388 et
3546 4333 3596 4387 in

2020 4433 2190 4487 forum
2231 4437 2419 4486 euntes
2465 4437 2518 4483 et
2563 4426 2906 4498 prandentes,
2949 4435 3010 4480 et.
3043 4433 3289 4496 a~grotos,
3319 4433 3372 4479 et
3414 4439 3594 4478 sanos.

2017 4520 2182 4578 Morbi
2226 4520 2368 4576 enim
2415 4527 2683 4589 tempore,
2726 4515 2880 4589 hujus
2915 4515 3142 4571 maxime
3174 4531 3360 4584 pugnae
3387 4522 3595 4586 tempus

2013 4623 2116 4682 est,
2144 4612 2356 4684 quando
2408 4609 2623 4664 dolores
2671 4607 2900 4676 undique
2951 4607 3268 4661 eontttrbant
3319 4606 3546 4659 animum
3575 4645 3590 4669 ,

2010 4705 2222 4778 quando
2247 4703 2472 4758 tristitite
2501 4699 2760 4762 obsident,
2783 4698 2992 4768 quando
3012 4698 3162 4752 adest
3188 4697 3428 4752 diabolus
3453 4698 3584 4751 inei-

2012 4809 2166 4862 tans,
2212 4807 2272 4850 ut
2323 4793 2574 4849 acerbum
2619 4789 2826 4860 aliquod
2873 4790 3087 4844 verbum
3135 4789 3391 4844 dicamus.
3439 4788 3589 4844 Tune

2009 4891 2237 4945 maxime
2277 4903 2373 4943 nos
2407 4885 2598 4940 muniri
2638 4893 2866 4952 oportet,
2901 4883 2999 4953 tegi
3041 4882 3219 4945 lorica,
3252 4881 3463 4953 clypeo,
3489 4897 3587 4950 ga-

2009 4983 2114 5048 lea,
2147 4992 2200 5036 et
2227 4981 2389 5034 armis
2417 4977 2624 5034 caeteris
2642 5017 2655 5040 ,
2688 4985 2738 5032 et
2769 4984 3021 5046 perpetuo
3048 4974 3154 5027 Deo
3181 4975 3378 5044 gratias
3407 4988 3582 5042 agere.

2008 5071 2136 5128 Hmc
2178 5079 2300 5124 sunt
2342 5068 2648 5138 gravissima
2695 5081 2813 5136 qua:
2866 5066 2916 5118 in
2962 5065 3228 5118 diabolum
3275 5068 3587 5129 torquentur

2010 5163 2135 5228 tela,
2166 5161 2251 5215 hic
2274 5167 2356 5214 est
2379 5158 2511 5212 ictus
2541 5158 2595 5211 in
2620 5155 2914 5211 dzemonem
2935 5152 3287 5211 certissimus,
3309 5158 3434 5202 tunc
3460 5160 3584 5203 sunt

2061 5259 2078 5291 ι
2103 5255 2250 5321 _Edit.
2277 5255 2426 5321 δοίη.
2446 5254 2589 5321 Prov.
2629 5251 2674 5300 4.
2711 5251 2792 5321 9_:
2831 5251 3033 5321 _Corona
3053 5237 3583 5321 'magniﬁccnffta‘det

1999 5303 2168 5385 renda
2189 5303 2235 5367 τέ
2260 5317 2500 5385 tam
2521 5315 2574 5362 δι
2608 5303 3578 5385 3994975.?91"???“5E9flmfla99‘:39M

2000 5366 2342 5443 numne
2367 5366 2548 5443 ὀρνόιια
2569 5366 2872 5443 σίόνέάεξοηέδ
2897 5366 3418 5443 (ἧιὲᾉῇσξφς),ἓὲ⁵1“.ε.ἑ
3437 5366 3580 5443 3P9"

2003 5426 2456 5503 ἓῖιῖιῖιῆξίιιξήιίάε
2493 5426 2689 5503 (οτθὸηα,
2713 5426 3137 5503 ριοῖίιξςῷὸξῃςκ
3181 5426 3310 5502 apud
3351 5426 3579 5503 ςΙΊιθόᾶοἶ

2002 5489 2219 5562 etiam.
2275 5489 2559 5562 de'corona
2606 5489 2986 5562 pulchritudinis
3033 5489 3418 5562 (inflammat-odi
3450 5493 3582 5554 apud

2003 5551 2276 5618 neminem,
2309 5560 2372 5626 de
2413 5568 2591 5626 corona
2606 5551 2917 5626 gratiarum;
2945 5551 3048 5624 Sed
3093 5551 3326 5626 existimo
3369 5551 3582 5626 (Iurisc-

2005 5615 2521 5686 stomumexiduobus
2545 5615 2667 5667 locis
2712 5615 3111 5686 unum'fecisse‘;
3155 5628 3267 5663 nam
3290 5615 3582 5682 Proverbio-

2007 5676 2115 5737 rum
2144 5687 2188 5745 1,
2223 5684 2272 5742 9,
2309 5684 2510 5745 legitur,
2548 5691 2776 5730 coronam
2814 5676 2944 5745 enim
2977 5676 3252 5745 gratiarum
3287 5676 3496 5745 accipies
3533 5676 3584 5723 in

2006 5739 2192 5813 capith
2219 5739 2322 5813 tuo.
2359 5739 2538 5813 Priora.
2577 5749 2744 5813 autem
2805 5740 2956 5813 verba
2979 5739 3141 5804 'hujus
3195 5739 3431 5787 versiculi
3469 5747 3583 5783 cum

2011 5801 2372 5875 posterioribus
2391 5803 2570 5886 prioris
2595 5801 2915 5867 capulaverit.
