4086 6214
511 341 564 395 74
1305 339 1361 393 S.
1395 338 1673 394 JOANNIS
1710 333 2184 392 ClllilSOST-Oltll
2219 334 2533 392 ARCHIEP.
2577 336 3107 397 CONSTANTINOP.
3706 343 3774 397 72

492 452 1193 525 corona:splendidissime
1227 453 1355 508 Nam
1383 454 1541 506 etiam
1565 453 1778 507 beatum
1805 449 1904 506 Job
1925 447 2080 522 (nihil

489 545 636 598 enim
669 554 811 600 vetat
846 561 950 616 quo
988 547 1164 600 minus
1201 545 1265 599 ad
1309 559 1428 599 eum
1468 558 1653 599 rursus
1689 541 2078 612 confugiamus)

494 633 599 690 hoc
637 636 866 692 maxime
891 638 1094 692 clarum
1128 635 1391 702 reddidit,
1431 635 1532 689 hoc
1559 633 1804 689 maximis
1834 631 2076 687 laudibus
2127 619 2150 640 ⁸

495 728 708 794 :tll'ecit,
753 727 853 783 hoc
909 729 1219 793 coronavit,
1268 726 1408 797 quod
1457 737 1696 794 tempore
1742 721 2074 787 lentatiouis,

494 819 664 874 morbi
697 830 747 872 et
777 821 1120 890 paupertatis,
1154 817 1463 872 immutabili
1486 814 1745 886 ejusmodi
1774 814 1953 867 animo
1982 826 2078 881 apo

495 914 749 982 paruerit,
779 925 831 969 et
875 923 1052 970 mente
1099 911 1404 975 immobilis,
1434 909 1626 980 quibus
1665 909 1860 978 gratias
1902 912 2080 976 ageret

495 1007 607 1061 Deo
651 1007 807 1060 verba
847 1005 1123 1080 obtulerit,
1151 1012 1205 1058 et
1249 1001 1521 1072 spirituale
1565 999 1693 1054 illud
1736 998 2074 1054 sacrificium.

494 1097 660 1152 Erant
687 1097 826 1152 enim
855 1095 1170 1152 sacrificium
1196 1094 1356 1149 verba
1385 1092 1518 1162 ejus.
1548 1106 1667 1162 quae
1691 1090 1824 1145 dixit
1857 1105 1869 1142 :
1902 1088 2082 1142 Domi-

491 1204 585 1244 nus
613 1189 770 1255 dedit,
799 1187 1052 1242 Dominus
1085 1185 1287 1240 absttdit
1315 1201 1334 1238 :
1361 1185 1490 1238 sicut
1521 1182 1740 1236 Domino
1776 1179 1986 1252 placuit,
2010 1179 2080 1232 ita

492 1285 685 1351 factum
723 1288 795 1334 est
833 1295 851 1333 :
885 1280 947 1332 sit
983 1295 1162 1332 nomen
1202 1275 1407 1330 Domini
1448 1274 1759 1329 benedictum
1798 1273 1851 1325 in
1889 1268 2078 1324 secula

497 1368 619 1443 (Job
663 1370 714 1426 1.
743 1369 858 1440 21).
891 1369 1040 1436 Quod
1074 1367 1284 1438 quidem
1311 1381 1408 1421 nos
1431 1381 1640 1437 quoque
1667 1378 1880 1434 semper
1903 1361 2067 1415 facia-

489 1476 630 1527 mus,
673 1461 726 1516 in
773 1460 1178 1525 tentatiouihus,
1221 1459 1273 1513 in
1321 1455 1732 1522 calamitatibus,
1773 1456 1828 1509 in
1871 1451 2079 1508 insidiis

491 1553 657 1607 Deum
682 1552 850 1623 gloria
877 1559 930 1606 et
959 1550 1164 1605 honore
1191 1548 1487 1604 afﬁcientes
1508 1590 1522 1615 ,
1551 1555 1604 1601 et
1631 1556 1884 1616 perpetuo
1909 1545 2073 1599 bene-

485 1642 770 1699 dicentes:
799 1642 1046 1714 quoniam
1093 1643 1140 1696 ei
1185 1641 1352 1712 gloria
1399 1641 1451 1694 in
1497 1637 1691 1694 srccula
1738 1636 2073 1692 saeculorum.

496 1734 686 1789 Amen.

812 1865 1170 1922 EXPOSITIO
1209 1863 1277 1920 IN
1317 1861 1639 1920 PSALMUM
1681 1861 1768 1918 Vl.

599 1979 813 2034 Domine
833 2021 848 2047 ,
881 1996 943 2035 ne
974 1981 1026 2034 in
1057 1982 1228 2052 furore
1269 1988 1351 2033 tuo
1377 1995 1564 2051 arguas
1589 1994 1668 2032 me
1689 2018 1704 2045 ,
1742 1994 1897 2048 neque
1920 1977 1970 2032 in

982 2073 1060 2127 ira
1087 2083 1178 2126 tua
1207 2071 1450 2141 corripias
1479 2087 1575 2124 me.

561 2184 610 2236 1.
651 2181 873 2250 Quando
896 2181 1128 2237 furorem
1149 2189 1203 2236 et
1231 2181 1362 2236 iram
1384 2179 1452 2236 de
1482 2180 1590 2236 Deo
1619 2177 1907 2245 audiveris,
1937 2179 2072 2235 nihil

483 2274 774 2330 humanum
805 2275 1092 2344 suspiceris
1124 2294 1136 2330 :
1168 2282 1290 2328 sunt
1327 2275 1468 2330 enim
1500 2273 1662 2328 verba
1693 2273 1884 2343 quibus
1912 2287 1972 2329 se
2011 2272 2076 2328 ad

481 2373 699 2436 captum
725 2375 965 2422 nostrum
991 2366 1243 2422 demittit.
1274 2367 1414 2422 Deus
1440 2366 1582 2421 enim
1623 2365 1691 2421 ab
1719 2365 1802 2421 his
1831 2366 2077 2420 omnibus

486 2459 621 2514 liber
647 2469 752 2516 est.
782 2460 857 2515 Ita
898 2467 1075 2515 autem
1106 2459 1339 2532 loquitur
1368 2468 1425 2514 ut
1465 2459 1516 2514 in
1557 2459 1882 2514 crassiorum
1925 2458 2079 2513 cadat

487 2551 912 2624 intelligentiam.
936 2551 1067 2606 Nam
1088 2567 1188 2607 nos
1207 2567 1416 2622 quoque
1435 2550 1648 2622 quando
1668 2551 1939 2620 loquimur
1957 2565 2076 2604 cum

484 2642 725 2698 barbaris
751 2683 768 2710 ,
792 2643 1003 2699 illorum
1031 2644 1204 2714 lingua
1236 2645 1432 2699 utimur
1458 2659 1481 2716 ε.
1503 2654 1554 2697 et
1580 2643 1625 2697 si
1655 2658 1772 2697 cum
1803 2657 1966 2712 puero
1996 2642 2078 2697 lo-

487 2735 701 2802 quimur
727 2777 740 2800 ,
767 2751 868 2788 una
899 2751 1018 2789 cum
1051 2751 1116 2790 eo
1146 2735 1463 2790 balbutimus
1486 2777 1498 2798 ,
1533 2744 1585 2789 et
1613 2742 1669 2789 ut
1703 2735 2079 2806 sapientissimi

491 2823 680 2884 simus,
713 2824 777 2878 ad
821 2823 1167 2878 liunti'itatem
1199 2823 1338 2879 illius
1362 2839 1460 2879 nos
1487 2823 1832 2879 demittimus.
1860 2824 1925 2880 Et
1953 2825 2080 2895 quid

493 2913 684 2968 mirum
721 2920 764 2968 si
806 2913 905 2969 lzoc
948 2916 997 2968 in
1029 2914 1208 2971 verbis
1240 2915 1478 2977 iacimus,
1511 2931 1628 2985 qua:
1651 2913 1722 2968 do
1761 2915 1810 2969 id
1837 2915 1994 2970 etiam
2027 2917 2076 2972 in

484 3008 646 3064 rebus
679 3008 737 3062 fit
758 3009 978 3075 anubis,
1002 3017 1060 3064 ut
1097 3009 1183 3079 qtti
1209 3017 1266 3065 et
1292 3023 1478 3064 manus
1495 3008 1850 3065 mordeamus.
1874 3019 1924 3063 et
1949 3010 2076 3063 iram

487 3103 800 3160 simulcnms
823 3143 838 3165 ,
873 3112 930 3157 ut
955 3102 1210 3157 infantem
1255 3101 1712 3172 corrigamusHta
1741 3101 1900 3158 etiam
1938 3101 2079 3158 Deus

482 3193 774 3248 crassiores
798 3192 1011 3247 afficere
1039 3177 1245 3257 volens,
1274 3191 1466 3246 talibus
1490 3191 1666 3246 verbis
1693 3206 1819 3245 usus
1839 3202 1940 3247 est.
1961 3191 2077 3246 Non

483 3284 624 3339 cnim
659 3299 756 3354 pro
784 3297 878 3338 sua
903 3283 1158 3354 dignitate
1186 3283 1328 3352 loqui
1351 3282 1587 3348 studuit,
1618 3281 1711 3337 sed
1741 3298 1834 3351 pro
1861 3283 2078 3337 audito-

482 3393 601 3432 rum
630 3377 874 3431 utilitate.
905 3375 1033 3430 Nam
1060 3389 1119 3430 se
1151 3392 1253 3429 non
1286 3391 1406 3430 esse
1449 3375 1539 3428 irae
1567 3373 1854 3428 obnoxium
1887 3375 2075 3428 alicubi

476 3465 767 3522 ostendens
789 3507 804 3532 ,
843 3465 1053 3520 dicebat
1083 3482 1096 3519 :
1134 3463 1395 3534 Numquth
1425 3481 1503 3518 me
1527 3463 1596 3517 ad
1618 3463 1746 3516 iram
1766 3475 2038 3534 provocant
2059 3506 2075 3530 ,

481 3576 650 3614 nonne
669 3560 860 3630 seipsos
889 3558 908 3628 (
931 3556 1041 3612 Jer.
1068 3558 1116 3612 7.
1149 3557 1210 3612 l9
1233 3556 1250 3626 )
1274 3559 1297 3610 ?
1324 3556 1402 3610 Tu
1429 3566 1604 3610 autent
1630 3553 1894 3623 quomodo
1914 3556 2080 3610 velles

491 3653 666 3720 ipsum
707 3651 974 3708 disserere
1018 3665 1136 3705 cum
1167 3649 1364 3704 Juda:is
1389 3691 1403 3715 ,
1437 3663 1555 3702 cum
1588 3663 1758 3718 neque
1780 3648 2039 3702 irascatur
2060 3689 2076 3714 ,

481 3758 584 3800 nec
609 3743 733 3798 odio
757 3741 950 3798 haheat
976 3742 1182 3796 malos?
1209 3741 1331 3796 odio
1359 3741 1501 3794 enim
1532 3749 1613 3795 est
1655 3739 1818 3794 animi
1860 3748 2074 3810 pertur-

484 3833 625 3887 batio
646 3849 663 3900 ,;
690 3848 788 3890 nec
814 3832 1040 3887 humana
1069 3830 1358 3901 respiciat?
1386 3831 1563 3886 videre
1597 3830 1738 3886 enim
1764 3845 1826 3886 ex
1855 3843 2078 3900 corpore

480 3935 748 3996 sumptum
773 3933 894 3992 est;
951 3941 1122 3996 neque
1169 3925 1394 3980 audiat?
1437 3940 1558 3979 nam
1606 3924 1705 3980 hoc
1749 3938 2078 3996 quoque-ex

470 4032 662 4072 rarae.
677 4015 780 4072 Sed
803 4033 866 4073 ex
890 4015 991 4072 hoc
1014 4016 1211 4072 malum
1230 4015 1370 4071 aliud
1392 4015 1583 4087 dogma
1611 4013 1880 4070 inductum
1905 4025 2068 4085 esset,

482 4123 674 4178 nempe
696 4124 799 4162 non
822 4108 931 4178 regi
951 4109 1129 4164 omnia
1151 4123 1182 4161 a
1207 4107 1296 4162 Dei
1320 4106 1650 4178 providentia
1682 4122 1694 4158 :
1725 4114 1778 4161 et
1806 4105 1930 4160 dum
1955 4108 2078 4163 talia

482 4202 554 4256 de
584 4201 692 4256 Deo
712 4200 898 4257 audire
924 4209 1255 4270 recusarent,
1279 4199 1427 4255 multi
1451 4215 1514 4252 ex
1541 4199 1625 4265 iis,
1654 4198 1743 4268 qui
1766 4207 1889 4253 tunc
1903 4208 2074 4265 erant,

480 4290 698 4346 omnino
725 4291 890 4347 Deum
928 4307 1051 4347 esse
1081 4293 1419 4360 ignorassent
1446 4307 1458 4340 :
1485 4304 1550 4343 eo
1578 4297 1755 4343 autem
1787 4289 2029 4358 ignorate
2051 4330 2065 4354 ,

485 4385 661 4438 omnia
710 4384 1037 4453 periissent:
1084 4385 1176 4438 illo
1204 4391 1388 4438 contra
1444 4381 1749 4438 introducto
1790 4383 2074 4454 dogmate,

483 4475 731 4530 celeriter
759 4474 870 4530 fieri
915 4483 1123 4546 poterat
1155 4473 1437 4528 correctio.
1465 4471 1560 4527 Cui
1591 4474 1733 4527 enim
1764 4488 2077 4542 persuasum

485 4574 567 4618 est
593 4563 759 4619 Deum
790 4580 908 4620 esse
925 4605 942 4632 ,
968 4564 1068 4622 etsi
1097 4579 1201 4618 non
1239 4563 1434 4619 habeat
1455 4578 1572 4618 eam
1598 4578 1754 4634 quam
1781 4579 1878 4634 par
1905 4575 1986 4619 est
2011 4563 2078 4621 de

473 4655 596 4712 ‘Dco
623 4656 936 4710 sententiam
955 4697 972 4722 ,
1003 4655 1097 4711 sed
1135 4655 1259 4726 quid
1289 4654 1356 4709 de
1381 4669 1444 4709 eo
1469 4653 1702 4710 crassius
1739 4643 2074 4724 suspicetur;

481 4757 726 4816 tempore
755 4746 968 4816 quidem
999 4754 1146 4801 certo
1172 4747 1220 4802 ei
1249 4745 1656 4816 persuadebitur
1677 4786 1692 4812 ,
1726 4746 1855 4800 nihil
1889 4747 1993 4802 tale
2023 4747 2074 4802 in

479 4841 650 4898 Deum
674 4840 884 4896 cadere.
913 4840 1010 4908 Qui
1039 4849 1210 4896 autem
1235 4840 1395 4896 habet
1415 4839 1859 4910 persuasumejus
1876 4839 2075 4894 nullam

483 4949 604 4987 esse
635 4932 1038 5002 providentiam,
1081 4948 1178 4986 nec
1206 4931 1366 4986 ullam
1399 4947 1521 4986 eum
1550 4947 1730 4986 rerum
1770 4947 1950 4988 curam
1979 4948 2073 5002 διες

475 5008 626 5090 ταὼ,
659 5039 829 5092 neque
858 5024 901 5078 si
931 5023 1190 5078 exsistant
1214 5063 1230 5088 ,
1260 5037 1448 5078 curare
1471 5064 1484 5088 ,
1505 5021 1640 5093 quid
1665 5038 1788 5079 eum
1808 5023 2004 5092 juverit
2031 5021 2074 5078 si

485 5123 742 5170 tractetur
788 5112 855 5168 de
895 5113 989 5168 Dei
1037 5112 1466 5182 impatihilitate?
1511 5112 1601 5167 llla
1642 5113 1752 5182 ipsa
1782 5113 1848 5167 de
1873 5129 2028 5168 causa
2055 5157 2069 5178 ,

479 5223 598 5260 eum
621 5206 771 5278 prius
787 5221 906 5261 cum
930 5205 1032 5260 illis
1052 5203 1410 5272 disseruisset,
1441 5215 1716 5275 postquam
1745 5207 1825 5261 eis
1851 5221 2069 5275 persua-

479 5298 568 5363 sit,
595 5308 651 5351 ut
680 5313 801 5351 eum
827 5311 949 5354 esse
972 5295 1337 5366 opinarent-ir,
1366 5295 1615 5364 paulatim
1643 5309 1734 5349 eos
1759 5311 1946 5350 rursus
1974 5310 2068 5348 ex-

483 5396 690 5458 purgat,
721 5387 786 5441 ad
819 5388 920 5442 hoc
946 5385 1137 5457 dogma
1171 5385 1404 5442 evehens
1427 5427 1442 5449 ,
1474 5384 1541 5440 de
1565 5399 1631 5439 eo
1655 5384 1877 5455 loquens
1904 5383 2070 5437 subli-

475 5480 661 5543 mius,
691 5487 744 5532 et
768 5493 888 5532 eum
917 5493 1051 5533 esse
1095 5479 1162 5532 ab
1206 5477 1486 5532 affectione
1530 5486 1798 5530 remotum
1833 5474 2071 5528 oratione

481 5576 831 5634 pertractans.
861 5569 1004 5621 'llicit
1031 5568 1170 5623 enim
1199 5568 1332 5622 a‘lius
1365 5566 1620 5637 propheta
1649 5585 1661 5619 :
1706 5564 1826 5618 Non
1853 5563 2065 5625 esuriet,

483 5674 636 5728 neque
669 5655 914 5711 laborabit
941 5658 960 5720 (
979 5656 1103 5711 lsai.
1135 5657 1222 5712 10.
1250 5657 1360 5729 9.8)
1397 5675 1408 5709 :
1436 5665 1489 5710 et
1515 5655 1602 5725 qtti
1647 5670 1766 5708 cum
1792 5651 1944 5707 irasci
1984 5651 2068 5704 di-

484 5760 654 5818 xerat,
684 5747 823 5804 idem
850 5762 1031 5803 rursus
1062 5747 1345 5802 ostendens
1367 5748 1531 5804 Deum
1560 5761 1676 5800 esse
1699 5743 2063 5813 itupatibilem,

2187 448 2455 521 subjuugit
2487 470 2498 504 :
2532 451 2792 522 Numquid
2813 472 2890 508 me
2907 456 3004 525 ipsi
3024 457 3091 510 ad
3117 459 3242 512 iram
3270 469 3543 529 provocant
3563 501 3580 526 ,
3607 475 3772 514 nonne

2185 541 2373 610 seipsos
2399 541 2547 614 (Jer.
2582 545 2631 597 7.
2663 543 2768 613 l9)
2795 546 2817 598 ’ἒ
2849 543 2913 600 Ει
2941 548 3026 616 qui
3053 547 3260 604 dixerat
3278 564 3398 604 eum
3420 565 3539 605 esse
3565 551 3615 603 in
3641 560 3772 605 tem-

2185 632 2273 702 plo
2291 674 2306 697 ,
2338 646 2523 688 rursus
2550 633 2676 689 dicit
2711 654 2721 689 :
2755 634 2872 700 Non
2903 648 2983 691 est
3013 639 3160 692 homo
3182 640 3231 692 in
3258 648 3304 694 te
3323 651 3522 696 sanctus
3541 681 3560 710 ,
3595 652 3641 695 et
3669 660 3767 696 non

2184 723 2440 793 ingrediar
2479 725 2530 778 in
2570 725 2809 780 civitater
2857 727 3029 798 (Osee
3079 729 3164 783 ll.
3198 729 3304 801 9):
3337 729 3439 786 hoc
3467 741 3548 787 est
3571 775 3588 800 ,
3623 731 3768 787 Loco

2186 825 2291 866 nou
2319 814 2616 871 contineor.
2645 815 2794 883 Quod
2819 816 2990 872 sinon
3015 834 3202 874 omnes
3231 821 3370 875 ultus
3412 830 3495 878 est
3515 863 3530 888 ,
3558 830 3613 876 at
3641 839 3769 892 pru-

2185 901 2408 958 dentiori
2431 914 2572 960 certe
2602 907 2808 977 reliquit
2832 909 3168 979 engitandum
3193 927 3258 965 ex
3277 910 3457 976 dictis,
3485 913 3625 983 quod
3647 913 3768 984 quia

2186 996 2474 1066 tyrannicis
2520 998 2656 1054 liber
2684 1009 2765 1055 est
2789 997 3190 1070 affectionibus,
3217 1011 3271 1057 et
3295 1002 3410 1057 sine
3443 1003 3634 1073 quibus
3665 1021 3767 1061 non

2181 1084 2304 1139 licet
2330 1085 2528 1153 vivere,
2549 1087 2615 1142 ab
2634 1089 2754 1144 aliis
2774 1092 2938 1146 multo
2953 1091 3119 1162 magis
3140 1092 3273 1148 liber
3293 1102 3393 1148 est.
3419 1093 3553 1149 Dicit
3573 1095 3766 1166 itaque:

2185 1173 2326 1230 Num
2354 1178 2452 1232 eris
2480 1189 2533 1232 ut
2571 1181 2720 1235 homo
2745 1181 2999 1238 dormiens
3030 1183 3049 1256 (
3066 1183 3176 1241 Jer.
3209 1185 3303 1240 H.
3330 1184 3364 1240 9
3387 1187 3448 1255 )‘l
3475 1187 3540 1242 Et
3572 1187 3766 1259 ubique

2184 1274 2372 1323 tractat
2397 1285 2458 1323 ac
2477 1269 2716 1340 loquitur
2737 1272 2803 1329 de
2825 1275 3229 1344 impatibilitate.
3258 1276 3432 1343 Quare
3455 1277 3541 1334 hic
3561 1295 3769 1350 quoque

2182 1359 2396 1428 quando
2430 1361 2660 1416 furorem
2688 1364 2918 1420 audieris
2942 1406 2958 1432 ,
2991 1381 3055 1421 ne
3083 1376 3234 1437 putes
3259 1382 3376 1422 esse
3413 1367 3764 1424 affectionem.

2179 1451 2234 1508 Si
2266 1453 2408 1508 enim
2438 1453 2681 1511 homines
2708 1457 2795 1528 qui
2819 1458 3167 1529 philosophia:
3193 1461 3426 1528 student,
3457 1462 3630 1534 quoad
3653 1463 3766 1534 ejus

2182 1541 2294 1597 fieri
2326 1552 2500 1614 potest
2525 1585 2538 1609 .
2571 1545 2638 1600 ab
2685 1546 2761 1601 ira
2811 1547 2970 1602 alieni
3012 1559 3356 1619 permanent;
3405 1551 3572 1605 multo
3601 1553 3767 1622 magis

2182 1628 2269 1688 illa'
2297 1635 2590 1691 substantia
2611 1678 2626 1704 ,
2656 1653 2773 1708 qua:
2801 1648 2881 1693 cst
2907 1637 2974 1694 ab
3004 1639 3218 1695 interitu
3245 1651 3299 1696 et
3325 1643 3663 1713 corruptione
3702 1644 3765 1697 li-

2181 1723 2307 1781 bera
2334 1765 2347 1791 ,
2379 1734 2572 1798 etquae
2599 1744 2696 1784 nec
2722 1728 2828 1784 dici
2853 1771 2868 1798 ,
2900 1746 2996 1786 nec
3025 1731 3404 1802 comprehendi
3434 1742 3624 1804 potest.
3655 1733 3764 1790 Non

2182 1817 2330 1873 vides
2356 1819 2516 1874 etiam
2547 1819 2806 1888 medicos,
2838 1822 2961 1877 dum
2994 1833 3194 1890 secant,
3225 1825 3306 1880 vel
3336 1837 3512 1895 ttrunt,
3544 1843 3648 1882 nor.
3692 1828 3764 1882 ira

2181 1909 2438 1966 adductos
2467 1910 2516 1965 id
2544 1911 2736 1978 facere,
2761 1913 2854 1967 sed
2883 1914 3023 1984 quod
3047 1915 3182 1971 male
3206 1915 3453 1972 affectum
3479 1927 3560 1974 est
3583 1920 3752 1974 corri-

2180 2011 2305 2068 gere
2331 2000 2508 2055 animo
2534 2000 2632 2056 sibi
2662 2013 3015 2072 propone..tes
3037 2046 3052 2070 ,
3087 2021 3190 2060 non
3216 2008 3505 2063 irascentes
3530 2010 3762 2080 a'grotis.

2182 2087 2275 2144 sed
2306 2103 2400 2143 eos
2445 2091 2758 2146 miserantes
2779 2133 2792 2156 ,
2821 2101 2875 2147 et
2901 2110 2928 2145 a
2961 2095 3162 2150 morbis
3191 2096 3518 2153 liberantes?
3542 2099 3767 2167 Quando

2191 2193 2318 2246 ergo
2343 2179 2468 2233 dicit
2500 2197 2512 2232 :
2546 2179 2628 2234 A'e
2652 2181 2702 2234 in
2723 2183 2895 2252 furore
2921 2193 3004 2237 tuo
3030 2201 3213 2256 arguas
3237 2204 3316 2240 me
3342 2203 3359 2241 :
3389 2191 3487 2243 hoc
3516 2189 3664 2256 dicit,
3695 2193 3767 2247 {Ve

2185 2285 2370 2338 pmnas
2402 2283 2584 2325 sumas
2611 2271 2677 2326 de
2705 2275 2838 2328 meis
2868 2275 3119 2343 peccatis,
3153 2293 3250 2332 nec
3278 2294 3391 2332 mea
3419 2279 3608 2336 delicta
3642 2284 3769 2337 ulci-

2182 2363 2365 2417 seat-is.
2398 2366 2449 2420 5.
2477 2364 2530 2417 Μ
2536 2365 2712 2419 iscrcre
2735 2367 2846 2432 mei,
2874 2365 3108 2436 Domine,
3132 2371 3368 2438 quoniam
3387 2373 3616 2440 in/irmus
3635 2393 3764 2432 sunt.

2185 2453 2292 2510 llac
2315 2471 2444 2511 voce
2469 2471 2658 2512 omnes
2678 2472 2915 2528 egemus,
2945 2459 3153 2515 etiamsi
3188 2461 3591 2518 innumerabilia
3622 2476 3765 2521 recte

2181 2553 2238 2600 et
2261 2560 2324 2599 ex
2351 2546 2540 2603 virtute
2584 2547 2866 2603 fecerimus
2885 2591 2900 2617 ,
2930 2560 2984 2605 et
3014 2549 3095 2606 vel
3132 2551 3198 2606 ad
3225 2565 3484 2608 summam
3518 2572 3771 2623 pert-ene-

2184 2637 2350 2691 rimns
2387 2637 2669 2707 justitiam.
2701 2641 2957 2708 Quocirca
3005 2643 3118 2712 ipse
3160 2643 3318 2698 etiam
3362 2655 3541 2714 postea
3583 2662 3769 2701 rursus

2182 2727 2350 2784 dicit:
2385 2727 2502 2783 Non
2518 2731 2884 2800 justi/imbitur
2907 2734 2956 2787 in
2979 2743 3247 2805 conspectu
3291 2745 3376 2788 tuo
3415 2738 3576 2789 omnis
3603 2740 3768 2792 vivens

2181 2820 2370 2894 (Psal.
2411 2823 2613 2894 “2.2)
2640 2841 2654 2880 :
2693 2835 2747 2878 et
2783 2825 2907 2880 illud
2933 2843 2946 2879 :
2979 2827 3040 2882 Si
3080 2827 3368 2895 iniquitates
3397 2827 3728 2883 observaveris
3753 2872 3767 2892 ,

2183 2914 2297 2983 quis
2315 2915 2572 2968 sustinebit
2595 2915 2613 2984 (
2637 2914 2785 2969 Psal.
2818 2915 2936 2970 m9.
2967 2915 3040 2988 ὅ)
3066 2917 3090 2969 ?
3115 2926 3168 2971 et
3194 2917 3390 2972 Paulus
3422 2936 3435 2972 :
3469 2917 3622 2972 Nihil
3647 2920 3770 2972 mihi

2182 3005 2409 3056 conscius
2437 3021 2578 3067 sum,
2619 3005 2708 3060 sed
2735 3022 2836 3059 non
2871 3007 2920 3060 in
2951 3006 3044 3060 hoc
3058 3007 3372 3078 justi/iratus
3396 3025 3506 3062 sum
3529 3009 3614 3079 (1.
3647 3009 3769 3066 Car.

2183 3094 2237 3147 4.
2268 3095 2362 3163 4);
2391 3102 2444 3148 et
2469 3095 2637 3149 alius:
2670 3096 2795 3161 Quis
2813 3096 3110 3168 gloriabitur
3131 3116 3316 3170 purum
3341 3100 3520 3154 habere
3543 3118 3630 3154 eor
3650 3103 3676 3156 .’
3697 3105 3771 3156 vel

2181 3200 2293 3254 quis
2325 3196 2508 3240 asserat
2535 3203 2589 3240 se
2613 3203 2718 3242 esse
2747 3189 2990 3242 mundum
3007 3206 3050 3260 _a
3085 3190 3234 3244 sorde
3263 3192 3278 3222 ¹
3304 3191 3491 3262 (Prov.
3521 3192 3612 3247 20.
3654 3192 3688 3248 9
3708 3196 3725 3262 )
3745 3193 3772 3246 ῒ

2181 3277 2380 3332 Omnes
2419 3293 2546 3349 ergo
2587 3295 2806 3350 egemus
2843 3281 3206 3338 misericordia
3237 3299 3252 3337 :
3283 3285 3374 3339 sed
3433 3299 3538 3339 non
3582 3300 3772 3340 omnes

2181 3367 2324 3440 digni
2352 3384 2537 3424 sumus
2565 3371 2978 3426 misericordiam
3017 3374 3252 3444 assequi.
3282 3373 3412 3428 Nam
3442 3375 3541 3429 etsi
3571 3376 3640 3429 sit
3669 3377 3772 3430 mi-

2182 3461 2489 3528 sericordia,
2506 3461 2720 3529 dignum
2743 3469 2914 3516 tamen
2933 3465 3173 3531 requirit,
3191 3465 3632 3534 quemadmodum
3657 3467 3772 3536 ipse

2183 3550 2392 3606 dicebat
2412 3551 2579 3623 Moysi
2609 3569 2621 3604 :
2646 3551 2917 3606 Misercbor
2937 3554 3082 3624 cujus
3110 3554 3412 3608 miserebor:
3433 3565 3476 3608 et
3497 3557 3774 3610 miserabor

2181 3661 2326 3714 quem
2362 3644 2633 3698 miserebor
2657 3643 2863 3716 (Exod.
2888 3647 2974 3701 55.
3006 3646 3130 3713 19).
3155 3648 3402 3719 Qniergo
3425 3650 3544 3704 fecit
3567 3651 3769 3722 aliquid

2181 3734 2396 3806 dignum
2424 3736 2808 3804 miseric0rdia,
2835 3736 2973 3791 dicet
3007 3755 3019 3792 :
3046 3736 3284 3793 Miserere
3308 3741 3403 3793 mei
3425 3758 3441 3803 ;
3469 3742 3558 3811 qui
3586 3750 3768 3797 autem

2181 3827 2249 3883 ab
2276 3827 2415 3882 illius
2457 3828 2609 3883 venia
2662 3844 2721 3882 se
2760 3831 3020 3892 semovit,
3056 3831 3247 3886 frustra
3287 3832 3429 3888 dicet
3461 3851 3474 3886 :
3509 3833 3768 3890 Miserere.

2183 3919 2240 3976 Si
2265 3919 2404 3975 enim
2431 3928 2573 3975 esset
2599 3931 2917 3990 perventura
2938 3921 3004 3976 ad
3031 3937 3218 3977 omnes
3245 3924 3606 3979 misericordia
3629 3967 3645 3992 ,
3669 3941 3772 3980 ne-

2183 4029 2272 4069 mo
2293 4015 2547 4085 supplicio
2565 4015 2880 4071 afﬁceretur.
2901 4015 3228 4086 Quamquam
3253 4017 3410 4071 habet
3428 4019 3533 4086 ipsa
3557 4034 3774 4088 quoque

2182 4106 2396 4178 aliquod
2419 4106 2709 4177 judicium,
2751 4118 2805 4162 et
2831 4124 2950 4163 eum
2983 4109 3070 4178 qui
3101 4109 3290 4177 dignus
3320 4117 3372 4161 et
3414 4118 3567 4176 aptus
3602 4119 3686 4164 est
3714 4122 3774 4165 ut

2182 4213 2244 4253 ea
2275 4197 2496 4265 fruatur,
2530 4200 2772 4269 requirit.

2251 4292 2306 4346 2.
2349 4292 2452 4350 Cur
2484 4294 2572 4362 qui
2615 4293 2787 4346 cadent
2833 4302 3037 4361 peccata
3075 4290 3376 4355 admittunt,
3424 4305 3521 4342 non
3566 4294 3770 4347 easdem

2182 4404 2354 4459 poenas
2377 4387 2543 4443 luunt.
2566 4417 2636 4427 —
2656 4386 2806 4442 Multi
2835 4401 2962 4456 ergo
2983 4399 3124 4454 saepe
3145 4383 3327 4437 eadem
3357 4392 3568 4453 peccata
3596 4385 3771 4440 admi-

2180 4489 2397 4546 serunt,
2427 4487 2484 4534 et
2525 4493 2630 4533 non
2658 4477 2872 4533 easdem
2915 4487 3088 4532 tamen
3134 4489 3318 4544 patrias
3362 4475 3657 4538 dederunt,
3711 4489 3770 4532 nt

2181 4572 2272 4643 qui
2296 4571 2429 4626 alias
2455 4569 2717 4626 haberent
2741 4584 2928 4624 causas
2957 4583 3074 4636 quze
3103 4581 3163 4622 ea
3189 4577 3571 4637 prmeesscrant
3598 4580 3612 4621 :
3643 4579 3696 4622 et
3721 4570 3766 4624 si

2181 4666 2344 4722 vultis
2371 4706 2386 4734 ,
2416 4665 2469 4719 in
2501 4663 2600 4719 hac
2631 4675 2771 4716 nunc
2812 4660 3159 4724 immoremur
3184 4659 3444 4712 oratione.
3473 4657 3768 4713 Peccarunt

2180 4758 2348 4814 Judaei
2378 4769 2565 4813 omnes
2587 4796 2603 4822 ,
2646 4763 2700 4811 et
2724 4752 2934 4808 fuerunt
2960 4749 3248 4805 idololatra:
3272 4791 3288 4814 ,
3335 4748 3427 4804 sed
3456 4762 3558 4802 non
3581 4761 3764 4806 euntes

2181 4850 2396 4905 easdem
2425 4862 2610 4921 ptenas
2642 4845 2872 4911 dedere;
2916 4843 3008 4899 sed
3039 4842 3126 4895 alii
3157 4839 3369 4910 quidem
3414 4839 3722 4895 ceciderunt
3747 4880 3763 4900 ,

2135 4929 2141 4932 ’
2181 4945 2270 4999 alii
2298 4958 2423 4999 vero
2443 4942 2653 4999 veniam
2679 4949 2803 4994 sunt
2828 4937 3118 5008 assequuti.
3151 4937 3204 4988 In
3238 4933 3468 5004 peccatis
3491 4932 3634 4987 enim
3659 4947 3766 4985 non

2183 5037 2434 5111 quieritur
2476 5034 2648 5090 solum
2699 5041 2887 5086 natura
2919 5030 3033 5100 ejus
3073 5027 3215 5098 quod
3267 5027 3461 5080 factum
3510 5033 3591 5079 est
3626 5043 3638 5078 :
3669 5024 3764 5078 sed

2180 5133 2338 5186 etiam
2359 5129 2588 5193 animus,
2620 5134 2675 5180 et
2696 5133 2920 5200 tempus,
2951 5131 3006 5176 et
3023 5135 3179 5174 causa
3204 5159 3218 5184 ,
3243 5129 3297 5174 et
3325 5129 3443 5188 post.
3467 5126 3760 5186 peccatum,

2181 5227 2224 5280 si
2257 5227 2309 5280 hi
2335 5225 2547 5294 quidem
2575 5225 3005 5291 perseverarunt,
3035 5215 3153 5270 illos
3174 5229 3304 5268 vero
3329 5211 3603 5282 paenituit,
3635 5217 3690 5262 et
3718 5207 3763 5260 si

2179 5336 2326 5386 casu,
2349 5321 2392 5373 si
2431 5334 2496 5373 es
2522 5313 2739 5380 fraude,
2773 5322 2827 5368 et
2855 5312 2899 5368 si
2922 5311 3102 5366 dedita
3134 5322 3319 5378 opera.
3349 5307 3416 5361 Et
3441 5303 3603 5358 multa
3638 5310 3765 5353 sunt

2179 5425 2296 5478 qua:
2321 5416 2656 5478 quaeruntur,
2686 5404 2942 5475 temporis
2967 5401 3288 5464 differentia,
3319 5407 3374 5452 et
3399 5405 3568 5464 status
3593 5395 3764 5459 reipu-

2181 5503 2352 5556 blicae.
2403 5499 2472 5556 Ut
2516 5499 2746 5569 exempli
2789 5499 2958 5570 gratia
2990 5514 3005 5552 :
3035 5499 3324 5565 peccarunt
3349 5488 3438 5559 qui
3465 5494 3620 5542 erant
3663 5483 3765 5538 sub

2182 5589 2380 5657 Veteri,
2405 5598 2623 5659 peccant
2645 5591 2803 5646 etiam
2821 5590 2909 5660 qui
2938 5594 3063 5644 sunt
3087 5585 3183 5640 sub
3202 5581 3349 5638 Novo
3371 5579 3710 5634 Testamento
3739 5587 3761 5632 :

2243 5687 2262 5720 ⁸
2288 5686 2342 5734 In
2374 5682 2594 5734 editione
2622 5683 2837 5732 Romana
2877 5681 3140 5742 legitur,.a
3169 5673 3378 5737 peccatis
3427 5673 3560 5735 (ἀπὸ
3599 5673 3727 5733 ἁμαρ

2176 5749 2333 5810 τιῶν),
2362 5745 2634 5796 secundum
2660 5741 2949 5795 Hebraicam
2976 5741 3253 5789 veritatem.
