4086 6214
248 366 304 422 71
1383 365 1748 424 EXPOSITIO
1778 363 1846 421 IN
1883 364 2214 425 PSALMUM
2251 364 2338 422 Vl.
3451 367 3528 423 '13

232 484 363 554 προῖ-
396 483 447 536 οί
485 483 791 552 στέφανοι.
831 485 982 541 Ἐπεὶ
1015 486 1107 540 καὶ
1138 485 1228 540 τὸν
1260 486 1523 558 μακάριον
1554 483 1674 539 Ἰὼϐ
1715 483 1842 553 (06-

231 566 322 619 δὲν
349 567 464 637 γάρ
498 566 722 621 κωλύει
766 569 929 623 πάλιν
961 571 1038 634 είς
1077 569 1235 623 αὑτὸν
1270 572 1642 640 καταφυγεῖν)
1686 565 1846 622 τοῦτο

1949 483 2216 539 πεινὰσει
2244 523 2260 550 ,
2298 481 2440 538 οὐδὲ
2490 482 2788 541 κοπιάσει.
2829 484 2940 538 Kal
2989 487 3017 538 6
3067 485 3236 541 εἰπὼν
3274 481 3403 553 οῦν,
3443 488 3529 542 ὅτι

1947 576 2222 648 ὀργίζεται
2248 617 2263 640 ,
2302 579 2331 630 6
2381 576 2542 641 αὐτὸς
2591 576 2754 631 πάλιν
2800 576 3008 640 δεικνὺς
3034 619 3048 643 ,
3089 579 3168 631 ὅτι
3207 579 3414 643 ἀπαθὲς
3464 580 3526 633 τὸ

239 649 478 720 μάλιστα
521 650 799 722 λαμπρὸν
835 652 1100 722 ἀπέφηνε,
1131 651 1286 707 τοῦτο
1329 652 1651 724 ἀνεκήρυξε,
1689 650 1846 705 τοῦτο

238 734 597 801 ἐστεφάνωσε
629 775 644 795 ,
689 735 755 787 τὸ
787 737 844 788 ἐν
873 737 1046 806 καιρῷ
1084 737 1387 807 πειρασμοῦ
1435 738 1526 790 καὶ
1563 736 1717 790 νόσου
1753 735 1844 788 καὶ

243 817 432 877 πενίας
463 818 889 888 ἀπερίτρεπτον
917 823 1145 890 φανῆναι
1179 820 1276 890 τὴν
1315 820 1559 890 γνώμην,
1593 821 1844 874 ἄσειστον

245 904 342 971 τὴν
382 901 670 962 διάνοιαν,
728 903 792 954 τὸ
825 903 1217 974 εὐχαριστήρια
1262 903 1340 973 τῷ
1382 903 1500 974 Θεῷ
1533 904 1842 970 ἀνενεγκεῖν

253 990 492 1056 ῥήματα,
529 987 627 1040 καὶ
650 987 753 1057 τὴν
780 987 1152 1058 πνευματικὴν
1181 989 1396 1059 ἐκείνην
1426 989 1637 1043 θυσίαν.
1669 988 1843 1042 Θυσία

252 1070 360 1140 γὰρ
390 1065 459 1140 ἦν
487 1069 559 1122 τά
593 1071 823 1140 ῥήματα
849 1070 1037 1129 αὐτοῦ.
1076 1071 1220 1140 ἅπερ
1245 1071 1429 1140 ἔλεγεν
1457 1090 1471 1103 ·
1532 1074 1594 1127 '0
1629 1075 1842 1142 Κύριος

255 1155 502 1218 ἔδωκεν,
528 1158 561 1209 ὁ
589 1155 809 1221 Κύριος
829 1156 1127 1224 ἀφείλετο·
1163 1156 1245 1222 ὡς
1281 1155 1360 1222 τῷ
1389 1157 1582 1226 Κυρίῳ
1607 1157 1836 1223 ἔδοξεν,

258 1239 414 1292 οὕτω
451 1239 548 1292 καί
581 1237 821 1306 ἐγένετο
843 1254 854 1266 ’
901 1239 993 1306 εἴη
1030 1239 1093 1293 τὸ
1127 1239 1314 1309 ὄνομα
1341 1241 1560 1310 Κυρίου
1585 1243 1838 1312 86107-13-

253 1324 447 1393 μένον
473 1324 560 1388 εἰς
589 1321 732 1388 τοὺς
765 1321 1006 1388 αἰῶνας.
1055 1324 1118 1376 ’Ὀ
1145 1322 1208 1394 δὴ
1237 1323 1332 1376 καὶ
1358 1326 1519 1396 ἡμεῖς
1552 1325 1638 1378 ἀεὶ
1669 1325 1838 1378 ποιῶ-

262 1423 387 1472 μεν,
419 1408 477 1458 ἐν
523 1408 872 1475 πειρασμοῖς,
905 1407 962 1457 ἐν
996 1407 1405 1475 περιστάσεσιν,
1446 1409 1503 1460 ἐν
1533 1408 1837 1478 ἐπιϐουλαῖς

257 1488 574 1555 δοξάζοντες
606 1489 698 1540 τὸν
729 1488 882 1551 Θεὸν,
911 1490 1004 1541 καὶ
1033 1487 1382 1556 εὐλογοῦντες
1413 1490 1677 1562 διηνεκῶς
1705 1507 1717 1521 ·
1757 1494 1838 1546 ὅτι

258 1571 408 1643 αύτῷ
430 1574 459 1644 ἡ
485 1572 612 1639 δόξα
643 1573 723 1634 εἰς
756 1572 884 1636 τοὺς
907 1570 1108 1633 αἰῶνας
1137 1569 1246 1624 τῶν
1279 1571 1510 1626 αἰώνων.
1574 1575 1766 1645 Ἀμήν.

675 1745 784 1798 El}:
820 1744 956 1799 TON
997 1747 1068 1813 εῖν
1107 1745 1430 1800 ΨΑΑΜΟΝ.

293 1860 486 1928 ιιύριε,
520 1859 609 1929 μὴ
648 1857 730 1931 τῷ
765 1859 928 1931 ρυμῷ
963 1874 1080 1914 σου
1109 1858 1374 1931 ⁸ιίδλέγξιιις
1404 1875 1500 1928 με,
1537 1859 1692 1929 μηδὲ
1729 1862 1812 1931 τῇ

651 1927 800 1998 ὁρτῇ
834 1927 959 1983 σου.
989 1927 1324 1996 παιδεύσῃς
1353 1927 1448 1998 με.

322 2059 387 2107 α’.
418 2052 590 2106 Ὅταν
606 2051 846 2126 ἀκούσῃς
866 2052 1037 2124 θυμὸν
1053 2054 1145 2107 καὶ
1164 2053 1332 2126 ὀργὴν
1363 2056 1454 2109 ἐπὶ
1490 2057 1647 2124 Θεοῦ,
1676 2063 1842 2132 μηδὲν

257 2145 592 2218 ἀνθρώπινον
635 2144 984 2218 ὑποπτεύσῃς
1014 2163 1026 2177 ·
1071 2147 1528 2215 συγκαταδάσεως
1577 2151 1686 2222 γάρ
1722 2154 1839 2208 ἐστι

257 2241 319 2293 τὰ
357 2239 603 2310 ῥήματα.
630 2237 741 2291 Kal
776 2237 886 2308 γὰρ
923 2237 982 2291 τὺ
1010 2237 1166 2291 Θεῖον
1203 2239 1457 2295 ἀπάντων
1491 2241 1698 2298 τούτων
1733 2246 1840 2299 ἀπο

257 2324 538 2396 ἤλλακται.
597 2329 917 2399 Διαλέγεται
952 2330 1010 2384 δὲ
1046 2330 1220 2395 οὕτως
1243 2371 1260 2394 ,
1299 2331 1440 2387 ὥστε
1492 2335 1840 2405 καθάψασθαι

256 2421 348 2492 τῆς
381 2421 489 2473 τῶν
531 2420 854 2491 παχυτέρων
891 2419 1146 2485 διανοίας.
1193 2423 1346 2476 Ἐπεὶ
1385 2425 1479 2478 καὶ
1514 2427 1676 2496 ἡμεῖς
1713 2427 1840 2482 ὅταν

257 2510 548 2582 βαρϐάροις
585 2507 984 2580 διαλεγώμεθα,
1007 2514 1072 2581 τῇ
1101 2511 1325 2566 ἐκείνων
1365 2513 1625 2586 χρώμεθα
1664 2516 1838 2584 γλώτ-

255 2617 350 2676 τῃ·
383 2604 489 2657 κᾶν
529 2603 666 2671 πρὸς
705 2601 914 2656 παιδίον
955 2602 1340 2676 φθεγγώμεθα,
1384 2603 1842 2678 συμψελλίζομεν,

255 2697 354 2751 κᾶν
396 2696 655 2767 μυριάκις
711 2693 866 2763 ὦμεν
920 2696 1106 2764 σοφοὶ,
1147 2697 1284 2768 πρὸς
1322 2697 1419 2768 τὴν
1457 2699 1664 2753 ἐκείνου
1708 2717 1840 2771 συγ-

254 2787 654 2857 καταθαίνομεν
691 2785 1073 2857 ταπεινότητα.
1099 2787 1209 2840 Kal
1245 2787 1298 2841 τί
1330 2787 1640 2861 θαυμαστὸν
1672 2793 1720 2845 εί
1751 2793 1842 2864 ρή-

257 2897 386 2949 μασι
442 2879 602 2933 τοῦτο
654 2878 916 2948 ποιοῦμεν
941 2919 955 2943 ,
1010 2879 1144 2931 ὅπου
1185 2895 1248 2947 γε
1289 2880 1382 2934 καὶ
1421 2883 1478 2934 ἐν
1518 2882 1840 2954 πράγμασι,

252 2971 345 3025 καὶ
394 2973 584 3042 χεῖρας
640 2969 928 3034 δάκνοντες
953 3006 969 3032 ,
1012 2969 1106 3022 καὶ
1157 2968 1328 3040 θυμὸν
1384 2972 1840 3046 ὑποκρινόμενοι,

249 3061 391 3116 ὥστε
445 3060 736 3132 διορθῶσαι
791 3058 854 3112 τὸ
904 3058 1150 3126 παιδίον;
1193 3059 1350 3114 Οῦτω
1388 3061 1455 3134 δὴ
1489 3065 1584 3118 καὶ
1636 3065 1664 3118 6
1711 3065 1842 3131 Θεὸς

253 3152 598 3224 καθάψασθαι
649 3151 758 3207 τῶν
812 3151 1137 3221 παχυτέρων
1176 3151 1498 3222 βουλόμενος
1523 3194 1538 3219 ,
1579 3155 1842 3221 τοιούτοις

250 3244 516 3316 κέχρηται
556 3245 810 3314 ῥήμασιν.
846 3239 960 3313 [40]
989 3241 1064 3294 06
1101 3241 1211 3313 γὰρ
1251 3242 1388 3314 πρὸς
1425 3244 1524 3316 τὴν
1556 3245 1711 3312 ἀξίαν
1742 3248 1842 3318 τὴν

248 3334 449 3390 ἑαυτοῦ
481 3333 811 3402 φθέγγεσθαι
838 3332 1166 3396 ἐσπούδαζεν
1181 3345 1230 3397 ι,
1260 3333 1394 3388 ἀλλά
1424 3335 1560 3406 πρὸς
1584 3337 1682 3408 τὴν
1707 3338 1846 3408 ὠφέ-

246 3422 407 3476 λειαν
445 3421 555 3474 τῶν
592 3422 911 3476 ἀκουόντων.
949 3421 1104 3476 Ἐπεὶ
1142 3423 1236 3476 καὶ
1272 3425 1334 3477 τὸ
1371 3425 1640 3497 ἀόργητον
1677 3428 1841 3482 αὐτοῦ

248 3510 492 3582 ἀλλαχοῦ
533 3511 691 3565 πάλιν
725 3512 958 3577 δεικνὺς,
1002 3512 1154 3582 ἔλεγε
1181 3530 1195 3544 ·
1227 3515 1323 3583 Μὴ
1361 3517 1467 3586 ἐμὲ
1498 3520 1667 3573 αὐτοὶ
1695 3535 1843 3590 παρ-

249 3603 550 3673 ορτιζουσι
573 3646 590 3668 ,
637 3603 775 3672 οὐχί
813 3603 882 3657 δὲ
920 3605 1217 3671 ἐαυτούς;
1256 3608 1328 3659 Σὺ
1368 3606 1424 3661 δὲ
1462 3608 1579 3672 πῶς
1620 3609 1838 3664 ἐϐούλου

249 3697 412 3749 αὑτὸν
447 3695 794 3763 διαλέγεσθαι
851 3697 964 3759 τοῖς
1013 3697 1287 3762 Ἰουδαίοις
1313 3739 1327 3762 ,
1369 3699 1450 3752 ὅτι
1490 3701 1588 3753 οὐκ
1624 3701 1838 3772 ὀργίζε-

249 3806 376 3851 ται,
417 3788 538 3841 ούδέ
578 3791 728 3858 μισεῖ
761 3788 888 3849 τοὺς
927 3788 1232 3859 πονηρούς;
1271 3791 1364 3843 καὶ
1413 3790 1522 3861 γὰρ
1576 3792 1635 3845 τὸ
1687 3795 1841 3863 μίσος

252 3881 423 3944 πάθος
459 3881 607 3932 ἐστίν
631 3894 645 3907 ⁸
686 3879 807 3933 οὐδὲ
844 3881 1016 3951 ἐφορᾷ
1049 3880 1114 3934 τὰ
1148 3880 1492 3952 ἀνθρώπινας
1529 3884 1619 3937 καὶ
1646 3885 1752 3957 γὰρ
1780 3885 1841 3939 τδ

248 3974 385 4043 όρᾷν
423 3971 534 4024 ἀπὸ
569 3971 678 4023 τῶν
722 3970 990 4040 σωμάτων
1029 3971 1310 4039 εἴληπταί·
1340 3973 1461 4026 ούδέ
1501 3974 1714 4042 ἀκούει;
1747 3977 1841 4031 καὶ

251 4063 361 4134 γὰρ
403 4063 499 4115 καὶ
535 4062 692 4116 τοῦτο
732 4063 841 4115 ἀπὸ
868 4063 968 4132 τῆς
999 4063 1374 4134 σαρκός.’Λλλ“
1398 4065 1504 4118 ἀπὸ
1531 4066 1718 4120 τούτου
1751 4085 1841 4122 πο-

251 4155 418 4226 νηρὸν
457 4153 524 4207 ἂν
561 4153 736 4222 δόγμα
776 4152 988 4224 ἐπήχθη
1025 4154 1229 4224 ἓτερον,
1253 4154 1312 4206 τὸ
1353 4155 1661 4226 ἀπρονόητα
1698 4151 1839 4211 εἶναι

251 4248 322 4300 τά
360 4247 570 4299 πάντα·
615 4247 707 4298 καὶ
747 4245 1039 4313 φεύγοντες
1077 4245 1143 4300 τά
1180 4247 1404 4300 τοιαῦτα
1454 4247 1673 4301 ἀκούειν
1713 4251 1840 4322 περὶ

253 4335 388 4387 Θεοῦ
416 4376 431 4398 ,
474 4335 570 4387 καὶ
601 4335 663 4387 τὸ
700 4335 836 4398 ὅλως
873 4331 1011 4388 εἶναι
1049 4335 1179 4388 Θεὸν
1219 4337 1403 4390 πολλοὶ
1455 4337 1521 4390 ἂν
1575 4339 1682 4391 τῶν
1721 4341 1840 4393 τότε

253 4429 525 4496 ἠγνόησαν
546 4445 558 4456 ·
599 4426 788 4480 τούτου
841 4427 899 4480 δὲ
949 4428 1300 4500 ἀγνοηθέντος
1326 4471 1338 4492 ,
1383 4431 1557 4482 πάντα
1598 4431 1663 4484 ἂν
1701 4432 1838 4485 ἀπο-

255 4519 410 4571 λώλει
433 4537 445 4549 ·
489 4518 701 4570 ἐκείνου
741 4517 799 4568 δὲ
827 4517 920 4570 τοῦ
952 4518 1217 4588 δόγματος
1243 4519 1606 4590 εἰσαχθέντος,
1631 4522 1839 4592 ταχέως

258 4611 347 4661 καὶ
382 4613 416 4678 η
456 4609 744 4678 διόρθωσις
783 4608 1082 4675 ἐπεγίνετο.
1109 4610 1167 4662 '0
1199 4611 1298 4679 μὲν
1338 4611 1447 4681 γάρ
1485 4611 1728 4676 πεισθεὶς
1759 4614 1840 4666 ὅτι

260 4700 368 4751 ἔστι
405 4700 573 4762 Θεὸς,
619 4699 723 4751 κᾶν
771 4698 844 4768 μὴ
876 4699 973 4769 τὴν
1010 4698 1164 4764 ἀξίαν
1201 4700 1298 4771 ἔχῃ
1342 4703 1468 4773 περὶ
1505 4703 1668 4756 αὑτοῦ
1709 4705 1840 4758 ὑπό-

261 4809 423 4854 νοιαν,
456 4791 594 4844 ἀλλά
637 4789 943 4859 παχύτερόν
978 4807 1031 4842 τι
1073 4791 1372 4863 ὑποπτεύῃ,
1408 4793 1487 4863 τῷ
1524 4794 1701 4866 χρόνῳ
1728 4813 1841 4848 πει-

264 4882 518 4951 σθήσεται
543 4922 557 4945 ,
595 4882 679 4933 ὅτι
729 4879 878 4932 οὐδὲν
917 4880 1153 4934 τοιοῦτον
1193 4883 1321 4954 περὶ
1358 4884 1521 4937 Θεὸν·
1561 4885 1590 4936 6
1621 4883 1677 4938 δὲ
1719 4903 1841 4940 πει-

263 4969 404 5034 σθεὶς
440 4972 524 5023 ὅτι
563 4971 625 5022 06
673 4972 922 5039 προνοεῖ,
960 4969 1080 5022 οὐδὲ
1122 4971 1270 5041 μέλει
1308 4973 1458 5043 αὐτῷ
1497 4974 1604 5026 τῶν
1638 4974 1842 5041 όντων,

260 5060 364 5113 066'
401 5063 481 5114 ὃτι
531 5061 686 5122 ἐστὶ,
731 5059 783 5112 τί
836 5058 1084 5126 κερδανεῖ
1133 5061 1240 5114 ἀπὸ
1287 5064 1381 5116 τοῦ
1434 5065 1530 5135 τῆς
1575 5065 1843 5130 ἀπαθείας

261 5151 456 5220 λόγους
499 5155 595 5207 ,ὶιά
636 5153 701 5223 δὴ
742 5150 905 5204 τοῦτο
945 5154 1118 5207 ἐκεῖνο
1154 5155 1338 5216 αὐτοῖς
1374 5155 1671 5226 διαλεχθεὶς
1712 5157 1844 5228 πρό-

261 5258 413 5313 τερον
436 5288 450 5312 ,
490 5244 684 5313 ἐπειδὴ
729 5242 1021 5296 ἐναπέθετο
1057 5244 1236 5308 αὐτοῖς
1271 5244 1369 5316 τὴν
1409 5246 1536 5316 περὶ
1573 5246 1666 5298 τοῦ
1706 5242 1844 5300 εἶναι

262 5335 419 5388 αὐτὸν
454 5336 615 5403 δόξαν
635 5375 650 5400 ,
680 5334 1024 5405 διακαθαίρει
1055 5335 1213 5389 πάλιν
1239 5336 1376 5389 κατὰ
1403 5337 1599 5407 μικρὸν
1627 5339 1843 5404 αὐτοὺς,

263 5426 470 5496 ἀνάγων
507 5430 601 5481 ἐπὶ
639 5425 807 5479 τοῦτο
841 5425 903 5477 τὸ
939 5424 1132 5496 δόγμα,
1157 5427 1225 5479 τὰ
1263 5428 1567 5499 ὑψηλότερα
1594 5429 1722 5500 περὶ
1748 5427 1845 5480 a6-

263 5518 350 5573 τοῦ
387 5521 782 5590 φθεγγόμενος,
828 5517 921 5568 καὶ
957 5517 1046 5570 τὸν
1083 5519 1210 5589 περὶ
1243 5520 1340 5588 τῆς
1377 5502 1653 5579 ἀπαθείαί
1679 5516 1846 5571 αὑτοῦ

266 5611 419 5664 κινῶν
455 5613 633 5682 λόγον.
679 5610 798 5662 Καὶ
837 5607 944 5679 γάρ
985 5626 1144 5680 φησιν
1181 5611 1364 5680 ’ἕτερος
1407 5612 1724 5682 προφήτης·
1763 5610 1847 5663 Οὐ

315 5811 341 5843 ⁸
366 5814 488 5880 Reg.
513 5821 568 5865 et
590 5810 754 5864 Sani].
772 5805 1080 5858 ἐσπούδακεν.

1947 669 2120 732 Θεῖον,
2147 669 2369 738 ἐπάγει·
2407 668 2504 737 Μὴ
2538 668 2641 739 ἐμὲ
2680 669 2844 723 αὐτοὶ
2882 669 3356 739 παροργίζουσιν,
3389 672 3522 742 οἰνχί

1946 759 2013 813 δὲ
2047 761 2334 828 ἐαυτούς;
2372 763 2483 815 Kal
2517 765 2545 814 6
2583 759 2768 822 εἰπὼν,
2812 763 2892 814 ὅτι
2927 763 2983 815 ἐν
3026 762 3102 832 τῷ
3142 761 3253 832 ναῷ
3291 764 3456 825 ἐστιν,
3497 763 3525 814 6

1947 853 2109 916 αύτδς
2142 853 2296 907 πάλιν
2323 854 2505 924 φησὶν,
2533 854 2612 907 ὅτι
2638 855 2756 906 Οὐκ
2785 853 3092 920 ἄνθρωπος
3113 854 3182 906 ἐν
3214 852 3310 906 σε»)
3335 853 3521 922 ἅγιος,

1946 943 2042 998 καὶ
2098 947 2209 1000 οὐκ
2259 947 2680 1015 εἰσελεύσομαι
2730 949 2814 1011 εἰς
2853 947 3063 999 πόλιν·
3105 946 3383 998 τουτέστιν
3409 985 3422 1007 ,
3448 946 3520 998 U6

1947 1036 2268 1107 περιέχομαι
2305 1035 2472 1107 τόπῳ.
2502 1037 2562 1089 Εἰ
2595 1036 2651 1089 δὲ
2688 1037 2760 1108 μὴ
2793 1038 2954 1088 πᾶσιν
2983 1034 3266 1105 ἐπεξῆλθε,
3297 1035 3372 1106 τῷ
3403 1053 3526 1087 συν-

1946 1128 2194 1199 ετωτέρῳ
2244 1128 2410 1182 ἔδωκε
2457 1128 2647 1198 νοῆσαι
2699 1128 2806 1184 ἀπὸ
2851 1129 2956 1180 τῶν
2995 1127 3337 1197 εἰρημένων,
3377 1128 3459 1180 ὅτι
3495 1128 3526 1180 6

1943 1219 2051 1273 τῶν
2100 1219 2435 1290 τυραννικῶν
2473 1219 2660 1274 παθῶν
2699 1219 3114 1289 ἀπηλλαγμένος
3155 1221 3245 1272 καὶ
3283 1211 3356 1271 ὧν
3395 1218 3523 1272 ἄνευ

1946 1312 2044 1381 ζῇν
2080 1311 2181 1364 οὐκ
2221 1311 2356 1376 ἔστι,
2399 1311 2578 1382 πολλῷ
2619 1311 2818 1382 μᾶλλον
2857 1311 2964 1364 τῶν
3001 1311 3176 1366 ἄλλων
3215 1311 3521 1381 ἠλευθέρω·

1947 1421 2054 1458 ται.
2095 1404 2185 1457 Διὸ
2222 1404 2312 1457 καί
2354 1417 2515 1476 φησι·
2556 1403 2652 1472 Μὴ
2687 1404 2800 1472 ἔσῃ
2829 1406 2910 1469 ὡς
2942 1403 3251 1470 ἄνθρωπος
3278 1403 3522 1466 twn-(Br;

1944 1496 2053 1548 Kal
2106 1495 2383 1566 πανταχοῦ
2435 1495 2526 1549 τὸν
2580 1497 2709 1566 περὶ
2759 1495 3024 1559 ἀπαθείας
3060 1497 3307 1550 ἀνακινεῖ
3344 1496 3517 1564 λόγον.

1945 1588 2106 1640 Ὥστε
2159 1587 2472 1652 κάνταῦθα,
2513 1589 2642 1642 ὅταν
2691 1587 2931 1659 ἀκούσῃς
2984 1587 3185 1657 θυμὸν,
3232 1587 3304 1658 μὴ
3355 1587 3524 1651 πάθος

1945 1679 2148 1750 νόμιζε.
2192 1680 2254 1734 Εί
2307 1681 2416 1752 γάρ
2460 1680 2735 1752 ἄνθρωποι
2785 1681 3095 1750 φιλοσοφεῖν
3151 1680 3520 1750 μελετῶντες,

1947 1771 2082 1826 κατά
2113 1774 2174 1826 τὸ
2210 1772 2488 1845 ἐγχωροῦν
2521 1773 2778 1846 ἀόργητοι
2817 1773 3149 1844 διαμένουσι,
3181 1771 3360 1842 πολλῷ
3389 1771 3525 1843 μᾶλ-

1942 1867 2031 1920 λον
2079 1869 2112 1940 ἡ
2165 1865 2466 1936 ἀνώλεθρος
2515 1867 2674 1922 οὐσία
2725 1867 2906 1938 ἐκείνη
2959 1867 3053 1921 καὶ
3105 1866 3381 1938 ἄφθαρτος
3429 1867 3524 1920 καὶ

1942 1958 2178 2030 ἅρῤητος
2215 1958 2308 2013 καὶ
2329 1958 2730 2030 ἀκατάληπτος.
2790 1959 2902 2028 υύχ
2930 1958 3080 2031 ὁρᾷς,
3110 1958 3191 2010 ὅτι
3221 1958 3312 2012 καὶ
3350 1958 3525 2028 ἰατροὶ

1942 2050 2230 2120 τέμνοντες
2255 2089 2270 2114 ,
2310 2050 2344 2121 ἢ
2383 2050 2630 2114 καίοντες
2654 2093 2668 2115 ,
2707 2051 2769 2104 06
2821 2049 2976 2120 θυμῷ
3026 2049 3184 2103 τοῦτο
3236 2047 3479 2104 ποιοῦσιν
3503 2089 3519 2111 ,

1941 2140 2078 2194 ἀλλά
2117 2139 2303 2211 σκοπῷ
2339 2141 2437 2212 τῆς
2472 2140 2805 2212 διορθώσεως
2829 2183 2843 2205 ,
2883 2141 2981 2196 ούκ
3031 2141 3369 2212 ὀργιζόμενοι
3411 2144 3525 2202 τοῖς

1942 2232 2260 2302 κάμνουσιν,
2301 2230 2415 2286 ἀλλ’
2453 2231 2729 2296 ἐλεοῦντες
2767 2232 2984 2296 αὐτοὺς,
3011 2233 3106 2286 καὶ
3136 2233 3248 2285 τῶν
3281 2232 3525 2303 νοσημά-

1941 2341 2048 2385 των
2087 2323 2744 2390 ἀπαλλάττοντες;⁶’οταν
2779 2318 2872 2378 οῦν
2909 2323 3066 2396 εἴπῃ·
3106 2325 3203 2392 Μὴ
3243 2323 3323 2391 τῷ
3359 2325 3523 2394 θυμῷ

1941 2432 2058 2470 σου
2105 2416 2362 2487 ἐλέγξῃς
2408 2435 2516 2488 με,
2560 2416 2719 2472 τοῦτο
2764 2417 2945 2487 λέγει·
2973 2417 3064 2488 Μὴ
3102 2417 3411 2489 ἁπαιτήσης
3453 2435 3521 2487 με

1941 2506 2096 2576 δίκην
2133 2507 2240 2560 τῶν
2279 2508 2685 2579 ἡμαρτημένων
2713 2549 2727 2574 ,
2772 2508 2908 2580 μηδέ
2946 2507 3240 2579 ὲπεξέλθῃς
3275 2511 3386 2573 τοῖς
3425 2524 3524 2561 πε-

1944 2598 2444 2670 πλημμελημένοις.
2465 2601 2754 2669 Ἐλέησόν
2782 2619 2880 2670 με,
2910 2603 3103 2670 Κι’;ριε,
3137 2602 3224 2655 ὅτι
3258 2602 3523 2668 ἀσθενής

1941 2692 2077 2759 εἰμι.
2121 2689 2334 2760 Ταύτης
2369 2692 2571 2756 πάντες
2605 2692 2837 2763 δεόμεθα
2875 2694 2974 2764 τῆς
3015 2696 3230 2764 φωνῆς,
3273 2695 3376 2749 κᾶν
3416 2714 3520 2766 μυ-

1945 2781 2126 2852 ριάκις
2163 2775 2312 2852 ὦμεν
2355 2783 2524 2854 μυρία
2564 2785 3004 2854 κατωρθωκότες,
3029 2787 3131 2842 κᾶν
3169 2787 3306 2857 πρὸς
3341 2787 3521 2856 ἄκραν

1945 2869 2060 2943 [Η]
2083 2872 2307 2942 ἥκοντες
2325 2872 2690 2945 δικαιοσύνην.
2713 2875 2805 2928 Διὸ
2826 2875 2917 2928 καὶ
2933 2876 3094 2940 αὐτὸς
3121 2877 3322 2948 προῖὼν
3361 2879 3523 2932 πάλιν

1946 2962 2108 3033 φησιν
2129 2980 2141 2992 ·
2169 2965 2253 3018 06
2285 2963 2736 3032 δικαιωθήσεται
2771 2966 3194 3022 ἐνώπιόνισου·
3220 2966 3337 3035 πᾶς
3375 2967 3519 3030 ζῶν·

1945 3051 2038 3105 καὶ
2060 3051 2139 3118 τὺ,
2173 3053 2310 3109 Ἐὰν
2333 3056 2582 3125 ἀνομίας
2611 3058 3029 3128 παρατηρήσῃ,
3058 3063 3148 3128 τίς
3172 3066 3514 3132 ὑποστήσε-

1943 3157 2074 3206 ται;
2101 3143 2194 3196 καὶ
2223 3143 2251 3196 6
2291 3144 2520 3209 Παῦλος·
2549 3147 2742 3202 Οὐδὲν
2780 3149 3015 3219 ἐμαυτῷ
3059 3155 3332 3217 σύνοιδα,
3377 3155 3515 3209 ἀλλ’

1943 3234 2055 3287 οὐκ
2091 3233 2161 3286 ἐν
2196 3234 2385 3299 τούτῳ
2419 3233 2794 3307 δεδικαίωμαι
2814 3255 2827 3268 ·
2860 3239 3166 3312 καὶέτερος
3189 3257 3200 3270 ·
3249 3242 3342 3306 Τίς
3379 3258 3522 3294 καυ-

1945 3323 2194 3392 χήσεται
2231 3324 2427 3394 ἁγνὴν
2463 3325 2626 3396 ἔχειν
2663 3328 2776 3396 τὴν
2812 3330 3063 3398 καρδίαν
3084 3346 3104 3392 ;
3150 3330 3188 3399 ἢ
3241 3330 3332 3397 τίς
3371 3333 3522 3401 παῤ-

1936 3413 2295 3481 ρησιάσεται
2349 3416 2606 3484 καθαρὸς
2659 3414 2810 3473 εἶναι
2861 3421 2977 3474 ἀπὸ
3021 3423 3266 3488 ῥύπου;
3318 3422 3524 3486 Πάντες

1943 3505 2123 3558 τοίνυν
2162 3506 2342 3571 ἐλέους
2379 3507 2609 3578 δεόμεθα
2632 3549 2647 3572 ,
2685 3510 2798 3564 ἀλλ’
2837 3513 2897 3566 06
2941 3513 3138 3578 πάντες
3175 3513 3314 3580 ἄξιοί
3355 3515 3524 3586 ἐσμεν

1942 3597 2038 3650 τοῦ
2073 3597 2371 3667 ἐλεεῖσθαι.
2414 3601 2522 3654 Kal
2575 3602 2683 3673 γὰρ
2722 3604 2768 3656 εἰ
2809 3605 2900 3657 καὶ
2950 3606 3095 3670 ἔλεός
3142 3608 3289 3661 ἐστιν
3314 3650 3328 3672 ,
3370 3609 3524 3678 ὅμως

1943 3689 2034 3741 τὸν
2071 3689 2218 3756 ἄξιον
2259 3689 2537 3762 ἐπιζητεῖ·
2583 3694 2832 3767 καθάπερ
2882 3697 3042 3761 αὐτὸς
3098 3699 3232 3770 πρὸς
3282 3701 3524 3772 Μωῦσῆν

1945 3782 2082 3853 ἔφη·
2139 3785 2401 3856 Ἐλεήσω
2459 3788 2531 3842 ὃν
2579 3789 2656 3842 ἂν
2705 3789 2886 3853 ἐλεῶ,
2929 3791 3024 3844 καί
3064 3791 3412 3860 οἰκτειρήσω
3449 3794 3525 3848 ὃν·

1944 3870 2020 3925 ἂν
2071 3875 2354 3943 οἰκτείρω.
2395 3877 2454 3929 ’0
2495 3878 2592 3948 μὲν
2641 3875 2736 3932 οῦν
2792 3879 2938 3944 ἄξιόν
2992 3898 3042 3934 τι
3093 3883 3184 3935 τοῦ
3237 3883 3523 3954 ἐλεηθῆναι

1947 3965 2196 4035 ποιήσας,
2232 3967 2374 4038 ἐρεῖ·
2421 3967 2708 4035 Ἐλέησόν
2739 3989 2846 4038 με·
2888 3974 2916 4025 6
2953 3972 3008 4025 δὲ
3051 3974 3294 4028 ἐκϐαλὼν
3332 3977 3524 4030 ἑαυτὸν

1944 4054 2037 4114 τοῦ
2073 4056 2273 4128 ταύτης
2309 4062 2492 4127 τυχεῖν
2529 4060 2627 4130 τῆς
2669 4062 3016 4134 συγγνώμης,
3060 4067 3235 4135 μάτην
3273 4069 3387 4138 ἐρεῖ
3423 4070 3519 4122 τό·

1955 4145 2267 4213 Ἐλέησον.
2297 4147 2358 4201 Εἰ
2392 4149 2499 4230 γὰρ
2538 4151 2620 4218 ἐφ’
2651 4153 2894 4217 ἅπαντας
2923 4155 3143 4224 ἔμελλεν
3182 4157 3209 4208 6
3247 4157 3392 4219 ἕλεος
3426 4158 3521 4228 ερ-

1943 4237 2171 4307 χεσθαι,
2210 4240 2383 4304 οὐδεὶς
2436 4241 2500 4294 ἂν
2549 4243 2836 4315 ἐκολάσθη.
2878 4246 3037 4300 ’Λλλά
3093 4248 3183 4300 καὶ
3220 4243 3372 4311 οὗτος
3407 4249 3524 4320 ἔχει

1943 4328 2064 4382 τινὰ
2106 4329 2314 4400 κρίσιν,
2353 4333 2446 4385 καί
2481 4333 2571 4387 τὸν
2608 4334 2754 4399 ἄξιον
2792 4337 3040 4408 ἐπιζητεί
3076 4341 3168 4391 καὶ
3206 4339 3294 4392 τὸν
3333 4341 3524 4411 ἐπιτή-

1943 4419 2104 4484 δειον,
2146 4421 2282 4475 ὥστε
2325 4423 2486 4478 αὐτοῦ
2525 4425 2848 4481 ἀπολαῦσαι.

2018 4535 2082 4603 β’.
2126 4535 2314 4590 Πολλοὶ
2344 4536 2472 4604 γοῦν
2499 4537 2756 4603 πολλάκις
2781 4542 2892 4603 τοῖς
2913 4542 3092 4605 αὐτοῖς
3129 4545 3525 4616 ἁμαρτήμασιν

1946 4626 2236 4680 ὑπεύθυνοι
2277 4629 2532 4697 γεγόνασι
2556 4668 2570 4692 ,
2609 4631 2707 4685 καὶ
2751 4633 2810 4685 06
2858 4633 2955 4704 τὴν
3005 4635 3174 4705 αὐτὴν
3225 4635 3409 4690 ἔδοσαν
3445 4638 3524 4691 δί-

1945 4735 2047 4788 κην
2073 4757 2088 4781 ,
2129 4719 2318 4790 ἐτέρας
2369 4719 2584 4790 ἔχοντες
2633 4721 2810 4785 αἰτίας
2861 4726 3264 4796 προῖσταμένας
3301 4729 3520 4782 αὐτῶν·

1948 4807 2062 4868 καί,
2104 4808 2152 4859 εί
2192 4807 2466 4877 βούλεσθε,
2509 4810 2680 4882 τούτῳ
2722 4812 2814 4865 νῦν
2851 4814 3282 4887 ἐνδιατρίψωμεν
3317 4818 3397 4890 τῷ
3435 4819 3530 4874 16-

1946 4896 2341 4966 γῳ.Ἥμαρτον
2372 4899 2610 4953 Ἰουδαῖοι
2649 4901 2870 4968 πάντες,
2897 4904 2990 4957 καὶ
3027 4905 3522 4979 εἰδωλολάτρησαν·

1945 4985 2060 5037 ἀλλ’
2081 4986 2142 5039 06
2168 4985 2371 5051 πάντες
2406 4987 2504 5060 τὴν
2542 4989 2708 5062 αὐτὴν
2749 4989 2935 5045 ἔδοσαν
2970 4993 3158 5066 δίκην·
3193 4996 3309 5049 ἀλλ’
3331 4999 3382 5050 οἱ
3423 4997 3526 5068 μὲν

1945 5076 2140 5132 ἔπεσον
2163 5117 2177 5142 ,
2218 5081 2267 5132 οί
2304 5079 2362 5134 δὲ
2402 5081 2732 5153 συγγνώμης
2771 5084 3106 5145 ἀπέλαυσαν.
3142 5087 3230 5140 Ἐν
3267 5089 3374 5158 γὰρ
3411 5091 3527 5152 τοῖς

1947 5171 2330 5244 ἁμαρτήμασιν
2371 5172 2469 5242 οὐχ
2499 5175 2532 5243 ἡ
2569 5173 2728 5242 φύσις
2758 5175 3000 5246 ζητεῖται
3034 5179 3193 5248 μόνον
3231 5178 3324 5232 τοῦ
3362 5195 3526 5246 γεγε-

1945 5260 2178 5330 νημένου
2203 5297 2218 5322 ,
2258 5259 2394 5314 ἀλλά
2429 5261 2523 5314 καὶ
2561 5265 2592 5332 ή
2633 5263 2822 5335 γνώμη
2843 5306 2858 5330 ,
2894 5265 2991 5319 καὶ
3027 5269 3056 5319 ό
3093 5266 3276 5336 καιρὸς
3299 5305 3313 5331 ,
3356 5266 3450 5320 καὶ
3488 5269 3527 5340 ἡ

1944 5350 2094 5408 αἰτία
2118 5387 2134 5408 .
2174 5350 2268 5406 καὶ
2321 5348 2391 5404 τὰ
2450 5352 2586 5423 μετά
2633 5354 2731 5425 τὴν
2779 5356 3084 5426 ἁμαρτίαν·
3123 5358 3172 5409 εί
3208 5358 3258 5409 οἰ
3299 5357 3398 5427 μὲν
3436 5359 3527 5412 Ev-

1946 5436 2189 5506 έμειναν,
2227 5438 2277 5490 οί
2315 5437 2372 5492 δὲ
2412 5441 2765 5512 μετενόησαν,
2806 5443 2900 5494 καὶ
2938 5444 2986 5495 εί
3023 5443 3088 5494 ἐκ
3126 5444 3525 5514 περιστάσεως,

1947 5529 2039 5581 καὶ
2077 5528 2126 5581 εξ
2164 5527 2306 5582 κατὰ
2339 5530 2572 5599 ἀπάτην,
2615 5531 2710 5586 καὶ
2751 5531 2890 5586 κατὰ
2929 5531 3178 5604 μελέτην.
3204 5535 3314 5589 Kal
3351 5535 3527 5593 πολλά

1947 5620 2063 5674 ἐστι
2102 5618 2169 5672 τά
2207 5618 2547 5690 ζητούμενα,
2588 5623 2682 5676 καὶ
2717 5622 2910 5695 καιροῦ
2949 5623 3200 5698 διαφορὰ,
3243 5628 3337 5684 καὶ
3372 5628 3526 5686 πολι.

1946 5709 2096 5773 τείας
2135 5711 2485 5776 κατάστασις.
2528 5707 2652 5766 υἴὸν
2688 5731 2742 5769 τι
2771 5715 2948 5786 λέγω·
2989 5719 3234 5789 ἥμαρτον
3271 5723 3319 5773 οἰ
3357 5721 3417 5774 ἐν
3455 5725 3525 5796 τῇ

1952 5800 2197 5871 Παλαιᾷ,
2239 5802 2606 5874 ἁμαρτάνουσι
2649 5809 2738 5862 καὶ
2775 5810 2820 5862 οἱ
2863 5811 2919 5863 ἐν
2956 5813 3022 5883 τῇ
3064 5813 3270 5883 Καινῇ·
3325 5813 3385 5865 06
3426 5815 3527 5884 τὴν
