  <div class='ocr_page' id='page_1' title='image "/cluster/home/n/w/nwhite01/storage/ocr_20150623/55/hvd.32044054086814/070.png"; bbox 0 0 4086 6214; ppageno 0'>
   <div class='ocr_carea' id='block_1_1' title="bbox 285 243 3562 340">
    <p class='ocr_par' dir='ltr' id='par_1_1' title="bbox 285 243 3562 340">
     <span class='ocr_line' id='line_1_1' title="bbox 285 243 3562 340; baseline 0.008 -35"><span class='ocrx_word' id='word_1_1' title='bbox 285 254 351 311; x_wconf 79' lang='lat'><strong><em>73</em></strong></span> <span class='ocrx_word' id='word_1_2' title='bbox 1459 260 1808 317; x_wconf 72' lang='lat' dir='ltr'><strong><em>uxrosmo</em></strong></span> <span class='ocrx_word' id='word_1_3' title='bbox 1847 257 1910 313; x_wconf 81' lang='lat' dir='ltr'><strong><em>IN</em></strong></span> <span class='ocrx_word' id='word_1_4' title='bbox 1949 257 2266 318; x_wconf 74' lang='lat' dir='ltr'><strong><em>PSALMUM</em></strong></span> <span class='ocrx_word' id='word_1_5' title='bbox 2309 264 2393 318; x_wconf 77' lang='lat' dir='ltr'><strong><em>vr.</em></strong></span> <span class='ocrx_word' id='word_1_6' title='bbox 3479 243 3562 340; x_wconf 66' lang='grc' dir='ltr'><em>π</em></span> 
     </span>
    </p>
   </div>
   <div class='ocr_carea' id='block_1_2' title="bbox 281 370 1865 444">
    <p class='ocr_par' dir='ltr' id='par_1_2' title="bbox 281 370 1865 444">
     <span class='ocr_line' id='line_1_2' title="bbox 281 370 1865 444; baseline 0 -17"><span class='ocrx_word' id='word_1_7' title='bbox 281 372 370 427; x_wconf 75' lang='lat' dir='ltr'><strong><em>sed</em></strong></span> <span class='ocrx_word' id='word_1_8' title='bbox 415 387 520 425; x_wconf 89' lang='lat' dir='ltr'><strong><em>non</em></strong></span> <span class='ocrx_word' id='word_1_9' title='bbox 572 370 854 427; x_wconf 83' lang='lat' dir='ltr'><strong><em>dederunt</em></strong></span> <span class='ocrx_word' id='word_1_10' title='bbox 903 375 1106 444; x_wconf 89' lang='lat' dir='ltr'><strong><em>utrique</em></strong></span> <span class='ocrx_word' id='word_1_11' title='bbox 1151 375 1356 430; x_wconf 89' lang='lat' dir='ltr'><strong><em>easdem</em></strong></span> <span class='ocrx_word' id='word_1_12' title='bbox 1407 390 1628 444; x_wconf 66' lang='lat' dir='ltr'><strong><em>poenas,</em></strong></span> <span class='ocrx_word' id='word_1_13' title='bbox 1675 377 1782 432; x_wconf 90' lang='lat' dir='ltr'><strong><em>imo</em></strong></span> <span class='ocrx_word' id='word_1_14' title='bbox 1810 373 1865 431; x_wconf 90' lang='lat' dir='ltr'><strong><em>bi</em></strong></span> 
     </span>
    </p>
   </div>
   <div class='ocr_carea' id='block_1_3' title="bbox 279 465 1866 546">
    <p class='ocr_par' dir='ltr' id='par_1_3' title="bbox 279 465 1866 546">
     <span class='ocr_line' id='line_1_3' title="bbox 279 465 1866 546; baseline 0.004 -28"><span class='ocrx_word' id='word_1_15' title='bbox 279 467 566 534; x_wconf 63' lang='lat' dir='ltr'><strong><em>graviores.</em></strong></span> <span class='ocrx_word' id='word_1_16' title='bbox 610 465 682 519; x_wconf 85' lang='lat' dir='ltr'><strong><em>Et</em></strong></span> <span class='ocrx_word' id='word_1_17' title='bbox 730 466 838 546; x_wconf 77' lang='lat' dir='ltr'><strong><em>hoc</em></strong></span> <span class='ocrx_word' id='word_1_18' title='bbox 887 465 1076 520; x_wconf 80' lang='lat' dir='ltr'><strong><em>Paulus</em></strong></span> <span class='ocrx_word' id='word_1_19' title='bbox 1115 468 1445 537; x_wconf 83' lang='lat' dir='ltr'><strong><em>significans,</em></strong></span> <span class='ocrx_word' id='word_1_20' title='bbox 1485 469 1734 526; x_wconf 87' lang='lat' dir='ltr'><strong><em>dicebat:</em></strong></span> <span class='ocrx_word' id='word_1_21' title='bbox 1768 470 1866 538; x_wconf 84' lang='lat' dir='ltr'><strong><em>Qui</em></strong></span> 
     </span>
    </p>
   </div>
   <div class='ocr_carea' id='block_1_4' title="bbox 280 555 1864 628">
    <p class='ocr_par' dir='ltr' id='par_1_4' title="bbox 280 555 1864 628">
     <span class='ocr_line' id='line_1_4' title="bbox 280 555 1864 628; baseline 0.003 -17"><span class='ocrx_word' id='word_1_22' title='bbox 280 558 434 627; x_wconf 85' lang='lat' dir='ltr'><strong><em>legem</em></strong></span> <span class='ocrx_word' id='word_1_23' title='bbox 463 555 665 628; x_wconf 76' lang='lat' dir='ltr'><strong><em>Mogsis</em></strong></span> <span class='ocrx_word' id='word_1_24' title='bbox 710 559 836 627; x_wconf 79' lang='lat' dir='ltr'><strong><em>fecit</em></strong></span> <span class='ocrx_word' id='word_1_25' title='bbox 867 559 1062 612; x_wconf 84' lang='lat' dir='ltr'><strong><em>irritam</em></strong></span> <span class='ocrx_word' id='word_1_26' title='bbox 1084 598 1098 623; x_wconf 90' lang='lat'><strong><em>,</em></strong></span> <span class='ocrx_word' id='word_1_27' title='bbox 1138 557 1246 613; x_wconf 88' lang='lat' dir='ltr'><strong><em>sine</em></strong></span> <span class='ocrx_word' id='word_1_28' title='bbox 1287 561 1393 614; x_wconf 86' lang='lat' dir='ltr'><strong><em>ulla</em></strong></span> <span class='ocrx_word' id='word_1_29' title='bbox 1421 561 1736 616; x_wconf 77' lang='lat' dir='ltr'><strong><em>miseratione</em></strong></span> <span class='ocrx_word' id='word_1_30' title='bbox 1775 569 1864 616; x_wconf 82' lang='lat' dir='ltr'><strong><em>sub</em></strong></span> 
     </span>
    </p>
   </div>
   <div class='ocr_carea' id='block_1_5' title="bbox 277 648 1865 720">
    <p class='ocr_par' dir='ltr' id='par_1_5' title="bbox 277 648 1865 720">
     <span class='ocr_line' id='line_1_5' title="bbox 277 648 1865 720; baseline 0.004 -19"><span class='ocrx_word' id='word_1_31' title='bbox 277 649 468 702; x_wconf 79' lang='lat' dir='ltr'><strong><em>duobus</em></strong></span> <span class='ocrx_word' id='word_1_32' title='bbox 497 648 576 702; x_wconf 82' lang='lat' dir='ltr'><strong><em>vel</em></strong></span> <span class='ocrx_word' id='word_1_33' title='bbox 597 649 764 702; x_wconf 84' lang='lat' dir='ltr'><strong><em>tribus</em></strong></span> <span class='ocrx_word' id='word_1_34' title='bbox 795 648 1000 702; x_wconf 80' lang='lat' dir='ltr'><strong><em>testibus</em></strong></span> <span class='ocrx_word' id='word_1_35' title='bbox 1023 651 1251 703; x_wconf 89' lang='lat' dir='ltr'><strong><em>moritur.</em></strong></span> <span class='ocrx_word' id='word_1_36' title='bbox 1287 650 1488 715; x_wconf 84' lang='lat' dir='ltr'><strong><em>Quanto</em></strong></span> <span class='ocrx_word' id='word_1_37' title='bbox 1514 655 1699 720; x_wconf 86' lang='lat' dir='ltr'><strong><em>putatis</em></strong></span> <span class='ocrx_word' id='word_1_38' title='bbox 1727 653 1865 707; x_wconf 84' lang='lat' dir='ltr'><strong><em>dele-</em></strong></span> 
     </span>
    </p>
   </div>
   <div class='ocr_carea' id='block_1_6' title="bbox 277 741 1858 815">
    <p class='ocr_par' dir='ltr' id='par_1_6' title="bbox 277 741 1858 815">
     <span class='ocr_line' id='line_1_6' title="bbox 277 741 1858 815; baseline 0.003 -20"><span class='ocrx_word' id='word_1_39' title='bbox 277 743 395 795; x_wconf 86' lang='lat' dir='ltr'><strong><em>riori</em></strong></span> <span class='ocrx_word' id='word_1_40' title='bbox 422 743 682 810; x_wconf 85' lang='lat' dir='ltr'><strong><em>supplicio</em></strong></span> <span class='ocrx_word' id='word_1_41' title='bbox 711 741 897 812; x_wconf 85' lang='lat' dir='ltr'><strong><em>dignus</em></strong></span> <span class='ocrx_word' id='word_1_42' title='bbox 921 743 1192 806; x_wconf 74' lang='lat' dir='ltr'><strong><em>habebitur,</em></strong></span> <span class='ocrx_word' id='word_1_43' title='bbox 1215 745 1302 815; x_wconf 89' lang='lat' dir='ltr'><strong><em>qui</em></strong></span> <span class='ocrx_word' id='word_1_44' title='bbox 1331 743 1516 798; x_wconf 81' lang='lat' dir='ltr'><strong><em>Filium</em></strong></span> <span class='ocrx_word' id='word_1_45' title='bbox 1541 744 1635 800; x_wconf 89' lang='lat' dir='ltr'><strong><em>Dei</em></strong></span> <span class='ocrx_word' id='word_1_46' title='bbox 1655 747 1858 800; x_wconf 77' lang='lat' dir='ltr'><strong><em>concul~</em></strong></span> 
     </span>
    </p>
   </div>
   <div class='ocr_carea' id='block_1_7' title="bbox 275 834 1860 904">
    <p class='ocr_par' dir='ltr' id='par_1_7' title="bbox 275 834 1860 904">
     <span class='ocr_line' id='line_1_7' title="bbox 275 834 1860 904; baseline 0.003 -18"><span class='ocrx_word' id='word_1_47' title='bbox 275 835 478 897; x_wconf 76' lang='lat' dir='ltr'><strong><em>caverit,</em></strong></span> <span class='ocrx_word' id='word_1_48' title='bbox 510 843 558 886; x_wconf 90' lang='lat' dir='ltr'><strong><em>et</em></strong></span> <span class='ocrx_word' id='word_1_49' title='bbox 579 834 884 904; x_wconf 84' lang='lat' dir='ltr'><strong><em>sanguinem</em></strong></span> <span class='ocrx_word' id='word_1_50' title='bbox 911 837 1183 888; x_wconf 86' lang='lat' dir='ltr'><strong><em>testamenti</em></strong></span> <span class='ocrx_word' id='word_1_51' title='bbox 1205 851 1516 889; x_wconf 85' lang='lat' dir='ltr'><strong><em>communem</em></strong></span> <span class='ocrx_word' id='word_1_52' title='bbox 1547 837 1860 890; x_wconf 76' lang='lat' dir='ltr'><strong><em>existimave-</em></strong></span> 
     </span>
    </p>
   </div>
   <div class='ocr_carea' id='block_1_8' title="bbox 275 921 1857 997">
    <p class='ocr_par' dir='ltr' id='par_1_8' title="bbox 275 921 1857 997">
     <span class='ocr_line' id='line_1_8' title="bbox 275 921 1857 997; baseline 0.003 -19"><span class='ocrx_word' id='word_1_53' title='bbox 275 929 337 979; x_wconf 86' lang='lat' dir='ltr'><strong><em>rit</em></strong></span> <span class='ocrx_word' id='word_1_54' title='bbox 363 929 381 994; x_wconf 90' lang='lat'><strong><em>(</em></strong></span> <span class='ocrx_word' id='word_1_55' title='bbox 409 925 568 980; x_wconf 82' lang='lat' dir='ltr'><strong><em>llebr.</em></strong></span> <span class='ocrx_word' id='word_1_56' title='bbox 606 927 692 981; x_wconf 78' lang='grc'><strong><em>10.</em></strong></span> <span class='ocrx_word' id='word_1_57' title='bbox 717 927 809 982; x_wconf 72' lang='lat'><strong><em>28.</em></strong></span> <span class='ocrx_word' id='word_1_58' title='bbox 839 921 1234 997; x_wconf 19' lang='lat' dir='ltr'><strong><em>29)?‘Quando</em></strong></span> <span class='ocrx_word' id='word_1_59' title='bbox 1259 939 1431 983; x_wconf 90' lang='lat' dir='ltr'><strong><em>autem</em></strong></span> <span class='ocrx_word' id='word_1_60' title='bbox 1463 929 1626 992; x_wconf 96' lang='lat' dir='ltr'><strong><em>dicit,</em></strong></span> <span class='ocrx_word' id='word_1_61' title='bbox 1659 929 1857 996; x_wconf 86' lang='lat' dir='ltr'><strong><em>Quanto</em></strong></span> 
     </span>
    </p>
   </div>
   <div class='ocr_carea' id='block_1_9' title="bbox 275 1017 1854 1088">
    <p class='ocr_par' dir='ltr' id='par_1_9' title="bbox 275 1017 1854 1088">
     <span class='ocr_line' id='line_1_9' title="bbox 275 1017 1854 1088; baseline 0.004 -20"><span class='ocrx_word' id='word_1_62' title='bbox 275 1017 506 1070; x_wconf 71' lang='lat' dir='ltr'><strong><em>deteriori</em></strong></span> <span class='ocrx_word' id='word_1_63' title='bbox 533 1019 790 1087; x_wconf 84' lang='lat' dir='ltr'><strong><em>supplicio</em></strong></span> <span class='ocrx_word' id='word_1_64' title='bbox 820 1017 1002 1088; x_wconf 86' lang='lat' dir='ltr'><strong><em>dignus</em></strong></span> <span class='ocrx_word' id='word_1_65' title='bbox 1031 1019 1304 1083; x_wconf 76' lang='lat' dir='ltr'><strong><em>habebitur,</em></strong></span> <span class='ocrx_word' id='word_1_66' title='bbox 1336 1019 1598 1074; x_wconf 78' lang='lat' dir='ltr'><strong><em>intonsum</em></strong></span> <span class='ocrx_word' id='word_1_67' title='bbox 1627 1019 1854 1075; x_wconf 79' lang='lat' dir='ltr'><strong><em>ostendit</em></strong></span> 
     </span>
    </p>
   </div>
   <div class='ocr_carea' id='block_1_10' title="bbox 271 1107 1854 1181">
    <p class='ocr_par' dir='ltr' id='par_1_10' title="bbox 271 1107 1854 1181">
     <span class='ocr_line' id='line_1_10' title="bbox 271 1107 1854 1181; baseline 0.003 -21"><span class='ocrx_word' id='word_1_68' title='bbox 271 1109 615 1174; x_wconf 73' lang='lat' dir='ltr'><strong><em>supplicium.</em></strong></span> <span class='ocrx_word' id='word_1_69' title='bbox 640 1107 934 1162; x_wconf 87' lang='lat' dir='ltr'><strong><em>Peccarunt</em></strong></span> <span class='ocrx_word' id='word_1_70' title='bbox 959 1110 1047 1179; x_wconf 88' lang='lat' dir='ltr'><strong><em>qui</em></strong></span> <span class='ocrx_word' id='word_1_71' title='bbox 1071 1109 1237 1178; x_wconf 88' lang='lat' dir='ltr'><strong><em>legem</em></strong></span> <span class='ocrx_word' id='word_1_72' title='bbox 1259 1120 1663 1180; x_wconf 61' lang='lat' dir='ltr'><strong><em>prtccesscrunt,</em></strong></span> <span class='ocrx_word' id='word_1_73' title='bbox 1693 1119 1746 1165; x_wconf 91' lang='lat' dir='ltr'><strong><em>et</em></strong></span> <span class='ocrx_word' id='word_1_74' title='bbox 1765 1111 1854 1181; x_wconf 87' lang='lat' dir='ltr'><strong><em>qui</em></strong></span> 
     </span>
    </p>
   </div>
   <div class='ocr_carea' id='block_1_11' title="bbox 274 1199 1848 1270">
    <p class='ocr_par' dir='ltr' id='par_1_11' title="bbox 274 1199 1848 1270">
     <span class='ocr_line' id='line_1_11' title="bbox 274 1199 1848 1270; baseline 0.004 -18"><span class='ocrx_word' id='word_1_75' title='bbox 274 1209 431 1252; x_wconf 85' lang='lat' dir='ltr'><strong><em>erant</em></strong></span> <span class='ocrx_word' id='word_1_76' title='bbox 477 1200 530 1253; x_wconf 90' lang='lat' dir='ltr'><strong><em>in</em></strong></span> <span class='ocrx_word' id='word_1_77' title='bbox 574 1200 701 1270; x_wconf 87' lang='lat' dir='ltr'><strong><em>lege.</em></strong></span> <span class='ocrx_word' id='word_1_78' title='bbox 749 1199 954 1254; x_wconf 83' lang='lat' dir='ltr'><strong>Rursus</strong></span> <span class='ocrx_word' id='word_1_79' title='bbox 1013 1201 1216 1269; x_wconf 90' lang='lat' dir='ltr'><strong><em>priores</em></strong></span> <span class='ocrx_word' id='word_1_80' title='bbox 1270 1202 1339 1255; x_wconf 84' lang='lat' dir='ltr'><strong><em>illi</em></strong></span> <span class='ocrx_word' id='word_1_81' title='bbox 1392 1217 1574 1270; x_wconf 72' lang='lat' dir='ltr'><strong><em>ptenas</em></strong></span> <span class='ocrx_word' id='word_1_82' title='bbox 1625 1203 1848 1259; x_wconf 90' lang='lat' dir='ltr'><strong><em>leviores</em></strong></span> 
     </span>
    </p>
   </div>
   <div class='ocr_carea' id='block_1_12' title="bbox 277 1275 1846 1366">
    <p class='ocr_par' dir='ltr' id='par_1_12' title="bbox 277 1275 1846 1366">
     <span class='ocr_line' id='line_1_12' title="bbox 277 1275 1846 1366; baseline 0.004 -25"><span class='ocrx_word' id='word_1_83' title='bbox 277 1275 513 1343; x_wconf 54' lang='lat' dir='ltr'><strong><em>luerunt.</em></strong></span> <span class='ocrx_word' id='word_1_84' title='bbox 549 1291 653 1344; x_wconf 90' lang='lat' dir='ltr'><strong><em>lloc</em></strong></span> <span class='ocrx_word' id='word_1_85' title='bbox 682 1299 859 1345; x_wconf 88' lang='lat' dir='ltr'><strong><em>autem</em></strong></span> <span class='ocrx_word' id='word_1_86' title='bbox 892 1290 1213 1362; x_wconf 87' lang='lat' dir='ltr'><strong><em>signiﬁcans,</em></strong></span> <span class='ocrx_word' id='word_1_87' title='bbox 1241 1292 1451 1347; x_wconf 89' lang='lat' dir='ltr'><strong><em>diccbat</em></strong></span> <span class='ocrx_word' id='word_1_88' title='bbox 1485 1309 1499 1345; x_wconf 90' lang='lat'><strong>:</strong></span> <span class='ocrx_word' id='word_1_89' title='bbox 1536 1293 1846 1366; x_wconf 82' lang='lat' dir='ltr'><strong><em>Quicumque</em></strong></span> 
     </span>
    </p>
   </div>
   <div class='ocr_carea' id='block_1_13' title="bbox 275 1383 1846 1458">
    <p class='ocr_par' dir='ltr' id='par_1_13' title="bbox 275 1383 1846 1458">
     <span class='ocr_line' id='line_1_13' title="bbox 275 1383 1846 1458; baseline 0.006 -26"><span class='ocrx_word' id='word_1_90' title='bbox 275 1385 407 1434; x_wconf 85' lang='lat' dir='ltr'><strong><em>cnim</em></strong></span> <span class='ocrx_word' id='word_1_91' title='bbox 429 1384 535 1435; x_wconf 81' lang='lat' dir='ltr'><strong><em>sine</em></strong></span> <span class='ocrx_word' id='word_1_92' title='bbox 562 1383 664 1454; x_wconf 84' lang='lat' dir='ltr'><strong><em>lege</em></strong></span> <span class='ocrx_word' id='word_1_93' title='bbox 685 1391 1030 1452; x_wconf 84' lang='lat' dir='ltr'><strong><em>peccaverunt,</em></strong></span> <span class='ocrx_word' id='word_1_94' title='bbox 1058 1385 1167 1439; x_wconf 92' lang='lat' dir='ltr'><strong><em>sine</em></strong></span> <span class='ocrx_word' id='word_1_95' title='bbox 1189 1385 1296 1454; x_wconf 85' lang='lat' dir='ltr'><strong><em>lege</em></strong></span> <span class='ocrx_word' id='word_1_96' title='bbox 1327 1396 1374 1440; x_wconf 92' lang='lat' dir='ltr'><strong><em>et</em></strong></span> <span class='ocrx_word' id='word_1_97' title='bbox 1408 1387 1638 1455; x_wconf 89' lang='lat' dir='ltr'><strong><em>peribunt</em></strong></span> <span class='ocrx_word' id='word_1_98' title='bbox 1661 1385 1846 1458; x_wconf 85' lang='lat' dir='ltr'><strong><em>(Rom.</em></strong></span> 
     </span>
    </p>
   </div>
   <div class='ocr_carea' id='block_1_14' title="bbox 275 1473 1844 1548">
    <p class='ocr_par' dir='ltr' id='par_1_14' title="bbox 275 1473 1844 1548">
     <span class='ocr_line' id='line_1_14' title="bbox 275 1473 1844 1548; baseline 0.006 -25"><span class='ocrx_word' id='word_1_99' title='bbox 275 1480 326 1525; x_wconf 67' lang='grc' dir='ltr'><strong><em>ιτ.</em></strong></span> <span class='ocrx_word' id='word_1_100' title='bbox 365 1473 430 1526; x_wconf 80' lang='lat' dir='ltr'><strong><em>l2</em></strong></span> <span class='ocrx_word' id='word_1_101' title='bbox 454 1475 466 1528; x_wconf 87' lang='lat' dir='ltr'><strong><em>l</em></strong></span> <span class='ocrx_word' id='word_1_102' title='bbox 492 1493 506 1527; x_wconf 91' lang='lat'><strong><em>:</em></strong></span> <span class='ocrx_word' id='word_1_103' title='bbox 535 1474 682 1534; x_wconf 87' lang='lat' dir='ltr'><strong><em>Illud,</em></strong></span> <span class='ocrx_word' id='word_1_104' title='bbox 715 1475 823 1528; x_wconf 87' lang='lat' dir='ltr'><strong><em>sine</em></strong></span> <span class='ocrx_word' id='word_1_105' title='bbox 843 1475 968 1545; x_wconf 83' lang='lat' dir='ltr'><strong><em>lege,</em></strong></span> <span class='ocrx_word' id='word_1_106' title='bbox 995 1475 1254 1545; x_wconf 88' lang='lat' dir='ltr'><strong><em>signiﬁcat</em></strong></span> <span class='ocrx_word' id='word_1_107' title='bbox 1282 1479 1466 1544; x_wconf 80' lang='lat' dir='ltr'><strong><em>levius,</em></strong></span> <span class='ocrx_word' id='word_1_108' title='bbox 1490 1493 1591 1532; x_wconf 90' lang='lat' dir='ltr'><strong><em>non</em></strong></span> <span class='ocrx_word' id='word_1_109' title='bbox 1617 1479 1844 1548; x_wconf 81' lang='lat' dir='ltr'><strong><em>gravius.</em></strong></span> 
     </span>
    </p>
   </div>
   <div class='ocr_carea' id='block_1_15' title="bbox 277 1563 1850 1640">
    <p class='ocr_par' dir='ltr' id='par_1_15' title="bbox 277 1563 1850 1640">
     <span class='ocr_line' id='line_1_15' title="bbox 277 1563 1850 1640; baseline 0.006 -25"><span class='ocrx_word' id='word_1_110' title='bbox 277 1563 339 1615; x_wconf 83' lang='lat' dir='ltr'><strong><em>Et</em></strong></span> <span class='ocrx_word' id='word_1_111' title='bbox 361 1567 660 1633; x_wconf 82' lang='lat' dir='ltr'><strong><em>quicumque</em></strong></span> <span class='ocrx_word' id='word_1_112' title='bbox 682 1566 735 1619; x_wconf 88' lang='lat' dir='ltr'><strong><em>in</em></strong></span> <span class='ocrx_word' id='word_1_113' title='bbox 760 1567 866 1637; x_wconf 86' lang='lat' dir='ltr'><strong><em>lege</em></strong></span> <span class='ocrx_word' id='word_1_114' title='bbox 891 1578 1180 1635; x_wconf 78' lang='lat' dir='ltr'><strong><em>peccarunt,</em></strong></span> <span class='ocrx_word' id='word_1_115' title='bbox 1207 1585 1295 1639; x_wconf 82' lang='lat' dir='ltr'><strong><em>per</em></strong></span> <span class='ocrx_word' id='word_1_116' title='bbox 1319 1570 1472 1640; x_wconf 89' lang='lat' dir='ltr'><strong><em>legem</em></strong></span> <span class='ocrx_word' id='word_1_117' title='bbox 1485 1570 1850 1640; x_wconf 80' lang='lat' dir='ltr'><strong><em>judicabantur</em></strong></span> 
     </span>
    </p>
   </div>
   <div class='ocr_carea' id='block_1_16' title="bbox 274 1655 1849 1732">
    <p class='ocr_par' dir='ltr' id='par_1_16' title="bbox 274 1655 1849 1732">
     <span class='ocr_line' id='line_1_16' title="bbox 274 1655 1849 1732; baseline 0.007 -24"><span class='ocrx_word' id='word_1_118' title='bbox 274 1655 445 1728; x_wconf 82' lang='lat' dir='ltr'><strong><em>(Ibid.</em></strong></span> <span class='ocrx_word' id='word_1_119' title='bbox 477 1657 516 1728; x_wconf 92' lang='lat'><strong><em>).</em></strong></span> <span class='ocrx_word' id='word_1_120' title='bbox 570 1658 787 1725; x_wconf 81' lang='lat' dir='ltr'><strong><em>Quare?</em></strong></span> <span class='ocrx_word' id='word_1_121' title='bbox 827 1659 1083 1726; x_wconf 85' lang='lat' dir='ltr'><strong><em>Quoniam</em></strong></span> <span class='ocrx_word' id='word_1_122' title='bbox 1119 1659 1193 1714; x_wconf 91' lang='lat' dir='ltr'><strong><em>illi</em></strong></span> <span class='ocrx_word' id='word_1_123' title='bbox 1223 1660 1434 1730; x_wconf 87' lang='lat' dir='ltr'><strong><em>quidem</em></strong></span> <span class='ocrx_word' id='word_1_124' title='bbox 1492 1661 1686 1717; x_wconf 83' lang='lat' dir='ltr'><strong><em>habent</em></strong></span> <span class='ocrx_word' id='word_1_125' title='bbox 1730 1678 1849 1732; x_wconf 80' lang='lat' dir='ltr'><strong><em>qua:</em></strong></span> 
     </span>
    </p>
   </div>
   <div class='ocr_carea' id='block_1_17' title="bbox 273 1752 1847 1815">
    <p class='ocr_par' dir='ltr' id='par_1_17' title="bbox 273 1752 1847 1815">
     <span class='ocr_line' id='line_1_17' title="bbox 273 1752 1847 1815; baseline 0.006 -13"><span class='ocrx_word' id='word_1_126' title='bbox 273 1765 361 1803; x_wconf 81' lang='lat' dir='ltr'><strong><em>eos</em></strong></span> <span class='ocrx_word' id='word_1_127' title='bbox 405 1759 656 1815; x_wconf 80' lang='lat' dir='ltr'><strong><em>accusat,</em></strong></span> <span class='ocrx_word' id='word_1_128' title='bbox 710 1761 954 1806; x_wconf 88' lang='lat' dir='ltr'><strong><em>naturam</em></strong></span> <span class='ocrx_word' id='word_1_129' title='bbox 985 1770 998 1806; x_wconf 90' lang='lat'><strong>:</strong></span> <span class='ocrx_word' id='word_1_130' title='bbox 1028 1752 1081 1807; x_wconf 86' lang='lat' dir='ltr'><strong><em>bi</em></strong></span> <span class='ocrx_word' id='word_1_131' title='bbox 1133 1769 1257 1808; x_wconf 86' lang='lat' dir='ltr'><strong><em>vero</em></strong></span> <span class='ocrx_word' id='word_1_132' title='bbox 1299 1769 1417 1810; x_wconf 91' lang='lat' dir='ltr'><strong><em>cum</em></strong></span> <span class='ocrx_word' id='word_1_133' title='bbox 1459 1763 1643 1810; x_wconf 90' lang='lat' dir='ltr'><strong><em>natura</em></strong></span> <span class='ocrx_word' id='word_1_134' title='bbox 1687 1756 1847 1812; x_wconf 88' lang='lat' dir='ltr'><strong><em>etiam</em></strong></span> 
     </span>
    </p>
   </div>
   <div class='ocr_carea' id='block_1_18' title="bbox 275 1841 1913 1917">
    <p class='ocr_par' dir='ltr' id='par_1_18' title="bbox 275 1841 1913 1917">
     <span class='ocr_line' id='line_1_18' title="bbox 275 1841 1913 1917; baseline 0.007 -24"><span class='ocrx_word' id='word_1_135' title='bbox 275 1841 436 1909; x_wconf 78' lang='lat' dir='ltr'><strong><em>Icgcm</em></strong></span> <span class='ocrx_word' id='word_1_136' title='bbox 464 1883 477 1902; x_wconf 87' lang='lat'><strong><em>,</em></strong></span> <span class='ocrx_word' id='word_1_137' title='bbox 511 1851 564 1895; x_wconf 91' lang='lat' dir='ltr'><strong><em>et</em></strong></span> <span class='ocrx_word' id='word_1_138' title='bbox 607 1857 714 1912; x_wconf 89' lang='lat' dir='ltr'><strong><em>quo</em></strong></span> <span class='ocrx_word' id='word_1_139' title='bbox 744 1843 861 1912; x_wconf 89' lang='lat' dir='ltr'><strong><em>plus</em></strong></span> <span class='ocrx_word' id='word_1_140' title='bbox 887 1843 1144 1898; x_wconf 66' lang='lat' dir='ltr'><strong><em>doctrinae</em></strong></span> <span class='ocrx_word' id='word_1_141' title='bbox 1185 1853 1538 1914; x_wconf 89' lang='lat' dir='ltr'><strong><em>acceperunt,</em></strong></span> <span class='ocrx_word' id='word_1_142' title='bbox 1582 1863 1645 1903; x_wconf 89' lang='lat' dir='ltr'><strong><em>eo</em></strong></span> <span class='ocrx_word' id='word_1_143' title='bbox 1675 1847 1846 1917; x_wconf 83' lang='lat' dir='ltr'><strong><em>majus</em></strong></span> <span class='ocrx_word' id='word_1_144' title='bbox 1897 1873 1913 1888; x_wconf 84' lang='lat'><strong>-</strong></span> 
     </span>
    </p>
   </div>
   <div class='ocr_carea' id='block_1_19' title="bbox 272 1931 1845 2000">
    <p class='ocr_par' dir='ltr' id='par_1_19' title="bbox 272 1931 1845 2000">
     <span class='ocr_line' id='line_1_19' title="bbox 272 1931 1845 2000; baseline 0.006 -17"><span class='ocrx_word' id='word_1_145' title='bbox 272 1931 516 1985; x_wconf 79' lang='lat' dir='ltr'><strong><em>subibunt</em></strong></span> <span class='ocrx_word' id='word_1_146' title='bbox 575 1932 912 2000; x_wconf 83' lang='lat' dir='ltr'><strong><em>supplicium.</em></strong></span> <span class='ocrx_word' id='word_1_147' title='bbox 970 1934 1169 1988; x_wconf 78' lang='lat' dir='ltr'><strong><em>Rursus</em></strong></span> <span class='ocrx_word' id='word_1_148' title='bbox 1216 1936 1373 1990; x_wconf 90' lang='lat' dir='ltr'><strong><em>etiam</em></strong></span> <span class='ocrx_word' id='word_1_149' title='bbox 1422 1953 1489 1993; x_wconf 85' lang='lat' dir='ltr'><strong><em>ex</em></strong></span> <span class='ocrx_word' id='word_1_150' title='bbox 1533 1940 1845 1994; x_wconf 83' lang='lat' dir='ltr'><strong><em>auctoritate</em></strong></span> 
     </span>
    </p>
   </div>
   <div class='ocr_carea' id='block_1_20' title="bbox 272 2022 1843 2098">
    <p class='ocr_par' dir='ltr' id='par_1_20' title="bbox 272 2022 1843 2098">
     <span class='ocr_line' id='line_1_20' title="bbox 272 2022 1843 2098; baseline 0.008 -25"><span class='ocrx_word' id='word_1_151' title='bbox 272 2022 422 2090; x_wconf 78' lang='lat' dir='ltr'><strong><em>hujus</em></strong></span> <span class='ocrx_word' id='word_1_152' title='bbox 451 2023 525 2076; x_wconf 87' lang='lat' dir='ltr'><strong><em>rei</em></strong></span> <span class='ocrx_word' id='word_1_153' title='bbox 560 2023 679 2077; x_wconf 84' lang='lat' dir='ltr'><strong><em>licet</em></strong></span> <span class='ocrx_word' id='word_1_154' title='bbox 708 2033 956 2077; x_wconf 79' lang='lat' dir='ltr'><strong><em>eventum</em></strong></span> <span class='ocrx_word' id='word_1_155' title='bbox 987 2025 1197 2090; x_wconf 86' lang='lat' dir='ltr'><strong><em>videre;</em></strong></span> <span class='ocrx_word' id='word_1_156' title='bbox 1231 2025 1386 2096; x_wconf 85' lang='lat' dir='ltr'><strong><em>idque</em></strong></span> <span class='ocrx_word' id='word_1_157' title='bbox 1415 2029 1640 2098; x_wconf 79' lang='lat' dir='ltr'><strong><em>pchpici</em></strong></span> <span class='ocrx_word' id='word_1_158' title='bbox 1673 2039 1843 2098; x_wconf 88' lang='lat' dir='ltr'><strong><em>potest</em></strong></span> 
     </span>
    </p>
   </div>
   <div class='ocr_carea' id='block_1_21' title="bbox 270 2113 1842 2189">
    <p class='ocr_par' dir='ltr' id='par_1_21' title="bbox 270 2113 1842 2189">
     <span class='ocr_line' id='line_1_21' title="bbox 270 2113 1842 2189; baseline 0.007 -25"><span class='ocrx_word' id='word_1_159' title='bbox 270 2127 330 2164; x_wconf 78' lang='lat' dir='ltr'><strong><em>ex</em></strong></span> <span class='ocrx_word' id='word_1_160' title='bbox 356 2113 636 2166; x_wconf 83' lang='lat' dir='ltr'><strong><em>sacriﬁcio.</em></strong></span> <span class='ocrx_word' id='word_1_161' title='bbox 675 2113 777 2166; x_wconf 83' lang='lat' dir='ltr'><strong><em>Pro</em></strong></span> <span class='ocrx_word' id='word_1_162' title='bbox 804 2115 1054 2168; x_wconf 87' lang='lat' dir='ltr'><strong><em>universo</em></strong></span> <span class='ocrx_word' id='word_1_163' title='bbox 1079 2125 1224 2170; x_wconf 75' lang='lat' dir='ltr'><strong><em>certe</em></strong></span> <span class='ocrx_word' id='word_1_164' title='bbox 1249 2117 1335 2185; x_wconf 86' lang='lat' dir='ltr'><strong><em>qui</em></strong></span> <span class='ocrx_word' id='word_1_165' title='bbox 1378 2129 1618 2187; x_wconf 84' lang='lat' dir='ltr'><strong><em>peccarat</em></strong></span> <span class='ocrx_word' id='word_1_166' title='bbox 1649 2121 1842 2189; x_wconf 87' lang='lat' dir='ltr'><strong><em>populo</em></strong></span> 
     </span>
    </p>
   </div>
   <div class='ocr_carea' id='block_1_22' title="bbox 270 2203 1842 2278">
    <p class='ocr_par' dir='ltr' id='par_1_22' title="bbox 270 2203 1842 2278">
     <span class='ocr_line' id='line_1_22' title="bbox 270 2203 1842 2278; baseline 0.008 -24"><span class='ocrx_word' id='word_1_167' title='bbox 270 2214 466 2256; x_wconf 84' lang='lat' dir='ltr'><strong><em>tantum</em></strong></span> <span class='ocrx_word' id='word_1_168' title='bbox 496 2203 819 2258; x_wconf 78' lang='lat' dir='ltr'><strong><em>offerebatur</em></strong></span> <span class='ocrx_word' id='word_1_169' title='bbox 844 2204 1155 2260; x_wconf 89' lang='lat' dir='ltr'><strong><em>sacriﬁcium</em></strong></span> <span class='ocrx_word' id='word_1_170' title='bbox 1178 2247 1190 2270; x_wconf 86' lang='lat'><strong><em>,</em></strong></span> <span class='ocrx_word' id='word_1_171' title='bbox 1219 2218 1469 2276; x_wconf 88' lang='lat' dir='ltr'><strong><em>quantum</em></strong></span> <span class='ocrx_word' id='word_1_172' title='bbox 1499 2223 1592 2278; x_wconf 89' lang='lat' dir='ltr'><strong><em>pro</em></strong></span> <span class='ocrx_word' id='word_1_173' title='bbox 1619 2211 1732 2265; x_wconf 92' lang='lat' dir='ltr'><strong><em>solo</em></strong></span> <span class='ocrx_word' id='word_1_174' title='bbox 1757 2225 1842 2266; x_wconf 85' lang='lat' dir='ltr'><strong><em>sa-</em></strong></span> 
     </span>
    </p>
   </div>
   <div class='ocr_carea' id='block_1_23' title="bbox 265 2295 1834 2371">
    <p class='ocr_par' dir='ltr' id='par_1_23' title="bbox 265 2295 1834 2371">
     <span class='ocr_line' id='line_1_23' title="bbox 265 2295 1834 2371; baseline 0.006 -24"><span class='ocrx_word' id='word_1_175' title='bbox 265 2297 496 2348; x_wconf 65' lang='lat' dir='ltr'><strong><em>cerdote.</em></strong></span> <span class='ocrx_word' id='word_1_176' title='bbox 533 2295 584 2348; x_wconf 91' lang='lat' dir='ltr'><strong><em>Id</em></strong></span> <span class='ocrx_word' id='word_1_177' title='bbox 613 2304 789 2349; x_wconf 88' lang='lat' dir='ltr'><strong><em>autem</em></strong></span> <span class='ocrx_word' id='word_1_178' title='bbox 822 2296 1081 2365; x_wconf 82' lang='lat' dir='ltr'><strong><em>signiﬁcat</em></strong></span> <span class='ocrx_word' id='word_1_179' title='bbox 1105 2336 1119 2361; x_wconf 87' lang='lat'><strong><em>,</em></strong></span> <span class='ocrx_word' id='word_1_180' title='bbox 1144 2312 1247 2366; x_wconf 89' lang='lat' dir='ltr'><strong><em>quo</em></strong></span> <span class='ocrx_word' id='word_1_181' title='bbox 1278 2298 1446 2366; x_wconf 82' lang='lat' dir='ltr'><strong><em>major</em></strong></span> <span class='ocrx_word' id='word_1_182' title='bbox 1469 2310 1549 2354; x_wconf 89' lang='lat' dir='ltr'><strong><em>est</em></strong></span> <span class='ocrx_word' id='word_1_183' title='bbox 1575 2300 1834 2371; x_wconf 88' lang='lat' dir='ltr'><strong><em>dignitas,</em></strong></span> 
     </span>
    </p>
   </div>
   <div class='ocr_carea' id='block_1_24' title="bbox 264 2387 1837 2458">
    <p class='ocr_par' dir='ltr' id='par_1_24' title="bbox 264 2387 1837 2458">
     <span class='ocr_line' id='line_1_24' title="bbox 264 2387 1837 2458; baseline 0.006 -20"><span class='ocrx_word' id='word_1_184' title='bbox 264 2404 328 2438; x_wconf 82' lang='lat' dir='ltr'><strong><em>eu</em></strong></span> <span class='ocrx_word' id='word_1_185' title='bbox 351 2387 570 2456; x_wconf 79' lang='lat' dir='ltr'><strong><em>gravius</em></strong></span> <span class='ocrx_word' id='word_1_186' title='bbox 605 2401 726 2441; x_wconf 85' lang='lat' dir='ltr'><strong><em>esse</em></strong></span> <span class='ocrx_word' id='word_1_187' title='bbox 749 2403 936 2440; x_wconf 90' lang='lat' dir='ltr'><strong><em>eorum</em></strong></span> <span class='ocrx_word' id='word_1_188' title='bbox 980 2387 1066 2456; x_wconf 88' lang='lat' dir='ltr'><strong><em>qui</em></strong></span> <span class='ocrx_word' id='word_1_189' title='bbox 1094 2397 1313 2456; x_wconf 88' lang='lat' dir='ltr'><strong><em>peccant</em></strong></span> <span class='ocrx_word' id='word_1_190' title='bbox 1353 2391 1684 2458; x_wconf 83' lang='lat' dir='ltr'><strong><em>supplicium.</em></strong></span> <span class='ocrx_word' id='word_1_191' title='bbox 1716 2391 1837 2447; x_wconf 88' lang='lat' dir='ltr'><strong><em>ldco</em></strong></span> 
     </span>
    </p>
   </div>
   <div class='ocr_carea' id='block_1_25' title="bbox 263 2475 1835 2546">
    <p class='ocr_par' dir='ltr' id='par_1_25' title="bbox 263 2475 1835 2546">
     <span class='ocr_line' id='line_1_25' title="bbox 263 2475 1835 2546; baseline 0.004 -18"><span class='ocrx_word' id='word_1_192' title='bbox 263 2492 378 2544; x_wconf 75' lang='lat' dir='ltr'><strong><em>qua:</em></strong></span> <span class='ocrx_word' id='word_1_193' title='bbox 401 2476 716 2544; x_wconf 79' lang='lat' dir='ltr'><strong><em>simpliciter</em></strong></span> <span class='ocrx_word' id='word_1_194' title='bbox 741 2477 956 2546; x_wconf 78' lang='lat' dir='ltr'><strong><em>quidem</em></strong></span> <span class='ocrx_word' id='word_1_195' title='bbox 987 2475 1236 2531; x_wconf 88' lang='lat' dir='ltr'><strong><em>fornicata</em></strong></span> <span class='ocrx_word' id='word_1_196' title='bbox 1265 2487 1410 2542; x_wconf 87' lang='lat' dir='ltr'><strong><em>erat,</em></strong></span> <span class='ocrx_word' id='word_1_197' title='bbox 1439 2478 1505 2536; x_wconf 90' lang='lat' dir='ltr'><strong><em>de</em></strong></span> <span class='ocrx_word' id='word_1_198' title='bbox 1533 2481 1708 2535; x_wconf 89' lang='lat' dir='ltr'><strong><em>medio</em></strong></span> <span class='ocrx_word' id='word_1_199' title='bbox 1734 2483 1835 2537; x_wconf 61' lang='lat' dir='ltr'><strong><em>toi-</em></strong></span> 
     </span>
    </p>
   </div>
   <div class='ocr_carea' id='block_1_26' title="bbox 262 2567 1837 2626">
    <p class='ocr_par' dir='ltr' id='par_1_26' title="bbox 262 2567 1837 2626">
     <span class='ocr_line' id='line_1_26' title="bbox 262 2567 1837 2626; baseline 0.005 -7"><span class='ocrx_word' id='word_1_200' title='bbox 262 2568 465 2620; x_wconf 86' lang='lat' dir='ltr'><strong><em>lebatur</em></strong></span> <span class='ocrx_word' id='word_1_201' title='bbox 489 2580 512 2622; x_wconf 74' lang='grc' dir='ltr'><em>ε</em></span> <span class='ocrx_word' id='word_1_202' title='bbox 536 2567 831 2620; x_wconf 83' lang='lat' dir='ltr'><strong><em>sacerdotis</em></strong></span> <span class='ocrx_word' id='word_1_203' title='bbox 855 2575 1030 2620; x_wconf 88' lang='lat' dir='ltr'><strong><em>autem</em></strong></span> <span class='ocrx_word' id='word_1_204' title='bbox 1061 2567 1161 2620; x_wconf 88' lang='lat' dir='ltr'><strong><em>ﬁlia</em></strong></span> <span class='ocrx_word' id='word_1_205' title='bbox 1190 2568 1613 2623; x_wconf 89' lang='lat' dir='ltr'><strong><em>comburebatur.</em></strong></span> <span class='ocrx_word' id='word_1_206' title='bbox 1645 2571 1837 2626; x_wconf 85' lang='lat' dir='ltr'><strong><em>Possu-</em></strong></span> 
     </span>
    </p>
   </div>
   <div class='ocr_carea' id='block_1_27' title="bbox 262 2657 1834 2729">
    <p class='ocr_par' dir='ltr' id='par_1_27' title="bbox 262 2657 1834 2729">
     <span class='ocr_line' id='line_1_27' title="bbox 262 2657 1834 2729; baseline 0.003 -18"><span class='ocrx_word' id='word_1_207' title='bbox 262 2673 375 2712; x_wconf 88' lang='lat' dir='ltr'><strong><em>mus</em></strong></span> <span class='ocrx_word' id='word_1_208' title='bbox 414 2659 572 2712; x_wconf 86' lang='lat' dir='ltr'><strong><em>ctiam</em></strong></span> <span class='ocrx_word' id='word_1_209' title='bbox 604 2657 815 2710; x_wconf 86' lang='lat' dir='ltr'><strong><em>aliunde</em></strong></span> <span class='ocrx_word' id='word_1_210' title='bbox 854 2657 1030 2711; x_wconf 88' lang='lat' dir='ltr'><strong><em>videre</em></strong></span> <span class='ocrx_word' id='word_1_211' title='bbox 1071 2667 1123 2710; x_wconf 90' lang='lat' dir='ltr'><strong><em>et</em></strong></span> <span class='ocrx_word' id='word_1_212' title='bbox 1147 2659 1352 2712; x_wconf 87' lang='lat' dir='ltr'><strong><em>veniam</em></strong></span> <span class='ocrx_word' id='word_1_213' title='bbox 1379 2700 1392 2721; x_wconf 92' lang='lat'><strong><em>,</em></strong></span> <span class='ocrx_word' id='word_1_214' title='bbox 1435 2668 1488 2714; x_wconf 86' lang='lat' dir='ltr'><strong><em>ct</em></strong></span> <span class='ocrx_word' id='word_1_215' title='bbox 1525 2660 1834 2729; x_wconf 81' lang='lat' dir='ltr'><strong><em>gravitatem</em></strong></span> 
     </span>
    </p>
   </div>
   <div class='ocr_carea' id='block_1_28' title="bbox 259 2749 1834 2821">
    <p class='ocr_par' dir='ltr' id='par_1_28' title="bbox 259 2749 1834 2821">
     <span class='ocr_line' id='line_1_28' title="bbox 259 2749 1834 2821; baseline 0.006 -23"><span class='ocrx_word' id='word_1_216' title='bbox 259 2751 437 2817; x_wconf 77' lang='lat' dir='ltr'><strong><em>augeri</em></strong></span> <span class='ocrx_word' id='word_1_217' title='bbox 479 2749 761 2818; x_wconf 88' lang='lat' dir='ltr'><strong><em>supplicii,</em></strong></span> <span class='ocrx_word' id='word_1_218' title='bbox 809 2757 863 2801; x_wconf 92' lang='lat' dir='ltr'><strong><em>ut</em></strong></span> <span class='ocrx_word' id='word_1_219' title='bbox 893 2763 1010 2802; x_wconf 91' lang='lat' dir='ltr'><strong><em>cum</em></strong></span> <span class='ocrx_word' id='word_1_220' title='bbox 1043 2749 1086 2801; x_wconf 92' lang='lat' dir='ltr'><strong><em>is</em></strong></span> <span class='ocrx_word' id='word_1_221' title='bbox 1123 2750 1213 2818; x_wconf 87' lang='lat' dir='ltr'><strong><em>qui</em></strong></span> <span class='ocrx_word' id='word_1_222' title='bbox 1243 2750 1512 2818; x_wconf 87' lang='lat' dir='ltr'><strong><em>peccavit,</em></strong></span> <span class='ocrx_word' id='word_1_223' title='bbox 1542 2750 1626 2807; x_wconf 85' lang='lat' dir='ltr'><strong><em>hic</em></strong></span> <span class='ocrx_word' id='word_1_224' title='bbox 1653 2767 1834 2821; x_wconf 67' lang='lat' dir='ltr'><strong><em>poenas</em></strong></span> 
     </span>
    </p>
   </div>
   <div class='ocr_carea' id='block_1_29' title="bbox 256 2841 1831 2911">
    <p class='ocr_par' dir='ltr' id='par_1_29' title="bbox 256 2841 1831 2911">
     <span class='ocr_line' id='line_1_29' title="bbox 256 2841 1831 2911; baseline -0.002 -11"><span class='ocrx_word' id='word_1_225' title='bbox 256 2849 439 2910; x_wconf 58' lang='lat' dir='ltr'><strong><em>dedit,</em></strong></span> <span class='ocrx_word' id='word_1_226' title='bbox 481 2847 616 2900; x_wconf 84' lang='lat' dir='ltr'><strong><em>alius</em></strong></span> <span class='ocrx_word' id='word_1_227' title='bbox 657 2852 834 2897; x_wconf 90' lang='lat' dir='ltr'><strong><em>autem</em></strong></span> <span class='ocrx_word' id='word_1_228' title='bbox 880 2857 937 2896; x_wconf 90' lang='lat' dir='ltr'><strong><em>se</em></strong></span> <span class='ocrx_word' id='word_1_229' title='bbox 984 2842 1245 2909; x_wconf 79' lang='lat' dir='ltr'><strong><em>voluptate</em></strong></span> <span class='ocrx_word' id='word_1_230' title='bbox 1273 2841 1519 2911; x_wconf 79' lang='lat' dir='ltr'><strong><em>explevit.</em></strong></span> <span class='ocrx_word' id='word_1_231' title='bbox 1553 2842 1646 2897; x_wconf 90' lang='lat' dir='ltr'><strong><em>llle</em></strong></span> <span class='ocrx_word' id='word_1_232' title='bbox 1689 2844 1831 2898; x_wconf 89' lang='lat' dir='ltr'><strong><em>enim</em></strong></span> 
     </span>
    </p>
   </div>
   <div class='ocr_carea' id='block_1_30' title="bbox 257 2931 1829 3004">
    <p class='ocr_par' dir='ltr' id='par_1_30' title="bbox 257 2931 1829 3004">
     <span class='ocr_line' id='line_1_30' title="bbox 257 2931 1829 3004; baseline -0.002 -12"><span class='ocrx_word' id='word_1_233' title='bbox 257 2939 360 2992; x_wconf 86' lang='lat' dir='ltr'><strong><em>illic</em></strong></span> <span class='ocrx_word' id='word_1_234' title='bbox 395 2937 626 3004; x_wconf 79' lang='lat' dir='ltr'><strong><em>majores</em></strong></span> <span class='ocrx_word' id='word_1_235' title='bbox 651 2976 666 3000; x_wconf 93' lang='lat'><strong><em>,</em></strong></span> <span class='ocrx_word' id='word_1_236' title='bbox 707 2933 794 2988; x_wconf 85' lang='lat' dir='ltr'><strong><em>hic</em></strong></span> <span class='ocrx_word' id='word_1_237' title='bbox 821 2948 946 2986; x_wconf 88' lang='lat' dir='ltr'><strong><em>vero</em></strong></span> <span class='ocrx_word' id='word_1_238' title='bbox 971 2931 1201 2986; x_wconf 90' lang='lat' dir='ltr'><strong><em>minores</em></strong></span> <span class='ocrx_word' id='word_1_239' title='bbox 1233 2947 1413 3000; x_wconf 77' lang='lat' dir='ltr'><strong><em>ptenas</em></strong></span> <span class='ocrx_word' id='word_1_240' title='bbox 1439 2931 1620 3001; x_wconf 92' lang='lat' dir='ltr'><strong><em>dabit,</em></strong></span> <span class='ocrx_word' id='word_1_241' title='bbox 1650 2933 1694 2988; x_wconf 88' lang='lat' dir='ltr'><strong><em>si</em></strong></span> <span class='ocrx_word' id='word_1_242' title='bbox 1725 2949 1829 2989; x_wconf 87' lang='lat' dir='ltr'><strong><em>non</em></strong></span> 
     </span>
    </p>
   </div>
   <div class='ocr_carea' id='block_1_31' title="bbox 258 3021 1828 3094">
    <p class='ocr_par' dir='ltr' id='par_1_31' title="bbox 258 3021 1828 3094">
     <span class='ocr_line' id='line_1_31' title="bbox 258 3021 1828 3094; baseline -0.001 -13"><span class='ocrx_word' id='word_1_243' title='bbox 258 3031 336 3083; x_wconf 73' lang='lat' dir='ltr'><strong><em>llic</em></strong></span> <span class='ocrx_word' id='word_1_244' title='bbox 356 3027 519 3082; x_wconf 83' lang='lat' dir='ltr'><strong><em>fuerit</em></strong></span> <span class='ocrx_word' id='word_1_245' title='bbox 535 3026 755 3080; x_wconf 90' lang='lat' dir='ltr'><strong><em>omnino</em></strong></span> <span class='ocrx_word' id='word_1_246' title='bbox 771 3023 1063 3078; x_wconf 89' lang='lat' dir='ltr'><strong><em>absolutus.</em></strong></span> <span class='ocrx_word' id='word_1_247' title='bbox 1089 3023 1153 3076; x_wconf 81' lang='lat' dir='ltr'><strong><em>Et</em></strong></span> <span class='ocrx_word' id='word_1_248' title='bbox 1173 3021 1223 3076; x_wconf 89' lang='lat' dir='ltr'><strong><em>id</em></strong></span> <span class='ocrx_word' id='word_1_249' title='bbox 1249 3022 1546 3094; x_wconf 87' lang='lat' dir='ltr'><strong><em>signiﬁcans</em></strong></span> <span class='ocrx_word' id='word_1_250' title='bbox 1565 3024 1828 3089; x_wconf 84' lang='lat' dir='ltr'><strong><em>Christus,</em></strong></span> 
     </span>
    </p>
   </div>
   <div class='ocr_carea' id='block_1_32' title="bbox 256 3114 1829 3184">
    <p class='ocr_par' dir='ltr' id='par_1_32' title="bbox 256 3114 1829 3184">
     <span class='ocr_line' id='line_1_32' title="bbox 256 3114 1829 3184; baseline -0.005 -8"><span class='ocrx_word' id='word_1_251' title='bbox 256 3121 454 3176; x_wconf 78' lang='lat' dir='ltr'><strong><em>inducit</em></strong></span> <span class='ocrx_word' id='word_1_252' title='bbox 477 3118 744 3174; x_wconf 80' lang='lat' dir='ltr'><strong><em>Abraham</em></strong></span> <span class='ocrx_word' id='word_1_253' title='bbox 773 3117 1034 3171; x_wconf 88' lang='lat' dir='ltr'><strong><em>dicentem</em></strong></span> <span class='ocrx_word' id='word_1_254' title='bbox 1069 3114 1215 3169; x_wconf 90' lang='lat' dir='ltr'><strong><em>diviti</em></strong></span> <span class='ocrx_word' id='word_1_255' title='bbox 1246 3131 1260 3170; x_wconf 91' lang='lat'><strong>:</strong></span> <span class='ocrx_word' id='word_1_256' title='bbox 1293 3114 1537 3184; x_wconf 75' lang='lat' dir='ltr'><strong><em>Recepisti</em></strong></span> <span class='ocrx_word' id='word_1_257' title='bbox 1567 3115 1696 3169; x_wconf 82' lang='lat' dir='ltr'><strong><em>bona</em></strong></span> <span class='ocrx_word' id='word_1_258' title='bbox 1721 3126 1829 3183; x_wconf 90' lang='lat' dir='ltr'><strong><em>tua,</em></strong></span> 
     </span>
    </p>
   </div>
   <div class='ocr_carea' id='block_1_33' title="bbox 254 3206 1830 3277">
    <p class='ocr_par' dir='ltr' id='par_1_33' title="bbox 254 3206 1830 3277">
     <span class='ocr_line' id='line_1_33' title="bbox 254 3206 1830 3277; baseline -0.004 -11"><span class='ocrx_word' id='word_1_259' title='bbox 254 3217 334 3268; x_wconf 78' lang='lat' dir='ltr'><strong><em>hic</em></strong></span> <span class='ocrx_word' id='word_1_260' title='bbox 373 3228 496 3267; x_wconf 73' lang='lat' dir='ltr'><strong><em>vero</em></strong></span> <span class='ocrx_word' id='word_1_261' title='bbox 527 3211 703 3273; x_wconf 86' lang='lat' dir='ltr'><strong><em>mala;</em></strong></span> <span class='ocrx_word' id='word_1_262' title='bbox 729 3217 778 3264; x_wconf 82' lang='lat' dir='ltr'><strong><em>et</em></strong></span> <span class='ocrx_word' id='word_1_263' title='bbox 804 3223 937 3261; x_wconf 86' lang='lat' dir='ltr'><strong><em>nunc</em></strong></span> <span class='ocrx_word' id='word_1_264' title='bbox 966 3207 1046 3259; x_wconf 84' lang='lat' dir='ltr'><strong><em>hic</em></strong></span> <span class='ocrx_word' id='word_1_265' title='bbox 1085 3206 1474 3260; x_wconf 86' lang='lat' dir='ltr'><strong><em>consolationem</em></strong></span> <span class='ocrx_word' id='word_1_266' title='bbox 1510 3206 1690 3277; x_wconf 85' lang='lat' dir='ltr'><strong><em>accipit</em></strong></span> <span class='ocrx_word' id='word_1_267' title='bbox 1717 3247 1731 3272; x_wconf 94' lang='lat'><strong><em>,</em></strong></span> <span class='ocrx_word' id='word_1_268' title='bbox 1776 3217 1830 3260; x_wconf 91' lang='lat' dir='ltr'><strong><em>tu</em></strong></span> 
     </span>
    </p>
   </div>
   <div class='ocr_carea' id='block_1_34' title="bbox 255 3297 1827 3370">
    <p class='ocr_par' dir='ltr' id='par_1_34' title="bbox 255 3297 1827 3370">
     <span class='ocr_line' id='line_1_34' title="bbox 255 3297 1827 3370; baseline -0.006 -9"><span class='ocrx_word' id='word_1_269' title='bbox 255 3323 368 3360; x_wconf 76' lang='lat' dir='ltr'><strong><em>vero</em></strong></span> <span class='ocrx_word' id='word_1_270' title='bbox 388 3303 635 3358; x_wconf 83' lang='lat' dir='ltr'><strong><em>cruciaris</em></strong></span> <span class='ocrx_word' id='word_1_271' title='bbox 676 3300 694 3370; x_wconf 90' lang='lat'><strong><em>(</em></strong></span> <span class='ocrx_word' id='word_1_272' title='bbox 711 3299 836 3353; x_wconf 83' lang='lat' dir='ltr'><strong><em>Luc.</em></strong></span> <span class='ocrx_word' id='word_1_273' title='bbox 863 3300 948 3352; x_wconf 76' lang='lat' dir='ltr'><strong><em>lli.</em></strong></span> <span class='ocrx_word' id='word_1_274' title='bbox 980 3297 1051 3352; x_wconf 75' lang='lat'><strong><em>25</em></strong></span> <span class='ocrx_word' id='word_1_275' title='bbox 1071 3299 1109 3367; x_wconf 87' lang='lat'><strong><em>).</em></strong></span> <span class='ocrx_word' id='word_1_276' title='bbox 1140 3297 1242 3352; x_wconf 89' lang='lat' dir='ltr'><strong><em>Sed</em></strong></span> <span class='ocrx_word' id='word_1_277' title='bbox 1273 3299 1356 3351; x_wconf 80' lang='lat' dir='ltr'><strong><em>hic</em></strong></span> <span class='ocrx_word' id='word_1_278' title='bbox 1381 3298 1592 3367; x_wconf 90' lang='lat' dir='ltr'><strong><em>quidem</em></strong></span> <span class='ocrx_word' id='word_1_279' title='bbox 1618 3301 1714 3354; x_wconf 87' lang='lat' dir='ltr'><strong><em>sibi</em></strong></span> <span class='ocrx_word' id='word_1_280' title='bbox 1745 3300 1827 3352; x_wconf 83' lang='lat' dir='ltr'><strong><em>in-</em></strong></span> 
     </span>
    </p>
   </div>
   <div class='ocr_carea' id='block_1_35' title="bbox 255 3390 1828 3468">
    <p class='ocr_par' dir='ltr' id='par_1_35' title="bbox 255 3390 1828 3468">
     <span class='ocr_line' id='line_1_35' title="bbox 255 3390 1828 3468; baseline -0.003 -17"><span class='ocrx_word' id='word_1_281' title='bbox 255 3407 468 3468; x_wconf 87' lang='lat' dir='ltr'><strong><em>tcgrum</em></strong></span> <span class='ocrx_word' id='word_1_282' title='bbox 515 3393 797 3448; x_wconf 85' lang='lat' dir='ltr'><strong><em>reservavit</em></strong></span> <span class='ocrx_word' id='word_1_283' title='bbox 838 3390 1152 3460; x_wconf 86' lang='lat' dir='ltr'><strong><em>supplicium</em></strong></span> <span class='ocrx_word' id='word_1_284' title='bbox 1176 3431 1191 3453; x_wconf 93' lang='lat'><strong><em>,</em></strong></span> <span class='ocrx_word' id='word_1_285' title='bbox 1233 3400 1286 3444; x_wconf 89' lang='lat' dir='ltr'><strong><em>et</em></strong></span> <span class='ocrx_word' id='word_1_286' title='bbox 1316 3390 1435 3444; x_wconf 88' lang='lat' dir='ltr'><strong><em>ideo</em></strong></span> <span class='ocrx_word' id='word_1_287' title='bbox 1461 3392 1693 3458; x_wconf 86' lang='lat' dir='ltr'><strong><em>graviter</em></strong></span> <span class='ocrx_word' id='word_1_288' title='bbox 1733 3393 1828 3447; x_wconf 89' lang='lat' dir='ltr'><strong><em>fuit</em></strong></span> 
     </span>
    </p>
   </div>
   <div class='ocr_carea' id='block_1_36' title="bbox 253 3483 1828 3560">
    <p class='ocr_par' dir='ltr' id='par_1_36' title="bbox 253 3483 1828 3560">
     <span class='ocr_line' id='line_1_36' title="bbox 253 3483 1828 3560; baseline -0.003 -16"><span class='ocrx_word' id='word_1_289' title='bbox 253 3492 514 3560; x_wconf 86' lang='lat' dir='ltr'><strong><em>punitus:</em></strong></span> <span class='ocrx_word' id='word_1_290' title='bbox 541 3487 625 3542; x_wconf 90' lang='lat' dir='ltr'><strong><em>alii</em></strong></span> <span class='ocrx_word' id='word_1_291' title='bbox 651 3495 826 3540; x_wconf 88' lang='lat' dir='ltr'><strong><em>autem</em></strong></span> <span class='ocrx_word' id='word_1_292' title='bbox 859 3500 960 3538; x_wconf 90' lang='lat' dir='ltr'><strong><em>non</em></strong></span> <span class='ocrx_word' id='word_1_293' title='bbox 1004 3483 1262 3554; x_wconf 83' lang='lat' dir='ltr'><strong><em>integrum</em></strong></span> <span class='ocrx_word' id='word_1_294' title='bbox 1287 3523 1301 3550; x_wconf 95' lang='lat'><strong><em>,</em></strong></span> <span class='ocrx_word' id='word_1_295' title='bbox 1345 3483 1436 3538; x_wconf 82' lang='lat' dir='ltr'><strong><em>sed</em></strong></span> <span class='ocrx_word' id='word_1_296' title='bbox 1467 3498 1531 3538; x_wconf 81' lang='lat' dir='ltr'><strong><em>ex</em></strong></span> <span class='ocrx_word' id='word_1_297' title='bbox 1560 3492 1707 3553; x_wconf 87' lang='lat' dir='ltr'><strong><em>parte</em></strong></span> <span class='ocrx_word' id='word_1_298' title='bbox 1729 3525 1746 3552; x_wconf 94' lang='lat'><strong><em>,</em></strong></span> <span class='ocrx_word' id='word_1_299' title='bbox 1773 3494 1828 3540; x_wconf 89' lang='lat' dir='ltr'><strong><em>et</em></strong></span> 
     </span>
    </p>
   </div>
   <div class='ocr_carea' id='block_1_37' title="bbox 253 3575 1826 3648">
    <p class='ocr_par' dir='ltr' id='par_1_37' title="bbox 253 3575 1826 3648">
     <span class='ocr_line' id='line_1_37' title="bbox 253 3575 1826 3648; baseline -0.004 -13"><span class='ocrx_word' id='word_1_300' title='bbox 253 3583 370 3638; x_wconf 89' lang='lat' dir='ltr'><strong><em>ideo</em></strong></span> <span class='ocrx_word' id='word_1_301' title='bbox 398 3581 572 3636; x_wconf 78' lang='lat' dir='ltr'><strong><em>levius</em></strong></span> <span class='ocrx_word' id='word_1_302' title='bbox 597 3578 902 3648; x_wconf 89' lang='lat' dir='ltr'><strong><em>puniuntur.</em></strong></span> <span class='ocrx_word' id='word_1_303' title='bbox 936 3575 1134 3630; x_wconf 78' lang='lat' dir='ltr'><strong><em>Viderit</em></strong></span> <span class='ocrx_word' id='word_1_304' title='bbox 1158 3575 1316 3630; x_wconf 86' lang='lat' dir='ltr'><strong><em>etiam</em></strong></span> <span class='ocrx_word' id='word_1_305' title='bbox 1342 3575 1602 3644; x_wconf 86' lang='lat' dir='ltr'><strong><em>quispiam</em></strong></span> <span class='ocrx_word' id='word_1_306' title='bbox 1626 3576 1826 3645; x_wconf 88' lang='lat' dir='ltr'><strong><em>suppli-</em></strong></span> 
     </span>
    </p>
   </div>
   <div class='ocr_carea' id='block_1_38' title="bbox 252 3663 1826 3734">
    <p class='ocr_par' dir='ltr' id='par_1_38' title="bbox 252 3663 1826 3734">
     <span class='ocr_line' id='line_1_38' title="bbox 252 3663 1826 3734; baseline -0.006 -6"><span class='ocrx_word' id='word_1_307' title='bbox 252 3674 314 3728; x_wconf 89' lang='lat' dir='ltr'><strong><em>cii</em></strong></span> <span class='ocrx_word' id='word_1_308' title='bbox 352 3670 711 3727; x_wconf 80' lang='lat' dir='ltr'><strong><em>diﬁ‘ereutiam</em></strong></span> <span class='ocrx_word' id='word_1_309' title='bbox 750 3682 813 3722; x_wconf 79' lang='lat' dir='ltr'><strong><em>ex</em></strong></span> <span class='ocrx_word' id='word_1_310' title='bbox 847 3679 1032 3734; x_wconf 83' lang='lat' dir='ltr'><strong><em>magna</em></strong></span> <span class='ocrx_word' id='word_1_311' title='bbox 1063 3663 1404 3733; x_wconf 86' lang='lat' dir='ltr'><strong><em>intelligentia</em></strong></span> <span class='ocrx_word' id='word_1_312' title='bbox 1433 3670 1487 3718; x_wconf 89' lang='lat' dir='ltr'><strong><em>et</em></strong></span> <span class='ocrx_word' id='word_1_313' title='bbox 1520 3678 1584 3718; x_wconf 80' lang='lat' dir='ltr'><strong><em>ex</em></strong></span> <span class='ocrx_word' id='word_1_314' title='bbox 1623 3664 1826 3733; x_wconf 83' lang='lat' dir='ltr'><strong><em>simpli-</em></strong></span> 
     </span>
    </p>
   </div>
   <div class='ocr_carea' id='block_1_39' title="bbox 249 3755 1821 3832">
    <p class='ocr_par' dir='ltr' id='par_1_39' title="bbox 249 3755 1821 3832">
     <span class='ocr_line' id='line_1_39' title="bbox 249 3755 1821 3832; baseline -0.009 -16"><span class='ocrx_word' id='word_1_315' title='bbox 249 3767 421 3828; x_wconf 72' lang='lat' dir='ltr'><strong><em>titate,</em></strong></span> <span class='ocrx_word' id='word_1_316' title='bbox 443 3771 504 3816; x_wconf 86' lang='lat' dir='ltr'><strong><em>ut</em></strong></span> <span class='ocrx_word' id='word_1_317' title='bbox 531 3760 744 3832; x_wconf 87' lang='lat' dir='ltr'><strong><em>quando</em></strong></span> <span class='ocrx_word' id='word_1_318' title='bbox 764 3759 891 3813; x_wconf 84' lang='lat' dir='ltr'><strong><em>dicit</em></strong></span> <span class='ocrx_word' id='word_1_319' title='bbox 913 3755 1821 3823; x_wconf 76' lang='lat' dir='ltr'><strong><em>:Servtlsquinosittoluntalemdomi-</em></strong></span> 
     </span>
    </p>
   </div>
   <div class='ocr_carea' id='block_1_40' title="bbox 250 3841 1819 3916">
    <p class='ocr_par' dir='ltr' id='par_1_40' title="bbox 250 3841 1819 3916">
     <span class='ocr_line' id='line_1_40' title="bbox 250 3841 1819 3916; baseline 0.005 -22"><span class='ocrx_word' id='word_1_320' title='bbox 250 3845 468 3910; x_wconf 73' lang='lat' dir='ltr'><strong><em>nisui,et</em></strong></span> <span class='ocrx_word' id='word_1_321' title='bbox 484 3841 1233 3916; x_wconf 75' lang='lat' dir='ltr'><strong><em>itoufecit,vapulabitmultis:</em></strong></span> <span class='ocrx_word' id='word_1_322' title='bbox 1249 3845 1335 3914; x_wconf 85' lang='lat' dir='ltr'><strong><em>qui</em></strong></span> <span class='ocrx_word' id='word_1_323' title='bbox 1353 3854 1520 3900; x_wconf 86' lang='lat' dir='ltr'><strong><em>autem</em></strong></span> <span class='ocrx_word' id='word_1_324' title='bbox 1545 3863 1644 3900; x_wconf 80' lang='lat' dir='ltr'><strong><em>non</em></strong></span> <span class='ocrx_word' id='word_1_325' title='bbox 1664 3849 1819 3913; x_wconf 70' lang='lat' dir='ltr'><strong><em>novit,</em></strong></span> 
     </span>
    </p>
   </div>
   <div class='ocr_carea' id='block_1_41' title="bbox 247 3933 1820 4009">
    <p class='ocr_par' dir='ltr' id='par_1_41' title="bbox 247 3933 1820 4009">
     <span class='ocr_line' id='line_1_41' title="bbox 247 3933 1820 4009; baseline 0 -17"><span class='ocrx_word' id='word_1_326' title='bbox 247 3957 331 3992; x_wconf 78' lang='lat' dir='ltr'><strong><em>nec</em></strong></span> <span class='ocrx_word' id='word_1_327' title='bbox 368 3941 530 4009; x_wconf 80' lang='lat' dir='ltr'><strong><em>fecit,</em></strong></span> <span class='ocrx_word' id='word_1_328' title='bbox 579 3936 838 4006; x_wconf 76' lang='lat' dir='ltr'><strong><em>vapulabit</em></strong></span> <span class='ocrx_word' id='word_1_329' title='bbox 887 3935 1060 4004; x_wconf 85' lang='lat' dir='ltr'><strong><em>paucis</em></strong></span> <span class='ocrx_word' id='word_1_330' title='bbox 1092 3933 1216 4004; x_wconf 84' lang='lat' dir='ltr'><strong><em>(Id.</em></strong></span> <span class='ocrx_word' id='word_1_331' title='bbox 1251 3936 1337 3990; x_wconf 69' lang='lat'><strong><em>12.</em></strong></span> <span class='ocrx_word' id='word_1_332' title='bbox 1369 3936 1456 3990; x_wconf 71' lang='grc'><strong>47.</strong></span> <span class='ocrx_word' id='word_1_333' title='bbox 1495 3936 1564 3992; x_wconf 74' lang='grc'><strong><em>48</em></strong></span> <span class='ocrx_word' id='word_1_334' title='bbox 1589 3937 1628 4008; x_wconf 91' lang='grc'><strong><em>).</em></strong></span> <span class='ocrx_word' id='word_1_335' title='bbox 1660 3937 1820 3993; x_wconf 74' lang='lat' dir='ltr'><strong><em>Multa</em></strong></span> 
     </span>
    </p>
   </div>
   <div class='ocr_carea' id='block_1_42' title="bbox 244 4025 1821 4098">
    <p class='ocr_par' dir='ltr' id='par_1_42' title="bbox 244 4025 1821 4098">
     <span class='ocr_line' id='line_1_42' title="bbox 244 4025 1821 4098; baseline -0.002 -14"><span class='ocrx_word' id='word_1_336' title='bbox 244 4032 398 4084; x_wconf 84' lang='lat' dir='ltr'><strong><em>ctiam</em></strong></span> <span class='ocrx_word' id='word_1_337' title='bbox 431 4031 542 4084; x_wconf 85' lang='lat' dir='ltr'><strong><em>alia</em></strong></span> <span class='ocrx_word' id='word_1_338' title='bbox 587 4029 848 4082; x_wconf 84' lang='lat' dir='ltr'><strong><em>invenerit</em></strong></span> <span class='ocrx_word' id='word_1_339' title='bbox 872 4026 1128 4096; x_wconf 89' lang='lat' dir='ltr'><strong><em>quispiam</em></strong></span> <span class='ocrx_word' id='word_1_340' title='bbox 1168 4040 1287 4096; x_wconf 78' lang='lat' dir='ltr'><strong><em>qute</em></strong></span> <span class='ocrx_word' id='word_1_341' title='bbox 1315 4025 1660 4082; x_wconf 72' lang='lat' dir='ltr'><strong><em>differentiam</em></strong></span> <span class='ocrx_word' id='word_1_342' title='bbox 1695 4043 1821 4098; x_wconf 59' lang='lat' dir='ltr'><strong><em>sup.</em></strong></span> 
     </span>
    </p>
   </div>
   <div class='ocr_carea' id='block_1_43' title="bbox 244 4116 1822 4192">
    <p class='ocr_par' dir='ltr' id='par_1_43' title="bbox 244 4116 1822 4192">
     <span class='ocr_line' id='line_1_43' title="bbox 244 4116 1822 4192; baseline 0.001 -19"><span class='ocrx_word' id='word_1_343' title='bbox 244 4122 376 4190; x_wconf 76' lang='lat' dir='ltr'><strong><em>plicii</em></strong></span> <span class='ocrx_word' id='word_1_344' title='bbox 427 4123 642 4192; x_wconf 87' lang='lat' dir='ltr'><strong><em>pariunt</em></strong></span> <span class='ocrx_word' id='word_1_345' title='bbox 681 4161 695 4182; x_wconf 90' lang='lat'><strong><em>,</em></strong></span> <span class='ocrx_word' id='word_1_346' title='bbox 756 4119 880 4172; x_wconf 83' lang='lat' dir='ltr'><strong><em>item</em></strong></span> <span class='ocrx_word' id='word_1_347' title='bbox 933 4116 1283 4171; x_wconf 79' lang='lat' dir='ltr'><strong><em>differentiam</em></strong></span> <span class='ocrx_word' id='word_1_348' title='bbox 1328 4117 1704 4173; x_wconf 70' lang='lat' dir='ltr'><strong><em>misericordiae</em></strong></span> <span class='ocrx_word' id='word_1_349' title='bbox 1767 4128 1822 4174; x_wconf 89' lang='lat' dir='ltr'><strong><em>et</em></strong></span> 
     </span>
    </p>
   </div>
   <div class='ocr_carea' id='block_1_44' title="bbox 243 4208 1822 4285">
    <p class='ocr_par' dir='ltr' id='par_1_44' title="bbox 243 4208 1822 4285">
     <span class='ocr_line' id='line_1_44' title="bbox 243 4208 1822 4285; baseline -0.003 -16"><span class='ocrx_word' id='word_1_350' title='bbox 243 4214 604 4285; x_wconf 83' lang='lat' dir='ltr'><strong><em>benignitatis.</em></strong></span> <span class='ocrx_word' id='word_1_351' title='bbox 633 4212 919 4266; x_wconf 85' lang='lat' dir='ltr'><strong><em>Considera</em></strong></span> <span class='ocrx_word' id='word_1_352' title='bbox 949 4217 1120 4263; x_wconf 89' lang='lat' dir='ltr'><strong><em>autem</em></strong></span> <span class='ocrx_word' id='word_1_353' title='bbox 1156 4208 1207 4262; x_wconf 89' lang='lat' dir='ltr'><strong><em>id</em></strong></span> <span class='ocrx_word' id='word_1_354' title='bbox 1253 4209 1412 4263; x_wconf 91' lang='lat' dir='ltr'><strong><em>etiam</em></strong></span> <span class='ocrx_word' id='word_1_355' title='bbox 1452 4210 1502 4262; x_wconf 91' lang='lat' dir='ltr'><strong><em>in</em></strong></span> <span class='ocrx_word' id='word_1_356' title='bbox 1532 4211 1701 4280; x_wconf 90' lang='lat' dir='ltr'><strong><em>primo</em></strong></span> <span class='ocrx_word' id='word_1_357' title='bbox 1727 4211 1822 4266; x_wconf 83' lang='lat' dir='ltr'><strong><em>lio-</em></strong></span> 
     </span>
    </p>
   </div>
   <div class='ocr_carea' id='block_1_45' title="bbox 241 4301 1813 4371">
    <p class='ocr_par' dir='ltr' id='par_1_45' title="bbox 241 4301 1813 4371">
     <span class='ocr_line' id='line_1_45' title="bbox 241 4301 1813 4371; baseline -0.003 -8"><span class='ocrx_word' id='word_1_358' title='bbox 241 4308 396 4363; x_wconf 83' lang='lat' dir='ltr'><strong><em>mine.</em></strong></span> <span class='ocrx_word' id='word_1_359' title='bbox 451 4305 707 4362; x_wconf 77' lang='lat' dir='ltr'><strong><em>Peccavit</em></strong></span> <span class='ocrx_word' id='word_1_360' title='bbox 752 4305 856 4358; x_wconf 83' lang='lat' dir='ltr'><strong><em>Eva</em></strong></span> <span class='ocrx_word' id='word_1_361' title='bbox 885 4344 898 4366; x_wconf 93' lang='lat'><strong><em>,</em></strong></span> <span class='ocrx_word' id='word_1_362' title='bbox 933 4302 1167 4371; x_wconf 85' lang='lat' dir='ltr'><strong><em>peccavit</em></strong></span> <span class='ocrx_word' id='word_1_363' title='bbox 1209 4303 1368 4356; x_wconf 89' lang='lat' dir='ltr'><strong><em>etiam</em></strong></span> <span class='ocrx_word' id='word_1_364' title='bbox 1409 4301 1578 4357; x_wconf 84' lang='lat' dir='ltr'><strong><em>Adam</em></strong></span> <span class='ocrx_word' id='word_1_365' title='bbox 1611 4321 1623 4357; x_wconf 92' lang='lat'><strong>:</strong></span> <span class='ocrx_word' id='word_1_366' title='bbox 1654 4320 1813 4358; x_wconf 90' lang='lat' dir='ltr'><strong><em>unum</em></strong></span> 
     </span>
    </p>
   </div>
   <div class='ocr_carea' id='block_1_46' title="bbox 239 4394 1821 4466">
    <p class='ocr_par' dir='ltr' id='par_1_46' title="bbox 239 4394 1821 4466">
     <span class='ocr_line' id='line_1_46' title="bbox 239 4394 1821 4466; baseline 0 -15"><span class='ocrx_word' id='word_1_367' title='bbox 239 4409 406 4454; x_wconf 80' lang='lat' dir='ltr'><strong><em>autem</em></strong></span> <span class='ocrx_word' id='word_1_368' title='bbox 433 4405 565 4454; x_wconf 84' lang='lat' dir='ltr'><strong><em>erat</em></strong></span> <span class='ocrx_word' id='word_1_369' title='bbox 591 4404 882 4466; x_wconf 88' lang='lat' dir='ltr'><strong><em>peccatum.</em></strong></span> <span class='ocrx_word' id='word_1_370' title='bbox 912 4394 1082 4448; x_wconf 85' lang='lat' dir='ltr'><strong><em>Ambo</em></strong></span> <span class='ocrx_word' id='word_1_371' title='bbox 1109 4395 1249 4448; x_wconf 91' lang='lat' dir='ltr'><strong><em>enim</em></strong></span> <span class='ocrx_word' id='word_1_372' title='bbox 1279 4395 1346 4449; x_wconf 91' lang='lat' dir='ltr'><strong><em>de</em></strong></span> <span class='ocrx_word' id='word_1_373' title='bbox 1385 4394 1552 4450; x_wconf 93' lang='lat' dir='ltr'><strong><em>fructu</em></strong></span> <span class='ocrx_word' id='word_1_374' title='bbox 1573 4396 1821 4452; x_wconf 89' lang='lat' dir='ltr'><strong><em>comede-</em></strong></span> 
     </span>
    </p>
   </div>
   <div class='ocr_carea' id='block_1_47' title="bbox 238 4485 1820 4554">
    <p class='ocr_par' dir='ltr' id='par_1_47' title="bbox 238 4485 1820 4554">
     <span class='ocr_line' id='line_1_47' title="bbox 238 4485 1820 4554; baseline -0.003 -11"><span class='ocrx_word' id='word_1_375' title='bbox 238 4499 352 4544; x_wconf 88' lang='lat' dir='ltr'><strong><em>runt</em></strong></span> <span class='ocrx_word' id='word_1_376' title='bbox 381 4507 394 4542; x_wconf 85' lang='lat'><strong>:</strong></span> <span class='ocrx_word' id='word_1_377' title='bbox 419 4490 592 4542; x_wconf 85' lang='lat' dir='ltr'><strong><em>ambo</em></strong></span> <span class='ocrx_word' id='word_1_378' title='bbox 619 4496 794 4540; x_wconf 87' lang='lat' dir='ltr'><strong><em>autem</em></strong></span> <span class='ocrx_word' id='word_1_379' title='bbox 833 4501 934 4538; x_wconf 89' lang='lat' dir='ltr'><strong><em>non</em></strong></span> <span class='ocrx_word' id='word_1_380' title='bbox 962 4485 1173 4539; x_wconf 87' lang='lat' dir='ltr'><strong><em>easdem</em></strong></span> <span class='ocrx_word' id='word_1_381' title='bbox 1202 4501 1384 4554; x_wconf 62' lang='lat' dir='ltr'><strong><em>paruas</em></strong></span> <span class='ocrx_word' id='word_1_382' title='bbox 1410 4485 1690 4540; x_wconf 89' lang='lat' dir='ltr'><strong><em>dederunt.</em></strong></span> <span class='ocrx_word' id='word_1_383' title='bbox 1717 4486 1820 4543; x_wconf 87' lang='lat' dir='ltr'><strong><em>Oc-</em></strong></span> 
     </span>
    </p>
   </div>
   <div class='ocr_carea' id='block_1_48' title="bbox 237 4575 1820 4644">
    <p class='ocr_par' dir='ltr' id='par_1_48' title="bbox 237 4575 1820 4644">
     <span class='ocr_line' id='line_1_48' title="bbox 237 4575 1820 4644; baseline 0 -12"><span class='ocrx_word' id='word_1_384' title='bbox 237 4580 356 4632; x_wconf 87' lang='lat' dir='ltr'><strong><em>cidit</em></strong></span> <span class='ocrx_word' id='word_1_385' title='bbox 380 4581 518 4632; x_wconf 89' lang='lat' dir='ltr'><strong><em>Caiu</em></strong></span> <span class='ocrx_word' id='word_1_386' title='bbox 540 4620 558 4641; x_wconf 90' lang='lat'><strong><em>,</em></strong></span> <span class='ocrx_word' id='word_1_387' title='bbox 591 4587 649 4632; x_wconf 91' lang='lat' dir='ltr'><strong><em>et</em></strong></span> <span class='ocrx_word' id='word_1_388' title='bbox 673 4576 868 4630; x_wconf 87' lang='lat' dir='ltr'><strong><em>occidit</em></strong></span> <span class='ocrx_word' id='word_1_389' title='bbox 896 4575 1122 4630; x_wconf 82' lang='lat' dir='ltr'><strong><em>Lameelt</em></strong></span> <span class='ocrx_word' id='word_1_390' title='bbox 1148 4591 1162 4639; x_wconf 92' lang='lat'><strong>;</strong></span> <span class='ocrx_word' id='word_1_391' title='bbox 1191 4585 1244 4629; x_wconf 90' lang='lat' dir='ltr'><strong><em>et</em></strong></span> <span class='ocrx_word' id='word_1_392' title='bbox 1272 4575 1355 4630; x_wconf 88' lang='lat' dir='ltr'><strong><em>hic</em></strong></span> <span class='ocrx_word' id='word_1_393' title='bbox 1375 4575 1586 4644; x_wconf 87' lang='lat' dir='ltr'><strong><em>quidem</em></strong></span> <span class='ocrx_word' id='word_1_394' title='bbox 1613 4578 1820 4632; x_wconf 78' lang='lat' dir='ltr'><strong><em>miseri-</em></strong></span> 
     </span>
    </p>
   </div>
   <div class='ocr_carea' id='block_1_49' title="bbox 238 4669 1822 4741">
    <p class='ocr_par' dir='ltr' id='par_1_49' title="bbox 238 4669 1822 4741">
     <span class='ocr_line' id='line_1_49' title="bbox 238 4669 1822 4741; baseline -0.001 -16"><span class='ocrx_word' id='word_1_395' title='bbox 238 4673 464 4727; x_wconf 83' lang='lat' dir='ltr'><strong><em>cordiam</em></strong></span> <span class='ocrx_word' id='word_1_396' title='bbox 487 4680 576 4727; x_wconf 89' lang='lat' dir='ltr'><strong><em>est</em></strong></span> <span class='ocrx_word' id='word_1_397' title='bbox 603 4678 939 4738; x_wconf 78' lang='lat' dir='ltr'><strong><em>asscquutus,</em></strong></span> <span class='ocrx_word' id='word_1_398' title='bbox 969 4669 1055 4722; x_wconf 88' lang='lat' dir='ltr'><strong><em>ille</em></strong></span> <span class='ocrx_word' id='word_1_399' title='bbox 1082 4683 1208 4723; x_wconf 89' lang='lat' dir='ltr'><strong><em>vero</em></strong></span> <span class='ocrx_word' id='word_1_400' title='bbox 1234 4669 1448 4738; x_wconf 88' lang='lat' dir='ltr'><strong><em>punitus</em></strong></span> <span class='ocrx_word' id='word_1_401' title='bbox 1471 4679 1573 4730; x_wconf 84' lang='lat' dir='ltr'><strong><em>est.</em></strong></span> <span class='ocrx_word' id='word_1_402' title='bbox 1601 4671 1822 4741; x_wconf 84' lang='lat' dir='ltr'><strong><em>Collegit</em></strong></span> 
     </span>
    </p>
   </div>
   <div class='ocr_carea' id='block_1_50' title="bbox 238 4758 1820 4840">
    <p class='ocr_par' dir='ltr' id='par_1_50' title="bbox 238 4758 1820 4840">
     <span class='ocr_line' id='line_1_50' title="bbox 238 4758 1820 4840; baseline -0.001 -23"><span class='ocrx_word' id='word_1_403' title='bbox 238 4764 490 4833; x_wconf 88' lang='lat' dir='ltr'><strong><em>quispiam</em></strong></span> <span class='ocrx_word' id='word_1_404' title='bbox 521 4763 666 4832; x_wconf 86' lang='lat' dir='ltr'><strong><em>ligna</em></strong></span> <span class='ocrx_word' id='word_1_405' title='bbox 695 4758 916 4814; x_wconf 86' lang='lat' dir='ltr'><strong><em>sabbato</em></strong></span> <span class='ocrx_word' id='word_1_406' title='bbox 941 4799 955 4824; x_wconf 90' lang='lat'><strong><em>,</em></strong></span> <span class='ocrx_word' id='word_1_407' title='bbox 985 4767 1040 4814; x_wconf 88' lang='lat' dir='ltr'><strong><em>et</em></strong></span> <span class='ocrx_word' id='word_1_408' title='bbox 1077 4759 1274 4840; x_wconf 86' lang='lat' dir='ltr'><strong><em>nullam</em></strong></span> <span class='ocrx_word' id='word_1_409' title='bbox 1313 4759 1520 4813; x_wconf 88' lang='lat' dir='ltr'><strong><em>veniam</em></strong></span> <span class='ocrx_word' id='word_1_410' title='bbox 1551 4770 1633 4814; x_wconf 88' lang='lat' dir='ltr'><strong><em>est</em></strong></span> <span class='ocrx_word' id='word_1_411' title='bbox 1675 4776 1820 4817; x_wconf 83' lang='lat' dir='ltr'><strong><em>asse-</em></strong></span> 
     </span>
    </p>
   </div>
   <div class='ocr_carea' id='block_1_51' title="bbox 235 4847 1818 4924">
    <p class='ocr_par' dir='ltr' id='par_1_51' title="bbox 235 4847 1818 4924">
     <span class='ocr_line' id='line_1_51' title="bbox 235 4847 1818 4924; baseline -0.001 -17"><span class='ocrx_word' id='word_1_412' title='bbox 235 4863 420 4923; x_wconf 86' lang='lat' dir='ltr'><strong><em>quutus</em></strong></span> <span class='ocrx_word' id='word_1_413' title='bbox 443 4853 463 4924; x_wconf 98' lang='lat'><strong><em>(</em></strong></span> <span class='ocrx_word' id='word_1_414' title='bbox 489 4851 663 4906; x_wconf 83' lang='lat' dir='ltr'><strong><em>Num.</em></strong></span> <span class='ocrx_word' id='word_1_415' title='bbox 696 4849 783 4905; x_wconf 78' lang='grc'><strong>15.</strong></span> <span class='ocrx_word' id='word_1_416' title='bbox 811 4847 902 4903; x_wconf 67' lang='grc'><strong>32.</strong></span> <span class='ocrx_word' id='word_1_417' title='bbox 933 4865 1039 4918; x_wconf 81' lang='lat' dir='ltr'><strong><em>sqq.</em></strong></span> <span class='ocrx_word' id='word_1_418' title='bbox 1063 4849 1104 4919; x_wconf 93' lang='lat'><strong><em>).</em></strong></span> <span class='ocrx_word' id='word_1_419' title='bbox 1137 4848 1298 4902; x_wconf 85' lang='lat' dir='ltr'><strong><em>David</em></strong></span> <span class='ocrx_word' id='word_1_420' title='bbox 1344 4850 1554 4916; x_wconf 89' lang='lat' dir='ltr'><strong><em>occidit,</em></strong></span> <span class='ocrx_word' id='word_1_421' title='bbox 1590 4859 1644 4904; x_wconf 91' lang='lat' dir='ltr'><strong><em>et</em></strong></span> <span class='ocrx_word' id='word_1_422' title='bbox 1667 4851 1818 4905; x_wconf 88' lang='lat' dir='ltr'><strong><em>adul-</em></strong></span> 
     </span>
    </p>
   </div>
   <div class='ocr_carea' id='block_1_52' title="bbox 238 4937 1818 5012">
    <p class='ocr_par' dir='ltr' id='par_1_52' title="bbox 238 4937 1818 5012">
     <span class='ocr_line' id='line_1_52' title="bbox 238 4937 1818 5012; baseline -0.001 -12"><span class='ocrx_word' id='word_1_423' title='bbox 238 4947 418 5002; x_wconf 85' lang='lat' dir='ltr'><strong><em>terium</em></strong></span> <span class='ocrx_word' id='word_1_424' title='bbox 446 4945 765 5009; x_wconf 88' lang='lat' dir='ltr'><strong><em>commisit,</em></strong></span> <span class='ocrx_word' id='word_1_425' title='bbox 795 4951 848 4998; x_wconf 86' lang='lat' dir='ltr'><strong><em>et</em></strong></span> <span class='ocrx_word' id='word_1_426' title='bbox 875 4937 1097 4997; x_wconf 87' lang='lat' dir='ltr'><strong><em>salutem</em></strong></span> <span class='ocrx_word' id='word_1_427' title='bbox 1136 4952 1218 4996; x_wconf 86' lang='lat' dir='ltr'><strong><em>est</em></strong></span> <span class='ocrx_word' id='word_1_428' title='bbox 1243 4950 1619 5012; x_wconf 89' lang='lat' dir='ltr'><strong><em>consequutus.</em></strong></span> <span class='ocrx_word' id='word_1_429' title='bbox 1649 4943 1704 4997; x_wconf 88' lang='lat' dir='ltr'><strong><em>lu</em></strong></span> <span class='ocrx_word' id='word_1_430' title='bbox 1736 4943 1818 4998; x_wconf 89' lang='lat' dir='ltr'><strong><em>bis</em></strong></span> 
     </span>
    </p>
   </div>
   <div class='ocr_carea' id='block_1_53' title="bbox 233 5034 1817 5112">
    <p class='ocr_par' dir='ltr' id='par_1_53' title="bbox 233 5034 1817 5112">
     <span class='ocr_line' id='line_1_53' title="bbox 233 5034 1817 5112; baseline -0.003 -17"><span class='ocrx_word' id='word_1_431' title='bbox 233 5055 351 5111; x_wconf 83' lang='lat' dir='ltr'><strong><em>ergo</em></strong></span> <span class='ocrx_word' id='word_1_432' title='bbox 386 5035 703 5112; x_wconf 56' lang='lat' dir='ltr'><strong><em>quaerendis</em></strong></span> <span class='ocrx_word' id='word_1_433' title='bbox 732 5036 1078 5090; x_wconf 90' lang='lat' dir='ltr'><strong><em>immoremur</em></strong></span> <span class='ocrx_word' id='word_1_434' title='bbox 1105 5051 1119 5088; x_wconf 74' lang='grc' dir='ltr'>ε</span> <span class='ocrx_word' id='word_1_435' title='bbox 1150 5034 1314 5088; x_wconf 91' lang='lat' dir='ltr'><strong><em>multo</em></strong></span> <span class='ocrx_word' id='word_1_436' title='bbox 1339 5041 1420 5089; x_wconf 90' lang='lat' dir='ltr'><strong><em>est</em></strong></span> <span class='ocrx_word' id='word_1_437' title='bbox 1461 5035 1602 5088; x_wconf 89' lang='lat' dir='ltr'><strong><em>enim</em></strong></span> <span class='ocrx_word' id='word_1_438' title='bbox 1631 5035 1817 5091; x_wconf 89' lang='lat' dir='ltr'><strong><em>melius</em></strong></span> 
     </span>
    </p>
   </div>
   <div class='ocr_carea' id='block_1_54' title="bbox 233 5126 1819 5203">
    <p class='ocr_par' dir='ltr' id='par_1_54' title="bbox 233 5126 1819 5203">
     <span class='ocr_line' id='line_1_54' title="bbox 233 5126 1819 5203; baseline -0.001 -19"><span class='ocrx_word' id='word_1_439' title='bbox 233 5131 337 5187; x_wconf 71' lang='lat' dir='ltr'><strong><em>haec</em></strong></span> <span class='ocrx_word' id='word_1_440' title='bbox 361 5133 645 5203; x_wconf 88' lang='lat' dir='ltr'><strong><em>inquirere</em></strong></span> <span class='ocrx_word' id='word_1_441' title='bbox 669 5169 684 5194; x_wconf 90' lang='lat'><strong><em>,</em></strong></span> <span class='ocrx_word' id='word_1_442' title='bbox 722 5141 882 5198; x_wconf 87' lang='lat' dir='ltr'><strong><em>quam</em></strong></span> <span class='ocrx_word' id='word_1_443' title='bbox 923 5126 1075 5194; x_wconf 82' lang='lat' dir='ltr'><strong><em>nugis</em></strong></span> <span class='ocrx_word' id='word_1_444' title='bbox 1104 5135 1155 5180; x_wconf 89' lang='lat' dir='ltr'><strong><em>et</em></strong></span> <span class='ocrx_word' id='word_1_445' title='bbox 1184 5126 1536 5180; x_wconf 77' lang='lat' dir='ltr'><strong><em>conventibus</em></strong></span> <span class='ocrx_word' id='word_1_446' title='bbox 1561 5128 1649 5196; x_wconf 93' lang='lat' dir='ltr'><strong><em>qui</em></strong></span> <span class='ocrx_word' id='word_1_447' title='bbox 1688 5129 1819 5182; x_wconf 81' lang='lat' dir='ltr'><strong><em>ﬁunt</em></strong></span> 
     </span>
    </p>
   </div>
   <div class='ocr_carea' id='block_1_55' title="bbox 231 5216 1814 5290">
    <p class='ocr_par' dir='ltr' id='par_1_55' title="bbox 231 5216 1814 5290">
     <span class='ocr_line' id='line_1_55' title="bbox 231 5216 1814 5290; baseline -0.002 -12"><span class='ocrx_word' id='word_1_448' title='bbox 231 5224 277 5278; x_wconf 91' lang='lat' dir='ltr'><strong><em>in</em></strong></span> <span class='ocrx_word' id='word_1_449' title='bbox 302 5224 429 5280; x_wconf 86' lang='lat' dir='ltr'><strong><em>foris</em></strong></span> <span class='ocrx_word' id='word_1_450' title='bbox 457 5223 707 5280; x_wconf 82' lang='lat' dir='ltr'><strong><em>deditum</em></strong></span> <span class='ocrx_word' id='word_1_451' title='bbox 737 5234 877 5275; x_wconf 84' lang='lat' dir='ltr'><strong><em>esse.</em></strong></span> <span class='ocrx_word' id='word_1_452' title='bbox 903 5218 1017 5273; x_wconf 81' lang='lat' dir='ltr'><strong><em>Non</em></strong></span> <span class='ocrx_word' id='word_1_453' title='bbox 1044 5218 1212 5272; x_wconf 89' lang='lat' dir='ltr'><strong><em>solum</em></strong></span> <span class='ocrx_word' id='word_1_454' title='bbox 1244 5217 1383 5271; x_wconf 90' lang='lat' dir='ltr'><strong><em>enim</em></strong></span> <span class='ocrx_word' id='word_1_455' title='bbox 1407 5216 1521 5272; x_wconf 73' lang='lat' dir='ltr'><strong><em>lucc</em></strong></span> <span class='ocrx_word' id='word_1_456' title='bbox 1541 5219 1778 5275; x_wconf 84' lang='lat' dir='ltr'><strong><em>invenire</em></strong></span> <span class='ocrx_word' id='word_1_457' title='bbox 1796 5263 1814 5290; x_wconf 91' lang='lat'><strong><em>,</em></strong></span> 
     </span>
    </p>
   </div>
   <div class='ocr_carea' id='block_1_56' title="bbox 233 5310 1812 5387">
    <p class='ocr_par' dir='ltr' id='par_1_56' title="bbox 233 5310 1812 5387">
     <span class='ocr_line' id='line_1_56' title="bbox 233 5310 1812 5387; baseline -0.003 -15"><span class='ocrx_word' id='word_1_458' title='bbox 233 5319 315 5372; x_wconf 78' lang='lat' dir='ltr'><strong><em>sed</em></strong></span> <span class='ocrx_word' id='word_1_459' title='bbox 338 5320 498 5374; x_wconf 86' lang='lat' dir='ltr'><strong><em>etiam</em></strong></span> <span class='ocrx_word' id='word_1_460' title='bbox 527 5329 775 5387; x_wconf 67' lang='lat' dir='ltr'><strong><em>quatre&#39;re</em></strong></span> <span class='ocrx_word' id='word_1_461' title='bbox 799 5353 816 5377; x_wconf 93' lang='lat'><strong><em>,</em></strong></span> <span class='ocrx_word' id='word_1_462' title='bbox 857 5326 1104 5381; x_wconf 90' lang='lat' dir='ltr'><strong><em>magnum</em></strong></span> <span class='ocrx_word' id='word_1_463' title='bbox 1147 5318 1229 5364; x_wconf 88' lang='lat' dir='ltr'><strong><em>est</em></strong></span> <span class='ocrx_word' id='word_1_464' title='bbox 1277 5310 1478 5364; x_wconf 86' lang='lat' dir='ltr'><strong><em>lucrum</em></strong></span> <span class='ocrx_word' id='word_1_465' title='bbox 1503 5350 1522 5376; x_wconf 93' lang='lat'><strong><em>,</em></strong></span> <span class='ocrx_word' id='word_1_466' title='bbox 1572 5312 1670 5366; x_wconf 79' lang='lat' dir='ltr'><strong><em>etsi</em></strong></span> <span class='ocrx_word' id='word_1_467' title='bbox 1709 5329 1812 5368; x_wconf 89' lang='lat' dir='ltr'><strong><em>non</em></strong></span> 
     </span>
    </p>
   </div>
   <div class='ocr_carea' id='block_1_57' title="bbox 232 5401 1814 5474">
    <p class='ocr_par' dir='ltr' id='par_1_57' title="bbox 232 5401 1814 5474">
     <span class='ocr_line' id='line_1_57' title="bbox 232 5401 1814 5474; baseline -0.002 -14"><span class='ocrx_word' id='word_1_468' title='bbox 232 5405 575 5463; x_wconf 80' lang='lat' dir='ltr'><strong><em>inveniamus.</em></strong></span> <span class='ocrx_word' id='word_1_469' title='bbox 593 5403 865 5474; x_wconf 87' lang='lat' dir='ltr'><strong><em>Cogemur</em></strong></span> <span class='ocrx_word' id='word_1_470' title='bbox 885 5403 1022 5457; x_wconf 90' lang='lat' dir='ltr'><strong><em>enim</em></strong></span> <span class='ocrx_word' id='word_1_471' title='bbox 1045 5402 1096 5455; x_wconf 92' lang='lat' dir='ltr'><strong><em>in</em></strong></span> <span class='ocrx_word' id='word_1_472' title='bbox 1119 5401 1200 5454; x_wconf 81' lang='lat' dir='ltr'><strong><em>liis</em></strong></span> <span class='ocrx_word' id='word_1_473' title='bbox 1221 5401 1508 5468; x_wconf 89' lang='lat' dir='ltr'><strong><em>immorari,</em></strong></span> <span class='ocrx_word' id='word_1_474' title='bbox 1533 5413 1588 5458; x_wconf 73' lang='lat' dir='ltr'><strong><em>et</em></strong></span> <span class='ocrx_word' id='word_1_475' title='bbox 1607 5404 1814 5459; x_wconf 89' lang='lat' dir='ltr'><strong><em>univer-</em></strong></span> 
     </span>
    </p>
   </div>
   <div class='ocr_carea' id='block_1_58' title="bbox 229 5491 1808 5568">
    <p class='ocr_par' dir='ltr' id='par_1_58' title="bbox 229 5491 1808 5568">
     <span class='ocr_line' id='line_1_58' title="bbox 229 5491 1808 5568; baseline -0.004 -14"><span class='ocrx_word' id='word_1_476' title='bbox 229 5512 334 5554; x_wconf 81' lang='lat' dir='ltr'><strong><em>sum</em></strong></span> <span class='ocrx_word' id='word_1_477' title='bbox 363 5510 579 5568; x_wconf 79' lang='lat' dir='ltr'><strong><em>tempus</em></strong></span> <span class='ocrx_word' id='word_1_478' title='bbox 608 5495 667 5548; x_wconf 88' lang='lat' dir='ltr'><strong><em>in</em></strong></span> <span class='ocrx_word' id='word_1_479' title='bbox 691 5494 773 5549; x_wconf 82' lang='lat' dir='ltr'><strong><em>bis</em></strong></span> <span class='ocrx_word' id='word_1_480' title='bbox 792 5507 1119 5550; x_wconf 86' lang='lat' dir='ltr'><strong><em>consumere.</em></strong></span> <span class='ocrx_word' id='word_1_481' title='bbox 1139 5491 1244 5546; x_wconf 91' lang='lat' dir='ltr'><strong><em>Cur</em></strong></span> <span class='ocrx_word' id='word_1_482' title='bbox 1266 5508 1392 5562; x_wconf 78' lang='lat' dir='ltr'><strong><em>ergo</em></strong></span> <span class='ocrx_word' id='word_1_483' title='bbox 1412 5493 1643 5564; x_wconf 81' lang='lat' dir='ltr'><strong><em>(oportet</em></strong></span> <span class='ocrx_word' id='word_1_484' title='bbox 1667 5495 1808 5548; x_wconf 90' lang='lat' dir='ltr'><strong><em>enim</em></strong></span> 
     </span>
    </p>
   </div>
   <div class='ocr_carea' id='block_1_59' title="bbox 225 5581 1812 5658">
    <p class='ocr_par' dir='ltr' id='par_1_59' title="bbox 225 5581 1812 5658">
     <span class='ocr_line' id='line_1_59' title="bbox 225 5581 1812 5658; baseline 0 -19"><span class='ocrx_word' id='word_1_485' title='bbox 225 5588 284 5641; x_wconf 87' lang='lat' dir='ltr'><strong><em>ad</em></strong></span> <span class='ocrx_word' id='word_1_486' title='bbox 302 5589 444 5658; x_wconf 86' lang='lat' dir='ltr'><strong><em>prius</em></strong></span> <span class='ocrx_word' id='word_1_487' title='bbox 467 5586 776 5642; x_wconf 85' lang='lat' dir='ltr'><strong><em>institutam</em></strong></span> <span class='ocrx_word' id='word_1_488' title='bbox 803 5583 972 5638; x_wconf 85' lang='lat' dir='ltr'><strong><em>redire</em></strong></span> <span class='ocrx_word' id='word_1_489' title='bbox 998 5581 1335 5656; x_wconf 87' lang='lat' dir='ltr'><strong><em>orationem),</em></strong></span> <span class='ocrx_word' id='word_1_490' title='bbox 1364 5599 1481 5638; x_wconf 92' lang='lat' dir='ltr'><strong><em>cum</em></strong></span> <span class='ocrx_word' id='word_1_491' title='bbox 1509 5600 1694 5639; x_wconf 91' lang='lat' dir='ltr'><strong><em>omnes</em></strong></span> <span class='ocrx_word' id='word_1_492' title='bbox 1721 5585 1812 5641; x_wconf 87' lang='lat' dir='ltr'><strong><em>Ju-</em></strong></span> 
     </span>
    </p>
   </div>
   <div class='ocr_carea' id='block_1_60' title="bbox 227 5669 1802 5742">
    <p class='ocr_par' dir='ltr' id='par_1_60' title="bbox 227 5669 1802 5742">
     <span class='ocr_line' id='line_1_60' title="bbox 227 5669 1802 5742; baseline -0.002 -10"><span class='ocrx_word' id='word_1_493' title='bbox 227 5677 318 5732; x_wconf 63' lang='lat' dir='ltr'><strong><em>dtci</em></strong></span> <span class='ocrx_word' id='word_1_494' title='bbox 347 5679 576 5734; x_wconf 79' lang='lat' dir='ltr'><strong><em>vitulum</em></strong></span> <span class='ocrx_word' id='word_1_495' title='bbox 607 5672 951 5738; x_wconf 81' lang='lat' dir='ltr'><strong><em>conﬂassent,</em></strong></span> <span class='ocrx_word' id='word_1_496' title='bbox 978 5671 1063 5726; x_wconf 86' lang='lat' dir='ltr'><strong><em>alii</em></strong></span> <span class='ocrx_word' id='word_1_497' title='bbox 1095 5669 1305 5740; x_wconf 87' lang='lat' dir='ltr'><strong><em>quidem</em></strong></span> <span class='ocrx_word' id='word_1_498' title='bbox 1333 5674 1496 5742; x_wconf 90' lang='lat' dir='ltr'><strong><em>puniti</em></strong></span> <span class='ocrx_word' id='word_1_499' title='bbox 1527 5684 1682 5741; x_wconf 89' lang='lat' dir='ltr'><strong><em>sunt,</em></strong></span> <span class='ocrx_word' id='word_1_500' title='bbox 1713 5677 1802 5729; x_wconf 86' lang='lat' dir='ltr'><strong><em>alii</em></strong></span> 
     </span>
    </p>
   </div>
   <div class='ocr_carea' id='block_1_61' title="bbox 1979 375 3552 455">
    <p class='ocr_par' dir='ltr' id='par_1_61' title="bbox 1979 375 3552 455">
     <span class='ocr_line' id='line_1_61' title="bbox 1979 375 3552 455; baseline 0.015 -29"><span class='ocrx_word' id='word_1_501' title='bbox 1979 387 2106 428; x_wconf 90' lang='lat' dir='ltr'><strong><em>vero</em></strong></span> <span class='ocrx_word' id='word_1_502' title='bbox 2137 375 2396 432; x_wconf 82' lang='lat' dir='ltr'><strong><em>minime?</em></strong></span> <span class='ocrx_word' id='word_1_503' title='bbox 2424 375 2576 446; x_wconf 86' lang='lat' dir='ltr'><strong><em>Quod</em></strong></span> <span class='ocrx_word' id='word_1_504' title='bbox 2605 378 2678 434; x_wconf 91' lang='lat' dir='ltr'><strong><em>illi</em></strong></span> <span class='ocrx_word' id='word_1_505' title='bbox 2707 380 2920 452; x_wconf 88' lang='lat' dir='ltr'><strong><em>quidem</em></strong></span> <span class='ocrx_word' id='word_1_506' title='bbox 2953 385 3259 454; x_wconf 73' lang='lat' dir='ltr'><strong><em>pmnitentia</em></strong></span> <span class='ocrx_word' id='word_1_507' title='bbox 3287 389 3429 447; x_wconf 90' lang='lat' dir='ltr'><strong><em>ducti</em></strong></span> <span class='ocrx_word' id='word_1_508' title='bbox 3453 435 3465 455; x_wconf 90' lang='lat'><strong><em>,</em></strong></span> <span class='ocrx_word' id='word_1_509' title='bbox 3496 404 3552 448; x_wconf 88' lang='lat' dir='ltr'><strong><em>et</em></strong></span> 
     </span>
    </p>
   </div>
   <div class='ocr_carea' id='block_1_62' title="bbox 1973 461 3542 552">
    <p class='ocr_par' dir='ltr' id='par_1_62' title="bbox 1973 461 3542 552">
     <span class='ocr_line' id='line_1_62' title="bbox 1973 461 3542 552; baseline 0.014 -36"><span class='ocrx_word' id='word_1_510' title='bbox 1973 463 2138 532; x_wconf 90' lang='lat' dir='ltr'><strong><em>ipsam</em></strong></span> <span class='ocrx_word' id='word_1_511' title='bbox 2170 476 2408 521; x_wconf 89' lang='lat' dir='ltr'><strong><em>naturam</em></strong></span> <span class='ocrx_word' id='word_1_512' title='bbox 2436 467 2588 524; x_wconf 89' lang='lat' dir='ltr'><strong><em>obliti</em></strong></span> <span class='ocrx_word' id='word_1_513' title='bbox 2619 470 2744 538; x_wconf 91' lang='lat' dir='ltr'><strong><em>sint,</em></strong></span> <span class='ocrx_word' id='word_1_514' title='bbox 2769 484 2886 527; x_wconf 90' lang='lat' dir='ltr'><strong><em>cum</em></strong></span> <span class='ocrx_word' id='word_1_515' title='bbox 2918 474 3125 544; x_wconf 86' lang='lat' dir='ltr'><strong><em>pietatis</em></strong></span> <span class='ocrx_word' id='word_1_516' title='bbox 3149 461 3302 534; x_wconf 82' lang='lat' dir='ltr'><strong><em>causa</em></strong></span> <span class='ocrx_word' id='word_1_517' title='bbox 3329 485 3542 552; x_wconf 87' lang='lat' dir='ltr'><strong><em>propin-</em></strong></span> 
     </span>
    </p>
   </div>
   <div class='ocr_carea' id='block_1_63' title="bbox 1969 559 3547 641">
    <p class='ocr_par' dir='ltr' id='par_1_63' title="bbox 1969 559 3547 641">
     <span class='ocr_line' id='line_1_63' title="bbox 1969 559 3547 641; baseline 0.013 -36"><span class='ocrx_word' id='word_1_518' title='bbox 1969 569 2102 622; x_wconf 90' lang='lat' dir='ltr'><strong><em>quos</em></strong></span> <span class='ocrx_word' id='word_1_519' title='bbox 2135 566 2430 614; x_wconf 85' lang='lat' dir='ltr'><strong><em>necarunt:</em></strong></span> <span class='ocrx_word' id='word_1_520' title='bbox 2479 559 2550 614; x_wconf 88' lang='lat' dir='ltr'><strong><em>illi</em></strong></span> <span class='ocrx_word' id='word_1_521' title='bbox 2595 577 2719 616; x_wconf 91' lang='lat' dir='ltr'><strong><em>vero</em></strong></span> <span class='ocrx_word' id='word_1_522' title='bbox 2766 577 3188 632; x_wconf 86' lang='lat' dir='ltr'><strong><em>perseverarunt.</em></strong></span> <span class='ocrx_word' id='word_1_523' title='bbox 3244 571 3419 641; x_wconf 87' lang='lat' dir='ltr'><strong><em>Itaque</em></strong></span> <span class='ocrx_word' id='word_1_524' title='bbox 3449 573 3547 626; x_wconf 86' lang='lat' dir='ltr'><strong><em>fuit</em></strong></span> 
     </span>
    </p>
   </div>
   <div class='ocr_carea' id='block_1_64' title="bbox 1965 647 3546 732">
    <p class='ocr_par' dir='ltr' id='par_1_64' title="bbox 1965 647 3546 732">
     <span class='ocr_line' id='line_1_64' title="bbox 1965 647 3546 732; baseline 0.015 -38"><span class='ocrx_word' id='word_1_525' title='bbox 1965 647 2181 706; x_wconf 72' lang='lat' dir='ltr'><strong><em>quidem</em></strong></span> <span class='ocrx_word' id='word_1_526' title='bbox 2216 661 2490 717; x_wconf 75' lang='lat' dir='ltr'><strong><em>peccatum</em></strong></span> <span class='ocrx_word' id='word_1_527' title='bbox 2519 653 2722 722; x_wconf 66' lang='lat' dir='ltr'><strong><em>arquale</em></strong></span> <span class='ocrx_word' id='word_1_528' title='bbox 2749 671 2763 710; x_wconf 92' lang='lat'>:</span> <span class='ocrx_word' id='word_1_529' title='bbox 2798 657 2890 711; x_wconf 90' lang='lat' dir='ltr'><strong><em>sed</em></strong></span> <span class='ocrx_word' id='word_1_530' title='bbox 2919 674 3037 728; x_wconf 81' lang='lat' dir='ltr'><strong><em>qua:</em></strong></span> <span class='ocrx_word' id='word_1_531' title='bbox 3067 674 3391 732; x_wconf 90' lang='lat' dir='ltr'><strong><em>consequuta</em></strong></span> <span class='ocrx_word' id='word_1_532' title='bbox 3420 673 3546 718; x_wconf 88' lang='lat' dir='ltr'><strong><em>sunt.</em></strong></span> 
     </span>
    </p>
   </div>
   <div class='ocr_carea' id='block_1_65' title="bbox 1967 736 3540 818">
    <p class='ocr_par' dir='ltr' id='par_1_65' title="bbox 1967 736 3540 818">
     <span class='ocr_line' id='line_1_65' title="bbox 1967 736 3540 818; baseline 0.017 -33"><span class='ocrx_word' id='word_1_533' title='bbox 1967 749 2070 788; x_wconf 80' lang='lat' dir='ltr'><strong><em>non</em></strong></span> <span class='ocrx_word' id='word_1_534' title='bbox 2096 736 2240 792; x_wconf 89' lang='lat' dir='ltr'><strong><em>fuere</em></strong></span> <span class='ocrx_word' id='word_1_535' title='bbox 2263 743 2500 810; x_wconf 70' lang='lat' dir='ltr'><strong><em>a3quaiia.</em></strong></span> <span class='ocrx_word' id='word_1_536' title='bbox 2521 743 2694 810; x_wconf 84' lang='lat' dir='ltr'><strong><em>Quare</em></strong></span> <span class='ocrx_word' id='word_1_537' title='bbox 2715 756 2890 802; x_wconf 89' lang='lat' dir='ltr'><strong><em>autem</em></strong></span> <span class='ocrx_word' id='word_1_538' title='bbox 2910 758 2964 802; x_wconf 88' lang='lat' dir='ltr'><strong><em>et</em></strong></span> <span class='ocrx_word' id='word_1_539' title='bbox 2991 750 3043 804; x_wconf 91' lang='lat' dir='ltr'><strong><em>in</em></strong></span> <span class='ocrx_word' id='word_1_540' title='bbox 3064 751 3253 818; x_wconf 80' lang='lat' dir='ltr'><strong><em>Adam,</em></strong></span> <span class='ocrx_word' id='word_1_541' title='bbox 3279 763 3331 808; x_wconf 91' lang='lat' dir='ltr'><strong><em>ct</em></strong></span> <span class='ocrx_word' id='word_1_542' title='bbox 3358 755 3406 808; x_wconf 90' lang='lat' dir='ltr'><strong><em>in</em></strong></span> <span class='ocrx_word' id='word_1_543' title='bbox 3431 755 3540 812; x_wconf 83' lang='lat' dir='ltr'><strong><em>Eva</em></strong></span> 
     </span>
    </p>
   </div>
   <div class='ocr_carea' id='block_1_66' title="bbox 1965 829 3542 914">
    <p class='ocr_par' dir='ltr' id='par_1_66' title="bbox 1965 829 3542 914">
     <span class='ocr_line' id='line_1_66' title="bbox 1965 829 3542 914; baseline 0.013 -33"><span class='ocrx_word' id='word_1_544' title='bbox 1965 843 2068 882; x_wconf 89' lang='lat' dir='ltr'><strong><em>non</em></strong></span> <span class='ocrx_word' id='word_1_545' title='bbox 2100 829 2194 884; x_wconf 91' lang='lat' dir='ltr'><strong><em>fuit</em></strong></span> <span class='ocrx_word' id='word_1_546' title='bbox 2239 831 2374 888; x_wconf 90' lang='lat' dir='ltr'><strong><em>idem</em></strong></span> <span class='ocrx_word' id='word_1_547' title='bbox 2399 836 2712 905; x_wconf 90' lang='lat' dir='ltr'><strong><em>supplicium</em></strong></span> <span class='ocrx_word' id='word_1_548' title='bbox 2746 841 2843 893; x_wconf 88' lang='lat' dir='ltr'><strong><em>etsi</em></strong></span> <span class='ocrx_word' id='word_1_549' title='bbox 2874 839 3029 896; x_wconf 86' lang='lat' dir='ltr'><strong><em>fuerit</em></strong></span> <span class='ocrx_word' id='word_1_550' title='bbox 3058 842 3194 898; x_wconf 90' lang='lat' dir='ltr'><strong><em>idem</em></strong></span> <span class='ocrx_word' id='word_1_551' title='bbox 3226 846 3542 914; x_wconf 75' lang='lat' dir='ltr'><strong><em>peccatum?</em></strong></span> 
     </span>
    </p>
   </div>
   <div class='ocr_carea' id='block_1_67' title="bbox 1964 919 3539 1002">
    <p class='ocr_par' dir='ltr' id='par_1_67' title="bbox 1964 919 3539 1002">
     <span class='ocr_line' id='line_1_67' title="bbox 1964 919 3539 1002; baseline 0.014 -31"><span class='ocrx_word' id='word_1_552' title='bbox 1964 919 2094 985; x_wconf 92' lang='lat' dir='ltr'><strong><em>Quia</em></strong></span> <span class='ocrx_word' id='word_1_553' title='bbox 2139 936 2242 976; x_wconf 92' lang='lat' dir='ltr'><strong><em>non</em></strong></span> <span class='ocrx_word' id='word_1_554' title='bbox 2289 923 2426 978; x_wconf 84' lang='lat' dir='ltr'><strong><em>idem</em></strong></span> <span class='ocrx_word' id='word_1_555' title='bbox 2467 936 2580 980; x_wconf 89' lang='lat' dir='ltr'><strong><em>crat</em></strong></span> <span class='ocrx_word' id='word_1_556' title='bbox 2607 941 2634 980; x_wconf 92' lang='lat' dir='ltr'><strong><em>a</em></strong></span> <span class='ocrx_word' id='word_1_557' title='bbox 2667 930 2886 985; x_wconf 89' lang='lat' dir='ltr'><strong><em>muliere</em></strong></span> <span class='ocrx_word' id='word_1_558' title='bbox 2919 931 3198 1002; x_wconf 89' lang='lat' dir='ltr'><strong><em>deceptum</em></strong></span> <span class='ocrx_word' id='word_1_559' title='bbox 3227 951 3348 991; x_wconf 89' lang='lat' dir='ltr'><strong><em>esse</em></strong></span> <span class='ocrx_word' id='word_1_560' title='bbox 3373 978 3386 999; x_wconf 94' lang='lat'><strong><em>,</em></strong></span> <span class='ocrx_word' id='word_1_561' title='bbox 3431 948 3484 992; x_wconf 91' lang='lat' dir='ltr'><strong><em>et</em></strong></span> <span class='ocrx_word' id='word_1_562' title='bbox 3507 953 3539 993; x_wconf 88' lang='lat' dir='ltr'><strong><em>a</em></strong></span> 
     </span>
    </p>
   </div>
   <div class='ocr_carea' id='block_1_68' title="bbox 1962 1014 3536 1096">
    <p class='ocr_par' dir='ltr' id='par_1_68' title="bbox 1962 1014 3536 1096">
     <span class='ocr_line' id='line_1_68' title="bbox 1962 1014 3536 1096; baseline 0.01 -31"><span class='ocrx_word' id='word_1_563' title='bbox 1962 1023 2225 1096; x_wconf 70' lang='lat' dir='ltr'><strong><em>serpente.</em></strong></span> <span class='ocrx_word' id='word_1_564' title='bbox 2257 1014 2433 1084; x_wconf 89' lang='lat' dir='ltr'><strong><em>Itaque</em></strong></span> <span class='ocrx_word' id='word_1_565' title='bbox 2460 1017 2652 1070; x_wconf 84' lang='lat' dir='ltr'><strong><em>Paulus</em></strong></span> <span class='ocrx_word' id='word_1_566' title='bbox 2675 1019 2801 1073; x_wconf 89' lang='lat' dir='ltr'><strong><em>illud</em></strong></span> <span class='ocrx_word' id='word_1_567' title='bbox 2829 1024 3113 1091; x_wconf 88' lang='lat' dir='ltr'><strong><em>appellavit</em></strong></span> <span class='ocrx_word' id='word_1_568' title='bbox 3142 1024 3536 1096; x_wconf 85' lang='lat' dir='ltr'><strong><em>deceptioucm,</em></strong></span> 
     </span>
    </p>
   </div>
   <div class='ocr_carea' id='block_1_69' title="bbox 1960 1095 3538 1186">
    <p class='ocr_par' dir='ltr' id='par_1_69' title="bbox 1960 1095 3538 1186">
     <span class='ocr_line' id='line_1_69' title="bbox 1960 1095 3538 1186; baseline 0.013 -36"><span class='ocrx_word' id='word_1_569' title='bbox 1960 1095 2144 1154; x_wconf 84' lang='lat' dir='ltr'><strong><em>dicens</em></strong></span> <span class='ocrx_word' id='word_1_570' title='bbox 2178 1121 2190 1155; x_wconf 90' lang='lat'><strong>:</strong></span> <span class='ocrx_word' id='word_1_571' title='bbox 2223 1103 2382 1156; x_wconf 79' lang='lat' dir='ltr'><strong><em>Adam</em></strong></span> <span class='ocrx_word' id='word_1_572' title='bbox 2410 1123 2508 1159; x_wconf 87' lang='lat' dir='ltr'><strong><em>non</em></strong></span> <span class='ocrx_word' id='word_1_573' title='bbox 2530 1107 2626 1175; x_wconf 75' lang='lat' dir='ltr'><strong><em>fuit</em></strong></span> <span class='ocrx_word' id='word_1_574' title='bbox 2647 1109 2902 1178; x_wconf 80' lang='lat' dir='ltr'><strong><em>deceptus,</em></strong></span> <span class='ocrx_word' id='word_1_575' title='bbox 2936 1114 3116 1166; x_wconf 85' lang='lat' dir='ltr'><strong><em>mulier</em></strong></span> <span class='ocrx_word' id='word_1_576' title='bbox 3134 1095 3299 1168; x_wconf 85' lang='lat' dir='ltr'><strong><em>autent</em></strong></span> <span class='ocrx_word' id='word_1_577' title='bbox 3329 1117 3538 1186; x_wconf 78' lang='lat' dir='ltr'><strong><em>decepta</em></strong></span> 
     </span>
    </p>
   </div>
   <div class='ocr_carea' id='block_1_70' title="bbox 1960 1190 3536 1275">
    <p class='ocr_par' dir='ltr' id='par_1_70' title="bbox 1960 1190 3536 1275">
     <span class='ocr_line' id='line_1_70' title="bbox 1960 1190 3536 1275; baseline 0.012 -32"><span class='ocrx_word' id='word_1_578' title='bbox 1960 1190 2054 1260; x_wconf 80' lang='lat' dir='ltr'><strong><em>fuit</em></strong></span> <span class='ocrx_word' id='word_1_579' title='bbox 2084 1192 2135 1246; x_wconf 87' lang='lat' dir='ltr'><strong><em>in</em></strong></span> <span class='ocrx_word' id='word_1_580' title='bbox 2163 1197 2555 1265; x_wconf 82' lang='lat' dir='ltr'><strong><em>transgressione</em></strong></span> <span class='ocrx_word' id='word_1_581' title='bbox 2589 1199 2669 1267; x_wconf 82' lang='grc' dir='ltr'><strong>(Ι.</strong></span> <span class='ocrx_word' id='word_1_582' title='bbox 2717 1199 2851 1253; x_wconf 87' lang='lat' dir='ltr'><strong><em>Tim.</em></strong></span> <span class='ocrx_word' id='word_1_583' title='bbox 2883 1202 2937 1254; x_wconf 70' lang='grc'><strong>2.</strong></span> <span class='ocrx_word' id='word_1_584' title='bbox 2986 1201 3114 1275; x_wconf 74' lang='grc'><strong><em>14).</em></strong></span> <span class='ocrx_word' id='word_1_585' title='bbox 3157 1203 3263 1259; x_wconf 88' lang='lat' dir='ltr'><strong><em>Cur</em></strong></span> <span class='ocrx_word' id='word_1_586' title='bbox 3285 1218 3458 1260; x_wconf 86' lang='lat' dir='ltr'><strong><em>autem</em></strong></span> <span class='ocrx_word' id='word_1_587' title='bbox 3492 1209 3536 1262; x_wconf 78' lang='lat' dir='ltr'><strong><em>is</em></strong></span> 
     </span>
    </p>
   </div>
   <div class='ocr_carea' id='block_1_71' title="bbox 1958 1281 3534 1367">
    <p class='ocr_par' dir='ltr' id='par_1_71' title="bbox 1958 1281 3534 1367">
     <span class='ocr_line' id='line_1_71' title="bbox 1958 1281 3534 1367; baseline 0.013 -34"><span class='ocrx_word' id='word_1_588' title='bbox 1958 1281 2048 1351; x_wconf 84' lang='lat' dir='ltr'><strong><em>qni</em></strong></span> <span class='ocrx_word' id='word_1_589' title='bbox 2069 1283 2204 1355; x_wconf 85' lang='lat' dir='ltr'><strong><em>ligna</em></strong></span> <span class='ocrx_word' id='word_1_590' title='bbox 2226 1288 2526 1357; x_wconf 79' lang='lat' dir='ltr'><strong><em>collegerat,</em></strong></span> <span class='ocrx_word' id='word_1_591' title='bbox 2551 1306 2653 1345; x_wconf 90' lang='lat' dir='ltr'><strong><em>non</em></strong></span> <span class='ocrx_word' id='word_1_592' title='bbox 2679 1303 2758 1346; x_wconf 85' lang='lat' dir='ltr'><strong><em>est</em></strong></span> <span class='ocrx_word' id='word_1_593' title='bbox 2782 1304 3093 1363; x_wconf 90' lang='lat' dir='ltr'><strong><em>asscquutus</em></strong></span> <span class='ocrx_word' id='word_1_594' title='bbox 3116 1298 3360 1351; x_wconf 86' lang='lat' dir='ltr'><strong><em>veniam?</em></strong></span> <span class='ocrx_word' id='word_1_595' title='bbox 3388 1300 3534 1367; x_wconf 85' lang='lat' dir='ltr'><strong><em>Quo-</em></strong></span> 
     </span>
    </p>
   </div>
   <div class='ocr_carea' id='block_1_72' title="bbox 1958 1374 3533 1456">
    <p class='ocr_par' dir='ltr' id='par_1_72' title="bbox 1958 1374 3533 1456">
     <span class='ocr_line' id='line_1_72' title="bbox 1958 1374 3533 1456; baseline 0.01 -29"><span class='ocrx_word' id='word_1_596' title='bbox 1958 1374 2098 1428; x_wconf 86' lang='lat' dir='ltr'><strong><em>niam</em></strong></span> <span class='ocrx_word' id='word_1_597' title='bbox 2144 1387 2259 1431; x_wconf 89' lang='lat' dir='ltr'><strong><em>erat</em></strong></span> <span class='ocrx_word' id='word_1_598' title='bbox 2313 1381 2554 1434; x_wconf 67' lang='lat' dir='ltr'><strong><em>maximae</em></strong></span> <span class='ocrx_word' id='word_1_599' title='bbox 2595 1383 2881 1451; x_wconf 85' lang='lat' dir='ltr'><strong><em>iniquitatis</em></strong></span> <span class='ocrx_word' id='word_1_600' title='bbox 2915 1395 3230 1456; x_wconf 62' lang='lat' dir='ltr'><strong><em>princeptum</em></strong></span> <span class='ocrx_word' id='word_1_601' title='bbox 3261 1391 3436 1442; x_wconf 89' lang='lat' dir='ltr'><strong><em>statim</em></strong></span> <span class='ocrx_word' id='word_1_602' title='bbox 3467 1391 3533 1443; x_wconf 77' lang='lat' dir='ltr'><strong><em>ali</em></strong></span> 
     </span>
    </p>
   </div>
   <div class='ocr_carea' id='block_1_73' title="bbox 1957 1463 3527 1545">
    <p class='ocr_par' dir='ltr' id='par_1_73' title="bbox 1957 1463 3527 1545">
     <span class='ocr_line' id='line_1_73' title="bbox 1957 1463 3527 1545; baseline 0.01 -27"><span class='ocrx_word' id='word_1_603' title='bbox 1957 1463 2107 1520; x_wconf 88' lang='lat' dir='ltr'><strong><em>initio</em></strong></span> <span class='ocrx_word' id='word_1_604' title='bbox 2130 1470 2443 1536; x_wconf 87' lang='lat' dir='ltr'><strong><em>transgredi,</em></strong></span> <span class='ocrx_word' id='word_1_605' title='bbox 2476 1481 2528 1525; x_wconf 86' lang='lat' dir='ltr'><strong><em>et</em></strong></span> <span class='ocrx_word' id='word_1_606' title='bbox 2555 1475 2830 1541; x_wconf 85' lang='lat' dir='ltr'><strong><em>oportebat</em></strong></span> <span class='ocrx_word' id='word_1_607' title='bbox 2861 1475 2976 1528; x_wconf 86' lang='lat' dir='ltr'><strong><em>aliis</em></strong></span> <span class='ocrx_word' id='word_1_608' title='bbox 3007 1491 3253 1545; x_wconf 83' lang='lat' dir='ltr'><strong><em>magnum</em></strong></span> <span class='ocrx_word' id='word_1_609' title='bbox 3286 1481 3527 1534; x_wconf 74' lang='lat' dir='ltr'><strong><em>timorum</em></strong></span> 
     </span>
    </p>
   </div>
   <div class='ocr_carea' id='block_1_74' title="bbox 1956 1555 3526 1642">
    <p class='ocr_par' dir='ltr' id='par_1_74' title="bbox 1956 1555 3526 1642">
     <span class='ocr_line' id='line_1_74' title="bbox 1956 1555 3526 1642; baseline 0.011 -33"><span class='ocrx_word' id='word_1_610' title='bbox 1956 1555 2180 1612; x_wconf 89' lang='lat' dir='ltr'><strong><em>immitti.</em></strong></span> <span class='ocrx_word' id='word_1_611' title='bbox 2197 1559 2474 1618; x_wconf 79' lang='lat' dir='ltr'><strong><em>llocetiam</em></strong></span> <span class='ocrx_word' id='word_1_612' title='bbox 2490 1565 2544 1621; x_wconf 90' lang='lat' dir='ltr'><strong><em>in</em></strong></span> <span class='ocrx_word' id='word_1_613' title='bbox 2557 1563 2817 1636; x_wconf 89' lang='lat' dir='ltr'><strong><em>Sappbira</em></strong></span> <span class='ocrx_word' id='word_1_614' title='bbox 2829 1561 3094 1622; x_wconf 86' lang='lat' dir='ltr'><strong><em>etAnania</em></strong></span> <span class='ocrx_word' id='word_1_615' title='bbox 3109 1567 3435 1640; x_wconf 81' lang='lat' dir='ltr'><strong><em>accidit(Act.</em></strong></span> <span class='ocrx_word' id='word_1_616' title='bbox 3449 1571 3526 1642; x_wconf 80' lang='grc'><strong><em>5).</em></strong></span> 
     </span>
    </p>
   </div>
   <div class='ocr_carea' id='block_1_75' title="bbox 1954 1643 3527 1721">
    <p class='ocr_par' dir='ltr' id='par_1_75' title="bbox 1954 1643 3527 1721">
     <span class='ocr_line' id='line_1_75' title="bbox 1954 1643 3527 1721; baseline 0.008 -21"><span class='ocrx_word' id='word_1_617' title='bbox 1954 1643 2021 1700; x_wconf 80' lang='lat' dir='ltr'><strong><em>Et</em></strong></span> <span class='ocrx_word' id='word_1_618' title='bbox 2033 1662 2128 1701; x_wconf 89' lang='lat' dir='ltr'><strong><em>nos</em></strong></span> <span class='ocrx_word' id='word_1_619' title='bbox 2143 1649 2314 1718; x_wconf 84' lang='lat' dir='ltr'><strong><em>itaque</em></strong></span> <span class='ocrx_word' id='word_1_620' title='bbox 2329 1652 2539 1719; x_wconf 86' lang='lat' dir='ltr'><strong><em>quando</em></strong></span> <span class='ocrx_word' id='word_1_621' title='bbox 2557 1667 2851 1721; x_wconf 86' lang='lat' dir='ltr'><strong><em>peccamus,</em></strong></span> <span class='ocrx_word' id='word_1_622' title='bbox 2867 1657 3348 1720; x_wconf 74' lang='lat' dir='ltr'><strong><em>coltsideretuus,an</em></strong></span> <span class='ocrx_word' id='word_1_623' title='bbox 3365 1664 3404 1712; x_wconf 74' lang='lat' dir='ltr'><strong><em>:1i</em></strong></span> <span class='ocrx_word' id='word_1_624' title='bbox 3413 1675 3527 1713; x_wconf 84' lang='lat' dir='ltr'><strong><em>ntus</em></strong></span> 
     </span>
    </p>
   </div>
   <div class='ocr_carea' id='block_1_76' title="bbox 1953 1734 3522 1814">
    <p class='ocr_par' dir='ltr' id='par_1_76' title="bbox 1953 1734 3522 1814">
     <span class='ocr_line' id='line_1_76' title="bbox 1953 1734 3522 1814; baseline 0.009 -26"><span class='ocrx_word' id='word_1_625' title='bbox 1953 1734 2094 1806; x_wconf 87' lang='lat' dir='ltr'><strong><em>digni</em></strong></span> <span class='ocrx_word' id='word_1_626' title='bbox 2124 1738 2483 1794; x_wconf 85' lang='lat' dir='ltr'><strong><em>misericordia</em></strong></span> <span class='ocrx_word' id='word_1_627' title='bbox 2507 1783 2519 1805; x_wconf 91' lang='lat'><strong><em>,</em></strong></span> <span class='ocrx_word' id='word_1_628' title='bbox 2549 1744 2592 1798; x_wconf 92' lang='lat' dir='ltr'><strong><em>si</em></strong></span> <span class='ocrx_word' id='word_1_629' title='bbox 2619 1743 2743 1814; x_wconf 88' lang='lat' dir='ltr'><strong><em>qttid</em></strong></span> <span class='ocrx_word' id='word_1_630' title='bbox 2774 1743 2993 1800; x_wconf 86' lang='lat' dir='ltr'><strong><em>fecimus</em></strong></span> <span class='ocrx_word' id='word_1_631' title='bbox 3025 1757 3078 1800; x_wconf 90' lang='lat' dir='ltr'><strong><em>ut</em></strong></span> <span class='ocrx_word' id='word_1_632' title='bbox 3105 1749 3522 1803; x_wconf 73' lang='lat' dir='ltr'><strong><em>miscricordiam</em></strong></span> 
     </span>
    </p>
   </div>
   <div class='ocr_carea' id='block_1_77' title="bbox 1950 1831 3526 1903">
    <p class='ocr_par' dir='ltr' id='par_1_77' title="bbox 1950 1831 3526 1903">
     <span class='ocr_line' id='line_1_77' title="bbox 1950 1831 3526 1903; baseline 0.009 -23"><span class='ocrx_word' id='word_1_633' title='bbox 1950 1839 2313 1898; x_wconf 86' lang='lat' dir='ltr'><strong><em>assequamur,</em></strong></span> <span class='ocrx_word' id='word_1_634' title='bbox 2343 1831 2384 1885; x_wconf 92' lang='lat' dir='ltr'><strong><em>si</em></strong></span> <span class='ocrx_word' id='word_1_635' title='bbox 2435 1835 2738 1901; x_wconf 63' lang='lat' dir='ltr'><strong><em>penitentia</em></strong></span> <span class='ocrx_word' id='word_1_636' title='bbox 2769 1835 2910 1890; x_wconf 86' lang='lat' dir='ltr'><strong><em>ducti</em></strong></span> <span class='ocrx_word' id='word_1_637' title='bbox 2951 1852 3151 1903; x_wconf 91' lang='lat' dir='ltr'><strong><em>sumus,</em></strong></span> <span class='ocrx_word' id='word_1_638' title='bbox 3182 1839 3226 1894; x_wconf 91' lang='lat' dir='ltr'><strong><em>si</em></strong></span> <span class='ocrx_word' id='word_1_639' title='bbox 3273 1840 3526 1895; x_wconf 85' lang='lat' dir='ltr'><strong><em>meliores</em></strong></span> 
     </span>
    </p>
   </div>
   <div class='ocr_carea' id='block_1_78' title="bbox 1950 1921 3526 1998">
    <p class='ocr_par' dir='ltr' id='par_1_78' title="bbox 1950 1921 3526 1998">
     <span class='ocr_line' id='line_1_78' title="bbox 1950 1921 3526 1998; baseline 0.008 -24"><span class='ocrx_word' id='word_1_640' title='bbox 1950 1921 2233 1986; x_wconf 80' lang='lat' dir='ltr'><strong><em>evasimus,</em></strong></span> <span class='ocrx_word' id='word_1_641' title='bbox 2266 1923 2308 1976; x_wconf 93' lang='lat' dir='ltr'><strong><em>si</em></strong></span> <span class='ocrx_word' id='word_1_642' title='bbox 2335 1923 2652 1980; x_wconf 88' lang='lat' dir='ltr'><strong><em>destitimus.</em></strong></span> <span class='ocrx_word' id='word_1_643' title='bbox 2685 1927 2816 1981; x_wconf 90' lang='lat' dir='ltr'><strong><em>Nam</em></strong></span> <span class='ocrx_word' id='word_1_644' title='bbox 2852 1929 3156 1998; x_wconf 78' lang='lat' dir='ltr'><strong><em>pmnitentia</em></strong></span> <span class='ocrx_word' id='word_1_645' title='bbox 3184 1933 3407 1986; x_wconf 88' lang='lat' dir='ltr'><strong><em>salutem</em></strong></span> <span class='ocrx_word' id='word_1_646' title='bbox 3437 1949 3526 1986; x_wconf 84' lang='lat' dir='ltr'><strong><em>as-</em></strong></span> 
     </span>
    </p>
   </div>
   <div class='ocr_carea' id='block_1_79' title="bbox 1949 2011 3521 2092">
    <p class='ocr_par' dir='ltr' id='par_1_79' title="bbox 1949 2011 3521 2092">
     <span class='ocr_line' id='line_1_79' title="bbox 1949 2011 3521 2092; baseline 0.009 -29"><span class='ocrx_word' id='word_1_647' title='bbox 1949 2011 2140 2082; x_wconf 88' lang='lat' dir='ltr'><strong><em>sequi,</em></strong></span> <span class='ocrx_word' id='word_1_648' title='bbox 2179 2013 2304 2066; x_wconf 91' lang='lat' dir='ltr'><strong><em>illud</em></strong></span> <span class='ocrx_word' id='word_1_649' title='bbox 2335 2025 2413 2068; x_wconf 87' lang='lat' dir='ltr'><strong><em>est</em></strong></span> <span class='ocrx_word' id='word_1_650' title='bbox 2443 2031 2472 2070; x_wconf 92' lang='lat' dir='ltr'><strong><em>a</em></strong></span> <span class='ocrx_word' id='word_1_651' title='bbox 2503 2017 2592 2071; x_wconf 91' lang='lat' dir='ltr'><strong><em>Dci</em></strong></span> <span class='ocrx_word' id='word_1_652' title='bbox 2622 2019 2979 2074; x_wconf 78' lang='lat' dir='ltr'><strong><em>misericordia</em></strong></span> <span class='ocrx_word' id='word_1_653' title='bbox 3021 2023 3241 2076; x_wconf 82' lang='lat' dir='ltr'><strong><em>servari.</em></strong></span> <span class='ocrx_word' id='word_1_654' title='bbox 3283 2023 3353 2076; x_wconf 85' lang='lat' dir='ltr'><strong><em>Ita</em></strong></span> <span class='ocrx_word' id='word_1_655' title='bbox 3393 2039 3521 2092; x_wconf 79' lang='lat' dir='ltr'><strong><em>ergo</em></strong></span> 
     </span>
    </p>
   </div>
   <div class='ocr_carea' id='block_1_80' title="bbox 1948 2102 3518 2183">
    <p class='ocr_par' dir='ltr' id='par_1_80' title="bbox 1948 2102 3518 2183">
     <span class='ocr_line' id='line_1_80' title="bbox 1948 2102 3518 2183; baseline 0.008 -27"><span class='ocrx_word' id='word_1_656' title='bbox 1948 2102 2034 2158; x_wconf 81' lang='lat' dir='ltr'><strong><em>hic</em></strong></span> <span class='ocrx_word' id='word_1_657' title='bbox 2059 2105 2218 2158; x_wconf 86' lang='lat' dir='ltr'><strong><em>etiam</em></strong></span> <span class='ocrx_word' id='word_1_658' title='bbox 2252 2116 2399 2176; x_wconf 85' lang='lat' dir='ltr'><strong><em>rogat</em></strong></span> <span class='ocrx_word' id='word_1_659' title='bbox 2431 2107 2551 2162; x_wconf 87' lang='lat' dir='ltr'><strong><em>imle</em></strong></span> <span class='ocrx_word' id='word_1_660' title='bbox 2577 2110 2797 2176; x_wconf 86' lang='lat' dir='ltr'><strong><em>servari,</em></strong></span> <span class='ocrx_word' id='word_1_661' title='bbox 2826 2127 2888 2164; x_wconf 79' lang='lat' dir='ltr'><strong><em>cx</em></strong></span> <span class='ocrx_word' id='word_1_662' title='bbox 2922 2111 3186 2183; x_wconf 85' lang='lat' dir='ltr'><strong><em>lacrymis,</em></strong></span> <span class='ocrx_word' id='word_1_663' title='bbox 3219 2129 3281 2167; x_wconf 78' lang='lat' dir='ltr'><strong><em>ex</em></strong></span> <span class='ocrx_word' id='word_1_664' title='bbox 3313 2114 3518 2168; x_wconf 87' lang='lat' dir='ltr'><strong><em>lamen-</em></strong></span> 
     </span>
    </p>
   </div>
   <div class='ocr_carea' id='block_1_81' title="bbox 1949 2196 3519 2278">
    <p class='ocr_par' dir='ltr' id='par_1_81' title="bbox 1949 2196 3519 2278">
     <span class='ocr_line' id='line_1_81' title="bbox 1949 2196 3519 2278; baseline 0.008 -29"><span class='ocrx_word' id='word_1_665' title='bbox 1949 2196 2250 2252; x_wconf 86' lang='lat' dir='ltr'><strong><em>tationibus.</em></strong></span> <span class='ocrx_word' id='word_1_666' title='bbox 2277 2202 2328 2254; x_wconf 88' lang='lat'><strong><em>7.</em></strong></span> <span class='ocrx_word' id='word_1_667' title='bbox 2355 2199 2555 2256; x_wconf 84' lang='lat' dir='ltr'><strong><em>Lavabo</em></strong></span> <span class='ocrx_word' id='word_1_668' title='bbox 2579 2203 2740 2269; x_wconf 90' lang='lat' dir='ltr'><strong><em>enim,</em></strong></span> <span class='ocrx_word' id='word_1_669' title='bbox 2777 2205 2960 2275; x_wconf 85' lang='lat' dir='ltr'><strong><em>inquit,</em></strong></span> <span class='ocrx_word' id='word_1_670' title='bbox 2993 2224 3081 2276; x_wconf 77' lang='lat' dir='ltr'><strong><em>per</em></strong></span> <span class='ocrx_word' id='word_1_671' title='bbox 3099 2207 3325 2278; x_wconf 85' lang='lat' dir='ltr'><strong><em>singulas</em></strong></span> <span class='ocrx_word' id='word_1_672' title='bbox 3349 2219 3519 2262; x_wconf 78' lang='lat' dir='ltr'><strong><em>noctes</em></strong></span> 
     </span>
    </p>
   </div>
   <div class='ocr_carea' id='block_1_82' title="bbox 1944 2288 3510 2369">
    <p class='ocr_par' dir='ltr' id='par_1_82' title="bbox 1944 2288 3510 2369">
     <span class='ocr_line' id='line_1_82' title="bbox 1944 2288 3510 2369; baseline 0.007 -28"><span class='ocrx_word' id='word_1_673' title='bbox 1944 2288 2126 2342; x_wconf 86' lang='lat' dir='ltr'><strong><em>lectum</em></strong></span> <span class='ocrx_word' id='word_1_674' title='bbox 2169 2306 2369 2354; x_wconf 87' lang='lat' dir='ltr'><strong><em>meum;</em></strong></span> <span class='ocrx_word' id='word_1_675' title='bbox 2410 2293 2645 2364; x_wconf 79' lang='lat' dir='ltr'><strong><em>lacrymis</em></strong></span> <span class='ocrx_word' id='word_1_676' title='bbox 2693 2295 2812 2350; x_wconf 85' lang='lat' dir='ltr'><strong><em>meis</em></strong></span> <span class='ocrx_word' id='word_1_677' title='bbox 2860 2305 3072 2348; x_wconf 87' lang='lat' dir='ltr'><strong><em>stratunt</em></strong></span> <span class='ocrx_word' id='word_1_678' title='bbox 3111 2313 3275 2350; x_wconf 87' lang='lat' dir='ltr'><strong><em>meum</em></strong></span> <span class='ocrx_word' id='word_1_679' title='bbox 3317 2299 3510 2369; x_wconf 86' lang='lat' dir='ltr'><strong><em>rigabo.</em></strong></span> 
     </span>
    </p>
   </div>
   <div class='ocr_carea' id='block_1_83' title="bbox 1943 2381 3511 2456">
    <p class='ocr_par' dir='ltr' id='par_1_83' title="bbox 1943 2381 3511 2456">
     <span class='ocr_line' id='line_1_83' title="bbox 1943 2381 3511 2456; baseline 0.004 -20"><span class='ocrx_word' id='word_1_680' title='bbox 1943 2381 2000 2438; x_wconf 83' lang='lat' dir='ltr'><strong><em>Id</em></strong></span> <span class='ocrx_word' id='word_1_681' title='bbox 2031 2393 2134 2448; x_wconf 87' lang='lat' dir='ltr'><strong><em>est,</em></strong></span> <span class='ocrx_word' id='word_1_682' title='bbox 2167 2401 2230 2439; x_wconf 80' lang='lat' dir='ltr'><strong><em>ex</em></strong></span> <span class='ocrx_word' id='word_1_683' title='bbox 2254 2391 2675 2456; x_wconf 81' lang='lat' dir='ltr'><strong><em>compunctionc.</em></strong></span> <span class='ocrx_word' id='word_1_684' title='bbox 2708 2389 2760 2442; x_wconf 84' lang='lat'><strong><em>5.</em></strong></span> <span class='ocrx_word' id='word_1_685' title='bbox 2784 2388 3085 2443; x_wconf 87' lang='lat' dir='ltr'><strong><em>Conturbata</em></strong></span> <span class='ocrx_word' id='word_1_686' title='bbox 3105 2401 3220 2443; x_wconf 82' lang='lat' dir='ltr'><strong><em>sunt</em></strong></span> <span class='ocrx_word' id='word_1_687' title='bbox 3242 2405 3355 2444; x_wconf 84' lang='lat' dir='ltr'><strong><em>ossa</em></strong></span> <span class='ocrx_word' id='word_1_688' title='bbox 3383 2409 3511 2454; x_wconf 86' lang='lat' dir='ltr'><strong><em>mea,</em></strong></span> 
     </span>
    </p>
   </div>
   <div class='ocr_carea' id='block_1_84' title="bbox 1941 2477 3510 2548">
    <p class='ocr_par' dir='ltr' id='par_1_84' title="bbox 1941 2477 3510 2548">
     <span class='ocr_line' id='line_1_84' title="bbox 1941 2477 3510 2548; baseline 0.005 -18"><span class='ocrx_word' id='word_1_689' title='bbox 1941 2477 1995 2530; x_wconf 81' lang='grc'><strong><em>4.</em></strong></span> <span class='ocrx_word' id='word_1_690' title='bbox 2023 2479 2255 2530; x_wconf 80' lang='lat' dir='ltr'><strong><em>etaninta</em></strong></span> <span class='ocrx_word' id='word_1_691' title='bbox 2280 2495 2388 2532; x_wconf 87' lang='lat' dir='ltr'><strong><em>mea</em></strong></span> <span class='ocrx_word' id='word_1_692' title='bbox 2411 2480 2605 2534; x_wconf 84' lang='lat' dir='ltr'><strong><em>turbata</em></strong></span> <span class='ocrx_word' id='word_1_693' title='bbox 2630 2490 2700 2536; x_wconf 86' lang='lat' dir='ltr'><strong><em>est</em></strong></span> <span class='ocrx_word' id='word_1_694' title='bbox 2719 2481 2880 2536; x_wconf 80' lang='lat' dir='ltr'><strong><em>valde.</em></strong></span> <span class='ocrx_word' id='word_1_695' title='bbox 2905 2481 3018 2537; x_wconf 85' lang='lat' dir='ltr'><strong><em>Non</em></strong></span> <span class='ocrx_word' id='word_1_696' title='bbox 3041 2481 3141 2538; x_wconf 88' lang='lat' dir='ltr'><strong><em>ltoc</em></strong></span> <span class='ocrx_word' id='word_1_697' title='bbox 3165 2485 3340 2538; x_wconf 88' lang='lat' dir='ltr'><strong><em>statim</em></strong></span> <span class='ocrx_word' id='word_1_698' title='bbox 3362 2485 3510 2548; x_wconf 88' lang='lat' dir='ltr'><strong><em>dicit,</em></strong></span> 
     </span>
    </p>
   </div>
   <div class='ocr_carea' id='block_1_85' title="bbox 1941 2565 3510 2643">
    <p class='ocr_par' dir='ltr' id='par_1_85' title="bbox 1941 2565 3510 2643">
     <span class='ocr_line' id='line_1_85' title="bbox 1941 2565 3510 2643; baseline 0.006 -24"><span class='ocrx_word' id='word_1_699' title='bbox 1941 2565 2034 2620; x_wconf 84' lang='lat' dir='ltr'><strong><em>sed</em></strong></span> <span class='ocrx_word' id='word_1_700' title='bbox 2064 2566 2129 2620; x_wconf 79' lang='lat' dir='ltr'><strong><em>ad</em></strong></span> <span class='ocrx_word' id='word_1_701' title='bbox 2161 2577 2360 2622; x_wconf 77' lang='lat' dir='ltr'><strong><em>natura:</em></strong></span> <span class='ocrx_word' id='word_1_702' title='bbox 2383 2570 2740 2626; x_wconf 87' lang='lat' dir='ltr'><strong><em>inﬁrmitatem</em></strong></span> <span class='ocrx_word' id='word_1_703' title='bbox 2767 2573 3022 2643; x_wconf 89' lang='lat' dir='ltr'><strong><em>confugit,</em></strong></span> <span class='ocrx_word' id='word_1_704' title='bbox 3047 2573 3248 2629; x_wconf 88' lang='lat' dir='ltr'><strong><em>dicens.</em></strong></span> <span class='ocrx_word' id='word_1_705' title='bbox 3277 2576 3328 2629; x_wconf 83' lang='lat'><strong><em>5.</em></strong></span> <span class='ocrx_word' id='word_1_706' title='bbox 3355 2575 3510 2629; x_wconf 73' lang='lat' dir='ltr'><strong><em>Mise~</em></strong></span> 
     </span>
    </p>
   </div>
   <div class='ocr_carea' id='block_1_86' title="bbox 1939 2659 3513 2733">
    <p class='ocr_par' dir='ltr' id='par_1_86' title="bbox 1939 2659 3513 2733">
     <span class='ocr_line' id='line_1_86' title="bbox 1939 2659 3513 2733; baseline 0.006 -23"><span class='ocrx_word' id='word_1_707' title='bbox 1939 2674 2046 2713; x_wconf 84' lang='lat' dir='ltr'><strong><em>rere</em></strong></span> <span class='ocrx_word' id='word_1_708' title='bbox 2058 2660 2168 2725; x_wconf 90' lang='lat' dir='ltr'><strong><em>ntei,</em></strong></span> <span class='ocrx_word' id='word_1_709' title='bbox 2192 2659 2418 2725; x_wconf 87' lang='lat' dir='ltr'><strong><em>Domine,</em></strong></span> <span class='ocrx_word' id='word_1_710' title='bbox 2437 2664 2670 2725; x_wconf 86' lang='lat' dir='ltr'><strong><em>quoniam</em></strong></span> <span class='ocrx_word' id='word_1_711' title='bbox 2683 2664 2911 2733; x_wconf 77' lang='lat' dir='ltr'><strong><em>inﬁrmus</em></strong></span> <span class='ocrx_word' id='word_1_712' title='bbox 2925 2682 3055 2720; x_wconf 84' lang='lat' dir='ltr'><strong><em>sunt.</em></strong></span> <span class='ocrx_word' id='word_1_713' title='bbox 3077 2665 3146 2719; x_wconf 88' lang='lat' dir='ltr'><strong><em>Ita</em></strong></span> <span class='ocrx_word' id='word_1_714' title='bbox 3169 2666 3312 2730; x_wconf 81' lang='lat' dir='ltr'><strong><em>dicit,</em></strong></span> <span class='ocrx_word' id='word_1_715' title='bbox 3333 2677 3513 2720; x_wconf 71' lang='lat' dir='ltr'><strong><em>osten-</em></strong></span> 
     </span>
    </p>
   </div>
   <div class='ocr_carea' id='block_1_87' title="bbox 1939 2749 3511 2817">
    <p class='ocr_par' dir='ltr' id='par_1_87' title="bbox 1939 2749 3511 2817">
     <span class='ocr_line' id='line_1_87' title="bbox 1939 2749 3511 2817; baseline 0.007 -15"><span class='ocrx_word' id='word_1_716' title='bbox 1939 2749 2069 2804; x_wconf 83' lang='lat' dir='ltr'><strong><em>dens</em></strong></span> <span class='ocrx_word' id='word_1_717' title='bbox 2088 2749 2186 2805; x_wconf 88' lang='lat' dir='ltr'><strong><em>hoc</em></strong></span> <span class='ocrx_word' id='word_1_718' title='bbox 2206 2767 2310 2805; x_wconf 92' lang='lat' dir='ltr'><strong><em>non</em></strong></span> <span class='ocrx_word' id='word_1_719' title='bbox 2325 2753 2492 2807; x_wconf 91' lang='lat' dir='ltr'><strong><em>solum</em></strong></span> <span class='ocrx_word' id='word_1_720' title='bbox 2513 2753 2756 2808; x_wconf 89' lang='lat' dir='ltr'><strong><em>suflicere</em></strong></span> <span class='ocrx_word' id='word_1_721' title='bbox 2775 2773 2788 2805; x_wconf 76' lang='grc' dir='ltr'><em>τ</em></span> <span class='ocrx_word' id='word_1_722' title='bbox 2807 2755 2848 2808; x_wconf 92' lang='lat' dir='ltr'><strong><em>si</em></strong></span> <span class='ocrx_word' id='word_1_723' title='bbox 2867 2758 3003 2808; x_wconf 75' lang='lat' dir='ltr'><strong><em>extim</em></strong></span> <span class='ocrx_word' id='word_1_724' title='bbox 3023 2759 3304 2817; x_wconf 81' lang='lat' dir='ltr'><strong><em>sufficeret,</em></strong></span> <span class='ocrx_word' id='word_1_725' title='bbox 3327 2773 3511 2813; x_wconf 83' lang='lat' dir='ltr'><strong><em>omnes</em></strong></span> 
     </span>
    </p>
   </div>
   <div class='ocr_carea' id='block_1_88' title="bbox 1937 2843 3505 2909">
    <p class='ocr_par' dir='ltr' id='par_1_88' title="bbox 1937 2843 3505 2909">
     <span class='ocr_line' id='line_1_88' title="bbox 1937 2843 3505 2909; baseline 0.003 -15"><span class='ocrx_word' id='word_1_726' title='bbox 1937 2857 2002 2895; x_wconf 81' lang='lat' dir='ltr'><strong><em>ex</em></strong></span> <span class='ocrx_word' id='word_1_727' title='bbox 2047 2857 2111 2896; x_wconf 92' lang='lat' dir='ltr'><strong><em>co</em></strong></span> <span class='ocrx_word' id='word_1_728' title='bbox 2152 2843 2344 2896; x_wconf 88' lang='lat' dir='ltr'><strong><em>servati</em></strong></span> <span class='ocrx_word' id='word_1_729' title='bbox 2389 2853 2598 2909; x_wconf 87' lang='lat' dir='ltr'><strong><em>essent;</em></strong></span> <span class='ocrx_word' id='word_1_730' title='bbox 2647 2857 2830 2898; x_wconf 87' lang='lat' dir='ltr'><strong><em>omnes</em></strong></span> <span class='ocrx_word' id='word_1_731' title='bbox 2868 2845 3006 2898; x_wconf 88' lang='lat' dir='ltr'><strong><em>enim</em></strong></span> <span class='ocrx_word' id='word_1_732' title='bbox 3039 2861 3218 2898; x_wconf 67' lang='lat' dir='ltr'><strong><em>sutum</em></strong></span> <span class='ocrx_word' id='word_1_733' title='bbox 3245 2846 3505 2899; x_wconf 66' lang='lat' dir='ltr'><strong><em>homines.</em></strong></span> 
     </span>
    </p>
   </div>
   <div class='ocr_carea' id='block_1_89' title="bbox 2008 2934 3504 3003">
    <p class='ocr_par' dir='ltr' id='par_1_89' title="bbox 2008 2934 3504 3003">
     <span class='ocr_line' id='line_1_89' title="bbox 2008 2934 3504 3003; baseline 0.001 -15"><span class='ocrx_word' id='word_1_734' title='bbox 2008 2935 2060 2988; x_wconf 82' lang='lat'><strong><em>3.</em></strong></span> <span class='ocrx_word' id='word_1_735' title='bbox 2103 2934 2224 2988; x_wconf 77' lang='grc' dir='ltr'><strong><em>Μὶιιί</em></strong></span> <span class='ocrx_word' id='word_1_736' title='bbox 2254 2943 2450 3000; x_wconf 86' lang='lat' dir='ltr'><strong><em>autem,</em></strong></span> <span class='ocrx_word' id='word_1_737' title='bbox 2479 2934 2523 2988; x_wconf 87' lang='lat' dir='ltr'><strong><em>si</em></strong></span> <span class='ocrx_word' id='word_1_738' title='bbox 2551 2934 2616 2989; x_wconf 88' lang='lat' dir='ltr'><strong><em>de</em></strong></span> <span class='ocrx_word' id='word_1_739' title='bbox 2646 2951 2707 2988; x_wconf 88' lang='lat' dir='ltr'><strong><em>eo</em></strong></span> <span class='ocrx_word' id='word_1_740' title='bbox 2735 2935 2926 3003; x_wconf 88' lang='lat' dir='ltr'><strong><em>aliquid</em></strong></span> <span class='ocrx_word' id='word_1_741' title='bbox 2954 2936 3190 2988; x_wconf 78' lang='lat' dir='ltr'><strong><em>exactius</em></strong></span> <span class='ocrx_word' id='word_1_742' title='bbox 3224 2936 3504 2989; x_wconf 79' lang='lat' dir='ltr'><strong><em>dicendum</em></strong></span> 
     </span>
    </p>
   </div>
   <div class='ocr_carea' id='block_1_90' title="bbox 1937 3024 3508 3106">
    <p class='ocr_par' dir='ltr' id='par_1_90' title="bbox 1937 3024 3508 3106">
     <span class='ocr_line' id='line_1_90' title="bbox 1937 3024 3508 3106; baseline -0.003 -24"><span class='ocrx_word' id='word_1_743' title='bbox 1937 3036 2036 3094; x_wconf 87' lang='lat' dir='ltr'><strong><em>est,</em></strong></span> <span class='ocrx_word' id='word_1_744' title='bbox 2066 3026 2286 3081; x_wconf 87' lang='lat' dir='ltr'><strong><em>fortasse</em></strong></span> <span class='ocrx_word' id='word_1_745' title='bbox 2318 3043 2382 3081; x_wconf 86' lang='lat' dir='ltr'><strong><em>ne</em></strong></span> <span class='ocrx_word' id='word_1_746' title='bbox 2405 3025 2503 3082; x_wconf 88' lang='lat' dir='ltr'><strong><em>hoc</em></strong></span> <span class='ocrx_word' id='word_1_747' title='bbox 2532 3025 2741 3096; x_wconf 81' lang='lat' dir='ltr'><strong><em>quidem</em></strong></span> <span class='ocrx_word' id='word_1_748' title='bbox 2769 3026 2972 3078; x_wconf 82' lang='lat' dir='ltr'><strong><em>videtur</em></strong></span> <span class='ocrx_word' id='word_1_749' title='bbox 2991 3024 3198 3078; x_wconf 87' lang='lat' dir='ltr'><strong><em>dicere:</em></strong></span> <span class='ocrx_word' id='word_1_750' title='bbox 3224 3026 3314 3079; x_wconf 89' lang='lat' dir='ltr'><strong><em>scd</em></strong></span> <span class='ocrx_word' id='word_1_751' title='bbox 3339 3027 3508 3106; x_wconf 3' lang='lat' dir='ltr'><strong><em>(signi-</em></strong></span> 
     </span>
    </p>
   </div>
   <div class='ocr_carea' id='block_1_91' title="bbox 1937 3118 3500 3190">
    <p class='ocr_par' dir='ltr' id='par_1_91' title="bbox 1937 3118 3500 3190">
     <span class='ocr_line' id='line_1_91' title="bbox 1937 3118 3500 3190; baseline -0.001 -18"><span class='ocrx_word' id='word_1_752' title='bbox 1937 3119 2058 3174; x_wconf 86' lang='lat' dir='ltr'><strong><em>ﬁcat</em></strong></span> <span class='ocrx_word' id='word_1_753' title='bbox 2087 3119 2496 3174; x_wconf 82' lang='lat' dir='ltr'><strong><em>imbecillitatem</em></strong></span> <span class='ocrx_word' id='word_1_754' title='bbox 2512 3135 2627 3190; x_wconf 64' lang='lat' dir='ltr'><strong><em>quae</em></strong></span> <span class='ocrx_word' id='word_1_755' title='bbox 2646 3118 2996 3190; x_wconf 82' lang='lat' dir='ltr'><strong><em>proficiscitur</em></strong></span> <span class='ocrx_word' id='word_1_756' title='bbox 3022 3133 3081 3170; x_wconf 85' lang='lat' dir='ltr'><strong><em>ex</em></strong></span> <span class='ocrx_word' id='word_1_757' title='bbox 3104 3119 3500 3182; x_wconf 86' lang='lat' dir='ltr'><strong><em>tcutatiouibus,</em></strong></span> 
     </span>
    </p>
   </div>
   <div class='ocr_carea' id='block_1_92' title="bbox 1935 3206 3504 3276">
    <p class='ocr_par' dir='ltr' id='par_1_92' title="bbox 1935 3206 3504 3276">
     <span class='ocr_line' id='line_1_92' title="bbox 1935 3206 3504 3276; baseline -0.003 -14"><span class='ocrx_word' id='word_1_758' title='bbox 1935 3209 1999 3262; x_wconf 90' lang='lat' dir='ltr'><strong><em>ad</em></strong></span> <span class='ocrx_word' id='word_1_759' title='bbox 2028 3208 2442 3264; x_wconf 88' lang='lat' dir='ltr'><strong><em>misericordiam</em></strong></span> <span class='ocrx_word' id='word_1_760' title='bbox 2471 3218 2526 3262; x_wconf 89' lang='lat' dir='ltr'><strong><em>et</em></strong></span> <span class='ocrx_word' id='word_1_761' title='bbox 2547 3209 2751 3262; x_wconf 88' lang='lat' dir='ltr'><strong><em>veniam</em></strong></span> <span class='ocrx_word' id='word_1_762' title='bbox 2779 3207 3181 3276; x_wconf 86' lang='lat' dir='ltr'><strong><em>asscqucndam,</em></strong></span> <span class='ocrx_word' id='word_1_763' title='bbox 3215 3206 3348 3260; x_wconf 86' lang='lat' dir='ltr'><strong>hanc</strong></span> <span class='ocrx_word' id='word_1_764' title='bbox 3374 3225 3504 3275; x_wconf 66' lang='lat' dir='ltr'><strong><em>quin.</em></strong></span> 
     </span>
    </p>
   </div>
   <div class='ocr_carea' id='block_1_93' title="bbox 1934 3297 3503 3369">
    <p class='ocr_par' dir='ltr' id='par_1_93' title="bbox 1934 3297 3503 3369">
     <span class='ocr_line' id='line_1_93' title="bbox 1934 3297 3503 3369; baseline -0.002 -16"><span class='ocrx_word' id='word_1_765' title='bbox 1934 3316 2036 3369; x_wconf 89' lang='lat' dir='ltr'><strong><em>que</em></strong></span> <span class='ocrx_word' id='word_1_766' title='bbox 2061 3315 2163 3352; x_wconf 91' lang='lat' dir='ltr'><strong><em>non</em></strong></span> <span class='ocrx_word' id='word_1_767' title='bbox 2197 3314 2413 3368; x_wconf 87' lang='lat' dir='ltr'><strong><em>parvam</em></strong></span> <span class='ocrx_word' id='word_1_768' title='bbox 2439 3299 2694 3352; x_wconf 90' lang='lat' dir='ltr'><strong><em>rationem</em></strong></span> <span class='ocrx_word' id='word_1_769' title='bbox 2717 3299 2962 3353; x_wconf 70' lang='lat' dir='ltr'><strong><em>affet-ens.</em></strong></span> <span class='ocrx_word' id='word_1_770' title='bbox 2995 3297 3106 3350; x_wconf 88' lang='lat' dir='ltr'><strong><em>lloc</em></strong></span> <span class='ocrx_word' id='word_1_771' title='bbox 3131 3297 3288 3350; x_wconf 87' lang='lat' dir='ltr'><strong><em>etiam</em></strong></span> <span class='ocrx_word' id='word_1_772' title='bbox 3310 3297 3360 3349; x_wconf 91' lang='lat' dir='ltr'><strong><em>in</em></strong></span> <span class='ocrx_word' id='word_1_773' title='bbox 3382 3313 3503 3365; x_wconf 91' lang='lat' dir='ltr'><strong><em>pro-</em></strong></span> 
     </span>
    </p>
   </div>
   <div class='ocr_carea' id='block_1_94' title="bbox 1931 3387 3501 3461">
    <p class='ocr_par' dir='ltr' id='par_1_94' title="bbox 1931 3387 3501 3461">
     <span class='ocr_line' id='line_1_94' title="bbox 1931 3387 3501 3461; baseline -0.003 -15"><span class='ocrx_word' id='word_1_774' title='bbox 1931 3407 2116 3460; x_wconf 85' lang='lat' dir='ltr'><strong><em>gressu</em></strong></span> <span class='ocrx_word' id='word_1_775' title='bbox 2143 3390 2476 3461; x_wconf 84' lang='lat' dir='ltr'><strong><em>signiﬁcavit,</em></strong></span> <span class='ocrx_word' id='word_1_776' title='bbox 2507 3390 2686 3444; x_wconf 88' lang='lat' dir='ltr'><strong><em>dicens</em></strong></span> <span class='ocrx_word' id='word_1_777' title='bbox 2719 3406 2732 3440; x_wconf 94' lang='lat'><strong><em>:</em></strong></span> <span class='ocrx_word' id='word_1_778' title='bbox 2765 3390 2814 3443; x_wconf 87' lang='lat'><strong><em>8.</em></strong></span> <span class='ocrx_word' id='word_1_779' title='bbox 2852 3387 3126 3442; x_wconf 71' lang='lat' dir='ltr'><strong><em>[nectet-ari</em></strong></span> <span class='ocrx_word' id='word_1_780' title='bbox 3153 3387 3284 3440; x_wconf 74' lang='lat' dir='ltr'><strong><em>inter</em></strong></span> <span class='ocrx_word' id='word_1_781' title='bbox 3331 3404 3501 3442; x_wconf 80' lang='lat' dir='ltr'><strong><em>omnes</em></strong></span> 
     </span>
    </p>
   </div>
   <div class='ocr_carea' id='block_1_95' title="bbox 1929 3479 3499 3549">
    <p class='ocr_par' dir='ltr' id='par_1_95' title="bbox 1929 3479 3499 3549">
     <span class='ocr_line' id='line_1_95' title="bbox 1929 3479 3499 3549; baseline -0.003 -13"><span class='ocrx_word' id='word_1_782' title='bbox 1929 3483 2156 3536; x_wconf 86' lang='lat' dir='ltr'><strong><em>inimicos</em></strong></span> <span class='ocrx_word' id='word_1_783' title='bbox 2212 3499 2366 3536; x_wconf 89' lang='lat' dir='ltr'><strong><em>meos.</em></strong></span> <span class='ocrx_word' id='word_1_784' title='bbox 2419 3479 2648 3535; x_wconf 80' lang='lat' dir='ltr'><strong><em>Afﬂictio</em></strong></span> <span class='ocrx_word' id='word_1_785' title='bbox 2695 3482 2834 3534; x_wconf 87' lang='lat' dir='ltr'><strong><em>enim</em></strong></span> <span class='ocrx_word' id='word_1_786' title='bbox 2888 3495 3005 3549; x_wconf 74' lang='lat' dir='ltr'><strong><em>qua:</em></strong></span> <span class='ocrx_word' id='word_1_787' title='bbox 3053 3493 3172 3532; x_wconf 93' lang='lat' dir='ltr'><strong><em>cum</em></strong></span> <span class='ocrx_word' id='word_1_788' title='bbox 3215 3479 3499 3547; x_wconf 86' lang='lat' dir='ltr'><strong><em>gratiarum</em></strong></span> 
     </span>
    </p>
   </div>
   <div class='ocr_carea' id='block_1_96' title="bbox 1928 3571 3500 3642">
    <p class='ocr_par' dir='ltr' id='par_1_96' title="bbox 1928 3571 3500 3642">
     <span class='ocr_line' id='line_1_96' title="bbox 1928 3571 3500 3642; baseline -0.001 -16"><span class='ocrx_word' id='word_1_789' title='bbox 1928 3573 2136 3629; x_wconf 88' lang='lat' dir='ltr'><strong><em>actione</em></strong></span> <span class='ocrx_word' id='word_1_790' title='bbox 2153 3572 2423 3638; x_wconf 89' lang='lat' dir='ltr'><strong><em>toleratur,</em></strong></span> <span class='ocrx_word' id='word_1_791' title='bbox 2443 3573 2575 3626; x_wconf 92' lang='lat' dir='ltr'><strong><em>solet</em></strong></span> <span class='ocrx_word' id='word_1_792' title='bbox 2605 3585 2844 3642; x_wconf 87' lang='lat' dir='ltr'><strong><em>magnam</em></strong></span> <span class='ocrx_word' id='word_1_793' title='bbox 2871 3571 3106 3640; x_wconf 81' lang='lat' dir='ltr'><strong><em>pra-bere</em></strong></span> <span class='ocrx_word' id='word_1_794' title='bbox 3125 3586 3305 3623; x_wconf 87' lang='lat' dir='ltr'><strong><em>ansam</em></strong></span> <span class='ocrx_word' id='word_1_795' title='bbox 3337 3571 3500 3625; x_wconf 84' lang='lat' dir='ltr'><strong><em>mise-</em></strong></span> 
     </span>
    </p>
   </div>
   <div class='ocr_carea' id='block_1_97' title="bbox 1929 3664 3499 3736">
    <p class='ocr_par' dir='ltr' id='par_1_97' title="bbox 1929 3664 3499 3736">
     <span class='ocr_line' id='line_1_97' title="bbox 1929 3664 3499 3736; baseline 0 -16"><span class='ocrx_word' id='word_1_796' title='bbox 1929 3666 2192 3732; x_wconf 61' lang='lat' dir='ltr'><strong><em>ricordia),</em></strong></span> <span class='ocrx_word' id='word_1_797' title='bbox 2221 3675 2274 3720; x_wconf 87' lang='lat' dir='ltr'><strong><em>et</em></strong></span> <span class='ocrx_word' id='word_1_798' title='bbox 2303 3665 2465 3720; x_wconf 84' lang='lat' dir='ltr'><strong><em>Deum</em></strong></span> <span class='ocrx_word' id='word_1_799' title='bbox 2491 3665 2710 3720; x_wconf 90' lang='lat' dir='ltr'><strong><em>reddere</em></strong></span> <span class='ocrx_word' id='word_1_800' title='bbox 2729 3665 3032 3734; x_wconf 90' lang='lat' dir='ltr'><strong><em>propitium.</em></strong></span> <span class='ocrx_word' id='word_1_801' title='bbox 3059 3664 3204 3718; x_wconf 86' lang='lat' dir='ltr'><strong><em>Hanc</em></strong></span> <span class='ocrx_word' id='word_1_802' title='bbox 3227 3680 3353 3736; x_wconf 80' lang='lat' dir='ltr'><strong><em>ergo</em></strong></span> <span class='ocrx_word' id='word_1_803' title='bbox 3371 3665 3499 3720; x_wconf 82' lang='lat' dir='ltr'><strong><em>milii</em></strong></span> 
     </span>
    </p>
   </div>
   <div class='ocr_carea' id='block_1_98' title="bbox 1928 3753 3497 3826">
    <p class='ocr_par' dir='ltr' id='par_1_98' title="bbox 1928 3753 3497 3826">
     <span class='ocr_line' id='line_1_98' title="bbox 1928 3753 3497 3826; baseline -0.001 -15"><span class='ocrx_word' id='word_1_804' title='bbox 1928 3755 2014 3811; x_wconf 88' lang='lat' dir='ltr'><strong><em>hic</em></strong></span> <span class='ocrx_word' id='word_1_805' title='bbox 2038 3757 2246 3811; x_wconf 84' lang='lat' dir='ltr'><strong><em>videtur</em></strong></span> <span class='ocrx_word' id='word_1_806' title='bbox 2279 3757 2594 3826; x_wconf 81' lang='lat' dir='ltr'><strong><em>signiﬁcare,</em></strong></span> <span class='ocrx_word' id='word_1_807' title='bbox 2647 3753 2863 3810; x_wconf 89' lang='lat' dir='ltr'><strong><em>dicens:</em></strong></span> <span class='ocrx_word' id='word_1_808' title='bbox 2891 3755 3032 3810; x_wconf 86' lang='lat' dir='ltr'><strong><em>Sana</em></strong></span> <span class='ocrx_word' id='word_1_809' title='bbox 3078 3773 3174 3821; x_wconf 86' lang='lat' dir='ltr'><strong><em>me,</em></strong></span> <span class='ocrx_word' id='word_1_810' title='bbox 3239 3755 3449 3810; x_wconf 84' lang='lat' dir='ltr'><strong><em>Domine</em></strong></span> <span class='ocrx_word' id='word_1_811' title='bbox 3480 3799 3497 3823; x_wconf 88' lang='lat'><strong><em>,</em></strong></span> 
     </span>
    </p>
   </div>
   <div class='ocr_carea' id='block_1_99' title="bbox 1927 3850 3500 3920">
    <p class='ocr_par' dir='ltr' id='par_1_99' title="bbox 1927 3850 3500 3920">
     <span class='ocr_line' id='line_1_99' title="bbox 1927 3850 3500 3920; baseline 0.002 -17"><span class='ocrx_word' id='word_1_812' title='bbox 1927 3851 2160 3920; x_wconf 88' lang='lat' dir='ltr'><strong><em>quoniam</em></strong></span> <span class='ocrx_word' id='word_1_813' title='bbox 2183 3850 2478 3903; x_wconf 85' lang='lat' dir='ltr'><strong><em>conturbata</em></strong></span> <span class='ocrx_word' id='word_1_814' title='bbox 2504 3859 2620 3902; x_wconf 85' lang='lat' dir='ltr'><strong><em>sunt</em></strong></span> <span class='ocrx_word' id='word_1_815' title='bbox 2640 3866 2753 3904; x_wconf 89' lang='lat' dir='ltr'><strong><em>ossa</em></strong></span> <span class='ocrx_word' id='word_1_816' title='bbox 2801 3865 2932 3914; x_wconf 90' lang='lat' dir='ltr'><strong><em>mea,</em></strong></span> <span class='ocrx_word' id='word_1_817' title='bbox 2976 3851 3029 3905; x_wconf 72' lang='grc'><strong><em>4.</em></strong></span> <span class='ocrx_word' id='word_1_818' title='bbox 3074 3860 3117 3904; x_wconf 90' lang='lat' dir='ltr'><strong><em>et</em></strong></span> <span class='ocrx_word' id='word_1_819' title='bbox 3169 3853 3341 3904; x_wconf 89' lang='lat' dir='ltr'><strong><em>aninta</em></strong></span> <span class='ocrx_word' id='word_1_820' title='bbox 3389 3868 3500 3906; x_wconf 86' lang='lat' dir='ltr'><strong><em>utea</em></strong></span> 
     </span>
    </p>
   </div>
   <div class='ocr_carea' id='block_1_100' title="bbox 1929 3941 3495 4012">
    <p class='ocr_par' dir='ltr' id='par_1_100' title="bbox 1929 3941 3495 4012">
     <span class='ocr_line' id='line_1_100' title="bbox 1929 3941 3495 4012; baseline -0.001 -15"><span class='ocrx_word' id='word_1_821' title='bbox 1929 3943 2127 3998; x_wconf 87' lang='lat' dir='ltr'><strong><em>turbata</em></strong></span> <span class='ocrx_word' id='word_1_822' title='bbox 2151 3953 2223 3996; x_wconf 79' lang='lat' dir='ltr'><strong><em>est</em></strong></span> <span class='ocrx_word' id='word_1_823' title='bbox 2269 3943 2432 3995; x_wconf 81' lang='lat' dir='ltr'><strong><em>valde.</em></strong></span> <span class='ocrx_word' id='word_1_824' title='bbox 2465 3941 2576 3995; x_wconf 82' lang='lat' dir='ltr'><strong><em>Non</em></strong></span> <span class='ocrx_word' id='word_1_825' title='bbox 2605 3941 2731 3995; x_wconf 82' lang='lat' dir='ltr'><strong><em>dixit</em></strong></span> <span class='ocrx_word' id='word_1_826' title='bbox 2758 3958 2770 3994; x_wconf 90' lang='lat'><strong>:</strong></span> <span class='ocrx_word' id='word_1_827' title='bbox 2801 3941 3029 3996; x_wconf 81' lang='lat' dir='ltr'><strong><em>Remitte</em></strong></span> <span class='ocrx_word' id='word_1_828' title='bbox 3081 3942 3207 3995; x_wconf 83' lang='lat' dir='ltr'><strong><em>milii</em></strong></span> <span class='ocrx_word' id='word_1_829' title='bbox 3233 3985 3246 4006; x_wconf 97' lang='lat'><strong><em>,</em></strong></span> <span class='ocrx_word' id='word_1_830' title='bbox 3289 3958 3495 4012; x_wconf 88' lang='lat' dir='ltr'><strong><em>neque,</em></strong></span> 
     </span>
    </p>
   </div>
   <div class='ocr_carea' id='block_1_101' title="bbox 1925 4031 3500 4102">
    <p class='ocr_par' dir='ltr' id='par_1_101' title="bbox 1925 4031 3500 4102">
     <span class='ocr_line' id='line_1_101' title="bbox 1925 4031 3500 4102; baseline 0.001 -14"><span class='ocrx_word' id='word_1_831' title='bbox 1925 4033 2178 4088; x_wconf 89' lang='lat' dir='ltr'><strong><em>Condoua</em></strong></span> <span class='ocrx_word' id='word_1_832' title='bbox 2209 4033 2356 4097; x_wconf 87' lang='lat' dir='ltr'><strong><em>mihi,</em></strong></span> <span class='ocrx_word' id='word_1_833' title='bbox 2379 4033 2491 4094; x_wconf 88' lang='lat' dir='ltr'><strong><em>sed,</em></strong></span> <span class='ocrx_word' id='word_1_834' title='bbox 2524 4032 2684 4085; x_wconf 88' lang='lat' dir='ltr'><strong><em>Sana.</em></strong></span> <span class='ocrx_word' id='word_1_835' title='bbox 2719 4031 2886 4100; x_wconf 80' lang='lat' dir='ltr'><strong><em>Rogat</em></strong></span> <span class='ocrx_word' id='word_1_836' title='bbox 2908 4032 3049 4086; x_wconf 88' lang='lat' dir='ltr'><strong><em>enim</em></strong></span> <span class='ocrx_word' id='word_1_837' title='bbox 3072 4044 3128 4086; x_wconf 88' lang='lat' dir='ltr'><strong><em>ut</em></strong></span> <span class='ocrx_word' id='word_1_838' title='bbox 3154 4035 3324 4102; x_wconf 87' lang='lat' dir='ltr'><strong><em>priora</em></strong></span> <span class='ocrx_word' id='word_1_839' title='bbox 3351 4035 3500 4090; x_wconf 88' lang='lat' dir='ltr'><strong><em>dele-</em></strong></span> 
     </span>
    </p>
   </div>
   <div class='ocr_carea' id='block_1_102' title="bbox 1925 4117 3495 4181">
    <p class='ocr_par' dir='ltr' id='par_1_102' title="bbox 1925 4117 3495 4181">
     <span class='ocr_line' id='line_1_102' title="bbox 1925 4117 3495 4181; baseline 0.001 -2"><span class='ocrx_word' id='word_1_840' title='bbox 1925 4134 2081 4179; x_wconf 87' lang='lat' dir='ltr'><strong><em>antur</em></strong></span> <span class='ocrx_word' id='word_1_841' title='bbox 2124 4125 2358 4178; x_wconf 82' lang='lat' dir='ltr'><strong><em>vulnera.</em></strong></span> <span class='ocrx_word' id='word_1_842' title='bbox 2400 4122 2528 4176; x_wconf 67' lang='lat' dir='ltr'><strong><em>Ossa</em></strong></span> <span class='ocrx_word' id='word_1_843' title='bbox 2573 4121 2655 4175; x_wconf 87' lang='lat' dir='ltr'><strong><em>hic</em></strong></span> <span class='ocrx_word' id='word_1_844' title='bbox 2693 4121 2820 4174; x_wconf 86' lang='lat' dir='ltr'><strong><em>dicit</em></strong></span> <span class='ocrx_word' id='word_1_845' title='bbox 2863 4117 3161 4176; x_wconf 79' lang='lat' dir='ltr'><strong><em>ubiversam</em></strong></span> <span class='ocrx_word' id='word_1_846' title='bbox 3202 4125 3495 4181; x_wconf 68' lang='lat' dir='ltr'><strong><em>\irtutem:</em></strong></span> 
     </span>
    </p>
   </div>
   <div class='ocr_carea' id='block_1_103' title="bbox 1927 4213 3494 4282">
    <p class='ocr_par' dir='ltr' id='par_1_103' title="bbox 1927 4213 3494 4282">
     <span class='ocr_line' id='line_1_103' title="bbox 1927 4213 3494 4282; baseline -0.003 -10"><span class='ocrx_word' id='word_1_847' title='bbox 1927 4217 2278 4272; x_wconf 88' lang='lat' dir='ltr'><strong><em>turbationem</em></strong></span> <span class='ocrx_word' id='word_1_848' title='bbox 2330 4224 2530 4278; x_wconf 87' lang='lat' dir='ltr'><strong><em>autem,</em></strong></span> <span class='ocrx_word' id='word_1_849' title='bbox 2587 4227 2816 4282; x_wconf 76' lang='lat' dir='ltr'><strong><em>pmnam,</em></strong></span> <span class='ocrx_word' id='word_1_850' title='bbox 2858 4213 3190 4282; x_wconf 90' lang='lat' dir='ltr'><strong><em>supplicium.</em></strong></span> <span class='ocrx_word' id='word_1_851' title='bbox 3223 4213 3365 4268; x_wconf 87' lang='lat' dir='ltr'><strong><em>Sana</em></strong></span> <span class='ocrx_word' id='word_1_852' title='bbox 3395 4232 3494 4282; x_wconf 88' lang='lat' dir='ltr'><strong><em>me,</em></strong></span> 
     </span>
    </p>
   </div>
   <div class='ocr_carea' id='block_1_104' title="bbox 1925 4304 3498 4374">
    <p class='ocr_par' dir='ltr' id='par_1_104' title="bbox 1925 4304 3498 4374">
     <span class='ocr_line' id='line_1_104' title="bbox 1925 4304 3498 4374; baseline 0 -13"><span class='ocrx_word' id='word_1_853' title='bbox 1925 4306 2160 4367; x_wconf 87' lang='lat' dir='ltr'><strong><em>Domine,</em></strong></span> <span class='ocrx_word' id='word_1_854' title='bbox 2173 4306 2406 4374; x_wconf 87' lang='lat' dir='ltr'><strong><em>quoniam</em></strong></span> <span class='ocrx_word' id='word_1_855' title='bbox 2421 4304 2710 4358; x_wconf 86' lang='lat' dir='ltr'><strong><em>conturbata</em></strong></span> <span class='ocrx_word' id='word_1_856' title='bbox 2733 4313 2846 4356; x_wconf 89' lang='lat' dir='ltr'><strong><em>sunt</em></strong></span> <span class='ocrx_word' id='word_1_857' title='bbox 2863 4319 2976 4357; x_wconf 88' lang='lat' dir='ltr'><strong><em>ossa</em></strong></span> <span class='ocrx_word' id='word_1_858' title='bbox 3000 4319 3130 4370; x_wconf 89' lang='lat' dir='ltr'><strong><em>mea,</em></strong></span> <span class='ocrx_word' id='word_1_859' title='bbox 3147 4313 3190 4358; x_wconf 88' lang='lat' dir='ltr'><strong><em>et</em></strong></span> <span class='ocrx_word' id='word_1_860' title='bbox 3203 4309 3370 4357; x_wconf 82' lang='lat' dir='ltr'><strong><em>anima</em></strong></span> <span class='ocrx_word' id='word_1_861' title='bbox 3386 4321 3498 4362; x_wconf 84' lang='lat' dir='ltr'><strong><em>utea</em></strong></span> 
     </span>
    </p>
   </div>
   <div class='ocr_carea' id='block_1_105' title="bbox 1927 4393 3490 4464">
    <p class='ocr_par' dir='ltr' id='par_1_105' title="bbox 1927 4393 3490 4464">
     <span class='ocr_line' id='line_1_105' title="bbox 1927 4393 3490 4464; baseline 0 -12"><span class='ocrx_word' id='word_1_862' title='bbox 1927 4399 2124 4452; x_wconf 87' lang='lat' dir='ltr'><strong><em>turbata</em></strong></span> <span class='ocrx_word' id='word_1_863' title='bbox 2151 4397 2397 4450; x_wconf 85' lang='lat' dir='ltr'><strong><em>estvaldc.</em></strong></span> <span class='ocrx_word' id='word_1_864' title='bbox 2431 4393 2885 4462; x_wconf 84' lang='lat' dir='ltr'><strong><em>Quemadmodum</em></strong></span> <span class='ocrx_word' id='word_1_865' title='bbox 2916 4406 3041 4464; x_wconf 70' lang='lat' dir='ltr'><strong><em>ergo</em></strong></span> <span class='ocrx_word' id='word_1_866' title='bbox 3068 4394 3119 4448; x_wconf 87' lang='lat' dir='ltr'><strong><em>in</em></strong></span> <span class='ocrx_word' id='word_1_867' title='bbox 3141 4393 3361 4450; x_wconf 87' lang='lat' dir='ltr'><strong><em>medicis</em></strong></span> <span class='ocrx_word' id='word_1_868' title='bbox 3390 4396 3490 4452; x_wconf 92' lang='lat' dir='ltr'><strong><em>tria</em></strong></span> 
     </span>
    </p>
   </div>
   <div class='ocr_carea' id='block_1_106' title="bbox 1924 4485 3490 4558">
    <p class='ocr_par' dir='ltr' id='par_1_106' title="bbox 1924 4485 3490 4558">
     <span class='ocr_line' id='line_1_106' title="bbox 1924 4485 3490 4558; baseline -0.003 -13"><span class='ocrx_word' id='word_1_869' title='bbox 1924 4499 2068 4556; x_wconf 88' lang='lat' dir='ltr'><strong><em>sunt,</em></strong></span> <span class='ocrx_word' id='word_1_870' title='bbox 2093 4488 2174 4543; x_wconf 87' lang='lat' dir='ltr'><strong><em>vel</em></strong></span> <span class='ocrx_word' id='word_1_871' title='bbox 2193 4487 2366 4558; x_wconf 91' lang='lat' dir='ltr'><strong><em>potius</em></strong></span> <span class='ocrx_word' id='word_1_872' title='bbox 2386 4496 2630 4557; x_wconf 85' lang='lat' dir='ltr'><strong><em>quatuor,</em></strong></span> <span class='ocrx_word' id='word_1_873' title='bbox 2657 4485 2738 4539; x_wconf 91' lang='lat' dir='ltr'><strong><em>vel</em></strong></span> <span class='ocrx_word' id='word_1_874' title='bbox 2755 4485 2913 4539; x_wconf 89' lang='lat' dir='ltr'><strong><em>etiam</em></strong></span> <span class='ocrx_word' id='word_1_875' title='bbox 2930 4485 3160 4555; x_wconf 90' lang='lat' dir='ltr'><strong><em>quinque</em></strong></span> <span class='ocrx_word' id='word_1_876' title='bbox 3184 4503 3197 4538; x_wconf 92' lang='lat'><strong>:</strong></span> <span class='ocrx_word' id='word_1_877' title='bbox 3229 4485 3490 4552; x_wconf 87' lang='lat' dir='ltr'><strong><em>medicus,</em></strong></span> 
     </span>
    </p>
   </div>
   <div class='ocr_carea' id='block_1_107' title="bbox 1924 4574 3493 4650">
    <p class='ocr_par' dir='ltr' id='par_1_107' title="bbox 1924 4574 3493 4650">
     <span class='ocr_line' id='line_1_107' title="bbox 1924 4574 3493 4650; baseline -0.003 -15"><span class='ocrx_word' id='word_1_878' title='bbox 1924 4595 2032 4648; x_wconf 90' lang='lat' dir='ltr'><strong><em>ars,</em></strong></span> <span class='ocrx_word' id='word_1_879' title='bbox 2053 4584 2302 4650; x_wconf 79' lang='lat' dir='ltr'><strong><em>:cgrotus,</em></strong></span> <span class='ocrx_word' id='word_1_880' title='bbox 2335 4576 2566 4641; x_wconf 88' lang='lat' dir='ltr'><strong><em>morbus,</em></strong></span> <span class='ocrx_word' id='word_1_881' title='bbox 2601 4577 2683 4630; x_wconf 89' lang='lat' dir='ltr'><strong><em>vis</em></strong></span> <span class='ocrx_word' id='word_1_882' title='bbox 2709 4574 3235 4639; x_wconf 87' lang='lat' dir='ltr'><strong><em>medicamentorum,</em></strong></span> <span class='ocrx_word' id='word_1_883' title='bbox 3263 4585 3316 4630; x_wconf 92' lang='lat' dir='ltr'><strong><em>et</em></strong></span> <span class='ocrx_word' id='word_1_884' title='bbox 3340 4575 3493 4631; x_wconf 88' lang='lat' dir='ltr'><strong><em>adest</em></strong></span> 
     </span>
    </p>
   </div>
   <div class='ocr_carea' id='block_1_108' title="bbox 1921 4665 3491 4741">
    <p class='ocr_par' dir='ltr' id='par_1_108' title="bbox 1921 4665 3491 4741">
     <span class='ocr_line' id='line_1_108' title="bbox 1921 4665 3491 4741; baseline -0.003 -15"><span class='ocrx_word' id='word_1_885' title='bbox 1921 4671 2163 4741; x_wconf 71' lang='lat' dir='ltr'><strong><em>qumdam</em></strong></span> <span class='ocrx_word' id='word_1_886' title='bbox 2183 4685 2351 4740; x_wconf 89' lang='lat' dir='ltr'><strong><em>pugna</em></strong></span> <span class='ocrx_word' id='word_1_887' title='bbox 2381 4681 2444 4722; x_wconf 91' lang='lat' dir='ltr'><strong><em>ac</em></strong></span> <span class='ocrx_word' id='word_1_888' title='bbox 2471 4667 2748 4722; x_wconf 86' lang='lat' dir='ltr'><strong><em>conflictus</em></strong></span> <span class='ocrx_word' id='word_1_889' title='bbox 2777 4684 2789 4720; x_wconf 92' lang='lat'>:</span> <span class='ocrx_word' id='word_1_890' title='bbox 2823 4665 2864 4719; x_wconf 92' lang='lat' dir='ltr'><strong><em>si</em></strong></span> <span class='ocrx_word' id='word_1_891' title='bbox 2915 4667 3054 4720; x_wconf 87' lang='lat' dir='ltr'><strong><em>enim</em></strong></span> <span class='ocrx_word' id='word_1_892' title='bbox 3101 4681 3225 4720; x_wconf 84' lang='lat' dir='ltr'><strong><em>cum</em></strong></span> <span class='ocrx_word' id='word_1_893' title='bbox 3251 4665 3456 4722; x_wconf 84' lang='lat' dir='ltr'><strong><em>medico</em></strong></span> <span class='ocrx_word' id='word_1_894' title='bbox 3477 4709 3491 4734; x_wconf 90' lang='lat'><strong><em>,</em></strong></span> 
     </span>
    </p>
   </div>
   <div class='ocr_carea' id='block_1_109' title="bbox 1922 4757 3487 4828">
    <p class='ocr_par' dir='ltr' id='par_1_109' title="bbox 1922 4757 3487 4828">
     <span class='ocr_line' id='line_1_109' title="bbox 1922 4757 3487 4828; baseline -0.003 -11"><span class='ocrx_word' id='word_1_895' title='bbox 1922 4774 2058 4828; x_wconf 87' lang='lat' dir='ltr'><strong><em>arte,</em></strong></span> <span class='ocrx_word' id='word_1_896' title='bbox 2085 4772 2138 4818; x_wconf 91' lang='lat' dir='ltr'><strong><em>et</em></strong></span> <span class='ocrx_word' id='word_1_897' title='bbox 2164 4760 2586 4822; x_wconf 89' lang='lat' dir='ltr'><strong><em>medicamentis,</em></strong></span> <span class='ocrx_word' id='word_1_898' title='bbox 2609 4757 2985 4813; x_wconf 88' lang='lat' dir='ltr'><strong><em>acceditetiam</em></strong></span> <span class='ocrx_word' id='word_1_899' title='bbox 3009 4758 3253 4813; x_wconf 88' lang='lat' dir='ltr'><strong><em>voluntas</em></strong></span> <span class='ocrx_word' id='word_1_900' title='bbox 3281 4759 3487 4828; x_wconf 75' lang='lat' dir='ltr'><strong><em>acgroti,</em></strong></span> 
     </span>
    </p>
   </div>
   <div class='ocr_carea' id='block_1_110' title="bbox 1925 4848 3502 4914">
    <p class='ocr_par' dir='ltr' id='par_1_110' title="bbox 1925 4848 3502 4914">
     <span class='ocr_line' id='line_1_110' title="bbox 1925 4848 3502 4914; baseline -0.004 -6"><span class='ocrx_word' id='word_1_901' title='bbox 1925 4855 2166 4908; x_wconf 88' lang='lat' dir='ltr'><strong><em>morbum</em></strong></span> <span class='ocrx_word' id='word_1_902' title='bbox 2193 4852 2445 4914; x_wconf 87' lang='lat' dir='ltr'><strong><em>vincunt;</em></strong></span> <span class='ocrx_word' id='word_1_903' title='bbox 2476 4849 2519 4905; x_wconf 90' lang='lat' dir='ltr'><strong><em>si</em></strong></span> <span class='ocrx_word' id='word_1_904' title='bbox 2550 4859 2726 4904; x_wconf 88' lang='lat' dir='ltr'><strong><em>autem</em></strong></span> <span class='ocrx_word' id='word_1_905' title='bbox 2755 4863 2876 4902; x_wconf 91' lang='lat' dir='ltr'><strong><em>cum</em></strong></span> <span class='ocrx_word' id='word_1_906' title='bbox 2928 4848 3034 4902; x_wconf 90' lang='lat' dir='ltr'><strong><em>illis</em></strong></span> <span class='ocrx_word' id='word_1_907' title='bbox 3084 4857 3224 4902; x_wconf 85' lang='lat' dir='ltr'><strong><em>stare</em></strong></span> <span class='ocrx_word' id='word_1_908' title='bbox 3276 4849 3329 4901; x_wconf 91' lang='lat' dir='ltr'><strong><em>in</em></strong></span> <span class='ocrx_word' id='word_1_909' title='bbox 3381 4849 3502 4903; x_wconf 74' lang='lat' dir='ltr'><strong><em>acie&quot;</em></strong></span> 
     </span>
    </p>
   </div>
   <div class='ocr_carea' id='block_1_111' title="bbox 1922 4937 3498 5012">
    <p class='ocr_par' dir='ltr' id='par_1_111' title="bbox 1922 4937 3498 5012">
     <span class='ocr_line' id='line_1_111' title="bbox 1922 4937 3498 5012; baseline -0.004 -13"><span class='ocrx_word' id='word_1_910' title='bbox 1922 4944 2141 4999; x_wconf 88' lang='lat' dir='ltr'><strong><em>desierit</em></strong></span> <span class='ocrx_word' id='word_1_911' title='bbox 2159 4949 2410 5012; x_wconf 67' lang='lat' dir='ltr'><strong><em>aegrotus,</em></strong></span> <span class='ocrx_word' id='word_1_912' title='bbox 2439 4939 2505 4994; x_wconf 89' lang='lat' dir='ltr'><strong><em>ad</em></strong></span> <span class='ocrx_word' id='word_1_913' title='bbox 2554 4939 2916 4994; x_wconf 83' lang='lat' dir='ltr'><strong><em>inﬁrmitatem</em></strong></span> <span class='ocrx_word' id='word_1_914' title='bbox 2956 4938 3186 5008; x_wconf 90' lang='lat' dir='ltr'><strong><em>seipsum</em></strong></span> <span class='ocrx_word' id='word_1_915' title='bbox 3245 4937 3446 4994; x_wconf 80' lang='lat' dir='ltr'><strong><em>reducit</em></strong></span> <span class='ocrx_word' id='word_1_916' title='bbox 3478 4955 3498 4993; x_wconf 67' lang='lat'><strong><em>:~</em></strong></span> 
     </span>
    </p>
   </div>
   <div class='ocr_carea' id='block_1_112' title="bbox 1923 5028 3494 5099">
    <p class='ocr_par' dir='ltr' id='par_1_112' title="bbox 1923 5028 3494 5099">
     <span class='ocr_line' id='line_1_112' title="bbox 1923 5028 3494 5099; baseline -0.002 -13"><span class='ocrx_word' id='word_1_917' title='bbox 1923 5034 2002 5089; x_wconf 82' lang='lat' dir='ltr'><strong><em>vel</em></strong></span> <span class='ocrx_word' id='word_1_918' title='bbox 2033 5033 2189 5087; x_wconf 90' lang='lat' dir='ltr'><strong><em>etiam</em></strong></span> <span class='ocrx_word' id='word_1_919' title='bbox 2219 5031 2451 5099; x_wconf 89' lang='lat' dir='ltr'><strong><em>seipsum</em></strong></span> <span class='ocrx_word' id='word_1_920' title='bbox 2475 5028 2788 5092; x_wconf 88' lang='lat' dir='ltr'><strong><em>labefactat,</em></strong></span> <span class='ocrx_word' id='word_1_921' title='bbox 2840 5029 2882 5082; x_wconf 93' lang='lat' dir='ltr'><strong><em>si</em></strong></span> <span class='ocrx_word' id='word_1_922' title='bbox 2939 5042 3058 5082; x_wconf 91' lang='lat' dir='ltr'><strong><em>cum</em></strong></span> <span class='ocrx_word' id='word_1_923' title='bbox 3102 5028 3191 5082; x_wconf 91' lang='lat' dir='ltr'><strong><em>illa</em></strong></span> <span class='ocrx_word' id='word_1_924' title='bbox 3239 5030 3494 5083; x_wconf 66' lang='lat' dir='ltr'><strong><em>adversus</em></strong></span> 
     </span>
    </p>
   </div>
   <div class='ocr_carea' id='block_1_113' title="bbox 1924 5118 3490 5185">
    <p class='ocr_par' dir='ltr' id='par_1_113' title="bbox 1924 5118 3490 5185">
     <span class='ocr_line' id='line_1_113' title="bbox 1924 5118 3490 5185; baseline -0.004 -7"><span class='ocrx_word' id='word_1_925' title='bbox 1924 5123 2210 5185; x_wconf 85' lang='lat' dir='ltr'><strong><em>medicum,</em></strong></span> <span class='ocrx_word' id='word_1_926' title='bbox 2243 5119 2646 5185; x_wconf 87' lang='lat' dir='ltr'><strong><em>medicamenta,</em></strong></span> <span class='ocrx_word' id='word_1_927' title='bbox 2675 5127 2730 5172; x_wconf 92' lang='lat' dir='ltr'><strong><em>et</em></strong></span> <span class='ocrx_word' id='word_1_928' title='bbox 2753 5128 2918 5172; x_wconf 85' lang='lat' dir='ltr'><strong><em>artem</em></strong></span> <span class='ocrx_word' id='word_1_929' title='bbox 2972 5120 3024 5173; x_wconf 90' lang='lat' dir='ltr'><strong><em>in</em></strong></span> <span class='ocrx_word' id='word_1_930' title='bbox 3077 5121 3192 5173; x_wconf 87' lang='lat' dir='ltr'><strong><em>acie</em></strong></span> <span class='ocrx_word' id='word_1_931' title='bbox 3245 5118 3490 5173; x_wconf 89' lang='lat' dir='ltr'><strong><em>steterit:</em></strong></span> 
     </span>
    </p>
   </div>
   <div class='ocr_carea' id='block_1_114' title="bbox 1923 5206 3492 5277">
    <p class='ocr_par' dir='ltr' id='par_1_114' title="bbox 1923 5206 3492 5277">
     <span class='ocr_line' id='line_1_114' title="bbox 1923 5206 3492 5277; baseline -0.004 -9"><span class='ocrx_word' id='word_1_932' title='bbox 1923 5216 1990 5270; x_wconf 88' lang='lat' dir='ltr'><strong><em>ita</em></strong></span> <span class='ocrx_word' id='word_1_933' title='bbox 2019 5213 2176 5269; x_wconf 85' lang='lat' dir='ltr'><strong><em>etiam</em></strong></span> <span class='ocrx_word' id='word_1_934' title='bbox 2208 5211 2260 5266; x_wconf 91' lang='lat' dir='ltr'><strong><em>in</em></strong></span> <span class='ocrx_word' id='word_1_935' title='bbox 2289 5209 2443 5265; x_wconf 87' lang='lat' dir='ltr'><strong><em>nobis</em></strong></span> <span class='ocrx_word' id='word_1_936' title='bbox 2469 5208 2677 5273; x_wconf 89' lang='lat' dir='ltr'><strong><em>accidit,</em></strong></span> <span class='ocrx_word' id='word_1_937' title='bbox 2707 5209 2812 5263; x_wconf 91' lang='lat' dir='ltr'><strong><em>imo</em></strong></span> <span class='ocrx_word' id='word_1_938' title='bbox 2867 5211 3036 5277; x_wconf 92' lang='lat' dir='ltr'><strong><em>potius</em></strong></span> <span class='ocrx_word' id='word_1_939' title='bbox 3088 5223 3191 5262; x_wconf 93' lang='lat' dir='ltr'><strong><em>non</em></strong></span> <span class='ocrx_word' id='word_1_940' title='bbox 3242 5209 3350 5272; x_wconf 90' lang='lat' dir='ltr'><strong><em>sic,</em></strong></span> <span class='ocrx_word' id='word_1_941' title='bbox 3397 5206 3492 5262; x_wconf 90' lang='lat' dir='ltr'><strong><em>sed</em></strong></span> 
     </span>
    </p>
   </div>
   <div class='ocr_carea' id='block_1_115' title="bbox 1922 5297 3491 5368">
    <p class='ocr_par' dir='ltr' id='par_1_115' title="bbox 1922 5297 3491 5368">
     <span class='ocr_line' id='line_1_115' title="bbox 1922 5297 3491 5368; baseline -0.005 -7"><span class='ocrx_word' id='word_1_942' title='bbox 1922 5306 2086 5360; x_wconf 90' lang='lat' dir='ltr'><strong><em>multo</em></strong></span> <span class='ocrx_word' id='word_1_943' title='bbox 2124 5301 2504 5358; x_wconf 83' lang='lat' dir='ltr'><strong><em>admirabilius.</em></strong></span> <span class='ocrx_word' id='word_1_944' title='bbox 2561 5299 2672 5354; x_wconf 88' lang='lat' dir='ltr'><strong><em>Sub</em></strong></span> <span class='ocrx_word' id='word_1_945' title='bbox 2716 5299 2936 5354; x_wconf 85' lang='lat' dir='ltr'><strong><em>medicis</em></strong></span> <span class='ocrx_word' id='word_1_946' title='bbox 2985 5297 3128 5353; x_wconf 90' lang='lat' dir='ltr'><strong><em>enim</em></strong></span> <span class='ocrx_word' id='word_1_947' title='bbox 3179 5312 3320 5368; x_wconf 63' lang='lat' dir='ltr'><strong><em>sape</em></strong></span> <span class='ocrx_word' id='word_1_948' title='bbox 3369 5312 3491 5353; x_wconf 87' lang='lat' dir='ltr'><strong><em>cum</em></strong></span> 
     </span>
    </p>
   </div>
   <div class='ocr_carea' id='block_1_116' title="bbox 1919 5389 3492 5478">
    <p class='ocr_par' dir='ltr' id='par_1_116' title="bbox 1919 5389 3492 5478">
     <span class='ocr_line' id='line_1_116' title="bbox 1919 5389 3492 5478; baseline -0.008 -23"><span class='ocrx_word' id='word_1_949' title='bbox 1919 5399 2127 5462; x_wconf 88' lang='lat' dir='ltr'><strong><em>morbo,</em></strong></span> <span class='ocrx_word' id='word_1_950' title='bbox 2159 5403 2212 5448; x_wconf 91' lang='lat' dir='ltr'><strong><em>et</em></strong></span> <span class='ocrx_word' id='word_1_951' title='bbox 2236 5409 2356 5448; x_wconf 90' lang='lat' dir='ltr'><strong><em>cum</em></strong></span> <span class='ocrx_word' id='word_1_952' title='bbox 2382 5401 2513 5456; x_wconf 89' lang='lat' dir='ltr'><strong><em>arte,</em></strong></span> <span class='ocrx_word' id='word_1_953' title='bbox 2545 5400 2600 5445; x_wconf 91' lang='lat' dir='ltr'><strong><em>et</em></strong></span> <span class='ocrx_word' id='word_1_954' title='bbox 2626 5405 2745 5444; x_wconf 92' lang='lat' dir='ltr'><strong><em>cum</em></strong></span> <span class='ocrx_word' id='word_1_955' title='bbox 2770 5389 3166 5442; x_wconf 88' lang='lat' dir='ltr'><strong><em>medicamentis</em></strong></span> <span class='ocrx_word' id='word_1_956' title='bbox 3192 5397 3296 5443; x_wconf 88' lang='lat' dir='ltr'><strong><em>stat</em></strong></span> <span class='ocrx_word' id='word_1_957' title='bbox 3321 5405 3492 5478; x_wconf 60' lang='lat' dir='ltr'><strong><em>agro-</em></strong></span> 
     </span>
    </p>
   </div>
   <div class='ocr_carea' id='block_1_117' title="bbox 1921 5479 3491 5552">
    <p class='ocr_par' dir='ltr' id='par_1_117' title="bbox 1921 5479 3491 5552">
     <span class='ocr_line' id='line_1_117' title="bbox 1921 5479 3491 5552; baseline -0.003 -8"><span class='ocrx_word' id='word_1_958' title='bbox 1921 5501 2025 5552; x_wconf 90' lang='lat' dir='ltr'><strong><em>tus,</em></strong></span> <span class='ocrx_word' id='word_1_959' title='bbox 2053 5497 2105 5541; x_wconf 89' lang='lat' dir='ltr'><strong><em>et</em></strong></span> <span class='ocrx_word' id='word_1_960' title='bbox 2135 5497 2310 5539; x_wconf 88' lang='lat' dir='ltr'><strong><em>tamen</em></strong></span> <span class='ocrx_word' id='word_1_961' title='bbox 2341 5481 2472 5536; x_wconf 86' lang='lat' dir='ltr'><strong><em>nihil</em></strong></span> <span class='ocrx_word' id='word_1_962' title='bbox 2490 5479 2724 5551; x_wconf 82' lang='lat' dir='ltr'><strong><em>prodest,</em></strong></span> <span class='ocrx_word' id='word_1_963' title='bbox 2751 5494 2870 5532; x_wconf 88' lang='lat' dir='ltr'><strong><em>cum</em></strong></span> <span class='ocrx_word' id='word_1_964' title='bbox 2895 5488 2950 5533; x_wconf 89' lang='lat' dir='ltr'><strong><em>et</em></strong></span> <span class='ocrx_word' id='word_1_965' title='bbox 2998 5489 3179 5534; x_wconf 90' lang='lat' dir='ltr'><strong><em>natura</em></strong></span> <span class='ocrx_word' id='word_1_966' title='bbox 3227 5480 3491 5539; x_wconf 84' lang='lat' dir='ltr'><strong><em>imbecilla</em></strong></span> 
     </span>
    </p>
   </div>
   <div class='ocr_carea' id='block_1_118' title="bbox 1915 5569 3492 5645">
    <p class='ocr_par' dir='ltr' id='par_1_118' title="bbox 1915 5569 3492 5645">
     <span class='ocr_line' id='line_1_118' title="bbox 1915 5569 3492 5645; baseline -0.003 -12"><span class='ocrx_word' id='word_1_967' title='bbox 1915 5582 2004 5645; x_wconf 83' lang='lat' dir='ltr'><strong><em>sit,</em></strong></span> <span class='ocrx_word' id='word_1_968' title='bbox 2029 5591 2081 5633; x_wconf 90' lang='lat' dir='ltr'><strong><em>et</em></strong></span> <span class='ocrx_word' id='word_1_969' title='bbox 2107 5589 2195 5630; x_wconf 81' lang='lat' dir='ltr'><strong><em>ars</em></strong></span> <span class='ocrx_word' id='word_1_970' title='bbox 2231 5589 2337 5628; x_wconf 87' lang='lat' dir='ltr'><strong><em>non</em></strong></span> <span class='ocrx_word' id='word_1_971' title='bbox 2360 5570 2694 5635; x_wconf 85' lang='lat' dir='ltr'><strong><em>successerit,</em></strong></span> <span class='ocrx_word' id='word_1_972' title='bbox 2727 5585 2822 5623; x_wconf 86' lang='lat' dir='ltr'><strong><em>nec</em></strong></span> <span class='ocrx_word' id='word_1_973' title='bbox 2847 5569 3044 5623; x_wconf 79' lang='lat' dir='ltr'><strong><em>exitum</em></strong></span> <span class='ocrx_word' id='word_1_974' title='bbox 3091 5569 3386 5637; x_wconf 87' lang='lat' dir='ltr'><strong><em>invenerit,</em></strong></span> <span class='ocrx_word' id='word_1_975' title='bbox 3438 5584 3492 5628; x_wconf 87' lang='lat' dir='ltr'><strong><em>et</em></strong></span> 
     </span>
    </p>
   </div>
   <div class='ocr_carea' id='block_1_119' title="bbox 1921 5659 3496 5729">
    <p class='ocr_par' dir='ltr' id='par_1_119' title="bbox 1921 5659 3496 5729">
     <span class='ocr_line' id='line_1_119' title="bbox 1921 5659 3496 5729; baseline -0.003 -6"><span class='ocrx_word' id='word_1_976' title='bbox 1921 5677 1995 5728; x_wconf 82' lang='lat' dir='ltr'><strong><em>vis</em></strong></span> <span class='ocrx_word' id='word_1_977' title='bbox 2045 5667 2548 5725; x_wconf 86' lang='lat' dir='ltr'><strong><em>medicamentorum</em></strong></span> <span class='ocrx_word' id='word_1_978' title='bbox 2596 5659 2772 5729; x_wconf 84' lang='lat' dir='ltr'><strong><em>aliquo</em></strong></span> <span class='ocrx_word' id='word_1_979' title='bbox 2800 5675 2921 5714; x_wconf 83' lang='lat' dir='ltr'><strong><em>casu</em></strong></span> <span class='ocrx_word' id='word_1_980' title='bbox 2953 5663 3262 5717; x_wconf 82' lang='lat' dir='ltr'><strong><em>evanuerit:</em></strong></span> <span class='ocrx_word' id='word_1_981' title='bbox 3295 5663 3346 5717; x_wconf 92' lang='lat' dir='ltr'><strong><em>iu</em></strong></span> <span class='ocrx_word' id='word_1_982' title='bbox 3382 5665 3496 5720; x_wconf 82' lang='lat' dir='ltr'><strong><em>Deo</em></strong></span> 
     </span>
    </p>
   </div>
  </div>
