4112 6224
481 244 549 300 7:;
1271 239 1323 291 s.
1384 234 1661 294 tos-usis
1695 229 2167 288 cntntsosrosn
2206 231 2518 288 ARCIIIEP.
2561 233 3088 292 consummes.
3660 241 3728 300 τε

479 368 650 415 autem
675 354 777 413 hoc
804 367 907 411 non
927 361 1008 410 est
1032 396 1046 419 ,
1079 351 1171 407 sed
1199 351 1242 405 si
1267 365 1391 405 cum
1426 347 1635 403 medico
1653 345 1884 408 steteris,
1930 359 2048 397 om-

480 451 606 506 nino
629 446 803 502 sanari
827 445 976 499 ulcus
993 449 1221 512 oportet.
1254 439 1368 494 Non
1396 447 1476 494 est
1501 437 1642 496 enim
1673 450 1760 490 ars
1781 435 2013 489 humana
2031 479 2046 499 ,

482 550 538 593 ut
563 537 754 594 effectu
779 544 991 592 careat:
1017 533 1109 589 sed
1131 533 1304 587 divina
1327 529 1695 600 facultas,qua:
1719 535 1773 583 et
1790 535 2050 591 mturam,

483 642 535 686 et
561 629 798 694 morbos,
829 635 883 682 et
908 627 1327 696 improbitatem,
1349 631 1403 678 et
1431 636 1590 678 omne
1613 620 1841 689 denique
1867 618 2052 673 vitium

480 730 714 792 superat.
747 721 813 775 Et
842 719 962 774 ideo
988 717 1074 773 hic
1096 731 1306 788 quoque
1339 730 1458 771 cum
1484 713 1551 768 ad
1581 713 1747 768 Deum
1789 719 2052 780 tamquam

482 815 544 870 ad
563 813 828 870 medicum
857 811 1188 875 accessisset,
1216 807 1425 863 dicebat
1453 824 1469 860 :
1499 805 1644 861 Sana
1671 820 1772 870 tne,
1805 803 2016 857 Domine
2036 841 2053 868 ,

480 905 720 974 quoniam
755 901 1051 958 conturbata
1069 910 1183 956 sunt
1209 916 1320 954 ossa
1342 915 1470 952 mea.
1496 895 1742 950 Nonnulli
1770 903 1945 949 autem
1969 893 2055 948 di-

483 1008 610 1052 eunt
633 1011 755 1052 eum
779 995 865 1050 hic
891 993 1068 1049 dicere
1097 990 1552 1047 conturbationem
1583 989 1748 1053 illam,
1767 1003 1884 1056 qua:
1915 987 1970 1039 tit
1991 1001 2058 1039 ex

485 1097 723 1158 peccato.
753 1083 1208 1155 Quemadmodum
1238 1082 1378 1135 enim
1435 1079 1649 1151 quando
1697 1078 1838 1132 venti
1891 1076 2056 1131 vehe-

485 1186 693 1233 mentes
720 1175 853 1231 mari
879 1173 1232 1236 incubuerint,
1260 1171 1436 1226 omnia
1478 1170 1710 1234 turbant,
1740 1178 1796 1223 et
1835 1183 1952 1236 qua:
1981 1174 2060 1221 est

485 1270 540 1323 in
567 1266 828 1339 profundo
855 1280 1015 1322 arena
1039 1279 1247 1320 sursum
1275 1263 1458 1327 fertur,
1508 1270 1562 1318 et
1585 1261 1675 1330 qui
1706 1266 1972 1329 nawgant,
2007 1259 2060 1312 in

486 1375 681 1431 magno
705 1367 986 1416 versantur
1014 1357 1248 1427 periculo
1273 1372 1288 1410 :
1319 1356 1389 1410 ita
1417 1355 1578 1410 etiam
1608 1355 1658 1407 in
1700 1352 1852 1406 nobis
1881 1351 2062 1405 turba-

488 1462 575 1506 tur
603 1447 801 1515 anima,
827 1457 1072 1505 movetur
1099 1461 1291 1516 corpus
1315 1463 1328 1498 :
1358 1445 1532 1501 omnia
1563 1443 1898 1514 complentur
1926 1452 2065 1496 tem-

491 1553 697 1611 pestate
721 1558 734 1594 :
765 1549 819 1597 et
846 1541 1003 1612 plena
1033 1550 1115 1595 est
1144 1539 1296 1594 nobis
1323 1537 1576 1608 deinceps
1597 1536 1786 1608 cymba
1813 1535 2066 1590 tumultus

487 1649 550 1689 ac
582 1631 1011 1704 perturbationis,
1037 1629 1220 1686 densae
1247 1637 1372 1683 sunt
1413 1628 1645 1684 tenebrae
1675 1665 1690 1693 ,
1741 1635 1796 1681 et
1846 1633 2070 1695 pereunt

495 1725 670 1780 omnia
687 1722 914 1794 propriis
942 1722 1073 1778 locis
1100 1721 1320 1789 relictis,
1341 1729 1526 1790 estque
1551 1719 1778 1774 maxima
1801 1716 2063 1773 confusio.

496 1815 607 1871 lloc
627 1815 855 1870 maxime
876 1823 929 1869 et
971 1815 1022 1867 in
1059 1813 1356 1868 libidinosis
1385 1812 1522 1867 solet
1545 1809 1918 1880 cupiditatibus
1943 1823 2069 1864 eve-

494 1909 630 1971 nire.
659 1908 759 1963 hoc
778 1908 940 1963 etiam
971 1907 1024 1962 in
1047 1907 1153 1974 ira,
1173 1906 1296 1961 etin
1313 1904 1722 1960 calamitatibus.
1773 1903 1898 1958 Haec
1927 1902 2070 1958 enim

501 2000 677 2056 omnia
706 1998 1028 2054 conturbant
1049 2005 1105 2053 et
1129 2012 1250 2053 ossa
1275 1997 1596 2059 etanimam,
1629 2003 1683 2050 et
1727 1995 1937 2065 pupilla:
1986 1995 2070 2048 in-

499 2099 796 2156 vertuntur,
822 2100 877 2144 et
905 2104 1003 2145 nec
1027 2087 1406 2159 oculiquidcm
1449 2087 1548 2141 rite
1597 2086 1868 2140 intuentur
1913 2098 1927 2134 :
1978 2083 2072 2138 sed

497 2181 944 2254 quemadmodum
997 2180 1303 2250 perturbato
1351 2178 1564 2249 auriga,
1621 2176 1747 2248 equi
1787 2175 2075 2232 insolenter

501 2276 776 2330 feruntur:
805 2274 878 2328 ita
907 2273 1064 2328 etiam
1109 2271 1420 2327 conturbata
1467 2270 1671 2324 ratione
1717 2267 1894 2324 omnia
1943 2281 2075 2322 con-

501 2367 825 2432 funduntur,
871 2364 1052 2419 omnia
1095 2364 1474 2429 invertuutur,
1523 2371 1578 2417 et
1623 2360 1886 2431 propriam
1935 2359 2076 2414 viam

502 2457 770 2512 amittunt.
805 2453 1084 2524 Quomodo
1123 2462 1300 2510 autem
1335 2451 1448 2508 haec
1500 2451 1594 2506 fiat
1627 2450 1971 2520 perturbatio,
2000 2448 2082 2504 di-

505 2564 644 2608 cere.
675 2549 834 2605 etiam
882 2562 1101 2604 necesse
1143 2554 1246 2602 est.
1283 2545 1399 2600 Non
1441 2544 1586 2600 enim
1631 2553 1690 2598 ut
1735 2544 1788 2598 in
1831 2543 1965 2598 mari
2014 2559 2084 2598 ex

505 2649 786 2695 ventorum
816 2639 1042 2708 impetu,
1085 2635 1156 2692 ita
1183 2635 1341 2692 etiam
1373 2635 1425 2690 in
1457 2635 1634 2689 anima
1684 2649 1752 2689 ex
1804 2634 2081 2702 in0pinato

511 2746 659 2798 casu,
689 2728 786 2786 sed
811 2743 877 2784 ex
904 2736 1086 2783 nostra
1111 2726 1351 2783 socordia
1379 2725 1575 2782 evenit.
1603 2723 1732 2778 Nam
1761 2734 1820 2778 ut
1847 2724 1926 2778 vel
1957 2721 2077 2788 fiat,

507 2822 592 2878 vel
617 2836 722 2876 non
745 2821 856 2888 flat,
888 2819 987 2890 ipsi
1011 2819 1064 2874 in
1097 2833 1254 2874 causa
1284 2830 1486 2872 sumus.
1515 2815 1621 2882 Ut,
1669 2815 1818 2872 verbi
1869 2815 2034 2886 gratia
2065 2856 2080 2882 ,

507 2922 692 2971 exorta
714 2911 1022 2984 cupiditate,
1057 2909 1159 2966 nisi
1185 2920 1239 2964 tu
1258 2909 1522 2963 ﬂammam
1542 2907 1880 2973 excitaveris,
1900 2905 2084 2960 fornax

509 3020 616 3060 non
643 3001 970 3068 accenditur,
993 3001 1094 3056 nisi
1119 2999 1357 3056 materia:
1383 2997 1594 3054 dederis
1617 2998 1945 3053 alimentum.
1969 2995 2084 3051 Non

511 3093 818 3151 accenditur
837 3101 1014 3147 autem
1046 3089 1252 3155 fornax,
1285 3089 1386 3144 nisi
1434 3087 1507 3143 de
1553 3087 1808 3158 speciosis
1858 3086 2089 3142 vultibus

513 3186 726 3241 curiose
766 3180 1139 3252 investigaris,
1188 3179 1287 3235 nisi
1338 3179 1405 3234 de
1453 3178 1624 3234 aliena
1665 3176 2084 3248 pulchritudine'

516 3279 679 3335 fueris
707 3278 928 3334 nimium
973 3273 1253 3339 sollicitus,
1306 3271 1407 3329 nisi
1471 3271 1522 3326 in
1550 3272 1753 3326 theatra
1805 3271 2091 3341 iniquitatis

517 3369 844 3426 ascenderis.
870 3366 982 3422 Nisi
1005 3364 1153 3420 enim
1183 3379 1394 3420 carnem
1422 3361 1626 3418 deliciis
1665 3359 1990 3432 pinguefecc.
2007 3361 2051 3415 is
2073 3403 2087 3425 ,

521 3463 620 3520 nisi
646 3462 768 3517 vino
787 3461 1046 3515 rationem
1072 3457 1314 3514 obruet-is
1337 3498 1352 3521 ,
1401 3455 1614 3510 ﬂamma
1659 3469 1762 3506 non
1792 3453 2050 3508 excitatur
2076 3492 2091 3515 ,

523 3557 708 3610 fornax
738 3568 848 3608 non
873 3549 1197 3612 accenditur,
1249 3563 1352 3601 non
1394 3545 1570 3601 evadit
1613 3544 1782 3598 bellua
1827 3542 2091 3608 ferocior,

527 3663 631 3702 non
655 3655 922 3716 tamquam
951 3658 982 3697 a
1007 3641 1180 3696 ventis
1200 3639 1516 3694 immanibus
1543 3635 1870 3692 exscinditur
1894 3637 2096 3706 cogita-

529 3736 688 3792 tionis
715 3733 936 3806 puritas.
965 3731 1091 3786 lltec
1115 3744 1260 3800 ergo,
1293 3727 1483 3798 inquit,
1525 3725 1593 3780 ad
1620 3724 1918 3781 evitandam
1971 3739 2105 3794 pec-

528 3827 630 3883 eati
659 3826 927 3882 flammam
952 3819 1255 3879 sufﬁciunt?
1283 3817 1396 3874 Non
1418 3815 1684 3874 sulliciunt
1714 3815 1827 3870 haec
1845 3815 1977 3880 sola,
2004 3811 2100 3868 sed

531 3927 744 3991 oportet
767 3917 926 3974 etiam
949 3915 1051 3970 alia
1081 3912 1356 3980 accedere,
1379 3909 1648 3966 orationes
1673 3907 1930 3971 assiduas,
1973 3920 2102 3960 san-

535 4017 747 4063 ctorum
757 4002 1222 4066 consuetudinem,
1233 3997 1500 4072 jejunium
1516 3996 1876 4064 moderatum,
1903 3996 2100 4051 victum

538 4107 779 4162 tenuem,
809 4106 1106 4150 necessaria
1127 4091 1406 4156 exercitia,
1427 4098 1552 4143 ante
1574 4087 1673 4142 alia
1703 4095 1881 4142 autem
1924 4085 2103 4144 omnia

537 4191 630 4246 Dei
659 4189 922 4252 timorem,
944 4185 1177 4241 futurum
1203 4183 1482 4254 judicium,
1543 4180 1802 4251 supplicia
1840 4179 2104 4234 intolera-

531 4281 682 4349 bilia,
713 4279 971 4336 bonorum
999 4273 1398 4346 promissiones.
1425 4272 1529 4326 Per
1560 4272 1673 4326 inec
1713 4269 1890 4325 omnia
1942 4267 2108 4325 refre-

540 4389 668 4429 nare
695 4382 846 4444 potes
866 4369 1206 4440 cupiditatem
1232 4365 1378 4420 rabie
1430 4363 1764 4434 exagitatam,
1821 4369 1878 4415 et
1919 4359 2109 4416 sedare

541 4480 688 4520 mare
713 4467 1036 4518 commotum
1061 4455 1324 4512 ﬂuctibus.
1357 4451 1795 4522 Sedtn,Domine,
1816 4451 2112 4522 usquequo?

541 4555 594 4612 5.
615 4554 928 4616 Convertere,
958 4548 1192 4610 Domine,
1213 4546 1349 4618 eripe
1371 4545 1592 4598 animam
1613 4559 1797 4610 meam,
1819 4544 2014 4597 salvum
2034 4561 2114 4599 me

545 4649 628 4713 [ac
658 4653 861 4714 prepter
889 4637 1283 4696 misericordiam
1317 4645 1480 4690 tuam.
1511 4633 1665 4689 Ponit
1699 4633 1912 4689 assidue
1937 4633 2061 4688 illud
2092 4675 2110 4702 ,

550 4736 782 4799 Domine,
803 4731 964 4788 veluti
987 4728 1267 4802 quamdam
1294 4726 1553 4783 rationem
1573 4725 1840 4782 adducens
1861 4725 2044 4797 gratia:
2062 4735 2118 4782 et

545 4824 952 4886 condonationis
988 4837 1006 4876 :
1035 4829 1120 4876 est
1140 4821 1283 4875 enim
1308 4817 1424 4873 lucc
1447 4824 1626 4872 nostra
1669 4831 1792 4886 spes
1841 4817 2070 4872 maxima
2101 4856 2116 4882 ,

551 4917 670 4988 ejus
694 4913 972 4971 ineffabilis
997 4909 1275 4968 clementia
1304 4923 1368 4964 ac
1387 4907 1705 4976 benignitas,
1727 4915 1778 4960 et
1807 4904 1946 4977 quod
1993 4921 2120 4960 sua-

555 5018 644 5080 pte
663 5014 848 5062 natura
869 5005 938 5060 sit
962 5015 1257 5074 propensus
1281 4997 1350 5056 ad
1384 4995 1811 5066 condonandum.
1865 4994 1997 5051 Illud
2027 5010 2122 5049 au-

557 5110 688 5162 tem.
720 5095 1003 5166 Usquequo,
1034 5107 1143 5147 non
1162 5099 1242 5146 est
1271 5088 1503 5162 graviter
1529 5102 1592 5142 ac
1618 5087 1840 5142 moleste
1866 5085 2083 5143 ferentis
2101 5127 2116 5147 ,

561 5188 908 5262 sedldolentis
951 5201 1014 5242 ac
1054 5182 1366 5249 mterentis,
1415 5189 1470 5236 et
1515 5193 1618 5235 non
1663 5179 1876 5234 ferentis
1929 5177 2166 5232 molem-

560 5281 934 5338 tentationum.

627 5467 643 5499 ι
679 5471 826 5524 ειυς..
991 5459 1040 5524 ιρι
1066 5451 1135 5524 υςι
1157 5449 1249 5524 ηαξ
1279 5450 1351 5500 vel
1384 5445 1620 5524 muter.
1633 5521 1647 5524 _
1660 5443 2132 5524 99599.9“1’3‘2‘4‘5

553 5505 900 5589 missas-2
929 5515 1013 5584 ad
1027 5505 1193 5589 ,τεμεεήι
1590 5505 2136 5589 εξεεέιέςνὶειᾳπξξὲῖ

559 5566 982 5644 διετιῖιῖῖρῆἱὰσὶε
1013 5573 1145 5644 ,ἔπηξε
1157 5587 1175 5636 ;
1204 5566 1311 5644 _'nisi
1345 5571 1562 5624 materia:
1593 5567 1787 5620 dederis
1826 5566 2138 5628 alimentum;

559 5634 654 5700 nisi
677 5643 736 5696 tle
759 5634 914 5694 aliena
937 5634 1309 5704 pulchritudine.

2232 345 2282 398 4.
2322 344 2636 406 Convertere.
2673 344 2904 414 Domine,
2951 349 3086 418 eripe
3112 349 3334 404 animum
3373 367 3554 407 meam.
3614 355 3730 410 Duo

2158 436 2244 491 hie
2271 436 2440 506 ponit,
2465 447 2518 492 et
2547 436 2716 508 ipsum
2744 441 3005 507 converti,
3031 448 3090 496 et
3107 441 3317 514 eripere
3337 443 3584 500 animam.
3620 446 3730 505 [loc

2157 527 2300 584 enim
2327 545 2353 580 a
2377 527 2532 596 justis
2555 529 2785 584 maxime
2809 531 2982 585 studio
3003 533 3360 600 contenditur,
3407 545 3463 590 ut
3491 537 3603 607 ipse
3647 556 3730 596 re-

2158 619 2490 686 concilietur,
2518 621 2586 675 sit
2609 620 2867 692 benignus
2894 639 2957 678 ae
2986 626 3265 694 propitius,
3290 635 3346 681 et
3384 642 3489 682 non
3519 644 3733 686 averse-

2160 717 2265 764 tur.
2290 710 2400 765 lloc
2420 711 2560 766 enim
2591 713 2748 768 etiatn
2776 715 2918 770 aliud
2940 716 3301 787 consequitur.
3326 733 3516 789 nempe
3538 728 3596 774 ut
3615 736 3732 776 ser-

2162 810 2317 856 vetur
2342 805 2552 868 anima;
2587 818 2690 858 non
2713 806 3157 875 quemadmodum
3187 809 3336 863 multi
3383 809 3647 879 homines,
3679 821 3736 869 et

2164 892 2394 944 maxime
2417 894 2726 958 crassiores,
2757 911 2918 949 unum
2939 897 3112 951 solum
3141 899 3434 968 requirunt,
3492 911 3548 955 ut
3595 918 3736 973 prm-

2165 983 2300 1036 senti
2327 982 2566 1037 fruantur
2589 985 2958 1056 prosperitate.
2983 989 3050 1042 At
3079 1003 3184 1042 non
3215 989 3286 1043 illi
3311 989 3386 1045 sic
3410 1008 3426 1057 ;
3456 993 3549 1048 sed
3573 1003 3628 1048 ut
3649 1010 3736 1048 sa-

2167 1073 2329 1126 lutem
2360 1075 2552 1130 anitum
2573 1087 2986 1146 consequantur,
3032 1093 3136 1149 qua
3182 1081 3314 1135 nihil
3360 1089 3443 1136 est
3473 1083 3550 1138 eis
3599 1086 3735 1139 anti-

2166 1165 2339 1234 quius.
2365 1167 2417 1222 6.
2454 1166 2702 1233 Quoniam
2728 1185 2827 1223 non
2853 1179 2924 1224 est
2952 1171 3003 1224 in
3033 1180 3188 1224 morte
3207 1172 3294 1241 qui
3320 1190 3508 1227 memor
3521 1176 3588 1229 sit
3619 1179 3687 1229 tui
3710 1218 3727 1240 ,

2167 1257 2220 1309 in
2242 1258 2440 1329 inferno
2463 1268 2628 1311 autem
2654 1261 2764 1328 quis
2790 1260 3104 1328 confitebitur
3122 1261 3210 1314 tibi
3226 1263 3252 1314 ?
3283 1263 3412 1318 Vide
3429 1275 3556 1334 quot
3583 1268 3735 1323 affert

2169 1361 2357 1402 causas
2383 1349 2587 1402 salutis.
2619 1349 2868 1414 Quoniam
2887 1352 3118 1420 inﬁrmus
3162 1369 3294 1419 sunt,
3346 1354 3533 1425 inquit,
3594 1357 3736 1425 Quo-

2170 1441 2307 1494 niam
2327 1441 2622 1494 conturbata
2640 1452 2755 1496 sunt
2783 1459 3050 1508 ossatttea,
3101 1447 3351 1514 quoniam
3390 1446 3504 1502 bmc
3543 1433 3666 1517 pcto
3707 1464 3738 1503 a

2170 1535 2414 1600 Domino,
2445 1537 2694 1604 Quoniam
2723 1555 2822 1592 non
2851 1549 2922 1592 est
2946 1539 2998 1590 in
3029 1549 3187 1592 morte
3203 1540 3288 1610 qui
3319 1557 3505 1594 memor
3531 1543 3595 1596 sit
3619 1543 3693 1594 tui
3720 1558 3738 1596 :

2170 1643 2276 1683 non
2304 1627 2404 1684 hoc
2425 1629 2626 1694 dicens,
2655 1644 2741 1685 res
2780 1640 2987 1685 nostras
3005 1645 3126 1686 esse
3155 1632 3429 1700 przesentis
3448 1634 3569 1688 vita:
3599 1635 3740 1689 limi-

2173 1717 2312 1774 tibus
2332 1720 2782 1789 circumscriptis,
2811 1719 2953 1776 absit
2980 1737 2993 1773 :
3026 1721 3176 1775 novit
3201 1721 3342 1776 enim
3394 1725 3738 1780 resurrectio-

2123 1871 2128 1876 ,
2175 1823 2331 1874 nem;
2361 1811 2452 1864 sed
2483 1819 2760 1880 postquam
2793 1811 2916 1866 hinc
2943 1813 3356 1879 excesserimus,
3380 1828 3492 1868 non
3515 1814 3630 1869 dari
3649 1815 3732 1869 lo-

2175 1915 2295 1956 cum
2325 1901 2666 1970 pteuitentize.
2693 1903 2847 1959 Dives
2863 1904 3005 1958 enim
3030 1904 3380 1961 confitebatur
3405 1945 3428 1971 ,
3453 1915 3522 1961 .et
3563 1909 3738 1976 pani-

2178 1997 2338 2049 tentia
2365 1995 2672 2060 ducebatur,
2695 1997 2788 2051 sed
2816 1996 2946 2051 nihil
2973 1998 3021 2053 ei
3045 1997 3314 2068 proderat,
3337 1999 3582 2069 quoniam
3601 2010 3743 2055 tem-

2178 2102 2276 2156 pus
2304 2088 2632 2156 prteterierat
2653 2087 2814 2160 (an.
2844 2089 2956 2158 16).
2985 2088 3228 2160 Virgines
3252 2091 3412 2144 etiam
3444 2091 3620 2144 oleum
3649 2106 3748 2145 ac-

2177 2179 2355 2248 cipere
2375 2178 2670 2244 voluerunt,
2699 2179 2792 2234 sed
2822 2193 2980 2234 nemo
3001 2179 3080 2234 eis
3100 2178 3247 2234 dedit
3271 2178 3481 2247 (Matth.
3499 2179 3612 2252 25).
3637 2179 3754 2236 Hoc

2179 2283 2306 2341 ergo
2369 2278 2520 2340 rogat
2580 2269 2668 2324 hic
2727 2270 2885 2324 etiam
2919 2310 2934 2334 ,
3002 2278 3059 2323 ut
3124 2268 3210 2324 hic
3262 2280 3478 2339 peccata
3536 2270 3676 2324 eluat
3732 2287 3751 2322 τ

2181 2373 2240 2418 ut
2300 2362 2468 2432 possit
2519 2361 2735 2416 terribili
2800 2361 3047 2416 tribunali
3101 2360 3325 2416 fidenter
3375 2360 3604 2415 adstare.
3644 2361 3752 2416 De-

2181 2452 2306 2509 inde
2339 2452 2538 2508 docens
2583 2451 2878 2507 auditorem
2904 2492 2918 2514 ,
2956 2467 3076 2506 eum
3125 2451 3221 2506 Dei
3265 2451 3545 2506 clementia
3589 2465 3747 2520 opor-

2185 2555 2298 2603 tere
2323 2545 2482 2600 ctiam
2504 2556 2685 2600 nostra
2714 2560 2966 2615 consequi
2997 2545 3152 2616 (nam
3180 2554 3240 2600 et.
3263 2545 3307 2599 si
3338 2546 3756 2600 imbecillitatem.

2189 2636 2601 2708 prmtendamus,
2630 2637 2674 2692 si
2704 2638 3074 2701 turbatioucm,
3123 2637 3168 2690 si
3197 2636 3298 2692 Dei
3321 2636 3608 2692 bonitatem
3632 2677 3648 2704 ,
3705 2638 3750 2691 si

2185 2728 2286 2784 hoc
2311 2729 2468 2784 etiam
2494 2729 2688 2798 ipsum,
2715 2727 2856 2798 quod
2876 2727 3107 2794 dicebat,
3130 2737 3312 2781 nostra
3333 2735 3510 2781 autem
3537 2727 3618 2782 Itis
3643 2742 3748 2782 non

2185 2821 2465 2886 accedant,
2492 2821 2644 2876 nobis
2671 2819 2801 2876 nihil
2833 2819 3087 2890 prodesse
3113 2823 3132 2890 )
3159 2859 3174 2883 ,
3205 2817 3325 2873 vide
3353 2819 3602 2888 quidnam
3625 2819 3754 2874 sub-

2181 2913 2374 2985 jungit.
2399 2914 2450 2967 7.
2484 2911 2737 2966 Laboraei
2752 2913 2804 2965 in
2833 2911 3020 2982 gemitu
3055 2927 3193 2974 meo,
3216 2911 3391 2964 lavabo
3421 2927 3509 2979 per
3533 2911 3760 2980 singulas

2190 3015 2355 3061 noctes
2402 3004 2582 3060 lectum
2627 3019 2826 3068 meum;
2852 3002 3087 3072 lacrymis
3114 3003 3234 3055 meis
3259 3011 3470 3056 stratum
3496 3017 3655 3054 mrum
3685 3002 3758 3053 ri-

2189 3098 2337 3170 gabo.

2267 3187 2512 3243 Hortatur
2532 3189 2599 3241 ad
2624 3187 2981 3257 paenitentiam.
3009 3215 3081 3226 -—
3105 3185 3334 3240 Audiam
3359 3185 3446 3255 qui
3490 3194 3612 3240 sunt
3664 3185 3764 3240 hu-

2194 3281 2347 3336 miles
2361 3290 2416 3334 et
2442 3279 2657 3349 abjeeti,
2687 3278 2895 3349 qualem
2925 3292 3016 3332 rex
3040 3286 3094 3331 et
3124 3291 3352 3346 purpura
3407 3276 3619 3330 indutus
3669 3291 3762 3330 os-

2197 3371 2434 3426 tenderet
2452 3370 2816 3443 paznitentiam
2839 3385 2854 3422 :
2884 3367 3179 3434 audiamus,
3197 3381 3628 3438 eompungamur.
3650 3365 3767 3420 Non

2197 3464 2368 3519 solum
2399 3461 2692 3521 laborabat,
2714 3459 2809 3514 sed
2839 3458 3376 3528 laborabatgemens;
3427 3473 3531 3512 non
3563 3466 3761 3511 tantum

2200 3553 2608 3626 lacrymabatur,
2637 3551 2730 3606 sed
2748 3550 2908 3606 etiam
2928 3550 3177 3621 Iaerymis
3200 3549 3396 3604 lectum
3415 3548 3640 3614 lavabat,
3661 3562 3765 3600 non

2200 3662 2307 3702 uno
2335 3654 2425 3700 aut
2449 3645 2655 3700 duobus
2683 3651 2775 3697 aut
2804 3642 2973 3696 tribus
2996 3640 3202 3705 diebus,
3235 3639 3328 3696 sed
3356 3641 3515 3695 etiam
3547 3639 3769 3708 singulis

2202 3737 2486 3802 noctibus;
2515 3744 2568 3790 et
2589 3751 2692 3790 non
2717 3733 2886 3789 solum
2913 3733 3042 3787 dicit
3063 3733 3388 3803 praeteritum
3418 3773 3434 3798 ,
3473 3730 3568 3786 sed
3607 3732 3764 3785 etiam

2202 3827 2456 3883 futurum.
2483 3825 2561 3881 Ne
2591 3826 2784 3895 putetis
2811 3824 2954 3879 enim
2973 3839 3116 3885 eum,
3147 3838 3268 3876 eum
3296 3822 3410 3878 hmc
3427 3823 3592 3877 semel
3619 3821 3769 3876 fecis-

2204 3929 2306 3984 sct,
2334 3919 2584 3987 deinceps
2610 3929 2668 3971 se
2697 3916 2858 3986 quieti
2889 3914 3188 3980 tradidisse,
3211 3923 3263 3970 et
3294 3913 3593 3968 laxamento
3621 3926 3769 3966 usum

2205 4026 2327 4067 esse
2351 4027 2363 4063 :
2393 4008 2485 4064 sed
2509 4008 2609 4062 hoc
2633 4007 2844 4062 assidue
2865 4007 2986 4062 fecit
3011 4021 3106 4076 per
3127 4013 3289 4060 totam
3319 4005 3500 4068 vitam,
3536 4018 3640 4058 non
3666 4003 3772 4056 sic-

2210 4112 2267 4156 ut
2304 4115 2433 4166 nos,
2452 4099 2541 4169 qui
2567 4113 2673 4152 uno
2700 4098 2788 4153 die
2808 4105 2867 4151 ut
2888 4096 3171 4167 plurimum
3205 4095 3256 4148 id
3277 4103 3514 4162 agentes,
3571 4094 3680 4147 imo
3709 4109 3776 4147 ne

2211 4207 2316 4246 uno
2342 4189 2577 4260 quidem,
2608 4203 2706 4242 nos
2728 4189 2870 4256 ipsos
2901 4185 3027 4240 risui
3052 4185 3093 4248 ί,
3122 4182 3396 4251 voluptati,
3427 4191 3479 4236 et
3517 4182 3628 4234 otio
3673 4191 3780 4236 tra-

2209 4283 2402 4337 dinuts.
2433 4284 2500 4335 At
2527 4297 2633 4335 non
2662 4280 2784 4334 ille:
2815 4276 2906 4332 sed
2940 4277 2990 4330 in
3022 4274 3266 4344 lacrymis
3295 4281 3550 4343 perpetuo
3569 4271 3778 4341 agebat.

2213 4375 2357 4430 llanc
2384 4389 2480 4428 nos
2507 4373 2664 4428 etiam
2685 4370 2951 4424 imitemur
2976 4365 3384 4422 confessionem.
3431 4364 3486 4420 Si
3511 4364 3652 4421 enim
3681 4379 3778 4419 no-

2215 4466 2472 4520 luerimus
2503 4463 2586 4516 hic
2613 4461 2758 4524 ﬂere,
2783 4459 2890 4513 illic
2913 4457 3132 4512 omnino
3155 4469 3375 4511 necesse
3421 4455 3522 4509 erit
3560 4453 3689 4509 tlere
3730 4464 3786 4508 et

2217 4557 2454 4627 ejularc:
2487 4553 2595 4608 illic
2624 4551 2838 4620 quidem
2867 4548 3159 4614 inutiliter;
3190 4549 3275 4603 hic
3297 4558 3475 4602 autem
3499 4563 3618 4602 cum
3639 4563 3786 4600 emo-

2217 4648 2454 4702 lumento
2482 4663 2496 4700 :
2525 4643 2633 4699 illic
2669 4656 2788 4698 cum
2818 4640 3100 4712 ignominia
3128 4653 3190 4693 ac
3236 4637 3530 4703 dedecore;
3562 4636 3648 4692 hic
3688 4635 3786 4691 de-

2218 4755 2343 4796 core
2369 4737 2652 4791 admodum
2679 4744 2733 4789 et
2760 4736 2999 4789 honeste.
3027 4731 3162 4799 Quid
3191 4731 3333 4787 enim
3361 4745 3580 4786 necesse
3600 4729 3667 4782 sit
3691 4727 3791 4782 hoc

2223 4830 2358 4893 fieri,
2382 4828 2502 4882 audi
2527 4825 2654 4897 quid
2673 4825 2814 4886 dicat
2828 4823 3070 4879 Christus
3097 4841 3111 4876 :
3143 4821 3255 4876 Illic
3267 4821 3359 4876 erit
3375 4822 3524 4891 ﬂetus
3546 4829 3590 4872 et
3609 4818 3794 4873 stridor

2223 4922 2446 4975 dentium
2466 4919 2485 4990 (
2507 4918 2694 4972 Matth.
2723 4917 2777 4972 8.
2807 4913 2916 4986 12).
2946 4915 3017 4970 At
3041 4930 3144 4968 non
3173 4912 3242 4966 ita
3284 4912 3373 4982 qui
3397 4911 3481 4965 hic
3508 4910 3635 4966 fleuit
3657 4925 3674 4964 :
3699 4906 3796 4962 sed

2227 5027 2469 5083 magnam
2495 5018 2889 5078 consequentur
2914 5005 3352 5060 consolationem.
3383 5001 3527 5055 Beati
3542 5001 3682 5056 enim
3713 4999 3799 5068 qui

2229 5105 2414 5175 lugent,
2443 5102 2680 5174 quoniam
2707 5097 3101 5152 consolationem
3115 5094 3360 5164 accipient
3380 5092 3400 5163 (
3414 5091 3598 5146 Matth.
3622 5093 3675 5147 5.
3703 5091 3799 5160 5).

2243 5194 2330 5250 Vt!
2373 5193 2507 5246 vobis
2555 5189 2785 5244 divitibus
2814 5191 2857 5253 ’,
2905 5187 3141 5253 quoniam
3167 5184 3390 5254 accipitis
3414 5183 3804 5238 consolationem

2233 5297 2448 5341 vestram
2493 5282 2670 5352 (Luc.
2700 5281 2753 5334 6.
2797 5276 2934 5346 24).
2978 5275 3208 5330 Audiant
3261 5274 3351 5346 qui
3390 5275 3556 5330 lectos
3610 5271 3806 5327 habent

2304 5505 2320 5532 ι
2358 5506 2496 5561 κερ..
2519 5507 2612 5563 non
2634 5493 2860 5563 sicutonos
2874 5489 2959 5552 qui
2997 5502 3092 5540 uno
3113 5491 3195 5542 die
3237 5495 3320 5541 aut
3342 5500 3442 5540 tota
3473 5490 3607 5538 nocte
3629 5484 3681 5536 id
3712 5482 3811 5547 agi-

2242 5574 2367 5615 mus.
2388 5557 2447 5609 et'
2466 5571 2552 5607 nos
2572 5557 2862 5620 ipsos}in
3001 5613 3013 5620 _
3050 5609 3080 5620 Α,

2307 5625 2327 5656 ι
2357 5613 2495 5684 tte-3.,
2519 5613 2754 5678 etc't'obia,
2780 5614 2861 5679 qui
2884 5613 3120 5681 gaudetis.

4075 1961 4098 2162 ἐ

4081 2175 4090 2274 1
