4112 6224
381 228 449 287 77
552 268 563 277 .
985 310 991 318 _
1096 237 1153 292 S.
1193 238 1476 295 JOASNIS
1509 240 2007 301 CHRYSOSTOMY
2043 249 2360 311 ARCHIEP.
2402 257 2940 324 CONSTANTINOP.
3566 278 3632 336 78

373 344 459 400 ὅτι
507 349 761 416 ἀπέχετε
799 348 912 417 τὴν
939 349 1055 422 [46]
1084 351 1473 420 παράκλησιν
1512 356 1694 427 ὑμῶν.
1739 358 1955 412 Ἀκουέ-

374 449 555 485 τωσαν
577 433 626 485 οἱ
655 434 753 498 τάς
780 434 1029 505 ἀργυρᾶς
1057 435 1244 499 κλίνας
1272 436 1488 507 ἔχοντες
1507 481 1520 500 ,
1565 442 1651 496 οἶα
1680 443 1774 496 τοῦ
1802 443 1956 512 βασιο

374 515 512 580 λέως
538 513 660 588 ἦνή
698 516 852 588 κλίνη
871 533 885 548 ·
915 519 977 572 ού
1014 518 1427 592 λιθοκόλλητος,
1465 524 1526 576 οὗ
1558 527 1953 595 χρυσόπαστος,

375 597 509 651 ἀλλὰ
548 599 777 671 δάκρυσι
816 598 1132 672 λελουμένη.
1166 601 1352 676 Τούτῳ
1386 607 1443 658 αί
1478 607 1672 671 νύκτες
1701 609 1801 663 ούκ
1827 610 1955 663 ἀνα-

376 678 660 763 παύσεως,
702 681 842 736 ἀλλὰ
883 682 1097 755 θρήνων
1128 686 1224 739 καὶ
1254 687 1505 759 ὀδυρμῶν
1548 689 1742 755 νύκτες
1791 689 1955 763 ἦσαν,

386 762 604 846 Ἐπειδὴ
632 765 691 817 ἐν
720 766 906 839 ήμέρᾳ
933 766 1121 821 πολλαὶ
1148 769 1456 840 περιέσπων
1482 783 1507 812 ι
1545 772 1704 826 αὐτὸν
1738 762 1955 846 φροντί-

372 843 496 909 δες,
527 846 585 900 ὃν
625 846 862 912 ἅπαντες
901 849 1137 915 ἀνέσεως
1171 852 1448 909 ποιοῦνται
1494 856 1716 928 καιρὸν,
1764 843 1955 912 τοῦτον

372 930 579 992 ἐκεῖνος
604 930 1037 1004 ἐξομολογήσεως
1067 936 1297 989 ἐποιεῖτο
1321 977 1335 1003 ,
1377 935 1703 1010 θερμότερον
1740 940 1953 1012 θρηνῶν

372 1015 515 1067 τότε.
547 1013 728 1069 Καλὸν
772 1016 870 1087 μὲν
903 1016 1012 1088 γάρ
1050 1018 1138 1072 ἀεὶ
1165 1019 1225 1073 τὸ
1255 1020 1461 1074 κλαίειν
1483 1062 1497 1085 ,
1535 1023 1768 1092 μάλιστα
1806 1025 1863 1078 δέ
1893 1023 1955 1079 ἐν

371 1095 549 1167 καιρῷ
578 1098 675 1166 τῆς
702 1099 893 1162 νυκτὸς
912 1140 927 1162 ,
953 1101 1042 1153 ὅτε
1073 1103 1243 1167 οὐδεὶς
1286 1104 1566 1175 ἐκκρούων
1603 1107 1702 1177 τῆς
1747 1106 1955 1178 θαυμα.

371 1177 503 1267 στῆς
545 1179 750 1267 ταύτης
784 1182 979 1267 ήδονῆς
1005 1226 1019 1249 ,
1063 1184 1178 1237 ἀλλ’
1208 1186 1415 1240 ἔνεστιν
1452 1189 1827 1261 ἐμφορηθῆναι
1858 1177 1954 1267 τῷ

371 1260 838 1343 βουλομένῳ’μετά
866 1266 1046 1336 πάσης
1079 1267 1277 1332 ἀδείας.
1316 1270 1524 1325 ’Ὶσασιν
1542 1260 1607 1325 οῖ
1625 1260 1820 1343 πεῖραν
1851 1260 1949 1327 λαἰ

369 1342 551 1408 δόντες
581 1344 611 1398 δ
639 1345 801 1415 λέγω,
853 1348 984 1419 ὅσην
1017 1350 1356 1422 εὐφροσύνην
1395 1352 1609 1424 ἔχουσιν
1648 1342 1809 1408 αὗται
1840 1356 1949 1409 τῶν

363 1424 615 1499 δακρύων
665 1431 722 1482 αί
770 1432 963 1501 πηγαί.
997 1433 1183 1486 Ταῦτα
1230 1436 1299 1490 τὰ
1333 1436 1547 1508 δάκρυα
1593 1437 1654 1491 τὸ
1686 1439 1950 1492 ἄσϐεστον

365 1510 478 1583 πῦρ
525 1511 714 1568 σϐέσαι
747 1514 1033 1581 δύνανται,
1062 1519 1153 1571 τὸν
1196 1521 1441 1588 ποταμὸν
1472 1524 1679 1575 ἐκεῖνον
1707 1523 1799 1576 τὸν
1842 1524 1949 1594 πρὸ

361 1594 457 1649 τοῦ
480 1595 723 1669 βήματος
758 1600 1067 1670 ἑλκόμενον.
1095 1602 1193 1656 Διά
1224 1602 1381 1656 τοῦτο
1406 1607 1499 1657 καὶ
1521 1607 1550 1658 6
1583 1607 1792 1669 Παῦλος
1826 1608 1947 1662 ἐδά-

363 1694 496 1748 κρυε
519 1681 756 1752 τριετίαν
780 1682 951 1736 νύκτα
976 1684 1066 1738 καὶ
1086 1685 1322 1756 ἡμέραν,
1340 1688 1409 1740 τά
1431 1688 1685 1761 ἀλλότρια
1712 1689 1947 1761 διορθού-

365 1777 526 1829 μενος
559 1763 703 1836 πάθη
723 1783 736 1796 ·
770 1766 931 1837 ἡμεῖς
975 1765 1032 1819 δὲ
1065 1767 1184 1820 οὐδὲ
1236 1769 1302 1822 τὰ
1332 1771 1505 1825 οἰκεῖα
1527 1811 1543 1832 ,
1590 1773 1724 1826 ἀλλὰ
1750 1774 1946 1841 γέλωτι

362 1844 458 1899 καὶ
489 1849 663 1918 τρυφῇ
698 1848 924 1913 ἑαυτοὺς
970 1850 1299 1917 ἐκδιδόντες,
1336 1854 1432 1924 τὴν
1464 1854 1632 1909 νύκτα
1663 1858 1815 1928 κάρῳ
1850 1857 1946 1927 βαι

362 1925 448 1980 θεῖ
478 1929 957 2001 καταχωννύμεθα.
992 1933 1102 1985 Καὶ
1134 1936 1182 1986 οἱ
1219 1937 1319 2003 μὲν
1349 1936 1500 2008 ὕπνῳ
1535 1925 1751 2010 θανάτῳ
1778 1925 1943 2011 προσο

359 2012 558 2066 εοικότι
592 2016 970 2087 προσήλωνται
992 2033 1005 2049 ⁸
1067 2019 1116 2070 οἱ
1144 2019 1201 2072 δὲ
1235 2021 1543 2091 ἀγρυπνίαν
1582 2021 1811 2076 θανάτου
1845 2041 1942 2093 χα-

358 2094 675 2168 λεπωτέραν
699 2099 1039 2169 άγρυπνοῦσι
1065 2144 1079 2166 ,
1107 2103 1301 2167 τόκους
1349 2106 1443 2158 καὶ
1469 2104 1801 2175 δανείσματα
1847 2107 1941 2159 καὶ

357 2178 456 2242 τὰς
481 2180 680 2253 ἐτέρων
718 2183 1161 2258 ἀναλογιζόμενοι
1207 2190 1327 2243 κατ’
1366 2190 1572 2243 ἐκεῖνον
1609 2192 1702 2245 τὸν
1749 2192 1939 2263 καιρδν

357 2263 670 2328 ἐπιϐουλάς.
705 2265 843 2318 Ἀλλ’
877 2269 974 2338 οὐχ
1017 2271 1067 2322 οἱ
1101 2272 1393 2342 νήφοντες,
1426 2272 1563 2326 ἀλλά
1600 2275 1701 2335 τὰς
1732 2275 1941 2328 ἑαυτῶν

359 2350 658 2417 γεωργοῦσι
701 2350 879 2422 ψυχάς
900 2392 914 2414 ,
948 2352 1137 2424 ὥσπερ
1166 2355 1306 2426 ὑετῴ
1335 2359 1448 2419 τοῖς
1480 2357 1707 2429 δάκρυσι
1733 2375 1939 2430 κεχρη-

361 2432 511 2502 μένοι
532 2433 740 2499 τούτοις
756 2474 770 2494 ,
789 2437 885 2489 καὶ
907 2436 977 2490 τά
999 2438 1290 2509 σπέρματα
1313 2440 1413 2509 τῆς
1438 2441 1638 2510 ἀρετῆς
1662 2440 1934 2508 αὔξοντες.

358 2515 517 2589 Πάσῃ
544 2517 710 2588 κακίᾳ
753 2519 844 2571 καὶ
873 2519 1127 2590 ἀσελγείᾳ
1154 2520 1354 2585 άϐατός
1382 2525 1529 2585 ἐστιν
1553 2523 1681 2595 εὐνὴ
1715 2524 1937 2578 τοιαῦτα

355 2598 566 2670 δάκρυα
588 2600 871 2672 δεχομένη.
919 2604 977 2657 '0
1009 2604 1076 2658 τά
1101 2605 1323 2659 τοιαῦτα
1344 2605 1554 2678 δάκρυα
1581 2608 1857 2673 σταλάζων
1885 2610 1935 2677 b,

353 2683 507 2736 οὐδὲν
536 2686 747 2754 ἡγεῖται
767 2685 835 2739 τά
865 2687 955 2740 ἐπὶ
981 2687 1078 2759 τῆς
1105 2688 1230 2758 γῆς,
1255 2688 1392 2744 ἀλλὰ
1414 2691 1593 2761 πάσης
1621 2690 1935 2765 πολιορκίας

353 2767 683 2822 ἀπαλλάττει
715 2768 813 2840 τὴν
833 2768 1030 2841 ψυχὴν,
1068 2770 1163 2824 τοῦ
1190 2771 1338 2842 ἡλίου
1363 2773 1751 2848 λαμπροτέραν
1781 2776 1934 2830 καθί-

354 2869 511 2923 στησι
547 2851 645 2923 τὴν
675 2851 931 2907 διάνοιαν.
969 2855 1078 2908 Καὶ
1116 2856 1189 2926 μή
1220 2873 1287 2927 με
1314 2857 1572 2929 νομίσητε
1605 2859 1741 2931 πρὸς
1770 2878 1935 2930 μονα-

350 2938 481 3008 χοὺς
501 2934 674 2992 ταῦτα
700 2937 880 3007 λέγειν
920 2938 1080 3008 μόνον
1100 2955 1113 2969 ο
1147 2939 1244 2992 καὶ
1269 2940 1375 3013 γάρ
1415 2941 1551 3012 πρὸς
1583 2941 1871 3012 βιωτικοὺς
1903 2946 1932 3016 ή

352 3020 675 3092 παραίνεσις
699 3060 712 3078 .
758 3021 853 3074 καὶ
888 3021 1029 3093 πρὸς
1058 3021 1281 3086 τούτους
1322 3022 1517 3093 μᾶλλον
1536 3068 1550 3090 ,
1582 3025 1615 3094 ἦ
1646 3024 1890 3090 ἐκείνους
1914 3040 1929 3055 ·

350 3097 496 3157 οὗτοι
516 3103 627 3174 γὰρ
649 3103 880 3173 μάλιστα
901 3104 950 3157 οί
971 3104 1215 3175 δεόμενοι
1237 3106 1346 3160 τῶν
1365 3107 1463 3178 τῆς
1488 3109 1774 3178 μετανοίας
1799 3128 1934 3183 φαρ-

355 3191 564 3262 μάκων.
601 3190 659 3245 '0
683 3191 903 3245 τοιαῦτα
931 3190 1169 3264 θρηνῶν,
1201 3193 1558 3263 ἀναστήσεται
1587 3194 1802 3265 λιμένος
1825 3215 1930 3268 γα-

349 3279 514 3349 ληνοῦ
546 3279 645 3351 τὴν
677 3278 855 3350 ψυχὴν
883 3280 1106 3349 ἄμεινον
1132 3279 1270 3351 ἔχων
1290 3320 1305 3342 ,
1337 3280 1514 3335 πάντα
1555 3282 1833 3338 ἐκϐάλλων
1859 3284 1931 3339 τά

352 3361 499 3430 πάθη
518 3379 532 3392 ’
565 3360 766 3431 πολλῆς
799 3360 1226 3431 πεπληρωμένος
1252 3362 1355 3433 τῆς
1381 3363 1718 3436 εὐφροσύνης
1742 3367 1822 3430 είς
1849 3362 1928 3420 οῐ-

352 3461 447 3498 κον
474 3442 610 3496 Θεοῦ
664 3443 802 3514 μετά
840 3445 1152 3517 παρρησίας
1185 3446 1554 3516 ἀπαντήσεται
1592 3450 1622 3503 6
1651 3449 1890 3514 τοιοῦτος
1912 3467 1927 3481 ·

349 3526 430 3598 τῷ
472 3525 698 3596 πλησίον
749 3527 866 3597 μεθ’
896 3527 1090 3598 ήδονῆς
1135 3527 1467 3594 διαλέξεταιο
1511 3532 1573 3584 ού
1624 3531 1794 3604 θυμὸς
1821 3533 1930 3605 γάρ

351 3610 663 3681 ἐνδομυχεῖ.
704 3612 805 3664 οὐκ
843 3610 1109 3681 ἐπιθυμία
1140 3612 1364 3683 φλέγει,
1397 3614 1498 3666 οὐκ
1529 3613 1668 3684 ἔρως
1714 3616 1930 3686 χρημάο

349 3709 480 3758 των,
513 3694 576 3747 ού
603 3692 822 3761 φθόνος,
856 3694 956 3747 οὐκ
984 3694 1112 3748 ἀλλο
1135 3695 1244 3749 τῶν
1263 3694 1516 3749 τοιούτων
1548 3697 1721 3751 οὐδέν.
1746 3698 1930 3753 Πάντα

350 3776 461 3850 γάρ
490 3776 682 3841 ταῦτα,
711 3777 960 3850 καθάπερ
993 3778 1157 3850 θηρία
1188 3778 1571 3850 ἐμφωλεύοντα
1591 3820 1606 3844 ,
1637 3780 1929 3836 καταδῦναι

350 3862 442 3917 διὰ
471 3860 571 3931 τῆς
595 3861 788 3927 νυκτὸς
816 3863 845 3916 6
879 3861 1180 3933 στεναγμὸς
1226 3864 1435 3924 ἐκεῖνος
1484 3865 1579 3918 καὶ
1621 3865 1688 3919 τά
1720 3864 1930 3937 δάκρυα

353 3945 784 4017 παρεσκεύασεν.
832 3943 1160 4015 Ἕταράχθη
1192 3945 1310 3999 ἀπὸ
1340 3947 1529 4015 θυμοῦ
1560 3950 1593 4002 ό
1622 3949 1928 4019 ὀφθαλμός

344 4040 486 4097 μου.
512 4024 666 4092 Εἶδες
692 4026 871 4099 ψυχήν
902 4030 1400 4100 συντετριμμένην;
1434 4031 1614 4085 Εἰπὼν
1638 4030 1737 4102 τὴν
1763 4033 1929 4102 μετά.

350 4128 530 4176 νοιαν,
563 4110 710 4181 λέγει
739 4112 903 4165 πάλιν
935 4111 1006 4165 τὰ
1034 4112 1180 4184 πάθη
1201 4153 1215 4176 ,
1247 4114 1338 4166 τὸν
1389 4112 1616 4186 θόρυϐον
1655 4116 1748 4169 τὸν
1774 4116 1832 4170 ἐν
1859 4118 1925 4189 τῇ

349 4195 556 4268 διανοίᾳ
575 4236 589 4255 .
613 4196 703 4250 τὸν
736 4194 900 4265 φόϐον
925 4196 1015 4250 τὸν
1040 4196 1147 4250 ἀπὸ
1172 4196 1274 4267 τῆς
1313 4198 1483 4270 ὀργῆς
1522 4199 1614 4253 τοῦ
1661 4198 1798 4254 Θεοῦ
1830 4201 1926 4270 ἐγ›

282 4334 291 4343 ,
350 4272 656 4351 γινόμενον.

329 4416 336 4425 ν
420 4398 483 4444 ε’.
521 4390 828 4463 Ὀφθαλμὸν
856 4391 963 4463 γάρ
990 4391 1223 4446 ἐνταῦθα
1244 4393 1336 4445 τὸν
1365 4392 1466 4461 τῆς
1484 4392 1660 4464 ψυχῆς
1689 4412 1840 4466 φησι,
1868 4397 1929 4450 τὸ

352 4483 657 4556 διορατικὸν
687 4486 862 4538 ἐκεῖνο
891 4487 986 4539 καὶ
1008 4485 1246 4554 λογικὸν,
1272 4485 1409 4557 ὅπερ
1438 4487 1471 4557 ή
1506 4485 1683 4540 ἔννοια
1712 4487 1821 4541 τῶν
1849 4490 1928 4542 ol-

357 4574 522 4633 κείων
556 4576 969 4647 ἁμαρτημάτων
999 4577 1286 4647 ταράττειν
1325 4576 1535 4630 εἴωθεν.
1578 4578 1793 4649 Ἐπειδὴ
1822 4579 1930 4649 γὰρ

355 4665 443 4720 διὰ
492 4665 692 4730 παντὸς
739 4665 845 4737 πρὸ
875 4666 985 4720 τῶν
1021 4666 1314 4738 ὀφθαλμῶν
1348 4662 1460 4737 εἶχε
1512 4664 1578 4723 τά
1608 4665 1933 4740 πλημμελή-

356 4774 524 4830 ματα,
562 4758 658 4810 καὶ
684 4757 778 4810 τοῦ
804 4756 940 4811 Θεοῦ
962 4759 1061 4830 τὴν
1094 4758 1262 4830 ὀργὴν
1294 4761 1652 4831 ἀνελογίξετο,
1688 4765 1747 4818 ἐν
1783 4764 1932 4839 φόϐῳ

353 4848 464 4916 ὢν,
493 4849 594 4903 οὐκ
621 4849 938 4921 ἀναλγήτως
988 4849 1131 4914 ζῶν,
1166 4851 1418 4925 καθάπερ
1458 4856 1507 4907 οί
1544 4855 1758 4923 πολλοὶ,
1797 4857 1932 4913 ἀλλὰ

353 4940 603 5010 ἀγωνιῶν
634 4941 728 4996 καὶ
772 4942 1011 5013 τρέμων.
1053 4942 1114 4997 Ἠ
1157 4944 1379 5017 τοιαύτη
1427 4947 1641 5020 ταραχὴ
1689 4949 1932 5022 γαλήνης

355 5033 473 5109 μη
504 5035 683 5107 μήτηρ
711 5032 884 5087 ἐστίν·
917 5034 947 5086 6
974 5034 1211 5099 τοιοῦτος
1252 5037 1412 5106 φόϐος
1440 5038 1622 5102 ἁδείας
1652 5040 1926 5106 ὑπόθεσις.

365 5127 424 5180 '0
467 5125 612 5181 οὕτω
652 5126 1058 5197 τεταραγμένος
1097 5127 1274 5182 πάντα
1312 5129 1555 5199 χειμῶνα
1585 5130 1866 5185 ἐκϐάλλει*
1901 5132 1929 5167 ⁸

351 5217 607 5290 τοιαύτην
633 5218 737 5272 οὐκ
758 5217 897 5289 ἔχων
919 5217 1017 5285 τὴν
1041 5217 1219 5288 ψυχὴν
1239 5219 1468 5289 χαλεπὸν
1499 5220 1784 5276 κλυδώνιον
1806 5224 1929 5278 ὐπο-

355 5307 635 5377 στήσεται.
662 5306 774 5362 Καὶ
809 5305 999 5379 ὥσπερ
1033 5306 1213 5360 πλοῖον
1262 5307 1653 5378 ἀνερμάτιστον
1701 5315 1768 5383 τῇ
1821 5312 1945 5365 τῶν.

346 5398 564 5471 ἀγρίων
594 5400 919 5469 πνευμάτων
949 5399 1166 5453 ἐκδοθὲν
1199 5398 1378 5471 ῥύμῃ,
1402 5402 1610 5471 ταχέως
1654 5421 1925 5457 καταπον-

353 5490 596 5554 τίζεταιο
630 5487 776 5543 οὕτω
817 5490 1086 5562 καὶψυχὴ
1133 5490 1451 5563 ἀναλγήτως
1494 5492 1639 5557 ζῶσα
1665 5537 1676 5555 ,
1717 5497 1929 5567 μυρίοις

419 5625 437 5651 ⁹
465 5627 585 5679 Ιὶσιιτ.
615 5627 840 5676 διέσπων.

418 5689 448 5732 ι
473 5689 594 5750 Reg.
618 5690 646 5739 ὀ
666 5688 727 5741 τὰ
744 5687 941 5739 τοιαῦτα
962 5690 1206 5746 στενάζων.

2064 368 2347 437 πρόκειται
2380 375 2591 431 πάθεσι.
2627 380 2717 433 Διὸ
2748 382 2841 434 καὶ
2875 386 2904 437 6
2950 385 3217 457 μακάριος
3244 388 3451 455 Παῦλος
3476 391 3636 448 τοῦτο
3698 453 3703 458 _

2057 458 2128 552 1:6
2158 460 2329 527 πάθος
2369 466 2774 541 ἐνδεικνύμενος
2794 515 2810 539 ,
2843 472 3027 544 ἔλεγεν
3047 494 3063 508 ο
3097 478 3327 547 οἵτινες
3359 480 3643 552 ἀπηλγηυ,

2056 550 2226 618 κότες
2255 554 2506 625 ἑαυτοὺς
2537 562 2885 631 παρέδωκαν
2913 565 2989 635 τῇ
3024 567 3306 640 ἀσελγείᾳ
3336 575 3422 639 είς
3461 550 3634 645 ἐργα-

2053 642 2200 696 σίαν
2225 645 2601 720 ἀκαθαρσίας
2624 653 2828 723 πάσης
2857 657 2928 711 ἐν
2953 661 3294 732 πλεονεξίᾳ.
3334 665 3443 718 Καὶ
3469 642 3634 723 κανθά-

2055 747 2160 804 περ
2191 736 2558 811 κυϐερνήτης.
2582 743 2687 809 ἕως
2710 745 2775 800 ἂν
2806 750 2924 814 ταῖς
2953 752 3195 823 φροντίσι
3214 757 3334 821 ταῖς
3363 756 3505 829 ὑπὲρ
3525 758 3633 815 τῶν

2054 820 2324 878 πλεόντων
2350 831 2702 902 ταράττηται,
2737 836 2940 903 πάντας
2968 841 3025 893 ἐν
3053 842 3262 917 γαλήνῃ
3287 846 3631 919 καθίστησιν,

2053 910 2114 964 ἂν
2149 914 2213 1007 δέ,
2250 916 2455 989 ταύτης
2487 922 2815 994 ἀπαλλαγεὶς
2844 910 3112 1004 καθεύδῃ,
3144 910 3389 1007 ταραχὴν
3438 910 3635 1006 ἐπάγει

2057 1004 2328 1097 μεγάλην·
2357 1009 2499 1064 οὕτω
2523 1013 2588 1085 δὴ
2622 1017 2714 1069 καὶ
2746 1020 2773 1072 6
2817 1019 3104 1092 ἄνθρωπος
3124 1039 3139 1051 ⁸
3172 1026 3201 1078 6
3231 1004 3353 1094 μένν
3380 1004 3630 1097 ἀγωνιῶν

2053 1089 2148 1186 καὶ.
2172 1094 2389 1165 τρέμων
2411 1099 2504 1152 καὶ
2523 1089 2961 1177 ταραττόμενος,
2997 1113 3054 1163 ἐν
3083 1089 3282 1185 ἠσυχίᾳ
3305 1115 3405 1186 τὴν
3429 1089 3629 1172 ’ἐαυτοῦ

2052 1184 2341 1258 καθίστησι
2365 1190 2604 1247 διάνοιαν
2629 1213 2643 1226 -
2680 1199 2708 1251 6
2734 1198 2791 1252 δὲ
2821 1199 2973 1272 ὕπνῳ
2999 1202 3101 1271 τῆς
3127 1184 3397 1276 ῥᾳθυμίας
3438 1207 3630 1264 ἐαυτὸν

2054 1280 2362 1350 παραδοὺς,
2397 1285 2726 1360 ὑποϐρύχιον
2753 1291 2813 1345 τὸ
2850 1294 3056 1362 σκάφος
3101 1279 3414 1366 ἐργάζεται.
3457 1299 3630 1355 Ἐπα-

2050 1371 2311 1441 λαιώθην
2334 1375 2403 1429 ἐν
2428 1377 2577 1432 πᾶσι
2602 1381 2724 1447 τοῖς
2744 1382 2977 1452 ἐχθροῖς
3002 1402 3145 1455 μου.
3182 1386 3248 1440 Τί
3268 1389 3434 1452 ἐστιν,
3468 1390 3634 1445 Ἐπα·

2049 1467 2346 1535 ,ίαιώθην;
2390 1469 2712 1544 Ἢσθένησα,
2742 1476 2907 1545 φησὶν
2930 1517 2945 1539 ,
2978 1477 3083 1531 ὑπὸ
3111 1478 3219 1534 τῶν
3252 1480 3462 1553 ἐχθρῶν
3496 1498 3624 1553 μου.

2051 1556 2160 1647 Καὶ
2180 1556 2287 1629 γὰρ
2308 1559 2597 1628 ἐναγώνιος
2629 1565 2787 1636 ήμῶν
2810 1568 2839 1620 6
2874 1568 2988 1638 βίος
3009 1608 3024 1634 ,
3059 1571 3153 1624 καὶ
3181 1571 3389 1642 μυρίων
3416 1571 3629 1647 ἐχθρῶν

2047 1645 2081 1715 ή
2110 1645 2223 1718 ζωὴ
2246 1649 2376 1718 ἡμῖν
2408 1652 2809 1725 ἐμπέπλησται,
2839 1659 3032 1724 οἵτινες
3055 1661 3148 1713 καὶ
3179 1645 3526 1734 ἰσχυρότεροι
3542 1665 3629 1734 γί-

2047 1753 2250 1803 νονται,
2275 1742 2495 1796 ἐπειδάν
2521 1744 2879 1819 ἁμαρτήμασι
2910 1751 3313 1823 περιπέσωμεν.
3337 1755 3431 1809 Διὸ
3452 1755 3628 1812 πάντα

2047 1830 2151 1902 χρὴ
2182 1833 2356 1887 ποιεῖν
2379 1872 2395 1897 ,
2422 1832 2562 1889 ὥστε
2599 1835 2880 1909 διαφυγεῖν
2930 1841 3111 1894 αὐτῶν
3156 1843 3255 1907 τὰς
3297 1839 3498 1910 λαϐάς,
3531 1848 3625 1901 καὶ

2049 1922 2318 1993 μηδέποτε
2357 1926 2495 1997 πρὸς
2546 1928 2744 1993 αὐτοὺς
2776 1932 3232 1988 καταλλάττεσθαι
3265 1951 3278 1965 ·
3328 1936 3467 2009 αὕτη
3512 1939 3624 2011 γάρ

2045 2013 2175 2083 ήμῖν
2231 2014 2494 2086 μεγίστης
2545 2017 2846 2089 ἀσφαλείας
2898 2021 3170 2087 ὑπόθεσις.
3231 2025 3448 2080 Τούτων
3513 2027 3623 2081 τῶν

2044 2104 2257 2174 ἐχθρῶν
2281 2106 2379 2178 τὴν
2408 2108 2665 2180 φάλαγγα
2691 2109 2866 2183 δηλῶν
2893 2115 2923 2166 6
2962 2114 3175 2179 Παῦλος
3199 2158 3214 2180 ,
3245 2116 3431 2185 ἔλεγεν
3449 2134 3463 2150 ’
3500 2120 3625 2173 οὐκ

2041 2195 2212 2250 ἔστιν
2236 2198 2383 2267 ἡμῖν
2409 2201 2448 2269 ἠ
2481 2202 2646 2271 πάλη
2695 2204 2846 2272 πρὸς
2873 2200 3016 2275 αζμα
3061 2208 3159 2261 καὶ
3202 2207 3431 2278 σάρκα,
3463 2211 3629 2265 ἀλλὰ

2042 2286 2193 2356 πρὸς
2230 2289 2337 2355 τὰς
2364 2291 2555 2361 ἀρχὰς
2573 2334 2588 2358 ,
2615 2294 2767 2362 πρὸς
2798 2295 2903 2364 τὰς
2941 2298 3229 2364 ἐξουσίας
3249 2341 3262 2360 ,
3300 2300 3449 2368 πρὸς
3479 2302 3626 2368 τοὺς

2042 2380 2526 2451 κοσμοκράτορας
2553 2385 2659 2440 τοῦ
2685 2390 2948 2457 σκότους
2984 2392 3092 2446 τοῦ
3123 2392 3339 2460 αἰῶνος
3384 2395 3619 2447 τούτου.

2055 2469 2207 2523 Ἐπεὶ
2240 2468 2333 2527 οὖν
2359 2474 2585 2546 τοιαύτη
2622 2479 2656 2549 ή
2685 2480 2794 2534 τῶν
2825 2482 3101 2554 πολεμίων
3138 2484 3381 2555 φάλαγξ,
3413 2487 3500 2540 ἀεὶ
3527 2488 3624 2542 καὶ

2038 2559 2301 2653 διηνεκῶς
2339 2566 2654 2631 ὁπλίζεσθαι
2682 2570 2816 2642 χρὴ,
2850 2573 2945 2627 καὶ⁴
2976 2574 3196 2645 φεύγειν
3226 2568 3333 2630 τῶν
3375 2579 3624 2653 ἁμαρτη-

2041 2650 2229 2721 μάτων
2249 2653 2347 2719 τάς
2376 2657 2616 2725 ἐφόδους.
2641 2661 2804 2715 Οὐδὲν
2823 2664 2931 2735 γὰρ
2955 2664 3096 2719 οὕτω
3121 2668 3385 2724 παλαιοῦν
3409 2650 3621 2737 εἴωθεν,

2038 2742 2115 2806 ὡς
2138 2744 2415 2816 ἁμαρτίας
2443 2748 2622 2819 φύσις.
2650 2753 2848 2827 Διόπερ
2877 2757 2971 2810 καὶ
3001 2759 3031 2811 6
3060 2757 3269 2824 Παῦλος
3296 2759 3393 2831 τὴν
3433 2760 3621 2816 ἐντεῦ-

2037 2835 2129 2889 θεν
2192 2838 2494 2895 παλαίωσιν
2553 2845 2842 2918 γινομένην
2901 2849 3294 2921 ἀποτρίϐεσθαι
3353 2851 3619 2917 κελεύων,

2037 2924 2188 2999 ἔλεγε
2207 2945 2218 2958 ·
2241 2929 2340 2998 Μὴ
2370 2936 2888 3004 πσχηματίζεσθε
2915 2937 2996 3005 τῷ
3024 2940 3192 2997 αίῶνι
3226 2944 3433 3010 τούτῳ,
3455 2944 3621 3000 ἀλλὰ

2029 3021 2524 3091 μεταμορφοῦσθε
2563 3024 2639 3095 τῇ
2668 3028 3065 3092 ἀνακαινώσει
3095 3033 3201 3088 τοῦ
3237 3034 3378 3102 νοὸς
3427 3034 3615 3106 ὑμῶν.

2038 3110 2206 3164 Ὅταν
2232 3107 2326 3167 οῦν
2347 3113 2451 3166 ὑπὸ
2470 3114 2571 3187 τῆς
2589 3117 2867 3191 ἁμαρτίας
2894 3119 3209 3197 παλαιωθῇς
3228 3164 3245 3189 ,
3272 3125 3377 3180 ὑπὸ
3395 3127 3493 3198 τῆς
3517 3144 3618 3198 με·

2032 3200 2250 3267 τανοίας
2275 3204 2616 3261 ἀνακαίνισον
2668 3210 2884 3266 σαυτόν.
2940 3212 3265 3284 Ἆπόστητε
3294 3217 3396 3270 ἀπ’
3442 3217 3615 3287 ἐμοῦ,

2033 3294 2256 3362 πάντες
2273 3299 2327 3350 οἱ
2345 3296 2714 3367 ἐργαζόμενοι
2739 3301 2853 3370 τὴν
2874 3303 3150 3374 ἀνομίαν,
3175 3305 3263 3361 ὅτι
3286 3306 3617 3376 εἰσήκουσε

2032 3383 2247 3451 Κύριος
2295 3383 2407 3452 τῆς
2442 3385 2647 3455 φωνῆς
2686 3389 2792 3444 τοῦ
2825 3392 3136 3462 κλαυθμοῦ
3180 3411 3323 3463 μου.
3357 3395 3616 3450 Ἤκουσε

2031 3471 2247 3538 Κύριος
2271 3469 2382 3541 τῆς
2403 3471 2664 3542 δεήσεὼς
2685 3492 2806 3545 μου
2824 3516 2839 3540 ,
2866 3479 3083 3546 Κύριος
3120 3478 3236 3547 τὴν
3264 3480 3616 3550 προσευχήν

2025 3575 2146 3627 μου
2175 3558 2601 3626 προσεδέξατο.
2630 3562 2707 3615 υύ
2734 3566 2907 3634 μικρὰ
2937 3565 3033 3620 καὶ
3061 3565 3202 3639 αὕτη
3228 3567 3346 3632 ὁδὸς
3376 3567 3456 3633 είς
3486 3568 3616 3641 ἀρεο

2029 3645 2130 3717 τὴν
2158 3647 2367 3715 ἄγουσα
2390 3689 2406 3714 ,
2431 3648 2490 3701 τὸ
2527 3647 2748 3720 φεύγειν
2774 3653 2902 3716 τοὺς
2946 3653 3236 3727 πονηρούς.
3270 3655 3447 3727 Ὅπερ
3476 3657 3615 3723 μετά

2029 3733 2298 3808 τοσαύτης
2354 3736 2658 3809 ὑπερϐολῆς
2712 3738 2806 3793 καὶ
2861 3743 2891 3794 6
2923 3742 3157 3812 Χριστὸς
3204 3744 3425 3799 ἀπαιτεῖ
3485 3748 3613 3818 παρ’

2030 3820 2206 3893 ἡμῶν,
2235 3822 2311 3888 ὡς
2332 3825 2457 3889 τοὺς
2482 3826 2539 3878 ἐν
2561 3824 2713 3890 τάξει
2747 3826 2926 3898 μελῶν
2960 3830 3093 3900 ήμῖν
3117 3830 3563 3901 ἀναγκαιοτάτων
3584 3844 3608 3872 ο

2029 3909 2188 3975 ὄντας
2217 3911 2402 3981 φίλους
2432 3911 2674 3968 κελεύειν
2700 3914 2989 3969 ἐκκόπτειν
3014 3957 3029 3981 ,
3055 3919 3181 3972 ὅταν
3207 3920 3356 3992 ἡμᾶς
3379 3922 3612 3975 σκανδα-

2030 3994 2241 4062 λίζωσι,
2258 4000 2352 4052 καὶ
2375 3999 2579 4072 βλάϐην
2601 4001 2725 4055 τινὰ
2745 4004 2877 4075 ήμίν
2901 4004 3083 4060 αὐτῶν
3102 4007 3139 4077 ἡ
3170 4008 3424 4062 συνουσία
3446 4009 3608 4082 φέρῃ.

2042 4084 2185 4139 Ἐὰν
2213 4085 2322 4158 γὰρ
2347 4126 2360 4150 ,
2384 4088 2568 4157 φησὶν,
2595 4091 2629 4143 ό
2651 4090 2957 4161 ὀφθαλμός
2983 4109 3099 4148 σου
3121 4094 3486 4163 σκανδαλίζῃ
3515 4110 3608 4160 σε,

2029 4172 2203 4239 ἔξελε
2223 4174 2410 4228 αὐτόν
2428 4190 2441 4203 ·
2476 4175 2573 4229 καί
2602 4177 2713 4232 ἐὰν
2746 4180 2784 4247 ἡ
2811 4181 2940 4249 χείρ
2967 4197 3086 4235 σου
3113 4180 3482 4252 σκανδαλίζῃ
3509 4197 3608 4248 σε,

2029 4263 2298 4331 ἔκκοψον
2323 4262 2539 4331 αὐτὴν,
2566 4265 2664 4319 καὶ
2687 4265 2846 4331 βάλε
2865 4267 2983 4322 ἀπὸ
3005 4268 3122 4323 σοῦ
3141 4284 3154 4299 '
3183 4269 3244 4323 οὐ
3276 4270 3404 4341 περὶ
3430 4270 3609 4342 μελῶν

2031 4347 2226 4417 λέγων,
2249 4349 2428 4419 ἄπαγε
2447 4366 2460 4380 ·
2491 4352 2627 4406 ἀλλά
2660 4355 2787 4423 περὶ
2816 4354 2984 4423 φίλων
3009 4356 3268 4426 γνησίων,
3300 4349 3375 4410 ὧν
3403 4358 3486 4413 δεῖ
3509 4358 3610 4424 τὰς

2032 4437 2214 4506 φιλίας
2244 4439 2560 4510 ἀτιμάζειν,
2605 4442 2730 4495 ὅταν
2786 4443 2921 4512 μήτε
2975 4445 3157 4508 αὐτοῖς
3192 4445 3424 4516 κέρδος.
3473 4448 3609 4521 μήτε

2032 4526 2165 4596 ήμῖν
2188 4524 2412 4594 γίνεται,
2442 4527 2578 4582 ἀλλά
2614 4529 2805 4600 βλάϐη.
2831 4530 3047 4602 Ταύτην
3067 4533 3131 4606 δὴ
3159 4534 3256 4606 τὴν
3285 4534 3483 4607 ἀρετὴν
3512 4553 3611 4590 κα-

2031 4612 2308 4684 τορθώσας
2335 4615 2428 4668 καὶ
2446 4610 2601 4678 οὗτος
2622 4616 2682 4669 ού
2714 4617 2872 4687 μόνον
2896 4617 2995 4672 οὐκ
3019 4619 3205 4675 ἐδίωκε
3231 4622 3328 4685 τάς
3355 4620 3609 4686 τοιαύτας

2034 4703 2318 4768 συνουσίας
2339 4743 2354 4767 ,
2387 4703 2521 4758 άλλά
2545 4706 2635 4759 καὶ
2666 4707 3061 4777 παρεκελεύετο
3088 4710 3295 4775 τούτοις
3324 4711 3607 4784 ἀποπηδᾷν

2032 4791 2246 4846 ἑαυτοῦ.

2036 4907 2047 4943 ι
2091 4871 2332 4940 ς’.οὖτος
2347 4879 2442 4951 τῆς
2463 4883 2751 4951 μετανοίας
2771 4885 2798 4937 ό
2814 4884 3044 4957 καρπὸς,
3059 4885 3216 4940 τοῦτο
3239 4887 3342 4941 τῶν
3358 4888 3607 4961 δακρύων

2038 4960 2156 5040 [68]
2192 4964 2254 5020 τὸ
2282 4966 2491 5039 κέρδος.
2536 4969 2601 5022 Ἡ
2638 4971 2746 5041 γὰρ
2801 4971 2944 5026 οὓτω
2990 4977 3331 5039 συντριϐεῖσα
3377 4960 3603 5044 διάνοια,

2029 5052 2258 5124 οὐδεμιᾷ
2280 5054 2463 5108 λοιπὸν
2499 5057 2844 5128 προσπαθείᾳ
2869 5059 3178 5129 κατέχεται.
3210 5061 3380 5117 Τοῦτο
3410 5064 3476 5137 δὴ
3511 5065 3608 5121 καὶ

2032 5142 2191 5211 ἡμεῖς
2222 5141 2463 5212 ποιῶμεν
2489 5159 2501 5171 ’
2531 5143 2633 5197 κᾶν
2667 5143 2799 5199 αὐτὸ
2828 5144 3063 5217 διάδημα
3164 5165 3247 5212 τις
3285 5153 3604 5225 περικείμε-

2030 5242 2147 5290 νος,
2181 5226 2392 5302 βλάπτῃ
2424 5228 2479 5282 δὲ
2512 5232 2676 5301 ἡμᾶς,
2717 5231 3070 5303 ἀτιμάζωμεν
3093 5233 3255 5288 αὐτοῦ
3277 5236 3372 5308 τὴν
3404 5239 3603 5308 φιλίαν.

2030 5314 2195 5367 Οὐδὲν
2229 5315 2339 5386 γὰρ
2385 5316 2760 5387 εὐτελέστερον
2795 5318 2986 5390 ἀνδρὸς
3010 5358 3024 5382 ,
3060 5323 3155 5374 καί
3198 5321 3604 5394 βασιλεύοντος,

2029 5403 2158 5456 ὅταν
2203 5405 2371 5475 κακίᾳ
2419 5404 2587 5475 συζῇ’
2635 5404 2824 5478 ὥσπερ
2865 5405 3014 5462 οὐδὲν
3050 5409 3470 5486 βασιλικώτερον
3510 5416 3606 5469 καὶ

2030 5489 2341 5561 δεσμώτου,
2389 5492 2518 5545 ὅταν
2565 5492 2766 5564 ἀρετὴν
2884 5498 3238 5569 κεκτημένος.
3277 5502 3404 5555 Ὅτι
3440 5500 3603 5570 atmi-

2096 5632 2117 5659 ε
2146 5629 2231 5678 Sic
2248 5629 2536 5698 ﬁegfmque
2563 5632 2629 5681 ila
2650 5631 3163 5698 logiljnlvrpresA'ii
3186 5638 3600 5698 ἀναγκαιοτάτους.

2040 5693 2174 5743 L'uus
2192 5706 2218 5740 a
2248 5692 2429 5742 Saviiio
2452 5692 2749 5743 :uemorallis
2770 5692 3155 5758 ἀναγκαιοτάτην.
