4112 6224
524 201 588 256 ϊι
1543 271 1546 274 .
1675 187 2034 244 th’OSITlO
2073 185 2100 242 ι]

2208 188 2288 243 ΞΛ
2299 189 2490 246 Lillle
2537 192 2617 246 Π.
3725 193 3792 250 78

522 323 820 386 argenteos,
853 311 1024 383 qualis
1049 317 1166 365 erat
1200 309 1369 364 lectus
1395 309 1533 378 regis
1561 323 1576 373 ;
1635 321 1739 362 non
1781 322 1842 360 ex
1869 302 2099 376 gemmis

522 409 804 472 conﬂatus,
838 423 943 460 non
977 420 1108 459 auro
1133 411 1444 467 contextus,
1467 401 1560 456 sed
1593 401 1803 454 ablutus
1835 399 2101 469 lacrymis.

525 503 589 558 Et
613 514 796 557 noctes
828 500 952 554 huic
983 506 1136 552 erant
1163 511 1268 551 non
1295 495 1505 564 quietis,
1547 493 1640 548 sed
1673 503 1855 548 noctes
1888 491 2104 545 ﬂetuum

523 607 575 650 et
597 593 1055 649 |:mtentationum.
1079 589 1336 656 Quoniam
1366 586 1592 641 interdiu
1614 602 1735 640 eum
1766 584 1943 637 mula!
1965 599 2107 636 cura:

494 683 987 747 .Cit‘cmtISistcbanl
1016 699 1030 734 :
1059 680 1198 751 quod
1228 680 1315 733 alii
1339 679 1532 748 quietis
1563 693 1624 732 ac
1654 675 1945 730 laxamenti
1975 683 2108 727 tent-

492 759 623 848 :pns
652 786 890 841 sumunt,
922 773 970 827 id
997 773 1085 829 illo
1103 771 1324 826 ducebat
1356 781 1561 839 tempus
1582 768 1952 832 confessionis,
1984 776 2106 820 tunc

524 868 702 923 acrius
725 868 1038 920 lamentans.
1069 863 1270 918 Bonum
1296 871 1376 917 est
1407 863 1544 916 enim
1569 877 1782 930 semper
1810 859 1960 922 ﬂere,
1993 873 2107 912 ma-

526 961 670 1014 xime
699 970 874 1013 autem
909 968 1144 1028 tempore
1177 958 1368 1023 nOrtis,
1417 954 1631 1026 quando
1663 955 1838 1007 nnlbts
1888 962 1970 1007 est
2017 953 2106 1020 qui

527 1051 664 1104 hanc
686 1049 1046 1104 admirabilem
1071 1047 1392 1116 voluptatem
1422 1045 1673 1105 excutiat,
1709 1045 1799 1098 sed
1833 1045 1955 1122 licet
2008 1059 2104 1092 vo.

526 1143 653 1196 lenti
685 1156 745 1193 ea
775 1139 1040 1194 liberrime
1062 1138 1283 1209 expleri.
1313 1138 1501 1194 Sciunt
1534 1137 1620 1206 qui
1662 1135 1778 1206 ejus
1817 1135 1954 1204 quod
1986 1135 2106 1188 dico

527 1229 703 1286 fecere
730 1231 1041 1299 periculum,
1074 1238 1328 1297 quautam
1353 1226 1592 1282 ltetitiam
1621 1225 1850 1281 habeam
1893 1225 1942 1278 hi
1986 1228 2102 1278 fon-

529 1331 608 1374 tes
645 1321 1015 1391 lacrymarum.
1067 1319 1159 1374 [bc
1203 1319 1451 1389 lacryma:
1503 1326 1720 1386 possunt
1771 1316 2104 1386 exstinguere

529 1413 696 1481 ignem
744 1413 1264 1483 inexstingnibilcm,
1295 1411 1512 1463 (luvium
1562 1409 1704 1461 illum
1749 1408 1836 1478 qui
1880 1407 2104 1460 trahitur

528 1519 647 1562 ante
667 1509 914 1562 tribunal.
949 1507 1234 1576 Propterea
1266 1504 1456 1558 Paulus
1474 1501 2026 1555 tricuuiollevitnoctu
2051 1507 2103 1552 et

527 1600 612 1652 die
635 1602 766 1665 (Act.
794 1598 882 1652 ‘20.
914 1598 1026 1666 5|),
1073 1598 1273 1650 alienas
1301 1595 1613 1648 alﬂictiones
1651 1594 1956 1662 corrigens;
2006 1605 2104 1644 nos

523 1701 696 1742 auten
755 1707 820 1746 ne
875 1701 1080 1744 nostras
1131 1689 1366 1760 quidem,
1421 1686 1514 1742 sed
1570 1688 1816 1754 nosipsos
1863 1685 1991 1738 risui
2039 1698 2103 1737 ac

521 1799 565 1830 vi
592 1784 771 1850 lnptati
801 1783 1078 1846 dedentes,
1117 1791 1224 1835 tota
1246 1789 1400 1834 nocte
1426 1777 1571 1848 gravi
1601 1793 1789 1830 somno
1806 1785 1860 1830 et
1885 1774 2102 1843 crapula

518 1873 808 1924 olruimur.
845 1873 905 1926 Et
936 1872 985 1925 bi
1014 1871 1224 1938 quidem
1253 1886 1440 1923 somno
1467 1869 1622 1923 morti
1671 1868 1825 1921 simili
1883 1875 2006 1919 sunt
2025 1864 2106 1918 af-

520 1963 604 2022 ﬁxi
632 1981 643 2014 :
675 1965 759 2016 alii
792 1980 918 2016 vero
940 1975 1102 2032 agunt
1133 1974 1300 2014 morte
1317 1963 1591 2028 graviores
1608 1959 1830 2028 vigilias,
1873 1957 2096 2021 fmuora,

517 2067 568 2108 et
601 2073 807 2121 usuras,
832 2067 887 2110 et
915 2059 964 2109 in
993 2057 1124 2110 alios
1151 2055 1366 2108 insidias
1393 2070 1458 2107 eo
1490 2062 1726 2120 tempore
1770 2051 1948 2104 animo
1991 2049 2102 2119 agi-

521 2157 712 2199 tantes.
742 2149 802 2200 .-\t
838 2165 939 2199 non
965 2148 996 2199 ii
1029 2146 1114 2216 qui
1146 2154 1266 2200 sunt
1287 2143 1400 2197 sani
1421 2154 1472 2197 et
1501 2143 1684 2207 sobrii,
1714 2143 1806 2195 sed
1838 2157 1960 2197 snas
2005 2157 2099 2196 co-

521 2237 631 2290 lunt
657 2237 882 2297 :tttisnas,
916 2237 996 2288 his
1027 2236 1271 2306 lacryntis
1303 2245 1569 2302 tamquam
1604 2233 1770 2286 imbre
1797 2243 2024 2296 utentes,
2047 2239 2102 2286 et

521 2330 722 2388 semina
753 2330 959 2381 virtutis
991 2337 1262 2394 augentes.
1291 2327 1426 2381 Nulli
1462 2327 1589 2379 vitio
1636 2336 1688 2379 et
1739 2326 1940 2379 libidini
1999 2326 2101 2378 erit

524 2419 696 2470 aditus
721 2419 784 2470 ad
819 2421 1011 2476 lectum
1043 2419 1176 2484 eius,
1207 2418 1294 2486 qtti
1319 2419 1579 2486 lacrymas
1626 2417 1884 2486 ejusmodi
1929 2433 2098 2470 susci-

528 2511 619 2576 pit.
643 2508 741 2574 Qui
777 2508 906 2560 tales
934 2507 1095 2560 fundit
1119 2509 1398 2576 laerymas,
1437 2508 1582 2559 nihili
1615 2509 1757 2560 ducit
1809 2525 1926 2577 qum
1979 2517 2105 2561 sunt

529 2599 579 2652 in
613 2607 772 2662 terra,
803 2598 895 2651 sed
929 2598 1364 2651 liberatauimum
1387 2600 1452 2650 ab
1479 2598 1620 2650 ottmi
1645 2599 1937 2662 obsidione,
1958 2617 2104 2651 lllt‘ll-

502 2701 630 2745 'tent
661 2691 833 2744 reddit
861 2691 941 2743 vel
971 2691 1083 2743 s:-le
1107 2691 1406 2744 clariorem.
1437 2689 1546 2743 Nec
1569 2706 1653 2744 tne
1678 2691 2108 2746 cxistimaveritis

521 2783 648 2837 Solis
676 2783 789 2836 lucc
838 2784 1018 2837 dicere
1069 2785 1380 2849 monachis;
1410 2785 1569 2837 etiam
1599 2783 1663 2837 ad
1694 2799 1790 2838 eos
1824 2787 1911 2854 qui
1945 2784 2106 2838 rebus

517 2877 580 2927 ad
609 2875 744 2928 hanc
766 2877 834 2927 vit
857 2893 923 2928 im
949 2875 1332 2942 pertinentibus
1363 2876 1547 2930 attenti
1576 2885 1717 2937 sunt,
1741 2877 1969 2931 habetur
1991 2878 2106 2932 ειη-ο

516 2965 836 3030 exhortatio,
865 2975 918 3018 et
939 2965 1002 3016 ad
1025 2965 1120 3018 hos
1153 2966 1357 3035 potius,
1414 2982 1571 3035 quam
1599 2967 1664 3019 ad
1696 2966 1848 3020 illos:
1881 2967 1932 3020 bi
1959 2968 2100 3022 enim

515 3071 633 3110 sunt
664 3059 750 3128 qui
785 3059 1010 3111 maxime
1037 3057 1272 3129 indigent
1305 3059 1626 3127 pcenitentia:
1656 3059 1974 3129 pbarmacis.
1999 3060 2098 3128 Qui

517 3148 616 3202 hoc
641 3167 704 3200 ιιιι
729 3149 798 3202 do
825 3151 1162 3212 lamentatur,
1191 3159 1373 3218 surget
1402 3153 1580 3204 animo
1630 3151 1820 3204 melius
1864 3151 2053 3205 ali'ecto
2081 3193 2098 3217 ,

518 3256 675 3318 quam
705 3241 768 3294 sit
797 3252 978 3310 portus
1001 3241 1335 3310 tranquillus,
1365 3243 1724 3297 omnesanimi
1748 3244 2100 3312 perturbatio-

518 3352 612 3387 ιιθς
642 3334 951 3403 expellens;
981 3334 1122 3388 omni
1171 3335 1399 3388 refertus
1434 3335 1614 3390 betitia
1657 3336 1707 3390 in
1755 3335 1971 3389 domum
2006 3336 2097 3390 Dei

516 3427 683 3481 libere
705 3438 758 3481 et
781 3443 967 3481 secure
997 3429 1357 3498 ingredietur;
1388 3443 1509 3482 cum
1541 3431 1838 3499 propinquo
1862 3430 2097 3498 jucunde

513 3523 878 3591 eolloqnetur;
905 3539 1006 3574 non
1031 3539 1148 3573 eum
1185 3531 1341 3577 vexat
1367 3523 1442 3576 ira
1473 3523 1523 3576 in
1553 3524 1775 3577 internis
1807 3523 2095 3592 penetrali-

513 3617 630 3676 bus,
662 3631 765 3668 non
786 3615 1074 3669 inﬂammat
1101 3615 1385 3684 cupidius,
1411 3631 1514 3670 non
1537 3617 1961 3685 amorpccnniie,
1990 3632 2094 3668 non

514 3707 736 3770 invidia,
768 3723 872 3760 non
903 3706 1097 3776 aliquid
1127 3707 1266 3760 aliud
1297 3707 1580 3775 ejusmodi.
1610 3707 1732 3762 llaec
1753 3709 1894 3761 enim
1917 3708 2095 3762 omnia

515 3810 566 3852 ut
595 3809 858 3867 taniqnatn
884 3799 1069 3851 bellna-
1125 3798 1175 3850 in
1227 3798 1475 3852 cavernis
1504 3797 1767 3851 abstrusa:
1809 3798 2093 3853 delitesce-

516 3903 653 3953 rent,
682 3908 764 3944 uo;
785 3899 972 3944 turnus
991 3890 1080 3942 ille
1103 3891 1336 3958 gemitus
1360 3900 1413 3944 et
1432 3890 1684 3961 lacrymze
1708 3892 2022 3946 eli'ecernnt.
2038 3894 2092 3946 8.

515 3981 768 4036 Turbatus
794 3990 924 4034 esto
955 3983 1128 4051 furore
1161 3981 1333 4033 oculus
1359 3998 1516 4033 meus.
1574 3981 1760 4036 Vidisti
1811 3985 2095 4036 contritam

509 4074 782 4126 animam?
808 4074 1092 4141 Postquam
1123 4071 1264 4124 dixit
1305 4071 1702 4142 pmnitentiam,
1743 4073 1874 4127 dicit
1913 4087 2100 4126 rursus

513 4165 940 4236 pertnrhaIiOues
983 4165 1167 4229 animi,
1219 4164 1679 4218 conturbationem
1725 4181 1843 4234 qua:
1904 4174 1986 4218 est
2047 4165 2098 4218 in

517 4267 716 4318 mente,
751 4256 998 4309 timorem
1023 4257 1109 4324 qui
1142 4272 1207 4310 ex
1237 4256 1311 4309 ira
1341 4255 1430 4308 Dei
1456 4255 1716 4323 procedit.

581 4349 636 4402 5.
657 4345 845 4400 Oculus
861 4347 1044 4400 animle
1065 4347 1199 4418 quis;
1215 4346 1390 4400 oculus
1403 4347 1667 4410 eruendus,
1695 4346 1964 4416 quomodo.
1980 4347 2100 4400 Pte-

512 4441 734 4494 nitentia:
757 4451 802 4493 et
830 4441 1168 4512 lacrumarum
1198 4444 1412 4511 fructus.
1446 4469 1518 4480 —
1560 4438 1784 4494 Oculum
1827 4440 1968 4494 enim
2014 4441 2098 4493 hie

510 4531 643 4588 dicit
669 4532 878 4586 oculmn
910 4533 1123 4596 animae,
1159 4533 1614 4602 perspicacitatem
1661 4531 1803 4584 illam
1846 4541 1902 4586 et
1939 4533 2104 4586 ratio-

510 4625 724 4681 cinandi
770 4623 1108 4689 facultatem,
1163 4640 1318 4693 quam
1364 4624 1502 4679 solet
1552 4626 1833 4694 perturbare
1879 4641 2098 4681 suorum

511 4725 851 4788 peccatorum
896 4718 1166 4784 cogitatio.
1215 4717 1346 4783 Quia
1401 4715 1542 4769 enim
1600 4732 1693 4770 sua
1737 4717 1926 4772 delicta
1972 4727 2097 4774 ante

511 4808 695 4863 oculos
737 4817 992 4877 perpetuo
1032 4807 1282 4881 habebat,
1323 4808 1412 4862 Dei
1461 4810 1624 4862 etiam
1668 4809 1802 4863 iram
1855 4811 1992 4878 apud
2036 4827 2098 4867 se

510 4901 795 4970 cogitabat,
854 4901 1044 4954 timore
1087 4901 1330 4962 alii-ctus,
1384 4917 1488 4953 non
1533 4901 1706 4953 omnis
1753 4901 1951 4955 doloris
1999 4919 2094 4956 ex-

510 5008 666 5063 pers,
717 4994 854 5046 sicut
908 4993 1054 5046 nndti
1091 5010 1102 5045 :
1137 4993 1228 5046 sed
1263 4991 1486 5046 horrens
1539 5001 1593 5045 et
1655 4994 2095 5046 contremiscens.

510 5087 654 5144 Talis
689 5087 1022 5139 conturbatio
1048 5093 1130 5138 est
1162 5104 1210 5136 ιιι
1251 5098 1328 5136 ιυι·
1361 5084 1755 5151 tr:mquill.tatis
1788 5104 1801 5137 :
1836 5085 1953 5138 talis
1983 5101 2096 5138 mc-

513 5189 597 5234 tus
632 5194 714 5234 est
761 5178 1162 5232 lundame..tum
1195 5177 1513 5230 securitatis.
1539 5177 1635 5242 Qui
1671 5178 1738 5228 ita
1769 5185 1848 5229 est
1877 5185 2102 5231 contur—

511 5273 694 5335 battis,
745 5287 958 5325 omnem
997 5280 1364 5339 tetnpeStatem
1412 5269 1565 5336 capt-l
1593 5268 1675 5320 it:
1724 5269 1808 5332 qui
1864 5268 1948 5320 tali
1994 5279 2098 5320 non

507 5375 589 5419 est
617 5364 794 5418 anima
837 5361 1109 5432 praeditus,
1136 5376 1323 5430 graves
1351 5360 1538 5414 tluetns
1566 5358 1759 5412 subbit
1795 5376 1807 5411 :
1835 5368 1888 5409 et.
1917 5373 2100 5425 quem.

510 5455 795 5510 admodum
838 5452 1101 5521 navigium
1157 5467 1260 5504 nou
1316 5453 1696 5516 saburratnm,
1747 5450 2094 5503 violentorum

517 5557 790 5603 ventorum
834 5543 1054 5614 impctui
1105 5540 1370 5610 relictum,
1411 5543 1654 5599 celeriter
1703 5542 2095 5612 sulnncrgitur:

2215 292 2283 358 ita
2328 305 2484 358 etiam
2527 306 2702 359 anima
2747 306 2947 361 doloris
2980 307 3187 376 penitus
3216 321 3406 376 expers
3436 307 3672 376 exposita
3715 316 3796 361 est

2215 395 2692 450 innumerabilibus
2743 399 3253 468 perturbationibus.
3325 400 3580 466 Quocirca
3636 399 3794 454 etiam

2215 484 2400 539 beatus
2439 486 2631 539 Paulos
2661 487 2870 541 dicebat
2899 487 3185 543 ostendens
3235 489 3373 542 hanc
3418 489 3750 545 atiectionem
3781 505 3794 543 :

2217 577 2319 646 Qui
2373 580 2509 632 omni
2556 578 2745 634 doloris
2801 599 2948 635 sensu
3001 583 3184 652 privati
3241 584 3434 651 seipsos
3481 582 3796 636 tradiderunt

2212 671 2570 737 immtdicitia’,
2632 673 2683 726 in
2731 678 3069 742 operationem
3124 678 3286 729 omnis
3335 669 3688 732 inintunditiir.
3749 678 3796 727 in

2212 764 2651 834 avaritiawphes.
2671 769 2722 821 4.
2747 768 2855 837 19).
2888 767 2953 822 Et
2980 768 3422 839 quemadmodum
3453 769 3796 834 gubernator,

2213 856 2460 924 quamdiu
2492 873 2584 926 pro
2611 860 2974 926 navigantibus
3003 862 3359 916 Sollicitudine
3405 870 3642 923 vexatur,
3683 877 3796 914 ont-

2215 966 2310 1008 nes
2338 952 2508 1006 reddit
2533 954 2740 1022 quietos
2769 970 2831 1009 ac
2860 955 3189 1022 tranquillos,
3224 956 3312 1010 St'tl
3346 957 3386 1010 si
3419 955 3485 1009 ab
3512 971 3569 1007 ea
3599 955 3793 1008 libera-

2215 1053 2298 1100 tus
2345 1045 2606 1112 dormiat,
2661 1063 2904 1115 magnam
2949 1047 3101 1101 aii'ert
3155 1049 3605 1116 perturbationem
3662 1065 3674 1100 :
3724 1048 3794 1101 ita

2212 1137 2372 1192 etiam
2415 1137 2606 1201 homo;
2645 1139 2733 1208 qui
2781 1138 2958 1193 horret
2997 1140 3227 1210 quidem.
3279 1143 3456 1195 tremit
3494 1151 3546 1195 et
3583 1153 3797 1210 pertur-

2209 1226 2382 1284 batur.
2426 1229 2657 1298 quietam
2688 1229 2858 1284 reddit
2880 1245 3027 1285 suam
3053 1233 3421 1301 cigitat'ouem
3453 1249 3466 1284 :
3498 1234 3584 1301 qui
3616 1242 3792 1288 autem

2209 1321 2470 1375 socordiae
2514 1338 2704 1378 somno
2747 1324 2982 1392 seipsum
3026 1323 3274 1390 tradidit,
3315 1325 3474 1378 eflicit
3510 1334 3567 1378 ut
3606 1324 3796 1395 cymba

2208 1413 2481 1468 obruatur.
2537 1413 2820 1469 lnveteravi
2848 1415 2976 1468 inter
3002 1432 3173 1470 omnes
3203 1416 3430 1470 inimicos
3459 1432 3610 1469 meos.
3660 1417 3795 1482 Quid

2209 1515 2310 1570 est,
2356 1505 2683 1560 lnveterari?
2715 1507 3022 1561 Debilitattts
3069 1523 3208 1570 Sttm,
3255 1508 3442 1577 inquit,
3473 1508 3539 1560 ab
3571 1508 3797 1561 inimicis

2211 1597 2363 1652 meis.
2400 1599 2512 1652 Vita
2543 1601 2682 1654 enim
2716 1609 2896 1654 nostra
2930 1615 3046 1654 vers
3068 1610 3166 1654 :tur
3195 1601 3244 1653 in
3276 1601 3590 1665 certamine,
3639 1609 3692 1654 et
3720 1601 3799 1653 in-

2210 1690 2630 1745 numerabilibus
2659 1691 2885 1745 inimicis
2926 1693 3077 1760 plena
3113 1709 3142 1746 e
3175 1701 3212 1753 t,
3247 1693 3332 1761 qui
3364 1695 3522 1744 etiam
3547 1691 3792 1746 ei'liciun'

2212 1791 2297 1838 tur
2355 1784 2714 1852 potentiores,
2759 1784 2972 1854 quando
3030 1786 3081 1839 in
3150 1797 3358 1853 peccata
3431 1784 3795 1840 iuciderimus.

2209 1877 2568 1945 Quamobrem
2605 1879 2782 1932 omnia
2830 1886 2955 1932 sunt
3006 1877 3241 1933 facienda
3287 1889 3341 1932 ut
3381 1893 3563 1932 eorum
3605 1895 3797 1932 manus

2209 1967 2544 2037 eti'ngiamns,
2589 1977 2642 2022 et
2695 1985 2760 2022 ne
2801 1970 2880 2022 cis
2912 1985 3160 2038 umquam
3213 1969 3616 2023 rrconcilietnur
3650 1987 3662 2022 :
3693 1970 3792 2025 hoc

2209 2067 2292 2115 est
2335 2060 2475 2114 enim
2530 2061 2684 2114 nobis
2726 2062 3028 2116 securitatis
3070 2062 3313 2115 maxima:
3361 2061 3784 2116 ιἰιιιιιειιιιειιιιιιιι.

2211 2153 2413 2206 llorum
2463 2152 2794 2208 iuimicnrum
2847 2153 3158 2223 phalangem
3212 2155 3408 2209 Paulus
3454 2157 3778 2224 significans,

2206 2244 2419 2300 dicebat
2453 2263 2465 2298 :
2501 2243 2624 2298 Non
2651 2255 2722 2298 est
2758 2246 2903 2299 nobis
2947 2247 3236 2298 colluctatio
3259 2264 3370 2298 cum
3411 2264 3559 2298 carne
3594 2257 3637 2298 rt
3677 2265 3794 2298 sau-

2205 2340 2376 2409 guinc,
2426 2339 2515 2392 sed
2557 2355 2670 2391 cum
2720 2339 3103 2408 principatibus,
3139 2356 3252 2391 cum
3299 2339 3639 2407 ρυιιιδιιιιὶιηιε,
3681 2355 3798 2391 cum

2207 2430 2386 2482 mundi
2425 2431 2698 2482 rectoribus
2742 2430 3055 2483 tenebrarum
3099 2431 3250 2499 hujus
3297 2431 3470 2482 sa‘cr'li
3519 2433 3534 2498 (
3569 2428 3703 2482 Ibid.
3737 2431 3791 2484 6.

2215 2519 2280 2570 1‘2
2405 2519 2536 2572 Cum
2581 2535 2709 2588 ergo
2742 2520 2858 2572 talis
2889 2521 2957 2572 sit
2999 2520 3222 2587 phalanx
3255 2521 3609 2582 inimicorum,
3652 2537 3793 2574 sem-

2213 2626 2307 2678 per
2345 2618 2399 2662 et
2451 2620 2703 2679 perpetuo
2757 2611 2807 2664 in
2859 2613 3020 2664 armis
3067 2629 3185 2666 esse
3226 2623 3468 2680 Oportet,
3514 2623 3567 2668 et
3617 2614 3792 2680 fugere

2215 2711 2549 2770 peccatorum
2595 2701 2842 2755 insultns.
2903 2701 3040 2754 Nihil
3089 2704 3230 2756 enim
3281 2703 3304 2754 ι
3316 2705 3403 2756 ιςὶι
3451 2704 3581 2757 adeo
3637 2705 3792 2758 inve-

2216 2804 2408 2861 terare,
2455 2803 2513 2848 ut
2563 2803 2748 2846 natura
2778 2793 2994 2861 peccati.
3039 2793 3394 2858 Quamobrem
3442 2795 3631 2847 Paulus
3661 2809 3796 2863 quo-

2211 2903 2316 2956 que
2355 2888 2538 2941 volens
2584 2885 3022 2941 inveterationem
3071 2901 3202 2952 quae.
3231 2901 3296 2938 es
3350 2900 3414 2940 eo
3454 2887 3508 2938 tit
3551 2887 3795 2952 amoliti,

2209 2980 2468 3035 dicebat:
2503 2978 2588 3034 Ne
2620 2978 3009 3048 conformemini
3061 2979 3177 3031 huic
3224 2979 3438 3041 sa'culo,
3494 2982 3582 3033 sed
3628 2991 3796 3032 trans-

2209 3071 2495 3140 [ormemini
2539 3071 2858 3123 renovatione
2897 3071 3075 3124 utentis
3123 3079 3298 3123 vestrm
3351 3070 3369 3141 (
3395 3071 3539 3124 llam.
3586 3073 3668 3125 12.
3697 3073 3794 3143 9.),

2207 3161 2430 3227 Quando
2457 3177 2584 3231 ergo
2608 3178 2635 3214 a
2668 3172 2882 3229 peccato
2911 3160 2996 3214 inv
3035 3162 3307 3222 teraveris,
3343 3179 3534 3216 renova
3567 3165 3793 3230 teipsunt

2208 3269 2302 3323 per
2357 3255 2744 3322 pwititentiatn.
2815 3253 2866 3307 9.
2917 3251 3171 3307 Discedite
3226 3270 3256 3304 η
3325 3271 3402 3306 me
3469 3271 3638 3306 omns
3711 3255 3796 3320 qui

2206 3345 2483 3414 aper-amitti
2531 3345 2877 3414 iniquitatem,
2948 3346 3184 3414 (yroniam
3237 3347 3488 3398 araudirit
3547 3345 3789 3398 Dominus

2205 3452 2371 3489 vocem
2411 3437 2561 3505 ﬂetus
2605 3437 2719 3488 mei.
2759 3435 2840 3490 10.
2894 3435 3163 3488 I'Ixaudirit
3197 3434 3444 3488 Dominus
3474 3437 3790 3501 demarati..-

2207 3543 2318 3580 nem
2363 3544 2544 3592 meam,
2575 3526 2820 3581 Dominus
2862 3529 3138 3581 orationem
3182 3545 3342 3580 meum
3385 3529 3626 3594 suscepit.
3678 3527 3792 3580 Non

2205 3631 2286 3675 c~t
2337 3621 2447 3674 lucc
2496 3637 2707 3690 quoque
2758 3637 2914 3690 paria
2965 3621 3046 3674 via
3095 3622 3158 3674 ad
3210 3624 3456 3674 virtutem
3497 3622 3790 3680 deducens,

2204 3715 2373 3768 malos
2419 3713 2620 3782 fugi-re,
2664 3713 2804 3782 quod
2835 3713 3046 3781 quidem
3076 3712 3320 3766 Christus
3343 3729 3557 3782 queque
3583 3732 3607 3762 a
3639 3713 3792 3766 nobis

2203 3819 2319 3858 cum
2351 3813 2494 3858 tanto
2524 3805 2700 3857 studio
2728 3803 2908 3866 exigit,
2942 3813 3002 3856 ιιι
3029 3802 3187 3856 etiam
3214 3804 3413 3855 amicos
3444 3805 3529 3868 qui
3563 3803 3793 3854 tuaxime

2205 3897 2624 3950 necessariorum
2668 3895 2820 3947 nobis
2857 3895 3212 3948 membrorum
3253 3896 3372 3948 loco
3409 3903 3528 3948 sunt
3553 3933 3565 3956 ,
3609 3893 3794 3960 julu'at

2204 3987 2536 4045 exscindere,
2583 3983 2794 4052 quando
2839 3999 2934 4035 nos
2981 3985 3374 4048 scandalizant,
3430 3997 3481 4037 et
3515 3983 3664 4036 loliis
3689 3982 3790 4035 ali-

2206 4077 2330 4146 quid
2374 4076 2551 4128 damni
2602 4075 2755 4126 atlert
2783 4089 2965 4127 corum
3011 4077 3353 4129 Consuetudo.
3387 4077 3446 4130 Si
3474 4079 3671 4141 oculus,
3709 4078 3792 4129 itt-

2206 4168 2338 4236 quit,
2379 4176 2426 4221 te
2469 4164 2804 4227 scandalizat,
2835 4179 2954 4218 erue
2979 4165 3184 4232 ipsum;
3208 4175 3252 4218 et
3291 4167 3334 4219 si
3367 4183 3544 4218 manus
3573 4178 3618 4218 te
3641 4184 3792 4220 scan.

2207 4257 2414 4319 dalizot,
2444 4255 2678 4310 exscinde
2698 4255 2882 4322 ipsam,
2905 4264 2952 4308 et
2979 4255 3103 4324 cjice
3130 4272 3160 4307 a
3189 4267 3235 4306 te
3263 4253 3475 4325 illeilli.
3497 4255 3650 4309 5.29.
3672 4257 3791 4324 50),

2207 4362 2309 4404 nua
2337 4348 2520 4403 dicens
2547 4348 2614 4402 de
2639 4347 2913 4414 membris,
2937 4347 3075 4402 absit
3105 4363 3117 4400 :
3150 4347 3241 4401 sed
3267 4349 3336 4402 de
3366 4346 3507 4401 velis
3530 4355 3583 4400 et
3605 4363 3791 4402 neces.

2203 4441 2358 4495 sariis
2405 4440 2611 4505 amicis,
2663 4454 2886 4508 quorum
2935 4449 3059 4494 sunt
3107 4439 3454 4509 aspernanda:
3503 4439 3788 4502 amicitize.

2203 4530 2415 4603 quando
2464 4546 2561 4585 nec
2607 4530 2780 4597 nobis,
2834 4546 2930 4586 nec
2970 4531 3100 4600 ipsis
3137 4541 3260 4584 sunt
3301 4531 3484 4593 utiles,
3543 4532 3634 4584 sed
3689 4533 3789 4587 da-o

2202 4639 2424 4681 tutiosm.
2447 4621 2595 4676 Hanc
2611 4635 2868 4676 exercens
2887 4621 3132 4676 virtutem
3162 4621 3246 4677 hic
3271 4637 3480 4692 quoque
3499 4639 3600 4676 non
3615 4624 3790 4680 solum

2202 4731 2307 4772 non
2339 4714 2754 4784 persequebatur
2782 4714 2912 4768 tales
2953 4713 3337 4768 familiaritates
3365 4725 3418 4768 et
3451 4716 3788 4783 congressio-

2201 4825 2319 4873 nes,
2365 4807 2461 4864 sed
2486 4809 2647 4864 etiam
2679 4823 2771 4861 eas
2791 4805 3011 4876 jubebat
3036 4824 3064 4860 a
3095 4823 3153 4862 se
3182 4810 3407 4862 resilire.

2271 4901 2326 4957 6.
2370 4901 2464 4955 llic
2513 4908 2595 4954 est
2635 4901 2834 4952 [ructus
2877 4899 3236 4966 ptenitentim,
3301 4899 3402 4953 hoc
3449 4907 3530 4951 est
3580 4897 3788 4948 lucrum

2202 4995 2576 5063 lacrymarum.
2606 4991 2752 5046 Mens
2786 4992 2927 5045 enim
2977 5009 3094 5060 qtae
3147 4992 3212 5044 ita
3257 5002 3332 5044 est
3363 4989 3609 5047 contrita,
3645 4988 3788 5041 nuta

2202 5083 2455 5151 deinceps
2503 5083 2721 5137 libidine
2781 5090 3009 5136 tenetur.
3061 5083 3171 5135 llnc
3216 5083 3386 5147 ipsum
3435 5091 3532 5128 nos
3575 5091 3788 5145 quoque

2214 5171 2478 5228 faciamus
2500 5191 2514 5228 :
2537 5188 2592 5231 et
2618 5176 2660 5229 si
2688 5175 2758 5229 sit
2785 5174 3044 5242 quispiam
3080 5171 3162 5224 vel
3192 5172 3306 5238 ip-o
3335 5167 3634 5219 diademate
3665 5167 3791 5220 red-

2205 5267 2406 5329 imitus,
2440 5280 2535 5319 nos
2555 5276 2729 5321 autem
2763 5265 2940 5327 laedat,
2970 5276 3317 5330 aspernemur
3339 5257 3456 5326 ejus
3479 5259 3788 5316 amicitiam.

2203 5357 2341 5411 Nihil
2374 5367 2455 5411 est
2480 5358 2622 5411 enim
2651 5357 2766 5410 viro
2797 5355 2972 5417 vilius,
3020 5352 3116 5405 etsi
3164 5352 3232 5405 sit
3275 5367 3391 5415 rex,
3449 5352 3662 5422 quando
3706 5365 3790 5408 est

2205 5451 2333 5501 vitio
2377 5450 2588 5502 deditus
2621 5467 2631 5500 :
2663 5444 3110 5516 quemadmodum
3156 5443 3282 5499 nihil
3327 5454 3410 5500 cst
3457 5446 3538 5500 vel
3580 5446 3792 5516 captivo

2209 5539 2652 5610 uiagniticcntius,
2701 5535 2952 5608 quamdiu
3001 5539 3247 5596 virtutem
3295 5535 3606 5610 possederit.
3649 5537 3790 5602 Quo-
