4086 6214
285 249 354 301 79
777 237 794 250 ”
1025 237 1084 292 S.
1113 235 1325 294 ,ιοΑΝΝ
1333 235 1390 290 IS
1427 226 1874 288 CllRYSUSTOM

1987 224 2255 282 RCl'llEP.
2294 223 2826 284 CONSTANTINOP.
3487 229 3557 286 δο

284 363 421 414 nium
461 359 712 412 exaudit-it
754 355 1001 408 Dominus
1032 369 1197 406 vocent
1225 352 1370 419 ﬂetus
1399 348 1510 400 utri.
1555 345 1670 400 Non
1707 343 1858 400 dixit.

286 449 564 504 Exaudivit
621 463 801 498 vocem
864 460 1066 506 meam,
1115 440 1449 511 simpliciter,
1502 437 1626 497 sed,
1690 433 1865 485 i'ocem

286 544 432 610 ﬂetus
491 541 606 594 mei.
687 539 843 590 \‘ides
899 533 1166 602 quomodo
1211 547 1304 584 sua
1359 530 1504 596 large
1551 535 1604 580 ct
1655 525 1868 593 copiose

287 631 538 699 proferat,
590 643 770 682 vocem
821 639 872 681 et
929 629 1132 688 lletum,
1177 638 1359 676 vocem
1401 620 1484 672 hic
1513 618 1714 680 dicens,
1765 631 1865 668 non

290 723 638 776 intentionem
690 718 971 781 clamoris,
1028 714 1121 769 sed
1175 712 1510 767 affectionem
1571 708 1766 771 animi,
1815 715 1870 760 et

288 814 490 874 llctum,
540 825 642 862 non
680 825 800 864 eum
844 808 1014 863 solum
1065 807 1151 873 qui
1186 803 1400 873 prolluit
1435 817 1496 854 ex
1541 800 1730 856 oculis.
1775 795 1868 852 sed

285 903 445 956 etiam
497 919 616 956 eum
663 901 751 970 qui
785 916 848 955 ex
897 899 1105 952 anima?
1155 899 1251 964 Qui
1295 896 1434 949 enim
1470 892 1667 948 inducit
1696 891 1869 960 pinni-

287 995 526 1055 tcntiam,
567 1001 620 1047 tt
668 1008 696 1045 a
743 992 852 1046 Deo
879 990 1178 1049 exauditur,
1221 988 1320 1040 hoc
1359 986 1515 1039 etiam
1560 985 1752 1039 bonum
1779 999 1873 1053 po-

289 1092 390 1138 test
429 1083 683 1152 praeclare
717 1082 991 1148 consequi,
1041 1090 1090 1132 ut
1133 1077 1569 1132 consuetudinem
1597 1073 1868 1144 improbo-

290 1189 406 1227 rum
439 1184 698 1227 amovcat.
729 1173 815 1226 ‘ll.
873 1171 1182 1223 Erubescant
1228 1179 1273 1220 et
1313 1167 1675 1222 conturbantur
1703 1181 1871 1218 omnes

287 1265 477 1318 inimici
529 1263 659 1325 mei;
705 1272 1057 1315 convertantur
1110 1272 1386 1312 retrorsum
1417 1259 1456 1324 ¹,
1489 1267 1534 1310 et
1583 1256 1871 1310 erubescant

287 1355 434 1409 valde
458 1354 709 1408 velociter.
735 1351 858 1408 lla'e
883 1353 1052 1405 oratio
1080 1352 1360 1405 maximam
1390 1347 1864 1409 habetulilitatcm,

289 1449 566 1517 pudorem,
597 1447 828 1515 inquam,
857 1455 910 1498 ct
940 1443 1399 1511 retrocessioncm.
1428 1441 1527 1509 Qui
1557 1443 1697 1496 enim
1730 1439 1868 1496 male

291 1549 544 1600 currunt,
595 1541 638 1592 si
681 1539 996 1591 erubescant
1039 1547 1092 1590 ct
1140 1536 1506 1599 retrotrcdant,
1565 1550 1594 1588 a
1641 1533 1869 1604 nequitia

293 1630 571 1684 desistent.
622 1628 1075 1694 Quemadmodum
1120 1629 1259 1680 enim
1310 1628 1354 1681 si
1384 1626 1672 1680 viderimus
1702 1625 1869 1680 homi.

295 1735 416 1776 nem
462 1721 513 1774 in
556 1719 851 1790 pra'cipitio
880 1727 934 1771 et
971 1719 1250 1788 pra-ruptis
1297 1717 1424 1770 locis
1469 1715 1869 1786 ingredientem,

292 1827 358 1864 ne
386 1811 608 1864 ulterius
650 1807 901 1878 procedat
943 1808 1316 1870 retinebimus,
1367 1807 1604 1861 dicentes
1637 1825 1650 1862 :
1681 1805 1868 1872 llomo,

291 1919 398 1972 quo
443 1903 634 1957 ferris?
663 1912 904 1956 occurret
940 1902 1028 1954 tibi
1064 1900 1409 1970 przreipitium
1437 1899 1575 1968 quod
1604 1907 1724 1951 ante
1754 1907 1830 1951 est
1855 1914 1871 1952 :

293 1999 362 2050 ita
393 1995 550 2050 etiam
581 1995 667 2047 hic
700 1994 807 2048 vult
836 1995 1003 2047 malos
1030 1993 1383 2048 retrocedere.
1413 1990 1482 2044 Ita
1512 1991 1669 2045 etiam
1699 1994 1876 2043 iuren-

293 2098 399 2143 tem
449 2102 638 2157 equum
695 2087 792 2140 nisi
832 2087 948 2155 quis
977 2086 1082 2139 cito
1123 2086 1456 2154 represscrit,
1512 2084 1617 2137 cito
1659 2082 1872 2154 peribit.

294 2180 366 2234 Ita
394 2181 551 2233 etiam
582 2179 792 2240 medici,
831 2179 1094 2248 serpentis
1137 2178 1362 2246 alicujus
1407 2192 1667 2231 venenum
1713 2176 1872 2230 adre-

292 2286 428 2340 pens
467 2280 520 2324 et
571 2271 620 2322 in
660 2279 825 2323 totum
871 2284 1064 2339 corpus
1103 2285 1356 2323 emanans
1411 2269 1635 2322 maxima
1681 2267 1874 2322 celeri-

297 2369 420 2417 tate.
471 2376 536 2414 ne
582 2361 799 2414 ulterius
849 2359 1235 2428 progrediatur,
1285 2361 1498 2422 s'stuul,
1540 2359 1654 2426 ejus
1694 2358 1874 2412 vitium

299 2450 611 2505 incidentes.
691 2450 799 2504 lloc
838 2459 1012 2503 autem
1069 2465 1164 2504 nos
1209 2465 1420 2518 queque
1477 2449 1763 2514 faciamus,
1821 2460 1877 2504 et

295 2539 438 2608 quod
481 2541 528 2592 in
577 2540 728 2594 nobis
764 2549 845 2593 est
882 2540 1064 2594 vitium
1112 2542 1337 2594 maxima
1381 2541 1654 2595 celeritate
1702 2542 1873 2609 repri-

297 2645 520 2690 mamus,
561 2646 630 2685 ne
687 2631 904 2686 ulterius
961 2630 1305 2700 progrediens
1356 2633 1596 2685 morbum
1662 2640 1872 2702 augeat.

298 2719 548 2789 Neglecta
611 2722 752 2775 cnim
811 2731 1143 2790 peccatorum
1194 2721 1413 2777 vulnera
1467 2737 1610 2790 stepe
1673 2723 1874 2790 majora

295 2809 572 2873 evadunt,
644 2819 698 2863 et
741 2826 839 2866 nec
895 2827 1062 2882 usque
1116 2811 1180 2866 ad
1237 2814 1452 2868 vulnera
1509 2814 1679 2867 solum
1739 2814 1876 2867 sistit

295 2901 511 2955 nmrbus
539 2910 594 2956 et
629 2899 928 2968 inﬁrmitas,
972 2902 1064 2957 sed
1108 2916 1250 2973 saepe
1279 2904 1435 2957 etiam
1477 2915 1698 2959 mortem
1743 2904 1878 2972 parit

295 2993 682 3058 inunortalem,
755 2993 1206 3064 quemadmodum
1269 2997 1430 3050 etiam
1490 2997 1534 3049 si
1598 2997 1665 3051 ab
1727 2998 1875 3052 initio

298 3098 457 3153 parva
497 3083 886 3147 sustulerimus,
937 3100 1034 3139 nec
1073 3099 1260 3154 magna
1287 3096 1696 3156 consequentur.
1729 3087 1875 3142 Con-

295 3177 467 3230 sidera
511 3186 709 3232 autem.
750 3177 848 3244 Qui
899 3177 1181 3232 meditatus
1219 3186 1300 3232 est
1341 3193 1445 3232 non
1505 3178 1678 3234 facere
1735 3179 1876 3249 inju-

296 3270 454 3335 riam,
501 3285 597 3323 nec
645 3271 778 3324 sciet
807 3284 1079 3338 pugnare;
1125 3270 1212 3338 qui
1259 3283 1494 3340 pugnare
1546 3271 1765 3336 nesciet,
1817 3287 1876 3328 se

297 3362 454 3413 etiam
506 3369 651 3415 recte
695 3371 845 3430 geret
891 3361 941 3413 in
987 3359 1256 3426 amicitia;
1289 3361 1378 3430 qui
1427 3376 1487 3416 se
1541 3361 1592 3416 in
1646 3363 1875 3417 amicitia

297 3459 441 3502 recte
479 3456 644 3518 geret,
693 3464 796 3504 non
836 3450 1046 3504 habebit
1085 3451 1390 3516 inimicum;
1431 3452 1518 3522 qui
1557 3463 1734 3508 autem
1773 3470 1876 3508 non

303 3543 459 3596 habet
505 3542 794 3605 inimicum,
841 3543 933 3597 sed
975 3543 1134 3599 habet
1175 3545 1468 3610 caritatem,
1518 3544 1732 3600 habebit
1761 3561 1876 3600 om-

304 3651 424 3688 ιιι-ιιι
454 3635 717 3689 virtutem.
751 3635 828 3690 Ne
857 3637 1030 3705 priora
1075 3651 1202 3707 ergo
1246 3637 1592 3708 negligamus,
1642 3654 1708 3693 ne
1736 3640 1874 3694 mala

301 3729 350 3780 in
406 3727 574 3797 majus
619 3739 880 3782 crescant.
910 3728 1092 3793 ludas,
1123 3728 1166 3782 si
1199 3730 1432 3798 pecunia:
1460 3745 1694 3786 amorem
1721 3745 1876 3786 coer-

301 3819 518 3882 coisset,
566 3832 670 3872 non
721 3819 954 3873 venisset
983 3818 1050 3872 ad
1079 3821 1412 3890 sacrilegium
1439 3838 1451 3872 :
1479 3821 1523 3874 si
1568 3821 1694 3876 illud
1725 3837 1876 3876 com-

301 3911 602 3980 pressisset,
656 3925 759 3965 non
805 3911 871 3966 ad
914 3912 1287 3982 coloplionem,
1337 3921 1393 3966 ut
1419 3913 1586 3980 aiunt,
1618 3914 1876 3968 malorum

303 4002 650 4069 prosiluisset.
697 4003 760 4056 Et
789 4002 908 4057 ideo
933 4002 1179 4058 Christus
1208 4021 1414 4075 quoque
1442 4023 1546 4061 non
1571 4008 1740 4062 solum
1763 4007 1876 4062 for-

305 4094 622 4148 nicationem
671 4103 724 4148 et
773 4093 1129 4160 adulterium,
1198 4096 1290 4150 sed
1346 4096 1668 4166 impudicum
1715 4098 1876 4153 etiam

301 4185 542 4238 obtutum
589 4184 825 4253 reprimit
872 4183 1103 4254 (Matth.
1125 4185 1178 4242 5.
1204 4185 1276 4240 28
1298 4184 1339 4254 ),
1387 4187 1617 4243 radicem
1663 4189 1731 4243 ab
1771 4190 1878 4244 imo

300 4277 572 4340 evelle-ns,
627 4284 684 4330 nt
727 4275 930 4331 facilius
987 4277 1154 4346 possit
1201 4279 1438 4348 superari
1493 4280 1700 4333 vitium.
1767 4281 1878 4335 lloc

301 4369 461 4419 etiam
505 4365 726 4420 faciebat
768 4365 983 4426 Judaris,
1015 4367 1246 4421 crassius
1271 4367 1483 4437 quidem
1528 4380 1580 4424 et
1612 4379 1876 4438 tamquam

307 4474 400 4526 per
427 4459 738 4528 :rnigmata;
768 4459 1082 4528 loquebatur
1127 4461 1267 4513 enim
1307 4477 1426 4512 eum
1469 4462 1876 4526 earnalioribus,

301 4548 394 4601 sed
424 4557 597 4602 tmnen
639 4549 876 4603 iaciebat.
910 4549 1232 4615 Quomodo?
1281 4550 1394 4605 Non
1429 4554 1769 4621 permittebat
1823 4565 1880 4608 ut

305 4639 354 4691 in
386 4639 564 4692 bestiis
593 4640 697 4692 ulla
730 4651 873 4694 esset
897 4640 1200 4709 conjunctio
1243 4659 1306 4696 ex
1348 4643 1572 4698 diversis
1596 4645 1880 4715 generibus

305 4727 476 4798 (Deut.
507 4729 594 4782 22.
631 4730 740 4798 l0),
793 4746 896 4784 non
926 4731 1131 4786 sinebat
1157 4748 1397 4788 comesse
1420 4736 1726 4806 Sanguinem
1756 4737 1882 4794 bru-

305 4829 476 4874 tornm
509 4820 688 4884 (Levii.
714 4823 796 4875 l7.
820 4821 928 4891 l0),
957 4837 1059 4876 non
1088 4825 1425 4890 permittebat
1453 4836 1633 4882 tenere
1662 4829 1878 4900 pignora

307 4921 424 4979 post
469 4927 744 4979 veSperum
778 4912 950 4982 (Dens.
976 4913 1064 4968 24.
1099 4917 1208 4985 15),
1250 4931 1438 4988 magna
1478 4933 1574 4988 per
1608 4918 1721 4975 haec
1743 4918 1884 4975 mala

307 5003 622 5072 reprimens,
668 5019 762 5074 per
789 5005 1014 5072 primum
1044 5005 1254 5074 quidem
1281 5009 1477 5061 coitum
1503 5009 1878 5078 masculorum,

307 5109 399 5162 per
423 5093 710 5149 secundum
741 5104 915 5149 autent
941 5095 1134 5158 ordes,
1178 5111 1274 5165 per
1302 5100 1513 5153 tertium
1541 5115 1670 5154 vero
1695 5103 1886 5157 crude-

305 5183 504 5239 litatem
531 5196 584 5239 et
606 5185 1066 5241 inliumanimem.
1097 5186 1200 5242 Si‘d
1235 5203 1374 5242 nunc
1399 5191 1574 5244 omnia
1605 5192 1797 5260 passim
1828 5202 1884 5248 et

307 5271 640 5341 impudenter
685 5276 969 5331 admodum
1018 5279 1167 5339 ﬁunt,
1205 5288 1260 5333 et
1305 5279 1422 5334 ideo
1465 5282 1642 5336 omnia
1689 5298 1884 5354 susque

307 5363 477 5434 deque
521 5377 748 5435 aguntur
792 5378 844 5422 et
887 5369 1144 5424 feruntur.
1220 5370 1443 5438 Quando
1492 5387 1619 5443 ergo
1671 5389 1883 5444 parvam

374 5564 387 5591 ι
424 5561 496 5608 sie
519 5570 633 5634 ueg.
665 5571 712 5634 tu
738 5563 845 5612 aliis
869 5579 979 5621 vos,
1003 5573 1284 5622 retrorsum,
1307 5566 1480 5631 deest;
1503 5567 1592 5619 sed
1616 5571 1686 5622 sic
1709 5569 1885 5634 legen-

310 5622 422 5672 dum
442 5635 553 5673 esse
577 5619 824 5674 declarant
855 5640 911 5675 ea
935 5619 1044 5687 qth
1067 5619 1354 5690 sequuntur.

1974 341 2134 392 animi
2169 331 2624 410 perturbationem
2656 344 2974 412 susceperis,
3018 360 3082 400 ne
3110 362 3224 400 eam
3259 347 3556 416 neglexeris

1972 433 2112 502 quod
2153 448 2308 501 parva
2340 433 2428 496 sit,
2468 434 2561 488 sed
2603 433 2878 490 considera
2911 435 2962 490 id
2994 437 3223 506 quodex
3268 454 3326 491 ea
3373 438 3554 503 alitur,

1974 540 2200 578 mamma
2229 525 2362 578 mala
2397 542 2600 594 parere.
2655 527 2860 582 Etenim
2891 538 3168 598 postquam
3193 531 3245 583 in
3271 529 3429 584 domo
3460 533 3560 584 ati-

1980 626 2224 683 piautum
2290 625 2496 686 stuppae
2563 633 2844 674 accensum
2907 618 3220 686 viderimus,
3268 623 3556 677 conturba-

1978 721 2116 766 ιιιιιΓ.
2157 716 2216 761 ρι’
2245 708 2522 768 tumultum
2550 724 2823 764 movemus
2856 727 2869 763 :
2901 725 3003 765 ﬂOll
3047 711 3189 766 enim
3233 714 3557 768 attendimus

1976 795 2180 851 initium
2212 815 2224 850 :
2253 798 2344 852 sed
2371 814 2434 854 ex
2475 799 2625 855 initio
2653 801 2810 856 linem
2837 802 3260 870 considerantes,
3281 820 3559 862 movemur

1973 898 2026 943 et
2050 891 2413 946 concurrimus
2440 903 2493 946 ut
2523 903 2688 948 totum
2710 895 2973 950 caminmn
2995 899 3412 967 esstinguamus.
3447 901 3559 956 lloc

1976 981 2096 1052 igne
2120 983 2489 1041 Vehementius
2517 988 2748 1042 animam
2777 988 2954 1042 exedit
2975 990 3176 1042 vitium.
3197 990 3416 1058 Oportet
3460 993 3560 1046 ita-

1975 1089 2078 1144 que
2108 1076 2418 1142 praevenire.
2447 1076 2576 1131 Nam
2605 1079 2647 1131 si
2677 1078 2929 1133 fuerimus
2958 1081 3304 1150 negligentes,
3355 1082 3404 1136 id
3435 1099 3558 1137 cor-

1975 1175 2122 1219 recto
2153 1166 2338 1221 evadet
2366 1165 2650 1221 dil‘.iiilius.
2685 1169 2795 1224 lloc
2827 1170 3015 1226 viderit
3052 1173 3312 1241 quispiam
3346 1176 3560 1230 evenire

1976 1256 2134 1308 etiam
2167 1255 2217 1308 in
2249 1257 2478 1325 navigio,
2523 1266 2576 1311 et
2602 1259 2905 1314 conturbari
2935 1271 3153 1325 nautas,
3198 1279 3301 1316 non
3347 1266 3560 1334 quando

1976 1362 2122 1399 mare
2142 1346 2250 1414 jam
2281 1361 2534 1416 superare
2557 1391 2570 1412 ,
2600 1348 2694 1415 sed
2730 1349 2940 1420 quando
2967 1351 3016 1405 id
3045 1350 3301 1407 iacturum
3331 1369 3448 1410 esse
3481 1356 3560 1409 \i-

1975 1438 2169 1495 derint.
2219 1439 2296 1495 Ne
2343 1441 2509 1494 simus
2548 1457 2674 1512 ergo
2719 1442 2771 1496 in
2803 1445 2977 1512 parvis
3010 1447 3238 1514 peccatis
3268 1447 3554 1512 socordes,

1976 1533 2068 1587 sed
2105 1548 2164 1586 ea
2206 1533 2557 1602 reprimamus
2583 1550 2702 1589 cum
2733 1551 2921 1606 magna
2952 1537 3306 1606 vehcmcntia,
3343 1548 3397 1594 ut
3431 1540 3563 1596 libe-

1977 1640 2156 1679 remur
2203 1641 2232 1678 a
2278 1625 2587 1693 majoribus,
2637 1636 2691 1681 et
2739 1626 2875 1682 bona
2921 1625 3093 1681 futura
3139 1643 3556 1700 consequamur,

1976 1717 2139 1785 gratia
2173 1725 2224 1768 et
2250 1715 2569 1785 benignitate
2601 1716 2808 1770 Domini
2836 1717 3000 1772 nostri
3040 1717 3162 1774 Jesu
3189 1717 3409 1787 Christi,
3435 1737 3560 1776 cum

1976 1823 2082 1876 quo
2111 1807 2250 1862 Patri
2284 1823 2382 1860 una
2417 1823 2535 1861 cum
2567 1815 2755 1862 sancto
2780 1807 2978 1879 Spiritu
3006 1809 3192 1878 gloria,
3242 1813 3430 1875 honor,
3463 1812 3562 1865 imo

1977 1899 2205 1969 perium,
2249 1915 2386 1952 nunc
2429 1907 2484 1954 et
2525 1914 2754 1969 semper,
2801 1909 2856 1955 et
2893 1904 2946 1954 in
2991 1902 3182 1956 sarcula
3219 1903 3556 1958 satculoruut.

1977 1991 2166 2044 Amen.

2303 2103 2660 2160 l'JXPOSlTlO
2685 2103 2747 2158 ΙΝ
2773 2105 3092 2162 PSALMUM
3123 2106 3232 2160 Vll.

1979 2219 2030 2274 1.
2067 2217 2300 2273 l’salmm
2341 2217 2550 2281 υαυίάὶ,
2595 2235 2741 2287 quem
2781 2220 2994 2273 cantavit
3033 2219 3245 2274 Domino
3278 2239 3367 2289 pro
3403 2225 3566 2276 verbis

2511 2309 2667 2362 (λιιιδὶ
2694 2311 2790 2378 lilii
2815 2309 3022 2381 Jemini.

1975 2445 2014 2498 2
2060 2443 2276 2498 Domine
2309 2442 2442 2497 Dens
2473 2460 2630 2508 mens,
2664 2446 2712 2498 in
2740 2455 2784 2498 te
2813 2447 3010 2516 sperari
3033 2449 3256 2501 :snlvmn
3287 2466 3362 2502 mc
3391 2453 3471 2521 {nc
3497 2451 3562 2504 ub

2183 2535 2412 2588 omnibus
2439 2537 2839 2605 persequentibus
2869 2554 2964 2602 me,
2993 2549 3039 2592 et
3073 2539 3227 2592 libera
3255 2557 3349 2592 me.

2057 2627 2103 2681 Ι.
2129 2626 2411 2696 Oportcret
2447 2627 2658 2696 quidem
2705 2627 3097 2698 Scripturarum
3138 2640 3190 2682 et
3223 2630 3560 2686 historiarum

1979 2718 2113 2773 adeo
2140 2730 2438 2772 accuratam
2477 2717 2671 2773 habere
2711 2720 3100 2789 cognitionent,
3147 2732 3202 2775 ut
3241 2723 3462 2792 longiori
3492 2725 3564 2778 ad

1979 2825 2160 2865 earum
2190 2809 2486 2862 dortrinam
2515 2810 2755 2864 oratione
2798 2826 2900 2863 non
2943 2827 3254 2880 egeremus;
3299 2815 3388 2868 Sed
3427 2831 3564 2884 quo-

1981 2901 2122 2954 niam
2153 2899 2240 2954 alii
2272 2899 2483 2970 quidem
2521 2899 2572 2953 in
2615 2898 2776 2954 rebus
2804 2901 3146 2956 smeularibos
3173 2911 3440 2972 occupati,
3470 2905 3566 2959 alii

1979 3007 2108 3047 vero
2135 2992 2340 3060 scipsos
2367 2989 2624 3046 socordia:
2649 2990 2905 3046 dedentes
2929 3032 2944 3056 ,
2983 3007 3044 3046 ea
3079 3010 3182 3047 non
3213 2995 3522 3049 audiverunt
3544 3039 3561 3062 ,

1981 3097 2201 3138 necesse
2229 3091 2308 3138 est
2341 3082 2500 3153 paulo
2528 3082 2751 3153 longiori
2780 3083 2851 3138 uti
2881 3085 3141 3150 oratione,
3170 3085 3360 3140 l’salmi
3400 3103 3564 3157 argu-

1983 3183 2218 3229 mentum
2249 3175 2614 3244 explanantes.
2646 3173 2749 3228 Sed
2777 3174 3033 3230 attendite
3059 3175 3357 3246 diligenter.
3385 3180 3564 3245 Quod—

1983 3281 2104 3319 nam
2147 3265 2304 3336 igitur
2333 3275 2414 3320 est
2457 3265 2864 3335 argumentum?
2913 3264 3146 3320 I’salntus
3189 3266 3372 3321 Doridi
3418 3285 3566 3337 quem

1980 3359 2156 3412 cecinit
2185 3358 2423 3412 Domino.
2452 3356 2636 3412 Alius:
2663 3357 2895 3412 l’salntus
2923 3375 3016 3430 pro
3041 3360 3326 3430 ignorantia
3357 3359 3562 3416 Davitli.

1981 3451 2164 3504 Alius:
2186 3448 2449 3518 lgnarutio
2475 3446 2666 3504 Daoidi
2693 3465 2712 3503 :
2737 3457 2792 3504 et
2817 3464 2912 3519 pro
2944 3448 3128 3518 Chttsi,
3162 3450 3427 3522 IEtItiopis
3456 3452 3564 3526 (α),

1983 3541 2170 3610 inquit.
2211 3540 2315 3596 Sed
2356 3541 2434 3596 sic
2469 3543 2626 3596 etiam
2669 3541 2893 3597 obscura
2921 3551 3070 3607 sunt,
3097 3559 3216 3612 qua:
3242 3542 3381 3598 dicta
3410 3555 3564 3607 sunt,

1980 3635 2120 3704 quod
2145 3650 2237 3688 vos
2260 3633 2532 3688 historiam
2551 3633 2822 3704 ignoretis.
2842 3632 2945 3687 Sed
2963 3634 3211 3704 quoniam
3236 3651 3340 3688 non
3357 3644 3568 3706 oportet

1982 3727 2154 3780 solum
2188 3725 2584 3796 reprehendere
2603 3765 2619 3789 ,
2648 3725 2741 3780 sed
2765 3724 2960 3780 docere
2979 3765 2994 3790 ,
3024 3739 3200 3795 operte
3229 3727 3451 3795 pretium
3482 3735 3567 3780 est

1983 3817 2338 3871 narrationem
2375 3815 2609 3886 aggredi.
2641 3816 2771 3882 Quis
2816 3831 2946 3888 ergo
2985 3815 3055 3871 sit
3093 3815 3179 3870 hic
3223 3817 3383 3872 Chusi
3427 3817 3567 3872 tilius

1981 3907 2194 3970 Jeinini,
2221 3917 2274 3962 et
2299 3923 2540 3978 quamam
2563 3909 2669 3962 sint
2694 3908 2876 3974 verba,
2911 3921 3008 3979 pro
3032 3909 3224 3978 quibus
3247 3909 3354 3964 Deo
3373 3908 3568 3964 cecinit

1982 4001 2082 4056 hoc
2109 4002 2368 4056 canticum
2401 4001 2561 4056 David
2582 4043 2596 4068 ,
2635 4001 2758 4058 hinc
2783 4001 3032 4072 deinceps
3059 4001 3339 4057 dicendum
3364 4009 3464 4065 est,
3496 4002 3566 4056 ab

1985 4095 2134 4148 initio
2162 4094 2316 4147 ducta
2349 4095 2610 4149 oratione.

2065 4186 2151 4240 Vis
2191 4187 2476 4241 ambitionis
2501 4187 2729 4258 exeuiplo
2758 4185 3020 4240 Absalonis
3045 4185 3272 4255 probata.
3291 4213 3358 4222 —-
3394 4183 3566 4238 Absa-

1984 4277 2072 4330 lon
2117 4276 2205 4330 luit
2247 4278 2382 4330 [ilius
2413 4277 2608 4341 David,
2643 4277 2854 4346 juvenis
2893 4275 3226 4330 incontinens
3251 4283 3304 4328 et
3329 4273 3566 4344 perditus

1985 4371 2058 4440 (9...
2077 4369 2204 4440 Reg.
2236 4371 2344 4442 15).
2377 4369 2424 4423 Is
2449 4370 2729 4440 aliquando
2751 4368 3034 4423 insurrexit
3053 4367 3310 4422 adversus
3337 4376 3563 4436 patrem,

1984 4476 2155 4532 coque
2183 4478 2378 4532 regno,
2411 4471 2463 4517 et
2490 4461 2670 4528 domo,
2703 4470 2758 4515 et
2790 4460 2954 4530 patria
2984 4459 3175 4530 eiecto,
3203 4474 3302 4529 pro
3332 4459 3422 4514 illo
3452 4459 3568 4527 ipse

1986 4556 2200 4610 tenebat
2219 4555 2393 4609 omnia
2419 4597 2434 4619 ,
2477 4564 2529 4609 ct
2561 4570 2730 4624 neque
2760 4563 3018 4617 naturam,
3049 4568 3146 4608 nec
3165 4553 3530 4608 educationem
3549 4593 3565 4618 ,

1987 4661 2086 4700 nec
2139 4655 2382 4709 tetatem,
2438 4661 2534 4700 nec
2597 4660 2714 4714 qua:
2771 4655 3150 4714 prtncesserant
3212 4645 3566 4713 reSpiciebat,

1986 4747 2076 4792 aut
2129 4738 2500 4800 reverebatur;
2554 4737 2644 4792 sed
2688 4748 2800 4790 erat
2843 4737 3010 4802 adeo,
3056 4747 3115 4791 ut
3151 4739 3315 4793 semel
3361 4738 3570 4802 dicam,

1987 4831 2238 4896 crudelis,
2262 4830 2509 4894 immitis,
2543 4839 2596 4884 et
2625 4829 2795 4884 bellua
2825 4830 3000 4898 potius
3021 4845 3176 4899 quam
3206 4829 3382 4894 homo,
3408 4837 3467 4883 ut
3486 4827 3572 4884 his

1986 4921 2237 4978 omnibus
2267 4921 2530 4990 perruptis
2561 4919 2836 4986 obicibus,
2881 4919 3008 4989 ipsis
3053 4929 3254 4973 natura:
3293 4920 3572 4974 insultare!

1993 5013 2197 5082 legibus
2217 5053 2231 5075 ,
2263 5021 2316 5067 et
2349 5011 2516 5065 turbis
2541 5011 2716 5064 omnia
2745 5025 2809 5066 ac
2841 5011 3065 5064 tumultu
3093 5010 3421 5078 compleret:
3447 5019 3573 5063 tunc

1990 5104 2132 5158 enim
2163 5102 2338 5156 omnia
2377 5101 2750 5156 cvertebantur
2778 5101 2990 5156 decreta
3029 5111 3262 5168 naturar,
3297 5100 3571 5155 hominum

1991 5194 2318 5256 reverentia,
2359 5193 2409 5246 in
2440 5193 2602 5246 Deum
2635 5192 2802 5261 pietas
2829 5208 2892 5247 ac
2927 5193 3147 5264 religio,
3194 5193 3491 5248 humanitas
3519 5200 3573 5247 et

1993 5283 2350 5338 misericordia
2373 5323 2387 5346 ,
2419 5281 2792 5336 alimentorum
2823 5284 3210 5350 remuneratio,
3254 5295 3308 5339 et
3335 5284 3386 5338 in
3417 5297 3575 5338 sene-

1993 5384 2191 5430 ctutem
2223 5373 2538 5428 reverentia.
2566 5371 2698 5426 Nam
2729 5375 2827 5430 etsi
2855 5375 3069 5432 nolebat
3094 5391 3215 5432 eum
3256 5375 3486 5432 revereri
3515 5383 3575 5431 ut

2057 5501 2128 5562 (ιι)
2172 5499 2298 5565 Illud
2319 5536 2332 5558 ,
2368 5495 2614 5565 ignoratio
2658 5498 2837 5551 Davidi
2861 5501 3108 5565 (datm-quat
3135 5506 3204 5565 τῷ
3239 5504 3412 5560 Aonia)
3434 5540 3446 5562 ,
3493 5511 3574 5553 est

1994 5559 2304 5686 ﬁgm'tlngchi;
2373 5559 2498 5608 illud
2560 5567 2727 5611 autem
2752 5600 2764 5623 ,
2824 5559 3065 5628 ίΕιΙίὶορὶὲ
3109 5559 3368 5627 (Αἰθίοπος
3394 5559 3445 5623 ),
3491 5573 3574 5616 est

2075 5639 2101 5671 υ
2145 5638 2156 5648 ⁸
2190 5659 2201 5671 .

2075 5638 2201 5671 υΙΙῖΒ.
