4112 6224
417 5535 427 5582 ί

444 241 510 300 79

439 367 621 410 κουσε
643 354 857 421 Κύριος
886 353 996 422 τῆς
1019 354 1226 423 φωνῆς
1261 353 1368 407 τοῦ
1393 354 1698 423 κλαυθμοῦ
1732 371 1871 421 μου.
1903 353 2016 406 Οὐκ

438 433 592 490 εἶπεν
609 435 757 503 ,Ὅτι
779 439 1069 506 εἰσήκουσε
1108 438 1206 507 τῆς
1235 437 1418 506 φωνῆς
1451 455 1552 508 μου
1570 479 1583 500 ,
1613 437 1800 499 ἁπλῶς
1823 476 1837 495 ,
1863 437 2019 492 ἀλλὰ.

444 520 557 589 Τῆς
591 519 796 588 φωνῆς
825 520 932 573 τοῦ
963 520 1268 588 κλαυθμοῦ
1301 537 1440 588 μου.
1489 520 1651 592 Ὁρᾷς
1687 519 1801 581 πῶς
1831 520 1924 570 καὶ
1955 519 2022 572 τὰ

440 607 569 675 παρ’
605 602 798 657 ἑαυτοῦ
828 603 966 672 μετὰ
995 603 1195 674 πολλῆς
1229 603 1436 672 εἰσάγει
1455 603 1554 672 τῆς
1585 603 1864 671 δαψιλείας
1883 645 1898 665 ,
1929 605 2022 657 καὶ

439 689 624 757 φωνὴν
647 727 663 748 .
701 688 795 740 καὶ
822 687 1097 756 κλαυθμὸν
1123 728 1137 745 ,
1170 688 1350 757 φωνὴν
1379 685 1612 739 ινταῦθα
1656 687 1717 738 ού
1748 685 1838 738 τὸν
1870 685 2022 739 τόνον

440 772 615 840 λέγων
639 772 736 842 τῆς
768 772 1014 842 κραυγῆς
1032 811 1044 832 ,
1073 771 1206 824 ἀλλά
1238 771 1334 841 τὴν
1363 769 1601 823 διάθεσιν
1625 769 1728 838 τῆς
1762 769 2020 834 διανοίας,

440 855 535 908 καὶ
564 854 840 924 κλαυθμὸν
865 855 926 906 οὐ
955 854 1044 905 τὸν
1073 854 1180 906 άπὸ
1205 853 1312 905 τῶν
1341 852 1635 921 ὀφθαλμῶν
1665 853 1822 922 μόνον
1843 893 1858 916 ,
1888 852 2026 906 ἀλλά

440 936 652 990 καὶτὸν
679 937 788 988 ἀπὸ
823 939 921 1006 τῆς
949 935 1154 1004 ψυχῆςς
1201 937 1261 989 Ὀ
1299 935 1408 1006 γάρ
1441 934 1732 1005 μετάνοιαν
1766 936 2023 1002 εἰσάγων,

442 1022 539 1075 καὶ
573 1021 722 1090 παρὰ
749 1020 842 1073 τοῦ
870 1021 1000 1072 θεοῦ
1050 1020 1380 1090 ἀκςυόμενος
1399 1060 1412 1081 ,
1441 1019 1680 1082 εὐκόλως
1731 1020 1825 1072 καὶ
1870 1016 2026 1071 τοῦτο

440 1103 665 1158 δύναται
691 1103 1028 1172 κατορθῶσαι
1057 1100 1120 1154 τὸ
1145 1101 1348 1170 ἀγαθὸν
1373 1142 1387 1164 ,
1418 1102 1478 1154 τὸ
1507 1101 1887 1172 διακρούεσθαι
1918 1101 2026 1154 τῶν

445 1186 698 1259 πονηρῶν
715 1188 810 1248 τὰς
839 1185 1141 1248 συνουσίας.
1163 1183 1684 1253 Αἰσχυνθήτωσαν
1709 1185 1806 1238 καὶ
1833 1185 2027 1253 ἐντρα-

445 1270 732 1335 πήτωσαν
751 1267 971 1334 πάντες
993 1271 1045 1322 οἱ
1065 1269 1269 1337 ἐχθροί
1281 1286 1422 1337 μου.
1449 1266 2025 1336 Ἀποστραφήτωσαν

442 1356 532 1418 εἰς
551 1355 621 1407 τὰ
635 1354 823 1406 ὀπίσω
840 1365 886 1418 ι,
909 1354 1005 1406 καί
1025 1351 1648 1420 καταισχυνθήτωσαν
1671 1352 1908 1421 σφόδρα
1927 1352 2026 1406 διὰ

443 1437 682 1506 τάχους.
716 1435 866 1504 Αὕτη
900 1437 934 1506 ἡ
970 1434 1103 1505 εὐχὴ
1130 1434 1395 1504 μεγίστην
1429 1434 1540 1504 ἔχει
1565 1435 1852 1503 ὠφέλειαν.
1885 1436 1944 1488 τό
1967 1453 2025 1488 τε

443 1519 794 1591 αἰσχυνθῆναι
825 1519 970 1586 λέγω
993 1557 1006 1581 ,
1039 1519 1134 1570 καὶ
1169 1517 1229 1570 τὸ
1258 1518 1338 1580 είς
1382 1518 1621 1572 τούπὶσω
1652 1513 1926 1575 ἀπελθεῖν.
1963 1520 2026 1572 Οἱ

444 1605 555 1676 γὰρ
588 1604 770 1666 κακῶς
793 1603 1078 1674 τρέχοντες
1101 1643 1116 1664 ,
1155 1601 1202 1654 εἰ
1230 1601 1668 1670 καταισχυνθεῖεν
1687 1643 1700 1662 ,
1730 1603 1822 1656 καὶ
1850 1603 1932 1665 εἰς
1958 1603 2026 1655 τά

443 1688 620 1740 όπίσω
669 1685 949 1739 ἀπέλθοιεν
975 1725 990 1746 ,
1037 1685 1322 1755 στήσονται
1353 1684 1453 1755 τῆς
1490 1684 1776 1756 πονηρίας.
1814 1686 2024 1756 Ὥσπερ

443 1772 552 1841 γὰρ
595 1772 643 1822 εἰ
683 1769 961 1839 ἄνθρωπον
1001 1767 1199 1837 ίδωμεν
1237 1766 1379 1822 κατὰ
1405 1767 1654 1838 κρημνοῦ
1700 1767 2021 1839 φερόμενον,

441 1853 853 1925 ἀναχαιτίζομεν
893 1851 1055 1905 αὐτὸν
1090 1851 1190 1922 τῆς
1237 1852 1572 1922 προσωτέρω
1603 1853 1805 1922 φορᾶς,
1844 1851 2026 1920 λέγον-

437 1956 526 2002 τες
551 1955 564 1967 ⁸
583 1935 1002 2006 Ἀνθρωπε,ποῢ
1037 1935 1209 2008 φέρῃς
1245 1937 1488 2007 κρημνὸς
1513 1936 1820 2008 ἔμπροσθεν
1849 1938 2026 1990 ἀπαν-

434 2023 660 2095 τήσεται
685 2038 698 2050 ⁸
724 2019 866 2074 οὕτω
897 2018 962 2090 δὴ
997 2021 1091 2072 καὶ
1121 2014 1275 2082 οὗτος
1313 2020 1454 2085 ἀξιοῖ
1481 2021 1606 2084 τοὺς
1634 2021 1837 2083 κακοὺς
1863 2019 2024 2073 πάλιν

434 2107 515 2171 εἰς
546 2105 789 2158 τούπίσω
819 2103 1170 2173 ἀναδραμεῖν.
1196 2101 1354 2154 Οὕτω
1376 2103 1470 2154 καὶ
1499 2102 1668 2156 ἵππον
1701 2104 2024 2174 μαινόμενον

435 2187 501 2242 ἂν
537 2188 611 2258 μὴ
643 2186 854 2257 ταχέως
885 2202 970 2249 τις
1002 2184 1444 2257 ἀνακρούσηται,
1475 2184 1686 2255 ταχέως
1720 2186 2022 2242 ἀπολεῖται.

437 2269 593 2322 Οῦτω
624 2271 714 2322 καὶ
748 2268 922 2339 ἰατροὶ
956 2268 1031 2320 ἱὸν
1061 2266 1290 2339 ἑρπετοῦ
1324 2285 1467 2330 τινος
1490 2268 1748 2333 πολλάκις
1772 2271 2024 2341 ἐπινεμό-

444 2371 601 2422 μενον
633 2354 777 2406 ἀπαν
826 2351 888 2404 τὸ
924 2351 1082 2421 σῶμα
1115 2353 1253 2421 μετά
1307 2351 1503 2405 πολλοῦ
1537 2352 1629 2405 τοῦ
1680 2354 1877 2423 τάχους
1923 2355 2022 2424 τῆς

446 2436 778 2504 προσωτέρω
813 2435 982 2504 φορᾶς
1031 2435 1246 2487 ἱστῶσιν
1270 2475 1284 2496 ,
1325 2435 1683 2501 ὲγκόπτοντες
1715 2436 1881 2488 αὑτοῦ
1925 2436 2023 2506 τὴν

445 2516 663 2569 κακίαν.
687 2514 858 2566 Τοῦτο
885 2515 950 2584 δὴ
979 2516 1073 2566 καὶ
1099 2517 1255 2584 ἡμεῖς
1284 2515 1548 2584 ποιῶμεν,
1571 2518 1662 2568 καὶ
1684 2517 1781 2585 τὴν
1809 2519 1866 2568 ὲν
1897 2519 2026 2586 ἡμῖν

448 2600 646 2652 κακίαν
680 2597 1096 2666 ἀναστέλλωμεν
1133 2596 1268 2666 μεὲά
1297 2597 1494 2649 πολλοῦ
1542 2598 1636 2650 τοῦ
1676 2598 1904 2667 τάχους,
1943 2601 2027 2651 ἵνα

449 2683 524 2752 μὴ
557 2679 822 2751 προϊοῦσα
859 2678 995 2748 αῦξῃ
1030 2679 1127 2746 τὴν
1151 2679 1324 2734 νόσον.
1373 2681 1478 2733 Καὶ
1511 2681 1620 2751 γὰρ
1663 2681 2025 2750 ἀμελούμενα,

447 2767 669 2835 μείζονα
702 2763 907 2833 γίνεται
935 2764 1041 2816 τῶν
1066 2764 1481 2835 ἁμαρτημάτων
1507 2766 1573 2819 τά
1601 2765 1907 2836 τραύματα,
1939 2768 2030 2819 καὶ

439 2849 500 2900 ού
538 2849 698 2919 μέχρι
745 2847 1073 2918 τραυμάτων
1111 2848 1328 2900 ἵσταται
1355 2846 1426 2900 τά
1477 2849 1574 2917 τῆς
1612 2849 1767 2901 νόσου
1809 2852 1902 2902 καὶ
1929 2853 2028 2921 τῆς

438 2933 748 3003 ἀρρωστίας
773 2971 787 2991 ,
820 2930 954 2984 ἀλλά
1004 2931 1097 2983 καὶ
1132 2929 1362 2983 θάνατον
1410 2931 1583 2984 τίκτει
1616 2931 1705 2985 τὸν
1738 2933 2022 2999 ἀθάνατον,

437 3014 628 3087 ῶσπερ
663 3014 729 3068 ἂν
759 3013 817 3080 ἐξ
863 3013 1039 3085 ἀρχῆς
1091 3013 1185 3066 καὶ
1232 3012 1299 3066 τά
1360 3013 1534 3086 μικρά
1563 3015 1870 3086 ἀνέλωμεν,
1905 3018 2025 3070 οὐδὲ

437 3099 507 3152 τα
528 3098 737 3168 μεγάλα
769 3097 978 3168 ἕψεται.
1007 3097 1210 3150 Σκόπει
1238 3097 1316 3151 δέ.
1346 3098 1403 3151 ’0
1435 3099 1738 3170 μελετήσας
1768 3100 1841 3171 μὴ
1874 3101 2027 3172 ὑϐρί-

441 3181 575 3244 ζειν,
623 3181 742 3234 οὐδὲ
798 3179 1064 3251 μάχεσθαι
1111 3179 1345 3233 εἴσεται·
1380 3180 1408 3231 6
1441 3182 1514 3252 μὴ
1545 3181 1697 3245 εἰδὼς
1737 3184 2024 3252 μάχεσθαι,

441 3268 536 3319 καὶ
564 3266 626 3319 τὸ
665 3264 836 3335 φιλεῖν
872 3263 1204 3336 κατορθώσει
1231 3279 1246 3295 ⁸
1279 3265 1308 3317 ό
1342 3265 1694 3336 κατορθώσας
1736 3268 1794 3320 τὸ
1830 3268 2024 3336 φιλεῖν,

443 3349 636 3421 ἐχθρὸν
655 3351 753 3420 οὐχ
773 3350 885 3415 ἕξει
901 3366 915 3379 ⁸
943 3351 970 3403 ὁ
996 3350 1052 3404 δὲ
1082 3350 1275 3421 ἐχθρὸν
1301 3350 1400 3404 οὐκ
1429 3350 1588 3422 ἔχων,
1618 3351 1752 3404 ἀλλά
1774 3353 1869 3424 τὴν
1892 3353 2021 3420 ἀγά-

443 3450 552 3502 πην
581 3433 1016 3503 ἐπιδεικνύμενος
1033 3475 1048 3498 ,
1075 3433 1292 3486 ἅπασαν
1322 3433 1657 3506 κατορθώσει
1685 3434 1781 3506 τὴν
1802 3437 2022 3507 ἀρετήν.

442 3517 532 3586 Μὴ
561 3515 624 3589 δὴ
651 3515 759 3569 τῶν
789 3516 1067 3587 προτέρων
1099 3515 1412 3586 ἀμελῶμεν,
1437 3518 1524 3572 ἵνα
1555 3517 1630 3588 μὴ
1656 3519 1790 3590 πρὸς
1818 3519 1878 3572 τὸ
1910 3523 2029 3589 μεῖο

443 3599 535 3663 ζον
568 3601 792 3672 αῖρηται
825 3600 894 3653 τὰ
943 3600 1106 3654 κακά.
1151 3599 1212 3654 '0
1265 3599 1494 3665 Ἰούδας,
1537 3602 1585 3654 εἰ
1625 3601 1686 3654 τὸ
1729 3603 2028 3673 χρημάτων

444 3685 575 3755 ὲρᾷν
615 3684 907 3746 ἐκόλασεν,
950 3684 1050 3735 οὐκ
1085 3684 1150 3736 ἀν
1185 3682 1263 3745 εἰς
1297 3684 1602 3752 ἱεροσυλίαν
1629 3679 1791 3755 ἦλθεο
1823 3685 2028 3757 ταύτην

445 3769 493 3820 εἰ
531 3767 793 3837 κατέσχεν
819 3808 833 3832 ,
880 3767 980 3819 οὐκ
1008 3766 1073 3819 ἂν
1124 3768 1204 3829 εἰς
1245 3767 1338 3820 τὸν
1377 3768 1657 3838 κολοφῶνα
1703 3768 1810 3822 τῶν
1843 3770 2028 3824 κακῶν

445 3849 763 3924 ἐξεπήδησε.
794 3849 894 3902 Διά
923 3848 1082 3901 τοῦτο
1111 3849 1206 3902 καὶ
1233 3853 1262 3902 ό
1291 3851 1522 3922 Χριστὸς
1562 3853 1619 3906 οὐ
1649 3853 1747 3924 τὴν
1773 3855 2028 3924 πορνείαν

450 3933 609 4002 μόνον
633 3973 646 3995 ,
672 3933 791 3986 οὐδὲ
836 3932 934 4003 τὴν
968 3933 1214 4002 μοιχείαν
1241 3972 1256 3994 ,
1288 3932 1423 3987 ἀλλὰ
1472 3936 1564 3988 καὶ
1591 3937 1692 4009 τὴν
1732 3937 2028 3993 ἀκόλαστον

445 4017 566 4086 ὄψιν
595 4017 908 4070 ἀναστέλλει
931 4058 945 4083 ,
976 4015 1072 4086 τὴν
1103 4016 1261 4084 ῥίζαν
1286 4017 1528 4071 κάτωθεν
1559 4020 1817 4074 ἀνασπῶν
1840 4059 1856 4084 ,
1888 4020 2029 4074 ὥστε

446 4101 540 4156 καὶ
589 4101 953 4173 εὐκολώτερον
1002 4097 1143 4154 εἶναι
1190 4102 1569 4172 περιγενέσθαι
1599 4105 1696 4175 τῆς
1745 4105 2027 4177 πονηρίας.

446 4183 615 4238 Τοῦτο
649 4185 743 4239 καὶ
773 4186 864 4239 ἐπὶ
903 4184 1011 4238 τῶν
1057 4184 1327 4239 Ἰουδαίων
1358 4185 1562 4253 ἐποίει,
1601 4187 1904 4257 παχύτερον
1933 4187 2032 4258 μὲν

447 4269 540 4320 καὶ
565 4268 640 4332 ὡς
661 4268 726 4320 δι’
751 4269 1089 4340 αἰνιγμάτων
1116 4312 1128 4330 ,
1163 4269 1350 4340 ἐπειδὴ
1389 4269 1524 4338 πρὸς
1561 4269 2032 4338 σαρκωδεστέρους

445 4355 474 4405 ό
491 4352 644 4420 λόγος
659 4348 747 4423 ἦν,
772 4353 942 4406 ἐποίει
962 4352 1090 4421 γοῦν
1114 4351 1404 4425 ὄμως.[49]
1425 4352 1568 4416 Πῶς,
1591 4353 1684 4405 καὶ
1700 4352 1806 4406 τίνι
1824 4354 2030 4424 τρόπῳς

447 4436 562 4488 υῦκ
595 4434 741 4503 ἠφίει
770 4436 825 4486 ὲν
857 4437 1076 4505 κτήνεσι
1114 4436 1351 4506 γίνεσθαί
1385 4436 1411 4476 δ
1437 4453 1558 4490 τινα
1590 4435 1735 4507 μίξιν
1764 4438 1829 4490 ἐκ
1856 4438 2033 4507 διαφό‹

449 4535 558 4589 ρων
577 4518 798 4585 γενεῶν,
823 4519 922 4571 οὐκ
945 4519 1092 4588 ἠφίει
1125 4515 1263 4589 αἷμα
1291 4520 1490 4574 ἐσθίειν
1514 4519 1743 4588 ἀλόγων,
1760 4521 1860 4574 οὐκ
1879 4521 2028 4592 ἠφίει

447 4600 678 4671 ἐνέχυρα
709 4602 958 4670 κατέχειν
992 4603 1127 4672 μετὰ
1157 4603 1254 4674 τὴν
1287 4604 1544 4675 ἑσπέραν,
1583 4603 1795 4673 μεγάλα
1820 4606 1884 4658 ἐκ
1907 4604 2029 4659 τού-

446 4702 555 4738 των
601 4684 942 4738 ἀναστέλλων
989 4688 1166 4742 κακά·
1205 4686 1292 4741 διὰ
1349 4689 1444 4759 μὲν
1488 4687 1581 4741 τοῦ
1616 4688 1881 4760 προτέρου
1929 4691 2027 4762 τὴν

445 4768 832 4839 ἀρῤενομιξίαν
861 4809 874 4831 ,
916 4769 1001 4822 διὰ
1029 4769 1086 4823 δὲ
1113 4770 1205 4824 τοῦ
1233 4771 1485 4844 δευτέρου
1517 4774 1642 4836 τοὺς
1683 4772 1906 4842 φόνους,
1940 4773 2023 4827 διά

444 4852 503 4904 δὲ
545 4850 638 4906 τοῦ
674 4852 859 4923 τρίτου
909 4851 1007 4924 τὴν
1039 4852 1295 4924 ὡμότητα
1331 4857 1428 4908 καὶ
1461 4854 1560 4918 τὴν
1607 4855 2024 4928 ἀπανθρωπίαν.

459 4934 620 4988 Ἀλλά
647 4935 742 4989 νῦν
768 4935 944 4989 πάντα
968 4937 1162 5006 ἀνέδην
1191 4937 1285 4990 καὶ
1323 4937 1461 5008 μετά
1498 4938 1697 5008 πολλῆς
1727 4940 2025 5010 πράττεται

446 5018 547 5088 τῆς
574 5019 958 5088 ἀναισχυντίας
985 5036 997 5049 ⁸
1049 5020 1138 5074 διά
1184 5019 1341 5073 τοῦτο
1377 5021 1552 5074 πάντα
1590 5021 1702 5074 ἀνω
1735 5023 1829 5075 καὶ
1877 5023 2028 5076 κάτω

447 5101 693 5170 γέγονεν.
726 5103 893 5156 Ὅταν
945 5105 1124 5157 τοίνυν
1161 5104 1354 5176 μικρὸν
1387 5103 1653 5174 καταδέξῃ
1693 5103 1894 5168 πάθος,
1952 5104 2028 5176 μὴ

411 5183 613 5284 ,τοῦτο’
632 5185 746 5259 ἴδῃς
773 5188 858 5284 ὅτι
878 5188 1091 5284 μικρὸν,
1130 5188 1242 5284 ἀλλ’
1279 5187 1665 5284 ἐπινόησρνῑ⁹ότι
1689 5190 1750 5284 16
1773 5188 1830 5256 ἐξ
1861 5190 2026 5244 αὐτοῦ

447 5270 776 5342 τρεφόμενον
802 5271 871 5324 τά
897 5270 1126 5343 μέγιστα
1146 5273 1319 5326 τίκτει
1345 5273 1512 5327 δεινά.
1538 5271 1641 5326 Καὶ
1670 5273 1779 5345 γάρ
1808 5275 2027 5330 ἐπειδᾶν

450 5351 648 5424 ῐδωμεν
677 5357 732 5407 ὲν
759 5355 908 5426 οἰκία
942 5357 1206 5409 στυππίον
1240 5357 1477 5426 ἀναφθὲν
1509 5356 1705 5429 μικρὸν
1727 5397 1741 5420 ,
1770 5356 2029 5430 θορυϐού-

451 5436 592 5507 μεθα
620 5439 715 5493 καὶ
743 5438 1126 5510 ταραττόμεθα
1152 5455 1165 5470 ·
1205 5441 1266 5493 οὐ
1297 5441 1407 5512 γὰρ
1436 5440 1512 5512 τῷ
1543 5441 1815 5513 προοιμίῳ
1851 5459 2024 5514 προσ-

511 5611 538 5642 ³
557 5611 638 5674 Sic
665 5611 786 5674 Reg.
814 5611 865 5659 In
888 5609 998 5659 aﬁis
1025 5610 1167 5674 εἱςτά
1191 5609 1346 5658 ὀπίσω
1370 5610 1530 5659 deest.

508 5674 541 5714 Β
564 5673 680 5734 Reg.
716 5673 763 5721 ἐν
787 5675 1026 5735 σπέρμασι
1053 5673 1278 5732 γίνεσθαι,
1308 5674 1480 5720 eodem
1507 5685 1685 5735 nempe
1710 5687 1877 5724 sensu.

1617 237 1980 295 EXPOSITIO
2024 235 2091 292 IN
2135 239 2463 298 PSALMUM
2505 242 2616 299 VII.

3627 243 3696 300 30

2127 356 2347 427 ἔχομεν,
2377 357 2491 411 ἀλλ’
2517 357 2626 411 ἀπὸ
2652 355 2744 411 τοῦ
2781 357 3068 429 προοιμίου
3097 358 3156 411 τὸ
3183 359 3330 423 τέλος
3371 357 3706 431 λογιζόμενοι

2123 449 2501 520 θορυϐούμεθα
2533 451 2624 504 καὶ
2658 451 3069 521 περιτρέχομεν,
3093 450 3232 504 ὥστε
3264 452 3553 522 ὀλόκληρον
3583 453 3707 505 σϐέ-

2123 555 2210 590 σαι
2233 541 2333 610 τὴν
2358 539 2609 610 κάμινον.
2651 539 2853 592 Τούτου
2881 538 2973 592 τοῦ
3003 541 3173 609 πυρὸς
3205 540 3560 612 σφοδρότερον
3589 542 3710 593 ἐπι-

2123 629 2346 695 νέμεται
2371 628 2548 700 ψυχὴν
2570 630 2604 699 ἡ
2633 629 2817 683 κακία.
2851 629 2942 682 Διὸ
2966 628 3048 681 δεῖ
3076 629 3538 700 προκαταλαϐεῖν.
3582 629 3708 681 Ἐἀν

2123 720 2232 788 γάρ
2259 719 2688 790 ῥᾳθυμήσωμεν,
2710 718 3086 790 δυσκολωτέρα
3109 719 3314 787 γίνεται
3337 721 3368 789 ή
3397 719 3705 790 διόρθωσις.

2123 812 2294 866 Τοῦτο
2313 813 2407 866 καὶ
2441 813 2533 865 ἐπὶ
2566 811 2748 864 πλοίου
2785 810 3076 880 συμϐαῖνον
3103 811 3200 863 ῖδοι
3233 827 3316 873 τις
3350 810 3438 872 ἂν,
3459 811 3707 872 καὶτοὺς

2123 904 2325 968 ναύτας
2358 902 2788 975 θορυϐουμένους
2807 941 2820 966 ,
2854 902 2953 972 οὐχ
2981 903 3106 955 ὅταν
3132 902 3283 955 ἴδωσι
3313 900 3410 972 τὴν
3437 900 3708 954 θάλατταν

2128 995 2519 1068 ὑπερέχουσαν,
2545 995 2680 1048 ἀλλά
2704 996 2796 1047 καὶ
2827 995 2954 1047 ὅταν
2989 993 3287 1064 μέλλουσαν
3313 992 3474 1047 τοῦτο
3510 995 3702 1046 ποιεῖν.

2126 1083 2220 1156 Μὴ
2243 1083 2422 1139 τοίνυν
2448 1079 2595 1156 ὦμεν
2621 1084 2849 1156 ρᾁυμοι
2886 1086 3000 1147 τοῖς
3045 1088 3257 1156 μικροῖς
3290 1084 3704 1155 ἁμαρτήμασιν.

2126 1176 2264 1230 ἀλλά
2313 1176 2451 1247 μετά
2497 1175 2696 1246 πολλῆς
2727 1175 2862 1228 αὑτά
2893 1173 3307 1243 ἀναστέλλωμεν
3339 1173 3435 1243 τῆς
3481 1173 3707 1244 σφοδρόο

2125 1286 2316 1341 τητος,
2366 1271 2452 1323 ἵνα
2508 1271 2616 1322 τῶν
2664 1269 2927 1340 μειζόνων
2973 1267 3407 1338 ἀπαλλαγῶμεν,
3459 1267 3552 1319 καὶ
3597 1264 3708 1318 τῶν

2131 1363 2431 1432 μελλόντων
2459 1361 2805 1431 ἐπιτύχωμεν
2825 1402 2839 1425 ,
2869 1361 3051 1432 χάριτι
3079 1361 3173 1413 καὶ
3205 1357 3587 1431 φιλανθρωπίᾳ
3615 1357 3708 1411 τοῦ

2129 1456 2332 1526 Κυρίου
2356 1453 2512 1525 ήμῶν
2551 1453 2724 1524 Ἰησοῦ
2757 1451 3018 1524 Χριστοῦ,
3042 1451 3162 1521 μεθ’
3193 1443 3254 1530 οῦ
3279 1450 3357 1521 τῷ
3389 1449 3561 1520 Πατρὶ
3593 1449 3710 1518 ἅμα

2128 1547 2203 1618 τῷ
2233 1548 2371 1618 ἁγίῳ
2403 1546 2678 1616 Πνεύματι
2707 1545 2854 1609 δόξα,
2883 1543 3110 1615 κράτος,
3134 1545 3306 1613 τιμὴ,
3336 1542 3432 1595 νῦν
3469 1543 3560 1594 καὶ
3598 1541 3706 1605 ἀεὶ,

2129 1640 2220 1690 καὶ
2250 1639 2329 1701 εἰς
2355 1638 2478 1699 τοῦς
2511 1635 2711 1699 αἰῶνας
2748 1635 2858 1688 τῶν
2886 1633 3114 1688 αἰώνων.
3157 1634 3350 1704 Ἀμήν.

2555 1869 2662 1924 ΕΙΣ
2686 1871 2822 1924 ΤΟΝ
2854 1872 2904 1922 Z'
2956 1869 3278 1924 ΨΑΛΜΟΝ.

2133 2027 2380 2098 Ψαλμὸς
2412 2026 2492 2093 τῷ
2521 2027 2720 2088 Δαυΐδ,
2773 2027 2846 2080 ὃν
2873 2021 2989 2097 ᾖσε
3021 2024 3099 2098 τῷ
3150 2026 3344 2098 Κυρίῳ
3395 2025 3549 2094 ὑπὲρ
3589 2023 3707 2080 τῶν

2470 2101 2670 2169 λόγων
2694 2095 3045 2151 Χουσῖυἱοῦ
3094 2095 3364 2164 Ἰεμενεῖ.

2123 2258 2299 2325 Κύριε
2323 2258 2356 2309 ὁ
2389 2255 2532 2319 Θεός
2571 2272 2711 2324 μου,
2742 2253 2838 2306 ἐπὶ
2869 2253 2964 2306 σοὶ
2999 2253 3232 2320 ἤλπισα
3257 2269 3270 2283 ο
3300 2251 3510 2305 σῶσόν
3527 2269 3606 2322 με
3644 2251 3714 2306 ἐκ

2239 2340 2481 2394 πάντων
2507 2337 2626 2392 τῶν
2673 2339 3010 2392 διωκόντων
3031 2355 3127 2406 με,
3163 2337 3259 2389 καὶ
3288 2336 3479 2404 ῥῦσαί
3505 2354 3605 2405 με.

2195 2497 2265 2545 α’.
2290 2493 2437 2545 Ἔδει
2475 2491 2573 2562 μὲν
2617 2491 2788 2555 οὕτως
2815 2491 3058 2562 ἀκριϐῶς
3095 2491 3202 2544 τῶν
3229 2491 3462 2562 Γραφῶν
3491 2493 3585 2545 καὶ
3607 2491 3717 2544 τῶν

2128 2578 2378 2648 ἱστοριῶν
2423 2579 2621 2631 εἰδέναι
2665 2579 2762 2649 τὴν
2795 2580 3018 2646 γνῶσιν,
3073 2579 3147 2642 ώς
3181 2581 3256 2649 μὴ
3303 2579 3515 2633 δεῖσθαι
3565 2581 3715 2651 ἡμᾶς

2133 2668 2471 2738 μακροτέρου
2527 2667 2687 2734 λόγου
2725 2668 2858 2738 πρὸς
2907 2668 3005 2737 τὴν
3060 2667 3266 2721 τούτων
3304 2669 3661 2723 διδασκαλίαν
3699 2685 3712 2698 ⁸

2130 2757 2317 2828 ἐπειδὴ
2336 2757 2392 2810 δὲ
2415 2758 2463 2810 οἱ
2501 2758 2601 2827 μὲν
2630 2758 2772 2828 ὑπὲρ
2797 2757 3067 2827 βιωτικῶν
3098 2760 3443 2828 πραγμάτων
3462 2760 3728 2829 ἀσχολού-

2131 2862 2306 2917 μενοι,
2352 2847 2400 2900 οἱ
2443 2846 2501 2900 δὲ
2551 2846 2796 2918 ῥαθυμίᾳ
2847 2847 3078 2909 ἑαυτοὺς
3123 2847 3444 2914 ἐκδιδόντες,
3491 2849 3718 2921 ἀνήκοοι

2127 2936 2336 2992 τούτων
2369 2939 2526 3003 εἰσὶν,
2558 2937 2774 3008 ἀνάγκη
2796 2938 2933 3010 πρὸς
2958 2937 3020 2991 τὸ
3045 2937 3217 3009 μῆκος
3237 2937 3328 2991 τὸν
3349 2937 3503 3009 λόγον
3531 2939 3732 3008 ἐξαγα-

2127 3031 2280 3098 γεῖν,
2324 3029 2424 3100 τὴν
2485 3029 2743 3084 ὑπόθεσιν
2792 3029 2884 3083 τοῦ
2938 3029 3156 3100 ψαλμοῦ
3206 3030 3488 3100 λέγοντας.
3557 3030 3722 3084 Ἀλλά

2128 3121 2422 3192 προσέχετε
2451 3121 2591 3192 μετὰ
2610 3122 2916 3194 ἀκριϐείας.
2951 3122 3048 3186 Τίς
3075 3117 3168 3176 οὖν
3193 3125 3342 3176 ἐστιν
3370 3125 3402 3193 ή
3425 3123 3681 3188 ὑπόθεσις
3703 3141 3717 3184 ;

2136 3212 2383 3283 Ψαλμὸς
2421 3213 2502 3280 τῷ
2534 3213 2739 3280 Δαυῒδ,
2798 3215 2871 3267 ὃν
2920 3209 3040 3286 ᾖσε
3092 3213 3174 3280 τῷ
3218 3215 3436 3284 Κυρίῳ.
3482 3215 3675 3280 Ἄλλος
3702 3231 3715 3244 ⁸

2134 3305 2382 3375 Ψαλμὸς
2401 3304 2553 3374 ὑπὲρ
2569 3306 2815 3376 ἀγνοίας
2839 3306 2920 3372 τῷ
2938 3306 3139 3361 Δαυΐδ.
3167 3307 3358 3372 ’Δλλος
3379 3324 3392 3338 ⁸
3431 3309 3718 3379 Ἀτνόημα

2129 3397 2208 3464 τῷ
2232 3398 2436 3453 Δαυτδ·
2457 3397 2550 3452 καὶ
2581 3398 2703 3452 ἀντὶ
2733 3398 2827 3452 τοῦ
2856 3418 2873 3450 ι
2904 3399 3093 3464 Χουσὶ,
3123 3418 3142 3450 ο
3175 3400 3460 3466 Αἰθίοπός
3480 3419 3644 3472 φησιν
3666 3414 3714 3455 ο.

2143 3490 2302 3544 Ἀλλά
2325 3493 2417 3546 καὶ
2442 3489 2616 3555 οὓτως
2637 3491 2822 3563 ἀσαφῆ
2855 3491 2921 3545 τά
2940 3493 3226 3564 εἰρημένα,
3255 3493 3334 3564 τῷ
3352 3495 3451 3566 τὴν
3475 3496 3717 3568 ἱστορίαν

2132 3582 2276 3653 ὑμᾶς
2310 3585 2546 3652 ἀγνοεῖν.
2601 3583 2819 3650 Ἐπειδὴ
2871 3584 2928 3637 δὲ
2961 3586 3062 3638 οὐκ
3113 3585 3368 3654 ἐγκαλεῖν
3415 3585 3499 3639 δεῖ
3533 3587 3715 3656 μόνον,

2130 3674 2268 3728 ἀλλά
2318 3677 2410 3730 καὶ
2460 3674 2734 3729 διδάσκειν
2781 3674 2924 3748 [50],
2978 3678 3279 3746 ἀναγκαῖον
3324 3675 3567 3746 ἅψασθαι
3621 3679 3716 3731 τοῦ

2129 3769 2484 3842 διηγήματος.
2525 3770 2620 3834 Τίς
2651 3766 2744 3825 οὖν
2781 3773 2810 3824 ό
2837 3771 3010 3824 Χουσὶ
3056 3763 3210 3835 οὗτος
3241 3772 3269 3824 ό
3297 3771 3410 3834 υἱὸς
3457 3772 3715 3840 Ἰεμενεῖ,
3744 3785 3754 3791 ⁸

2130 3862 2227 3916 καὶ
2262 3863 2405 3927 τίνες
2443 3865 2489 3917 οἰ
2521 3862 2670 3930 λόγοι
2715 3863 2905 3928 αὑτοῦ,
2941 3863 3080 3935 ὑπὲρ
3108 3857 3184 3917 ῶν
3223 3859 3320 3937 ᾖσε
3369 3863 3448 3934 τῷ
3473 3862 3593 3934 Θεῷ
3618 3861 3718 3934 τὴν

2131 3952 2273 4022 ᾠδὴν
2294 3952 2498 4020 ταύτην
2523 3954 2551 4004 ό
2577 3952 2760 4016 Δαυῖδ,
2787 3952 3034 4005 ἐντεῦθεν
3057 3953 3159 4023 ήδη
3179 3953 3419 4018 λεκτέον,
3447 3956 3527 4018 εἰς
3543 3955 3718 4026 ἀρχὴν

2132 4042 2409 4109 ἀνάγοντα
2437 4041 2528 4094 τὸν
2556 4039 2735 4108 λόγον.

2219 4130 2574 4202 Ἀϐεσσαλίομ
2607 4132 2719 4195 υἱὸς
2749 4131 2966 4199 ἐγένετο
2981 4130 3058 4203 τῷ
3086 4132 3269 4196 Δαυῒδ,
3293 4134 3409 4198 νέος
3425 4135 3720 4196 ἀκόλαστος

2135 4224 2232 4278 καὶ
2268 4221 2690 4294 διεφθαρμένοςο
2727 4215 2883 4287 οὗτος
2916 4221 3190 4293 ἐπανέστη
3243 4223 3373 4277 ποτὲ
3405 4223 3483 4294 τῷ
3514 4224 3682 4294 πατρί
3703 4239 3715 4252 ⁸

2138 4316 2234 4369 καὶ
2262 4315 2362 4386 τῆς
2383 4314 2656 4387 βασιλείας
2679 4314 2864 4381 αὑτὸν,
2900 4314 2995 4369 καὶ
3021 4314 3123 4385 τῆς
3142 4314 3341 4380 οἰκίας,
3369 4316 3463 4370 καὶ
3491 4313 3592 4384 τῆς
3615 4331 3720 4369 πα-

2134 4405 2316 4479 τρίδος
2349 4405 2613 4471 ἐκϐαλὼν,
2633 4407 2795 4470 αὐτὸς
2817 4405 2932 4459 ἀντ’
2953 4406 3163 4460 ἐκείνου
3195 4407 3457 4479 κατέσχεν
3480 4408 3714 4470 ἅπαντα,

2135 4501 2229 4555 καὶ
2273 4498 2398 4553 οὔτε
2430 4502 2529 4571 τὴν
2565 4499 2746 4569 φύσιν,
2786 4498 2910 4553 οὔτε
2959 4500 3057 4571 τὴν
3101 4500 3414 4572 ἀνατροφὴν
3441 4541 3455 4565 ,
3503 4501 3565 4554 οὐ
3616 4499 3717 4572 τὴν
3790 4504 3810 4524 ⁸

2132 4593 2369 4667 ήλικίαν,
2417 4594 2477 4648 οὐ
2528 4593 2594 4646 τά
2647 4591 2987 4665 προλαϐόντα
3037 4594 3240 4664 ήδεῖτο’
3278 4593 3394 4648 ἀλλ’
3439 4593 3611 4660 οὕτως
3645 4591 3714 4666 ῆν

2132 4684 2392 4751 καθάπαξ
2415 4685 2566 4757 ὠμὸς
2586 4687 2678 4740 καὶ
2710 4683 2947 4757 ἀπηνὴς.
2983 4687 3076 4739 καὶ
3103 4684 3290 4756 θηρίον
3327 4687 3526 4758 μᾶλλον
3552 4686 3583 4756 ἥ
3615 4685 3711 4738 άν-

2131 4779 2367 4851 θρωπος,
2417 4779 2494 4843 ὼς
2525 4779 2738 4833 ἅπαντα
2775 4777 2946 4832 ταῦτα
2967 4777 3265 4850 διαρρήξας
3303 4779 3371 4834 τά
3394 4779 3712 4849 κωλύματα,

2131 4873 2314 4934 αὐτοῖς
2367 4870 2701 4942 ὲπιπηδῆσαι
2739 4871 2850 4935 τοῖς
2912 4870 3009 4940 τῆς
3067 4870 3281 4939 φύσεως
3336 4871 3548 4942 νόμοις,
3619 4869 3714 4922 καὶ

2131 4963 2377 5034 ταραχῆς
2427 4957 2705 5034 δμπλῆσαι
2742 4960 2956 5015 ἅπαντα
3007 4962 3103 5016 καὶ
3142 4962 3393 5035 θορύϐου.
3450 4963 3559 5013 Καὶ
3602 4961 3713 5028 γάρ

2133 5054 2314 5108 πάντα
2375 5053 2702 5125 ἀνετρέπετο
2759 5055 2901 5120 τότε,
2952 5053 3168 5122 φύσεως
3224 5056 3360 5124 ὅροι,
3410 5052 3712 5121 ἀνθρώπων

2132 5143 2313 5208 αἰδὼς,
2338 5147 2371 5217 ή
2391 5145 2526 5216 πρὸς
2552 5145 2684 5198 Θεὸν
2705 5144 2982 5211 εὐλάϐεια,
3019 5144 3398 5215 φιλανθρωπία
3429 5144 3521 5196 καῖ⁵
3544 5142 3710 5208 ἔλεος,

2133 5239 2400 5310 τροφείων
2434 5237 2681 5310 ἀμοιϐαὶ,
2739 5239 2832 5292 καὶ
2861 5240 2894 5308 ή
2928 5238 3064 5309 πρὸς
3090 5237 3150 5289 τὸ
3197 5235 3374 5304 γῆρας
3416 5235 3599 5300 αἰδώς.
3651 5239 3712 5294 El

2133 5328 2243 5399 γὰρ
2277 5328 2370 5382 καὶ
2406 5328 2480 5400 μὴ
2517 5328 2593 5392 ώς
2641 5327 2854 5393 πατέρα
2908 5325 3222 5395 αἰδεσθῆναι
3281 5323 3540 5394 ἠϐούλετο
3567 5367 3582 5392 ,
3637 5328 3712 5394 ὡς

2198 5551 2220 5581 ⁸
2241 5548 2380 5627 ἔθει
2490 5540 2953 5627 Κιιίιιῃξέγέὲῖῖι
2970 5539 3085 5627 ῖοὲτ,
3096 5543 3623 5627 ὲαέιξξὲςανξινοιες
3641 5545 3714 5627 35'

2136 5613 2300 5660 Δαυίδ.
2330 5606 2504 5663 Ἀλλος
2537 5606 2929 5668 δὶ,ἀγνοημάτων
2973 5606 3137 5669 Δαυίδ,
3175 5606 3257 5656 καί
3284 5606 3495 5656 ἀντῖτοῦ
3538 5607 3710 5663 Χουσὶ,

2140 5673 2359 5730 Λίθίοπός
2377 5687 2508 5735 φησι.
