4112 6224
509 296 567 353 81
1691 312 2044 372 εχροειτιο

2185 317 2507 377 PSALMUM
2536 322 2643 379 VII.
3705 340 3773 397 82

511 422 735 479 patrem,
767 415 954 468 saltem
985 419 1215 473 revereri
1239 422 1511 489 oporteb::t
1534 435 1587 478 ut
1614 439 1824 492 senem;
1857 427 1900 482 si
1927 443 2091 484 canos

511 504 842 574 negligehat,
892 520 1038 565 certe
1083 521 1136 565 ut
1182 512 1602 584 beiefactorem;
1646 521 1787 590 quod
1815 523 1858 575 si
1888 537 1987 578 nec
2014 523 2090 579 sic

509 594 721 663 quidem
743 638 758 662 ,
795 605 851 651 ιιι
880 613 1001 653 eum
1032 602 1241 669 quidem
1269 615 1413 661 certe
1439 609 1524 676 qui
1556 610 1749 663 nullam
1781 610 1981 666 fecerat
2007 613 2087 667 in-

503 682 696 756 juriam
722 705 737 741 :
765 688 857 743 sed
879 705 1029 744 amor
1051 692 1253 762 imperii
1276 694 1409 752 hanc
1430 713 1641 753 omnem
1663 700 1816 770 ejecit
1839 717 2088 759 reveren-

506 776 657 843 tiam,
687 786 742 831 et
781 778 1046 836 hominem
1081 784 1131 836 iu
1162 783 1324 840 feram
1352 790 1632 845 convertit.
1666 792 1729 845 Et
1757 790 1841 847 hic
1869 792 2081 863 quidem

506 872 716 927 beatus.
742 871 829 940 qui
853 887 971 926 eum
997 886 1248 943 genuerat
1269 888 1323 932 et
1350 880 1573 946 aluerat,
1597 888 1861 953 tamquam
1886 900 2008 940 erro
2031 894 2085 941 et

509 960 760 1031 profugus
787 965 997 1019 errabat
1025 967 1074 1021 in
1103 969 1334 1038 deserto,
1362 983 1415 1027 et
1442 990 1559 1044 qua:
1584 991 1645 1029 ex
1679 975 1761 1031 his
1789 987 2085 1047 schuntur

509 1051 664 1107 malis
693 1055 1087 1124 opprimebatur
1106 1078 1119 1113 :
1141 1061 1228 1116 ille
1256 1079 1384 1117 vero
1411 1064 1461 1118 in
1491 1066 1642 1131 bonis
1666 1070 1902 1138 paternis
1928 1071 2082 1124 volu-

509 1151 709 1212 ptatem
750 1146 1010 1216 exiilebat.
1059 1151 1191 1206 Cum
1234 1169 1321 1210 res
1360 1171 1486 1229 etgo
1514 1158 1585 1212 ita
1614 1175 1673 1214 se
1702 1159 1984 1229 haberent,
2016 1176 2081 1218 ac

506 1246 629 1288 cum
656 1235 747 1290 illo
770 1247 948 1294 essent
971 1244 1253 1312 exercitus,
1279 1257 1610 1319 tyrannoque
1636 1251 1795 1306 urbes
1815 1264 2081 1323 parerent,

506 1324 716 1394 quidam
746 1326 943 1398 Chusi,
979 1332 1062 1387 vir
1100 1335 1328 1405 probus,
1371 1338 1553 1393 Davidi
1589 1342 1788 1398 amicus
1809 1385 1823 1411 ,
1852 1359 1998 1401 suam
2025 1346 2077 1401 in

509 1430 628 1470 eum
657 1419 941 1475 amicitiam
973 1436 1227 1495 perpetuo
1249 1432 1579 1485 conservaxit
1601 1433 1651 1486 in
1674 1432 1772 1488 hac
1792 1437 2079 1493 mutatione

507 1510 831 1577 temporum;
873 1522 927 1566 et
970 1529 1089 1568 cum
1133 1532 1276 1587 sa-pe
1312 1535 1431 1575 eum
1472 1522 1688 1578 vidisset
1730 1536 1994 1582 trrantem
2024 1528 2075 1582 in

507 1597 805 1665 solitudine,
832 1601 1029 1674 dirupit
1058 1607 1306 1671 tunicam,
1330 1615 1551 1680 aspersit
1579 1629 1636 1668 se
1660 1616 1858 1683 cinere,
1886 1618 2077 1674 acerbe

507 1684 654 1742 ﬂevit
693 1698 748 1744 et
789 1692 1185 1760 miserabiliter,
1235 1715 1461 1771 cumque
1505 1704 1631 1757 nihil
1674 1706 1814 1760 aliud
1861 1723 1957 1777 pos
1986 1718 2074 1774 et,

506 1776 855 1851 lacrymarum
905 1784 1060 1841 affert
1111 1790 1547 1848 consolationem.
1607 1795 1719 1851 Non
1769 1776 1881 1855 erat
1932 1799 2074 1854 enim

502 1871 700 1927 amicus
727 1884 1062 1945 temporum,
1104 1898 1201 1939 nec
1241 1889 1506 1954 potentiae,
1551 1890 1642 1945 sed
1688 1888 1924 1957 virtutis;
1959 1892 2006 1946 id
2044 1909 2076 1948 ο

500 1959 623 2017 licet
650 1963 738 2020 ille
767 1982 933 2037 regno
961 1969 1161 2040 ejectus
1184 1985 1345 2039 esset,
1382 1995 1485 2033 non
1517 1993 1741 2035 mutarat
1766 1984 2071 2039 amicitiam.

499 2052 630 2109 Cum
656 2068 785 2127 ergo
812 2059 1017 2116 videret.
1037 2063 1199 2119 David
1227 2083 1292 2121 cu
1319 2087 1347 2119 ιι
1383 2070 1494 2123 haec
1521 2072 1587 2124 ita
1620 2071 1922 2138 facientem,
1951 2074 2075 2130 dicit

499 2144 550 2200 ei
571 2164 584 2199 :
603 2146 740 2203 Sunt
766 2148 881 2206 haec
906 2153 1117 2220 quidem
1144 2160 1318 2221 amici,
1344 2172 1394 2215 et
1416 2162 1528 2231 t‘jtts
1555 2165 1640 2235 qni
1671 2166 1720 2220 in
1748 2182 1843 2223 nos
1869 2169 2075 2224 sincere

501 2232 720 2291 aﬂ‘ecttts
746 2248 829 2293 est
854 2259 867 2295 :
890 2242 983 2297 sed
1012 2244 1137 2300 nihil
1168 2264 1266 2304 nos
1300 2232 1594 2319 jnvahuut‘:
1621 2254 1738 2310 ideo
1765 2260 2072 2314 oonsu'tan-

504 2322 629 2379 dum
659 2337 774 2396 est,
814 2340 868 2386 et
890 2335 1086 2405 aliquid
1116 2343 1550 2411 excogitandum,
1583 2356 1725 2403 utea
1753 2351 1942 2419 quibus
1971 2351 2071 2406 im-

506 2414 672 2482 pliciti
696 2433 898 2487 sumus,
926 2427 1059 2480 mala
1082 2430 1368 2496 Solvuntur.
1394 2445 1449 2490 et
1470 2438 1791 2493 inveniamu~
1814 2438 2072 2499 rat'ioncm

514 2516 613 2559 nos
639 2504 894 2565 liberandi
915 2515 982 2570 ab
1002 2514 1083 2570 his
1110 2520 1516 2578 calantitatilms.
1547 2526 1668 2581 Ihec
1688 2544 1806 2580 cum
1834 2530 2074 2599 dixisset,

517 2592 673 2650 talem
704 2596 776 2651 illi
804 2601 972 2669 aperit
1012 2609 1325 2663 sententiam
1351 2627 1364 2663 :
1394 2611 1538 2666 Vade
1579 2613 1644 2667 ad
1682 2614 1842 2669 filium
1870 2592 2078 2686 meum,

515 2691 567 2737 et
588 2685 744 2741 amici
772 2701 1009 2760 suscepta
1034 2709 1255 2763 persona
1277 2698 1512 2755 disturba
1538 2702 1663 2756 mihi
1687 2704 1823 2759 illius
1842 2708 2079 2775 consilia,

509 2784 561 2827 et
590 2773 671 2830 fac
700 2787 755 2831 ut
782 2779 849 2834 sit
872 2782 1077 2839 irritum
1098 2788 1459 2858 Achitopbclis
1477 2793 1770 2849 consi'inm.
1791 2795 1887 2851 Hic
1905 2809 2079 2852 autem

506 2867 822 2939 Achitophel
858 2875 1000 2943 apud
1041 2888 1320 2948 tyrannum
1351 2892 1475 2939 tunc
1500 2889 1674 2941 omnia
1715 2900 1954 2956 poterat,
2006 2892 2078 2965 rei

504 2961 715 3029 quidem
746 2966 987 3024 militaris
1012 2972 1164 3028 valde
1197 2978 1394 3044 peritus
1418 3020 1428 3041 ,
1459 2980 1547 3050 qui
1575 2981 1625 3034 in
1651 2981 1790 3035 bello
1818 2992 1872 3038 et
1896 2961 2080 3053 prrclio

506 3048 835 3118 imperatoris
875 3070 1050 3127 partes
1096 3067 1347 3133 prazclare
1399 3085 1557 3138 agere
1596 3082 1823 3142 poterat,
1866 3085 1919 3129 et
1956 3075 2078 3130 ideo

499 3142 671 3199 David
719 3164 838 3203 eum
884 3152 1002 3221 plus
1044 3157 1259 3212 timebat
1293 3177 1447 3230 quam
1494 3171 1771 3235 tyrannum
1815 3184 1829 3220 :
1874 3174 2075 3223 tantum

507 3234 719 3305 ingenio
752 3241 957 3297 valebat
998 3255 1050 3299 et
1090 3250 1383 3317 prudentia.
1411 3234 1716 3309 [lisiauditis
1745 3256 1832 3312 ille
1862 3260 2072 3331 paruit,

508 3328 784 3383 necnilam
818 3333 985 3400 pusi'li
1026 3347 1113 3391 aut
1145 3340 1337 3411 ahjecti
1375 3344 1539 3399 animi
1566 3346 1932 3417 cogitationem
1959 3365 2075 3407 sus-

506 3418 645 3485 cepit
663 3461 678 3481 ,
711 3435 808 3477 nec
835 3421 1030 3481 humile
1059 3438 1149 3482 ant
1177 3431 1419 3499 ignavum
1444 3435 1571 3505 quid
1595 3438 1870 3507 cogitavit,
1902 3456 2074 3512 neque

503 3507 635 3562 dixit
652 3529 662 3562 :
679 3511 815 3579 Quid
836 3515 879 3569 si
911 3517 1058 3573 fuero
1079 3519 1612 3596 deprehensus?quid
1632 3529 1675 3583 si
1704 3528 1846 3585 larva
1863 3507 2071 3587 detecta

504 3599 694 3658 fuerit?
720 3608 843 3675 quid
872 3609 914 3663 si
947 3610 1097 3666 fuerit
1126 3613 1488 3684 deprehensus
1513 3628 1662 3676 actus
1689 3623 2074 3683 simulationis?

502 3695 724 3752 callidus
752 3701 1064 3773 Acbitophel
1086 3724 1099 3760 :
1122 3705 1223 3762 hoc
1260 3708 1482 3767 fortasse
1509 3713 1891 3785 deprehendet,
1921 3719 2074 3775 dete-

503 3796 732 3857 getqne,
782 3800 831 3845 et
878 3802 1079 3851 temere
1119 3813 1183 3853 ac
1227 3797 1415 3857 frustra
1467 3803 1574 3860 illic
1623 3805 1824 3875 peribo.
1874 3809 2072 3866 florum

484 3877 631 3932 nihil
678 3892 961 3951 reputans,
1002 3901 1062 3941 se
1101 3887 1151 3941 in
1193 3899 1362 3945 castra
1390 3894 1598 3965 tyranni
1630 3898 1917 3967 proripuit,
1957 3900 2074 3955 uni-

504 3983 670 4024 tersa:
720 3974 795 4027 rei
841 3990 966 4029 cura
1012 3976 1064 4031 in
1117 3978 1278 4033 Deum
1330 3984 1603 4054 conjecta,
1643 3999 1701 4043 et
1742 3990 1974 4060 seipsum
2022 3992 2074 4046 in

505 4064 674 4118 media
702 4064 922 4120 immisit
954 4068 1206 4138 pericula.
1237 4069 1359 4126 ﬂmc
1384 4075 1558 4128 omnia
1585 4091 1613 4130 a
1645 4093 1729 4133 me
1757 4078 1892 4134 dieta
1921 4086 2075 4148 sunt,

504 4168 608 4207 non
636 4156 806 4209 solum
838 4167 894 4210 ιιι
915 4160 1222 4227 laudemus,
1253 4160 1345 4217 scd
1374 4166 1433 4218 ut
1456 4172 1510 4218 et
1530 4182 1870 4238 quarcumque
1892 4169 2075 4225 Davidi

505 4244 672 4298 tristia
700 4254 1017 4311 evenerunt,
1048 4266 1395 4323 qnmcumque
1424 4268 1610 4322 passus
1635 4266 1749 4324 est,
1775 4258 2041 4313 discamus
2059 4302 2075 4327 ,

503 4343 553 4386 et
581 4350 924 4408 quzccumque
949 4340 1049 4394 alia
1074 4344 1349 4398 commoda
1379 4355 1601 4414 possunt
1624 4363 1689 4403 ex
1714 4349 1929 4404 historia
1958 4367 2080 4421 pcr-

501 4425 604 4494 cipi
631 4468 644 4489 ,
683 4443 745 4483 ea
786 4434 945 4485 etiam
992 4433 1044 4488 in
1091 4436 1320 4491 taedium
1360 4437 1707 4496 adducamus.
1741 4441 1879 4497 Ecce
1904 4446 2074 4512 enim,

503 4516 642 4584 quod
675 4519 886 4574 assidue
915 4536 944 4575 a
974 4525 1152 4579 multis
1184 4527 1484 4597 inquiritur.
1529 4529 1638 4584 Cur
1654 4531 1783 4602 justi
1828 4532 2074 4603 afﬂigun-

504 4616 608 4671 tur,
636 4607 860 4678 improbi
887 4620 1060 4668 atttem
1084 4614 1134 4669 in
1166 4617 1341 4685 quiete
1367 4630 1420 4675 et
1440 4620 1547 4675 otio
1576 4625 1887 4679 versantur?
1910 4624 1961 4680 id
1990 4625 2075 4682 hic

503 4697 740 4755 invenire
770 4714 1069 4770 possumus.
1113 4707 1292 4763 Justus
1327 4713 1467 4766 enim
1510 4715 1815 4771 versabatur
1847 4718 1898 4772 in
1926 4720 2072 4774 cala-

502 4791 793 4857 mitatibus,
825 4796 1113 4852 sceleratus
1152 4811 1327 4855 autem
1355 4844 1370 4869 ,
1415 4813 1467 4857 et
1511 4806 1761 4871 patricida
1785 4847 1799 4869 ,
1830 4817 1883 4862 et
1909 4808 2074 4878 ipsius

500 4895 702 4939 natura:
745 4886 990 4943 inimicus
1028 4901 1076 4944 et
1125 4888 1312 4955 bustis,
1364 4894 1416 4948 in
1464 4893 1714 4951 felicitate
1763 4897 1972 4967 agebat,
2018 4908 2075 4956 et

499 4975 708 5041 palatiis
737 4977 932 5047 regiis:
955 4979 1048 5035 sed
1079 4996 1175 5036 nec
1202 4982 1289 5036 ille
1317 4983 1602 5055 quidquam
1642 5003 1705 5041 ex
1740 5003 1804 5042 eo
1834 4988 2076 5043 lucraba-

498 5074 602 5128 tur,
655 5084 827 5139 neque
855 5079 1070 5127 sanctus
1100 5072 1185 5128 hic
1214 5073 1542 5140 fundebatur,
1584 5077 1677 5131 sed
1722 5076 1810 5132 ille
1856 5078 2069 5148 quidem

498 5158 786 5227 majoribus
814 5160 1077 5217 obnoxius
1104 5162 1202 5218 fuit
1225 5166 1506 5232 (erumnis;
1552 5165 1640 5220 hic
1677 5178 1850 5221 autem
1879 5168 2074 5222 clarior

496 5259 550 5304 et
575 5251 897 5321 splendidior
934 5254 1102 5310 factus
1126 5263 1229 5321 est,
1272 5264 1330 5311 ut
1356 5272 1543 5313 aurum
1575 5258 1625 5312 in
1654 5258 1868 5315 fornace
1892 5258 2069 5315 reddi-

497 5352 583 5397 tur
610 5342 897 5400 afﬂictione
927 5348 1126 5415 purior.

563 5431 618 5485 2.
642 5430 958 5488 Documenta
976 5445 1191 5505 quatuor
1208 5437 1260 5492 in
1280 5439 1537 5494 aerumnis.
1557 5469 1630 5481 -—
1658 5439 1789 5495 Hinc
1813 5455 1941 5510 ergo
1962 5441 2073 5511 pri-

497 5536 639 5576 mum
680 5524 784 5579 hoc
821 5524 999 5589 disce,
1041 5540 1108 5579 ne
1140 5529 1475 5585 eonturbcris
1504 5530 1555 5585 in
1582 5531 1884 5602 hujusmodi
1913 5533 2073 5589 rebus

496 5612 765 5680 adversis,
807 5631 937 5671 cum.
970 5615 1148 5672 videas
1193 5617 1351 5674 etiam
1388 5619 1547 5691 justis
1574 5622 1625 5677 id
1652 5623 1899 5691 evenire;
1927 5624 2068 5680 aliud

495 5717 670 5763 autem
698 5718 901 5781 postea,
928 5725 992 5766 ne
1014 5710 1236 5766 muteris
1256 5722 1352 5781 pro
1369 5719 1623 5784 tempore,
1649 5713 1744 5769 sed
1766 5715 1911 5770 noris
1929 5715 2071 5784 leges

2192 431 2477 502 amicitiae;
2510 437 2747 507 tertium,
2772 441 3008 497 utetiam
3032 446 3261 514 pericula
3288 449 3483 505 audeas
3506 452 3655 509 adire
3675 471 3771 523 pro

2192 522 2417 589 virtute;
2444 538 2687 595 quartum
2708 569 2722 591 ,
2754 539 2809 584 ut
2835 532 2993 589 etiam
3023 534 3073 588 in
3103 537 3265 592 rebus
3293 539 3467 597 dubiis
3487 554 3542 598 et
3567 522 3770 614 asperis

2188 613 2327 669 bona
2352 630 2447 687 spe
2470 617 2544 671 sis
2573 620 2827 689 praeditus
2846 664 2863 689 ,
2906 623 2999 679 Dei
3036 626 3287 682 auxilium
3314 613 3648 701 exspectans.
3679 634 3769 690 illo

2188 705 2330 760 enim
2360 707 2522 763 Cltusi
2551 726 2656 765 non
2680 722 2852 768 castra
2880 716 3213 786 respiciebat,
3241 735 3346 777 non
3378 725 3585 795 tyranni
3615 726 3771 780 timo-

2184 811 2341 865 rem,
2388 815 2492 855 non
2536 816 2793 872 equorum
2837 798 3256 877 multitudinem,
3298 828 3402 867 non
3438 825 3763 873 armatorum

2185 885 2494 959 phalanges,
2538 906 2640 947 non
2678 893 2817 962 quod
2847 895 3001 951 urbes
3025 896 3133 968 jam
3163 910 3286 956 ante
3317 914 3484 973 capue
3521 907 3758 973 fuerant,

2186 992 2293 1031 non
2325 979 2533 1035 Davidis
2557 983 2890 1040 solitudinem
2921 996 2976 1042 et
3000 989 3447 1056 imbecillitatem;
3474 994 3567 1050 sed
3595 1012 3759 1051 unum

2186 1071 2357 1125 solum
2379 1074 2672 1139 respiciens
2696 1077 3097 1148 inexpugnabile
3123 1082 3213 1137 Dei
3239 1085 3512 1150 auxilium,
3541 1095 3596 1141 et
3621 1087 3765 1143 illius

2181 1159 2631 1231 benevolentiam,
2657 1167 2727 1220 ita
2751 1177 2999 1239 utrasque
3021 1183 3195 1243 partes
3216 1173 3520 1242 dijudicavit
3537 1193 3550 1229 :
3569 1187 3623 1232 et
3644 1177 3762 1234 illas

2182 1253 2397 1323 quidem
2425 1254 2623 1311 invenit
2650 1257 2969 1326 impotentes
2994 1272 3047 1316 et
3072 1262 3362 1325 invalidas.
3394 1266 3486 1319 has
3515 1281 3640 1321 vero
3669 1267 3762 1322 ﬁr-

2182 1360 2299 1399 mas
2328 1354 2381 1400 et
2410 1358 2672 1417 potentes.
2706 1349 2795 1405 Ille
2825 1352 2964 1405 enim
3013 1353 3208 1422 injuste
3246 1355 3487 1418 faciebat,
3526 1356 3610 1411 hic
3640 1373 3765 1414 vero

2181 1448 2300 1487 cum
2337 1435 2480 1502 justo
2519 1437 2749 1505 seipsum
2794 1441 3059 1494 servabat.
3102 1442 3234 1496 Cum
3260 1459 3388 1512 ergo
3415 1454 3611 1510 staret,
3657 1462 3760 1501 non

2183 1525 2272 1579 ubi
2301 1527 2584 1581 multitudo
2612 1528 2921 1597 hominum,
2950 1532 3043 1587 sed
3076 1533 3161 1587 ubi
3198 1544 3313 1588 erat
3341 1536 3548 1589 virtutis
3576 1538 3760 1606 parsi-

2183 1616 2349 1681 dinm,
2397 1633 2551 1687 opem
2604 1619 2695 1675 Dei
2735 1622 2801 1676 ad
2841 1637 2900 1678 se
2943 1628 3177 1679 attraxit.
3229 1627 3349 1680 lla‘c
3391 1627 3531 1691 dico,
3580 1638 3629 1679 nt
3664 1643 3761 1683 nos

2180 1723 2421 1779 quoque,
2451 1711 2546 1763 etsi
2573 1712 2673 1764 sint
2722 1714 2971 1769 imbecilli
3012 1730 3042 1769 ει
3086 1733 3153 1785 qtt
3192 1733 3307 1771 rum
3335 1728 3482 1787 parte
3508 1729 3609 1773 stat
3631 1722 3716 1787 jus
3738 1759 3758 1785 ,

2183 1800 2392 1855 illorum
2422 1814 2601 1872 partes
2634 1808 3047 1863 tueamurzlicet
3085 1810 3190 1865 sint
3231 1822 3476 1881 potentes
3497 1815 3589 1883 qui
3618 1812 3758 1882 inju-

2181 1892 2311 1945 riam
2337 1891 2603 1958 inferunt,
2648 1898 2957 1953 societatem
2998 1900 3205 1955 illorum
3245 1902 3524 1970 fugiamus.
3558 1903 3754 1960 Vitium

2179 1982 2342 2046 enim,
2367 1984 2465 2037 etsi
2496 2000 2673 2039 secum
2703 1987 2891 2043 habeat
2916 1990 3100 2044 univer
3132 2008 3218 2044 nm
3241 1992 3422 2045 urbem
3455 2003 3710 2049 terrarum
3735 2034 3752 2060 ,

2181 2083 2265 2127 cst
2294 2074 2527 2128 omnium
2562 2077 2789 2133 maxime
2828 2080 3184 2144 imbecillum;
3217 2082 3383 2135 virtus
3414 2093 3623 2146 autem,
3654 2085 3752 2138 etsi

2178 2164 2289 2220 sola
2317 2165 2405 2231 sit,
2434 2174 2513 2221 est
2535 2168 2769 2222 omnium
2813 2172 3174 2240 potentissima
3199 2191 3212 2226 :
3234 2172 3392 2227 habet
3416 2174 3557 2227 cnim
3593 2172 3756 2229 Deum

2177 2269 2358 2310 secum
2398 2264 2649 2313 stantem.
2692 2258 2821 2328 Quis
2862 2276 2989 2332 ergo
3028 2277 3240 2319 servare
3268 2273 3438 2333 po'est
3464 2280 3582 2317 eum
3610 2267 3696 2334 qui
3724 2280 3755 2319 a

2178 2344 2290 2400 Deo
2333 2350 2698 2419 oppugnatur?
2734 2351 2852 2421 quis
2894 2362 3070 2408 autem
3118 2363 3291 2423 potest
3336 2352 3559 2425 perdere
3596 2373 3752 2422 eum,

2177 2435 2261 2490 cui
2287 2435 2400 2504 ipse
2425 2438 2525 2493 fert
2553 2441 2841 2497 auxilium?
2870 2442 2992 2498 "(PC
3015 2445 3191 2499 omnia
3213 2446 3480 2516 sapienter
3505 2447 3750 2529 conside-

2182 2540 2308 2578 rans
2331 2526 2512 2593 Chusi,
2545 2531 2679 2585 bona
2700 2549 2794 2603 spe
2813 2545 3090 2603 concepta,
3115 2539 3257 2591 venit
3277 2554 3380 2605 quo
3404 2526 3751 2593 mittebatur:

2183 2623 2236 2667 et
2261 2625 2537 2686 postquam
2568 2621 2803 2689 adstizit,
2841 2640 2961 2678 cum
3004 2626 3217 2681 vidisset
3249 2638 3527 2699 tyrannum
3557 2642 3755 2696 appro-

2187 2704 2546 2773 pinquantem,
2570 2710 2815 2765 accessit.
2845 2712 2936 2766 Ille
2963 2723 3140 2769 autem
3161 2731 3281 2769 cum
3309 2717 3610 2786 frequenter
3633 2732 3753 2771 eum

2188 2795 2440 2861 vidisset,
2480 2808 2531 2849 et
2572 2808 2713 2852 esset
2756 2800 3046 2869 imperandi
3084 2803 3368 2871 cupiditate
3395 2805 3604 2870 ebrius,
3649 2821 3756 2860 non

2187 2886 2466 2956 diligenter
2501 2890 2964 2946 examinavitzsed
3007 2892 3153 2947 illum
3183 2893 3436 2959 irridens,
3473 2905 3526 2949 et
3552 2896 3760 2965 probris

2186 2976 2448 3048 impetens
2469 3021 2483 3046 ,
2520 2981 2653 3045 Abi,
2685 2983 2888 3052 inquit,
2916 2998 3035 3038 cum
3062 2984 3233 3039 amico
3259 2994 3381 3051 tuo,
3422 3001 3489 3040 ne
3515 2982 3760 3056 dignatus

2182 3070 2397 3139 quidem
2428 3087 2614 3125 nomen
2644 3073 2842 3139 dicere,
2877 3083 3078 3128 tantum
3105 3082 3217 3129 erat
3246 3075 3446 3142 odium,
3476 3085 3632 3131 tanta:
3659 3076 3760 3131 ini-

2182 3162 2395 3218 micitia:
2422 3163 2497 3232 (9..
2527 3164 2652 3235 Reg.
2684 3164 2766 3220 l6.
2809 3164 2916 3237 l7).
2967 3165 3063 3222 Cui
3102 3166 3265 3223 Chusi
3298 3168 3428 3223 nihil
3456 3177 3757 3227 commotus

2182 3269 2281 3308 nec
2307 3254 2653 3311 conturbatus
2681 3256 2846 3313 dicit:
2870 3256 3093 3326 Quando
3131 3259 3270 3314 Deus
3298 3268 3415 3315 erat
3448 3275 3567 3315 cum
3608 3260 3753 3330 ipso,

2180 3344 2254 3399 illi
2286 3345 2423 3400 bene
2451 3345 2690 3401 volebam
2722 3364 2735 3401 :
2765 3349 3014 3419 quoniam
3052 3360 3227 3404 autem
3265 3364 3406 3405 nunc
3435 3358 3606 3406 tecum
3633 3360 3714 3406 est
3735 3393 3752 3419 ,

2177 3448 2507 3508 consequens
2530 3446 2614 3495 est
2635 3450 2688 3495 ut
2717 3448 2834 3495 tuas
2857 3451 3034 3511 partes
3058 3457 3253 3513 sequar
3276 3441 3431 3515 (Ibid.
3457 3459 3505 3499 υ.
3530 3444 3615 3499 18.
3640 3444 3751 3515 19).

2178 3522 2288 3582 [ioc
2316 3536 2545 3599 tyranno
2566 3545 2788 3600 magnos
2809 3532 3028 3601 spiritus
3048 3531 3195 3599 fecit,
3223 3534 3586 3605 tumidmnqne
3607 3534 3753 3590 illum

2177 3617 2428 3683 reddidit,
2444 3628 2498 3675 et
2522 3636 2580 3676 re
2598 3636 2701 3677 non
2719 3621 2997 3694 diligenter
3018 3625 3314 3679 examinata
3338 3627 3484 3694 (nam
3513 3627 3595 3680 vir
3625 3626 3753 3681 levis

2177 3709 2348 3765 ‘credit
2386 3711 2623 3766 sermoni
2667 3711 3079 3784 cuilibet:quod
3124 3714 3195 3769 i'li
3235 3715 3392 3769 etiam
3429 3713 3674 3785 accidit),
3702 3723 3755 3769 et

2178 3796 2402 3855 inimicis
2422 3800 2654 3865 deditus,
2685 3802 2859 3871 ipsum
2890 3804 3065 3858 statim
3096 3803 3235 3859 inter
3262 3805 3478 3861 intimos
3503 3805 3751 3873 admittit,

2177 3899 2232 3945 et
2257 3890 2308 3944 in
2332 3890 2620 3959 primorum
2650 3892 2941 3945 amicorum
2964 3893 3126 3947 refert
3156 3908 3455 3949 numerum.
3491 3894 3628 3948 Deus
3655 3910 3751 3949 au-

2178 3989 2285 4034 tem
2316 3996 2570 4049 prmscns,
2601 3988 2656 4034 et
2683 3996 2802 4047 qua:
2824 3982 3018 4036 flebant
3039 3999 3247 4054 regens,
3271 3986 3444 4041 omnia
3469 3986 3749 4057 dispensa-

2181 4067 2290 4121 bat.
2326 4068 2390 4121 Et
2424 4068 2699 4136 proposito
2729 4068 2866 4122 circa
2894 4069 3087 4124 bellum
3118 4074 3361 4138 consilio,
3388 4091 3507 4128 cutn
3538 4077 3623 4128 alii
3650 4076 3753 4131 alia

2180 4156 2421 4213 dicerent
2459 4157 2527 4213 de
2565 4158 2724 4213 rebus
2751 4159 2997 4227 agendis,
3044 4175 3110 4212 an
3153 4162 3326 4214 statim
3357 4163 3637 4227 invadere,
3685 4180 3751 4218 an

2182 4262 2367 4318 parum
2394 4246 2610 4302 differre
2651 4255 2955 4317 oporteret,
2986 4250 3246 4303 accedens
3276 4250 3620 4318 Achimphel.
3664 4254 3751 4320 qui

2180 4338 2404 4393 consilio
2433 4338 2717 4409 plurimum
2752 4339 2961 4394 valebat
2996 4350 3050 4395 et
3095 4342 3412 4396 sententiam
3443 4356 3590 4396 suam
3628 4358 3753 4413 pro-

2180 4430 2358 4487 ferens
2387 4432 2488 4488 hoc
2515 4431 2660 4487 dedit
2683 4432 2983 4497 consilium,
3003 4433 3186 4487 dicens
3210 4450 3225 4487 :
3248 4433 3513 4488 Afflictum
3544 4450 3680 4489 nunc
3700 4441 3753 4490 et

2180 4524 2543 4596 perturbatum
2585 4536 2787 4595 patrem
2818 4539 2963 4579 tuttm
3002 4527 3327 4581 iuvadamus.
3355 4526 3487 4583 Nam
3515 4527 3559 4581 si
3584 4528 3632 4583 ei
3667 4544 3752 4584 re-

2176 4616 2409 4685 spirandi
2434 4616 2635 4670 nullum
2660 4625 2870 4686 tempus
2898 4616 3220 4681 dederimus,
3242 4617 3308 4672 ita
3334 4633 3455 4674 eum
3480 4617 3547 4673 de
3576 4619 3751 4675 medio

2181 4707 2434 4762 tollemus
2459 4723 2472 4759 :
2492 4706 2536 4761 si
2558 4708 2701 4761 enim
2723 4721 2842 4760 eum
2867 4708 3180 4776 imparatum
3204 4725 3342 4764 nunc
3361 4710 3749 4781 aggrediamur,

2176 4815 2263 4856 res
2288 4801 2436 4855 nullo
2463 4799 2647 4854 labore
2687 4814 2718 4854 a
2741 4801 2892 4855 nobis
2916 4800 3220 4870 perficietur
3261 4800 3282 4876 (
3310 4802 3446 4856 Ibid.
3474 4803 3561 4858 17.
3585 4803 3679 4857 1οὸ
3707 4801 3748 4870 ).

2177 4891 2300 4946 Ηίινιυ
2332 4906 2451 4946 cum
2480 4891 2716 4945 audisset
2756 4900 3040 4963 tyrannus,
3068 4902 3221 4947 vocat
3244 4894 3401 4947 etiam
3433 4892 3631 4957 Chusi,
3660 4888 3749 4958 qui

2175 4981 2243 5034 ad
2269 4981 2441 5050 ipsum
2466 4979 2823 5051 transfugerat
2845 4996 2937 5052 per
2956 4983 3369 5045 simulationem,
3399 4992 3451 5036 et
3477 4996 3596 5034 eum
3627 4978 3752 5033 facit

2177 5072 2295 5140 eius
2333 5071 2474 5142 quod
2516 5074 2795 5143 petebatur
2833 5074 3039 5129 consilii
3083 5074 3391 5144 participem
3420 5088 3433 5121 :
3458 5069 3598 5138 quod
3642 5083 3749 5124 non

2178 5172 2294 5220 erat
2322 5163 2568 5219 humana:
2597 5166 2788 5220 rationi
2808 5175 3226 5221 consentaneum
3249 5204 3263 5225 ,
3294 5171 3352 5214 ιιι
3377 5175 3497 5213 eum
3535 5159 3623 5228 qui
3660 5174 3749 5214 re-

2177 5262 2362 5312 centcr
2388 5266 2627 5324 venerat,
2657 5267 2804 5312 tanto
2826 5260 3029 5312 honore
3050 5255 3304 5315 afficeret,
3329 5261 3379 5304 ct
3406 5249 3511 5305 fide
3532 5251 3747 5323 dignum

2177 5348 2536 5415 existimaret,
2578 5359 2639 5403 ut
2679 5350 2838 5404 etiam
2881 5347 2947 5402 de
2989 5346 3151 5400 rebus
3191 5342 3449 5411 ejusmodi
3482 5346 3600 5400 eu’m
3632 5359 3751 5400 esse

2177 5438 2338 5495 vellet
2360 5439 2720 5494 consiliarium
2747 5436 2876 5492 :sed
2907 5435 3044 5490 sicut
3070 5443 3193 5487 ante
3213 5432 3341 5495 dixi,
3371 5435 3583 5503 quando
3613 5434 3752 5488 Deus

2176 5536 2261 5585 est
2281 5528 2489 5594 ductor,
2518 5530 2676 5582 etiam
2703 5541 2822 5597 qua:
2850 5533 2973 5580 sunt
3002 5522 3259 5590 difficilia,
3300 5524 3466 5579 facilia
3498 5525 3748 5581 evadunt.

2178 5617 2532 5675 lntroducitur
2556 5616 2737 5682 Chusi,
2765 5627 2818 5673 et
2858 5617 2977 5673 facit
3010 5617 3058 5675 ci
3099 5616 3317 5672 liberam
3358 5617 3564 5672 dicendi
3606 5625 3747 5683 pote-

2178 5719 2392 5781 statem,
2423 5709 2637 5781 vultque
2654 5708 2832 5767 dicere
2858 5708 3010 5767 de'eo
3035 5708 3174 5781 quod
3201 5709 3515 5778 proponitur
3540 5706 3596 5775 (9
3622 5704 3744 5771 Reg.
