4086 6214
347 361 415 416 ss
1105 357 1162 414 s.
1199 355 1476 412 .lOANN'IS
1501 349 1975 410 CHRYSOSTOMI
2017 352 2332 414 ARCHIEP.
2377 359 2912 420 CONSTANTINOP.
3563 367 3631 423 ει

347 477 436 531 17.
469 475 522 530 5.
554 472 630 544 6).
663 473 798 540 Quid
826 487 953 528 vero
973 470 1174 526 Chusi?
1201 473 1519 542 Numquam,
1552 471 1748 541 tnqnit,
1782 469 1938 523 aber-

350 565 493 620 ravit
518 562 834 634 Achimphel
863 563 955 634 (α).
995 562 1154 617 \‘ides
1185 562 1560 632 prudentiam?
1601 559 1716 615 Non
1749 572 1932 629 repre-

351 657 533 712 hendit
571 656 748 710 statim
771 656 886 726 ejus
926 656 1266 718 sententiam,
1303 654 1395 708 sed
1436 670 1554 708 eum
1596 653 1769 706 laude.
1804 653 1935 706 Eum

347 751 490 803 cnim
526 750 749 805 laudans
783 750 923 821 quod
960 760 1317 820 Opportunum
1346 755 1499 801 antea
1525 744 1806 798 consilium
1835 743 1935 800 de-

349 842 540 908 disset,
576 845 648 896 ita
700 856 1017 913 prasentem
1063 844 1330 911 vituperat
1385 839 1728 894 sententiam.
1781 837 1936 904 Quod

351 945 528 990 autem
553 935 701 1000 dicit,
729 936 832 990 tale
852 947 932 989 est
957 953 969 988 :
1000 935 1161 989 Miror
1185 931 1454 1004 quomodo
1477 947 1615 984 nunc
1639 930 1934 984 erraverit:

348 1041 452 1079 noo
513 1026 639 1080 mihi
694 1028 834 1080 enim
889 1026 1098 1081 videtur
1155 1041 1274 1080 esse
1333 1024 1459 1079 utile
1516 1023 1820 1076 COnSllilltn.
1879 1019 1933 1075 Si

347 1118 543 1185 quippe
583 1134 702 1170 eum
747 1116 1278 1179 iiunriiwaserimus,
1321 1125 1586 1182 tamquam
1613 1128 1767 1166 ursus
1789 1111 1935 1168 rabie

348 1209 596 1277 percitus,
629 1208 701 1260 ira
737 1207 924 1276 plenus
952 1217 1102 1276 pater
1131 1216 1273 1274 tuus,
1306 1205 1372 1260 de
1400 1206 1504 1258 rita
1531 1204 1850 1273 deSperans,
1880 1211 1936 1258 et

347 1315 466 1353 cum
495 1315 698 1354 smmna
726 1315 965 1370 pugnans
987 1299 1368 1369 indignatione,
1395 1315 1504 1352 sua!
1525 1298 1712 1352 salutis
1733 1297 1932 1352 nullam

345 1392 501 1446 ducet
528 1393 809 1458 rationem,
833 1402 887 1446 et
909 1391 1138 1445 maximo
1162 1391 1359 1461 impetu
1381 1391 1430 1443 in
1449 1404 1546 1443 nos
1569 1389 1752 1442 irrnet.
1779 1387 1932 1457 Quod

343 1485 387 1538 si
405 1501 586 1553 parum
609 1487 952 1550 cesserimus,
973 1501 1093 1540 cum
1112 1501 1231 1539 cum
1251 1485 1541 1553 majoribus
1563 1493 1613 1538 et
1631 1481 1935 1536 instructio-

346 1578 494 1632 rilms
518 1578 688 1647 copiis
715 1577 1087 1647 aggrediemur
1107 1617 1122 1642 ,
1153 1577 1414 1645 longeque
1445 1574 1609 1628 tutius
1631 1615 1644 1638 ,
1702 1590 1762 1628 ac
1799 1575 1931 1627 citra

351 1669 511 1721 ullum
546 1668 806 1735 laborem,
849 1678 1048 1723 etcum
1088 1668 1316 1722 maxima
1343 1665 1591 1720 facilitate
1618 1680 1738 1720 eum
1771 1665 1931 1719 veluti

348 1763 539 1832 laqueo
570 1761 900 1831 implicatum
929 1761 1204 1830 capiemus
1225 1770 1277 1814 et
1308 1759 1636 1814 adducemus
1664 1758 1681 1827 (
1713 1757 1846 1811 Ibid.
1881 1773 1931 1811 υ.

349 1851 378 1903 7
417 1853 528 1921 l5).
553 1851 1005 1906 LaudatAbsalon
1019 1849 1358 1913 sententiam,
1384 1863 1609 1918 eamque
1631 1848 1730 1902 sibi
1751 1848 1930 1902 utilio-

350 1959 462 1996 rem
495 1958 613 1996 esse
634 1941 760 1996 dicit
781 1940 940 2010 (Ibid.
970 1957 1016 1994 υ.
1043 1940 1156 2009 14).
1181 1939 1304 1992 Haec
1324 1950 1501 1992 autem
1519 1937 1928 2003 dicebatChusi,

349 2035 532 2090 Davidi
560 2035 742 2089 volens
765 2033 895 2089 dare
921 2043 1128 2103 tempus
1148 2042 1275 2088 utse
1299 2033 1623 2100 aliquantum
1644 2041 1928 2096 recrearet,

347 2145 409 2185 ac
429 2130 737 2199 respiraret,
759 2137 1077 2200 cogeretque
1094 2127 1407 2181 exercitum.
1427 2124 1498 2178 ha
1518 2140 1642 2194 ergo
1660 2123 1932 2193 repudiata

349 2218 716 2290 AeliitOphelis
760 2219 1056 2283 sententia,
1109 2233 1205 2287 per
1252 2217 1392 2270 viros
1443 2217 1640 2286 aliquot
1697 2224 1934 2270 secretos

349 2311 586 2376 mittens,
613 2309 789 2364 omnia
816 2308 996 2364 Davidi
1019 2308 1359 2375 renuntiarit,
1384 2317 1666 2380 tyranuum
1691 2307 1934 2361 ridel'cet

347 2418 498 2456 suam
528 2401 853 2473 approbasse
895 2403 1250 2468 sententiam,
1299 2417 1416 2472 quae
1455 2400 1638 2455 Daridi
1682 2399 1933 2454 afferebat

350 2494 648 2547 \ietoriam.
702 2492 853 2560 Quod
909 2493 976 2556 ita
1019 2493 1180 2549 etiam
1216 2493 1408 2547 accidit
1445 2510 1458 2546 :
1509 2508 1628 2546 cum
1668 2491 1810 2548 enim
1856 2491 1931 2547 illi

351 2599 535 2652 parum
573 2585 726 2654 spatii
757 2583 1026 2650 dedisset,
1074 2594 1289 2654 paratus
1319 2583 1476 2636 David
1524 2599 1644 2638 cmn
1699 2584 1928 2649 invasit,

350 2675 584 2744 fusisque
625 2690 687 2729 ac
731 2675 922 2746 fugatis
963 2675 1206 2730 hostibus
1236 2676 1507 2730 victoriam
1537 2676 1734 2729 retulit.
1777 2675 1929 2743 Quod

347 2784 467 2822 eum
493 2785 587 2838 pro
604 2783 696 2822 sua
716 2768 994 2838 prodeuntia
1017 2778 1070 2823 et
1089 2765 1280 2838 ingenii
1304 2769 1518 2824 solertia
1547 2768 1750 2823 videret
1769 2769 1928 2823 Arhi-

348 2861 560 2930 tophel,
609 2870 664 2915 et
699 2876 764 2915 ex
813 2874 878 2914 eo
918 2859 1118 2914 exitum
1164 2859 1544 2927 intellexisset,
1574 2876 1765 2930 nempe
1789 2860 1928 2932 quod

349 2952 456 3005 ll:l‘(‘
503 2951 770 3008 sententia
817 2948 1067 3004 AbSanni
1105 2949 1329 3004 allatura
1373 2949 1781 3014 essetexitinm,
1823 2967 1928 3004 non

347 3044 528 3098 ferens
595 3041 1013 3106 contumeliam,
1085 3040 1341 3095 recedens
1397 3051 1576 3110 aptato
1627 3041 1817 3111 laqueo
1872 3056 1930 3097 se

344 3133 643 3196 suﬁ'ocarit,
677 3141 732 3186 et
761 3131 830 3186 ita
864 3131 1023 3184 vitam
1054 3130 1224 3184 ﬁnivit
1254 3127 1414 3203 (Ibid.
1445 3147 1491 3183 ιο.
1527 3129 1736 3200 lii-9.5).

416 3223 466 3277 5.
506 3222 628 3278 Haec
660 3223 834 3291 itaque
864 3221 1039 3276 omnia
1071 3235 1190 3274 cum
1219 3219 1490 3274 didicisset
1523 3221 1720 3286 David,
1774 3220 1929 3275 [‘5an

345 3333 490 3372 nium
517 3317 722 3383 scribit,
758 3315 1005 3388 hymnos,
1035 3315 1226 3385 quibus
1259 3316 1454 3384 gratias
1492 3316 1599 3386 agit
1628 3316 1736 3369 Deo
1759 3360 1774 3383 ,
1803 3319 1934 3374 offe-

344 3427 508 3474 rens,
557 3419 610 3464 et
639 3419 803 3463 totum
853 3420 1172 3478 stratagema
1216 3409 1323 3462 Deo
1367 3408 1623 3463 tribuens.
1671 3409 1928 3478 Quocirca

246 3487 260 3502 Ι
348 3499 612 3570 incipiens
642 3501 718 3554 sic
746 3499 874 3553 dicit
905 3517 917 3552 :
945 3499 1000 3552 2.
1037 3497 1252 3553 Domine
1285 3498 1420 3552 Deus
1450 3517 1588 3553 meus
1611 3543 1625 3563 ,
1656 3502 1708 3554 in
1748 3511 1794 3555 te
1812 3520 1929 3570 spe-

343 3591 688 3655 raui,saluum
735 3607 812 3644 me
857 3594 960 3660 fac.
1007 3588 1123 3644 Non
1176 3589 1227 3643 in
1267 3590 1448 3655 Cbusi,
1487 3607 1585 3646 nec
1611 3593 1661 3646 in
1701 3593 1929 3648 humana

343 3684 623 3752 sapientia.
655 3697 754 3736 nec
777 3682 826 3735 in
851 3682 990 3736 illius
1009 3681 1306 3752 prudentia,
1343 3697 1440 3737 nec
1461 3683 1512 3736 iu
1543 3697 1664 3738 meo
1683 3685 1926 3748 consilio,

345 3773 462 3839 sed,
491 3771 555 3826 In
588 3783 652 3828 te.
684 3773 757 3827 Ita
789 3788 887 3827 nos
903 3773 1060 3828 etiam
1095 3771 1366 3832 faciamus.
1395 3772 1602 3826 etiamsi
1638 3789 1730 3842 per
1754 3773 1786 3826 h
1809 3774 1927 3827 »τιιί-

346 3880 442 3921 nes
489 3881 517 3919 a
556 3867 709 3920 nobis
756 3864 953 3934 aliquid
1004 3865 1254 3934 praeclare
1283 3875 1530 3936 geratur,
1583 3866 1689 3920 Deo
1733 3868 1930 3936 gratias

345 3973 585 4028 agamus,
610 3967 714 4012 tam
742 3972 838 4025 pro
861 3957 924 4012 iis
953 3973 1069 4028 qua:
1093 3973 1185 4027 per
1209 3971 1324 4021 nos,
1357 3975 1514 4028 quam
1543 3975 1660 4030 qum
1679 3977 1772 4028 per
1796 3961 1930 4016 alios

347 4048 503 4102 nobis
523 4056 814 4102 evenerunt
842 4048 1132 4102 beneﬁciis.
1158 4047 1210 4103 Si
1232 4049 1372 4102 enim
1401 4049 1471 4102 ita
1495 4049 1768 4117 faciamus,
1799 4051 1926 4106 nihil

346 4139 449 4191 erit
477 4154 658 4208 grare,
692 4153 788 4192 nec
818 4137 1072 4202 difficile;
1101 4138 1242 4208 quod
1271 4140 1429 4194 etiam
1471 4137 1697 4195 faciebat
1742 4141 1925 4208 David,

346 4231 728 4300 propemodum
756 4231 937 4284 direns
967 4248 978 4283 :
1009 4230 1122 4284 Non
1172 4230 1223 4284 in
1266 4231 1440 4285 verbis
1465 4230 1623 4286 Chusi
1669 4233 1928 4290 habebam

347 4340 494 4392 spem
528 4323 748 4387 salutis,
795 4322 886 4378 sed
930 4325 979 4374 in
1031 4331 1119 4375 tuo
1157 4321 1379 4376 auxilio.
1412 4321 1542 4376 Vide
1590 4335 1764 4378 autem
1807 4341 1927 4381 cum

347 4429 540 4486 quanta
587 4417 816 4485 loquitur
869 4414 1188 4477 affectione,
1238 4414 1376 4468 sicut
1423 4414 1558 4468 solet
1586 4415 1775 4472 laetere.
1815 4418 1928 4473 Non

348 4509 488 4560 enini
520 4508 654 4560 dixit
684 4525 694 4554 τ
732 4505 952 4560 Domine
985 4505 1123 4559 Deus
1151 4524 1162 4557 :
1195 4505 1311 4568 sed,
1343 4504 1558 4560 Domine
1598 4505 1731 4560 Deus
1760 4525 1929 4575 meus;

347 4610 402 4652 et
427 4599 547 4652 alibi
574 4639 588 4661 ,
637 4597 800 4662 Deus,
845 4597 982 4651 Dens
1010 4614 1176 4661 meus,
1203 4597 1271 4650 ad
1297 4606 1343 4651 te
1361 4598 1425 4651 de
1445 4595 1554 4651 luce
1581 4598 1730 4668 vigilo
1758 4599 1926 4670 (Psal.

347 4691 436 4744 62.
469 4691 549 4761 9.).
583 4690 792 4744 Etenim
821 4706 941 4746 cum
968 4690 1216 4744 onmibus
1239 4706 1304 4743 eo
1322 4705 1454 4760 opus
1483 4689 1703 4745 habebat
1737 4707 1750 4743 :
1784 4707 1932 4746 seor-

347 4799 463 4838 sum
492 4793 667 4837 antem
697 4798 758 4836 ac
785 4783 1068 4852 srparatim
1099 4793 1313 4853 propter
1339 4782 1542 4852 i:.sigue
1584 4783 1926 4838 desiderium.

350 4876 422 4932 Ita
455 4877 613 4931 etiant
648 4876 786 4930 Dens
815 4875 915 4929 hoc
947 4875 1116 4946 ipsum
1144 4874 1267 4930 facit
1308 4876 1358 4930 in
1396 4875 1554 4946 justis
1575 4917 1588 4939 ,
1633 4885 1686 4930 et
1715 4894 1832 4930 cum
1864 4879 1931 4932 sit

347 4971 586 5023 omnium
619 4968 792 5032 Deus,
825 4983 883 5021 se
926 4966 1056 5020 dicit
1081 4967 1366 5037 separatim
1413 4983 1531 5022 esse
1570 4968 1733 5022 Deum
1760 4968 1929 5038 justo-

350 5078 492 5116 rntn.
532 5060 638 5130 Ego
665 5058 800 5112 Deus
829 5059 1120 5124 Abraham,
1153 5069 1198 5112 et
1224 5057 1359 5113 Deus
1385 5056 1536 5114 Isaac
1558 5102 1572 5125 ,
1609 5071 1653 5112 et
1681 5058 1817 5114 Deus
1836 5059 1933 5114 Ja-

350 5154 439 5206 cob
465 5153 481 5221 (
506 5151 670 5205 Exod.
696 5151 746 5205 5.
782 5148 870 5222 6).
909 5149 1034 5202 Vide
1061 5157 1236 5203 autem
1279 5150 1393 5218 ejus
1425 5151 1760 5220 sapientiam.
1799 5151 1930 5206 Cum

349 5243 588 5307 dixisset,
623 5241 838 5296 Domine
864 5241 997 5294 Deus
1022 5257 1180 5305 meus,
1204 5241 1255 5294 in
1277 5251 1323 5294 te
1348 5243 1542 5310 speravi
1575 5257 1594 5296 .'
1619 5258 1722 5297 non
1754 5242 1887 5296 dixit
1913 5285 1928 5305 ,

351 5286 588 5307 ...-..,.,ν.,
623 5286 834 5296 .,-........
864 5286 996 5294 --.η
1022 5286 1180 5305 -----.-,
1277 5286 1320 5294 --
1348 5286 1418 5310 -,,.
1439 5286 1539 5294 ..--.
1575 5286 1588 5296 .
1619 5286 1722 5297 ην..
1913 5286 1928 5305 ,

317 5286 486 5404 il‘uni
537 5333 782 5396 hostem,
818 5333 943 5388 tolle
985 5332 1051 5387 dc
1093 5332 1267 5388 medio
1311 5333 1582 5388 inimicum
1614 5351 1627 5387 ι
1657 5335 1748 5390 sed
1790 5336 1930 5406 quod

349 5436 503 5477 suum
533 5432 612 5477 est
641 5432 844 5478 tantum
873 5424 1079 5493 quan‘it,
1109 5432 1162 5478 et
1185 5423 1314 5478 dicit
1338 5422 1581 5478 :Salvum
1603 5441 1680 5478 me
1701 5429 1802 5497 fac,
1830 5426 1933 5482 hoc

350 5523 468 5577 est,
502 5529 568 5567 ne
598 5515 874 5583 permittas
902 5525 958 5568 ut
1001 5515 1138 5570 male
1167 5515 1354 5586 patiar,
1397 5515 1461 5568 ab
1491 5517 1721 5570 omnibus
1760 5534 1932 5586 perse-

351 5604 612 5672 quentibus
656 5620 734 5658 me
757 5646 771 5670 ,
823 5613 868 5658 et
899 5606 1053 5658 libera
1101 5622 1198 5659 me.
1241 5605 1375 5660 Vide
1403 5607 1667 5676 quomodo
1697 5623 1764 5663 ne
1795 5609 1933 5664 male

411 5739 484 5800 (a)
527 5741 608 5789 Hic
647 5742 874 5792 memoria
920 5739 1014 5791 labi
1040 5741 1648 5806 videtur_t_:hrysoston'ius;
1697 5757 1806 5792 nam
1831 5743 1936 5794 hate

352 5809 501 5852 verba
524 5815 756 5867 nusquam
781 5811 1061 5868 compareat
1083 5805 1131 5855 in
1155 5802 1335 5854 Bibliis.

2045 470 2257 538 quidem
2296 473 2537 543 patiens,
2577 477 2888 531 nominatim
2933 477 3172 534 meminit
3217 479 3530 549 parricidm,
3575 491 3630 535 et

2045 575 2289 620 naturam
2320 567 2371 620 in
2399 567 2703 624 calamitate
2722 583 3019 640 agnoscens
3043 613 3058 635 ,
3103 579 3158 624 et
3192 571 3242 624 in
3272 571 3410 625 bello
3455 574 3628 642 respi-

2043 656 2190 710 ciens
2224 656 2412 724 ﬁlium,
2435 669 2490 714 et
2516 659 2568 714 in
2592 660 2840 730 periculis
2865 676 2969 716 nou
2993 661 3311 718 oblivisceus
3339 665 3628 719 viscerum.

2043 743 2211 802 Tanta
2241 757 2356 802 erat
2381 749 2432 803 in
2463 748 2600 804 ﬁlios
2627 751 2798 820 pietas
2828 759 2881 806 et
2900 753 3094 807 caritas
3115 793 3128 818 ,
3174 753 3252 806 vel
3279 754 3451 823 potius
3483 763 3627 810 tanta

2043 843 2157 890 erat
2180 836 2296 907 ejus
2318 837 2677 910 philosophia.
2707 840 2822 896 Non
2845 841 2985 896 enim
3015 843 3252 914 tyrannis
3281 854 3504 910 naturae,
3535 849 3629 900 sed

2044 929 2203 984 animi
2234 931 2410 1001 potius
2454 933 2806 990 mansuetudo
2850 951 2972 990 eum
3026 935 3184 990 talem
3239 935 3530 998 reddebat,
3577 947 3630 993 et

2043 1020 2160 1089 plus
2206 1023 2466 1078 exercitui
2509 1025 2840 1094 imputabat,
2892 1042 3049 1098 quam
3094 1037 3367 1098 tyranno:
3414 1037 3470 1082 et
3509 1028 3630 1084 ideo

2041 1113 2169 1171 dicit
2199 1130 2212 1165 :
2247 1113 2461 1170 Salvum
2491 1133 2570 1170 me
2593 1120 2676 1190 [ac
2699 1118 2762 1172 ab
2787 1119 3014 1173 omnibus
3036 1120 3439 1190 persequentibus
3457 1136 3554 1184 me,
3581 1132 3629 1175 et

2040 1200 2194 1257 libera
2234 1221 2331 1258 me.
2383 1206 2513 1263 Vide
2561 1208 2828 1278 quomodo
2879 1225 2984 1264 nou
3030 1210 3319 1265 admodum
3370 1211 3628 1268 invidiose

2042 1296 2284 1352 meminit
2307 1297 2562 1354 illorum?
2605 1299 2720 1355 Non
2745 1301 2888 1355 enim
2916 1301 3094 1367 dixit,
3147 1301 3221 1355 Es
3268 1301 3334 1356 iis
3361 1304 3450 1373 qui
3497 1305 3628 1359 mihi

2041 1385 2237 1441 bellum
2270 1387 2522 1452 inferunt,
2555 1406 2624 1444 ex
2653 1391 2717 1446 iis
2757 1391 2848 1461 qui
2891 1405 3008 1445 mea
3037 1391 3312 1460 diripiunt,
3355 1407 3419 1446 ex
3450 1393 3514 1448 iis
3539 1394 3626 1463 qui

2039 1492 2134 1546 per
2161 1489 2421 1532 summam
2468 1480 2741 1536 libidinem
2779 1496 2911 1536 mea:
2945 1482 3103 1552 regize
3134 1482 3426 1549 insultant,
3472 1495 3522 1539 et
3569 1500 3628 1540 se

2038 1573 2288 1627 omnibus
2313 1573 2527 1644 explent
2558 1574 2916 1646 voluptatibus
2945 1591 2958 1630 :
2989 1574 3082 1630 sed
3103 1560 3130 1641 ,i
3161 1575 3202 1628 A
3224 1577 3627 1647 persequentibus

2037 1677 2133 1715 me.
2157 1663 2212 1718 5.
2244 1662 2325 1718 Ne
2357 1665 2562 1735 quando
2595 1667 2848 1735 rapiat‘ut
2877 1665 2953 1720 leo
2995 1666 3216 1719 animum
3261 1685 3464 1728 meam,
3501 1668 3627 1721 dunt

2039 1771 2135 1809 non
2166 1764 2238 1809 est
2265 1757 2349 1826 qui
2374 1757 2626 1824 redimat,
2671 1773 2831 1826 neque
2875 1757 2964 1828 qui
3004 1757 3198 1810 salvum
3237 1756 3414 1827 faciat.
3465 1759 3626 1828 Atqui

2037 1847 2252 1918 collegit
2294 1847 2624 1916 exercitum,
2665 1859 2721 1903 et
2763 1849 2959 1903 multos
3006 1861 3186 1904 secum
3228 1848 3406 1902 habuit
3438 1865 3454 1901 :
3485 1865 3620 1919 quo-

2038 1940 2198 1995 modo
2231 1956 2358 2011 ergo
2391 1940 2522 1996 dicit
2555 1960 2568 1996 :
2601 1940 2738 1995 Dum
2771 1958 2871 1996 non
2897 1951 2968 1995 est
2988 1942 3073 2012 qui
3095 1941 3324 2003 redimat,
3352 1958 3507 2012 neque
3532 1935 3651 2013 qui~

2037 2033 2228 2086 salvum
2255 2034 2454 2104 faciat?
2477 2034 2738 2102 Quoniam
2767 2049 2836 2090 ne
2861 2034 3167 2089 universum
3197 2035 3409 2104 quidem
3433 2037 3616 2091 orbem

2039 2133 2300 2180 terrarum
2327 2126 2508 2180 auxilii
2535 2127 2653 2181 loco
2683 2126 2864 2193 habet,
2898 2127 2997 2181 nisi
3025 2142 3181 2196 opem
3203 2127 3435 2182 divinam
3468 2127 3623 2188 fuerit

2037 2224 2374 2286 assequutus,
2405 2231 2504 2272 nec
2529 2233 2587 2272 se
2607 2233 2725 2273 esse
2747 2217 2892 2272 ducit
2916 2218 2969 2272 in
2993 2218 3300 2285 solitudine,
3331 2219 3454 2275 licet
3477 2220 3625 2276 sol:.s

2038 2307 2142 2373 sit,
2195 2308 2240 2362 si
2270 2309 2337 2362 sit
2367 2309 2508 2362 illius
2535 2309 2716 2364 auxilii
2769 2309 3054 2380 particeps.
3104 2309 3170 2364 Et
3211 2310 3330 2366 ideo
3375 2309 3622 2378 dicebat,

2041 2397 2164 2452 Non
2204 2399 2429 2452 solvatur
2453 2415 2544 2453 rea:
2585 2415 2675 2470 per
2717 2399 2924 2452 multum
2957 2401 3259 2470 potentiam,
3287 2410 3334 2454 et
3355 2401 3496 2472 gigas
3522 2417 3624 2455 non

2037 2490 2310 2545 salvabitur
2345 2490 2398 2544 in
2437 2491 2756 2546 multitudine
2798 2492 2993 2546 virtutis
3033 2511 3138 2548 sine
3174 2493 3344 2564 (Psai.
3386 2493 3475 2548 32.
3506 2493 3624 2562 16).

2036 2581 2282 2637 Nonnulli
2323 2593 2498 2636 autem
2543 2582 2642 2638 hoc
2683 2583 2880 2637 dictum
2933 2585 3221 2656 anagogice
3267 2584 3623 2655 accipientes.

2038 2675 2247 2730 leonem
2277 2685 2328 2730 et
2357 2688 2737 2746 persequentes
2765 2676 2947 2730 dicunt
2974 2691 3092 2732 esse
3117 2675 3387 2730 diabolum
3429 2686 3484 2734 et
3507 2677 3625 2732 da:-

2037 2782 2245 2822 mones.
2287 2767 2546 2836 Quoniam
2580 2769 2721 2822 enim
2755 2768 2963 2821 ridebat
2991 2767 3155 2822 ﬁlium
3179 2767 3246 2820 ab
3272 2767 3388 2836 ipso
3414 2777 3622 2836 raptum

2037 2869 2088 2913 et
2118 2858 2429 2912 devoratum
2457 2901 2473 2926 ,
2507 2870 2655 2928 rogat
2699 2875 2762 2913 ne
2803 2858 3027 2928 idipsum
3060 2875 3272 2930 quoque
3309 2859 3356 2912 ei
3385 2858 3623 2928 accidat,

2035 2959 2090 3005 et
2113 2951 2243 3005 dicit
2270 2951 2428 3006 etiam
2467 2965 2680 3006 causam
2733 2960 2947 3020 propter
2992 2965 3149 3021 quam
3179 2951 3280 3007 hoc
3304 2951 3380 3007 illi
3406 2951 3622 3009 accidit.

2035 3041 2289 3109 Quaenam
2313 3049 2392 3095 est
2419 3052 2591 3097 autem
2616 3040 2816 3094 causa?
2845 3042 3068 3112 l‘ropter
3089 3042 3398 3112 nequitiam,
3429 3043 3624 3114 inquit,

2036 3149 2064 3188 a
2097 3150 2154 3189 se
2188 3134 2276 3187 Dei
2307 3133 2557 3187 auxilium
2587 3135 2799 3188 avertit.
2829 3132 3112 3202 Propterea
3139 3132 3267 3187 dicit
3293 3175 3308 3200 ,
3354 3133 3489 3187 Dum
3520 3151 3625 3189 non

2035 3235 2107 3280 est
2131 3225 2217 3295 qui
2245 3224 2490 3288 redimat,
2525 3241 2680 3295 neque
2709 3225 2792 3294 qui
2815 3225 3009 3278 soleant
3039 3224 3214 3293 faciat.
3260 3223 3412 3291 Quod
3442 3233 3622 3280 autem

2035 3315 2119 3370 leo
2149 3317 2354 3371 dicatur
2378 3317 2655 3378 diabolus,
2696 3316 2816 3369 andi
2845 3332 2907 3368 es
2941 3316 3214 3384 Scriptura
3240 3358 3254 3382 ,
3299 3331 3418 3386 qua:
3447 3315 3574 3372 dicit
3603 3335 3620 3372 :

2035 3403 2280 3460 Inimicus
2321 3416 2478 3459 vester
2519 3405 2748 3458 diabolus
2794 3406 3024 3457 circumit
3076 3415 3131 3458 ut
3175 3405 3252 3458 leo
3294 3407 3532 3477 rugiens,
3572 3417 3626 3462 es

2033 3516 2261 3570 qna'rcns
2291 3516 2432 3568 quem
2476 3499 2672 3550 devoret
2700 3499 2776 3566 (l.
2816 3495 2926 3550 Pet.
2961 3497 3014 3551 5.
3044 3496 3120 3570 8).
3151 3498 3286 3564 Quin
3317 3500 3477 3554 etiam
3507 3499 3625 3570 ipse

2037 3591 2291 3662 prepheta
2321 3588 2448 3642 dicit
2477 3588 2600 3641 alibi
2636 3605 2648 3640 :
2699 3587 2763 3640 Et
2801 3588 3117 3642 roncnlcabis
3147 3589 3338 3643 leonem
3368 3600 3412 3643 et
3442 3590 3626 3644 draco-

2035 3700 2148 3737 nem
2183 3681 2353 3753 (Psal.
2385 3680 2474 3736 90.
2509 3677 2620 3753 15).
2665 3680 2758 3734 list
2784 3679 2923 3732 enim
2954 3679 3126 3734 bellua
3172 3681 3486 3751 multiplex;
3525 3682 3624 3737 sed

2035 3775 2080 3829 si
2111 3774 2462 3844 sapnerimus,
2494 3772 2579 3826 hic
2605 3772 2689 3826 leo
2713 3781 2764 3824 et
2794 3771 2954 3825 draco
2975 3772 3078 3826 erit
3101 3773 3290 3842 quovis
3313 3773 3423 3829 luto
3444 3773 3621 3842 vilior,

2034 3882 2134 3922 nec
2178 3866 2433 3921 adversus
2479 3880 2577 3919 nos
2605 3872 2792 3934 aperto
2845 3861 3014 3918 iuarte
3063 3863 3258 3936 diriget
3296 3866 3506 3922 aciem:
3538 3867 3625 3922 sin

2034 3967 2212 4012 autem
2241 3956 2530 4022 direxerit,
2576 3955 2996 4010 conculcabitnr.
3027 3955 3292 4010 Ambulate
3311 3957 3452 4011 enim
3473 3999 3489 4024 ,
3537 3957 3626 4012 in-

2033 4049 2168 4118 quit,
2193 4064 2342 4119 super
2371 4057 2622 4116 serpentes
2646 4055 2693 4101 et
2721 4048 3008 4118 scorpiones
3035 4046 3053 4119 (
3069 4045 3193 4100 Luc.
3227 4047 3310 4100 10.
3345 4045 3472 4118 19).
3499 4047 3626 4102 Cir-

2035 4142 2202 4198 cumit
2240 4141 2381 4195 enim
2427 4140 2676 4196 incensus
2713 4140 2786 4194 ira
2836 4151 3100 4210 tamquam
3131 4140 3246 4206 leo;
3297 4138 3392 4194 sed
3439 4139 3482 4193 si
3523 4156 3624 4198 eos

2036 4233 2288 4290 invaserit
2315 4233 2404 4304 qui
2430 4232 2702 4289 Christum
2735 4233 2962 4295 habent,
3007 4242 3058 4285 et
3084 4246 3294 4286 crucem
3323 4231 3374 4286 iu
3403 4230 3576 4289 fronte
3601 4275 3619 4301 ,

2034 4337 2088 4383 et
2117 4328 2291 4396 ignem
2321 4325 2580 4396 Spiritus,
2633 4335 2688 4378 et
2728 4322 3024 4391 lampadem
3052 4339 3170 4393 qute
3211 4339 3496 4393 numquam
3527 4341 3623 4380 ex-

2037 4420 2338 4490 stinguitur,
2368 4432 2436 4472 ne
2467 4416 2680 4486 quidem
2710 4415 2954 4468 attollere
2985 4414 3168 4467 oculos
3190 4427 3373 4469 contra
3404 4419 3619 4484 poterit,

2035 4512 2132 4568 sed
2158 4525 2312 4566 verso
2341 4521 2490 4581 tergo
2520 4509 2750 4576 recedet,
2784 4525 2850 4564 ne
2885 4508 3124 4563 converti
3151 4508 3362 4579 quidem
3397 4509 3620 4564 audens.

2037 4603 2104 4658 Et
2133 4617 2199 4656 ne
2222 4602 2394 4656 inania
2417 4611 2470 4655 et
2496 4615 2628 4655 vana
2659 4610 2811 4667 putes
2836 4600 2997 4655 verba
3021 4615 3139 4654 esse
3166 4617 3284 4669 qua:
3310 4600 3449 4655 dicta
3473 4613 3618 4667 sum,

2035 4693 2312 4747 coosidcra
2343 4693 2468 4744 mihi
2505 4693 2745 4746 Paulum.
2776 4691 2906 4745 Nam
2931 4690 3045 4758 ipse
3065 4706 3276 4762 quoque
3297 4695 3459 4748 homo
3480 4705 3617 4760 erat,

2038 4783 2128 4842 sed
2157 4798 2276 4834 cuin
2308 4783 2376 4835 ita
2421 4784 2501 4835 leo
2529 4783 2627 4836 iste
2659 4781 3101 4852 pertimescebat,
3133 4793 3189 4836 ut
3227 4793 3403 4839 vestes
3427 4783 3540 4852 ejus
3567 4793 3624 4837 ct.

2037 4875 2278 4930 uuibraiu
2320 4874 2544 4944 fugeret.
2582 4875 2766 4928 Merito
2801 4893 2812 4928 :
2860 4874 3057 4929 Christi
3101 4875 3241 4928 enim
3283 4874 3621 4946 fragrantiam

2035 4983 2099 5022 ex
2132 4984 2195 5021 eo
2224 4969 2514 5036 spirantem
2547 4977 2598 5021 cl
2624 4967 3004 5022 ascendentem
3054 4983 3157 5020 non
3200 4967 3435 5034 ferebat,
3476 4978 3529 5023 et
3554 4969 3624 5023 ad

2039 5058 2334 5130 lampadem
2363 5058 2574 5112 virtutis
2604 5057 2869 5127 respicere
2911 5074 3015 5112 non
3061 5066 3288 5127 poterat.
3321 5058 3374 5112 4.
3405 5057 3625 5113 Domine

2039 5153 2174 5207 Deus
2211 5168 2348 5206 meus
2372 5192 2386 5216 ,
2433 5152 2477 5204 si
2518 5150 2614 5222 feri
2661 5150 2820 5214 istud,
2849 5151 2893 5202 si
2931 5161 3002 5203 est
3033 5149 3268 5220 iniquitas
3305 5149 3356 5202 in
3395 5148 3626 5202 manibus

2039 5243 2179 5298 meis.
2226 5243 2338 5298 lloc
2371 5251 2625 5312 perpetuo
2669 5241 2990 5295 servandum
3023 5251 3140 5304 est,
3193 5251 3383 5295 utnon
3425 5241 3630 5295 solum-

2038 5334 2197 5388 modo
2221 5348 2435 5388 orenius
2455 5375 2469 5396 ,
2502 5330 2594 5385 sed
2621 5333 2687 5384 ita
2714 5346 2963 5398 oremus,
2992 5332 3227 5385 utetiam
3258 5331 3624 5386 exaudiamur.

2037 5425 2152 5482 Non
2183 5427 2323 5481 enim
2373 5425 2570 5502 sufﬁcit
2600 5425 2771 5477 oratio
2797 5423 2862 5477 ad
2894 5423 3233 5479 efﬁciendum
3273 5423 3321 5477 id
3369 5423 3508 5494 quod
3543 5433 3630 5480 est

2038 5516 2390 5586 prOpositum,
2423 5515 2523 5569 nisi
2558 5515 2629 5568 ita
2652 5529 2769 5568 eam
2801 5516 3282 5584 composuerimus,
3314 5522 3368 5567 ut
3400 5513 3507 5570 Deo
3531 5530 3628 5569 ac-

2038 5615 2191 5676 Cepta
2220 5607 2308 5660 sit.
2341 5605 2474 5661 Nam
2505 5605 2676 5660 orarit
2704 5605 2865 5660 etiam
2900 5604 3221 5668 Pharis-.cus,
3253 5612 3309 5660 et
3333 5619 3456 5661 eum
3492 5604 3630 5662 nihil

2035 5697 2322 5770 jurit(Id.
2374 5699 2458 5755 18.
2514 5699 2746 5772 10);ει
2799 5698 2968 5754 ,Ιυὰιεί
3016 5712 3200 5753 rursus
3237 5705 3498 5762 orarunt,
3531 5697 3628 5752 scd

2041 5791 2314 5849 orantibus
2355 5794 2482 5866 ipsis
2520 5793 2663 5851 Deus
2706 5792 3042 5850 avertebatur
3093 5788 3246 5862 (Isai.
3284 5789 3333 5844 1.
3367 5788 3460 5856 15)
3485 5805 3501 5843 :
3529 5803 3626 5845 ne-
