4086 6214
515 287 588 343 85
1217 293 1278 351 S.
1315 293 1602 354 JOANNIS
1638 297 2134 360 CHRYSOSTOIII
2174 303 2493 364 ARCIIIEP.
2533 309 3080 372 CONSTANTINOP.
3716 319 3784 376 86

513 409 670 463 λιστα
689 400 980 460 ἀκούεσθαι
1006 403 1328 481 δυναμένην.
1353 411 1524 466 Τοῦτο
1551 414 1644 467 καί
1665 415 1724 468 tv
1749 419 1814 488 τῇ
1834 417 1942 489 πρὸ
1955 419 2088 472 ταύ-

514 517 616 572 της
633 498 766 572 εὐχῇ
784 498 1074 570 ἐδήλωσεν,
1093 501 1191 573 ούχ
1205 502 1392 568 ἀπλῶς
1413 504 1578 572 ἀξιῶν
1593 509 1945 580 ἀκουσθῆναι,
1959 510 2096 565 ἀλλά

522 591 662 660 μετά
686 589 784 644 τοῦ
813 591 881 645 τὰ
911 591 1107 645 ἑαυτοῦ
1142 593 1495 663 εἰσενεγκεῖν.
1533 596 1665 649 Τίνα
1693 597 1751 649 δὲ
1779 598 1952 654 ταῦτα
1990 595 2093 670 hv;

515 680 616 748 ἰ’δ,
639 683 856 736 Λούσω
881 684 1012 736 καθ’
1045 683 1314 754 ἑκάστην
1351 687 1543 741 νύκτα
1576 687 1690 756 τὴν
1713 691 1935 758 κλίνην
1951 709 2095 760 μου,

515 771 584 825 ἐν
621 771 884 840 δάκρυσί
921 791 1036 844 μου
1070 775 1184 844 τὴν
1216 777 1541 848 στρωμνήν
1574 797 1696 849 μου
1733 782 1966 850 βρέεω·
2010 785 2094 849 τὸ,

529 864 853 919 Ἐκοπίασα
887 865 957 919 ἐν
995 864 1074 932 τῷ
1111 868 1424 938 στεναγμῷ
1446 887 1572 939 μου
1591 887 1604 900 ·
1647 872 1728 938 τδ,
1770 875 2100 943 Ἀπόστητε

517 953 619 1006 ἀπ’
639 955 806 1026 ἐμοῦ,
830 955 1054 1022 πάντες
1072 959 1126 1010 οί
1157 957 1539 1028 ἐργαζόμενοι
1567 960 1684 1030 τὴν
1715 963 1992 1034 ἀνομίαν·
2013 966 2096 1031 τὸ,

531 1043 859 1116 Ἔταράχθη
874 1047 991 1101 ἀπὸ
1021 1047 1213 1117 θυμοῦ
1241 1051 1274 1102 ὁ
1309 1051 1614 1122 ὀφθαλμός
1637 1071 1779 1124 μου.

590 1243 654 1296 δ’.
674 1241 858 1296 Ταῦτα
874 1242 982 1313 γὰρ
1002 1243 1180 1297 πάντα
1198 1243 1360 1298 ἰκανά
1387 1245 1480 1299 τὸν
1497 1246 1630 1300 Θεδν
1662 1249 2069 1307 ἐπισπάσασθαι
2084 1270 2100 1286 ·

521 1335 737 1406 θρῆνοι,
759 1335 996 1408 δάκρυα,
1019 1338 1337 1408 στεναγμοὶ,
1369 1341 1465 1394 καὶ
1486 1340 1549 1394 τὸ
1567 1341 1677 1395 τῶν
1695 1344 1946 1414 πονηρῶν
1965 1347 2104 1401 ἀπο-

520 1427 722 1498 πηδᾷν,
756 1429 850 1482 καὶ
888 1427 950 1480 τὸ
973 1427 1272 1483 δεδοικέναι
1300 1432 1394 1485 καὶ
1423 1433 1647 1504 τρέμειν
1670 1435 1836 1490 αὑτοῦ
1870 1437 1970 1508 τὴν
1997 1439 2106 1508 ψῆ-

524 1535 644 1588 φον.
678 1520 785 1572 Καὶ
815 1519 1048 1590 ἀλλαχοῦ
1081 1519 1289 1589 ἔλεγεν,
1332 1521 1723 1589 Εἰσήκουσεν
1747 1529 1780 1580 ό
1810 1526 1954 1594 Θεὸς

521 1607 633 1675 τῆς
673 1609 1065 1678 δικαιοσύνης
1096 1629 1218 1680 pov
1237 1627 1248 1639 °
1280 1612 1349 1665 ἐν
1375 1614 1576 1681 θλίψει
1601 1615 1946 1683 ἐπλάτυνάς
1980 1636 2104 1687 μοι.

525 1700 572 1752 Τ
573 1699 600 1754 ὸ
623 1702 731 1772 γὰρ
765 1701 1058 1757 ἀκούεσθαι
1086 1702 1231 1755 οὕτω
1264 1706 1504 1772 γίνεται·
1533 1707 1748 1778 πρῶτον
1773 1709 1869 1778 μὲν
1901 1705 2013 1775 οὖν,
2043 1712 2108 1764 ὲκ

525 1793 622 1846 τοῦ
647 1794 832 1860 ἀξίους
871 1791 1008 1847 εἶναι
1051 1795 1270 1850 λαϐεῖν·
1305 1796 1520 1862 ἔπειτα,
1571 1802 1636 1853 ὲκ
1666 1800 1760 1852 τοῦ
1795 1800 1936 1855 κατὰ
1963 1804 2108 1866 ’τοὺς

529 1887 731 1958 νόμους
759 1888 852 1941 τοῦ
889 1888 1026 1942 Θεοῦ
1053 1889 1342 1962 εὔχεσθαι·
1374 1891 1577 1962 τρίτον,
1613 1896 1678 1946 ὲκ
1700 1893 1795 1947 τοῦ
1835 1896 2105 1966 συνεχῶς·

524 1979 813 2051 τέταρτον,
849 1981 914 2034 ὲκ
944 1981 1040 2034 τοῦ
1088 1983 1254 2054 μηδὲν
1302 1983 1560 2053 βιωτικὺν
1598 1988 1798 2040 αἰτεῖν·
1837 1987 2106 2059 πέμπτον,

526 2072 595 2126 ὲκ
619 2073 713 2125 τοῦ
745 2072 816 2126 τά
839 2073 1189 2145 συμφέροντα
1212 2073 1393 2147 ζητεῖν
1417 2095 1431 2108 ·
1453 2077 1632 2141 ἕκτον,
1662 2080 1728 2131 ὲκ
1755 2078 1852 2132 τοῦ
1881 2080 1948 2133 τὰ
1977 2081 2108 2152 παρ’

526 2163 740 2216 ἑαυτῶν
769 2164 1044 2235 εἰσφέρειν
1081 2165 1321 2219 ἅπαντα.
1349 2167 1493 2238 Ὅρα
1517 2167 1649 2236 γοῦν
1676 2167 1904 2233 πολλοὺς
1939 2169 2113 2234 οὕτως

525 2255 928 2327 ἀκουομένους·
958 2257 1050 2309 τὸν
1087 2258 1389 2328 Κορνήλιον
1421 2259 1530 2312 ἀπὸ
1563 2259 1659 2313 τοῦ
1697 2260 1841 2331 βίου·
1877 2261 1976 2332 τὴν
2010 2263 2113 2314 Συο

531 2345 934 2415 ροφοινίκισσαν
967 2356 987 2378 ⁸
1023 2346 1129 2400 ἀπὸ
1153 2347 1255 2417 τῆς
1283 2349 1643 2420 προσεδρείας
1667 2367 1680 2381 ·
1709 2352 1800 2404 τὸν
1821 2351 2112 2423 Σολομῶνα

527 2434 640 2488 ἀπὸ
674 2435 768 2489 τοῦ
799 2437 1005 2508 τρόπου
1052 2439 1152 2508 τῆς
1189 2440 1487 2511 αἰτήσεως·
1533 2443 1686 2495 ‘Ar0‘
1719 2434 1806 2495 ὧν
1847 2442 1960 2514 γὰρ
1997 2445 2111 2498 οὐκ

526 2529 770 2598 ᾔτησας
781 2529 1078 2598 χρήματα,
1104 2529 1248 2584 οὐδὲ
1271 2531 1498 2599 ψυχὰς,
1515 2533 1702 2603 φησὶν,
1721 2531 1951 2601 ἐχθρῶν
1971 2549 2110 2588 σου·

525 2622 622 2676 τὸν
642 2621 879 2694 τελώνην
902 2622 1010 2676 ἀπὸ
1042 2623 1142 2694 τῆς
1181 2623 1686 2696 ταπεινοφροσύνης
1705 2641 1721 2654 ·
1754 2625 1975 2696 ἑτέρους
1991 2624 2112 2678 ἑτέ-

532 2713 727 2785 ρωθεν.
761 2714 973 2786 Ὥσπερ
1009 2710 1103 2769 οὖν
1134 2716 1199 2770 ἑκ
1228 2715 1434 2770 τούτων
1459 2717 1519 2770 τὸ
1549 2716 1842 2772 ἀκούεσθαι
1882 2717 2110 2786 γίνεται,

537 2805 714 2870 οὕτως
745 2807 1018 2879 ἑτέρωθεν
1043 2808 1104 2861 τὸ
1150 2808 1226 2880 ph
1264 2808 1582 2877 ἀκούεσθαι,
1617 2808 1723 2863 κᾶν
1747 2809 1945 2862 δίκαιοι
1981 2801 2114 2863 ὦσιν

531 2897 584 2950 οἰ
631 2897 932 2962 αἰτοῦντες.
975 2899 1041 2952 Τί
1071 2898 1180 2971 γὰρ
1224 2900 1441 2956 Παύλου
1480 2900 1814 2972 δικαιότερον
1860 2900 2112 2970 γέγονενς

548 2987 690 3042 Ἀλλ’
721 2990 911 3060 ἐπειδὴ
937 2989 1234 3062 ἀσύμφορα
1266 2992 1492 3064 ᾔτησεν,
1520 2992 1620 3045 οὐκ
1643 2991 1908 3062 ἠκούσθη.
1948 2991 2116 3059 Ὑπὲρ

530 3081 772 3148 τούτου,
808 3083 964 3154 φησι,
1011 3081 1140 3150 τρίς
1169 3081 1280 3136 τὸν
1322 3084 1545 3151 Κύριον
1583 3081 1988 3151 παρεκάλεσα,
2019 3082 2117 3135 καί

531 3172 665 3228 εἶπέ
689 3190 794 3242 μοι
813 3189 830 3205 ·
879 3171 1065 3242 Ἀρκεῖ
1088 3187 1187 3227 σοι
1217 3173 1256 3241 ἠ
1300 3173 1472 3242 χάρις
1483 3175 1625 3242 μου.
1654 3173 1720 3225 Τί
1752 3173 1809 3226 δὲ
1839 3173 2118 3236 Μωῦσέως

531 3263 700 3318 πάλιν
727 3262 1106 3334 δικαιότερον;
1162 3260 1304 3314 Ἀλλ’
1338 3261 1460 3314 οὐδὲ
1493 3262 1700 3324 ἐκεῖνος
1732 3261 1986 3331 ἠκούετο,
2029 3262 2118 3316 λέ-

532 3369 727 3423 γοντος
749 3353 844 3408 τοῦ
877 3353 1012 3407 Θεοῦ
1037 3369 1052 3385 ·
1090 3353 1456 3408 Ἶκανούσθω
1481 3368 1602 3408 σοι.
1641 3353 1858 3424 Ἐπειδὴ
1871 3353 1981 3426 γὰρ
1998 3355 2118 3426 ᾔτει

537 3447 620 3508 εἰς
649 3443 751 3514 τὴν
778 3443 884 3515 γῆν
905 3447 1006 3516 τῆς
1033 3443 1369 3513 ἐπαγγελίας
1401 3443 1686 3510 εἰσελθεῖν,
1718 3443 2040 3516 ἀσύμφορον
2060 3445 2119 3500 δὲ

535 3537 696 3590 τοῦτο
722 3533 814 3608 ἦν,
845 3537 947 3591 οὐκ
987 3537 1290 3610 ἐπέτρεψεν
1325 3539 1353 3590 δ
1397 3536 1549 3600 Θεός.
1586 3537 1742 3592 Μετά
1791 3538 1998 3592 τούτων
2027 3539 2120 3594 καὶ

537 3625 727 3697 ἕτερόν
747 3626 866 3680 ἔστι
891 3625 954 3679 τὸ
978 3624 1166 3679 ποιοῦν
1197 3623 1272 3695 ph
1301 3621 1620 3687 ἀκούεσθαι,
1651 3625 1780 3678 ὅταν
1802 3627 1915 3688 τοῖς
1943 3626 2130 3695 ἀμαρ-’

537 3717 783 3788 τήμασιν
827 3718 1177 3788 ἐπιμένοντες
1221 3713 1532 3786 εὐχώμεθα.
1572 3717 1639 3768 Ὀ
1689 3717 1786 3770 καὶ
1821 3719 1952 3788 περὶ
1989 3717 2119 3768 ἰου-

539 3805 708 3860 δαίων
737 3805 924 3874 ἔλεγεν
966 3807 996 3860 ὁ
1023 3805 1156 3868 Θεὸς
1205 3803 1284 3876 τῷ
1338 3803 1612 3877 Ἱερεμίᾳ·
1639 3804 1736 3874 Mh
1776 3807 2121 3875 προσεύχου

539 3897 677 3966 περὶ
701 3897 810 3952 τοῦ
833 3898 988 3953 λαοῦ
999 3898 1248 3952 τούτου.
1274 3899 1344 3953 Ἦ
1356 3899 1470 3967 οὐχ
1489 3895 1631 3966 ὁρᾷς
1655 3899 1712 3952 τί
1732 3893 1898 3954 οὗτοι
1923 3897 2123 3954 ποιοῦ-

538 4005 678 4054 σιν;
717 3991 831 4043 Ούκ
865 3992 1205 4062 ἀπέστησαν,
1255 3989 1414 4062 φησί,
1451 3987 1556 4059 τῆς
1601 3989 1875 4054 ἀσεϐείας.
1918 3990 2010 4043 καὶ
2056 3989 2121 4043 σὺ

542 4081 686 4152 ὑπὲρ
719 4081 902 4137 αὐτῶν
930 4081 1114 4154 δέησιν
1139 4083 1470 4155 ἀναφέρειςς
1510 4082 1649 4138 Ἀλλ’
1676 4083 1778 4136 οὐκ
1813 4082 2124 4137 εἰσακούσο-

545 4174 647 4248 pa!
672 4191 789 4229 σου.
820 4175 992 4230 Πάλιν
1024 4175 1153 4230 ὅταν
1181 4177 1301 4228 κατ’
1333 4174 1546 4245 ὲχθρῶν
1576 4174 1843 4245 αἰτῶμεν,
1873 4175 1934 4228 ού
1961 4176 2122 4246 μόνον

540 4271 644 4327 οὐκ
671 4268 998 4342 ἀκουόμεθα,
1017 4269 1151 4323 ἀλλὰ
1169 4270 1264 4323 καὶ
1285 4265 1679 4343 παροξύνομεν.
1701 4267 1994 4340 Φάρμακον
2014 4267 2123 4342 γάρ

541 4362 692 4415 ἔστιν
719 4364 753 4432 ἡ
773 4361 906 4432 εὐχή
928 4376 942 4390 ·
975 4360 1091 4414 ἀλλ’
1115 4359 1210 4414 ὲάν
1239 4361 1314 4432 ph
1332 4359 1584 4430 εἰδῶμεν,
1610 4361 1671 4413 τὸ
1701 4361 1990 4433 φάρμακον
2008 4361 2124 4427 πῶς

542 4451 843 4507 ἐπιτιθέναι
865 4451 992 4524 χρὴ,
1018 4451 1139 4505 οὐδὲ
1170 4451 1268 4523 τὴν
1290 4451 1520 4522 δνησινδ
1548 4449 1712 4505 αὑτοῦ
1742 4452 2120 4525 καρπούμεθα.

546 4544 782 4616 Ἴδωμεν
811 4543 992 4597 τοίνυν
1025 4543 1077 4597 τί
1109 4545 1202 4596 καὶ
1240 4537 1397 4605 οὗτος
1428 4541 1719 4613 εὐχόμενός
1748 4559 1912 4614 φησι·
1950 4545 2126 4611 Κύριε

543 4639 578 4693 ὁ
598 4633 744 4704 Θεός
759 4653 900 4708 μου,
925 4639 979 4690 εἰ
997 4637 1260 4704 ἐποίησα
1281 4635 1478 4689 τοῦτο.
1501 4633 1566 4688 Τί
1593 4636 1760 4700 ἐστιν,
1786 4637 1851 4691 El
1867 4634 2126 4703 ἐποίησα

539 4727 761 4794 τοῦτος
787 4719 860 4784 Ὃ
876 4727 1092 4801 πάσχω,
1117 4728 1302 4798 φησιν,
1334 4727 1384 4780 εἰ
1407 4726 1710 4800 ὲπανέστην
1739 4725 1926 4798 πατρὶ,
1944 4727 1990 4780 εί
2019 4744 2125 4780 πα-

546 4822 834 4896 ρηνόμησα
873 4821 1066 4887 οὕτως.
1101 4820 1242 4876 Ἀλλ’
1267 4820 1388 4874 οὐδὲ
1418 4819 1650 4873 ἐνταῦθα
1681 4819 1939 4890 ὀνομαστὶ
1963 4820 2125 4874 πάλιν

544 4915 800 4987 ἀνέχεται
829 4913 920 4968 τὸν
950 4915 1288 4986 ἀδικήσαντα
1320 4915 1517 4974 εἰπεῖν,
1547 4910 1662 4965 ἀλλ’
1697 4911 1836 4981 ὑπὲρ
1865 4910 1958 4965 τοῦ
1993 4929 2125 4966 παι-

543 5005 635 5071 δδς
663 5005 978 5078 αἰσχύνεται
1020 5006 1116 5060 καὶ
1143 5003 1392 5076 ἐρυθριᾷ.
1427 4997 1551 5058 Οἷον
1584 5003 1650 5057 ἂν
1691 5002 1744 5056 εἴ
1771 5019 1854 5067 τις
1897 5003 2127 5075 εὐγενὴς

547 5099 835 5172 ἄνθρωπος
861 5100 960 5170 τὴν
1001 5097 1199 5156 ἑαυτοῦ
1251 5099 1488 5167 γυναῖκα
1535 5096 1927 5168 μοιχευομένην
1961 5095 2125 5166 ὁρῶν,

548 5192 686 5265 μηδὲ
723 5191 983 5264 ὀνομαστὶ
1009 5190 1071 5247 τὸ
1117 5189 1422 5262 ἁμάρτημα
1459 5190 1540 5252 εἰς
1579 5189 1640 5242 τὸ
1687 5188 1848 5258 μέσον
1900 5189 2128 5259 ἀγαγεῖν

547 5285 897 5356 καταδέχοιτο
915 5299 930 5315 ·
959 5281 1102 5337 οὕτω
1121 5281 1188 5353 δὴ
1216 5283 1310 5336 καὶ
1334 5275 1508 5345 οὗτος·
1541 5281 1640 5334 οὐκ
1661 5275 1831 5333 εἶπεν·
1850 5275 1913 5332 Εἰ
1936 5278 2130 5346 κατεξ-

549 5376 784 5448 ανέστην
809 5374 902 5430 τοῦ
931 5374 1320 5445 γεγεννηκότος
1337 5417 1354 5441 ,
1381 5375 1432 5428 εἰ
1463 5373 1797 5444 πατραλοίας
1827 5371 2094 5442 ἐγενόμην
2111 5387 2126 5403 ·

553 5465 785 5527 ἀλλὰβί
819 5467 1080 5536 ἐποίησα
1110 5467 1305 5523 τοῦτο.
1337 5465 1447 5524 Καὶ
1475 5465 1530 5519 τί
1575 5463 1720 5532 λέγω
1751 5461 1938 5526 τοῦτο;
1965 5461 2127 5532 φησί.

615 5689 640 5717 ⁸
663 5689 745 5737 Slc
765 5689 863 5738 duo
875 5703 989 5738 mss.
1013 5695 1064 5738 el
1094 5687 1152 5738 Ν.
1175 5689 1313 5739 Tesl.
1343 5689 1424 5739 Gr.
1440 5684 1552 5738 Edit
1595 5681 1978 5746 Συροφοίνισσαν.

611 5747 642 5790 δ
665 5751 763 5802 Am
784 5753 893 5801 οὐδὲ
915 5754 998 5809 τήν
1027 5753 1234 5814 δύναμιν.

2207 419 2343 476 Ποία
2374 424 2483 496 γὰρ
2511 425 2681 498 ἀρετὴ
2712 430 2773 480 τὸ
2815 427 2891 499 ph
2917 428 3170 497 γενέσθαι
3200 429 3532 502 πατραλοίαν
3561 441 3610 499 ο,
3645 433 3785 507 ὅπερ

2203 516 2322 570 οὐδὲ
2353 519 2411 571 tv
2444 522 2557 582 τοῖς
2587 519 2798 592 θηρίοις
2823 522 2920 575 ίδοι
2948 540 3030 586 τις
3051 523 3150 588 av;
3181 525 3249 576 El
3279 524 3452 578 ἔστιν
3482 525 3685 580 ἀδικία
3717 528 3787 581 ἐν

2204 615 2382 682 χερσί
2406 633 2547 685 μου.
2578 617 2655 672 Ού
2690 618 2833 688 λέγω
2866 619 2996 690 περὶ
3025 619 3124 689 τῆς
3155 619 3364 686 ἀδικίας
3393 622 3600 695 ταύτης
3625 641 3638 656 ·
3671 623 3785 677 ἀλλ’

2205 709 2326 763 οῦδὲ
2351 711 2512 786 ἑτέρα
2545 713 2610 767 ἂν
2655 715 2925 787 εὑρεθείη,
2963 716 3148 786 φησὶν,
3189 711 3326 770 οῦσα
3368 717 3426 770 tv
3474 717 3627 790 χερσί
3678 735 3780 789 μου

2208 805 2412 863 ἀδικία.
2450 807 2636 863 Ταῦτα
2669 810 2725 864 δὲ
2753 811 2920 881 λέγει,
2965 814 3026 866 ού
3079 814 3494 885 μεγαληγορῶν,
3537 815 3655 868 ἀλλ’
3703 817 3782 880 εἰς

2208 903 2458 974 ἀνάγκην
2479 907 2502 958 ὲ
2511 907 2734 976 μπεσὼν
2744 907 2837 961 τοῦ
2861 907 2928 962 τά
2946 909 3140 963 ἑαυτοῦ
3163 909 3566 982 κατορθώματα
3591 913 3784 965 εἰπεῖν.

2224 995 2366 1050 Ἀλλ’
2392 999 2514 1052 οὐδὲ
2547 999 2694 1053 οὕτω
2720 1018 2821 1054 που
2855 1001 2998 1072 μέγα
3026 1003 3184 1056 τοῦτο
3208 1003 3344 1076 πρὸς
3373 1005 3435 1058 τὸ
3471 1005 3661 1075 μέλλον
3695 1010 3788 1077 ρη-

2210 1091 2497 1165 θήσεσθαι.
2534 1096 2598 1148 Τί
2629 1097 2685 1150 δὲ
2721 1095 2880 1150 τοῦτό
2907 1099 3093 1164 ὲστιν;
3122 1099 3192 1152 El
3226 1099 3618 1154 ἀνταπέδωκα
3667 1103 3790 1167 τοῖς

2212 1188 2690 1245 ἀνταποδιδοῦσί
2727 1210 2830 1261 μοι
2870 1193 3047 1256 κακὰ,
3101 1193 3256 1263 φησί.
3298 1194 3603 1264 Προσέχετε
3653 1196 3788 1266 μετὰ

2208 1285 2514 1358 ἀκριϐείας.
2547 1288 2622 1340 Ού
2651 1289 2759 1360 γάρ
2788 1289 2847 1342 τὸ
2876 1289 3036 1360 τυχόν
3059 1291 3175 1343 ἐστι
3199 1290 3260 1343 τδ
3283 1291 3589 1362 εἰρημένον.
3613 1292 3790 1346 Καλὺν

2217 1384 2317 1456 μὲν
2351 1384 2459 1456 γάρ
2487 1384 2549 1438 τὺ
2596 1385 2671 1457 ph
2703 1385 2936 1440 ἀδικεῖν·
2970 1386 3088 1459 [56]
3137 1386 3317 1458 πολλῷ
3348 1387 3405 1440 δὲ
3451 1388 3654 1459 μεῖζον,
3699 1389 3791 1443 καὶ

2214 1485 2504 1556 φιλοσόφου
2543 1486 2746 1557 ψυχῆς,
2785 1487 2846 1540 τὸ
2895 1487 2986 1540 τὸν
3029 1487 3318 1542 ἀδικοῦντα
3360 1488 3434 1559 ph
3466 1486 3791 1558 ἀμύνεσθαι.

2218 1583 2412 1636 Καίτοι
2454 1599 2518 1651 γε
2569 1584 2598 1635 ό
2639 1582 2804 1654 νόμος
2838 1583 3001 1637 τοῦτο
3033 1586 3314 1656 παρεῖχεν,
3359 1584 3637 1654 ὀφθαλμὸν
3677 1585 3796 1637 ἀντὶ

2219 1679 2500 1751 ὀφθαλμοῦ
2524 1679 2780 1745 κελεύων,
2809 1681 2900 1734 καὶ
2915 1681 3103 1734 ὀδόντα
3119 1681 3239 1735 ἀντὶ
3255 1681 3464 1744 ὀδόντος
3486 1681 3792 1734 ἐκκόπτειν·

2218 1777 2314 1831 καὶ
2349 1778 2449 1830 ούκ
2474 1774 2542 1850 ἦν
2559 1777 2870 1848 παράϐασις
2891 1778 3055 1848 νόμου
3085 1777 3146 1830 τὸ
3169 1778 3450 1848 γινόμενον
3476 1792 3490 1804 ·
3513 1776 3627 1830 ἀλλ’
3655 1775 3800 1830 οῦτιι

2221 1875 2509 1944 φιλόσοφος
2553 1870 2620 1945 ἧν
2663 1859 2839 1936 οὗτος,
2873 1872 2948 1937 ὡς
2999 1871 3074 1945 μὴ
3112 1875 3272 1944 μόνον
3321 1871 3397 1944 ph
3439 1871 3799 1944 παραύαίνειν

2219 1971 2311 2025 τὸν
2332 1972 2516 2041 νόμον,
2534 1969 2671 2024 ἀλλά
2698 1971 2792 2023 καὶ
2814 1970 2879 2022 ἐκ
2903 1967 3098 2022 πολλοῦ
3123 1969 3216 2022 τοῦ
3237 1968 3518 2040 περιόντος
3539 1968 3642 2020 ύπε
3652 1966 3802 2037 962!-

2221 2084 2356 2132 νειν,
2393 2067 2487 2119 καὶ
2541 2065 2680 2136 ὑπὲρ
2717 2065 2786 2119 τά
2820 2065 3118 2136 σκάμματα
3145 2065 3342 2136 πηδᾷν.
3372 2065 3448 2118 Ού
3478 2064 3588 2134 γὰρ
3615 2063 3799 2132 ἐνόμι-

2223 2161 2315 2228 ζεν
2343 2163 2535 2232 ἀρκεῖν
2566 2163 2645 2224 εἰς
2675 2161 2898 2232 ἀρετὴν,
2935 2161 2984 2212 εἰ
3017 2161 3092 2231 ph
3129 2163 3224 2214 καὶ
3256 2160 3705 2232 ύπερακοντίσειε
3735 2156 3804 2210 τὰ

2221 2257 2643 2330 προστάγματα.
2667 2257 2880 2327 Ὠσπερ
2901 2250 2993 2309 οὖν
3017 2258 3109 2310 καὶ
3135 2257 3344 2320 Παῦλος
3371 2257 3563 2321 ἐποίει,
3595 2255 3806 2308 κελευό-

2229 2373 2388 2427 μενος
2417 2357 2482 2408 ὲκ
2515 2353 2609 2408 τοῦ
2635 2351 2968 2422 Εὑαγγελίου
3000 2351 3122 2424 ζῇν,
3152 2353 3246 2405 καὶ
3275 2352 3352 2423 ph
3377 2351 3507 2417 ζῶν,
3539 2352 3656 2405 ἀλλ’
3678 2351 3806 2406 ἀδάο

2224 2469 2394 2506 πανον
2423 2451 2593 2515 τιθείς
2624 2451 2686 2505 τδ
2709 2448 3073 2519 Εὐαγγέλιον·
3112 2448 3256 2502 οὕτω
3293 2448 3471 2502 τοίνυν
3508 2448 3601 2501 καὶ
3632 2449 3660 2500 ὁ
3697 2465 3805 2517 pa.

2223 2547 2418 2620 κάριος
2445 2545 2630 2610 Δαυῒδ,
2654 2543 2748 2598 τοῦ
2775 2545 2942 2616 νόμου
2977 2545 3209 2608 διδόντος
3231 2543 3536 2616 ἀμύνεσθαι
3564 2544 3656 2598 τὸν
3689 2543 3808 2598 ἀδιο

2223 2645 2447 2708 κοῦντα,
2479 2643 2580 2698 οὐκ
2617 2642 2830 2714 ἔμεινεν
2869 2643 2927 2694 tv
2960 2641 3039 2712 τῷ
3075 2641 3260 2712 μέτρῳ
3305 2640 3500 2712 τούτῳ,
3535 2640 3671 2694 ἀλλά
3713 2639 3808 2693 καὶ

2226 2741 2674 2814 ὑπερηκόντισεν.
2718 2739 2907 2810 Ἡμεῖς
2943 2739 3001 2792 δὲ
3032 2739 3094 2792 ού
3119 2737 3278 2792 τοῦτο
3303 2737 3680 2808 ἀπαιτούμεθα
3711 2737 3808 2806 μόσ-

2226 2860 2316 2898 νον
2343 2843 2406 2895 τὸ
2452 2842 2528 2914 μὴ
2563 2840 2998 2904 ἀνταποδιδόναι,
3050 2838 3188 2893 ἀλλά
3239 2839 3334 2894 καὶ
3375 2837 3436 2892 τὸ
3479 2839 3806 2909 εὐεργετεῖν.

2222 2947 2494 3016 Εὔχεσθε
2509 2947 2642 3016 γὰρ,
2657 2944 2844 3014 φησιν,
2859 2941 3011 3011 ὑπὲρ
3023 2939 3143 2995 τῶν
3161 2940 3612 3008 ἐπηρεαζόντων
3634 2937 3809 3007 ὑμᾶς,

2227 3044 2428 3112 καλῶς
2462 3042 2683 3099 ποιεῖτε
2727 3041 2852 3109 τοῖς
2885 3042 3187 3112 μισοῦσιν
3231 3038 3408 3110 ὑμᾶς.
3464 3039 3591 3092 Ἐπὶ
3618 3038 3674 3092 δὲ
3717 3038 3810 3091 τοῦ

2227 3146 2394 3202 Δαυῒδ
2436 3147 2499 3199 ού
2540 3143 2736 3216 μικρὸν
2768 3143 2829 3196 τὸ
2861 3141 2938 3214 ph
2971 3141 3296 3213 ἀμύνεσθαι,
3327 3140 3463 3195 ἀλλά
3505 3142 3600 3194 καὶ
3632 3136 3814 3209 πολλῷ

2232 3246 2416 3320 μεῖζον
2459 3245 2555 3299 τοῦ
2593 3242 2821 3315 νομικοῦ
2869 3242 3352 3314 παραγγέλματος.
3383 3239 3474 3292 Διό
3521 3253 3704 3308 φησιν,
3746 3237 3813 3290 Εἰ

2228 3347 2494 3416 ἐποίησα
2529 3344 2728 3408 τοῦτο,
2766 3345 2817 3397 εί
2849 3341 3024 3397 ἔστιν
3053 3340 3256 3397 ἀδικία
3284 3341 3355 3393 ἐν
3385 3339 3557 3408 χερσί
3578 3353 3731 3406 μου·
3759 3338 3813 3389 εί

2229 3442 2617 3500 ἀνταπεδωκα
2662 3440 2788 3506 τοῖς
2825 3434 3301 3494 ἀνταποδιδοῦσί
3325 3451 3428 3505 μοι
3471 3432 3648 3489 κακά.
3692 3432 3815 3484 Ἐπὶ

2233 3545 2332 3616 μὲν
2367 3541 2478 3611 γὰρ
2507 3540 2601 3595 τοῦ
2648 3538 2837 3602 παιδὸς
2878 3537 2973 3591 καὶ
3008 3537 3043 3606 ἠ
3091 3536 3256 3604 φύσις
3299 3533 3568 3587 ἐκώλυεν·
3614 3530 3730 3584 ἀλλ’
3761 3532 3812 3584 εί

2231 3643 2474 3714 ἑτέρους.
2512 3640 2699 3712 φησὶν,
2721 3637 2978 3708 ἠδίκησα,
3004 3635 3038 3706 ἢ
3069 3636 3166 3689 καὶ
3183 3634 3500 3704 ἠμυνάμην.
3525 3631 3694 3685 Ποίαν
3718 3625 3816 3684 οὖν

2235 3742 2388 3814 σχοίη
2398 3757 2498 3812 μεν
2517 3737 2849 3808 συγγνώμην
2873 3739 3056 3806 ἡμεῖς,
3077 3734 3237 3787 ποίαν
3262 3733 3319 3786 δὲ
3331 3731 3647 3800 ἀπολογίαν,
3677 3730 3819 3800 μετὰ

2231 3843 2332 3914 τὴν
2364 3841 2458 3895 τοῦ
2489 3839 2726 3912 Χριστοῦ
2760 3837 3062 3908 παρουσίαν
3093 3836 3167 3906 ph
3199 3834 3492 3905 φθάνοντες
3519 3835 3598 3896 εἰς
3627 3832 3692 3884 τὰ
3717 3829 3818 3902 μέ-

2231 3959 2338 4015 τρα
2374 3939 2485 3994 τῶν
2531 3939 2587 3992 tv
2628 3940 2694 4008 τῇ
2734 3935 2947 4007 Παλαιᾷ
2989 3932 3440 4004 πολιτευομένων,
3501 3931 3592 3986 καὶ
3643 3929 3819 3984 ταῦτα

2234 4037 2434 4111 πολλὴν
2468 4035 2788 4110 περισσείαν
2815 4031 3244 4102 ἀπαιτούμενοις
3292 4029 3427 4082 Ἐὰν
3449 4029 3562 4099 γὰρ
3591 4028 3678 4096 ph
3709 4044 3820 4082 πε-

2225 4143 2534 4212 ρισσεύσῃ
2555 4185 2570 4206 ,
2599 4137 2786 4210 φησιν,
2817 4137 2856 4205 ἡ
2896 4134 3252 4200 δικαιοσύνη
3287 4129 3456 4200 ὑμῶν
3481 4131 3676 4183 πλέον
3699 4130 3821 4183 τῶν

2233 4243 2596 4313 Φαρισαίων,
2638 4241 2711 4293 οὐ
2745 4238 2830 4307 ph
2873 4237 3184 4301 εἰσέλθητε
3209 4235 3297 4298 είς
3337 4229 3454 4299 τὴν
3490 4231 3823 4294 ,ϐασιλείαν

2232 4340 2351 4398 τῶν
2390 4337 2682 4409 οὐρανῶν.
2715 4337 2926 4405 Ὥσπερ
2961 4333 3068 4404 γὰρ
3107 4330 3208 4384 οὐκ
3239 4329 3385 4383 ἐστιν
3433 4329 3546 4392 ίσος
3577 4328 3606 4381 ό
3645 4329 3703 4382 ὲν
3741 4327 3822 4399 τῷ

2233 4443 2383 4515 νόμῳ
2409 4442 2477 4495 τὰ
2502 4438 2642 4494 αύτά
2671 4433 2951 4506 κατορθῶν
2999 4431 3077 4502 τῷ
3117 4429 3221 4501 πρδ
3255 4427 3351 4482 τοῦ
3396 4425 3562 4498 νόμου
3584 4443 3598 4458 ·
3644 4427 3822 4492 οὕτως

2232 4543 2360 4600 οὔτε
2382 4545 2412 4598 ό
2438 4544 2494 4596 tv
2524 4542 2590 4611 τῇ
2613 4537 2800 4608 χάριτι
2825 4532 2981 4604 τῷέν
3009 4530 3088 4602 τῷ
3114 4529 3286 4601 νόμῳ,
3303 4528 3453 4588 ,ἀλλά
3476 4529 3572 4582 καὶ
3589 4527 3698 4588 ἀπὸ
3720 4529 3818 4590 τοῦ

2234 4641 2430 4714 καιροῦ
2485 4639 2653 4709 πολλὴ
2703 4637 2912 4706 γίνεται
2953 4636 2990 4706 ἡ
3037 4633 3289 4704 διαφορά.
3337 4631 3509 4685 Τοῦτο
3547 4630 3760 4693 δεικνὺς
3791 4631 3824 4682 ὁ

2226 4744 2453 4806 ’Παῦλος
2486 4743 2580 4796 καὶ
2605 4739 2698 4793 ἐπὶ
2722 4738 2825 4808 τῆς
2849 4736 3069 4800 κακίας,
3093 4735 3187 4790 καὶ
3216 4733 3310 4786 ἐπὶ
3339 4733 3438 4802 τῆς
3472 4730 3690 4803 ἀρετῆς,
3716 4730 3819 4800 δρα

2236 4847 2526 4910 κάκείνους
2558 4843 2677 4910 πῶς
2703 4842 2968 4915 μειζόνως
2996 4838 3286 4910 θαυμάζει,
3318 4835 3414 4890 καί⁵
3447 4833 3668 4897 τούτους
3700 4831 3820 4903 μείς-

2238 4949 2389 5016 ζονος
2423 4947 2693 5019 τιμωρίας
2724 4940 3222 5012 ἀξίουςάποφαίνει
3253 4935 3413 5002 εἶναι,
3442 4935 3583 4990 οῦτω
3612 4934 3815 5002 λέγων·

2240 5053 2428 5105 Ὅταν
2456 5049 2569 5118 γὰρ
2607 5047 2754 5114 ἔθνη
2793 5045 2866 5100 τὰ
2893 5043 2979 5112 ph
3028 5043 3217 5111 νόμον
3248 5040 3486 5108 ἔχοντα,
3533 5036 3716 5107 φύσει
3746 5034 3820 5088 τὰ

2239 5150 2348 5205 τοῦ
2368 5151 2558 5220 νόμου
2587 5143 2751 5213 ποιῇ,
2784 5140 2949 5200 οὗτοι
2972 5143 3160 5211 νόμον
3177 5139 3263 5210 ph
3289 5137 3554 5208 ἔχοντες,
3583 5133 3820 5199 ἑαυτοῖς

2239 5254 2356 5306 εἱσι
2381 5249 2583 5318 νόμος.

2313 5346 2535 5412 ε’.Εῐδες
2553 5346 2670 5410 πῶς
2688 5345 2814 5408 τοὺς
2829 5342 2997 5416 χωρὶς
3012 5342 3175 5412 νόμου
3197 5335 3819 5416 κατορθοῦνταςςέπαινεῖ

2241 5454 2335 5509 καὶ
2368 5446 2732 5520 ἀνακηρύττει
2757 5464 2773 5513 ;
2800 5445 2946 5518 Ὅρα
2974 5443 3134 5500 πάλιν
3167 5441 3410 5504 καὶτοὺς
3443 5442 3500 5494 ἰν
3536 5442 3606 5511 τῇ
3635 5437 3816 5509 χάριτι

2249 5555 2666 5628 ἁμαρτάνοντας
2703 5550 2821 5615 πῶς
2856 5549 3101 5622 μείζονος
3143 5546 3414 5609 κολάσεως
3453 5541 3638 5607 ἀξίους
3680 5533 3815 5592 εῖναι

2310 5717 2330 5744 ε
2359 5710 2456 5763 Alii
2479 5709 2765 5775 πατραλοίαν
2788 5707 2866 5757 hic
2897 5711 2946 5756 el
2973 5704 3103 5756 alibi.
