4112 6224
336 265 408 320 895
1507 256 1797 314 EXPOSIT
1805 256 1870 314 I0
1926 255 1935 312 1

2042 257 2346 316 PSALMUM
2381 258 2488 314 νιι.
3543 255 3610 309 86

339 393 441 446 que
467 375 608 431 enim
638 376 878 442 orabant,
905 383 962 430 ut
989 387 1146 429 orare
1173 379 1404 442 oportet.
1439 372 1504 426 Et
1533 370 1654 427 ideo
1667 371 1800 442 jussi
1827 385 1919 428 su-

341 481 459 520 mus
475 480 595 521 eam
615 467 811 521 adcrre
839 465 1156 527 orationem,
1183 478 1304 532 qua:
1318 463 1548 517 maxime
1568 463 1734 532 possit
1753 477 1917 516 exau-

337 555 460 612 diri.
491 557 602 610 Iloc
619 557 783 611 etiam
813 555 1050 610 ostendit
1078 555 1132 608 in
1160 553 1478 624 praecedenti
1503 556 1743 609 oratione
1765 595 1782 621 ,
1814 569 1919 608 non

340 648 650 718 simpliciter
673 663 869 718 rogans
897 655 957 702 ut
981 645 1262 712 audiatur,
1304 645 1397 702 sed
1426 661 1550 700 cum
1578 661 1674 702 sua
1711 647 1922 701 attulis-

342 749 441 793 set.
461 738 716 804 Quaenam
737 747 920 793 autem
945 746 1096 792 erant
1115 752 1177 793 ea
1191 738 1217 792 ?
1237 737 1438 792 Lavabo
1459 754 1549 807 per
1563 738 1790 809 singulas
1831 755 1925 792 no-

341 841 442 884 ctes
465 831 648 884 lectum
673 846 862 892 ιιιοιιιιι.
895 829 1130 900 lacrymis
1149 828 1272 883 meis
1289 837 1501 882 stratum
1531 844 1695 881 meum
1724 827 1922 898 rigabo;

344 922 471 977 illud
501 940 516 977 :
549 921 802 976 Laboravi
825 922 879 976 in
911 922 1098 993 gemitu
1122 937 1230 975 meo
1255 919 1448 991 (Ρωι.
1479 919 1533 975 6.
1566 920 1666 991 7);
1698 927 1754 975 et
1777 919 1880 974 hoc
1905 935 1922 974 :

347 1012 604 1068 Discedite
627 1028 663 1065 α
694 1029 775 1066 me
793 1029 963 1067 omnes
985 1013 1072 1082 qui
1094 1012 1372 1081 operamini
1409 1011 1721 1081 iniquitatem
1759 1007 1924 1080 (Ibid.

344 1119 390 1158 υ.
416 1105 510 1172 9);
538 1112 594 1160 ct
618 1103 747 1158 illud
776 1121 791 1158 :
820 1100 1154 1159 Conturbatus
1187 1111 1264 1158 est
1305 1119 1336 1156 a
1362 1102 1535 1174 [urere
1570 1103 1748 1158 oculus
1787 1117 1928 1158 meus

345 1193 518 1268 (Ibid.
551 1209 600 1248 ο.
630 1192 720 1266 8).

418 1288 475 1343 ι.
498 1286 688 1343 Gratia:
712 1287 1014 1343 conciliatio.
1040 1286 1234 1343 Orandi
1257 1287 1517 1356 famula.
1538 1314 1612 1326 —
1634 1285 1760 1342 Hau:
1784 1285 1927 1356 enim

348 1379 530 1434 omnia
551 1379 621 1435 ad
657 1379 817 1436 Deum
839 1379 1214 1435 attrahendum
1243 1379 1373 1434 satis
1410 1387 1537 1433 sunt
1563 1397 1578 1434 :
1609 1378 1783 1434 luctus
1801 1418 1817 1444 ,
1850 1377 1928 1432 la-

346 1486 571 1544 crymz,
599 1473 847 1542 gemitus,
879 1471 1090 1528 resilire
1118 1470 1186 1526 ab
1214 1470 1492 1539 improbis,
1520 1469 1738 1540 ejusque
1768 1469 1926 1540 perti-

352 1580 592 1622 mesccre
617 1573 672 1619 et
695 1564 919 1620 horrere
943 1563 1280 1618 sententiam.
1301 1562 1370 1618 Et
1396 1562 1520 1617 alibi
1548 1563 1717 1618 dixit:
1746 1561 1925 1616 Exau-

350 1657 480 1711 divit
526 1654 664 1710 Deus
708 1655 960 1724 iustitiam
1001 1669 1164 1708 meam
1194 1668 1214 1708 :
1254 1653 1308 1707 in
1350 1653 1670 1708 tribulatione
1705 1639 1928 1708 dilatain

354 1746 480 1800 mihi
507 1744 692 1819 (Psal.
721 1746 774 1800 4.
809 1747 833 1801 Ι
857 1745 900 1815 ).
932 1744 1038 1798 llac
1063 1743 1206 1798 enim
1237 1744 1441 1800 ratione
1469 1743 1527 1798 tit
1545 1784 1560 1810 ,
1591 1752 1650 1798 ut
1673 1743 1931 1798 exaudia-

351 1854 473 1893 mur
500 1855 516 1890 :
544 1838 772 1908 primum
813 1837 1060 1909 quidem,
1092 1835 1234 1906 quod
1257 1836 1400 1908 digni
1435 1839 1605 1893 simus
1638 1838 1885 1907 accipere
1913 1853 1928 1904 ;

343 1927 577 1995 deinde,
627 1928 768 2000 quod
793 1945 860 1985 ex
904 1928 996 1984 Dei
1027 1928 1231 1999 legibus
1262 1943 1516 1994 oremus;
1546 1929 1704 1984 tertio
1727 1970 1743 1996 ,
1787 1929 1932 1999 quod

343 2018 594 2083 assidue;
626 2029 849 2088 quarto,
882 2017 1024 2090 quod
1050 2018 1183 2073 nihil
1207 2029 1450 2088 petamus
1503 2034 1690 2075 eorum
1715 2034 1833 2090 qua:
1862 2018 1932 2072 ad

344 2109 484 2166 hanc
512 2111 674 2164 vitam
706 2111 1010 2180 pertinent;
1036 2109 1241 2180 quinto,
1276 2107 1416 2180 quod
1456 2120 1697 2180 petamus
1725 2124 1785 2164 ea
1813 2124 1933 2178 qua:

343 2211 470 2256 sunt
500 2195 651 2255 utilia
675 2216 690 2265 ;
719 2209 895 2266 sexto,
926 2201 1069 2270 quod
1096 2217 1214 2270 qua:
1244 2211 1425 2256 nostra
1453 2210 1579 2255 sunt
1597 2201 1776 2255 omnia
1802 2199 1935 2257 alre-

346 2308 552 2348 ramus.
587 2291 722 2349 Yide
741 2308 873 2363 ergo
899 2293 1096 2348 multos
1113 2334 1130 2359 ,
1159 2294 1248 2364 qui
1270 2295 1348 2350 sic
1369 2294 1728 2350 exaudiuntur
1754 2313 1768 2349 :
1795 2294 1931 2350 Cor-

346 2381 578 2447 nelium,
601 2397 670 2436 ex
695 2382 802 2436 vita
826 2381 963 2454 (Act.
997 2382 1084 2437 l0.
1106 2383 1165 2452 Δ)
1187 2400 1201 2446 ;
1224 2383 1688 2454 Syrophmnissam
1711 2428 1726 2452 ,
1753 2401 1818 2440 ex
1845 2400 1933 2440 as-

351 2470 610 2526 siduitate
649 2470 877 2542 (Matth.
921 2472 1009 2526 i5.
1049 2471 1202 2543 28);
1249 2473 1626 2540 Salomonem,
1669 2490 1732 2530 ex
1773 2475 1934 2530 modo

357 2558 632 2628 petitionis
661 2577 676 2613 :
707 2559 990 2628 PrOpterea
1013 2561 1154 2614 enim
1175 2601 1193 2630 ,
1236 2562 1436 2629 inquit,
1461 2563 1594 2630 quod
1622 2579 1722 2616 non
1752 2563 1938 2631 petiisti

359 2647 604 2717 pecunias
628 2688 644 2712 ,
697 2663 856 2715 neque
891 2649 1083 2702 animas
1111 2649 1428 2702 inimicorum
1465 2657 1667 2702 tuorum
1690 2651 1708 2720 (
1729 2651 1782 2704 ὅ.
1809 2650 1940 2721 Reg.

358 2737 416 2792 3.
453 2736 595 2808 li);
646 2735 1021 2806 publicanum,
1063 2752 1128 2794 ex
1172 2736 1650 2810 humilitate(Luc.
1689 2739 1776 2795 18.
1811 2740 1940 2810 li);

355 2827 497 2882 alios
533 2842 600 2882 ex
639 2827 742 2882 alia
794 2828 1018 2884 ratione.
1077 2826 1532 2896 Quemadmodum
1575 2844 1702 2900 ergo
1745 2846 1810 2885 ex
1861 2830 1944 2898 his

357 2917 674 2974 efﬁciturut
697 2918 998 2985 audiamur,
1041 2919 1111 2974 ita
1139 2919 1302 2974 etiam
1343 2919 1447 2974 alia
1495 2920 1698 2976 ratione
1745 2920 1838 2988 ﬁt,
1883 2930 1944 2977 ut

355 3026 464 3066 non
502 3009 885 3078 exaudiantur,
936 3011 1059 3066 licet
1087 3011 1220 3080 justi
1259 3011 1404 3079 sint,
1449 3013 1536 3082 qui
1569 3021 1770 3082 petant.
1801 3013 1940 3080 Quid

353 3102 501 3159 enim
527 3100 624 3157 fuit
653 3101 818 3157 Paulo
859 3100 1096 3172 justius?
1136 3101 1242 3158 Sed
1291 3103 1540 3172 quoniam
1590 3103 1776 3173 petivit
1820 3119 1940 3174 quae

355 3203 513 3246 crant
540 3192 741 3247 inutilia
760 3233 778 3259 ,
805 3207 910 3246 non
944 3191 1042 3248 fuit
1065 3193 1364 3249 exauditus.
1397 3191 1502 3248 Pro
1528 3209 1606 3260 eo,
1635 3195 1835 3264 inquit,
1867 3207 1942 3250 ter

359 3279 637 3336 Dominum
665 3283 860 3352 rogaui,
885 3293 930 3336 et
957 3283 1086 3336 dixit
1113 3283 1238 3337 mihi
1266 3281 1498 3354 :Suﬂicit
1517 3284 1604 3338 tibi
1641 3286 1806 3356 gratia
1831 3303 1943 3341 mea

357 3372 459 3446 (2.
486 3372 604 3428 Cor.
634 3372 722 3427 l2.
745 3375 798 3428 8.
829 3373 922 3442 9).
950 3372 1088 3440 Quid
1130 3388 1339 3429 rursum
1381 3373 1528 3430 Mose
1553 3375 1791 3444 jnstius?
1835 3376 1940 3433 Sed

360 3479 464 3520 nec
503 3465 594 3521 ille
637 3463 920 3520 exauditus
959 3473 1095 3535 est,
1121 3465 1232 3521 Deo
1268 3465 1480 3522 dicente
1520 3484 1536 3522 :
1579 3467 1720 3523 Satis
1751 3469 1846 3534 (tibi
1877 3470 1944 3524 sit

362 3555 556 3628 (Deut.
586 3556 640 3611 5.
668 3555 797 3626 26).
829 3555 960 3623 Quia
988 3555 1130 3610 enim
1159 3557 1379 3626 petebat
1418 3556 1621 3628 ingredi
1659 3559 1712 3613 in
1746 3567 1940 3615 terram

362 3647 764 3718 promissionis,
813 3645 917 3702 hoc
961 3656 1138 3701 autem
1165 3658 1283 3703 erat
1311 3647 1498 3704 inutile
1526 3664 1542 3702 :
1572 3663 1678 3704 non
1703 3650 1944 3720 permisit

363 3741 525 3796 Deus.
549 3739 684 3795 Cum
732 3739 817 3794 his
846 3739 1008 3794 etiam
1036 3739 1178 3795 aliud
1216 3747 1302 3795 est
1324 3781 1340 3806 ,
1374 3739 1516 3812 quod
1559 3739 1686 3796 facit
1731 3750 1788 3797 ut
1834 3758 1940 3798 non

363 3831 742 3896 exaudiamur,
781 3833 996 3902 quando
1024 3832 1076 3886 in
1106 3832 1337 3903 peccatis
1380 3844 1788 3903 perseverantes
1814 3849 1942 3891 ora-

364 3940 506 3980 mus.
539 3925 689 3993 Quod
713 3925 875 3980 etiam
896 3924 964 3980 de
989 3924 1189 3980 Judaeis
1215 3925 1350 3980 dixit
1374 3925 1516 3981 Deus
1535 3925 1782 3983 Jeremia:
1810 3947 1824 3982 :
1857 3928 1943 3992 Ne

361 4019 635 4083 deprecare
656 4035 748 4088 pro
773 4019 869 4072 hoc
897 4019 1106 4088 populo.
1138 4018 1216 4073 An
1241 4034 1340 4072 non
1371 4019 1507 4074 vides
1530 4021 1652 4085 quid
1679 4023 1732 4076 lii
1751 4023 1943 4093 faciunt

360 4107 511 4178 (Jer.
541 4110 593 4163 7.
627 4109 713 4164 16.
743 4110 805 4164 l7
828 4108 892 4173 )?
919 4109 1002 4165 Ab
1027 4108 1299 4178 impietate
1321 4123 1425 4178 non
1450 4109 1780 4178 defecerunt,
1807 4121 1860 4169 et
1887 4123 1944 4168 tu

359 4173 523 4254 oﬂ'ers
542 4214 638 4268 pro
665 4200 744 4254 eis
765 4215 952 4268 preces
971 4201 996 4253 ?
1024 4173 1130 4255 Sed
1156 4209 1208 4254 te
1234 4214 1338 4252 non
1366 4173 1668 4256 citaudiam.
1701 4173 1906 4259 Rursus
1924 4245 1941 4272 ,

360 4289 574 4359 quando
623 4298 808 4344 contra
853 4289 1099 4344 inimicos
1146 4289 1413 4360 petimus,
1460 4305 1566 4343 non
1613 4290 1786 4347 solum
1839 4309 1946 4350 non

357 4382 716 4446 cxaudimur,
753 4381 848 4436 sed
895 4382 1052 4435 etiam
1099 4381 1390 4436 irritamus.
1441 4379 1540 4434 Est
1585 4381 1730 4438 enim
1776 4384 1947 4438 oratio

357 4471 808 4526 medicamentum
827 4475 850 4525 ἐ
875 4471 969 4528 sed
989 4474 1035 4527 si
1064 4471 1366 4528 nesciamus
1409 4471 1681 4542 quomodo
1706 4473 1777 4528 sit
1793 4473 1948 4530 adhi-

357 4563 594 4618 bendum
621 4562 1065 4618 medicamentum
1089 4605 1104 4630 ,
1137 4564 1416 4619 utilitatem
1441 4579 1510 4618 ex
1537 4578 1606 4620 eo
1633 4580 1738 4621 non
1767 4568 1945 4638 capie-

357 4654 541 4708 mus‘.
578 4653 862 4710 Videamus
896 4669 1025 4725 ergo
1065 4654 1190 4724 quid
1238 4655 1324 4710 hic
1363 4655 1523 4712 etiam
1566 4671 1726 4714 orans
1766 4657 1894 4714 dicit
1926 4678 1940 4716 :

356 4743 576 4799 Domine
597 4744 733 4798 Deus
754 4760 912 4808 meus.
934 4745 978 4800 si
1003 4747 1096 4818 feci
1119 4745 1270 4800 istud.
1287 4745 1423 4814 Quid
1441 4757 1544 4816 est,
1568 4749 1630 4803 Si
1651 4750 1746 4820 [cci
1767 4751 1902 4804 istud
1916 4752 1942 4806 .9

355 4837 510 4906 Quod
537 4837 729 4908 patior,
761 4837 961 4908 inquit,
995 4838 1038 4892 si
1069 4838 1330 4893 insurrcxi
1359 4839 1616 4896 adversus
1641 4851 1868 4911 patrem,
1895 4845 1940 4898 si

352 4929 437 4984 sic
462 4944 548 4984 me
577 4929 759 4999 inique
785 4928 947 4999 gessi.
974 4928 1078 4985 Sed
1109 4945 1178 4986 ne
1199 4930 1286 4986 hic
1314 4930 1526 5000 quidem
1551 4947 1674 4988 eum
1697 4935 1788 5004 qui
1817 4935 1940 4992 fecit

355 5019 606 5090 injuriam
625 5059 642 5084 ,
673 5019 987 5076 nominatim
1013 5019 1193 5076 dicere
1219 5021 1272 5076 in
1311 5021 1548 5078 animum
1574 5023 1773 5079 inducit
1797 5066 1812 5090 ,
1844 5026 1939 5082 sed

355 5123 456 5180 pro
484 5109 596 5165 lilio
620 5109 920 5175 erubescit,
965 5120 1022 5165 et
1051 5111 1254 5182 pudore
1291 5111 1539 5168 afﬁcitur.
1584 5113 1942 5180 Quemadmo-

353 5201 482 5255 dum
510 5199 554 5255 si
583 5199 706 5271 quis
727 5200 809 5255 vir
834 5214 1129 5271 generosus
1159 5201 1344 5263 videns
1370 5217 1590 5258 uxorem
1617 5219 1764 5259 suam
1791 5206 1943 5261 adul-

357 5291 520 5347 terari
545 5332 561 5356 ,
614 5306 681 5346 ne
707 5291 1017 5348 nominatim
1039 5293 1254 5364 quidem
1284 5294 1400 5364 ejus
1447 5294 1698 5350 delictum
1734 5295 1786 5350 in
1823 5312 1941 5352 me-

355 5383 502 5438 dium
531 5381 770 5451 proferre
791 5383 1022 5439 sustinet
1049 5400 1064 5438 :
1097 5384 1170 5439 ita
1196 5384 1284 5441 hic
1311 5385 1470 5440 etiam
1496 5403 1511 5452 ;
1543 5401 1651 5441 non
1680 5387 1814 5442 dixit
1840 5405 1854 5441 :
1883 5387 1940 5444 Si

355 5475 620 5532 iusurrexi
644 5475 904 5532 adversus
925 5490 1049 5532 eum
1073 5477 1164 5547 qui
1188 5477 1407 5547 genuit,
1453 5479 1500 5534 si
1527 5478 1597 5536 fui
1627 5480 1889 5552 parricida
1923 5499 1937 5537 :

426 5674 441 5702 ⁸
478 5672 1444 5740 ιιιιοκδεηινὶηιὶιιὶιιιιιοιιεπρεήειιιισ.
1531 5736 1535 5741 _

2027 373 2143 435 sed.
2176 373 2238 429 Si
2261 374 2358 444 {cci
2382 374 2497 427 hoc.
2525 374 2592 428 Et
2615 373 2743 443 quid
2773 372 2876 428 hoc
2901 372 3040 438 dico,
3070 371 3281 442 inquit?
3302 371 3612 441 Cujusvnodi

2028 466 2168 519 enini
2193 475 2277 521 est
2303 468 2502 531 virtus,
2534 480 2640 520 non
2663 465 2829 519 luisse
2859 463 3176 534 parricidam
3203 506 3218 530 ,
3269 464 3408 534 quod
3436 478 3534 518 nec
3559 465 3612 516 in

2030 556 2157 612 l'eris
2181 558 2394 628 quidem
2419 559 2694 613 cernitur?
2715 558 2776 613 Si
2797 571 2870 612 est
2891 559 3125 628 iniquitas
3146 557 3444 611 inmanibus
3470 560 3612 612 meis.

2029 647 2148 702 Non
2175 649 2295 702 dico
2319 649 2387 703 de
2415 647 2515 704 hac
2562 649 2840 718 iniquitate
2898 667 2913 702 :
2961 647 3056 702 sed
3100 663 3202 702 nec
3245 647 3379 711 alia,
3425 647 3614 716 inquit,

2031 740 2330 795 invenietur
2349 755 2467 795 esse
2492 739 2544 794 in
2566 740 2702 795 meis
2724 739 2967 794 manibus
2992 739 3262 809 iniquitas.
3289 739 3414 792 limo
3435 748 3616 792 autem

2029 831 2190 898 dicit,
2234 847 2340 888 non
2357 832 2595 900 glorians
2615 873 2633 898 ,
2659 848 2760 887 nec
2783 845 2844 886 se
2875 831 3154 901 magniﬁce
3176 829 3442 885 extollens
3466 870 3480 893 ,
3519 828 3618 883 sed

2031 940 2149 995 qua:
2173 940 2204 979 a
2230 939 2290 980 se
2316 933 2460 980 recte
2491 924 2629 979 facta
2652 933 2803 979 erant
2829 931 3046 978 coactus
3068 921 3268 978 dicere.
3294 919 3403 976 Sed
3423 936 3496 975 ne
3517 919 3619 974 hoc

2031 1015 2248 1087 quidem
2273 1031 2523 1087 magnum
2545 1024 2629 1070 est
2649 1057 2664 1080 ,
2699 1015 2744 1069 si
2772 1013 3076 1069 conferatur
3115 1027 3240 1068 cum
3260 1027 3330 1067 eo
3363 1010 3506 1082 quod
3535 1017 3620 1066 est

2035 1105 2340 1162 dicendum.
2370 1105 2511 1172 Quid
2553 1105 2657 1160 hoc
2679 1113 2856 1160 autem
2884 1105 3010 1159 est?
3046 1104 3100 1158 5.
3154 1103 3216 1158 Si
3243 1102 3442 1158 reddidi
3465 1102 3618 1157 tetri-

2037 1195 2299 1252 buentibus
2320 1196 2446 1250 mild
2471 1196 2630 1263 uiola,
2651 1196 2842 1266 inquit.
2870 1195 3142 1250 Attendite
3164 1193 3445 1264 diligenter
3469 1208 3485 1246 :
3511 1207 3620 1248 nou

2033 1295 2120 1345 est
2151 1287 2297 1343 enim
2325 1287 2542 1358 vulgare
2583 1285 2727 1358 quod
2775 1286 2990 1342 dicitur.
3039 1285 3359 1340 Pandarum
3403 1283 3622 1354 quidem

2033 1390 2120 1438 est
2162 1379 2411 1451 injuriam
2439 1395 2545 1435 non
2574 1378 2793 1444 facere;
2842 1379 2938 1434 sed
2975 1379 3149 1433 multo
3179 1377 3520 1448 praaclarins,
3571 1385 3627 1430 et

2034 1471 2289 1542 sapientis
2311 1479 2396 1526 est
2433 1470 2634 1537 animi,
2688 1487 2796 1526 non
2840 1470 3027 1525 ulcisci
3055 1485 3178 1524 eum
3210 1469 3298 1538 qui
3329 1467 3454 1522 facit
3482 1467 3625 1535 inju-

2035 1565 2191 1621 riam.
2221 1563 2380 1635 Atqui
2410 1561 2514 1619 hoc
2535 1562 2752 1634 quidem
2784 1563 2868 1618 lex
2894 1560 3257 1625 concedebat,
3283 1559 3476 1629 jubens
3499 1573 3627 1612 ocu-

2037 1656 2146 1712 lum
2209 1671 2310 1728 pro
2356 1655 2550 1722 oculo,
2602 1664 2658 1711 et
2700 1655 2914 1710 dentem
2964 1669 3060 1724 pro
3104 1653 3266 1708 dente
3311 1650 3628 1707 exscindere

2037 1746 2220 1817 (Deut.
2249 1746 2336 1802 19.
2380 1745 2472 1817 2i)
2520 1764 2534 1800 :
2582 1761 2680 1800 nec
2709 1749 2794 1805 sic
2823 1745 2907 1799 lcx
2931 1743 3365 1799 transiliebatur:
3393 1741 3488 1796 sed
3541 1741 3627 1794 hic

2040 1846 2188 1894 tanto
2211 1847 2327 1894 erat
2355 1837 2532 1893 studio
2556 1838 2834 1907 sapientia:
2880 1836 3129 1906 praeditus
3153 1877 3168 1900 ,
3209 1844 3266 1890 ut
3305 1851 3411 1889 non
3449 1834 3624 1889 solum

2040 1929 2210 1999 legem
2241 1944 2348 1983 non
2381 1928 2862 1998 transgrederetur,
2896 1927 2991 1982 sed
3025 1929 3183 1982 etiam
3209 1941 3278 1981 ex
3305 1927 3467 1980 ninia
3491 1941 3624 1994 qua-

2038 2019 2160 2074 dam
2227 2018 2551 2073 abundantia
2599 2033 2718 2073 eam
2759 2019 2916 2089 longe
2969 2027 3278 2087 superaret,
3323 2031 3386 2070 ac
3450 2030 3626 2070 scam-

2040 2120 2181 2166 mata
2212 2110 2286 2182 (a)
2316 2110 2624 2166 transiliret.
2667 2109 2786 2165 Non
2835 2109 2976 2164 enim
3018 2108 3354 2164 existimabat
3380 2107 3629 2161 sufﬁcere

2038 2203 2106 2258 ad
2179 2203 2462 2267 virtutem,
2543 2201 2645 2256 nisi
2700 2201 2863 2257 etiam
2917 2203 3066 2271 jussa
3119 2201 3277 2270 longo
3347 2199 3628 2253 intervallo

2038 2305 2336 2368 superaret.
2389 2294 2848 2364 Quemadmodum
2891 2294 3020 2350 fecit
3056 2296 3215 2350 etiam
3247 2293 3442 2347 Paulus
3467 2331 3483 2356 ,
3535 2291 3625 2361 qui

2038 2403 2105 2444 ex
2156 2389 2432 2460 evangelio
2491 2387 2778 2458 jubebatur
2821 2389 3039 2455 vivere,
3097 2396 3153 2442 et
3213 2401 3319 2444 non
3371 2385 3582 2440 vivebat
3605 2426 3622 2448 ,

2041 2477 2136 2533 sed
2163 2480 2280 2534 sine
2303 2487 2518 2549 sumptu
2546 2478 2870 2549 praedicabat
2897 2479 3232 2550 evangelium
3274 2479 3298 2548 (
3323 2478 3373 2532 Ι.
3401 2475 3522 2532 Cor.
3568 2474 3628 2530 9.

2046 2567 2238 2640 “48)
2267 2587 2280 2622 :
2308 2569 2380 2622 ita
2433 2568 2591 2623 etiam
2629 2569 2816 2625 beatus
2843 2570 3006 2624 David
3025 2611 3041 2635 ,
3070 2585 3192 2625 cum
3217 2569 3300 2624 lex
3325 2569 3373 2622 ei
3405 2568 3627 2638 pennit-

2053 2667 2190 2715 teret
2229 2659 2412 2712 ulcisci
2457 2659 2697 2714 inimicos
2720 2698 2737 2724 ,
2787 2675 2894 2713 non
2922 2674 2981 2714 se
3021 2659 3282 2714 continuit
3307 2658 3442 2712 intra
3490 2657 3629 2712 hunc

2049 2746 2288 2816 modum,
2320 2747 2415 2802 sed
2443 2761 2564 2802 eum
2587 2750 2742 2819 longe
2768 2749 2927 2803 etiam
2957 2750 3248 2816 superavit.
3293 2749 3338 2802 A
3360 2747 3513 2802 nobis
3529 2761 3630 2800 auo

2052 2847 2157 2894 tem
2185 2839 2286 2894 hoc
2309 2853 2416 2893 non
2441 2839 2614 2894 solum
2638 2839 2889 2909 exigitur,
2917 2849 2976 2894 ut
3001 2853 3106 2892 non
3133 2839 3508 2902 rctribuamus,
3536 2840 3632 2891 sed

2048 2933 2210 2987 etiam
2245 2941 2301 2987 ut
2327 2930 2741 2988 benefaciamus.
2789 2930 2946 2985 Orate
2969 2931 3151 2996 enim,
3206 2929 3412 3000 inquit,
3457 2945 3548 2997 pro
3569 2932 3634 2982 iis

2045 3027 2136 3098 qui
2161 3043 2246 3081 eos
2269 3025 2555 3092 oﬂ'endunt,
2584 3025 2859 3096 benefacite
2884 3026 2946 3080 iis
2973 3026 3064 3096 qui
3085 3040 3171 3079 vos
3189 3025 3402 3079 oderam
3417 3023 3631 3096 (Matth.

2049 3116 2104 3172 5.
2133 3117 2248 3186 Μ).
2275 3116 2334 3170 In
2378 3115 2543 3170 David
2573 3125 2752 3171 autem
2796 3131 2900 3170 non
2922 3129 3142 3186 parvum
3167 3124 3250 3170 est
3279 3127 3384 3168 non
3413 3113 3595 3168 ulcisci
3615 3153 3631 3176 ,

2047 3207 2144 3264 sed
2169 3209 2328 3263 etiam
2374 3207 2544 3263 multo
2569 3216 2654 3263 est
2694 3207 2864 3277 majus
2935 3221 3097 3278 quam
3140 3207 3212 3262 sit
3250 3207 3382 3276 legis
3430 3219 3632 3276 prtece-

2048 3307 2219 3370 ptum.
2269 3299 2338 3354 Et
2377 3299 2500 3354 ideo
2530 3298 2702 3354 dicit:
2748 3298 2809 3354 Si
2835 3298 2928 3352 hoc
2953 3299 3082 3368 feci,
3127 3298 3172 3353 si
3202 3307 3275 3352 est
3300 3297 3540 3366 iniquitas
3580 3297 3634 3350 in

2049 3391 2280 3447 manibus
2306 3393 2428 3446 meis
2461 3407 2480 3446 :
2504 3392 2547 3446 si
2572 3392 2772 3446 reddidi
2808 3391 3190 3446 nelribuentibus
3232 3391 3360 3446 mihi
3390 3391 3546 3445 mala.
3577 3389 3632 3445 In

2047 3481 2159 3536 tilio
2199 3481 2342 3537 enim
2381 3481 2468 3538 vel
2497 3483 2610 3552 ipsa
2638 3491 2824 3537 natura
2851 3481 3204 3552 prohibebat;
3241 3482 3338 3542 sed
3373 3482 3419 3536 si
3455 3482 3588 3536 alios
3610 3523 3627 3545 ,

2048 3575 2236 3646 inquit,
2266 3575 2457 3646 injuria
2483 3574 2631 3631 aﬂeci
2651 3617 2667 3641 ,
2695 3575 2779 3631 vel
2804 3576 2962 3630 etiam
2993 3575 3134 3630 ultus
3167 3590 3308 3630 sum.
3336 3573 3632 3642 Quamnam

2048 3685 2175 3738 ergo
2215 3683 2315 3724 nos
2341 3668 2549 3723 veniam
2589 3679 3014 3738 consequemur,
3061 3675 3117 3722 et
3137 3681 3296 3736 quam
3347 3664 3634 3720 sileremus

2047 3759 2443 3815 excusationem
2461 3801 2478 3827 ,
2505 3759 2595 3830 qui
2621 3767 2742 3829 post
2763 3757 2961 3814 Christi
2986 3756 3272 3813 adventum
3301 3771 3406 3810 non
3439 3769 3632 3826 perve-

2047 3852 2224 3908 nimus
2249 3851 2319 3908 ad
2352 3866 2656 3909 mensuram
2683 3866 2869 3907 eorum
2885 3891 2901 3916 ,
2939 3849 3028 3921 qui
3060 3849 3303 3906 vivebant
3330 3850 3430 3905 sub
3455 3847 3632 3903 Veteri

2047 3944 2411 4012 Teatamento,
2441 3941 2603 4014 idque
2621 3958 2744 3998 cum
2768 3958 2800 3996 ιι
2824 3942 2976 3998 nobis
3001 3942 3158 4013 longe
3186 3941 3388 4012 majora
3415 3942 3634 4011 exigan-

2049 4035 2174 4088 tur?
2206 4033 2325 4087 Nisi
2353 4038 2496 4087 enim
2524 4031 2874 4096 abundaverit,
2903 4030 3094 4099 inquit,
3111 4031 3313 4101 justitia
3334 4041 3499 4084 vestra
3519 4031 3632 4100 plus

2049 4139 2200 4192 quam
2239 4120 2639 4184 Pharisaei-um,
2670 4133 2772 4171 non
2789 4117 3037 4172 inti-abitis
3075 4119 3130 4172 in
3163 4135 3369 4188 regnum
3387 4120 3628 4174 calorum

2050 4214 2071 4285 (
2095 4213 2230 4268 Ibid.
2272 4229 2322 4267 υ.
2352 4211 2425 4267 20
2455 4212 2497 4282 ),
2520 4209 2981 4280 Quemadmodum
3007 4209 3151 4265 enim
3178 4225 3283 4263 non
3306 4222 3389 4264 est
3417 4211 3635 4280 aqualis

2051 4305 2119 4371 is,
2148 4304 2237 4375 qui
2264 4319 2324 4359 se
2348 4305 2400 4357 in
2421 4303 2536 4374 lege
2549 4311 2698 4357 recte
2724 4301 2881 4372 gerit,
2905 4299 2976 4366 ei,
3003 4299 3095 4371 qui
3121 4301 3172 4354 in
3196 4299 3382 4354 iisdem
3412 4315 3471 4354 se
3492 4309 3637 4356 recte

2050 4397 2216 4466 gessit
2241 4403 2366 4450 ante
2391 4396 2562 4466 legem
2589 4411 2609 4448 :
2637 4394 2708 4449 ita
2731 4408 2830 4449 nec
2857 4395 2950 4464 qui
2992 4394 3044 4449 in
3081 4392 3249 4465 gratia
3277 4391 3326 4448 ei
3351 4433 3369 4457 ,
3419 4392 3508 4462 qui
3535 4392 3636 4448 sub

2051 4487 2167 4560 lege
2189 4529 2204 4554 ,
2251 4487 2346 4544 sed
2373 4503 2438 4544 ex
2467 4496 2708 4558 tempore
2737 4501 2926 4558 magna
2965 4487 3118 4542 adest
3161 4485 3479 4542 diderentia.
3522 4484 3634 4540 lloc

2047 4581 2336 4638 ostendens
2381 4581 2577 4637 Paulus
2611 4590 2668 4636 et
2693 4581 2746 4636 in
2771 4581 2900 4636 vitio
2926 4590 2981 4636 et
3009 4581 3062 4636 in
3090 4580 3286 4636 virtute
3307 4621 3320 4643 ,
3363 4579 3482 4636 vide
3500 4593 3634 4650 quo-

2047 4674 2208 4730 modo
2235 4673 2358 4729 illos
2382 4687 2595 4744 quoque
2639 4673 2809 4742 magis
2834 4671 3128 4727 admiratur
3150 4714 3166 4739 ,
3203 4680 3262 4726 et
3305 4671 3404 4726 hos
3443 4671 3631 4742 majori

2045 4768 2306 4839 supplicio
2334 4767 2523 4838 dignos
2547 4781 2667 4822 esse
2695 4751 3027 4836 pronuntiat,
3064 4767 3136 4822 ita
3156 4766 3342 4823 dicens
3371 4785 3384 4822 :
3413 4767 3630 4834 Quando

2045 4862 2176 4917 enim
2200 4871 2389 4933 gentes,
2419 4877 2532 4931 qute
2561 4858 2720 4931 legem
2746 4876 2848 4914 non
2871 4859 3088 4928 habent,
3133 4870 3316 4915 natura
3359 4878 3473 4932 qua
3515 4869 3632 4916 sunt

2046 4953 2170 5024 legis
2201 4953 2425 5023 faciunt,
2463 4952 2502 5006 ii
2539 4952 2697 5022 legem
2738 4965 2841 5006 non
2878 4950 3116 5008 habentes
3151 4963 3269 5008 sunt
3305 4953 3524 5023 sibiipsis
3551 4953 3633 5006 les

2047 5048 2235 5118 (Rom.
2260 5047 2316 5101 ‘2.
2350 5047 2418 5101 M
2437 5047 2477 5115 ).

2117 5138 2173 5194 5.
2195 5135 2357 5192 Vides
2383 5135 2652 5207 quomodo
2677 5151 2771 5192 eos
2791 5178 2806 5204 ,
2834 5137 2922 5208 qui
2953 5138 3069 5193 sine
3111 5137 3228 5207 lege
3277 5148 3338 5188 se
3365 5141 3508 5187 recte
3533 5146 3632 5202 ge-

2046 5237 2201 5292 runt,
2224 5228 2406 5284 laudat
2451 5237 2505 5282 et
2531 5229 2826 5298 przedicat?
2852 5228 2985 5284 Vide
3023 5241 3208 5282 rursus
3245 5221 3512 5293 quomodo
3537 5237 3631 5278 eos

2046 5320 2244 5384 etiam,
2270 5319 2359 5390 qui
2408 5328 2629 5389 peccant
2669 5321 2722 5374 in
2767 5319 2966 5390 gratia,
2993 5314 3228 5371 ostendit
3278 5326 3397 5368 esse
3439 5313 3631 5385 dignos

2109 5495 2184 5560 (a)
2218 5503 2649 5560 Scamacampus
2671 5501 2796 5560 erat,
2819 5493 2965 5560 fossa,
2981 5495 3037 5540 ut
3059 5497 3271 5560 putatur,
3294 5491 3512 5560 undique
3529 5495 3631 5546 ein.

2109 5504 2184 5560 (a)
2218 5504 2429 5545 scamma
2451 5508 2649 5558 campus
2673 5504 2796 5553 erat,
2819 5504 2965 5551 mssa,
2981 5504 3037 5540 ιιι
3059 5504 3271 5602 ﬁniatur,
3294 5504 3512 5557 ιιιιιικιιιο
3529 5504 3630 5546 cm.

2046 5563 2172 5618 ctus,
2207 5558 2289 5606 ubi
2317 5555 2508 5619 pugiles
2533 5565 2585 5606 et
2620 5554 2819 5620 athletae
2864 5555 3062 5604 decerta
3097 5560 3196 5615 ant,
3239 5554 3473 5620 ludosque
3512 5566 3630 5620 age—

2048 5615 2194 5680 bant;
2229 5615 2349 5680 οιιιιι
2361 5615 2524 5680 autem
2548 5615 2807 5680 pugnando
2845 5624 3100 5669 scauunata
3132 5615 3482 5678 transiliebﬁnt,
3516 5615 3628 5669 tunc

2047 5677 2258 5734 maxime
2276 5677 2669 5732 celebrabantur.
