4086 6214
478 252 545 306 8³1
1233 253 1288 308 S.
1329 251 1604 310 JOANNIS
1639 248 2106 309 CHR'YSO'STOMI
2148 251 2464 308 ARCHIE‘P.
2503 245 3037 310 CONSTAN'I‘INOP.
3675 257 3742 312 83

474 369 659 439 majori
702 367 963 439 supplicio
992 367 1057 422 iis
1094 367 1184 437 qui
1215 377 1436 437 peccant
1463 368 1512 422 in
1546 367 1689 438 lege,
1722 368 1799 422 sic
1823 368 2047 422 dicens:

477 461 578 525 Qui
618 460 818 514 irritant
861 461 976 531 fecit
1017 459 1174 530 legem
1206 457 1364 514 Hosis
1384 502 1399 526 ,
1430 460 1540 514 sine
1577 460 1921 514 misericordia
1961 461 2054 515 sub

476 552 670 606 duobus
697 550 776 604 uel
800 551 954 604 tribus
974 551 1180 604 testibus
1205 552 1416 605 moritur
1443 566 1464 607 :
1489 562 1675 621 quanto
1692 593 1708 617 ,
1737 552 1946 616 putatis,
1969 549 2057 604 de-

479 641 650 695 teriori
690 640 938 711 supplicio
981 641 1165 712 dignus
1208 641 1472 694 habebitur
1495 641 1580 712 qui
1597 641 1646 697 Γ
1650 642 1797 697 ilium
1814 640 1910 694 Dei
1932 656 2056 694 con-

477 732 691 784 enleasit
709 772 724 794 ,
750 739 796 785 et
819 731 1114 802 sanguinem
1153 731 1432 785 testamenti
1470 733 1781 784 conununent
1805 732 2062 785 existima-

479 825 548 876 uit
577 823 758 896 (Hebr.
792 825 878 879 l0.
907 824 1000 880 28.
1020 823 1138 895 29)?
1166 825 1231 879 Et
1258 839 1457 889 rursus,
1489 837 1584 878 eos
1610 823 1842 893 quiante
1865 825 2058 894 legem,

485 916 550 971 iis
568 917 656 986 qui
687 917 738 970 in
779 917 896 986 lege
921 915 1234 986 transgressi
1260 925 1402 982 sunt,
1450 913 1640 969 minori
1679 915 1940 985 supplicio
1981 915 2063 969 tli-

483 1015 620 1078 gnos
637 1021 760 1062 esse
778 1009 1084 1074 ostendens,
1113 1008 1440 1076 Qnicnmqsie,
1467 1007 1656 1077 inquit,
1686 1007 1796 1060 sine
1816 1007 1924 1076 leg'e
1949 1021 2066 1076 pec-

483 1107 722 1151 cauerunt
743 1138 760 1162 ,
790 1099 897 1151 sine
931 1098 1038 1168 lege
1084 1097 1314 1166 peribunt
1358 1098 1532 1167 (Rom.
1568 1097 1622 1151 2.
1659 1097 1782 1167 12);
1813 1097 1912 1151 hoc
1940 1107 2023 1152 est
2045 1136 2061 1161 ,

487 1187 688 1251 mitius,
719 1195 776 1241 ut
800 1188 886 1257 qui
918 1187 1086 1258 legem
1129 1202 1233 1242 non
1267 1187 1496 1242 habeant.
1521 1187 1900 1243 accusatricem
1926 1229 1942 1254 ,
1969 1187 2066 1243 sed

486 1285 736 1331 naturam
754 1286 956 1337 tantum
983 1294 996 1330 :
1027 1277 1344 1346 Quicumque
1367 1286 1532 1332 autem
1560 1278 1612 1331 in
1637 1279 1745 1350 lege
1771 1287 2064 1348 peccaram,

489 1379 577 1436 per
603 1367 1160 1436 legernjstdicabuntur;
1191 1369 1292 1423 hoc
1317 1380 1399 1425 cst
1417 1411 1432 1436 ,
1465 1370 1720 1426 habentes
1770 1371 2067 1440 graviorem

488 1457 648 1510 etiam
675 1471 796 1511 cum
827 1467 1013 1512 natura
1043 1459 1216 1529 legem
1243 1462 1644 1516 accusatriCem.
1687 1460 1928 1515 Decidam
1961 1477 2069 1514 me-

487 1547 588 1600 rito
610 1546 672 1600 ab
715 1549 931 1602 inimicis
973 1551 1097 1604 meis
1131 1551 1323 1605 inanis.
1369 1551 1422 1606 6.
1458 1551 1798 1624 Persequatur
1836 1555 2076 1608 inimicus

489 1640 713 1692 animum
755 1657 918 1694 meant
963 1651 1010 1694 et
1050 1644 1459 1712 comprehendat,
1492 1653 1540 1697 et
1567 1645 1822 1698 conculcet
1853 1646 1907 1699 in
1937 1655 2074 1699 terra

491 1729 646 1782 vitam
687 1745 850 1782 meum
868 1771 885 1796 ,
921 1741 968 1784 et
991 1731 1207 1801 gloriam
1250 1750 1410 1786 meam
1458 1734 1512 1787 in
1553 1732 1806 1804 puluerem
1831 1735 2067 1791 deducat.

501 1819 688 1874 Vidisti
715 1822 839 1890 justi
882 1821 1126 1877 ﬁduciam
1169 1831 1224 1878 et
1243 1824 1493 1893 optimam
1513 1825 1938 1879 conscientiam?
1961 1825 2072 1880 Nisi

494 1911 636 1965 enim
681 1913 835 1967 valde
873 1913 974 1968 sibi
1020 1913 1360 1981 conﬁdisset,
1393 1929 1501 1970 non
1541 1925 1681 1972 esset
1723 1916 1844 1971 talia
1873 1916 2074 1986 impre-

493 2013 664 2057 catus.

571 2095 910 2150 Mansuetudo
933 2097 1162 2153 Doridis.
1191 2127 1262 2138 --
1279 2097 1432 2166 Quod
1463 2109 1640 2154 autem
1666 2100 1798 2156 dicit
1823 2110 1904 2155 est
1926 2100 2074 2170 ejus-

499 2186 642 2240 modi
676 2186 770 2240 :Si
800 2187 900 2242 feci
932 2188 1176 2258 injuriam
1197 2231 1212 2254 ,
1237 2189 1282 2244 si
1309 2205 1395 2245 me
1415 2192 1555 2246 ultus
1583 2207 1722 2256 sum,
1753 2191 1870 2246 lucc
1893 2201 1949 2246 et
1987 2191 2077 2246 illa

498 2280 691 2349 patiar;
718 2280 770 2334 in
799 2281 1031 2350 seipsunt
1059 2282 1161 2337 lcrt
1184 2283 1524 2347 sententiam,
1553 2293 1609 2339 et
1638 2299 1742 2338 non
1766 2283 1997 2354 postulat
2019 2292 2077 2338 ut

500 2384 598 2438 pro
618 2369 776 2424 modo
801 2372 878 2425 rei
897 2371 1187 2440 judicetur,
1216 2373 1322 2427 imo
1354 2373 1530 2442 potius
1557 2383 1614 2428 ut
1640 2388 1798 2442 supra
1827 2374 2076 2428 meritum

500 2460 613 2515 luat
661 2475 846 2531 penas
875 2480 887 2516 :
915 2473 968 2518 et
1005 2464 1237 2533 seipsum
1286 2464 1458 2518 reddit
1496 2465 1570 2518 illi
1613 2464 1876 2536 supplicio
1911 2464 2078 2518 obno-

499 2551 646 2605 xium
667 2591 682 2616 ,
709 2568 740 2604 a
769 2565 877 2622 quo
918 2553 1090 2622 ipsum
1120 2553 1202 2608 lex
1249 2553 1514 2624 prohibet.
1543 2553 1673 2608 Vide
1701 2563 1877 2608 autem
1904 2552 2076 2624 quod-

499 2655 624 2696 nam
644 2641 715 2695 sit
742 2641 870 2697 illud
901 2661 915 2696 :
945 2642 1215 2710 Decidam,
1246 2645 1446 2714 inquit,
1472 2643 1535 2698 ab
1562 2645 1778 2698 inimicis
1810 2649 1936 2698 meis
1966 2645 2078 2698 ina-

500 2733 599 2787 nis.
641 2732 980 2802 Persequatstr
1005 2736 1242 2790 inimicus
1284 2738 1508 2790 assimant
1548 2753 1710 2790 meum
1732 2776 1748 2801 ,
1773 2745 1820 2790 et
1855 2752 2080 2806 compe-

499 2827 689 2880 bendat
703 2865 720 2891 ,
751 2835 801 2881 et
823 2828 1081 2882 conculcet
1116 2827 1170 2882 in
1199 2837 1334 2881 terra
1370 2828 1522 2881 citam
1567 2843 1730 2880 meam
1747 2869 1762 2892 ,
1793 2837 1841 2881 et
1863 2828 2080 2898 gloriam

499 2933 664 2972 atram
686 2918 740 2973 in
764 2918 1017 2989 pulverem
1036 2920 1270 2974 deducat.
1305 2919 1416 2975 [loc
1443 2929 1546 2986 est,
1575 2919 1657 2974 Me
1684 2919 1962 2990 inglorium
1981 2960 1998 2985 ,
2025 2929 2080 2974 et

501 3011 658 3066 bona:
680 3009 835 3067 [amat
853 3020 909 3066 et
935 3012 1345 3067 existimationis
1372 3021 1648 3081 expertem
1675 3011 1863 3082 perdat
1881 3049 1898 3077 ,
1923 3020 1978 3064 et
2002 3010 2080 3064 si-

499 3101 614 3157 mul
641 3115 764 3157 cum
791 3103 897 3157 vita
942 3117 1062 3158 mea
1106 3117 1279 3157 meam
1318 3118 1530 3174 quoque
1557 3103 1779 3173 gloriam
1817 3102 2078 3157 destruat.

499 3193 639 3260 Quid
661 3202 766 3258 est,
791 3193 858 3249 Et
886 3196 1102 3266 gloriam
1142 3212 1304 3250 meant
1330 3196 1380 3250 in
1402 3197 1656 3264 puluerem
1680 3197 1943 3251 deducat?
1968 3197 2082 3251 Hu-

501 3287 692 3352 miliet,
719 3287 994 3343 conculcet
1024 3304 1038 3340 :
1071 3287 1307 3354 Elﬁciar,
1340 3288 1530 3358 inquit,
1563 3289 1696 3342 meis
1726 3289 1956 3343 inimicis
1984 3305 2082 3343 ex-

501 3384 735 3446 puguatu
755 3376 943 3432 lacilis.
965 3378 1102 3444 Quid
1129 3379 1295 3446 possit
1317 3393 1438 3434 esse
1457 3379 1724 3434 Absalone
1748 3379 2080 3445 sceleratius,

502 3470 592 3538 qui
619 3478 844 3539 patrem,
876 3480 933 3526 et
960 3473 1117 3526 talem
1141 3481 1364 3543 patrem,
1386 3473 1521 3529 adeo
1546 3482 1880 3529 mansuetum
1901 3483 1956 3528 et
1980 3474 2083 3528 mi-

505 3566 612 3613 tem
638 3562 1077 3630 persequebatur,
1107 3577 1230 3618 cum
1249 3573 1391 3642 esset
1409 3564 1725 3635 impudicus,
1757 3564 2004 3635 petulans
2031 3571 2086 3620 et

501 3651 946 3707 contumeliosus?
974 3653 1110 3722 Quid
1139 3655 1308 3724 ergo?
1333 3671 1458 3710 num
1485 3655 1717 3711 reddidit
1737 3657 2084 3711 retribuenti-

507 3740 608 3796 bis
645 3741 695 3796 ei
743 3743 882 3798 mala
902 3745 926 3796 τ
946 3760 1070 3799 ιιιιιιι
1100 3744 1320 3816 injurias
1344 3748 1611 3802 revocavit
1651 3748 1704 3802 in
1732 3749 2086 3803 memoriam?

504 3831 868 3904 Nequaquam.
918 3835 984 3890 Et
1014 3837 1060 3892 si
1102 3840 1493 3895 exsminaveris
1535 3839 1713 3896 Saulis
1760 3841 2082 3908 historiam,

505 3930 634 3980 tunc
675 3925 907 3981 maxime
930 3927 1136 3983 videbis
1177 3929 1320 3985 illam
1347 3945 1534 3986 vocem
1565 3945 1687 3986 esse
1710 3932 1908 3986 claram
1933 3941 1988 3988 et
2016 3933 2085 3987 il-

504 4018 750 4073 lustrem.
779 4017 915 4074 Cum
942 4020 1086 4074 enim
1105 4036 1226 4076 cum
1248 4063 1264 4087 ,
1296 4021 1386 4093 qui
1413 4033 1531 4094 post
1551 4023 1958 4080 innumerabilia
1987 4026 2084 4080 be-

509 4109 698 4165 neﬁcia
721 4141 740 4178 ,
775 4120 832 4166 et
873 4121 1073 4182 tropa-tt
1092 4153 1106 4178 ,
1137 4123 1192 4168 et
1225 4117 1476 4172 victorias
1515 4116 1566 4171 ei
1613 4116 1865 4187 iniuriam
1919 4118 2085 4173 facie-

507 4207 596 4260 hat
616 4241 635 4269 ,
685 4202 905 4260 insidias
955 4205 1236 4271 tendebat,
1285 4215 1340 4262 et
1389 4207 1626 4278 quotidie
1661 4208 1911 4278 cupiebat
1961 4223 2084 4264 cum

501 4297 574 4355 de
599 4294 777 4350 medio
801 4295 989 4352 wllere
1011 4338 1026 4364 ,
1057 4299 1223 4352 seruel
1247 4338 1262 4362 ,
1291 4297 1394 4364 bis,
1423 4306 1520 4362 ter,
1550 4310 1604 4354 et
1637 4315 1782 4370 stupe
1815 4299 2087 4356 domien-

507 4396 612 4442 tetu
635 4427 652 4451 ,
674 4397 728 4443 et
749 4397 1015 4459 tamquam
1039 4392 1095 4444 in
1124 4404 1340 4445 carcere
1378 4391 1658 4459 inclusum,
1689 4401 1744 4447 et
1771 4392 2086 4449 satellitibus

512 4477 824 4533 dettitutunt
851 4480 903 4534 in
932 4495 1122 4534 manus
1145 4482 1472 4550 accepisset,
1495 4481 1751 4552 multique
1779 4498 1900 4539 eum
1925 4484 2082 4554 jube-

501 4576 633 4624 rent
669 4570 913 4627 occidere
956 4583 1010 4626 et
1038 4571 1106 4627 de
1151 4571 1331 4628 medio
1379 4574 1592 4641 tollere,
1636 4573 1687 4629 ei
1728 4575 2000 4644 pepercit,
2032 4585 2088 4630 et

511 4661 642 4714 iram
671 4661 686 4692 ⁸
714 4662 874 4728 vicit,
913 4661 1072 4731 idque
1099 4678 1219 4716 cum
1248 4664 1410 4720 sciret
1444 4678 1534 4730 se,
1564 4665 1610 4720 si
1647 4679 1770 4720 eum
1797 4665 2090 4722 dimitteret

510 4749 717 4806 hostem
741 4793 756 4818 ,
783 4763 840 4808 et
883 4755 1375 4811 irreconciliabilem
1419 4755 1692 4812 inimicum
1739 4772 1863 4814 esse
1903 4757 2089 4815 dimis-

507 4859 713 4898 surum.
755 4844 865 4899 Sed
911 4855 1089 4900 tamen
1132 4861 1306 4917 neque
1348 4849 1607 4904 memoria
1656 4849 2084 4919 przrteritorum,

509 4955 612 4993 nec
637 4947 811 4994 metus
840 4938 1140 4994 futurorum
1161 4979 1179 5006 ,
1205 4957 1382 5013 neque
1411 4943 1573 4998 ullum
1608 4944 1750 5000 aliud
1779 4944 2042 5016 ejusmodi
2066 4983 2083 5012 ,

511 5047 632 5084 cum
679 5030 746 5084 ad
791 5031 934 5085 illam
979 5031 1178 5088 caedem
1217 5034 1528 5104 patrandam
1576 5035 1828 5107 impulit:
1859 5036 1954 5091 sed
1995 5051 2085 5090 suo

511 5123 711 5190 pielttiu
745 5138 874 5179 usus
898 5132 1010 5191 est,
1037 5139 1254 5180 manum
1280 5127 1575 5193 continuit,
1607 5137 1663 5182 et
1687 5128 1819 5182 iram
1841 5126 2085 5183 refrena-

514 5217 620 5280 vit,
669 5217 960 5287 maluitque
991 5218 1293 5288 periculum
1331 5220 1513 5289 adire,
1560 5221 1766 5277 insidiis
1810 5221 2024 5292 appeti,
2054 5235 2086 5276 a

511 5307 680 5377 patria
731 5320 784 5364 et
831 5311 1079 5366 libertate
1125 5312 1406 5380 excidere,
1449 5327 1609 5384 quam
1653 5313 1924 5369 inimicum
1949 5354 1966 5380 ,
1995 5313 2085 5382 qui

510 5401 651 5454 nulla
681 5400 748 5454 de
771 5417 927 5457 causa
956 5405 1004 5458 ei
1027 5404 1376 5461 insidiabatur
1403 5448 1418 5472 ,
1457 5406 1546 5477 qui
1577 5415 1697 5478 post
1727 5403 2087 5461 innumerabi-

509 5492 576 5544 lia
620 5493 875 5548 beneﬁcia
909 5496 959 5550 el
1010 5505 1235 5552 mortem
1275 5498 1612 5567 moliebatur,
1655 5498 1899 5555 occidere
1939 5496 2084 5554 etde

572 5670 586 5698 ί
625 5675 721 5716 nuo
743 5677 868 5728 διεδ..
896 5671 1209 5733 desiderium,
1235 5687 1337 5738 pro,
1364 5676 1503 5729 iram.

2165 364 2342 420 medio
2369 363 2578 420 tollere.
2615 363 2688 419 Ex
2715 365 2891 420 multis
2911 377 3120 436 quoque
3148 368 3264 421 aliis
3293 375 3467 437 potest
3491 371 3740 438 cognosci

2162 455 2513 526 philosophus
2539 457 2656 524 ejus
2697 458 2904 510 animus
2929 474 2942 510 :
2967 467 3023 512 et
3070 457 3187 513 ideo
3228 459 3391 513 multa
3418 459 3518 514 sibi
3546 461 3745 530 impre-

2161 555 2334 612 catur,
2365 561 2533 615 caque
2560 547 2737 615 gravia
2765 561 2828 601 ac
2849 547 3106 612 difﬁcilia,
3140 559 3195 602 ut
3224 565 3284 605 re
3314 549 3504 604 inﬁ-cta
3536 551 3738 617 redeat,

2163 647 2222 691 ut
2260 637 2458 691 inimici
2495 638 2576 692 sui
2607 638 2714 691 sint
2741 639 2960 691 omnino
3007 640 3266 704 victores,
3295 650 3352 694 ut
3373 643 3631 695 moriatur
3660 643 3744 696 in-

2164 728 2403 796 glorius,
2433 734 2495 780 ut
2541 727 2642 782 hoc
2688 729 2920 798 patiatur
2960 729 3030 783 ab
3074 731 3334 798 inimicis,
3373 732 3514 800 quod
3541 733 3750 788 videtur

2165 833 2286 874 esse
2311 828 2484 874 morte
2507 820 2676 874 multo
2704 823 2956 891 gravius;
2985 821 3104 875 ideo
3131 821 3260 876 nihil
3285 831 3390 876 non
3420 824 3659 890 molitur,
3691 838 3747 878 ιιι

2166 919 2288 980 post
2331 920 2556 966 mortem
2599 914 2767 982 possit
2809 912 2926 983 ejus
2969 929 3252 984 superesse
3295 916 3574 970 memoria.
3620 916 3751 970 Vide

2167 1001 2326 1072 igitur
2353 1012 2482 1072 quot
2511 1004 2612 1058 sibi
2642 1005 2966 1075 imprecatur
2995 1023 3008 1059 :
3043 1013 3099 1059 ut
3127 1006 3318 1060 lruStra
3350 1007 3575 1071 laboret,
3602 1015 3660 1062 ιιι
3684 1009 3752 1060 ab

2169 1093 2399 1148 inimicis
2431 1095 2690 1160 vincatur,
2723 1108 2780 1149 ut
2825 1098 3100 1162 moriatur,
3132 1105 3188 1150 ut
3231 1113 3297 1151 ne
3335 1107 3505 1151 morte
3533 1099 3747 1167 quidem

2169 1185 2470 1250 communi,
2503 1197 2558 1240 ut
2597 1187 2714 1256 ejus
2741 1188 2900 1241 etiam
2955 1188 3208 1242 memoria
3239 1187 3502 1254 deleatur,
3531 1199 3586 1241 ut
3629 1205 3747 1242 ctnu

2171 1277 2458 1347 ignominia
2494 1296 2506 1332 :
2539 1293 2644 1332 non
2688 1287 2764 1333 tot
2806 1285 3028 1333 ettanta
3061 1279 3160 1332 sibi
3201 1278 3624 1347 itnprecaturus,
3653 1280 3749 1333 ιιίςί

2171 1370 2511 1425 conscientia!
2539 1373 2880 1426 vehementer
2917 1371 3230 1426 conﬁderet.
3269 1371 3411 1436 Qum
3453 1371 3497 1424 si
3532 1371 3604 1424 illi
3640 1382 3753 1426 erat

2174 1461 2447 1527 inimicus,
2479 1476 2582 1515 non
2620 1470 2794 1530 potest
2833 1464 2883 1516 in
2927 1477 3047 1516 eum
3091 1448 3244 1532 culpa
3285 1463 3549 1526 conferri;
3576 1478 3748 1530 neque

2175 1554 2314 1609 enim
2347 1553 2458 1624 ipse
2478 1556 2705 1624 praebuit
2743 1555 3100 1609 occasionem.
3133 1555 3301 1622 Quam
3324 1556 3466 1609 enim
3495 1555 3646 1609 dedit
3691 1557 3749 1606 li-

2177 1645 2248 1700 lio
2271 1647 2604 1701 occasionem
2625 1646 2698 1716 (2.
2727 1647 2849 1718 Reg.
2894 1648 2981 1701 ll.
3013 1647 3102 1701 21.
3126 1657 3174 1700 et
3199 1646 3366 1718 sqq.)?
3386 1661 3542 1718 quant
3575 1647 3756 1700 Sauli?

2175 1736 2291 1792 Non
2346 1739 2494 1793 illum
2521 1781 2536 1806 ,
2573 1751 2692 1792 cum
2720 1749 2890 1794 morte
2920 1739 3077 1808 digna
3118 1741 3362 1802 iecisset,
3417 1739 3483 1793 ad
3547 1747 3754 1808 tempus

2177 1832 2490 1900 castigatum
2521 1817 2744 1886 "reduxit
2783 1840 2837 1887 et
2862 1831 3092 1886 restituit
3123 1849 3136 1886 :
3165 1831 3304 1885 hunc
3330 1838 3506 1886 autem
3531 1841 3754 1885 mortem

2177 1923 2228 1978 ei
2257 1923 2646 1978 machinantem
2669 1964 2685 1989 ,
2711 1925 2761 1977 in
2785 1937 2971 1977 manus
2991 1937 3114 1977 suas
3157 1937 3300 1993 smpe
3339 1921 3612 1993 delapsum
3641 1938 3756 1976 ser-

2180 2017 2320 2071 tavit
2367 2017 2440 2090 (l.
2472 2017 2598 2087 Reg.
2629 2017 2718 2072 24.
2749 2018 2805 2087 7)
2827 2059 2839 2072 .
2883 2017 2999 2072 Non
3034 2031 3162 2085 ergo
3189 2015 3394 2088 respice
3423 2031 3487 2068 an
3516 2017 3761 2072 inimicos

2181 2106 2456 2174 habuerit,
2484 2107 2576 2162 sed
2614 2121 2680 2163 an
2722 2123 2818 2162 eos
2857 2107 2970 2178 ipse
3015 2108 3113 2162 sibi
3146 2105 3348 2163 fecerit.
3396 2107 3575 2176 Neque
3614 2108 3758 2162 enim

2181 2199 2424 2254 Christus
2467 2199 2568 2254 hoe
2607 2199 2763 2270 jussit
2787 2240 2801 2264 ,
2843 2215 2942 2254 nos
2979 2215 3084 2253 non
3131 2198 3330 2254 habere
3361 2199 3636 2264 inimicos,
3665 2200 3760 2253 sed

2181 2301 2288 2346 non
2317 2291 2495 2345 odisse
2519 2308 2533 2344 :
2559 2289 2660 2346 hoc
2685 2292 2882 2361 quippe
2919 2300 3000 2345 est
3027 2293 3077 2344 in
3105 2299 3283 2344 nostra
3309 2300 3570 2359 potestate
3588 2333 3600 2354 ,
3633 2290 3762 2344 illud

2187 2393 2310 2434 vero
2355 2380 2591 2434 minime.
2625 2379 2702 2435 Ne
2744 2390 2919 2434 autem
2951 2380 3066 2434 sine
3110 2394 3271 2434 causa
3294 2379 3421 2433 odio
3449 2379 3758 2441 habeantur,

2182 2483 2289 2524 non
2327 2477 2411 2524 est
2437 2471 2488 2523 in
2537 2477 2718 2525 nostra
2755 2479 3016 2539 potestate
3039 2511 3055 2531 ,
3081 2469 3172 2524 sed
3201 2470 3254 2522 in
3284 2483 3468 2524 eorum
3499 2473 3588 2539 qui
3634 2469 3762 2524 ode-

2183 2569 2327 2615 runt.
2377 2560 2605 2632 lmprobi
2650 2563 2794 2616 enim
2841 2562 3009 2616 bonos
3055 2562 3198 2614 nulla
3246 2563 3465 2614 omnino
3507 2561 3576 2615 de
3603 2577 3760 2615 causa

2183 2653 2363 2708 odisse
2402 2665 2753 2707 consuevere.
2804 2652 3013 2706 Etenim
3059 2652 3328 2705 Christum
3383 2667 3592 2723 quoque
3647 2653 3764 2705 sine

2183 2759 2340 2802 causa
2367 2745 2493 2800 odio
2519 2745 2838 2811 habuerunt,
2868 2743 3312 2816 quemadmodum
3336 2744 3464 2798 dicit
3492 2763 3507 2799 :
3535 2743 3764 2798 Oderunt

2185 2851 2266 2890 me
2307 2837 2463 2906 gratis
2493 2833 2669 2906 (Joan.
2697 2836 2785 2890 l5.
2817 2835 2931 2906 25).
2963 2835 3030 2890 Et
3067 2834 3293 2904 apostoli
3333 2833 3633 2888 habuerunt
3662 2835 3762 2888 ini-

2187 2925 2355 2980 micos
2395 2924 2898 2994 pseudoapostolos,
2941 2935 2994 2980 et
3037 2923 3309 2996 prophetae
3338 2925 3498 2978 l’alsos
3527 2923 3760 2996 prophe-

2186 3023 2286 3074 tas.
2313 3015 2428 3070 Non
2448 3023 2531 3070 est
2553 3017 2696 3071 enim
2719 3016 2820 3070 hoc
2843 3015 3220 3086 spectandum,
3253 3026 3310 3070 ut
3343 3029 3448 3069 non
3477 3014 3765 3068 habeamus

2187 3107 2432 3162 inimicos
2451 3149 2466 3173 ,
2495 3107 2680 3163 sedne
2699 3108 2858 3178 juste,
2891 3117 2944 3163 et
2970 3123 3038 3163 ne
3065 3121 3183 3163 cum
3211 3122 3401 3172 causa;
3435 3117 3593 3178 atque
3615 3117 3668 3162 ut
3699 3107 3764 3161 li-

2187 3209 2273 3254 eet
2301 3199 2493 3254 millies
2521 3199 2644 3254 odio
2684 3199 2993 3267 habeamur,
3026 3213 3132 3253 non
3159 3198 3448 3254 habeamus
3487 3199 3611 3253 odio
3637 3240 3651 3264 ,
3676 3215 3767 3253 ne-

2189 3305 2292 3363 que
2322 3307 2629 3347 aversemur
2656 3310 2672 3345 :
2704 3293 2755 3346 in
2786 3291 2888 3348 hoc
2924 3292 3066 3347 enim
3108 3291 3396 3346 inimicitia:
3440 3291 3766 3357 consistunt,

2190 3392 2248 3438 ut
2287 3383 2413 3438 odio
2451 3384 2739 3438 habeamus
2756 3425 2772 3449 ,
2795 3393 2851 3438 et
2890 3397 3216 3438 averscmur.
3242 3381 3463 3449 Quando
3489 3396 3617 3452 ergo
3645 3381 3768 3436 odio

2189 3473 2412 3540 habeor,
2441 3483 2494 3529 et
2530 3472 2655 3528 odio
2700 3488 2806 3528 non
2835 3472 3035 3538 habeo,
3061 3473 3149 3526 ille
3191 3487 3278 3527 me
3324 3473 3595 3528 inimicum
3620 3515 3635 3538 ,
3663 3485 3767 3527 non

2189 3579 2289 3635 ego
2328 3579 2452 3621 eum
2480 3565 2671 3620 habeo.
2710 3563 2935 3632 Quando
2972 3563 3022 3618 ei
3065 3563 3200 3618 bene
3246 3577 3460 3632 precor,
3486 3562 3697 3632 quando
3719 3563 3766 3617 ei

2188 3659 2310 3712 volo
2366 3656 2713 3722 benefacere,
2744 3655 3010 3726 quomodo
3059 3670 3158 3725 ego
3188 3653 3260 3708 illi
3301 3669 3419 3708 sum
3473 3653 3766 3708 inimicus?

2189 3747 2480 3816 Propterea
2523 3745 2732 3801 dicebat
2777 3745 2970 3800 Paulus
3003 3743 3102 3799 εει
3133 3743 3368 3814 possibile
3405 3753 3475 3796 est
3502 3784 3516 3807 ,
3541 3754 3595 3796 ut
3617 3753 3690 3796 est
3717 3741 3768 3794 in

2189 3838 2346 3906 vobis,
2375 3839 2486 3891 cum
2515 3836 2741 3892 omnibus
2783 3835 3067 3891 hominibus
3115 3851 3288 3904 pacein
3327 3833 3562 3888 habentes
3589 3834 3766 3903 (item.

2192 3925 2282 3983 ta.
2315 3929 2421 3997 l8).

2259 4015 2315 4075 6.
2345 4019 2550 4073 Inimici
2574 4018 2824 4090 quonwdo
2853 4017 3385 4088 placandi.-—Nostra
3416 4027 3548 4086 ergo
3580 4016 3769 4071 alieru-

2187 4117 2330 4178 mtis,
2358 4117 2411 4168 et
2435 4123 2498 4166 ex
2529 4111 2631 4166 hoc
2669 4111 2786 4180 ipso
2813 4109 3163 4165 sufﬁcientem
3210 4107 3416 4161 laudem
3453 4108 3767 4162 referemus.

2191 4205 2444 4270 Qumtiattt
2486 4209 2618 4256 sunt
2660 4211 2839 4256 autem
2891 4199 3106 4255 nostra?
3148 4196 3214 4253 Ut
3245 4196 3390 4251 verbi
3437 4197 3606 4266 gratia
3641 4215 3656 4252 :
3686 4197 3771 4252 hie

2189 4295 2314 4349 odio
2339 4304 2389 4348 to
2413 4293 2608 4356 habet,
2637 4301 2692 4347 et
2721 4293 3031 4361 impugnat?
3060 4289 3139 4344 Tu
3167 4303 3284 4343 ama
3305 4328 3320 4351 ,
3348 4295 3403 4343 et
3426 4303 3547 4343 eum
3571 4288 3772 4344 beneﬁ-

2189 4389 2276 4442 cio
2309 4385 2483 4440 al’lice.
2518 4385 2732 4439 Probris
2757 4391 2811 4439 et
2839 4381 3134 4438 maledictis
3163 4381 3408 4452 appetit?
3437 4380 3516 4434 Tu
3547 4381 3772 4437 benedic

2193 4488 2248 4536 et
2271 4479 2444 4534 lauda.
2469 4477 2574 4534 Sed
2601 4492 2668 4533 ne
2696 4477 2773 4532 sic
2797 4475 3010 4547 quidem
3049 4474 3210 4530 solvit
3234 4472 3580 4527 inimicitias?
3607 4472 3772 4543 Maio-

2191 4585 2308 4625 rem
2339 4570 2500 4639 igitur
2523 4568 2616 4622 tibi
2644 4566 2800 4622 aﬂ‘ert
2825 4564 3150 4621 mercedem.
3175 4563 3293 4618 Mali
3319 4563 3462 4618 enim
3483 4605 3498 4628 ,
3521 4577 3628 4634 quo
3653 4579 3774 4616 ma-

2189 4661 2272 4732 'gis
2301 4676 2330 4715 a
2353 4661 2509 4716 nobis
2545 4657 2811 4714 observati
2836 4657 3071 4712 libellum
3105 4655 3293 4709 nolunt
3317 4667 3676 4725 componere,
3709 4668 3776 4705 eo

2193 4751 2348 4807 nobis
2373 4748 2785 4820 splendidiorem
2830 4747 3310 4802 remunerationem
3341 4754 3655 4814 comparant
3677 4786 3692 4810 ,
3722 4754 3777 4798 et

2191 4841 2498 4896 screddunt
2549 4839 2944 4895 imbecilliores.
2992 4837 3091 4906 Qui
3140 4836 3283 4891 enim
3323 4835 3448 4890 odio
3485 4831 3676 4898 habet,
3721 4843 3776 4888 et

2193 4945 2300 4988 non
2327 4931 2723 4999 reconciliatur,
2757 4930 3036 5001 liquescit,
3069 4928 3328 4992 tabescit,
3359 4939 3412 4982 et
3439 4927 3491 4981 in
3515 4937 3776 4996 perpetuo

2192 5023 2335 5080 bello
2372 5032 2614 5078 versatur
2635 5037 2650 5074 :
2674 5021 2764 5091 qui
2800 5029 2882 5076 est
2910 5030 3086 5074 autem
3124 5018 3205 5072 his
3237 5017 3357 5073 telis
3379 5018 3642 5087 superior,
3671 5025 3778 5071 stat

2189 5121 2432 5170 remotus
2478 5127 2508 5167 a
2554 5111 2759 5182 magnis
2807 5107 3250 5178 tempestatibus,
3298 5115 3354 5162 et
3401 5105 3776 5180 sibiipsi_ante

2191 5205 2341 5262 illum
2367 5205 2596 5260 maxime
2617 5202 2850 5272 prodest,
2884 5201 3007 5256 dum
3031 5199 3208 5255 studet
3228 5199 3303 5255 illi
3330 5197 3661 5254 reconciliari
3685 5238 3701 5263 ,
3724 5205 3778 5252 et

2193 5311 2299 5351 non
2326 5309 2529 5350 cumeo
2555 5291 2751 5348 bellum
2776 5305 2961 5364 gerere
2978 5331 2995 5358 ,
3022 5290 3253 5360 seipsum
3293 5303 3322 5342 a
3355 5289 3497 5344 bello
3524 5298 3579 5343 et
3604 5299 3776 5358 pugna

2193 5385 2445 5442 libemus.
2470 5385 2757 5455 Fugiamus
2790 5395 2920 5453 ergo
2950 5395 3070 5438 cum
3096 5382 3214 5437 aliis
3241 5382 3436 5437 bellum
3466 5393 3654 5450 gerere
3675 5421 3692 5446 ,
3721 5385 3778 5435 et

2192 5477 2497 5550 huiusmodi
2527 5491 2703 5532 rerum
2730 5475 2960 5531 radicem
2989 5474 3058 5530 de
3087 5473 3267 5528 medio
3290 5472 3555 5535 tollamus,
3579 5483 3771 5524 vanam

2191 5573 2413 5645 gloriam
2433 5611 2449 5636 ,
2480 5579 2534 5627 et
2555 5569 2850 5625 avaritiam.
2882 5567 2977 5624 Vel
2997 5567 3138 5622 enim
3168 5573 3382 5636 propter
3407 5563 3657 5634 pecunias
3696 5569 3776 5616 est

2197 5663 2436 5721 inimicus
2462 5662 2722 5733 quispiam
2750 5702 2764 5729 ,
2791 5660 2874 5716 vel
2901 5668 3117 5731 propter
3146 5667 3332 5710 vanam
3353 5653 3596 5724 gloriam.
3623 5652 3773 5720 Quod
