4112 6224
555 427 630 482 89
1248 429 1305 483 S.
1343 426 1630 484 JOANNIS
1665 427 2160 486 CHRYSOSTOMI
2194 430 2512 493 ARCUIEP.
2547 435 3094 494 CONSTANTINOF.
3721 427 3813 497 ‘90

449 541 458 619 ξ
549 539 750 594 τούτων
804 532 954 610 ὦμεν
994 539 1273 611 ἀνώτεροι,
1332 541 1428 596 καὶ
1475 542 1569 596 τοῦ
1615 542 1930 598 ἁλίσκεσθαι
1955 543 2126 616 ἔχθρα

547 623 783 693 ἐσόμεθα
827 622 1084 694 ἀνώτεροι
1107 631 1154 678 ⁸.
1190 623 1308 678 Κᾶν
1352 625 1552 697 ὑϐρίσῃ
1603 625 1800 690 τοίνυν,
1825 627 1958 696 φέρε
1995 643 2124 694 γεν-

548 706 712 770 ναίως
745 723 758 736 ·
805 707 994 759 ἑαυτὸν
1026 705 1148 778 γάρ,
1183 707 1244 760 οὑ
1298 707 1359 760 σέ
1389 706 1600 776 ὕϐρισε.
1650 708 1772 761 Κᾶν
1811 708 2011 780 πλήξῃ,
2047 709 2122 781 μὴ

548 787 852 863 ἀντιτείνῃς
880 789 978 860 τὴν
998 789 1204 856 δεξιάν·
1223 787 1336 861 [59]
1355 789 1516 852 a616;
1541 789 1649 861 γάρ
1666 790 1815 843 ἐστιν
1839 791 1870 844 6
1892 791 2123 863 πληττό-

551 889 733 942 μενος,
769 874 828 926 σέ
861 873 959 944 μὲν
1005 875 1072 944 τῇ
1123 873 1286 946 χειρὶ,
1317 871 1507 926 ἐαυτὸν
1545 872 1602 926 δὲ
1630 872 1708 945 τῷ
1738 874 1894 946 θυμῷ
1923 876 2120 942 παίων,

547 957 644 1009 καὶ
681 957 920 1028 πονηρὰν
950 956 1102 1028 παρά
1135 955 1351 1009 πάντων
1391 954 1682 1026 λαμϐάνων
1727 957 1906 1023 δόξαν.
1954 957 2017 1010 El
2061 958 2121 1010 δέ

545 1040 693 1094 δοκεῖ
717 1057 800 1093 σοι
823 1040 994 1094 ταῦτα
1023 1039 1255 1094 δύσκολα
1279 1033 1439 1102 εἶναι,
1466 1039 1738 1110 ἐννόησον,
1765 1041 1848 1095 ὃτι
1868 1042 1915 1093 εἰ
1941 1041 2122 1111 μαινό⁶

549 1123 710 1192 μενός
752 1122 848 1176 σού
875 1141 959 1186 τις
989 1122 1056 1176 16
1095 1122 1304 1192 ἱμάτιον
1343 1122 1695 1192 περιέρρηξε.
1731 1123 1854 1177 τίνα
1885 1123 1952 1178 6v
1985 1123 2120 1194 ἔφης

548 1208 778 1278 πάσχειν
807 1205 1012 1271 κακῶς,
1051 1206 1110 1259 σὲ
1133 1205 1224 1259 16v
1251 1205 1511 1268 παθόντα,
1538 1205 1571 1276 ἢ
1599 1206 1804 1260 ἐκεῖνον
1835 1205 1926 1260 τὸν
1962 1209 2118 1278 ποιή-

549 1308 751 1355 σαντας
790 1288 1024 1360 Εὔδηλον
1049 1289 1132 1343 ὅτι
1161 1289 1385 1342 ἐκεῖνον.
1432 1284 1584 1352 Εἶτα,
1615 1287 1743 1343 ἔνθα
1772 1288 1868 1360 μὲν
1895 1288 1957 1342 16
1988 1289 2118 1360 ίμά-

545 1390 658 1427 τιον
687 1372 1100 1443 διαρῤήγνυται,
1130 1370 1159 1423 6
1197 1371 1428 1442 ποιήσας
1456 1370 1549 1423 τοῦ
1576 1370 1838 1434 παθόντος
1873 1371 2120 1441 χαλεπώ-

545 1472 682 1524 τερα
714 1453 978 1508 πέπονθεν
1002 1469 1016 1483 ·
1069 1451 1196 1506 ἔνθα
1225 1452 1282 1506 δὲ
1323 1454 1355 1523 ἡ
1397 1453 1594 1522 καρδία
1632 1452 2044 1526 διαρῥήγνυται,
2090 1457 2120 1510 6

547 1538 656 1608 γὰρ
689 1536 856 1607 θυμδς
887 1534 1044 1589 τοῦτο
1075 1537 1238 1599 ποιεῖ,
1273 1535 1375 1588 οὑκ
1421 1535 1626 1589 ἐκεῖνον
1667 1537 1847 1610 ἡγήσῃ
1899 1537 2120 1606 μείζονα

547 1619 875 1672 πεπονθέναι
906 1617 1054 1671 δεινά
1081 1616 1198 1679 σοῦ,
1220 1613 1318 1670 ’τοῦ
1344 1617 1466 1687 μηδ’
1490 1617 1668 1671 ὁτιοῦν
1689 1618 2116 1688 ὑπομείναντοςς

547 1701 640 1772 Μὴ
673 1701 781 1772 γάρ
807 1701 872 1773 δὴ
903 1700 1061 1756 τοῦτο
1079 1699 1262 1772 εἴπῃς,
1287 1701 1367 1754 ὅτι
1391 1701 1452 1754 τὸ
1479 1701 1692 1771 ἱμάτιον
1719 1702 1779 1756 16
1803 1703 1894 1757 σὺν
1921 1703 1975 1766 δ,
2003 1703 2117 1757 ἀλλ’

548 1787 630 1839 ὅτι
659 1786 918 1857 πρότερον
948 1784 1046 1856 τὴν
1082 1783 1278 1839 ἑαυτοῦ
1311 1783 1536 1857 καρδίαν
1573 1784 1876 1857 διέρρηξεν.
1908 1784 2120 1860 ’Ὥσπερ

547 1868 660 1940 γὰρ
690 1869 904 1941 ίκτερος
931 1868 1032 1923 οὑκ
1061 1869 1128 1922 ἂν
1155 1867 1386 1936 γένοιτο,
1425 1868 1500 1939 μὴ
1538 1867 1642 1939 τῆς
1684 1868 1846 1939 χολῆς
1889 1870 2118 1942 διαρρα-

548 1953 759 2020 γείσης,
786 1951 880 2005 καὶ
921 1951 1046 2014 τοὺς
1072 1950 1303 2014 οἰκείως
1351 1951 1510 2022 ὅρους
1555 1952 1902 2023 ὑπερϐάσης·
1947 1952 2119 2019 οὑτως

543 2035 648 2089 οὑκ
679 2033 745 2088 ἂν
773 2033 941 2105 θυμὸς
967 2034 1203 2106 ἄμετρος
1225 2033 1452 2102 γένοιτο,
1489 2034 1564 2106 μὴ
1590 2035 1689 2106 τῆς
1717 2035 1944 2107 καρδίας
1975 2036 2122 2110 διαρ-

547 2119 828 2190 ραγείσης.
869 2120 1077 2189 Ὥσπερ
1113 2113 1228 2182 οὑν,
1273 2117 1340 2171 ἂν
1371 2119 1485 2187 ίδῃς
1517 2118 1636 2171 τινὰ
1678 2119 1874 2190 ίκτέρῳ
1902 2121 2121 2192 κατεχό-

550 2216 730 2270 μενον,
760 2198 863 2253 κᾶν
893 2201 1059 2272 μυρία
1082 2200 1384 2272 ἐργάσηται
1409 2199 1578 2267 δεινά,
1607 2201 1708 2254 οὑκ
1734 2201 1799 2255 ἀν
1818 2201 1960 2256 ἐλοιο
1982 2203 2120 2276 πρὸς

549 2283 776 2336 σεαυτὸν
828 2283 1234 2337 ἐπισπάσασθαι
1279 2283 1339 2337 16
1373 2283 1583 2354 νόσημα
1620 2299 1636 2314 ·
1691 2283 1837 2337 οὑτω
1889 2286 1983 2339 καί
2027 2287 2120 2341 ἐπὶ

523 2364 642 2433 ,τοῦ
669 2364 864 2435 θυμοῦ.
908 2365 1000 2437 Μὴ
1033 2365 1218 2436 ζηλοῦ,
1253 2365 1387 2437 μηδὲ
1422 2365 1590 2436 μιμοῦ
1620 2367 1720 2438 τὴν
1752 2369 1968 2435 κακίαν,
2002 2369 2118 2423 ἀλλ’

545 2448 686 2502 ἐλέει
711 2448 960 2502 κάκεῖνον
985 2447 1078 2500 16v
1102 2448 1162 2501 οὑ
1207 2446 1528 2518 χαλινοῦντα
1552 2448 1612 2501 16
1640 2451 1698 2502 ἐν
1726 2450 1874 2521 αὑτῷ
1908 2451 2115 2523 θηρίον,

544 2530 681 2586 ἀλλὰ
732 2533 990 2602 πρότερον
1042 2529 1234 2584 ἐαυτὸν
1285 2529 1676 2602 λυμαινόμενον
1739 2534 1833 2588 καὶ
1880 2533 2119 2603 διαφθεί-

549 2630 730 2685 ροντα.
778 2614 902 2667 Ὅτι
947 2611 1057 2684 γὰρ
1103 2613 1330 2677 ἑαυτοὺς
1377 2615 1426 2668 οί
1471 2615 1702 2671 τοιοῦτοι
1747 2617 2116 2688 λυμαίνονται,

545 2695 767 2750 ἀκούειν
793 2695 907 2749 ἐστι
955 2694 1166 2748 σωλλῶν
1203 2695 1314 2750 τῶν
1356 2696 1456 2761 τὰς
1499 2698 1753 2764 τοιαύτας
1798 2699 2118 2756 διαλυόντων

547 2779 748 2850 μάχας,
785 2779 945 2833 τοῦτο
967 2777 1374 2850 παραινούντων
1409 2780 1592 2844 αὑτοῖς
1615 2798 1628 2812 ·
1657 2781 1864 2836 Σαυτοῦ
1892 2786 2076 2852 φεῖσαι
2099 2801 2113 2815 ·

545 2861 742 2915 σαυτὸν
769 2862 990 2926 ἀδικεῖς.
1031 2861 1281 2916 Τοιοῦτον
1304 2862 1414 2934 γὰρ
1443 2863 1476 2932 ἡ
1513 2863 1680 2917 κακία
1698 2881 1711 2893 ·
1747 2865 1838 2919 16v
1868 2865 2120 2920 τίκτοντα

543 2943 714 3015 αὑτὴν
771 2944 1092 3015 λυμαίνεται
1165 2945 1324 3014 μόνον
1350 2984 1367 3008 ,
1428 2944 1609 2999 πάντα
1659 2945 1772 3000 ἀνω
1829 2947 1922 3000 καὶ
1968 2949 2119 3003 κάτω

544 3028 793 3083 ποιοῦσα.
846 3028 938 3100 Μὴ
977 3028 1155 3081 τοίνυν
1188 3027 1499 3098 βουλόμενοι
1529 3027 1826 3098 ἀμύνεσθαι
1873 3030 2114 3102 ἐτέρους,

543 3111 699 3166 αὑτοὶ
740 3109 832 3166 τοῦ
879 3110 1098 3182 λιμένος
1138 3110 1480 3180 ἐκπέσωμεν.
1512 3110 1644 3164 Οὐδὲ
1669 3112 1774 3184 γάρ
1803 3111 1856 3164 εί
1879 3131 1964 3178 τις
1992 3115 2118 3184 μέλ-

542 3194 651 3248 λων
690 3197 980 3261 ναυαγεῖν,
1015 3192 1108 3246 καὶ
1149 3193 1473 3264 ὑποϐρύχιος
1505 3192 1782 3262 γίνεσθαι,
1823 3195 2010 3266 ὑϐρισέ
2057 3214 2116 3250 σε
2195 3207 2200 3210 ’

544 3279 638 3331 ἐπὶ
664 3277 764 3346 τῆς
807 3277 911 3344 γῆς
940 3275 1268 3346 καθήμενον,
1316 3275 1561 3346 ἧλγησας
1595 3275 1684 3340 ἂν,
1733 3277 1852 3331 οὑδέ
1888 3279 2118 3344 ἐξελθὼν

544 3359 646 3428 τῆς
670 3358 776 3427 γῆς
808 3357 1171 3428 ἐκοινώνησας
1196 3357 1344 3428 αύτῷ
1377 3357 1471 3410 τοῦ
1499 3359 1781 3427 ναυαγίου.
1817 3361 1988 3415 Τοῦτο
2010 3362 2120 3416 τοί-

543 3459 642 3495 νυν
671 3440 1011 3510 ἀναλογίζου,
1045 3442 1128 3494 δτι
1159 3443 1188 3494 6
1217 3441 1316 3511 μὲν
1347 3441 1584 3511 ὑϐρίζων
1615 3458 1675 3494 σε
1698 3442 1792 3496 καὶ
1823 3444 2114 3514 παροινῶν,

545 3523 736 3594 ῶσπερ
775 3523 966 3594 ἰλίγγῳ
1003 3524 1144 3587 τινὶ,
1183 3523 1216 3593 ἢ
1261 3524 1533 3592 καταιγίδι
1569 3525 2115 3596 καταποντιζόμενος,

546 3607 875 3679 ὑποϐρύχιος
904 3609 1132 3676 γίνεται,
1171 3607 1249 3678 τῷ
1285 3608 1379 3661 τοῦ
1410 3607 1582 3678 θυμοῦ
1611 3609 1854 3680 ναυαγίῳ
1888 3628 2118 3682 περιπε-

545 3689 656 3745 σών
677 3707 694 3723 ·
739 3692 803 3744 σὺ
846 3691 904 3744 δὲ
943 3692 972 3743 6
1014 3691 1194 3763 φέρων
1226 3691 1519 3759 γενναίως,
1566 3692 1624 3743 ἐν
1657 3691 1833 3762 λιμένι
1861 3696 1954 3748 καί
1987 3695 2117 3764 παρ’

543 3775 792 3843 αἰγιαλὸν
817 3777 1053 3846 τρυφᾷς.
1098 3773 1220 3826 Ἐὰν
1250 3773 1307 3826 δὲ
1347 3773 1483 3842 πρὸς
1520 3772 1608 3826 16v
1635 3774 1796 3828 a616v
1833 3775 2118 3849 ἐξενεχθῇς

543 3860 693 3929 αύτῷ
717 3859 898 3928 ζῆλον,
927 3859 1026 3912 οὑκ
1050 3860 1276 3920 ἐκεῖνον,
1306 3858 1441 3911 ἀλλά
1472 3858 1667 3912 σαυτὸν
1699 3860 2114 3925 κατεπόντισας.

557 3943 886 4010 Ἀνάστηθι.
921 3943 1114 4008 Κύριε,
1152 3942 1223 3995 ἐν
1252 3939 1400 4010 ὀργῇ
1428 3957 1566 4006 σου,
1603 3941 1867 4010 ὑψώθητι
1899 3945 1968 3997 ἐν
1995 3944 2120 4012 τοῖς

545 4027 760 4094 πέρασι
798 4025 916 4080 τῶν
949 4023 1177 4094 ἐχθρῶν
1215 4042 1352 4079 σου.
1396 4023 1566 4077 Τοῦτο
1605 4024 1778 4088 οὕτως
1821 4021 1964 4092 εἷπε,
2011 4027 2119 4082 δει-

545 4114 676 4174 κνὺς
701 4111 782 4164 ὅτι
824 4109 940 4163 ἔστι
971 4109 1064 4162 καὶ
1100 4108 1200 4162 οὑκ
1246 4109 1304 4161 ἐν
1337 4109 1474 4180 ὀργῇ
1520 4109 1854 4178 ἀναστῆναι·
1887 4109 1962 4172 ὡς
1989 4111 2117 4164 ὅταν

542 4196 708 4270 λέγῃ·
751 4195 1021 4256 Ἀνάστα,
1068 4194 1262 4260 Κύριε,
1315 4190 1525 4246 σῶσόν
1561 4207 1672 4260 με,
1717 4193 1751 4245 ό
1798 4192 1942 4258 Θεός
1974 4210 2115 4261 μου.

557 4278 794 4332 Ἀκούων
819 4278 876 4332 δὲ
903 4277 986 4338 16,
1015 4275 1286 4340 Ἀνάστα,
1319 4273 1486 4344 μηδὲν
1515 4274 1824 4344 σωματικὸν
1849 4276 2120 4330 ὑποπτεύ-

545 4379 665 4432 σῃς.
689 4362 902 4431 Ὥσπερ
943 4359 1053 4429 γὰρ
1094 4358 1158 4411 16
1184 4356 1456 4428 καθῆσθαι
1497 4357 1590 4411 ἐπὶ
1617 4357 1751 4411 Θεοῦ
1775 4359 1836 4412 οὑ
1874 4375 2119 4429 σωματι-

543 4445 656 4507 κῶς
686 4444 917 4515 εἴρηται,
952 4438 1125 4504 οὑτως
1156 4441 1276 4494 οὑδὲ
1307 4441 1479 4494 τοῦτο.
1517 4441 1599 4494 Σὺ
1634 4441 1762 4512 γὰρ,
1798 4445 1951 4512 φησί,
1980 4449 2119 4501 καθ.

543 4528 765 4596 ήμενος
796 4527 884 4591 εἰς
925 4525 1034 4579 τὸν
1074 4523 1277 4578 αἰῶνα.
1320 4521 1386 4576 Τί
1431 4519 1525 4577 οὖν
1567 4525 1716 4577 ἐστιν
1745 4534 1792 4588 ο,
1819 4525 1848 4578 6
1891 4522 1984 4580 διΞ
2019 4528 2120 4598 τῆς

543 4609 810 4679 καθέδρας
854 4608 1180 4673 αἰνίττεται;
1218 4606 1292 4660 Τὸ
1335 4607 1568 4678 ἑδραῖον,
1609 4607 1672 4660 16
1719 4610 2002 4679 πεπηγὸς,
2054 4611 2118 4663 16

545 4691 766 4760 βέϐαιον
793 4691 893 4761 τῆς
931 4689 1166 4761 φύσεως,
1209 4691 1272 4742 16
1309 4690 1554 4761 μόνιμον,
1603 4690 1738 4762 ὅπερ
1769 4688 1864 4746 οὑν
1901 4693 1995 4745 καὶ
2027 4692 2117 4746 διὰ

541 4772 644 4841 τῆς
688 4772 1090 4842 ἀντιδιαστολῆς
1127 4772 1412 4843 ἐδήλωσεν.
1437 4771 1618 4825 Εἰπὼν
1651 4773 1761 4843 γάρ
1783 4770 1832 4838 ἀ,
1863 4772 1949 4826 Σὺ
1973 4777 2117 4827 καθ-

542 4857 765 4928 ήμενος
807 4860 894 4924 εἰς
917 4857 1022 4912 τὸν
1052 4856 1238 4914 αίῶνα
1261 4898 1276 4922 ,
1304 4858 1604 4929 ἐπήγαγεν,
1637 4857 1822 4927 Ὑμεῖς
1848 4857 1917 4911 δὲ
1936 4859 2120 4912 ἀπολ-

507 4950 512 4958 ’
540 4942 789 5012 λύμενοι
825 4943 912 5007 εἰς
943 4941 1049 4994 τὸν
1083 4939 1289 4994 αἰῶνα.
1314 4940 1526 5011 ’Ὥσπερ
1551 4934 1643 4993 οὑν
1673 4940 1734 4993 τὸ
1759 4939 2025 5010 καθῆσθαι
2054 4941 2117 4994 οὑ

544 5023 878 5094 σωματικὸν,
917 5021 1090 5087 οὑτως
1115 5022 1237 5076 οὑδὲ
1261 5022 1325 5076 16
1353 5023 1652 5093 ἀναστῆναι
1673 5035 1688 5052 ·
1722 5023 1838 5076 ἀλλ’
1870 5025 1987 5076 ἐκεῖ
2019 5025 2118 5095 μὲν

541 5109 603 5162 16
630 5109 860 5179 ἑδραῖον,
889 5107 1124 5162 ἐνταῦθα
1151 5107 1210 5161 δέ
1242 5107 1304 5160 16
1338 5107 1729 5178 τιμωρητικὸν,
1761 5107 1822 5160 16
1851 5107 2119 5162 ἀναλωτι-

544 5191 657 5246 κόν.
690 5192 845 5246 Ἐστι
885 5190 944 5244 δὲ
977 5203 1001 5231 ο
1032 5192 1166 5245 ὅπου
1204 5189 1355 5262 δηλοῖ
1403 5189 1465 5243 16
1511 5189 1778 5260 καθῆσθαι
1808 5192 1903 5245 καὶ
1932 5191 1994 5244 16
2037 5191 2119 5245 δι-

607 5397 633 5466 1'
653 5395 839 5466 90988.
858 5410 976 5466 πιξε·
991 5395 1199 5466 ἐειὲιμρα
1217 5393 1517 5466 θψηλέτεροις
1540 5392 1671 5466 (ιιιρά
1693 5393 1903 5466 “ﬁmum
1924 5400 2024 5444 εει·

607 5454 638 5494 ιι
661 5457 766 5521 Alii
789 5460 844 5508 τὸ
859 5520 866 5521 ί
879 5459 964 5507 σὸν
987 5454 1236 5521 διέρρηξεν·
1260 5454 1312 5506 in
1331 5454 1444 5504 aliis
1464 5454 1583 5506 verb
1601 5454 1776 5516 deest,
1802 5455 2007 5519 haecque
2028 5469 2120 5507 vox

546 5520 736 5568 inutilis
758 5520 949 5570 esthoc
974 5520 1095 5569 ιοω.

539 5583 632 5693 οδε
646 5581 797 5692 3:05
822 5583 976 5632 codex
999 5581 1166 5629 αἰῶνα·
1191 5578 1273 5627 καὶ
1291 5577 1361 5635 τίς
1397 5578 1523 5628 ἐστιν
1541 5581 1568 5627 6
1589 5579 1748 5628 διόλου
1765 5581 2050 5643 καθήμενος
2075 5580 2121 5629 τί

609 5704 638 5744 ἀ
673 5705 822 5755 Savil.
848 5707 896 5754 in
929 5706 1094 5756 nolis:
1127 5716 1144 5748 ι
1172 5702 1287 5752 Haec
1313 5704 1512 5752 laudem
1554 5702 1716 5753 verbis
1753 5703 1920 5752 ethoc
1946 5704 2119 5752 ordine

545 5767 595 5814 in
642 5765 809 5816 Hibliis
848 5781 941 5815 non
981 5766 1317 5824 reperiuntur.
1353 5765 1475 5813 Huic
1515 5770 1679 5813 tamen
1711 5764 1856 5813 afﬁne
1882 5765 2119 5826 estquod

543 5826 1225 5894 lcgiiersglm.9l._8._9;’
1271 5887 1284 5894 Α
1355 5886 1366 5894 _
1445 5887 1462 5894 _
1502 5888 1513 5894 _
1554 5887 1574 5894 κ
1641 5887 1650 5894 _
1750 5889 1765 5894 _
1844 5891 1855 5894 _
1999 5887 2006 5894 .

612 5886 636 5928 δ
667 5889 800 5937 Unus
821 5891 940 5937 ὅπου
978 5889 1057 5934 καὶ
1079 5888 1133 5933 τὸ
1157 5886 1400 5948 βασιλικὸν
1439 5887 1574 5943 ὁη)οἶ
1606 5887 1660 5934 τὸ
1683 5889 1911 5945 καθῆσθαι
1936 5887 2012 5937 καὶ
2039 5888 2113 5937 τό.

549 5949 672 6002 Infra
695 5952 820 6003 ide'n
850 5948 950 5998 ἔστι
971 5950 1147 5998 δὲὸπον
1181 5949 1258 5997 καὶ
1281 5949 1333 5996 τὸ
1355 5949 1596 6012 βασι)ικὸν
1636 5950 1768 6009 δηλοῖ
1790 5953 1866 6007 ὡς.

2230 550 2518 603 καστικόν·
2548 552 2625 616 ὡς
2660 553 2788 606 ὅταν
2826 551 2992 621 λέγῃ·
3033 548 3347 616 Ἐκάθισας
3381 548 3498 622 [60]
3530 551 3630 605 ἐπὶ
3672 553 3809 621 θρό-

2224 645 2336 685 νου
2371 635 2404 686 ό
2429 634 2648 700 κρίνων
2683 632 3101 699 δικαιοσύνην·
3143 631 3238 684 καί
3268 632 3298 684 6
3329 633 3562 703 Δανιήλ·
3596 635 3810 702 Θρόνοι

2222 713 2536 784 ἐτέθησαν,
2566 717 2664 770 καί
2690 717 2758 770 τὸ
2787 716 3092 783 κριτήριον
3113 715 3420 771 ἐκάθισεν.
3440 717 3600 771 Ἐστι
3631 717 3730 772 καὶ
3747 718 3812 773 τὸ

2225 795 2523 865 βασιλικόν·
2558 799 2634 863 ῶς
2662 801 2790 853 ὅταν
2820 799 2954 870 λέγῃ
2978 815 2992 829 ·
3032 797 3088 850 Ὀ
3131 797 3345 865 θρόνος
3389 813 3528 864 σου,
3564 803 3597 854 ό
3636 799 3803 868 Θεὸς,

2221 882 2310 945 εἰς
2338 880 2446 935 τὸν
2491 880 2677 936 αἰῶνα
2718 880 2827 935 τοῦ
2874 881 3083 947 αἰῶνος
3101 896 3115 910 ·
3145 880 3368 949 ῥάϐδος
3408 884 3735 952 εὐθύτητος
3761 886 3803 954 ἡ

2212 962 2436 1028 ῥάϐδος
2481 964 2594 1033 τῆς
2625 965 2949 1030 βασιλείας
2990 980 3127 1018 σου.
3156 964 3320 1018 Ὅθεν
3354 965 3449 1018 καὶ
3493 966 3572 1026 16,
3603 965 3803 1026 Κάθου

2220 1040 2288 1093 ἐκ
2307 1040 2520 1106 δεξιῶν
2539 1061 2675 1112 μου,
2723 1045 2784 1098 16
2817 1043 3060 1117 ίσότιμον
3091 1043 3446 1100 ἐνδείκνυται.
3511 1043 3576 1095 Τί
3596 1043 3652 1096 δέ
3683 1045 3800 1097 ἐστι

2217 1121 2300 1188 16,
2335 1123 2432 1176 Ἐν
2483 1123 2630 1194 ὀργῆ
2677 1139 2830 1187 σου;
2890 1124 2999 1173 Καὶ
3057 1123 3216 1174 τοῦτο
3269 1124 3431 1178 πάλιν
3483 1123 3802 1196 θεοπρεπῶς

2221 1203 2537 1276 ἐκληπτέον.
2578 1205 2742 1278 Ὀργὴ
2783 1204 2892 1275 γὰρ
2929 1201 3024 1256 τοῦ
3057 1203 3192 1257 Θεοῦ
3232 1205 3294 1257 οὑ
3331 1205 3522 1270 πάθος,
3556 1207 3690 1260 6116
3719 1225 3803 1260 1r.-

2223 1287 2405 1359 μωρία
2435 1288 2528 1340 καὶ
2561 1288 2802 1352 κόλασις.
2837 1286 3120 1356 Ὑψώθητι
3157 1288 3228 1340 ἐν
3261 1289 3386 1355 τοῖς
3429 1289 3650 1356 πέρασι
3683 1289 3804 1344 τῶν

2218 1369 2447 1439 ἐχθρῶν
2482 1386 2617 1427 σου.
2654 1371 2845 1434 ’Δλλος
2892 1370 3076 1439 φησὶν,
3127 1371 3227 1425 Ἔν
3275 1371 3441 1441 θυμῷ
3508 1371 3607 1426 ἐπὶ
3657 1372 3802 1439 τοὺς

2219 1451 2470 1521 ἐχθρούς
2488 1470 2626 1508 σου.
2644 1453 2893 1524 Ἕτερος,
2920 1451 3018 1505 Ἐν
3039 1453 3198 1521 χόλῳ
3216 1453 3336 1506 τῶν
3355 1455 3684 1508 θλιϐόντων
3700 1471 3797 1524 με.

2223 1535 2468 1607 Ἐτερος,
2510 1536 2607 1590 Ἐν
2636 1537 3096 1604 ἀνυπερθεσίαις
3126 1535 3597 1605 ἐνδεσμούντων.
3651 1537 3711 1590 '0
3741 1538 3801 1590 δὲ

2231 1617 2477 1690 Ἐϐραῖος
2495 1620 2576 1682 16,
2606 1619 2710 1672 Ἐν
2731 1618 2856 1683 τοῖς
2885 1619 3122 1685 πέρασι,
3146 1621 3420 1688 Βεϐαρώθ
3444 1636 3632 1689 φησιν.
3657 1620 3801 1692 Ὅρα

2219 1701 2381 1756 πάλιν
2406 1701 2522 1765 πῶς
2551 1701 2782 1754 ἐνταῦθα
2809 1701 2908 1770 οὑχ
2932 1701 3108 1771 ἐαυτῷ
3139 1702 3355 1773 ἀμύνει,
3380 1703 3496 1756 ἀλλ’
3520 1703 3664 1774 ὑπὲρ
3699 1704 3799 1772 τῆς

2218 1783 2312 1835 τοῦ
2337 1781 2471 1836 Θεοῦ
2503 1782 2660 1853 δόξης
2689 1783 2864 1838 ταῦτα
2887 1783 3054 1852 λέγει.
3080 1783 3155 1836 Οὑ
3181 1783 3290 1856 γάρ
3312 1784 3496 1848 ἀπλῶς
3522 1780 3676 1850 εἰπε,
3692 1782 3800 1837 K6-

2219 1863 2384 1918 λασον
2414 1867 2538 1930 τοὺς
2575 1865 2803 1937 ἐχθρούς
2838 1883 2961 1936 μου,
3006 1866 3043 1937 ἦ
3072 1867 3199 1930 τοὺς
3235 1865 3463 1938 ἐχθρούς
3493 1884 3587 1921 σου
3607 1883 3622 1896 ’
3656 1866 3794 1932 ἀλλ’,

2233 1947 2532 2016 ’Υψώθητα
2583 1949 2693 2002 Καὶ
2725 1947 2844 2011 πῶς
2872 1947 3100 2016 ὑψοῦται
3133 1951 3161 2001 6
3199 1947 3434 2019 ὑψηλὸς,
3466 1949 3560 2002 καὶ
3591 1948 3678 2000 ἀεὶ
3718 1947 3798 2003 ὥν

2220 2029 2478 2099 ὑψιστοςς
2507 2030 2581 2082 T6
2609 2029 2718 2102 γάρ
2745 2030 2878 2099 ὑψος
2911 2030 3075 2084 αὑτοῦ
3107 2031 3206 2102 τῆς
3241 2030 3453 2100 φύσεως
3481 2030 3607 2085 0615
3637 2031 3795 2084 ἐλατ-

2217 2113 2404 2168 τοῦται
2428 2154 2444 2178 ,
2465 2114 2588 2168 οὗτε
2619 2113 3030 2185 προσλαμϐάνει
3073 2131 3156 2168 τι·
3187 2115 3390 2178 τέλειος
3421 2115 3531 2187 γάρ
3563 2117 3678 2168 ἐστι
3704 2116 3800 2168 καί

2218 2195 2489 2268 ἀνενδεὴς,
2518 2196 2612 2250 καί
2655 2197 2743 2250 ἀεὶ
2775 2195 3036 2260 ὡσαύτως
3065 2196 3224 2268 έχων.
3257 2195 3384 2260 Πῶς
3408 2193 3523 2265 οὖν,
3561 2198 3654 2252 καὶ
3692 2198 3799 2251 τίνι

2218 2280 2406 2352 τρόπῳ
2422 2281 2648 2350 ὑψοῦται
2663 2297 2678 2346 ;
2692 2279 2951 2351 ’Υψοῦται
2966 2281 3024 2336 ἐν
3038 2284 3157 2345 ταῖς
3171 2281 3430 2345 διανοίαις
3439 2283 3550 2336 τῶν
3568 2282 3794 2338 πολλῶν.

2220 2359 2346 2416 Οἷον
2377 2362 2800 2434 ἐμακροθύμησε
2832 2363 3092 2429 πολλάκις
3121 2361 3172 2402 τ’
3201 2364 3252 2416 οί
3280 2365 3338 2418 δέ
3372 2364 3562 2436 ἐχθροὶ
3597 2364 3658 2418 οὑ
3696 2383 3800 2436 μα-

2218 2439 2522 2510 κροθυμίας
2549 2442 2809 2512 ἐνόμισαν
2845 2437 3007 2507 εἶναι,
3037 2441 3174 2496 ἀλλά
3213 2442 3598 2507 ταπεινώσεως
3638 2442 3800 2498 τοῦτο

2218 2523 2315 2578 καί
2347 2523 2649 2589 ἀσθενείας.
2677 2525 2841 2580 ’Ὥστε
2891 2526 2987 2580 καὶ
3015 2524 3385 2591 ταπεινοῦται,
3424 2525 3540 2580 ἀλλ’
3586 2525 3688 2580 οὑκ
3736 2526 3800 2582 ἐν

2216 2605 2295 2678 τῷ
2323 2607 2632 2681 πράγματι,
2671 2609 2785 2664 ἀλλ’
2809 2612 2867 2664 ἐν
2896 2612 2966 2682 τῇ
2991 2609 3199 2682 διανοίᾳ
3226 2610 3474 2664 ἐκείνων.

2287 2798 2354 2863 ζ’.
2377 2798 2644 2871 Καθάπερ
2657 2799 2767 2871 γάρ
2783 2801 2812 2854 6
2834 2799 2985 2870 ἥλιος
3003 2799 3241 2872 ἀμυδρὺς
3255 2799 3501 2869 φαίνεται
3517 2801 3629 2864 107.;
3643 2799 3800 2855 6105-

2217 2880 2368 2935 νοῦσι
2404 2881 2504 2945 16;
2548 2882 2733 2952 ὄψεις,
2763 2883 2905 2938 οὑτω
2946 2882 3012 2956 δὴ
3055 2883 3151 2938 καὶ
3197 2885 3226 2938 6
3259 2884 3391 2947 856;
3423 2883 3653 2954 ἀσθενὴς
3700 2884 3799 2938 καὶ

2216 2963 2469 3028 ταπεινὸς
2512 2967 2571 3018 ἐν
2601 2969 2722 3030 ταῖς
2773 2965 3035 3030 διανοίαις
3083 2966 3326 3020 ἐκείνων.
3381 2965 3518 3020 Ἀλλ’
3546 2965 3737 3038 ὥσπερ
3768 2969 3800 3020 6

2216 3047 2366 3117 ἥλιος
2397 3046 2540 3100 οὑτω
2566 3047 2868 3118 νομίζεται,
2889 3050 2990 3102 οὑκ
3018 3049 3132 3103 ἐστι
3159 3049 3216 3102 δὲ
3243 3048 3503 3122 ἀμυδρὸς,
3533 3049 3671 3103 ἀλλά
3696 3049 3800 3120 τῆς

2219 3130 2502 3195 ἀσθενείας
2548 3132 2771 3186 ἐκείνων
2797 3133 2860 3187 16
2889 3133 3093 3196 πάθος·
3123 3131 3266 3188 οὑτω
3305 3134 3399 3186 καὶ
3435 3135 3464 3187 6
3502 3131 3655 3199 856;,
3693 3134 3800 3187 xiv

2217 3213 2376 3268 10610
2422 3216 2826 3289 ὑποπτεύηται,
2870 3217 2973 3271 οὑκ
3020 3216 3166 3270 ἔστιν
3214 3215 3466 3288 ἀσθενὴς,
3509 3215 3646 3271 ἀλλά
3695 3218 3799 3288 τῆς

2219 3299 2442 3372 ἐκείνων
2468 3300 2652 3366 ἀνοίας
2675 3302 2735 3355 16
2765 3301 3092 3374 σύμπτωμα.
3118 3300 3185 3354 τί
3203 3297 3298 3354 οὖν
3319 3317 3483 3372 φησιν
3505 3303 3536 3355 6
3555 3301 3794 3367 δίκαιος;

2230 3379 2506 3453 Ὑψώθητι
2543 3384 2637 3438 καὶ
2687 3384 2838 3457 παρά
2889 3387 3002 3449 τοῖς
3059 3383 3274 3456 ἐχθροῖς
3310 3383 3489 3455 ἡμῶν,
3540 3384 3796 3450 ἐπεξελθε

2195 3464 2314 3516 ’καὶ
2345 3464 2516 3530 δεῖξόν
2555 3483 2648 3518 σου
2681 3467 2782 3537 τὴν
2816 3467 2988 3536 ἰσχὺν,
3013 3467 3099 3519 ἵνα
3127 3467 3176 3519 οἰ
3223 3465 3532 3536 νομίζοντες
3561 3463 3701 3520 εἷναί
3734 3482 3796 3521 σε

2217 3547 2490 3608 ταπεινὸν,
2544 3547 2638 3616 ἀφ’
2678 3545 2754 3602 ῶν
2788 3548 3107 3619 πάοῖρυσιν,
3155 3549 3305 3604 ίδωσί
3342 3568 3436 3605 σου
3467 3551 3566 3622 τὴν
3614 3551 3792 3616 δόξαν.

2219 3629 2373 3694 Εἶδες
2414 3631 2578 3686 αὑτοῦ
2627 3633 2718 3685 16v
2750 3633 2970 3696 σκοπὸν,
3015 3633 3076 3686 οὑ
3116 3633 3180 3686 16
3227 3633 3421 3688 ἐαυτοῦ
3469 3634 3792 3706 ζητοῦντος,

2219 3714 2356 3768 ἀλλά
2385 3715 2446 3768 16
2474 3715 2567 3768 106
2595 3716 2753 3772 8506.
2795 3716 2868 3770 T6
2901 3717 2981 3780 δὲ,
3022 3719 3123 3770 Ἐν
3155 3717 3278 3784 τοῖς
3309 3718 3588 3785 πέρασιν,
3613 3722 3661 3774 οί
3695 3721 3794 3792 μέν

2220 3815 2408 3867 φασιν,
2445 3799 2548 3852 Ἐν
2581 3799 2711 3865 ταῖς
2738 3799 3048 3868 κεφαλαῖς,
3079 3801 3127 3852 οἰ
3158 3800 3238 3866 δὲ,
3266 3803 3490 3872 Μηδεὶς
3517 3801 3793 3872 διαφύγοι

2219 3880 2338 3934 τῶν
2368 3881 2615 3950 ἐχθρῶν.
2663 3882 2892 3950 Μεγάλη
2938 3881 2995 3936 δὲ
3043 3883 3216 3954 ἀρετὴ
3261 3885 3354 3939 τοῦ
3404 3886 3630 3950 δικαίου,
3661 3885 3795 3939 ὅταν

2218 3965 2344 4027 τοὺς
2389 3964 2582 4027 αὑτοὺς
2613 3963 2839 4036 ἐχθροὺς
2878 3963 2978 4039 ἔχῃ
3016 3965 3094 4036 τῷ
3131 3965 3252 4037 Θεῷ
3297 3970 3390 4020 καί
3430 3971 3555 4032 τοὺς
3597 3968 3794 4029 αὑτοὺς

2221 4045 2434 4116 φίλους·
2473 4045 2662 4118 ῶσπερ
2693 4047 2861 4100 κακία
2917 4049 3159 4118 μεγάλη,
3205 4051 3332 4103 ὅταν
3375 4051 3499 4112 τοὺς
3530 4050 3624 4103 τοῦ
3657 4049 3792 4103 Θεοῦ

2221 4128 2406 4198 φίλους
2436 4128 2660 4200 ἐχθροὺς
2686 4130 2806 4204 ἔχῃ,
2833 4132 2927 4184 καὶ
2954 4132 3078 4192 τοὺς
3097 4130 3324 4200 ἐχθροὺς
3351 4131 3558 4200 φίλους.
3583 4133 3796 4202 Ὠσπερ

2219 4206 2362 4266 οῦνό
2398 4211 2528 4276 856;
2572 4213 2800 4284 ἐχθροὺς
2849 4212 2991 4281 ἔχειν
3042 4211 3280 4277 λέγεται,
3327 4213 3386 4264 οὑ
3425 4211 3620 4280 μισῶν,
3667 4212 3793 4266 οὑδέ

2187 4309 2192 4314 ·
2220 4295 2691 4367 ἀποστρεφόμενος
2712 4295 2928 4356 αὐτοὺς,
2952 4292 3086 4346 ἀλλὰ
3109 4292 3209 4354 16;
3232 4291 3458 4362 πράξεις
3485 4292 3665 4346 αὑτῶν
3693 4294 3794 4358 16;

2222 4379 2462 4448 πονηρὰς
2503 4377 2937 4446 βδελυττόμενος·
2972 4373 3115 4426 οὑτω
3149 4374 3243 4426 καὶ
3277 4377 3306 4426 6
3336 4375 3544 4439 δίκαιος
3564 4375 3793 4448 ἐχθροὺς

2220 4461 2351 4530 ἔχει,
2397 4461 2498 4513 οὑκ
2533 4459 2870 4529 ἀμυνόμενος
2926 4457 3155 4520 αὑτοὺς,
3197 4457 3334 4512 ἀλλά
3373 4459 3474 4531 τὴν
3524 4461 3793 4530 πονηρίαν

2218 4542 2709 4613 ἀποστρεφόμενος.
2756 4539 2868 4594 Kal
2928 4538 3287 4610 ἐξεφέρθητι,
3339 4543 3520 4611 Κύριε
3567 4542 3602 4596 ό
3647 4543 3793 4608 Θεός

2212 4642 2354 4690 μου,
2383 4625 2456 4676 ἐν
2501 4621 2910 4691 προστάγματι
2943 4615 2992 4688 ᾧ
3039 4623 3334 4679 ὲνετείλω.
3362 4623 3550 4687 ’Ἄλλος
3601 4625 3789 4694 φησὶν,

2233 4707 2333 4760 Ἐν
2369 4705 2622 4774 κρίματι.
2651 4704 2760 4758 Kal
2800 4705 3119 4776 συναγωγὴ
3158 4705 3325 4761 λαῶν
3357 4705 3655 4762 κυκλώσει
3693 4725 3788 4762 σε.

2223 4787 2414 4852 Ἄλλος
2455 4788 2606 4858 φησὶ,
2637 4787 3013 4842 Κυκλωσάτω
3049 4806 3123 4843 σε
3148 4791 3193 4843 ⁸.
3235 4790 3342 4844 Kal
3382 4789 3536 4858 ὑπὲρ
3572 4791 3792 4859 ταύτης

2218 4874 2306 4938 εἰς
2347 4871 2502 4940 ὕψος
2550 4871 2942 4940 ἐπίστρεψον,
2984 4871 3100 4944 [6|]
3161 4874 3357 4941 Κύριε.
3393 4872 3582 4937 Ἄλλος
3627 4874 3789 4945 φησὶ,

2221 4957 2329 5010 Καὶ
2359 4955 2556 5008 ἐπάνω
2588 4954 2778 5023 αὐτῆς
2803 4957 2890 5019 εἰς
2926 4957 2992 5010 τὸ
3032 4957 3190 5024 ὕψος
3225 4957 3630 5026 ὺπόστρεψον.
3665 4955 3792 5010 Ἀλ-

2185 5037 2188 5041 ’
2221 5039 2330 5103 λος,
2365 5038 2474 5091 Kal
2515 5037 2614 5091 ἐπὶ
2654 5038 2837 5107 ταύτῃ
2877 5040 2962 5104 εἰς
3003 5037 3162 5107 ὕψος
3205 5039 3594 5108 ἐπίστροφον.
3637 5040 3696 5092 '0
3731 5039 3790 5091 δὲ

2233 5122 2481 5193 Ἐϐραῖος
2533 5120 2614 5182 16,
2673 5120 2842 5190 ’Υπὲρ
2884 5123 3126 5189 ταύτης,
3181 5123 3366 5192 φησίν,
3424 5121 3676 5176 Οὑιιιεά.
3721 5121 3786 5173 Τί

2221 5208 2389 5267 ἐστιν,
2430 5205 2532 5258 Ἐν
2570 5203 2974 5273 προστάγματι
3016 5199 3066 5272 ᾦ
3109 5205 3424 5270 hamum;
3453 5203 3617 5257 Ὥστε
3666 5204 3789 5274 βοη-

2223 5288 2335 5342 θεῖν
2364 5290 2475 5350 τοῖς
2509 5285 2898 5358 ἀδικουμένοις,
2927 5289 3020 5342 καὶ
3057 5288 3132 5359 μὴ
3167 5290 3452 5359 περιορᾷν,
3475 5288 3632 5359 φησι,
3661 5289 3790 5350 τοὺς

2181 5387 2188 5392 ·
2222 5370 2935 5442 ἐπιϐουλευομένους.”οπερ
2947 5368 3041 5427 06v
3059 5373 3189 5440 ἡμῖν
3205 5370 3617 5442 ἐνομοθέτησας,
3635 5371 3792 5424 τοῦτο

2181 5477 2190 5484 ·
2222 5458 2316 5510 καὶ
2349 5457 2507 5520 αὐτὸς
2539 5455 2628 5508 διὰ
2657 5455 2761 5507 τῶν
2795 5453 2970 5524 ἔργων
3007 5455 3138 5526 ἡμῖν
3166 5453 3381 5517 ἀπόδος.
3419 5454 3576 5519 Τινὲς
3605 5455 3661 5509 δέ
3695 5453 3791 5508 καὶ

2292 5675 2310 5714 Ι
2359 5676 2482 5748 Post_
2519 5675 2745 5748 πολλάκις
2780 5674 2951 5748 Ποτει.
2980 5677 3125 5748 Addit
3157 5676 3252 5732 τοῖς
3295 5676 3476 5738 μεγάλα
3516 5665 3795 5738 ἡμαρτηκὸ-

2224 5755 2290 5796 σι,
2311 5751 2420 5800 ψιε
2441 5737 2695 5810 absunl_ab
2707 5738 2932 5787 omnibus
2952 5739 3076 5787 aliis.
3284 5737 3303 5812 "
3626 5737 3630 5738 “
3748 5794 3757 5804 ,

2287 5803 2313 5840 ι
2334 5799 2385 5867 is
2402 5800 2490 5867 gul
2510 5805 2677 5867 verm,
2721 5799 3017 5867 11011330619:
3049 5815 3136 5867 σε,Δ
3155 5806 3232 5846 est
3269 5799 3601 5867 tyymmachus.
3625 5797 3792 5867 Leciig

2227 5879 2307 5911 και
2327 5858 2484 5910 ἐπάνω
2511 5858 2673 5919 αὐτῆς,
2717 5867 2797 5909 esi.
2818 5860 3196 5909 Theodotionis:
3250 5861 3404 5920 allen
3444 5872 3580 5920 vero,
3614 5861 3695 5908 καὶ
3716 5858 3790 5908 ἐπὶ

2224 5940 2389 6003 ταύτῃ,
2416 5943 2490 5990 est
2511 5938 2717 6001 Aquilae.
2746 5937 2932 5987 06am:
2957 5935 3196 5986 Hehraice
3219 5919 3370 5998 τρίγλη
3392 5940 3435 5985 ει
3459 5919 3601 5998 super
3621 5947 3746 5986 eam.
