4112 6224
381 295 449 354 εςι
1533 291 1888 350 EXPOSITIO
1951 291 2016 348 IN
2055 291 2374 350 PSALMUM
2409 293 2519 349 Vll.
2831 305 2834 308 ’
3575 299 3646 357 π

379 411 422 462 si
447 410 512 461 iis
532 406 788 460 fuerimus
811 405 1136 476 superiores,
1167 404 1325 459 etiam
1345 418 1413 459 ne
1431 417 1527 458 nos
1553 402 1955 473 apprehendant

378 485 690 563 lniinicitizn,
716 495 1006 552 evademus
1021 495 1342 564 superiores.
1359 495 1470 549 Etsi
1487 509 1615 564 ergo
1637 494 1956 549 contumelia

383 589 617 644 effecerit
641 631 655 653 ,
703 602 896 658 magno
925 585 1005 642 fer
1056 587 1233 640 animo
1261 603 1274 639 :
1306 587 1535 655 scipsum
1571 585 1710 639 enim
1733 625 1749 650 ,
1769 599 1878 639 non
1906 594 1957 639 te

381 680 557 735 affecit
603 680 817 748 injuria.
859 677 924 732 Et
965 677 1010 732 si
1058 677 1408 746 percusserit,
1439 689 1504 729 ne
1539 675 1769 729 obsistas
1796 691 1810 728 :
1841 673 1956 742 ipse

381 773 523 826 enim
569 771 759 825 feritur
777 809 792 834 ,
824 779 876 824 te
901 783 1059 823 manu
1079 808 1094 833 ,
1118 769 1347 837 seipsum
1375 767 1450 821 ira
1497 766 1710 835 pulsans
1727 795 1748 833 ,ι
1773 773 1828 820 et
1853 764 1955 821 sibi

379 863 574 917 malam
603 861 671 915 ab
698 858 946 916 omnibus
968 859 1409 913 existimationem
1433 870 1767 927 comparans.
1800 856 1953 924 Quod

378 954 422 1006 si
457 954 570 1007 hac
595 951 693 1006 tibi
722 951 964 1006 videntur
985 963 1105 1004 esse
1131 949 1384 1013 difticilia,
1427 949 1530 1003 hoc
1553 947 1690 1016 apud
1725 957 1780 1002 te
1827 961 1955 1000 con-

378 1040 555 1098 sidera
587 1039 670 1096 :si
693 1040 810 1111 quis
844 1039 1070 1094 furiosus
1112 1050 1313 1094 vestem
1362 1046 1507 1093 tuam
1533 1037 1772 1107 undique
1817 1037 1956 1091 Iace-

377 1135 511 1188 rarit
529 1174 544 1199 ,
566 1147 846 1203 quemnam
875 1131 1072 1188 dixeris
1113 1131 1263 1186 malis
1285 1130 1423 1186 aflici
1443 1171 1462 1197 ,
1489 1139 1613 1185 tene
1635 1131 1724 1200 qui
1770 1145 1955 1198 passus

379 1240 438 1278 cs
466 1266 479 1286 ,
511 1240 577 1277 an
609 1223 750 1278 illum
779 1223 865 1293 qui
913 1208 1078 1277 fecit?
1119 1223 1333 1276 Clarum
1361 1233 1506 1277 certe
1537 1230 1618 1276 est
1641 1220 1780 1291 quod
1807 1221 1952 1275 illum

381 1313 522 1366 male
550 1309 788 1367 allectum
826 1327 943 1368 esse
985 1312 1222 1368 dicturus
1247 1314 1343 1367 sis.
1397 1311 1608 1382 Ergone
1630 1354 1646 1378 ,
1677 1311 1764 1366 ubi
1792 1313 1954 1367 vestis

381 1404 594 1473 quidem
616 1404 951 1472 discinditur,
966 1404 1055 1475 qui
1078 1403 1219 1470 fecit,
1237 1405 1478 1474 graviora
1496 1417 1678 1472 passus
1693 1409 1950 1472 estquam

381 1495 429 1548 is
455 1499 542 1558 qui
572 1497 727 1550 kesus
755 1495 856 1549 fuit
885 1513 898 1547 :
929 1494 1019 1548 ubi
1039 1503 1216 1549 autem
1240 1509 1335 1549 cor
1364 1494 1656 1564 rumpitur,
1685 1493 1786 1547 hoc
1809 1494 1950 1548 enim

372 1585 512 1640 facit
537 1587 632 1648 ira,
664 1602 770 1640 non
800 1587 948 1640 illum
976 1585 1222 1654 gravium
1249 1599 1367 1640 esse
1388 1599 1600 1654 passum
1627 1584 1835 1654 putabis
1860 1591 1946 1649 te,

377 1677 472 1747 'qui
516 1691 583 1732 ne
610 1678 869 1733 tantillum
897 1678 1108 1747 quidem
1138 1693 1324 1748 passus
1345 1678 1447 1734 es?
1471 1678 1650 1749 Neque
1671 1679 1811 1734 enim
1848 1677 1951 1732 hoc

377 1769 578 1824 dixeris
601 1811 615 1836 ,
650 1771 794 1825 illum
837 1779 1038 1826 vestem
1079 1781 1220 1825 tuam
1259 1771 1516 1839 scidisse,
1543 1771 1637 1826 sed
1665 1771 1812 1840 prius
1858 1786 1952 1825 cor

376 1877 550 1914 suum.
590 1861 736 1916 Sicut
781 1862 922 1916 enim
971 1877 1078 1916 non
1125 1861 1281 1917 fuerit
1317 1863 1534 1918 morbus
1580 1863 1797 1932 regius,
1847 1861 1950 1915 nisi

374 1951 495 2004 bilis
537 1960 858 2020 exsuperet,
896 1960 953 2006 et
983 1953 1226 2021 proprios
1264 1951 1458 2007 limites
1503 1952 1845 2007 transilierit:
1879 1953 1950 2006 ita

369 2041 658 2096 vehemens
685 2040 761 2096 ira
785 2042 877 2096 tibi
908 2057 1012 2096 non
1043 2042 1231 2109 fuerit,
1264 2043 1308 2096 si
1338 2057 1445 2096 non
1477 2041 1633 2096 fuerit
1657 2058 1752 2096 cor
1778 2041 1954 2097 disru-

369 2145 542 2202 ptum.
575 2134 1034 2201 Quemadmodum
1079 2149 1210 2204 ergo
1255 2134 1299 2188 si
1329 2133 1526 2188 videris
1553 2134 1780 2203 aliquem
1807 2134 1950 2203 regio

365 2225 558 2279 morbo
585 2226 753 2279 teneri
775 2267 791 2291 ,
817 2225 916 2280 etsi
955 2225 1093 2280 mala
1136 2223 1322 2279 fecerit
1361 2225 1635 2279 innumera
1660 2264 1676 2289 ,
1705 2223 1947 2278 morbum

369 2315 442 2366 ad
467 2323 519 2368 te
543 2316 680 2368 nolis
707 2315 972 2370 attrahere
1014 2300 1032 2370 ὲ
1071 2316 1141 2369 ita
1166 2315 1326 2370 etiam
1351 2314 1404 2369 in
1432 2314 1530 2369 ira.
1558 2313 1634 2369 Ne
1660 2315 1942 2378 annulare,

375 2417 479 2456 ιιι-ο
528 2403 734 2458 imitare
784 2404 964 2458 vitium
988 2445 1006 2471 ,
1027 2405 1122 2458 sed
1167 2405 1304 2458 illius
1333 2405 1508 2475 potius
1536 2405 1787 2459 miserere
1815 2444 1831 2469 ,
1859 2403 1949 2472 qui

377 2505 542 2557 quam
572 2490 621 2543 in
646 2506 706 2545 se
735 2491 896 2545 habet
923 2507 1027 2545 non
1063 2491 1234 2546 frenat
1267 2493 1524 2556 belluam,
1554 2493 1761 2560 sibique
1804 2508 1852 2561 pi
1867 2493 1952 2546 ius

381 2581 630 2634 damnum
656 2580 814 2634 alfert
847 2589 901 2635 et
924 2581 1160 2636 exitium.
1188 2581 1340 2649 Quod
1375 2582 1516 2636 enim
1547 2583 1635 2651 qui
1657 2582 1791 2636 tales
1831 2592 1957 2637 sunt

379 2669 615 2738 sibiipsis
658 2670 909 2724 damnum
956 2669 1210 2739 afferant,
1245 2672 1366 2726 licet
1393 2671 1574 2727 audire
1608 2673 1801 2728 multos
1822 2714 1838 2740 ,
1865 2674 1956 2744 qui

377 2761 680 2829 huiusmodi
725 2777 927 2832 pugnas
967 2771 1020 2818 et
1069 2763 1188 2818 lites
1242 2771 1600 2834 componunt,
1654 2763 1757 2818 hoc
1802 2773 1957 2835 pacto

375 2865 469 2906 eo;
504 2851 1069 2909 admonenteszf’arce
1114 2853 1343 2922 tiblipsi;
1392 2853 1522 2909 facis
1556 2855 1646 2911 tibi
1686 2855 1952 2926 injuriam.

371 2941 502 2996 Tale
527 2942 666 2996 enim
702 2951 786 2997 est
827 2943 1010 2998 vitium
1043 2960 1202 3000 zeum
1239 2945 1328 3015 qui
1372 2946 1540 3016 ipsum
1569 2948 1746 3017 parit,
1779 2949 1950 3003 solum

373 3031 568 3086 damno
593 3031 776 3100 afficit,
804 3033 981 3089 omnia
1002 3049 1198 3105 susque
1218 3035 1390 3107 deque
1408 3052 1628 3094 movens
1646 3048 1700 3093 et
1721 3040 1948 3107 agitans.

373 3123 450 3177 Ne
491 3138 618 3193 ergo
639 3124 886 3180 volentes
921 3126 1054 3182 alios
1083 3128 1263 3182 ulcisci
1290 3169 1306 3194 ,
1339 3129 1439 3200 ipsi
1481 3145 1512 3184 a
1553 3140 1704 3200 portu
1731 3133 1948 3184 excida-

376 3231 516 3268 nius.
549 3215 732 3286 Neque
785 3217 926 3271 enim
957 3217 1002 3271 si
1041 3219 1304 3288 quispiam
1344 3235 1534 3275 navem
1576 3219 1869 3286 fracturus,
1897 3230 1958 3276 et.

373 3305 798 3376 submergendus
821 3349 836 3372 ,
864 3317 916 3362 te
941 3308 994 3362 in
1025 3315 1166 3364 terra
1193 3309 1464 3365 sedentem
1503 3313 1836 3366 contumeliis
1874 3311 1956 3365 al-

379 3395 578 3460 liceret,
607 3410 672 3450 ex
699 3410 764 3450 eo
788 3397 1023 3451 dolorem
1049 3411 1286 3468 caperes,
1315 3414 1414 3454 nec
1438 3415 1470 3456 e
1501 3409 1638 3455 terra
1662 3401 1946 3466 excedens,

375 3501 496 3540 cum
527 3501 591 3539 eo
616 3501 735 3540 esse
758 3488 922 3542 velles
948 3489 1201 3560 naufragii
1231 3491 1513 3562 particeps.
1538 3491 1647 3545 l'loc
1666 3491 1948 3561 ergoapud

378 3589 429 3631 te
458 3587 639 3646 reputa
685 3577 826 3647 quod
845 3619 859 3640 ,
891 3579 978 3648 qui
1010 3590 1060 3634 te
1087 3583 1404 3635 contumelia
1431 3581 1624 3649 afﬁcit,
1653 3591 1707 3637 et
1737 3582 1948 3651 probris

377 3668 684 3730 insectatur,
717 3676 980 3736 tamquam
1014 3669 1223 3726 turbine
1266 3679 1320 3725 et
1341 3671 1569 3740 procella
1610 3672 1782 3741 aliqua
1829 3672 1948 3743 agi-

378 3769 516 3814 tatus
570 3761 944 3829 sulunergitnr,
984 3761 1036 3814 in
1084 3762 1177 3816 ira:
1216 3763 1541 3832 naufragium
1587 3764 1947 3820 incidens:tu

377 3861 551 3904 autem
608 3849 693 3919 qui
742 3850 848 3904 fers
891 3850 1114 3914 fortiter,
1156 3862 1210 3906 et
1237 3854 1285 3906 in
1312 3833 1462 3921 portu
1500 3853 1629 3908 etin
1656 3855 1809 3908 litnre
1835 3855 1947 3924 agis

377 3942 626 3997 Suaviter.
675 3944 780 3999 Sed
803 3944 848 3998 si
877 3943 944 3998 ad
971 3943 1214 4000 eamdem
1239 3945 1492 4000 deferaris
1516 3948 1907 4002 contentionem
1929 3988 1944 4015 ,

377 4044 482 4088 non
523 4034 704 4099 illum,
728 4033 821 4090 sed
866 4035 1092 4104 teipsum
1121 4034 1442 4090 demersisti.
1473 4037 1524 4088 7.
1556 4035 1816 4107 Exsurge,
1847 4036 1948 4090 Do-

377 4125 509 4177 mine
531 4165 544 4187 ,
574 4125 625 4177 in
653 4125 732 4177 ira
780 4134 896 4190 tua,
927 4125 1151 4179 exaltare
1177 4125 1231 4178 in
1273 4123 1457 4193 ﬁnibus
1493 4125 1810 4179 inimicorum
1833 4119 1947 4179 tuo-

376 4230 508 4266 rum.
548 4215 658 4268 Hoc
703 4215 772 4268 ita
802 4215 962 4282 dixit,
994 4215 1281 4270 ostendens
1310 4230 1429 4270 eum
1462 4229 1620 4284 posse
1645 4216 1804 4269 etiam
1833 4230 1950 4269 sur—

377 4322 502 4376 gere
519 4322 621 4361 non
645 4307 695 4361 in
713 4308 788 4360 ira
811 4326 824 4370 ;
855 4317 910 4362 ut
930 4307 1140 4378 quando
1157 4307 1283 4362 dicit
1311 4326 1325 4362 :
1351 4307 1536 4378 Surge,
1560 4305 1792 4369 Domine,
1811 4323 1951 4360 serva

373 4399 475 4464 ine,
512 4399 646 4453 Deus
688 4417 822 4454 uicus
852 4399 1020 4471 (Psal.
1053 4401 1106 4454 ‘5.
1139 4399 1216 4472 7).
1243 4399 1375 4454 Cum
1401 4407 1578 4454 autem
1615 4399 1767 4453 audis
1789 4440 1805 4467 ,
1839 4399 1950 4454 Ex—

375 4505 528 4559 surge
553 4529 568 4555 ,
623 4489 754 4544 nihil
795 4490 1072 4560 corporale
1134 4491 1439 4561 suspiceris.
1487 4489 1946 4559 Quemadmodum

377 4579 520 4634 enim
561 4579 750 4636 sedere
789 4596 892 4636 non
915 4581 1112 4636 dictum
1141 4589 1221 4636 est
1248 4581 1300 4636 in
1342 4582 1450 4637 Deo
1477 4581 1844 4650 corporaliter,
1878 4583 1946 4637 ita

376 4685 477 4724 nec
497 4669 618 4725 hoc.
647 4669 723 4724 Tu
743 4670 906 4740 enim,
928 4672 1115 4743 inquit,
1138 4671 1312 4726 sedens
1330 4672 1382 4725 in
1393 4673 1648 4726 siccatum.
1666 4673 1798 4741 Quid
1818 4687 1948 4743 ergo

375 4760 638 4830 signiﬁcat
658 4775 751 4831 per
778 4762 1066 4816 sessionem
1083 4762 1108 4814 τ
1132 4761 1478 4830 Firmitatem,
1502 4763 1940 4832 immobilitatem,

375 4859 424 4904 cl
457 4861 660 4907 natura;
687 4852 1051 4920 stabilitatem,
1076 4863 1233 4923 atque
1256 4855 1630 4909 Constantiam.
1653 4855 1804 4922 Quod
1830 4857 1946 4925 qui-

374 4942 496 4996 dem
519 4944 834 5014 significavit
858 4946 1017 4999 etiam
1049 4961 1144 5014 per
1168 4945 1220 4998 id
1248 4945 1388 5014 quod
1430 4951 1478 5000 el
1510 4961 1578 5002 ex
1602 4947 1828 5002 adverso
1852 4962 1948 5018 op-

376 5035 610 5104 ponitur.
639 5036 771 5092 Cum
807 5036 950 5093 enim
975 5038 1197 5094 dixisset
1230 5078 1246 5106 ,
1268 5037 1348 5092 Tu
1389 5038 1566 5093 sedens
1603 5039 1657 5092 in
1681 5039 1941 5106 sarculum,

372 5126 647 5197 subiunxit
665 5171 680 5194 ,
713 5128 812 5184 Vos
837 5139 1003 5185 autem
1025 5137 1293 5201 pereuntes
1313 5131 1366 5185 in
1392 5129 1652 5186 swculum.
1679 5130 1947 5198 Quemad-

373 5219 592 5274 modum
619 5235 746 5293 ergo
773 5221 962 5279 sedere
996 5238 1105 5278 non
1128 5233 1212 5279 est
1233 5222 1534 5292 corporale,
1562 5222 1631 5276 ita
1657 5236 1758 5276 nec
1785 5222 1947 5278 etiam

374 5323 592 5379 surgere
616 5327 632 5368 :
655 5310 748 5366 sed
796 5311 905 5366 illic
947 5313 1161 5382 quidem
1192 5312 1485 5378 stabilitas,
1517 5311 1605 5366 hic
1649 5321 1824 5366 autem
1853 5327 1949 5381 pu-

377 5399 558 5455 niendi
586 5401 667 5456 vis
709 5411 763 5457 et
783 5402 1130 5458 consumendi
1163 5411 1414 5472 potestas.
1457 5401 1658 5458 Sedere
1684 5400 1950 5470 significat

377 5507 776 5563 nonnumquam
803 5491 1073 5562 judicandi
1102 5492 1424 5558 facultatem,
1454 5502 1512 5546 ut
1537 5492 1747 5562 quando
1771 5491 1898 5546 dicit
1928 5507 1944 5547 :

339 5622 347 5628 ι
377 5583 566 5637 Sedisti
591 5600 744 5653 super
785 5584 1054 5650 thronum,
1081 5581 1168 5654 qui
1205 5583 1406 5657 judicas
1444 5583 1697 5654 justitiam
1749 5585 1770 5652 (
1799 5580 1943 5636 Psal.

376 5672 433 5731 9.
455 5675 512 5746 4i)
534 5690 551 5743 ;
577 5685 633 5736 et
655 5675 837 5733 Daniel
865 5692 878 5731 :
905 5674 1094 5732 Throni
1121 5675 1271 5746 positi
1309 5684 1456 5745 sunt,
1481 5685 1526 5731 et
1557 5676 1684 5731 sedit
1696 5675 1946 5748 judicium

2067 403 2228 470 (Dan.
2261 405 2309 457 7.
2340 404 2419 474 9).
2447 405 2541 459 Est
2577 405 2736 459 etiam
2755 407 2936 476 regale
2964 405 3154 460 sedere
3174 448 3188 470 ,
3222 417 3278 460 ut
3307 408 3520 478 quando
3561 416 3642 465 διὸ

2063 495 2172 548 cit:
2205 493 2441 548 Thronus
2490 505 2627 560 tuus,
2669 494 2825 560 Deus,
2874 498 2930 550 in
2978 495 3219 551 oraculum
3261 499 3434 551 seculi
3457 514 3477 552 :
3498 501 3643 567 virga

2063 587 2404 653 rectitudinis,
2435 588 2574 658 virga
2599 589 2738 658 regni
2767 589 2839 641 tui
2865 587 3038 658 (Psal.
3068 589 3156 642 M.
3191 589 3266 658 7).
3292 588 3444 644 Unde
3477 590 3636 656 illum,

2063 676 2198 731 Sede
2219 694 2252 730 a
2271 679 2460 732 dextris
2480 679 2601 732 nteis
2635 677 2953 748 (Psal.v109.
2975 677 3052 749 l),
3083 679 3397 748 significavit
3417 681 3637 750 aequalis

2061 775 2222 824 tatem
2266 769 2502 824 honoris.
2533 771 2668 838 Quid
2710 781 2792 825 est
2815 779 2991 826 autem
3022 771 3147 826 illud
3168 811 3184 837 ,
3219 770 3283 825 In
3317 773 3396 825 ira
3423 774 3555 826 tua?
3581 773 3637 828 Id

2059 875 2270 930 quoque
2299 862 2370 915 ita
2403 877 2586 917 rursus
2609 862 2972 932 accipiendum
2997 873 3098 927 est,
3123 873 3178 918 ut
3204 864 3316 919 Deo
3333 864 3634 920 conveniat;

2059 951 2142 1006 ira
2169 952 2308 1006 enim
2338 953 2431 1006 Dei
2457 969 2562 1008 non
2589 963 2673 1008 est
2698 954 2859 1008 animi
2885 955 3244 1023 perturbatio,
3275 957 3368 1012 sed
3406 941 3636 1028 castiga-

2061 1047 2134 1098 tio
2161 1053 2214 1099 et
2255 1045 2470 1112 punitio.
2505 1044 2746 1100 Exallarc
2772 1047 2824 1100 in
2861 1048 3044 1115 finibus
3069 1049 3385 1102 inimicorum
3410 1058 3632 1104 tuorum;

2059 1135 2213 1189 Alius
2263 1135 2424 1202 dicit,
2463 1134 2529 1188 In
2556 1137 2634 1189 ira
2659 1137 2896 1191 adversus
2939 1137 3164 1192 inimicos
3203 1147 3334 1192 tuos.
3366 1139 3533 1208 Alius,
3570 1139 3635 1194 lit

2057 1227 2155 1281 bile
2192 1243 2358 1279 eorum
2387 1229 2474 1291 qui
2502 1244 2580 1281 me
2605 1229 2847 1299 afﬂigunt.
2881 1228 3060 1295 Alius,
3094 1227 3158 1282 In
3203 1229 3526 1283 dilationibus
3552 1232 3632 1283 al-

2057 1319 2338 1389 ligantinm.
2383 1317 2642 1372 Hebraeus
2691 1328 2866 1373 autem
2914 1318 3080 1385 illud,
3113 1317 3179 1372 In
3221 1319 3441 1386 ﬁnibus,
3469 1319 3634 1383 dicit,

2055 1408 2306 1464 Bebaroth
2340 1411 2432 1481 (a).
2468 1410 2598 1464 Vide
2621 1410 2885 1480 quomodo
2910 1424 3095 1464 rursus
3121 1425 3226 1462 non
3257 1423 3315 1464 se
3336 1409 3630 1474 ulciscitur,

2056 1501 2147 1555 sed
2176 1500 2287 1554 haec
2311 1501 2438 1556 dicit
2465 1516 2564 1571 pro
2611 1501 2702 1554 Dei
2737 1500 2928 1570 gloria.
2958 1499 3073 1553 Non
3101 1500 3243 1554 enim
3268 1499 3400 1553 dixit
3433 1501 3634 1554 solum~

2057 1591 2214 1644 modo
2234 1590 2394 1646 :Puni
2415 1591 2656 1648 inimicos
2681 1605 2850 1656 meos,
2872 1590 2956 1645 vel
2979 1599 3131 1654 tuos;
3153 1589 3268 1656 sed,
3287 1589 3547 1642 Exaltare.
3569 1588 3637 1642 Et

2056 1681 2321 1751 quomodo
2351 1683 2609 1736 exaltatur
2634 1682 2720 1736 ille
2757 1683 2926 1741 altus.
2959 1691 3013 1736 et
3035 1682 3122 1752 qui
3154 1690 3464 1749 estsemper
3488 1681 3637 1736 altis-

2055 1772 2260 1826 simus?
2303 1772 2431 1842 Ejus
2473 1773 2613 1826 enim
2654 1780 2854 1827 natura:
2885 1772 3106 1828 altitudo
3136 1787 3234 1827 nec
3279 1773 3504 1837 crescit,
3535 1787 3635 1828 nee

2055 1863 2340 1918 minuitur:
2365 1872 2449 1919 est
2470 1863 2610 1918 enim
2632 1863 2895 1934 perfectus
2922 1872 2977 1918 et
3002 1864 3196 1918 nullius
3231 1864 3308 1919 rei
3353 1864 3621 1934 indigens,

2054 1961 2110 2010 et
2133 1956 2221 2024 qui
2251 1969 2464 2024 semper
2487 1969 2554 2009 eo
2593 1955 2752 2008 modo
2779 1969 2837 2008 se
2863 1954 3042 2010 habet.
3074 1955 3354 2022 Quomodo
3377 1971 3504 2026 ergo
3523 1994 3541 2021 ,
3575 1967 3636 2010 et

2053 2059 2155 2116 qua
2183 2045 2388 2099 ratione
2433 2045 2693 2099 exaltatur
2717 2045 2742 2097 τ
2777 2043 3056 2099 Exaltatur
3080 2045 3132 2098 in
3163 2045 3447 2098 multorum
3487 2059 3636 2099 men-

2055 2139 2225 2194 tibus.
2247 2135 2700 2202 Quemadmodum
2727 2149 2870 2204 sirpe
2898 2135 3294 2206 longanimitate
3321 2149 3450 2190 usus
3475 2144 3556 2190 est
3587 2136 3628 2198 ¹;

2053 2225 2253 2282 inimici
2281 2235 2460 2281 autem
2496 2227 2870 2282 existimabant
2911 2225 3012 2281 hoc
3039 2241 3144 2280 non
3167 2241 3288 2281 esse
3313 2224 3632 2296 longanimit-

2049 2320 2192 2384 tatis,
2215 2317 2310 2373 sed
2338 2317 2648 2374 humilitatis
2674 2327 2730 2373 et
2757 2317 3154 2375 imbecillitatis.
3183 2318 3442 2386 Quocirca
3466 2316 3636 2372 etiam

2053 2411 2379 2476 humiliatur,
2407 2427 2511 2466 non
2537 2427 2594 2467 re
2615 2411 2728 2482 ipsa
2748 2451 2764 2475 ,
2789 2410 2886 2466 sed
2907 2410 3122 2465 illorum
3145 2410 3488 2480 cogitatione.

2045 2529 2048 2534 -
2125 2503 2178 2555 7.
2217 2502 2667 2568 Quemadmodum
2695 2503 2837 2559 enim
2877 2502 2956 2557 sol
2985 2502 3192 2558 videtur
3220 2517 3342 2557 esse
3366 2502 3637 2558 obscurus

2057 2590 2122 2644 iis
2149 2592 2236 2658 qui
2265 2591 2504 2645 laborant
2527 2593 2692 2646 oculis
2711 2633 2727 2660 ,
2743 2595 2824 2650 ita
2852 2593 2991 2648 Deus
3017 2593 3223 2647 videtur
3240 2607 3360 2648 esse
3385 2592 3632 2647 infirmus

2059 2689 2112 2734 et
2141 2680 2436 2733 imbecillus
2457 2681 2508 2734 in
2534 2695 2719 2735 eorum
2739 2681 3026 2736 mentibus.
3051 2681 3158 2736 Sed
3185 2681 3630 2751 quemadmodum

2058 2770 2140 2824 sol
2161 2769 2230 2822 ita
2260 2768 2620 2834 existimatur,
2657 2785 2759 2823 non
2780 2779 2862 2824 est
2890 2780 3065 2824 autem
3102 2769 3394 2837 obscurus,
3433 2769 3526 2824 sed
3554 2778 3638 2826 est

2057 2862 2268 2918 all'ectio
2283 2861 2492 2916 illorum
2509 2861 2883 2916 imbecillitatis
2901 2877 2918 2913 :
2939 2861 3010 2915 ita
3024 2875 3234 2930 quoque
3251 2862 3409 2924 Deus,
3423 2862 3632 2917 etiamsi

2039 2955 2158 3008 hoc
2167 2954 2518 3018 existimetur,
2534 2969 2635 3008 non
2651 2960 2734 3009 est
2747 2952 3058 3016 imbecillus,
3075 2953 3167 3008 sed
3186 2953 3236 3007 id
3247 2967 3312 3008 ex
3333 2953 3543 3008 illorum
3556 2953 3636 3008 in-

2055 3047 2098 3102 si
2106 3046 2300 3115 pientia
2319 3045 2526 3100 accidit.
2548 3044 2683 3112 Quid
2701 3059 2830 3114 ergo
2849 3044 2972 3099 dicit
2985 3043 3196 3114 justus?
3218 3045 3466 3100 Esaltare
3475 3045 3636 3100 etiam

2053 3155 2080 3192 a
2091 3139 2194 3210 pud
2224 3138 2468 3193 inimicos
2488 3149 2636 3192 meos
2658 3154 2673 3190 :
2699 3137 2974 3200 ulciscere,
2991 3144 3048 3192 et
3069 3136 3210 3192 vires
3237 3146 3355 3191 tuas
3368 3136 3590 3192 ostende
3603 3177 3625 3206 ,

2054 3239 2110 3284 ut
2138 3231 2225 3301 qui
2245 3237 2296 3283 te
2315 3229 2570 3284 humilem
2602 3227 2925 3292 existimant,
2953 3241 3018 3282 ex
3056 3227 3123 3281 iis
3159 3243 3278 3297 quae
3321 3228 3594 3297 patiuntur
3615 3269 3633 3294 ,

2053 3329 2196 3376 tuam
2225 3319 2440 3376 videant
2477 3319 2719 3390 gloriam.
2765 3318 2954 3373 Vidisti
2992 3319 3110 3388 ejus
3150 3318 3482 3385 institutum,
3529 3335 3634 3374 non

2052 3413 2104 3468 id
2147 3413 2291 3485 quod
2333 3427 2522 3478 suum,
2567 3411 2661 3467 sed
2706 3411 2844 3482 quod
2893 3411 2984 3466 Dei
3018 3419 3102 3466 est
3142 3411 3450 3482 quaerentis.
3501 3412 3632 3467 Illud

2052 3515 2224 3560 autem
2246 3546 2262 3572 ,
2294 3504 2360 3558 In
2389 3504 2604 3574 ﬁnibus,
2635 3504 2721 3558 alii
2753 3504 2966 3575 quidem
2997 3503 3212 3568 dicunt,
3245 3502 3310 3558 In
3351 3504 3632 3574 capitibus;

2049 3597 2139 3652 alii
2186 3606 2361 3652 autem
2391 3637 2407 3662 ,
2465 3595 2658 3650 Nullus
2704 3595 2866 3666 fugiat
2917 3596 3258 3650 inimicorum.
3305 3596 3490 3666 Magna
3549 3605 3633 3651 est

2051 3697 2227 3741 autem
2253 3685 2382 3757 justi
2411 3686 2574 3743 virtus
2593 3687 2806 3756 quando
2833 3687 3049 3741 eosdem
3077 3687 3265 3752 habet,
3293 3700 3426 3756 quos
3455 3687 3592 3740 Deus
3612 3726 3628 3751 ,

2051 3779 2292 3835 inimicos
2311 3820 2328 3846 ,
2359 3785 2414 3834 et
2441 3777 2657 3834 eosdem
2688 3776 2887 3832 amicos
2933 3795 2948 3831 ε
2982 3785 3037 3830 ut
3067 3792 3254 3846 magna
3285 3776 3635 3845 improbitas,

2051 3873 2264 3943 quando
2303 3872 2394 3925 Dei
2419 3871 2618 3924 amicos
2645 3868 2891 3923 inimicos
2911 3909 2927 3934 ,
2958 3877 3012 3922 et
3039 3868 3282 3922 inimicos
3304 3869 3504 3923 amicos
3533 3867 3630 3921 ha-

2051 3965 2160 4018 bet.
2189 3960 2646 4026 Quemadmodum
2673 3973 2800 4026 ergo
2825 3958 2964 4011 Deus
2989 3957 3180 4012 dicitur
3205 3959 3406 4014 habere
3451 3958 3630 4012 inimi-

2052 4067 2179 4115 cos,
2208 4065 2313 4102 non
2344 4048 2467 4102 odio
2493 4045 2725 4111 habens,
2767 4060 2939 4113 neque
2963 4061 3056 4098 eos
3079 4061 3333 4101 aversaris
3351 4087 3369 4112 ,
3401 4049 3494 4102 sed
3535 4048 3634 4102 im-

2055 4142 2251 4213 probas
2290 4154 2476 4194 eorum
2519 4138 2756 4192 actiones
2784 4135 3115 4190 abhorrens:
3145 4137 3215 4190 ita
3259 4139 3419 4190 etiam
3461 4140 3636 4204 justus

2055 4233 2215 4288 habet
2242 4230 2514 4294 inimicos,
2545 4243 2650 4283 non
2678 4241 2771 4283 eos
2796 4225 3084 4292 ulciscens,
3114 4225 3210 4281 sed
3239 4226 3630 4295 improbitatem

2055 4337 2330 4378 aversaris.
2374 4319 2440 4373 Et
2471 4335 2714 4390 exsurge,
2759 4317 2979 4373 Domine
3018 4316 3154 4372 Deus
3198 4333 3372 4384 meus,
3406 4317 3460 4370 in
3499 4333 3634 4386 pra:-

2055 4424 2199 4486 cepto
2237 4414 2372 4486 quod
2411 4413 2686 4467 mandasti.
2730 4411 2879 4466 Alius
2921 4410 3082 4478 dicit,
3121 4411 3174 4466 in
3209 4411 3428 4482 judicio.
3468 4410 3522 4466 8.
3567 4409 3637 4464 Et

2052 4524 2309 4581 synagoga
2341 4505 2644 4578 pepulerunt
2687 4503 3014 4558 circumdabit
3059 4513 3124 4559 te.
3152 4504 3304 4561 Alius
3327 4503 3488 4569 dicit,
3533 4504 3635 4558 cir-

2051 4601 2248 4656 cumdet
2269 4609 2334 4655 te.
2358 4599 2426 4652 Et
2461 4606 2668 4669 propter
2687 4596 2816 4649 hanc
2839 4596 2893 4649 in
2919 4595 3076 4649 altum
3096 4600 3374 4666 regredere,
3395 4595 3630 4654 Domine.
3664 4652 3668 4654 .

2057 4695 2202 4749 Alius
2227 4692 2394 4758 dicit,
2420 4699 2467 4746 et
2489 4705 2645 4760 supra
2670 4689 2833 4759 ipsam
2857 4688 2910 4741 in
2933 4689 3091 4742 altum
3114 4699 3414 4754 convertere,
3443 4689 3626 4755 Alius,
3664 4746 3666 4748 ,

2051 4785 2120 4842 Et
2165 4802 2313 4856 super
2358 4785 2453 4837 hac
2505 4783 2560 4836 in
2605 4781 2764 4834 altum
2803 4789 3064 4836 revertere.
3116 4780 3369 4837 Hebraeus
3412 4789 3667 4850 autem,.

2051 4877 2180 4932 illud
2203 4917 2220 4941 ,
2251 4876 2420 4944 Super
2437 4874 2602 4944 ipsam
2620 4912 2636 4937 ,
2662 4870 2824 4936 dicit,
2859 4871 3064 4924 Ocalea.
3095 4871 3230 4939 Quid
3255 4882 3370 4939 est,
3401 4873 3468 4926 In
3491 4889 3667 4942 prte-n

2025 4975 2192 5038 'cepto
2220 4963 2355 5036 quod
2395 4961 2693 5016 mandasti?
2728 4960 2802 5016 Ut
2825 4974 2980 5030 opem
3017 4960 3281 5028 feramus,
3324 4962 3494 5032 inquit
3515 5000 3532 5026 ,
3563 4960 3657 5017 iis.

2051 5057 2141 5128 qui
2171 5053 2473 5110 afficiuntur
2497 5051 2685 5122 injuria
2701 5092 2718 5119 ,
2744 5059 2800 5108 et
2826 5065 2932 5106 non
2958 5051 3286 5122 negligamus
3311 5064 3405 5104 eos
3433 5047 3629 5117 quibus

2051 5153 2328 5201 struuntur
2377 5141 2601 5197 insidiae.
2642 5141 2793 5210 Quod
2820 5149 2874 5195 tu
2916 5155 3046 5210 ergo
3083 5141 3237 5194 nobis
3279 5139 3396 5206 lege
3420 5136 3662 5190 consti-_

2053 5233 2232 5300 tuisti,
2280 5231 2383 5288 hoc
2418 5231 2577 5286 etiam
2623 5230 2777 5287 factis
2812 5229 2970 5286 nobis
2999 5229 3257 5297 exprime.
3304 5224 3407 5280 Alii
3447 5235 3626 5282 autem
3723 5261 3726 5264 ~

2116 5368 2133 5438 ξ
2171 5369 2297 5439 rost,
2319 5359 2454 5439 usus
2467 5370 2558 5428 est,
2582 5371 2744 5414 Morel.
2769 5362 2915 5422 addit,
2957 5359 3102 5412 etiam
3137 5357 3188 5409 in
3209 5371 3288 5410 eos
3309 5357 3393 5423 qui
3408 5359 3625 5414 maxima

2052 5428 2444 5552 “Magaw
2457 5486 2607 5536 lectio
2621 5491 2716 5542 est,
2737 5485 2964 5541 mn,
2975 5493 3122 5543 quam
3134 5484 3299 5542 Graeci,
3320 5483 3400 5535 alii
3411 5497 3602 5547 ams.“

2053 5561 2133 5610 alii
2151 5571 2295 5623 9.6959
2315 5556 2526 5623 reddunt
2537 5569 2564 5623 ;_
2573 5567 2724 5604 verus
2752 5560 2918 5623 autem
2953 5554 3096 5623 hujus
3115 5557 3244 5606 vocis
3265 5564 3553 5623 sensusest,
3572 5571 3665 5608 at...

2055 5612 2475 5686 indignationibus,
2507 5612 2566 5665 ad
2585 5627 2728 5686 quam
2761 5612 3153 5686 signiﬁcationem
3195 5616 3381 5669 accedit
3420 5612 3643 5680 5mm.

2054 5675 2190 5748 chus,
2213 5684 2297 5747 qui
2320 5675 2483 5743 vertit,
2509 5691 2544 5728 ιν
2567 5675 2676 5743 In...
2699 5677 2748 5730 in
2773 5675 3011 5741 bilc,.sive
3035 5678 3206 5732 inira.
