  <div class='ocr_page' id='page_1' title='image "/cluster/home/n/w/nwhite01/storage/ocr_20150623/55/hvd.32044054086814/087.png"; bbox 0 0 4086 6214; ppageno 0'>
   <div class='ocr_carea' id='block_1_1' title="bbox 499 303 3764 370">
    <p class='ocr_par' dir='ltr' id='par_1_1' title="bbox 499 303 3764 370">
     <span class='ocr_line' id='line_1_1' title="bbox 499 303 3764 370; baseline -0.001 0"><span class='ocrx_word' id='word_1_1' title='bbox 499 309 563 370; x_wconf 55' lang='grc' dir='ltr'>δι</span> <span class='ocrx_word' id='word_1_2' title='bbox 1283 309 1340 364; x_wconf 88' lang='lat' dir='ltr'><strong>S.</strong></span> <span class='ocrx_word' id='word_1_3' title='bbox 1380 309 1661 366; x_wconf 72' lang='lat' dir='ltr'><strong>JOANNIS</strong></span> <span class='ocrx_word' id='word_1_4' title='bbox 1693 303 2168 368; x_wconf 73' lang='lat' dir='ltr'><strong>CIIRVSOSTOMI</strong></span> <span class='ocrx_word' id='word_1_5' title='bbox 2205 307 2522 364; x_wconf 76' lang='lat' dir='ltr'><strong>ARClllEP.</strong></span> <span class='ocrx_word' id='word_1_6' title='bbox 2562 307 3089 365; x_wconf 79' lang='lat' dir='ltr'><strong>GONSTANTINOP.</strong></span> <span class='ocrx_word' id='word_1_7' title='bbox 3689 312 3764 368; x_wconf 74' lang='lat'><strong>92</strong></span> 
     </span>
    </p>
   </div>
   <div class='ocr_carea' id='block_1_2' title="bbox 499 419 2076 492">
    <p class='ocr_par' dir='ltr' id='par_1_2' title="bbox 499 419 2076 492">
     <span class='ocr_line' id='line_1_2' title="bbox 499 419 2076 492; baseline -0.005 -10"><span class='ocrx_word' id='word_1_8' title='bbox 499 423 681 482; x_wconf 62' lang='lat' dir='ltr'><strong>ﬂuunt</strong></span> <span class='ocrx_word' id='word_1_9' title='bbox 701 421 862 480; x_wconf 82' lang='lat' dir='ltr'><strong>etiam</strong></span> <span class='ocrx_word' id='word_1_10' title='bbox 889 419 1033 477; x_wconf 78' lang='lat' dir='ltr'><strong>aliud</strong></span> <span class='ocrx_word' id='word_1_11' title='bbox 1057 463 1076 486; x_wconf 64' lang='grc' dir='ltr'><strong>ν</strong></span> <span class='ocrx_word' id='word_1_12' title='bbox 1098 435 1292 492; x_wconf 84' lang='lat' dir='ltr'><strong>nempe</strong></span> <span class='ocrx_word' id='word_1_13' title='bbox 1312 422 1556 492; x_wconf 81' lang='lat' dir='ltr'><strong>promisit</strong></span> <span class='ocrx_word' id='word_1_14' title='bbox 1582 437 1641 478; x_wconf 87' lang='lat' dir='ltr'><strong>se</strong></span> <span class='ocrx_word' id='word_1_15' title='bbox 1667 421 1934 476; x_wconf 82' lang='lat' dir='ltr'><strong>inimicum</strong></span> <span class='ocrx_word' id='word_1_16' title='bbox 1963 419 2076 474; x_wconf 88' lang='lat' dir='ltr'><strong>fore</strong></span> 
     </span>
    </p>
   </div>
   <div class='ocr_carea' id='block_1_3' title="bbox 496 508 2080 584">
    <p class='ocr_par' dir='ltr' id='par_1_3' title="bbox 496 508 2080 584">
     <span class='ocr_line' id='line_1_3' title="bbox 496 508 2080 584; baseline -0.004 -14"><span class='ocrx_word' id='word_1_17' title='bbox 496 513 730 572; x_wconf 62' lang='lat' dir='ltr'><strong>inimicis</strong></span> <span class='ocrx_word' id='word_1_18' title='bbox 753 513 891 583; x_wconf 66' lang='lat' dir='ltr'><strong>eiu.</strong></span> <span class='ocrx_word' id='word_1_19' title='bbox 923 513 986 569; x_wconf 75' lang='lat'><strong>8.</strong></span> <span class='ocrx_word' id='word_1_20' title='bbox 1027 510 1096 568; x_wconf 75' lang='lat' dir='ltr'><strong>Et</strong></span> <span class='ocrx_word' id='word_1_21' title='bbox 1121 529 1384 584; x_wconf 66' lang='lat' dir='ltr'><strong>syri-909s</strong></span> <span class='ocrx_word' id='word_1_22' title='bbox 1407 513 1714 583; x_wconf 66' lang='lat' dir='ltr'><strong>populorum</strong></span> <span class='ocrx_word' id='word_1_23' title='bbox 1745 508 2080 572; x_wconf 69' lang='lat' dir='ltr'><strong>circumdabit</strong></span> 
     </span>
    </p>
   </div>
   <div class='ocr_carea' id='block_1_4' title="bbox 504 601 2081 674">
    <p class='ocr_par' dir='ltr' id='par_1_4' title="bbox 504 601 2081 674">
     <span class='ocr_line' id='line_1_4' title="bbox 504 601 2081 674; baseline 0.001 -17"><span class='ocrx_word' id='word_1_24' title='bbox 504 615 572 659; x_wconf 84' lang='lat' dir='ltr'><strong>te.</strong></span> <span class='ocrx_word' id='word_1_25' title='bbox 615 603 759 662; x_wconf 73' lang='lat' dir='ltr'><strong>Nihil</strong></span> <span class='ocrx_word' id='word_1_26' title='bbox 791 603 1086 664; x_wconf 70' lang='lat' dir='ltr'><strong>inutilium</strong></span> <span class='ocrx_word' id='word_1_27' title='bbox 1125 618 1197 662; x_wconf 82' lang='lat' dir='ltr'><strong>ne</strong></span> <span class='ocrx_word' id='word_1_28' title='bbox 1237 603 1329 662; x_wconf 80' lang='lat' dir='ltr'><strong>hic</strong></span> <span class='ocrx_word' id='word_1_29' title='bbox 1363 603 1580 674; x_wconf 84' lang='lat' dir='ltr'><strong>quidem</strong></span> <span class='ocrx_word' id='word_1_30' title='bbox 1619 603 1927 672; x_wconf 78' lang='lat' dir='ltr'><strong>suspiceris.</strong></span> <span class='ocrx_word' id='word_1_31' title='bbox 1972 601 2081 658; x_wconf 86' lang='lat' dir='ltr'><strong>Etsi</strong></span> 
     </span>
    </p>
   </div>
   <div class='ocr_carea' id='block_1_5' title="bbox 503 692 2084 762">
    <p class='ocr_par' dir='ltr' id='par_1_5' title="bbox 503 692 2084 762">
     <span class='ocr_line' id='line_1_5' title="bbox 503 692 2084 762; baseline 0 -12"><span class='ocrx_word' id='word_1_32' title='bbox 503 693 649 750; x_wconf 72' lang='lat' dir='ltr'><strong>enin</strong></span> <span class='ocrx_word' id='word_1_33' title='bbox 692 693 826 754; x_wconf 76' lang='lat' dir='ltr'><strong>tales</strong></span> <span class='ocrx_word' id='word_1_34' title='bbox 859 704 986 752; x_wconf 79' lang='lat' dir='ltr'><strong>sunt</strong></span> <span class='ocrx_word' id='word_1_35' title='bbox 1027 692 1321 759; x_wconf 68' lang='lat' dir='ltr'><strong>dictiones,</strong></span> <span class='ocrx_word' id='word_1_36' title='bbox 1363 702 1497 754; x_wconf 84' lang='lat' dir='ltr'><strong>sunt</strong></span> <span class='ocrx_word' id='word_1_37' title='bbox 1538 699 1719 748; x_wconf 80' lang='lat' dir='ltr'><strong>tamen</strong></span> <span class='ocrx_word' id='word_1_38' title='bbox 1757 707 1923 748; x_wconf 82' lang='lat' dir='ltr'><strong>sensa</strong></span> <span class='ocrx_word' id='word_1_39' title='bbox 1965 707 2084 762; x_wconf 72' lang='lat' dir='ltr'><strong>qua:</strong></span> 
     </span>
    </p>
   </div>
   <div class='ocr_carea' id='block_1_6' title="bbox 505 782 2082 854">
    <p class='ocr_par' dir='ltr' id='par_1_6' title="bbox 505 782 2082 854">
     <span class='ocr_line' id='line_1_6' title="bbox 505 782 2082 854; baseline -0.005 -8"><span class='ocrx_word' id='word_1_40' title='bbox 505 784 620 846; x_wconf 73' lang='lat' dir='ltr'><strong>Deo</strong></span> <span class='ocrx_word' id='word_1_41' title='bbox 647 786 987 846; x_wconf 74' lang='lat' dir='ltr'><strong>conveniam.</strong></span> <span class='ocrx_word' id='word_1_42' title='bbox 1035 786 1172 854; x_wconf 84' lang='lat' dir='ltr'><strong>Quid</strong></span> <span class='ocrx_word' id='word_1_43' title='bbox 1199 794 1284 841; x_wconf 89' lang='lat' dir='ltr'><strong>est</strong></span> <span class='ocrx_word' id='word_1_44' title='bbox 1328 799 1456 854; x_wconf 87' lang='lat' dir='ltr'><strong>ergo</strong></span> <span class='ocrx_word' id='word_1_45' title='bbox 1475 821 1496 850; x_wconf 88' lang='lat'><strong>,</strong></span> <span class='ocrx_word' id='word_1_46' title='bbox 1527 783 1867 846; x_wconf 70' lang='lat' dir='ltr'><strong>(.‘ircumdabit</strong></span> <span class='ocrx_word' id='word_1_47' title='bbox 1894 792 1942 838; x_wconf 78' lang='lat' dir='ltr'><strong>te</strong></span> <span class='ocrx_word' id='word_1_48' title='bbox 1961 784 1986 836; x_wconf 70' lang='grc'><em>9</em></span> <span class='ocrx_word' id='word_1_49' title='bbox 2028 782 2082 838; x_wconf 94' lang='lat' dir='ltr'><strong>ld</strong></span> 
     </span>
    </p>
   </div>
   <div class='ocr_carea' id='block_1_7' title="bbox 507 873 2082 943">
    <p class='ocr_par' dir='ltr' id='par_1_7' title="bbox 507 873 2082 943">
     <span class='ocr_line' id='line_1_7' title="bbox 507 873 2082 943; baseline -0.004 -11"><span class='ocrx_word' id='word_1_50' title='bbox 507 876 921 943; x_wconf 81' lang='lat' dir='ltr'><strong>est,Cauet.tibi,</strong></span> <span class='ocrx_word' id='word_1_51' title='bbox 943 876 1174 932; x_wconf 73' lang='lat' dir='ltr'><strong>laudabit</strong></span> <span class='ocrx_word' id='word_1_52' title='bbox 1202 884 1274 939; x_wconf 87' lang='lat' dir='ltr'><strong>te.</strong></span> <span class='ocrx_word' id='word_1_53' title='bbox 1303 875 1460 930; x_wconf 82' lang='lat' dir='ltr'><strong>bonis</strong></span> <span class='ocrx_word' id='word_1_54' title='bbox 1483 883 1540 930; x_wconf 86' lang='lat' dir='ltr'><strong>et</strong></span> <span class='ocrx_word' id='word_1_55' title='bbox 1560 873 1867 930; x_wconf 82' lang='lat' dir='ltr'><strong>honoriﬁcis</strong></span> <span class='ocrx_word' id='word_1_56' title='bbox 1893 883 1943 929; x_wconf 90' lang='lat' dir='ltr'><strong>te</strong></span> <span class='ocrx_word' id='word_1_57' title='bbox 1957 888 2082 928; x_wconf 71' lang='lat' dir='ltr'><strong>vero</strong></span> 
     </span>
    </p>
   </div>
   <div class='ocr_carea' id='block_1_8' title="bbox 504 961 2086 1036">
    <p class='ocr_par' dir='ltr' id='par_1_8' title="bbox 504 961 2086 1036">
     <span class='ocr_line' id='line_1_8' title="bbox 504 961 2086 1036; baseline -0.003 -13"><span class='ocrx_word' id='word_1_58' title='bbox 504 965 593 1023; x_wconf 75' lang='lat' dir='ltr'><strong>bis</strong></span> <span class='ocrx_word' id='word_1_59' title='bbox 645 961 847 1020; x_wconf 74' lang='lat' dir='ltr'><strong>affatim</strong></span> <span class='ocrx_word' id='word_1_60' title='bbox 917 968 1297 1036; x_wconf 83' lang='lat' dir='ltr'><strong>prosequetur.</strong></span> <span class='ocrx_word' id='word_1_61' title='bbox 1355 964 1617 1031; x_wconf 86' lang='lat' dir='ltr'><strong>Quoniam</strong></span> <span class='ocrx_word' id='word_1_62' title='bbox 1663 964 1806 1019; x_wconf 84' lang='lat' dir='ltr'><strong>enim</strong></span> <span class='ocrx_word' id='word_1_63' title='bbox 1845 963 1948 1018; x_wconf 88' lang='lat' dir='ltr'><strong>hoc</strong></span> <span class='ocrx_word' id='word_1_64' title='bbox 1993 977 2086 1032; x_wconf 82' lang='lat' dir='ltr'><strong>per</strong></span> 
     </span>
    </p>
   </div>
   <div class='ocr_carea' id='block_1_9' title="bbox 511 1054 2086 1122">
    <p class='ocr_par' dir='ltr' id='par_1_9' title="bbox 511 1054 2086 1122">
     <span class='ocr_line' id='line_1_9' title="bbox 511 1054 2086 1122; baseline -0.001 -12"><span class='ocrx_word' id='word_1_65' title='bbox 511 1056 706 1112; x_wconf 80' lang='lat' dir='ltr'><strong>choros</strong></span> <span class='ocrx_word' id='word_1_66' title='bbox 733 1056 1020 1117; x_wconf 81' lang='lat' dir='ltr'><strong>faciebant.</strong></span> <span class='ocrx_word' id='word_1_67' title='bbox 1045 1057 1098 1112; x_wconf 87' lang='lat' dir='ltr'><strong>in</strong></span> <span class='ocrx_word' id='word_1_68' title='bbox 1122 1057 1304 1110; x_wconf 80' lang='lat' dir='ltr'><strong>orbein</strong></span> <span class='ocrx_word' id='word_1_69' title='bbox 1327 1055 1777 1110; x_wconf 66' lang='lat' dir='ltr'><strong>circumsistentes</strong></span> <span class='ocrx_word' id='word_1_70' title='bbox 1807 1054 1858 1108; x_wconf 92' lang='lat' dir='ltr'><strong>in</strong></span> <span class='ocrx_word' id='word_1_71' title='bbox 1891 1054 2086 1122; x_wconf 83' lang='lat' dir='ltr'><strong>templo</strong></span> 
     </span>
    </p>
   </div>
   <div class='ocr_carea' id='block_1_10' title="bbox 508 1144 2083 1214">
    <p class='ocr_par' dir='ltr' id='par_1_10' title="bbox 508 1144 2083 1214">
     <span class='ocr_line' id='line_1_10' title="bbox 508 1144 2083 1214; baseline -0.001 -12"><span class='ocrx_word' id='word_1_72' title='bbox 508 1155 564 1202; x_wconf 90' lang='lat' dir='ltr'><strong>ct</strong></span> <span class='ocrx_word' id='word_1_73' title='bbox 589 1147 641 1202; x_wconf 93' lang='lat' dir='ltr'><strong>in</strong></span> <span class='ocrx_word' id='word_1_74' title='bbox 677 1147 874 1212; x_wconf 79' lang='lat' dir='ltr'><strong>altari,</strong></span> <span class='ocrx_word' id='word_1_75' title='bbox 917 1155 971 1200; x_wconf 92' lang='lat' dir='ltr'><strong>et</strong></span> <span class='ocrx_word' id='word_1_76' title='bbox 989 1147 1067 1200; x_wconf 87' lang='lat' dir='ltr'><strong>ita</strong></span> <span class='ocrx_word' id='word_1_77' title='bbox 1085 1147 1372 1214; x_wconf 71' lang='lat' dir='ltr'><strong>gratiarum</strong></span> <span class='ocrx_word' id='word_1_78' title='bbox 1398 1145 1636 1200; x_wconf 79' lang='lat' dir='ltr'><strong>actiones</strong></span> <span class='ocrx_word' id='word_1_79' title='bbox 1657 1144 1990 1210; x_wconf 84' lang='lat' dir='ltr'><strong>oll&#39;erebaut;</strong></span> <span class='ocrx_word' id='word_1_80' title='bbox 2019 1159 2083 1200; x_wconf 76' lang='lat' dir='ltr'><strong>ex</strong></span> 
     </span>
    </p>
   </div>
   <div class='ocr_carea' id='block_1_11' title="bbox 509 1235 2084 1306">
    <p class='ocr_par' dir='ltr' id='par_1_11' title="bbox 509 1235 2084 1306">
     <span class='ocr_line' id='line_1_11' title="bbox 509 1235 2084 1306; baseline -0.001 -15"><span class='ocrx_word' id='word_1_81' title='bbox 509 1239 620 1306; x_wconf 79' lang='lat' dir='ltr'><strong>ipsa</strong></span> <span class='ocrx_word' id='word_1_82' title='bbox 658 1237 831 1292; x_wconf 85' lang='lat' dir='ltr'><strong>standi</strong></span> <span class='ocrx_word' id='word_1_83' title='bbox 873 1235 1052 1302; x_wconf 81' lang='lat' dir='ltr'><strong>.fortua</strong></span> <span class='ocrx_word' id='word_1_84' title='bbox 1085 1236 1447 1304; x_wconf 84' lang='lat' dir='ltr'><strong>laudationem</strong></span> <span class='ocrx_word' id='word_1_85' title='bbox 1497 1251 1683 1291; x_wconf 89' lang='lat' dir='ltr'><strong>eorum</strong></span> <span class='ocrx_word' id='word_1_86' title='bbox 1741 1235 2084 1306; x_wconf 85' lang='lat' dir='ltr'><strong>signiﬁcavit.</strong></span> 
     </span>
    </p>
   </div>
   <div class='ocr_carea' id='block_1_12' title="bbox 508 1323 2082 1395">
    <p class='ocr_par' dir='ltr' id='par_1_12' title="bbox 508 1323 2082 1395">
     <span class='ocr_line' id='line_1_12' title="bbox 508 1323 2082 1395; baseline -0.001 -14"><span class='ocrx_word' id='word_1_87' title='bbox 508 1323 658 1393; x_wconf 82' lang='lat' dir='ltr'><strong>Quod</strong></span> <span class='ocrx_word' id='word_1_88' title='bbox 683 1333 862 1381; x_wconf 86' lang='lat' dir='ltr'><strong>autem</strong></span> <span class='ocrx_word' id='word_1_89' title='bbox 884 1325 1042 1394; x_wconf 81' lang='lat' dir='ltr'><strong>dicit,</strong></span> <span class='ocrx_word' id='word_1_90' title='bbox 1074 1327 1178 1382; x_wconf 86' lang='lat' dir='ltr'><strong>tale</strong></span> <span class='ocrx_word' id='word_1_91' title='bbox 1206 1334 1326 1382; x_wconf 85' lang='lat' dir='ltr'><strong>est:</strong></span> <span class='ocrx_word' id='word_1_92' title='bbox 1374 1325 1672 1392; x_wconf 86' lang='lat' dir='ltr'><strong>Ulciscere,</strong></span> <span class='ocrx_word' id='word_1_93' title='bbox 1701 1326 1782 1395; x_wconf 68' lang='lat' dir='ltr'><strong>[er</strong></span> <span class='ocrx_word' id='word_1_94' title='bbox 1803 1325 2082 1392; x_wconf 70' lang='lat' dir='ltr'><strong>auxilium.</strong></span> 
     </span>
    </p>
   </div>
   <div class='ocr_carea' id='block_1_13' title="bbox 511 1415 2086 1486">
    <p class='ocr_par' dir='ltr' id='par_1_13' title="bbox 511 1415 2086 1486">
     <span class='ocr_line' id='line_1_13' title="bbox 511 1415 2086 1486; baseline 0.001 -17"><span class='ocrx_word' id='word_1_95' title='bbox 511 1415 622 1470; x_wconf 88' lang='lat' dir='ltr'><strong>lloc</strong></span> <span class='ocrx_word' id='word_1_96' title='bbox 667 1425 718 1470; x_wconf 91' lang='lat' dir='ltr'><strong>te</strong></span> <span class='ocrx_word' id='word_1_97' title='bbox 755 1426 806 1470; x_wconf 87' lang='lat' dir='ltr'><strong>et</strong></span> <span class='ocrx_word' id='word_1_98' title='bbox 851 1415 990 1485; x_wconf 89' lang='lat' dir='ltr'><strong>apud</strong></span> <span class='ocrx_word' id='word_1_99' title='bbox 1041 1416 1285 1471; x_wconf 87' lang='lat' dir='ltr'><strong>inimicos</strong></span> <span class='ocrx_word' id='word_1_100' title='bbox 1339 1415 1528 1484; x_wconf 79' lang='lat' dir='ltr'><strong>reddet</strong></span> <span class='ocrx_word' id='word_1_101' title='bbox 1579 1417 1891 1486; x_wconf 77' lang='lat' dir='ltr'><strong>excelsum,</strong></span> <span class='ocrx_word' id='word_1_102' title='bbox 1933 1427 1988 1471; x_wconf 88' lang='lat' dir='ltr'><strong>et</strong></span> <span class='ocrx_word' id='word_1_103' title='bbox 2029 1425 2086 1471; x_wconf 85' lang='lat' dir='ltr'><strong>ut</strong></span> 
     </span>
    </p>
   </div>
   <div class='ocr_carea' id='block_1_14' title="bbox 511 1507 2084 1580">
    <p class='ocr_par' dir='ltr' id='par_1_14' title="bbox 511 1507 2084 1580">
     <span class='ocr_line' id='line_1_14' title="bbox 511 1507 2084 1580; baseline 0.001 -20"><span class='ocrx_word' id='word_1_104' title='bbox 511 1515 632 1560; x_wconf 90' lang='lat' dir='ltr'><strong>tuus</strong></span> <span class='ocrx_word' id='word_1_105' title='bbox 675 1507 904 1576; x_wconf 85' lang='lat' dir='ltr'><strong>populus</strong></span> <span class='ocrx_word' id='word_1_106' title='bbox 955 1507 1136 1562; x_wconf 87' lang='lat' dir='ltr'><strong>multis</strong></span> <span class='ocrx_word' id='word_1_107' title='bbox 1181 1517 1231 1562; x_wconf 88' lang='lat' dir='ltr'><strong>te</strong></span> <span class='ocrx_word' id='word_1_108' title='bbox 1269 1508 1516 1564; x_wconf 86' lang='lat' dir='ltr'><strong>laudibus</strong></span> <span class='ocrx_word' id='word_1_109' title='bbox 1561 1517 1616 1564; x_wconf 90' lang='lat' dir='ltr'><strong>et</strong></span> <span class='ocrx_word' id='word_1_110' title='bbox 1641 1508 1852 1580; x_wconf 81' lang='lat' dir='ltr'><strong>hymnis</strong></span> <span class='ocrx_word' id='word_1_111' title='bbox 1894 1517 2084 1573; x_wconf 89' lang='lat' dir='ltr'><strong>ornet,</strong></span> 
     </span>
    </p>
   </div>
   <div class='ocr_carea' id='block_1_15' title="bbox 511 1596 2086 1669">
    <p class='ocr_par' dir='ltr' id='par_1_15' title="bbox 511 1596 2086 1669">
     <span class='ocr_line' id='line_1_15' title="bbox 511 1596 2086 1669; baseline 0.001 -17"><span class='ocrx_word' id='word_1_112' title='bbox 511 1596 733 1652; x_wconf 88' lang='lat' dir='ltr'><strong>efﬁciet.</strong></span> <span class='ocrx_word' id='word_1_113' title='bbox 780 1596 913 1664; x_wconf 84' lang='lat' dir='ltr'><strong>Vide</strong></span> <span class='ocrx_word' id='word_1_114' title='bbox 959 1597 1225 1667; x_wconf 85' lang='lat' dir='ltr'><strong>quomodo</strong></span> <span class='ocrx_word' id='word_1_115' title='bbox 1269 1615 1374 1654; x_wconf 88' lang='lat' dir='ltr'><strong>non</strong></span> <span class='ocrx_word' id='word_1_116' title='bbox 1423 1599 1564 1669; x_wconf 91' lang='lat' dir='ltr'><strong>quod</strong></span> <span class='ocrx_word' id='word_1_117' title='bbox 1591 1614 1782 1666; x_wconf 89' lang='lat' dir='ltr'><strong>suum,</strong></span> <span class='ocrx_word' id='word_1_118' title='bbox 1825 1598 1919 1653; x_wconf 90' lang='lat' dir='ltr'><strong>sed</strong></span> <span class='ocrx_word' id='word_1_119' title='bbox 1945 1599 2086 1669; x_wconf 89' lang='lat' dir='ltr'><strong>quod</strong></span> 
     </span>
    </p>
   </div>
   <div class='ocr_carea' id='block_1_16' title="bbox 512 1687 2088 1760">
    <p class='ocr_par' dir='ltr' id='par_1_16' title="bbox 512 1687 2088 1760">
     <span class='ocr_line' id='line_1_16' title="bbox 512 1687 2088 1760; baseline 0.001 -17"><span class='ocrx_word' id='word_1_120' title='bbox 512 1696 595 1743; x_wconf 86' lang='lat' dir='ltr'><strong>est</strong></span> <span class='ocrx_word' id='word_1_121' title='bbox 621 1687 710 1741; x_wconf 90' lang='lat' dir='ltr'><strong>Dei</strong></span> <span class='ocrx_word' id='word_1_122' title='bbox 732 1688 920 1758; x_wconf 65' lang='lat' dir='ltr'><strong>quaerit</strong></span> <span class='ocrx_word' id='word_1_123' title='bbox 965 1688 1178 1758; x_wconf 84' lang='lat' dir='ltr'><strong>ubique.</strong></span> <span class='ocrx_word' id='word_1_124' title='bbox 1224 1689 1350 1744; x_wconf 87' lang='lat' dir='ltr'><strong>Vult</strong></span> <span class='ocrx_word' id='word_1_125' title='bbox 1399 1690 1539 1744; x_wconf 89' lang='lat' dir='ltr'><strong>enim</strong></span> <span class='ocrx_word' id='word_1_126' title='bbox 1585 1690 1754 1758; x_wconf 89' lang='lat' dir='ltr'><strong>ipsum</strong></span> <span class='ocrx_word' id='word_1_127' title='bbox 1800 1689 1994 1760; x_wconf 90' lang='lat' dir='ltr'><strong>ubique</strong></span> <span class='ocrx_word' id='word_1_128' title='bbox 2033 1699 2088 1744; x_wconf 87' lang='lat' dir='ltr'><strong>et</strong></span> 
     </span>
    </p>
   </div>
   <div class='ocr_carea' id='block_1_17' title="bbox 511 1778 2084 1851">
    <p class='ocr_par' dir='ltr' id='par_1_17' title="bbox 511 1778 2084 1851">
     <span class='ocr_line' id='line_1_17' title="bbox 511 1778 2084 1851; baseline 0.001 -19"><span class='ocrx_word' id='word_1_129' title='bbox 511 1778 650 1846; x_wconf 88' lang='lat' dir='ltr'><strong>apud</strong></span> <span class='ocrx_word' id='word_1_130' title='bbox 698 1779 941 1836; x_wconf 84' lang='lat' dir='ltr'><strong>inimicos</strong></span> <span class='ocrx_word' id='word_1_131' title='bbox 985 1788 1040 1834; x_wconf 91' lang='lat' dir='ltr'><strong>et</strong></span> <span class='ocrx_word' id='word_1_132' title='bbox 1063 1779 1201 1850; x_wconf 88' lang='lat' dir='ltr'><strong>apud</strong></span> <span class='ocrx_word' id='word_1_133' title='bbox 1240 1795 1369 1835; x_wconf 88' lang='lat' dir='ltr'><strong>suos</strong></span> <span class='ocrx_word' id='word_1_134' title='bbox 1395 1780 1560 1851; x_wconf 83' lang='lat' dir='ltr'><strong>gloria</strong></span> <span class='ocrx_word' id='word_1_135' title='bbox 1602 1791 1657 1836; x_wconf 89' lang='lat' dir='ltr'><strong>et</strong></span> <span class='ocrx_word' id='word_1_136' title='bbox 1682 1783 1885 1836; x_wconf 81' lang='lat' dir='ltr'><strong>honore</strong></span> <span class='ocrx_word' id='word_1_137' title='bbox 1921 1778 2084 1834; x_wconf 82' lang='lat' dir='ltr'><strong>allici.</strong></span> 
     </span>
    </p>
   </div>
   <div class='ocr_carea' id='block_1_18' title="bbox 515 1862 2089 1942">
    <p class='ocr_par' dir='ltr' id='par_1_18' title="bbox 515 1862 2089 1942">
     <span class='ocr_line' id='line_1_18' title="bbox 515 1862 2089 1942; baseline 0.003 -20"><span class='ocrx_word' id='word_1_138' title='bbox 515 1868 584 1922; x_wconf 83' lang='lat' dir='ltr'><strong>Et</strong></span> <span class='ocrx_word' id='word_1_139' title='bbox 623 1886 714 1937; x_wconf 77' lang='lat' dir='ltr'><strong>pro</strong></span> <span class='ocrx_word' id='word_1_140' title='bbox 741 1869 851 1940; x_wconf 76' lang='lat' dir='ltr'><strong>ipse</strong></span> <span class='ocrx_word' id='word_1_141' title='bbox 889 1871 943 1924; x_wconf 82' lang='lat' dir='ltr'><strong>in</strong></span> <span class='ocrx_word' id='word_1_142' title='bbox 985 1862 1142 1925; x_wconf 61' lang='lat' dir='ltr'><strong>alluit</strong></span> <span class='ocrx_word' id='word_1_143' title='bbox 1185 1881 1430 1936; x_wconf 77' lang='lat' dir='ltr'><strong>converte.</strong></span> <span class='ocrx_word' id='word_1_144' title='bbox 1479 1871 1584 1926; x_wconf 86' lang='lat' dir='ltr'><strong>Pro</strong></span> <span class='ocrx_word' id='word_1_145' title='bbox 1629 1873 1775 1942; x_wconf 83' lang='lat' dir='ltr'><strong>ipsa,</strong></span> <span class='ocrx_word' id='word_1_146' title='bbox 1817 1871 2089 1942; x_wconf 71' lang='lat' dir='ltr'><strong>quanam?</strong></span> 
     </span>
    </p>
   </div>
   <div class='ocr_carea' id='block_1_19' title="bbox 514 1961 2090 2034">
    <p class='ocr_par' dir='ltr' id='par_1_19' title="bbox 514 1961 2090 2034">
     <span class='ocr_line' id='line_1_19' title="bbox 514 1961 2090 2034; baseline 0.003 -20"><span class='ocrx_word' id='word_1_147' title='bbox 514 1961 827 2032; x_wconf 79' lang='lat' dir='ltr'><strong>Synagoga,</strong></span> <span class='ocrx_word' id='word_1_148' title='bbox 859 1963 1050 2032; x_wconf 83' lang='lat' dir='ltr'><strong>inquit,</strong></span> <span class='ocrx_word' id='word_1_149' title='bbox 1088 1963 1190 2026; x_wconf 80' lang='lat' dir='ltr'><strong>hoc</strong></span> <span class='ocrx_word' id='word_1_150' title='bbox 1233 1972 1338 2028; x_wconf 88' lang='lat' dir='ltr'><strong>est,</strong></span> <span class='ocrx_word' id='word_1_151' title='bbox 1367 1972 1584 2034; x_wconf 86' lang='lat' dir='ltr'><strong>propter</strong></span> <span class='ocrx_word' id='word_1_152' title='bbox 1622 1964 1790 2034; x_wconf 81' lang='lat' dir='ltr'><strong>ipsam</strong></span> <span class='ocrx_word' id='word_1_153' title='bbox 1833 1963 1903 2020; x_wconf 79' lang='lat' dir='ltr'><strong>In</strong></span> <span class='ocrx_word' id='word_1_154' title='bbox 1927 1963 2090 2019; x_wconf 80' lang='lat' dir='ltr'><strong>altum</strong></span> 
     </span>
    </p>
   </div>
   <div class='ocr_carea' id='block_1_20' title="bbox 507 2057 2090 2126">
    <p class='ocr_par' dir='ltr' id='par_1_20' title="bbox 507 2057 2090 2126">
     <span class='ocr_line' id='line_1_20' title="bbox 507 2057 2090 2126; baseline 0.004 -16"><span class='ocrx_word' id='word_1_155' title='bbox 507 2068 784 2122; x_wconf 65' lang='lat' dir='ltr'><strong>“inerte;</strong></span> <span class='ocrx_word' id='word_1_156' title='bbox 828 2061 998 2114; x_wconf 61' lang='lat' dir='ltr'><strong>cunila</strong></span> <span class='ocrx_word' id='word_1_157' title='bbox 1037 2075 1175 2126; x_wconf 85' lang='lat' dir='ltr'><strong>nos,</strong></span> <span class='ocrx_word' id='word_1_158' title='bbox 1218 2062 1416 2118; x_wconf 78' lang='lat' dir='ltr'><strong>extolle</strong></span> <span class='ocrx_word' id='word_1_159' title='bbox 1453 2076 1585 2126; x_wconf 88' lang='lat' dir='ltr'><strong>nos,</strong></span> <span class='ocrx_word' id='word_1_160' title='bbox 1637 2061 1718 2114; x_wconf 77' lang='lat' dir='ltr'><strong>fac</strong></span> <span class='ocrx_word' id='word_1_161' title='bbox 1754 2067 1814 2114; x_wconf 82' lang='lat' dir='ltr'><strong>ut</strong></span> <span class='ocrx_word' id='word_1_162' title='bbox 1859 2057 1968 2113; x_wconf 82' lang='lat' dir='ltr'><strong>sint</strong></span> <span class='ocrx_word' id='word_1_163' title='bbox 2004 2073 2090 2116; x_wconf 81' lang='lat' dir='ltr'><strong>res</strong></span> 
     </span>
    </p>
   </div>
   <div class='ocr_carea' id='block_1_21' title="bbox 512 2149 2092 2218">
    <p class='ocr_par' dir='ltr' id='par_1_21' title="bbox 512 2149 2092 2218">
     <span class='ocr_line' id='line_1_21' title="bbox 512 2149 2092 2218; baseline 0.001 -16"><span class='ocrx_word' id='word_1_164' title='bbox 512 2149 638 2210; x_wconf 80' lang='lat' dir='ltr'><strong>alta:</strong></span> <span class='ocrx_word' id='word_1_165' title='bbox 671 2159 724 2204; x_wconf 87' lang='lat' dir='ltr'><strong>et</strong></span> <span class='ocrx_word' id='word_1_166' title='bbox 763 2151 1010 2218; x_wconf 74' lang='lat' dir='ltr'><strong>excelsae,</strong></span> <span class='ocrx_word' id='word_1_167' title='bbox 1046 2151 1128 2208; x_wconf 87' lang='lat' dir='ltr'><strong>fac</strong></span> <span class='ocrx_word' id='word_1_168' title='bbox 1168 2161 1224 2208; x_wconf 92' lang='lat' dir='ltr'><strong>ut</strong></span> <span class='ocrx_word' id='word_1_169' title='bbox 1268 2154 1338 2208; x_wconf 88' lang='lat' dir='ltr'><strong>sit</strong></span> <span class='ocrx_word' id='word_1_170' title='bbox 1379 2152 1574 2208; x_wconf 88' lang='lat' dir='ltr'><strong>clarior</strong></span> <span class='ocrx_word' id='word_1_171' title='bbox 1608 2159 1667 2207; x_wconf 90' lang='lat' dir='ltr'><strong>et</strong></span> <span class='ocrx_word' id='word_1_172' title='bbox 1708 2150 1930 2206; x_wconf 86' lang='lat' dir='ltr'><strong>illustris</strong></span> <span class='ocrx_word' id='word_1_173' title='bbox 1951 2190 1968 2215; x_wconf 89' lang='lat'><strong>,</strong></span> <span class='ocrx_word' id='word_1_174' title='bbox 1998 2165 2092 2206; x_wconf 59' lang='lat' dir='ltr'><strong>rev</strong></span> 
     </span>
    </p>
   </div>
   <div class='ocr_carea' id='block_1_22' title="bbox 507 2239 2091 2314">
    <p class='ocr_par' dir='ltr' id='par_1_22' title="bbox 507 2239 2091 2314">
     <span class='ocr_line' id='line_1_22' title="bbox 507 2239 2091 2314; baseline 0.005 -22"><span class='ocrx_word' id='word_1_175' title='bbox 507 2239 623 2296; x_wconf 74' lang='lat' dir='ltr'><strong>Juc</strong></span> <span class='ocrx_word' id='word_1_176' title='bbox 635 2256 758 2300; x_wconf 78' lang='lat' dir='ltr'><strong>eam</strong></span> <span class='ocrx_word' id='word_1_177' title='bbox 775 2243 845 2296; x_wconf 90' lang='lat' dir='ltr'><strong>ad</strong></span> <span class='ocrx_word' id='word_1_178' title='bbox 866 2244 1096 2312; x_wconf 78' lang='lat' dir='ltr'><strong>priorem</strong></span> <span class='ocrx_word' id='word_1_179' title='bbox 1118 2245 1546 2314; x_wconf 80' lang='lat' dir='ltr'><strong>prosperitatem.</strong></span> <span class='ocrx_word' id='word_1_180' title='bbox 1577 2242 1709 2300; x_wconf 88' lang='lat' dir='ltr'><strong>Vide</strong></span> <span class='ocrx_word' id='word_1_181' title='bbox 1737 2253 1915 2298; x_wconf 86' lang='lat' dir='ltr'><strong>autem</strong></span> <span class='ocrx_word' id='word_1_182' title='bbox 1956 2256 2091 2312; x_wconf 87' lang='lat' dir='ltr'><strong>quo.-</strong></span> 
     </span>
    </p>
   </div>
   <div class='ocr_carea' id='block_1_23' title="bbox 509 2332 2092 2405">
    <p class='ocr_par' dir='ltr' id='par_1_23' title="bbox 509 2332 2092 2405">
     <span class='ocr_line' id='line_1_23' title="bbox 509 2332 2092 2405; baseline 0.001 -21"><span class='ocrx_word' id='word_1_183' title='bbox 509 2332 680 2388; x_wconf 71' lang='lat' dir='ltr'><strong>unodo</strong></span> <span class='ocrx_word' id='word_1_184' title='bbox 701 2333 895 2404; x_wconf 85' lang='lat' dir='ltr'><strong>ubique</strong></span> <span class='ocrx_word' id='word_1_185' title='bbox 921 2335 1167 2405; x_wconf 76' lang='lat' dir='ltr'><strong>precibus</strong></span> <span class='ocrx_word' id='word_1_186' title='bbox 1203 2335 1496 2393; x_wconf 81' lang='lat' dir='ltr'><strong>doctrinam</strong></span> <span class='ocrx_word' id='word_1_187' title='bbox 1537 2334 1846 2392; x_wconf 79' lang='lat' dir='ltr'><strong>admisceat.</strong></span> <span class='ocrx_word' id='word_1_188' title='bbox 1881 2333 2092 2396; x_wconf 82' lang='lat' dir='ltr'><strong>Etenim</strong></span> 
     </span>
    </p>
   </div>
   <div class='ocr_carea' id='block_1_24' title="bbox 525 2423 2091 2495">
    <p class='ocr_par' dir='ltr' id='par_1_24' title="bbox 525 2423 2091 2495">
     <span class='ocr_line' id='line_1_24' title="bbox 525 2423 2091 2495; baseline 0.001 -18"><span class='ocrx_word' id='word_1_189' title='bbox 525 2426 812 2493; x_wconf 69' lang='lat' dir='ltr'><strong>cumprius</strong></span> <span class='ocrx_word' id='word_1_190' title='bbox 825 2425 1068 2493; x_wconf 72' lang='lat' dir='ltr'><strong>dixisset,</strong></span> <span class='ocrx_word' id='word_1_191' title='bbox 1091 2426 1458 2494; x_wconf 70' lang='lat' dir='ltr'><strong>Miserere-mei,</strong></span> <span class='ocrx_word' id='word_1_192' title='bbox 1473 2435 1522 2482; x_wconf 76' lang='lat' dir='ltr'><strong>et</strong></span> <span class='ocrx_word' id='word_1_193' title='bbox 1543 2425 1732 2482; x_wconf 64' lang='lat' dir='ltr'><strong>exaudi</strong></span> <span class='ocrx_word' id='word_1_194' title='bbox 1752 2423 2009 2495; x_wconf 78' lang='lat' dir='ltr'><strong>me(Psal.</strong></span> <span class='ocrx_word' id='word_1_195' title='bbox 2033 2424 2091 2486; x_wconf 68' lang='grc'><strong>4.</strong></span> 
     </span>
    </p>
   </div>
   <div class='ocr_carea' id='block_1_25' title="bbox 519 2514 2092 2585">
    <p class='ocr_par' dir='ltr' id='par_1_25' title="bbox 519 2514 2092 2585">
     <span class='ocr_line' id='line_1_25' title="bbox 519 2514 2092 2585; baseline -0.001 -15"><span class='ocrx_word' id='word_1_196' title='bbox 519 2515 556 2570; x_wconf 75' lang='grc'><strong>2</strong></span> <span class='ocrx_word' id='word_1_197' title='bbox 580 2515 599 2585; x_wconf 94' lang='grc'><strong>)</strong></span> <span class='ocrx_word' id='word_1_198' title='bbox 625 2555 648 2571; x_wconf 91' lang='grc'><strong>..</strong></span> <span class='ocrx_word' id='word_1_199' title='bbox 675 2515 939 2572; x_wconf 72' lang='lat' dir='ltr'><strong>convortit</strong></span> <span class='ocrx_word' id='word_1_200' title='bbox 977 2518 1378 2574; x_wconf 69' lang='lat' dir='ltr'><strong>senionem-ad</strong></span> <span class='ocrx_word' id='word_1_201' title='bbox 1417 2516 1727 2584; x_wconf 83' lang='lat' dir='ltr'><strong>consilium,</strong></span> <span class='ocrx_word' id='word_1_202' title='bbox 1752 2515 1830 2571; x_wconf 90' lang='lat' dir='ltr'><strong>sic</strong></span> <span class='ocrx_word' id='word_1_203' title='bbox 1866 2514 2092 2578; x_wconf 84' lang='lat' dir='ltr'><strong>dicens:</strong></span> 
     </span>
    </p>
   </div>
   <div class='ocr_carea' id='block_1_26' title="bbox 521 2605 2095 2680">
    <p class='ocr_par' dir='ltr' id='par_1_26' title="bbox 521 2605 2095 2680">
     <span class='ocr_line' id='line_1_26' title="bbox 521 2605 2095 2680; baseline 0 -20"><span class='ocrx_word' id='word_1_204' title='bbox 521 2605 648 2660; x_wconf 79' lang='lat' dir='ltr'><strong>Filii</strong></span> <span class='ocrx_word' id='word_1_205' title='bbox 687 2608 978 2672; x_wconf 66' lang='lat' dir='ltr'><strong>hominm.</strong></span> <span class='ocrx_word' id='word_1_206' title='bbox 1021 2623 1277 2679; x_wconf 59' lang='lat' dir='ltr'><strong>Quousque</strong></span> <span class='ocrx_word' id='word_1_207' title='bbox 1313 2608 1456 2680; x_wconf 77' lang='lat' dir='ltr'><strong>gravi</strong></span> <span class='ocrx_word' id='word_1_208' title='bbox 1486 2609 1679 2664; x_wconf 83' lang='lat' dir='ltr'><strong>corde?</strong></span> <span class='ocrx_word' id='word_1_209' title='bbox 1725 2607 1796 2662; x_wconf 80' lang='lat' dir='ltr'><strong>Et</strong></span> <span class='ocrx_word' id='word_1_210' title='bbox 1835 2606 1924 2661; x_wconf 86' lang='lat' dir='ltr'><strong>hic</strong></span> <span class='ocrx_word' id='word_1_211' title='bbox 1972 2619 2095 2660; x_wconf 85' lang='lat' dir='ltr'><strong>cum</strong></span> 
     </span>
    </p>
   </div>
   <div class='ocr_carea' id='block_1_27' title="bbox 519 2696 2094 2768">
    <p class='ocr_par' dir='ltr' id='par_1_27' title="bbox 519 2696 2094 2768">
     <span class='ocr_line' id='line_1_27' title="bbox 519 2696 2094 2768; baseline -0.002 -16"><span class='ocrx_word' id='word_1_212' title='bbox 519 2697 774 2762; x_wconf 76' lang='lat' dir='ltr'><strong>dixisset,</strong></span> <span class='ocrx_word' id='word_1_213' title='bbox 805 2697 872 2753; x_wconf 76' lang='lat' dir='ltr'><strong>In</strong></span> <span class='ocrx_word' id='word_1_214' title='bbox 895 2699 1054 2754; x_wconf 74' lang='lat' dir='ltr'><strong>altum</strong></span> <span class='ocrx_word' id='word_1_215' title='bbox 1071 2709 1322 2767; x_wconf 73' lang='lat' dir='ltr'><strong>conserte,</strong></span> <span class='ocrx_word' id='word_1_216' title='bbox 1355 2699 1568 2754; x_wconf 71' lang='lat' dir='ltr'><strong>Domine</strong></span> <span class='ocrx_word' id='word_1_217' title='bbox 1585 2697 1746 2768; x_wconf 75' lang='lat' dir='ltr'><strong>(Ibid.</strong></span> <span class='ocrx_word' id='word_1_218' title='bbox 1771 2714 1822 2754; x_wconf 68' lang='grc' dir='ltr'>ιι.</span> <span class='ocrx_word' id='word_1_219' title='bbox 1851 2697 1937 2768; x_wconf 78' lang='lat'><strong>3),</strong></span> <span class='ocrx_word' id='word_1_220' title='bbox 1964 2696 2094 2751; x_wconf 89' lang='lat' dir='ltr'><strong>sub.-</strong></span> 
     </span>
    </p>
   </div>
   <div class='ocr_carea' id='block_1_28' title="bbox 519 2788 2095 2863">
    <p class='ocr_par' dir='ltr' id='par_1_28' title="bbox 519 2788 2095 2863">
     <span class='ocr_line' id='line_1_28' title="bbox 519 2788 2095 2863; baseline 0.002 -22"><span class='ocrx_word' id='word_1_221' title='bbox 519 2789 693 2859; x_wconf 74' lang='lat' dir='ltr'><strong>jungit</strong></span> <span class='ocrx_word' id='word_1_222' title='bbox 716 2789 818 2851; x_wconf 85' lang='lat'><strong>:.9.</strong></span> <span class='ocrx_word' id='word_1_223' title='bbox 886 2788 1136 2848; x_wconf 77' lang='lat' dir='ltr'><strong>Dominus</strong></span> <span class='ocrx_word' id='word_1_224' title='bbox 1165 2791 1418 2863; x_wconf 74' lang='lat' dir='ltr'><strong>judicabit</strong></span> <span class='ocrx_word' id='word_1_225' title='bbox 1461 2791 1696 2862; x_wconf 75' lang='lat' dir='ltr'><strong>populos.</strong></span> <span class='ocrx_word' id='word_1_226' title='bbox 1731 2790 1882 2846; x_wconf 84' lang='lat' dir='ltr'><strong>Alius</strong></span> <span class='ocrx_word' id='word_1_227' title='bbox 1919 2797 2095 2850; x_wconf 82' lang='lat' dir='ltr'><strong>autem</strong></span> 
     </span>
    </p>
   </div>
   <div class='ocr_carea' id='block_1_29' title="bbox 520 2879 2096 2953">
    <p class='ocr_par' dir='ltr' id='par_1_29' title="bbox 520 2879 2096 2953">
     <span class='ocr_line' id='line_1_29' title="bbox 520 2879 2096 2953; baseline 0.003 -22"><span class='ocrx_word' id='word_1_228' title='bbox 520 2881 684 2944; x_wconf 76' lang='lat' dir='ltr'><strong>dicit,</strong></span> <span class='ocrx_word' id='word_1_229' title='bbox 747 2879 998 2938; x_wconf 82' lang='lat' dir='ltr'><strong>Dominus</strong></span> <span class='ocrx_word' id='word_1_230' title='bbox 1039 2882 1372 2953; x_wconf 80' lang='lat' dir='ltr'><strong>disceptabit;</strong></span> <span class='ocrx_word' id='word_1_231' title='bbox 1412 2881 1612 2940; x_wconf 84' lang='lat' dir='ltr'><strong>docens</strong></span> <span class='ocrx_word' id='word_1_232' title='bbox 1653 2896 1748 2938; x_wconf 88' lang='lat' dir='ltr'><strong>eos</strong></span> <span class='ocrx_word' id='word_1_233' title='bbox 1788 2880 1880 2952; x_wconf 85' lang='lat' dir='ltr'><strong>qui</strong></span> <span class='ocrx_word' id='word_1_234' title='bbox 1917 2881 2096 2937; x_wconf 89' lang='lat' dir='ltr'><strong>omnia</strong></span> 
     </span>
    </p>
   </div>
   <div class='ocr_carea' id='block_1_30' title="bbox 523 2973 2099 3044">
    <p class='ocr_par' dir='ltr' id='par_1_30' title="bbox 523 2973 2099 3044">
     <span class='ocr_line' id='line_1_30' title="bbox 523 2973 2099 3044; baseline 0.001 -16"><span class='ocrx_word' id='word_1_235' title='bbox 523 2985 652 3028; x_wconf 71' lang='lat' dir='ltr'><strong>raso</strong></span> <span class='ocrx_word' id='word_1_236' title='bbox 675 2981 727 3027; x_wconf 86' lang='lat' dir='ltr'><strong>et</strong></span> <span class='ocrx_word' id='word_1_237' title='bbox 757 2980 955 3029; x_wconf 84' lang='lat' dir='ltr'><strong>temere</strong></span> <span class='ocrx_word' id='word_1_238' title='bbox 981 2974 1092 3028; x_wconf 83' lang='lat' dir='ltr'><strong>ﬁeri</strong></span> <span class='ocrx_word' id='word_1_239' title='bbox 1131 2983 1351 3044; x_wconf 83' lang='lat' dir='ltr'><strong>putant,</strong></span> <span class='ocrx_word' id='word_1_240' title='bbox 1377 2973 1535 3030; x_wconf 82' lang='lat' dir='ltr'><strong>rebus</strong></span> <span class='ocrx_word' id='word_1_241' title='bbox 1559 2973 1840 3044; x_wconf 87' lang='lat' dir='ltr'><strong>quamdam</strong></span> <span class='ocrx_word' id='word_1_242' title='bbox 1867 2988 2099 3044; x_wconf 73' lang='lat' dir='ltr'><strong>praeesse</strong></span> 
     </span>
    </p>
   </div>
   <div class='ocr_carea' id='block_1_31' title="bbox 525 3063 2094 3136">
    <p class='ocr_par' dir='ltr' id='par_1_31' title="bbox 525 3063 2094 3136">
     <span class='ocr_line' id='line_1_31' title="bbox 525 3063 2094 3136; baseline 0.003 -19"><span class='ocrx_word' id='word_1_243' title='bbox 525 3063 908 3131; x_wconf 77' lang='lat' dir='ltr'><strong>providentiam</strong></span> <span class='ocrx_word' id='word_1_244' title='bbox 932 3105 946 3129; x_wconf 87' lang='lat'><strong>,</strong></span> <span class='ocrx_word' id='word_1_245' title='bbox 976 3079 1096 3134; x_wconf 63' lang='lat' dir='ltr'><strong>qtae</strong></span> <span class='ocrx_word' id='word_1_246' title='bbox 1119 3078 1304 3120; x_wconf 88' lang='lat' dir='ltr'><strong>eorum</strong></span> <span class='ocrx_word' id='word_1_247' title='bbox 1327 3079 1449 3134; x_wconf 69' lang='lat' dir='ltr'><strong>qum</strong></span> <span class='ocrx_word' id='word_1_248' title='bbox 1467 3064 1600 3120; x_wconf 82' lang='lat' dir='ltr'><strong>ﬁunt</strong></span> <span class='ocrx_word' id='word_1_249' title='bbox 1633 3066 1891 3122; x_wconf 85' lang='lat' dir='ltr'><strong>rationem</strong></span> <span class='ocrx_word' id='word_1_250' title='bbox 1913 3065 2094 3136; x_wconf 80' lang='lat' dir='ltr'><strong>exigit.</strong></span> 
     </span>
    </p>
   </div>
   <div class='ocr_carea' id='block_1_32' title="bbox 515 3153 2098 3226">
    <p class='ocr_par' dir='ltr' id='par_1_32' title="bbox 515 3153 2098 3226">
     <span class='ocr_line' id='line_1_32' title="bbox 515 3153 2098 3226; baseline 0.003 -18"><span class='ocrx_word' id='word_1_251' title='bbox 515 3153 797 3216; x_wconf 50' lang='lat' dir='ltr'><strong>.Judieium</strong></span> <span class='ocrx_word' id='word_1_252' title='bbox 825 3166 1001 3214; x_wconf 86' lang='lat' dir='ltr'><strong>autem</strong></span> <span class='ocrx_word' id='word_1_253' title='bbox 1023 3155 1110 3212; x_wconf 81' lang='lat' dir='ltr'><strong>hic</strong></span> <span class='ocrx_word' id='word_1_254' title='bbox 1131 3155 1262 3214; x_wconf 89' lang='lat' dir='ltr'><strong>dicit</strong></span> <span class='ocrx_word' id='word_1_255' title='bbox 1284 3165 1336 3210; x_wconf 90' lang='lat' dir='ltr'><strong>et</strong></span> <span class='ocrx_word' id='word_1_256' title='bbox 1357 3153 1614 3224; x_wconf 80' lang='lat' dir='ltr'><strong>futurum,</strong></span> <span class='ocrx_word' id='word_1_257' title='bbox 1631 3165 1686 3212; x_wconf 91' lang='lat' dir='ltr'><strong>et</strong></span> <span class='ocrx_word' id='word_1_258' title='bbox 1707 3171 1962 3226; x_wconf 63' lang='lat' dir='ltr'><strong>praesens.</strong></span> <span class='ocrx_word' id='word_1_259' title='bbox 1985 3155 2098 3212; x_wconf 90' lang='lat' dir='ltr'><strong>lllic</strong></span> 
     </span>
    </p>
   </div>
   <div class='ocr_carea' id='block_1_33' title="bbox 525 3247 2100 3316">
    <p class='ocr_par' dir='ltr' id='par_1_33' title="bbox 525 3247 2100 3316">
     <span class='ocr_line' id='line_1_33' title="bbox 525 3247 2100 3316; baseline 0.003 -16"><span class='ocrx_word' id='word_1_260' title='bbox 525 3247 667 3301; x_wconf 86' lang='lat' dir='ltr'><strong>enim</strong></span> <span class='ocrx_word' id='word_1_261' title='bbox 709 3249 881 3316; x_wconf 87' lang='lat' dir='ltr'><strong>ipsum</strong></span> <span class='ocrx_word' id='word_1_262' title='bbox 921 3248 1024 3304; x_wconf 86' lang='lat' dir='ltr'><strong>erit</strong></span> <span class='ocrx_word' id='word_1_263' title='bbox 1045 3257 1101 3303; x_wconf 77' lang='lat' dir='ltr'><strong>et</strong></span> <span class='ocrx_word' id='word_1_264' title='bbox 1142 3249 1488 3312; x_wconf 70' lang='lat' dir='ltr'><strong>universum,</strong></span> <span class='ocrx_word' id='word_1_265' title='bbox 1530 3257 1585 3304; x_wconf 91' lang='lat' dir='ltr'><strong>et</strong></span> <span class='ocrx_word' id='word_1_266' title='bbox 1611 3249 1945 3308; x_wconf 53' lang='lat' dir='ltr'><strong>manifmtum</strong></span> <span class='ocrx_word' id='word_1_267' title='bbox 1971 3267 1985 3302; x_wconf 87' lang='lat'><strong>:</strong></span> <span class='ocrx_word' id='word_1_268' title='bbox 2011 3249 2100 3305; x_wconf 75' lang='lat' dir='ltr'><strong>hic</strong></span> 
     </span>
    </p>
   </div>
   <div class='ocr_carea' id='block_1_34' title="bbox 524 3339 2096 3409">
    <p class='ocr_par' dir='ltr' id='par_1_34' title="bbox 524 3339 2096 3409">
     <span class='ocr_line' id='line_1_34' title="bbox 524 3339 2096 3409; baseline 0.003 -18"><span class='ocrx_word' id='word_1_269' title='bbox 524 3348 704 3392; x_wconf 64' lang='lat' dir='ltr'><strong>atatem</strong></span> <span class='ocrx_word' id='word_1_270' title='bbox 729 3355 798 3393; x_wconf 81' lang='lat' dir='ltr'><strong>ex</strong></span> <span class='ocrx_word' id='word_1_271' title='bbox 830 3348 975 3407; x_wconf 79' lang='lat' dir='ltr'><strong>parte</strong></span> <span class='ocrx_word' id='word_1_272' title='bbox 1009 3339 1167 3397; x_wconf 85' lang='lat' dir='ltr'><strong>etiam</strong></span> <span class='ocrx_word' id='word_1_273' title='bbox 1198 3339 1360 3396; x_wconf 81' lang='lat' dir='ltr'><strong>sumit</strong></span> <span class='ocrx_word' id='word_1_274' title='bbox 1405 3353 1620 3409; x_wconf 66' lang='lat' dir='ltr'><strong>prunas,</strong></span> <span class='ocrx_word' id='word_1_275' title='bbox 1665 3349 1720 3394; x_wconf 89' lang='lat' dir='ltr'><strong>et</strong></span> <span class='ocrx_word' id='word_1_276' title='bbox 1757 3340 2096 3398; x_wconf 82' lang='lat' dir='ltr'><strong>socordiores</strong></span> 
     </span>
    </p>
   </div>
   <div class='ocr_carea' id='block_1_35' title="bbox 531 3430 2100 3489">
    <p class='ocr_par' dir='ltr' id='par_1_35' title="bbox 531 3430 2100 3489">
     <span class='ocr_line' id='line_1_35' title="bbox 531 3430 2100 3489; baseline 0.004 -9"><span class='ocrx_word' id='word_1_277' title='bbox 531 3430 792 3489; x_wconf 70' lang='lat' dir='ltr'><strong>excitans.</strong></span> <span class='ocrx_word' id='word_1_278' title='bbox 823 3439 878 3484; x_wconf 80' lang='lat' dir='ltr'><strong>et</strong></span> <span class='ocrx_word' id='word_1_279' title='bbox 905 3431 1222 3486; x_wconf 73' lang='lat' dir='ltr'><strong>inﬁdeliores</strong></span> <span class='ocrx_word' id='word_1_280' title='bbox 1241 3430 1514 3485; x_wconf 85' lang='lat' dir='ltr'><strong>attrahens</strong></span> <span class='ocrx_word' id='word_1_281' title='bbox 1539 3430 1606 3486; x_wconf 87' lang='lat' dir='ltr'><strong>ad</strong></span> <span class='ocrx_word' id='word_1_282' title='bbox 1629 3430 1915 3486; x_wconf 81' lang='lat' dir='ltr'><strong>curandam</strong></span> <span class='ocrx_word' id='word_1_283' title='bbox 1933 3432 2100 3486; x_wconf 77' lang='lat' dir='ltr'><strong>totius</strong></span> 
     </span>
    </p>
   </div>
   <div class='ocr_carea' id='block_1_36' title="bbox 530 3518 2101 3590">
    <p class='ocr_par' dir='ltr' id='par_1_36' title="bbox 530 3518 2101 3590">
     <span class='ocr_line' id='line_1_36' title="bbox 530 3518 2101 3590; baseline 0.003 -19"><span class='ocrx_word' id='word_1_284' title='bbox 530 3518 712 3573; x_wconf 76' lang='lat' dir='ltr'><strong>mundi</strong></span> <span class='ocrx_word' id='word_1_285' title='bbox 745 3521 1149 3588; x_wconf 72' lang='lat' dir='ltr'><strong>providentiam.</strong></span> <span class='ocrx_word' id='word_1_286' title='bbox 1177 3521 1364 3576; x_wconf 68' lang='lat' dir='ltr'><strong>lodice</strong></span> <span class='ocrx_word' id='word_1_287' title='bbox 1409 3538 1519 3587; x_wconf 81' lang='lat' dir='ltr'><strong>me,</strong></span> <span class='ocrx_word' id='word_1_288' title='bbox 1543 3521 1790 3590; x_wconf 76' lang='lat' dir='ltr'><strong>Domine,</strong></span> <span class='ocrx_word' id='word_1_289' title='bbox 1819 3522 2101 3584; x_wconf 79' lang='lat' dir='ltr'><strong>secundum</strong></span> 
     </span>
    </p>
   </div>
   <div class='ocr_carea' id='block_1_37' title="bbox 519 3611 2099 3682">
    <p class='ocr_par' dir='ltr' id='par_1_37' title="bbox 519 3611 2099 3682">
     <span class='ocr_line' id='line_1_37' title="bbox 519 3611 2099 3682; baseline 0.004 -20"><span class='ocrx_word' id='word_1_290' title='bbox 519 3611 771 3678; x_wconf 76' lang='lat' dir='ltr'><strong>justitiam</strong></span> <span class='ocrx_word' id='word_1_291' title='bbox 799 3627 978 3665; x_wconf 77' lang='lat' dir='ltr'><strong>nteant.</strong></span> <span class='ocrx_word' id='word_1_292' title='bbox 1006 3612 1156 3667; x_wconf 76' lang='lat' dir='ltr'><strong>Alius</strong></span> <span class='ocrx_word' id='word_1_293' title='bbox 1178 3612 1306 3667; x_wconf 90' lang='lat' dir='ltr'><strong>dicit</strong></span> <span class='ocrx_word' id='word_1_294' title='bbox 1323 3651 1341 3678; x_wconf 84' lang='lat'><strong>,</strong></span> <span class='ocrx_word' id='word_1_295' title='bbox 1385 3611 1680 3668; x_wconf 76' lang='lat' dir='ltr'><strong>Secundum</strong></span> <span class='ocrx_word' id='word_1_296' title='bbox 1709 3614 1802 3682; x_wconf 86' lang='lat' dir='ltr'><strong>jus</strong></span> <span class='ocrx_word' id='word_1_297' title='bbox 1821 3629 2009 3667; x_wconf 76' lang='lat' dir='ltr'><strong>meum.</strong></span> <span class='ocrx_word' id='word_1_298' title='bbox 2031 3613 2099 3668; x_wconf 83' lang='lat' dir='ltr'><strong>Et</strong></span> 
     </span>
    </p>
   </div>
   <div class='ocr_carea' id='block_1_38' title="bbox 523 3705 2098 3774">
    <p class='ocr_par' dir='ltr' id='par_1_38' title="bbox 523 3705 2098 3774">
     <span class='ocr_line' id='line_1_38' title="bbox 523 3705 2098 3774; baseline 0.004 -18"><span class='ocrx_word' id='word_1_299' title='bbox 523 3705 798 3757; x_wconf 79' lang='lat' dir='ltr'><strong>secundum</strong></span> <span class='ocrx_word' id='word_1_300' title='bbox 845 3706 1180 3760; x_wconf 78' lang='lat' dir='ltr'><strong>innocentium</strong></span> <span class='ocrx_word' id='word_1_301' title='bbox 1217 3721 1378 3760; x_wconf 73' lang='lat' dir='ltr'><strong>nteant</strong></span> <span class='ocrx_word' id='word_1_302' title='bbox 1413 3723 1564 3774; x_wconf 80' lang='lat' dir='ltr'><strong>super</strong></span> <span class='ocrx_word' id='word_1_303' title='bbox 1735 3707 1819 3764; x_wconf 66' lang='lat'><strong>10.</strong></span> <span class='ocrx_word' id='word_1_304' title='bbox 1851 3707 2098 3762; x_wconf 74' lang='lat' dir='ltr'><strong>Consum-</strong></span> 
     </span>
    </p>
   </div>
   <div class='ocr_carea' id='block_1_39' title="bbox 534 3788 2102 3859">
    <p class='ocr_par' dir='ltr' id='par_1_39' title="bbox 534 3788 2102 3859">
     <span class='ocr_line' id='line_1_39' title="bbox 534 3788 2102 3859; baseline 0.006 -23"><span class='ocrx_word' id='word_1_305' title='bbox 534 3797 694 3839; x_wconf 66' lang='lat' dir='ltr'><strong>matur</strong></span> <span class='ocrx_word' id='word_1_306' title='bbox 718 3789 936 3854; x_wconf 73' lang='lat' dir='ltr'><strong>nequitia</strong></span> <span class='ocrx_word' id='word_1_307' title='bbox 959 3799 1296 3859; x_wconf 71' lang='lat' dir='ltr'><strong>peccatorum.</strong></span> <span class='ocrx_word' id='word_1_308' title='bbox 1334 3789 1484 3843; x_wconf 75' lang='lat' dir='ltr'><strong>Alius</strong></span> <span class='ocrx_word' id='word_1_309' title='bbox 1509 3789 1640 3844; x_wconf 80' lang='lat' dir='ltr'><strong>dicit</strong></span> <span class='ocrx_word' id='word_1_310' title='bbox 1659 3807 1680 3843; x_wconf 79' lang='lat'><strong>-:</strong></span> <span class='ocrx_word' id='word_1_311' title='bbox 1705 3788 1992 3859; x_wconf 78' lang='lat' dir='ltr'><strong>Peragatur</strong></span> <span class='ocrx_word' id='word_1_312' title='bbox 2022 3809 2102 3846; x_wconf 75' lang='lat' dir='ltr'><strong>tte—</strong></span> 
     </span>
    </p>
   </div>
   <div class='ocr_carea' id='block_1_40' title="bbox 534 3878 2102 3951">
    <p class='ocr_par' dir='ltr' id='par_1_40' title="bbox 534 3878 2102 3951">
     <span class='ocr_line' id='line_1_40' title="bbox 534 3878 2102 3951; baseline 0.006 -24"><span class='ocrx_word' id='word_1_313' title='bbox 534 3878 674 3930; x_wconf 78' lang='lat' dir='ltr'><strong>:uttio</strong></span> <span class='ocrx_word' id='word_1_314' title='bbox 726 3878 964 3934; x_wconf 73' lang='lat' dir='ltr'><strong>adversus</strong></span> <span class='ocrx_word' id='word_1_315' title='bbox 1015 3879 1216 3948; x_wconf 86' lang='lat' dir='ltr'><strong>impios.</strong></span> <span class='ocrx_word' id='word_1_316' title='bbox 1259 3878 1327 3933; x_wconf 87' lang='lat' dir='ltr'><strong>Et</strong></span> <span class='ocrx_word' id='word_1_317' title='bbox 1351 3881 1536 3951; x_wconf 77' lang='lat' dir='ltr'><strong>diriges</strong></span> <span class='ocrx_word' id='word_1_318' title='bbox 1551 3881 1772 3950; x_wconf 78' lang='lat' dir='ltr'><strong>justum.</strong></span> <span class='ocrx_word' id='word_1_319' title='bbox 1813 3882 1996 3946; x_wconf 77' lang='lat' dir='ltr'><strong>Alius,</strong></span> <span class='ocrx_word' id='word_1_320' title='bbox 2037 3882 2102 3936; x_wconf 87' lang='lat' dir='ltr'><strong>Et</strong></span> 
     </span>
    </p>
   </div>
   <div class='ocr_carea' id='block_1_41' title="bbox 531 3969 2100 4041">
    <p class='ocr_par' dir='ltr' id='par_1_41' title="bbox 531 3969 2100 4041">
     <span class='ocr_line' id='line_1_41' title="bbox 531 3969 2100 4041; baseline 0.006 -22"><span class='ocrx_word' id='word_1_321' title='bbox 531 3969 752 4023; x_wconf 80' lang='lat' dir='ltr'><strong>s-‘abilies</strong></span> <span class='ocrx_word' id='word_1_322' title='bbox 766 3969 986 4039; x_wconf 80' lang='lat' dir='ltr'><strong>justum.</strong></span> <span class='ocrx_word' id='word_1_323' title='bbox 1025 3971 1124 4039; x_wconf 85' lang='lat' dir='ltr'><strong>Qui</strong></span> <span class='ocrx_word' id='word_1_324' title='bbox 1166 3971 1223 4026; x_wconf 89' lang='lat' dir='ltr'><strong>lit</strong></span> <span class='ocrx_word' id='word_1_325' title='bbox 1251 3981 1307 4026; x_wconf 88' lang='lat' dir='ltr'><strong>ut</strong></span> <span class='ocrx_word' id='word_1_326' title='bbox 1330 3972 1416 4041; x_wconf 85' lang='lat' dir='ltr'><strong>qui</strong></span> <span class='ocrx_word' id='word_1_327' title='bbox 1454 3971 1577 4026; x_wconf 85' lang='lat' dir='ltr'><strong>alibi</strong></span> <span class='ocrx_word' id='word_1_328' title='bbox 1611 3971 1770 4040; x_wconf 81' lang='lat' dir='ltr'><strong>dicit,</strong></span> <span class='ocrx_word' id='word_1_329' title='bbox 1801 3971 1922 4027; x_wconf 81' lang='lat' dir='ltr'><strong>Non</strong></span> <span class='ocrx_word' id='word_1_330' title='bbox 1947 3975 2100 4029; x_wconf 79' lang='lat' dir='ltr'><strong>intres</strong></span> 
     </span>
    </p>
   </div>
   <div class='ocr_carea' id='block_1_42' title="bbox 529 4060 2098 4136">
    <p class='ocr_par' dir='ltr' id='par_1_42' title="bbox 529 4060 2098 4136">
     <span class='ocr_line' id='line_1_42' title="bbox 529 4060 2098 4136; baseline 0.005 -24"><span class='ocrx_word' id='word_1_331' title='bbox 529 4061 580 4112; x_wconf 75' lang='lat' dir='ltr'><strong>tu</strong></span> <span class='ocrx_word' id='word_1_332' title='bbox 599 4060 851 4129; x_wconf 78' lang='lat' dir='ltr'><strong>judicium</strong></span> <span class='ocrx_word' id='word_1_333' title='bbox 876 4078 990 4116; x_wconf 78' lang='lat' dir='ltr'><strong>cum</strong></span> <span class='ocrx_word' id='word_1_334' title='bbox 1032 4079 1172 4120; x_wconf 74' lang='lat' dir='ltr'><strong>servo</strong></span> <span class='ocrx_word' id='word_1_335' title='bbox 1213 4063 1483 4132; x_wconf 79' lang='lat' dir='ltr'><strong>tuo(Psal.</strong></span> <span class='ocrx_word' id='word_1_336' title='bbox 1512 4064 1633 4118; x_wconf 70' lang='grc' dir='ltr'><strong>ΗΞ.</strong></span> <span class='ocrx_word' id='word_1_337' title='bbox 1662 4065 1698 4118; x_wconf 76' lang='lat'><strong>9.</strong></span> <span class='ocrx_word' id='word_1_338' title='bbox 1721 4063 1742 4136; x_wconf 92' lang='lat'>)</span> <span class='ocrx_word' id='word_1_339' title='bbox 1766 4106 1782 4130; x_wconf 92' lang='lat'><strong>,</strong></span> <span class='ocrx_word' id='word_1_340' title='bbox 1815 4065 1902 4120; x_wconf 90' lang='lat' dir='ltr'><strong>hic</strong></span> <span class='ocrx_word' id='word_1_341' title='bbox 1925 4066 2098 4135; x_wconf 85' lang='lat' dir='ltr'><strong>dicat,</strong></span> 
     </span>
    </p>
   </div>
   <div class='ocr_carea' id='block_1_43' title="bbox 529 4149 2094 4226">
    <p class='ocr_par' dir='ltr' id='par_1_43' title="bbox 529 4149 2094 4226">
     <span class='ocr_line' id='line_1_43' title="bbox 529 4149 2094 4226; baseline 0.007 -23"><span class='ocrx_word' id='word_1_342' title='bbox 529 4149 718 4204; x_wconf 84' lang='lat' dir='ltr'><strong>Jttdica</strong></span> <span class='ocrx_word' id='word_1_343' title='bbox 738 4169 815 4205; x_wconf 80' lang='lat' dir='ltr'><strong>me</strong></span> <span class='ocrx_word' id='word_1_344' title='bbox 831 4155 1104 4212; x_wconf 81' lang='lat' dir='ltr'><strong>secundum</strong></span> <span class='ocrx_word' id='word_1_345' title='bbox 1120 4156 1369 4226; x_wconf 75' lang='lat' dir='ltr'><strong>justitiam</strong></span> <span class='ocrx_word' id='word_1_346' title='bbox 1391 4173 1552 4211; x_wconf 67' lang='lat' dir='ltr'><strong>ausam</strong></span> <span class='ocrx_word' id='word_1_347' title='bbox 1571 4157 1598 4210; x_wconf 83' lang='lat'><strong><em>?</em></strong></span> <span class='ocrx_word' id='word_1_348' title='bbox 1622 4157 1772 4224; x_wconf 84' lang='lat' dir='ltr'><strong>Quod</strong></span> <span class='ocrx_word' id='word_1_349' title='bbox 1798 4158 1899 4214; x_wconf 83' lang='lat' dir='ltr'><strong>hoc</strong></span> <span class='ocrx_word' id='word_1_350' title='bbox 1913 4159 2056 4214; x_wconf 82' lang='lat' dir='ltr'><strong>aliud</strong></span> <span class='ocrx_word' id='word_1_351' title='bbox 2076 4201 2094 4226; x_wconf 93' lang='lat'><strong>,</strong></span> 
     </span>
    </p>
   </div>
   <div class='ocr_carea' id='block_1_44' title="bbox 531 4245 2102 4320">
    <p class='ocr_par' dir='ltr' id='par_1_44' title="bbox 531 4245 2102 4320">
     <span class='ocr_line' id='line_1_44' title="bbox 531 4245 2102 4320; baseline 0.002 -20"><span class='ocrx_word' id='word_1_352' title='bbox 531 4258 583 4300; x_wconf 86' lang='lat' dir='ltr'><strong>et</strong></span> <span class='ocrx_word' id='word_1_353' title='bbox 611 4245 738 4298; x_wconf 84' lang='lat' dir='ltr'><strong>illud</strong></span> <span class='ocrx_word' id='word_1_354' title='bbox 763 4247 902 4302; x_wconf 89' lang='lat' dir='ltr'><strong>aliud</strong></span> <span class='ocrx_word' id='word_1_355' title='bbox 923 4248 1012 4302; x_wconf 79' lang='lat' dir='ltr'><strong>sit.</strong></span> <span class='ocrx_word' id='word_1_356' title='bbox 1045 4248 1135 4303; x_wconf 91' lang='lat' dir='ltr'><strong>Ille</strong></span> <span class='ocrx_word' id='word_1_357' title='bbox 1157 4249 1299 4303; x_wconf 85' lang='lat' dir='ltr'><strong>enim</strong></span> <span class='ocrx_word' id='word_1_358' title='bbox 1330 4248 1538 4312; x_wconf 84' lang='lat' dir='ltr'><strong>dicens,</strong></span> <span class='ocrx_word' id='word_1_359' title='bbox 1566 4248 1860 4304; x_wconf 81' lang='lat' dir='ltr'><strong>Nonintres</strong></span> <span class='ocrx_word' id='word_1_360' title='bbox 1888 4251 1940 4304; x_wconf 80' lang='lat' dir='ltr'><strong>in</strong></span> <span class='ocrx_word' id='word_1_361' title='bbox 1957 4253 2102 4320; x_wconf 84' lang='lat' dir='ltr'><strong>judi-</strong></span> 
     </span>
    </p>
   </div>
   <div class='ocr_carea' id='block_1_45' title="bbox 529 4338 2100 4410">
    <p class='ocr_par' dir='ltr' id='par_1_45' title="bbox 529 4338 2100 4410">
     <span class='ocr_line' id='line_1_45' title="bbox 529 4338 2100 4410; baseline 0.005 -23"><span class='ocrx_word' id='word_1_362' title='bbox 529 4338 660 4389; x_wconf 72' lang='lat' dir='ltr'><strong>rium</strong></span> <span class='ocrx_word' id='word_1_363' title='bbox 694 4354 809 4390; x_wconf 80' lang='lat' dir='ltr'><strong>cum</strong></span> <span class='ocrx_word' id='word_1_364' title='bbox 833 4354 977 4394; x_wconf 76' lang='lat' dir='ltr'><strong>servo</strong></span> <span class='ocrx_word' id='word_1_365' title='bbox 1002 4346 1116 4404; x_wconf 79' lang='lat' dir='ltr'><strong>tuo,</strong></span> <span class='ocrx_word' id='word_1_366' title='bbox 1143 4338 1434 4408; x_wconf 80' lang='lat' dir='ltr'><strong>signiﬁcat,</strong></span> <span class='ocrx_word' id='word_1_367' title='bbox 1476 4338 1552 4394; x_wconf 85' lang='lat' dir='ltr'><strong>Ne</strong></span> <span class='ocrx_word' id='word_1_368' title='bbox 1581 4349 1633 4394; x_wconf 90' lang='lat' dir='ltr'><strong>tu</strong></span> <span class='ocrx_word' id='word_1_369' title='bbox 1661 4356 1866 4394; x_wconf 84' lang='lat' dir='ltr'><strong>mecum</strong></span> <span class='ocrx_word' id='word_1_370' title='bbox 1900 4341 2100 4410; x_wconf 81' lang='lat' dir='ltr'><strong>judicio</strong></span> 
     </span>
    </p>
   </div>
   <div class='ocr_carea' id='block_1_46' title="bbox 531 4429 2100 4500">
    <p class='ocr_par' dir='ltr' id='par_1_46' title="bbox 531 4429 2100 4500">
     <span class='ocr_line' id='line_1_46' title="bbox 531 4429 2100 4500; baseline 0.002 -18"><span class='ocrx_word' id='word_1_371' title='bbox 531 4429 898 4496; x_wconf 80' lang='lat' dir='ltr'><strong>contenderis,</strong></span> <span class='ocrx_word' id='word_1_372' title='bbox 939 4444 1006 4497; x_wconf 71' lang='lat' dir='ltr'><strong>ne</strong></span> <span class='ocrx_word' id='word_1_373' title='bbox 1047 4444 1225 4500; x_wconf 56' lang='lat' dir='ltr'><strong>inuam</strong></span> <span class='ocrx_word' id='word_1_374' title='bbox 1270 4431 1469 4494; x_wconf 77' lang='lat' dir='ltr'><strong>vitam,</strong></span> <span class='ocrx_word' id='word_1_375' title='bbox 1513 4445 1634 4482; x_wconf 87' lang='lat' dir='ltr'><strong>cum</strong></span> <span class='ocrx_word' id='word_1_376' title='bbox 1681 4430 1785 4484; x_wconf 85' lang='lat' dir='ltr'><strong>tuis</strong></span> <span class='ocrx_word' id='word_1_377' title='bbox 1829 4430 2100 4486; x_wconf 85' lang='lat' dir='ltr'><strong>beneﬁciis</strong></span> 
     </span>
    </p>
   </div>
   <div class='ocr_carea' id='block_1_47' title="bbox 499 4520 2096 4588">
    <p class='ocr_par' dir='ltr' id='par_1_47' title="bbox 499 4520 2096 4588">
     <span class='ocr_line' id='line_1_47' title="bbox 499 4520 2096 4588; baseline 0.003 -18"><span class='ocrx_word' id='word_1_378' title='bbox 499 4567 504 4570; x_wconf 91' lang='lat'>_</span> <span class='ocrx_word' id='word_1_379' title='bbox 531 4521 856 4578; x_wconf 79' lang='lat' dir='ltr'><strong>conferendo</strong></span> <span class='ocrx_word' id='word_1_380' title='bbox 876 4563 893 4587; x_wconf 92' lang='lat'><strong>,</strong></span> <span class='ocrx_word' id='word_1_381' title='bbox 918 4520 1328 4578; x_wconf 74' lang='lat' dir='ltr'><strong>oxaminaveris.</strong></span> <span class='ocrx_word' id='word_1_382' title='bbox 1361 4521 1428 4576; x_wconf 90' lang='lat' dir='ltr'><strong>Et</strong></span> <span class='ocrx_word' id='word_1_383' title='bbox 1454 4521 1572 4574; x_wconf 86' lang='lat' dir='ltr'><strong>ideo</strong></span> <span class='ocrx_word' id='word_1_384' title='bbox 1594 4521 1863 4588; x_wconf 67' lang='lat' dir='ltr'><strong>subiunxit</strong></span> <span class='ocrx_word' id='word_1_385' title='bbox 1899 4523 2057 4576; x_wconf 84' lang='lat' dir='ltr'><strong>etiam</strong></span> <span class='ocrx_word' id='word_1_386' title='bbox 2083 4539 2096 4576; x_wconf 90' lang='lat'>:</span> 
     </span>
    </p>
   </div>
   <div class='ocr_carea' id='block_1_48' title="bbox 537 4605 2100 4681">
    <p class='ocr_par' dir='ltr' id='par_1_48' title="bbox 537 4605 2100 4681">
     <span class='ocr_line' id='line_1_48' title="bbox 537 4605 2100 4681; baseline 0.001 -17"><span class='ocrx_word' id='word_1_387' title='bbox 537 4611 670 4674; x_wconf 80' lang='lat' dir='ltr'><strong>Quia</strong></span> <span class='ocrx_word' id='word_1_388' title='bbox 695 4629 796 4680; x_wconf 77' lang='lat' dir='ltr'><strong>non</strong></span> <span class='ocrx_word' id='word_1_389' title='bbox 815 4612 1178 4681; x_wconf 80' lang='lat' dir='ltr'><strong>justiﬁcabitur</strong></span> <span class='ocrx_word' id='word_1_390' title='bbox 1201 4612 1254 4664; x_wconf 79' lang='lat' dir='ltr'><strong>iu</strong></span> <span class='ocrx_word' id='word_1_391' title='bbox 1281 4605 1659 4678; x_wconf 80' lang='lat' dir='ltr'><strong>conspeclu&#39;tuo</strong></span> <span class='ocrx_word' id='word_1_392' title='bbox 1699 4611 1860 4666; x_wconf 73' lang='lat' dir='ltr'><strong>cannis</strong></span> <span class='ocrx_word' id='word_1_393' title='bbox 1899 4611 2062 4666; x_wconf 80' lang='lat' dir='ltr'><strong>vivens</strong></span> <span class='ocrx_word' id='word_1_394' title='bbox 2081 4651 2100 4677; x_wconf 94' lang='lat'><strong>,</strong></span> 
     </span>
    </p>
   </div>
   <div class='ocr_carea' id='block_1_49' title="bbox 532 4699 2099 4769">
    <p class='ocr_par' dir='ltr' id='par_1_49' title="bbox 532 4699 2099 4769">
     <span class='ocr_line' id='line_1_49' title="bbox 532 4699 2099 4769; baseline 0.003 -15"><span class='ocrx_word' id='word_1_395' title='bbox 532 4699 633 4754; x_wconf 75' lang='lat' dir='ltr'><strong>hoc</strong></span> <span class='ocrx_word' id='word_1_396' title='bbox 647 4709 754 4768; x_wconf 87' lang='lat' dir='ltr'><strong>est,</strong></span> <span class='ocrx_word' id='word_1_397' title='bbox 787 4703 830 4756; x_wconf 88' lang='lat' dir='ltr'><strong>si</strong></span> <span class='ocrx_word' id='word_1_398' title='bbox 859 4711 1032 4756; x_wconf 83' lang='lat' dir='ltr'><strong>tecum</strong></span> <span class='ocrx_word' id='word_1_399' title='bbox 1061 4703 1111 4758; x_wconf 91' lang='lat' dir='ltr'><strong>in</strong></span> <span class='ocrx_word' id='word_1_400' title='bbox 1129 4701 1324 4769; x_wconf 76' lang='lat' dir='ltr'><strong>judicio</strong></span> <span class='ocrx_word' id='word_1_401' title='bbox 1343 4701 1645 4760; x_wconf 82' lang='lat' dir='ltr'><strong>contendat.</strong></span> <span class='ocrx_word' id='word_1_402' title='bbox 1677 4701 1772 4755; x_wconf 89' lang='lat' dir='ltr'><strong>llic</strong></span> <span class='ocrx_word' id='word_1_403' title='bbox 1791 4711 1965 4758; x_wconf 89' lang='lat' dir='ltr'><strong>autem</strong></span> <span class='ocrx_word' id='word_1_404' title='bbox 1991 4719 2099 4758; x_wconf 74' lang='lat' dir='ltr'><strong>neti</strong></span> 
     </span>
    </p>
   </div>
   <div class='ocr_carea' id='block_1_50' title="bbox 534 4793 2099 4865">
    <p class='ocr_par' dir='ltr' id='par_1_50' title="bbox 534 4793 2099 4865">
     <span class='ocr_line' id='line_1_50' title="bbox 534 4793 2099 4865; baseline 0.002 -17"><span class='ocrx_word' id='word_1_405' title='bbox 534 4793 635 4848; x_wconf 75' lang='lat' dir='ltr'><strong>hoc</strong></span> <span class='ocrx_word' id='word_1_406' title='bbox 659 4794 828 4850; x_wconf 80' lang='lat' dir='ltr'><strong>dicit:</strong></span> <span class='ocrx_word' id='word_1_407' title='bbox 855 4809 957 4849; x_wconf 90' lang='lat' dir='ltr'><strong>non</strong></span> <span class='ocrx_word' id='word_1_408' title='bbox 982 4795 1095 4856; x_wconf 83' lang='lat' dir='ltr'><strong>vult</strong></span> <span class='ocrx_word' id='word_1_409' title='bbox 1119 4796 1261 4850; x_wconf 77' lang='lat' dir='ltr'><strong>enim</strong></span> <span class='ocrx_word' id='word_1_410' title='bbox 1306 4795 1362 4848; x_wconf 91' lang='lat' dir='ltr'><strong>in</strong></span> <span class='ocrx_word' id='word_1_411' title='bbox 1399 4795 1600 4863; x_wconf 89' lang='lat' dir='ltr'><strong>judicio</strong></span> <span class='ocrx_word' id='word_1_412' title='bbox 1639 4810 1760 4850; x_wconf 91' lang='lat' dir='ltr'><strong>cum</strong></span> <span class='ocrx_word' id='word_1_413' title='bbox 1803 4796 1918 4865; x_wconf 86' lang='lat' dir='ltr'><strong>ipso</strong></span> <span class='ocrx_word' id='word_1_414' title='bbox 1967 4811 2099 4851; x_wconf 80' lang='lat' dir='ltr'><strong>cou-</strong></span> 
     </span>
    </p>
   </div>
   <div class='ocr_carea' id='block_1_51' title="bbox 535 4883 2098 4958">
    <p class='ocr_par' dir='ltr' id='par_1_51' title="bbox 535 4883 2098 4958">
     <span class='ocr_line' id='line_1_51' title="bbox 535 4883 2098 4958; baseline 0 -19"><span class='ocrx_word' id='word_1_415' title='bbox 535 4883 756 4940; x_wconf 87' lang='lat' dir='ltr'><strong>tendere</strong></span> <span class='ocrx_word' id='word_1_416' title='bbox 779 4923 796 4948; x_wconf 93' lang='lat'><strong>,</strong></span> <span class='ocrx_word' id='word_1_417' title='bbox 823 4883 915 4940; x_wconf 86' lang='lat' dir='ltr'><strong>sed</strong></span> <span class='ocrx_word' id='word_1_418' title='bbox 933 4899 1139 4940; x_wconf 82' lang='lat' dir='ltr'><strong>secum.</strong></span> <span class='ocrx_word' id='word_1_419' title='bbox 1164 4885 1238 4942; x_wconf 85' lang='lat' dir='ltr'><strong>Et</strong></span> <span class='ocrx_word' id='word_1_420' title='bbox 1275 4884 1394 4952; x_wconf 84' lang='lat' dir='ltr'><strong>ideo</strong></span> <span class='ocrx_word' id='word_1_421' title='bbox 1425 4884 1590 4950; x_wconf 90' lang='lat' dir='ltr'><strong>dicit,</strong></span> <span class='ocrx_word' id='word_1_422' title='bbox 1620 4884 1911 4940; x_wconf 81' lang='lat' dir='ltr'><strong>Secundum</strong></span> <span class='ocrx_word' id='word_1_423' title='bbox 1941 4887 2098 4958; x_wconf 77' lang='lat' dir='ltr'><strong>justi-</strong></span> 
     </span>
    </p>
   </div>
   <div class='ocr_carea' id='block_1_52' title="bbox 535 4975 2097 5046">
    <p class='ocr_par' dir='ltr' id='par_1_52' title="bbox 535 4975 2097 5046">
     <span class='ocr_line' id='line_1_52' title="bbox 535 4975 2097 5046; baseline 0.001 -15"><span class='ocrx_word' id='word_1_424' title='bbox 535 4981 656 5040; x_wconf 73' lang='lat' dir='ltr'><strong>tiam</strong></span> <span class='ocrx_word' id='word_1_425' title='bbox 675 4992 857 5042; x_wconf 77' lang='lat' dir='ltr'><strong>nteant,</strong></span> <span class='ocrx_word' id='word_1_426' title='bbox 877 4977 978 5036; x_wconf 75' lang='lat' dir='ltr'><strong>hoc</strong></span> <span class='ocrx_word' id='word_1_427' title='bbox 999 4985 1104 5042; x_wconf 75' lang='lat' dir='ltr'><strong>est,</strong></span> <span class='ocrx_word' id='word_1_428' title='bbox 1127 4976 1425 5042; x_wconf 67' lang='lat' dir='ltr'><strong>Secundtnn</strong></span> <span class='ocrx_word' id='word_1_429' title='bbox 1441 4975 1698 5045; x_wconf 78' lang='lat' dir='ltr'><strong>justitiam</strong></span> <span class='ocrx_word' id='word_1_430' title='bbox 1715 4992 1842 5046; x_wconf 75' lang='lat' dir='ltr'><strong>qua:</strong></span> <span class='ocrx_word' id='word_1_431' title='bbox 1864 4993 1979 5032; x_wconf 87' lang='lat' dir='ltr'><strong>mea</strong></span> <span class='ocrx_word' id='word_1_432' title='bbox 1995 4986 2097 5032; x_wconf 80' lang='lat' dir='ltr'><strong>est.</strong></span> 
     </span>
    </p>
   </div>
   <div class='ocr_carea' id='block_1_53' title="bbox 531 5059 2100 5135">
    <p class='ocr_par' dir='ltr' id='par_1_53' title="bbox 531 5059 2100 5135">
     <span class='ocr_line' id='line_1_53' title="bbox 531 5059 2100 5135; baseline -0.001 -11"><span class='ocrx_word' id='word_1_433' title='bbox 531 5068 798 5128; x_wconf 77' lang='lat' dir='ltr'><strong>Justitiam</strong></span> <span class='ocrx_word' id='word_1_434' title='bbox 839 5075 1018 5128; x_wconf 76' lang='lat' dir='ltr'><strong>autem</strong></span> <span class='ocrx_word' id='word_1_435' title='bbox 1048 5066 1134 5126; x_wconf 80' lang='lat' dir='ltr'><strong>hic</strong></span> <span class='ocrx_word' id='word_1_436' title='bbox 1151 5065 1284 5121; x_wconf 86' lang='lat' dir='ltr'><strong>dicit</strong></span> <span class='ocrx_word' id='word_1_437' title='bbox 1302 5105 1318 5130; x_wconf 89' lang='lat'><strong>,</strong></span> <span class='ocrx_word' id='word_1_438' title='bbox 1347 5081 1451 5132; x_wconf 86' lang='lat' dir='ltr'><strong>non</strong></span> <span class='ocrx_word' id='word_1_439' title='bbox 1471 5067 1700 5135; x_wconf 57' lang='lat' dir='ltr'><strong>cmpisse</strong></span> <span class='ocrx_word' id='word_1_440' title='bbox 1722 5059 1970 5122; x_wconf 75' lang='lat' dir='ltr'><strong>manibus</strong></span> <span class='ocrx_word' id='word_1_441' title='bbox 1995 5066 2100 5122; x_wconf 88' lang='lat' dir='ltr'><strong>iui-</strong></span> 
     </span>
    </p>
   </div>
   <div class='ocr_carea' id='block_1_54' title="bbox 531 5145 2100 5231">
    <p class='ocr_par' dir='ltr' id='par_1_54' title="bbox 531 5145 2100 5231">
     <span class='ocr_line' id='line_1_54' title="bbox 531 5145 2100 5231; baseline -0.001 -17"><span class='ocrx_word' id='word_1_442' title='bbox 531 5161 838 5231; x_wconf 64' lang='lat' dir='ltr'><strong>quislsixam</strong></span> <span class='ocrx_word' id='word_1_443' title='bbox 862 5174 878 5223; x_wconf 90' lang='lat'><strong>;</strong></span> <span class='ocrx_word' id='word_1_444' title='bbox 905 5157 1045 5228; x_wconf 79' lang='lat' dir='ltr'><strong>quod</strong></span> <span class='ocrx_word' id='word_1_445' title='bbox 1075 5156 1207 5212; x_wconf 58' lang='lat' dir='ltr'><strong>dixit</strong></span> <span class='ocrx_word' id='word_1_446' title='bbox 1226 5157 1502 5226; x_wconf 75' lang='lat' dir='ltr'><strong>superius,</strong></span> <span class='ocrx_word' id='word_1_447' title='bbox 1523 5145 1593 5222; x_wconf 51' lang='grc' dir='ltr'><strong>,εἰ</strong></span> <span class='ocrx_word' id='word_1_448' title='bbox 1613 5157 1708 5216; x_wconf 68' lang='lat' dir='ltr'><strong>hoc</strong></span> <span class='ocrx_word' id='word_1_449' title='bbox 1737 5157 1872 5226; x_wconf 76' lang='lat' dir='ltr'><strong>feci.</strong></span> <span class='ocrx_word' id='word_1_450' title='bbox 1897 5166 1951 5212; x_wconf 89' lang='lat' dir='ltr'><strong>et</strong></span> <span class='ocrx_word' id='word_1_451' title='bbox 1981 5173 2100 5226; x_wconf 73' lang='lat' dir='ltr'><strong>qua:</strong></span> 
     </span>
    </p>
   </div>
   <div class='ocr_carea' id='block_1_55' title="bbox 533 5247 2100 5324">
    <p class='ocr_par' dir='ltr' id='par_1_55' title="bbox 533 5247 2100 5324">
     <span class='ocr_line' id='line_1_55' title="bbox 533 5247 2100 5324; baseline -0.006 -13"><span class='ocrx_word' id='word_1_452' title='bbox 533 5261 846 5324; x_wconf 65' lang='lat' dir='ltr'><strong>summittur.</strong></span> <span class='ocrx_word' id='word_1_453' title='bbox 887 5251 1044 5310; x_wconf 77' lang='lat' dir='ltr'><strong>idem</strong></span> <span class='ocrx_word' id='word_1_454' title='bbox 1090 5259 1268 5308; x_wconf 73' lang='lat' dir='ltr'><strong>autem</strong></span> <span class='ocrx_word' id='word_1_455' title='bbox 1308 5247 1570 5319; x_wconf 75' lang='lat' dir='ltr'><strong>signiﬁcat</strong></span> <span class='ocrx_word' id='word_1_456' title='bbox 1603 5248 1766 5315; x_wconf 63' lang='lat' dir='ltr'><strong>illud,</strong></span> <span class='ocrx_word' id='word_1_457' title='bbox 1810 5247 2100 5304; x_wconf 82' lang='lat' dir='ltr'><strong>Secundum</strong></span> 
     </span>
    </p>
   </div>
   <div class='ocr_carea' id='block_1_56' title="bbox 533 5337 2100 5414">
    <p class='ocr_par' dir='ltr' id='par_1_56' title="bbox 533 5337 2100 5414">
     <span class='ocr_line' id='line_1_56' title="bbox 533 5337 2100 5414; baseline -0.003 -18"><span class='ocrx_word' id='word_1_458' title='bbox 533 5345 867 5398; x_wconf 74' lang='lat' dir='ltr'><strong>&#39;uznocentiant</strong></span> <span class='ocrx_word' id='word_1_459' title='bbox 928 5357 1131 5414; x_wconf 76' lang='lat' dir='ltr'><strong>meum;</strong></span> <span class='ocrx_word' id='word_1_460' title='bbox 1173 5338 1473 5395; x_wconf 89' lang='lat' dir='ltr'><strong>Secundum</strong></span> <span class='ocrx_word' id='word_1_461' title='bbox 1538 5339 1672 5402; x_wconf 86' lang='lat' dir='ltr'><strong>hoc,</strong></span> <span class='ocrx_word' id='word_1_462' title='bbox 1729 5337 1931 5406; x_wconf 90' lang='lat' dir='ltr'><strong>inquit,</strong></span> <span class='ocrx_word' id='word_1_463' title='bbox 1980 5338 2100 5392; x_wconf 82' lang='lat' dir='ltr'><strong>volo</strong></span> 
     </span>
    </p>
   </div>
   <div class='ocr_carea' id='block_1_57' title="bbox 532 5428 2100 5504">
    <p class='ocr_par' dir='ltr' id='par_1_57' title="bbox 532 5428 2100 5504">
     <span class='ocr_line' id='line_1_57' title="bbox 532 5428 2100 5504; baseline -0.004 -16"><span class='ocrx_word' id='word_1_464' title='bbox 532 5433 773 5501; x_wconf 69' lang='lat' dir='ltr'><strong>iudicari.</strong></span> <span class='ocrx_word' id='word_1_465' title='bbox 797 5433 989 5504; x_wconf 77' lang='lat' dir='ltr'><strong>Magna.</strong></span> <span class='ocrx_word' id='word_1_466' title='bbox 1005 5437 1088 5488; x_wconf 82' lang='lat' dir='ltr'><strong>est</strong></span> <span class='ocrx_word' id='word_1_467' title='bbox 1114 5432 1270 5487; x_wconf 81' lang='lat' dir='ltr'><strong>etiam</strong></span> <span class='ocrx_word' id='word_1_468' title='bbox 1296 5430 1380 5486; x_wconf 91' lang='lat' dir='ltr'><strong>hic</strong></span> <span class='ocrx_word' id='word_1_469' title='bbox 1391 5429 1518 5500; x_wconf 85' lang='lat' dir='ltr'><strong>justi</strong></span> <span class='ocrx_word' id='word_1_470' title='bbox 1547 5428 1755 5483; x_wconf 86' lang='lat' dir='ltr'><strong>ﬁducia.</strong></span> <span class='ocrx_word' id='word_1_471' title='bbox 1787 5428 1914 5483; x_wconf 77' lang='lat' dir='ltr'><strong>Haec</strong></span> <span class='ocrx_word' id='word_1_472' title='bbox 1939 5443 2100 5500; x_wconf 81' lang='lat' dir='ltr'><strong>porro</strong></span> 
     </span>
    </p>
   </div>
   <div class='ocr_carea' id='block_1_58' title="bbox 534 5519 2096 5593">
    <p class='ocr_par' dir='ltr' id='par_1_58' title="bbox 534 5519 2096 5593">
     <span class='ocr_line' id='line_1_58' title="bbox 534 5519 2096 5593; baseline -0.003 -17"><span class='ocrx_word' id='word_1_473' title='bbox 534 5525 660 5577; x_wconf 80' lang='lat' dir='ltr'><strong>dicit</strong></span> <span class='ocrx_word' id='word_1_474' title='bbox 681 5534 917 5577; x_wconf 75' lang='lat' dir='ltr'><strong>coactus.</strong></span> <span class='ocrx_word' id='word_1_475' title='bbox 951 5525 1016 5577; x_wconf 79' lang='lat' dir='ltr'><strong>Et</strong></span> <span class='ocrx_word' id='word_1_476' title='bbox 1039 5523 1305 5593; x_wconf 78' lang='lat' dir='ltr'><strong>quomodo</strong></span> <span class='ocrx_word' id='word_1_477' title='bbox 1325 5523 1352 5574; x_wconf 82' lang='lat'><strong>?</strong></span> <span class='ocrx_word' id='word_1_478' title='bbox 1369 5521 1529 5590; x_wconf 71' lang='lat' dir='ltr'><strong>:Quod</strong></span> <span class='ocrx_word' id='word_1_479' title='bbox 1549 5519 1705 5576; x_wconf 80' lang='lat' dir='ltr'><strong>.ntulti</strong></span> <span class='ocrx_word' id='word_1_480' title='bbox 1735 5520 1968 5576; x_wconf 67' lang='lat' dir='ltr'><strong>stultiori</strong></span> <span class='ocrx_word' id='word_1_481' title='bbox 1995 5519 2058 5573; x_wconf 93' lang='lat' dir='ltr'><strong>iis</strong></span> <span class='ocrx_word' id='word_1_482' title='bbox 2081 5561 2096 5586; x_wconf 88' lang='lat'><strong>,</strong></span> 
     </span>
    </p>
   </div>
   <div class='ocr_carea' id='block_1_59' title="bbox 535 5612 2096 5687">
    <p class='ocr_par' dir='ltr' id='par_1_59' title="bbox 535 5612 2096 5687">
     <span class='ocr_line' id='line_1_59' title="bbox 535 5612 2096 5687; baseline -0.002 -21"><span class='ocrx_word' id='word_1_483' title='bbox 535 5630 650 5686; x_wconf 73' lang='lat' dir='ltr'><strong>qnze</strong></span> <span class='ocrx_word' id='word_1_484' title='bbox 672 5614 997 5686; x_wconf 86' lang='lat' dir='ltr'><strong>patiebatur,</strong></span> <span class='ocrx_word' id='word_1_485' title='bbox 1039 5619 1233 5672; x_wconf 81' lang='lat' dir='ltr'><strong>malam</strong></span> <span class='ocrx_word' id='word_1_486' title='bbox 1262 5616 1328 5671; x_wconf 83' lang='lat' dir='ltr'><strong>de</strong></span> <span class='ocrx_word' id='word_1_487' title='bbox 1352 5627 1418 5670; x_wconf 85' lang='lat' dir='ltr'><strong>eo</strong></span> <span class='ocrx_word' id='word_1_488' title='bbox 1458 5615 1763 5687; x_wconf 79' lang='lat' dir='ltr'><strong>opinionem</strong></span> <span class='ocrx_word' id='word_1_489' title='bbox 1809 5612 2096 5680; x_wconf 69' lang='lat' dir='ltr'><strong>cepissent.</strong></span> 
     </span>
    </p>
   </div>
   <div class='ocr_carea' id='block_1_60' title="bbox 541 5703 2095 5778">
    <p class='ocr_par' dir='ltr' id='par_1_60' title="bbox 541 5703 2095 5778">
     <span class='ocr_line' id='line_1_60' title="bbox 541 5703 2095 5778; baseline -0.003 -18"><span class='ocrx_word' id='word_1_490' title='bbox 541 5707 777 5778; x_wconf 80' lang='lat' dir='ltr'><strong>t&#39;letique</strong></span> <span class='ocrx_word' id='word_1_491' title='bbox 822 5707 966 5761; x_wconf 81' lang='lat' dir='ltr'><strong>enim</strong></span> <span class='ocrx_word' id='word_1_492' title='bbox 985 5705 1136 5762; x_wconf 77' lang='lat' dir='ltr'><strong>stulti</strong></span> <span class='ocrx_word' id='word_1_493' title='bbox 1161 5722 1234 5761; x_wconf 74' lang='lat' dir='ltr'><strong>cx</strong></span> <span class='ocrx_word' id='word_1_494' title='bbox 1271 5707 1336 5762; x_wconf 64' lang='grc' dir='ltr'>ὡ</span> <span class='ocrx_word' id='word_1_495' title='bbox 1372 5721 1493 5776; x_wconf 76' lang='lat' dir='ltr'><strong>quat</strong></span> <span class='ocrx_word' id='word_1_496' title='bbox 1537 5705 1780 5764; x_wconf 79' lang='lat' dir='ltr'><strong>accidunt</strong></span> <span class='ocrx_word' id='word_1_497' title='bbox 1824 5703 2095 5759; x_wconf 81' lang='lat' dir='ltr'><strong>calamita-</strong></span> 
     </span>
    </p>
   </div>
   <div class='ocr_carea' id='block_1_61' title="bbox 2193 412 3762 492">
    <p class='ocr_par' dir='ltr' id='par_1_61' title="bbox 2193 412 3762 492">
     <span class='ocr_line' id='line_1_61' title="bbox 2193 412 3762 492; baseline 0.002 -18"><span class='ocrx_word' id='word_1_498' title='bbox 2193 416 2355 484; x_wconf 76' lang='lat' dir='ltr'><strong>tibus,</strong></span> <span class='ocrx_word' id='word_1_499' title='bbox 2373 416 2554 480; x_wconf 80' lang='lat' dir='ltr'><strong>solent</strong></span> <span class='ocrx_word' id='word_1_500' title='bbox 2579 417 2740 474; x_wconf 78' lang='lat' dir='ltr'><strong>vitam</strong></span> <span class='ocrx_word' id='word_1_501' title='bbox 2769 417 2938 486; x_wconf 82' lang='lat' dir='ltr'><strong>ipsam</strong></span> <span class='ocrx_word' id='word_1_502' title='bbox 2959 412 3228 484; x_wconf 81' lang='lat' dir='ltr'><strong>criminari</strong></span> <span class='ocrx_word' id='word_1_503' title='bbox 3259 436 3273 474; x_wconf 88' lang='lat'><strong>:</strong></span> <span class='ocrx_word' id='word_1_504' title='bbox 3303 419 3444 489; x_wconf 87' lang='lat' dir='ltr'><strong>quod</strong></span> <span class='ocrx_word' id='word_1_505' title='bbox 3479 420 3640 476; x_wconf 87' lang='lat' dir='ltr'><strong>etiam</strong></span> <span class='ocrx_word' id='word_1_506' title='bbox 3661 422 3762 492; x_wconf 85' lang='lat' dir='ltr'><strong>ipsi</strong></span> 
     </span>
    </p>
   </div>
   <div class='ocr_carea' id='block_1_62' title="bbox 2189 507 3765 576">
    <p class='ocr_par' dir='ltr' id='par_1_62' title="bbox 2189 507 3765 576">
     <span class='ocr_line' id='line_1_62' title="bbox 2189 507 3765 576; baseline 0 -10"><span class='ocrx_word' id='word_1_507' title='bbox 2189 508 2289 566; x_wconf 84' lang='lat' dir='ltr'><strong>Job</strong></span> <span class='ocrx_word' id='word_1_508' title='bbox 2311 508 2520 566; x_wconf 80' lang='lat' dir='ltr'><strong>accidit.</strong></span> <span class='ocrx_word' id='word_1_509' title='bbox 2541 507 2798 576; x_wconf 81' lang='lat' dir='ltr'><strong>Quocirca</strong></span> <span class='ocrx_word' id='word_1_510' title='bbox 2815 510 2862 564; x_wconf 91' lang='lat' dir='ltr'><strong>ci</strong></span> <span class='ocrx_word' id='word_1_511' title='bbox 2887 508 3047 574; x_wconf 80' lang='lat' dir='ltr'><strong>etiam</strong></span> <span class='ocrx_word' id='word_1_512' title='bbox 3066 508 3331 574; x_wconf 83' lang='lat' dir='ltr'><strong>dicebant,</strong></span> <span class='ocrx_word' id='word_1_513' title='bbox 3357 523 3482 576; x_wconf 79' lang='lat' dir='ltr'><strong>cum</strong></span> <span class='ocrx_word' id='word_1_514' title='bbox 3507 509 3638 575; x_wconf 83' lang='lat' dir='ltr'><strong>uibii</strong></span> <span class='ocrx_word' id='word_1_515' title='bbox 3655 513 3765 576; x_wconf 81' lang='lat' dir='ltr'><strong>sci-</strong></span> 
     </span>
    </p>
   </div>
   <div class='ocr_carea' id='block_1_63' title="bbox 2186 598 3763 672">
    <p class='ocr_par' dir='ltr' id='par_1_63' title="bbox 2186 598 3763 672">
     <span class='ocr_line' id='line_1_63' title="bbox 2186 598 3763 672; baseline 0.003 -18"><span class='ocrx_word' id='word_1_516' title='bbox 2186 601 2384 656; x_wconf 83' lang='lat' dir='ltr'><strong>rcutab</strong></span> <span class='ocrx_word' id='word_1_517' title='bbox 2396 603 2614 656; x_wconf 74' lang='lat' dir='ltr'><strong>comic</strong></span> <span class='ocrx_word' id='word_1_518' title='bbox 2627 598 2826 654; x_wconf 84' lang='lat' dir='ltr'><strong>factum</strong></span> <span class='ocrx_word' id='word_1_519' title='bbox 2851 615 2864 651; x_wconf 92' lang='lat'><strong>:</strong></span> <span class='ocrx_word' id='word_1_520' title='bbox 2884 599 2996 656; x_wconf 82' lang='lat' dir='ltr'><strong>Non</strong></span> <span class='ocrx_word' id='word_1_521' title='bbox 3011 598 3168 669; x_wconf 82' lang='lat' dir='ltr'><strong>digne</strong></span> <span class='ocrx_word' id='word_1_522' title='bbox 3185 615 3287 670; x_wconf 78' lang='lat' dir='ltr'><strong>pro</strong></span> <span class='ocrx_word' id='word_1_523' title='bbox 3301 603 3536 672; x_wconf 79' lang='lat' dir='ltr'><strong>peccatis</strong></span> <span class='ocrx_word' id='word_1_524' title='bbox 3552 601 3763 659; x_wconf 70' lang='lat' dir='ltr'><strong>tuisﬂa-</strong></span> 
     </span>
    </p>
   </div>
   <div class='ocr_carea' id='block_1_64' title="bbox 2187 688 3764 761">
    <p class='ocr_par' dir='ltr' id='par_1_64' title="bbox 2187 688 3764 761">
     <span class='ocr_line' id='line_1_64' title="bbox 2187 688 3764 761; baseline 0.003 -17"><span class='ocrx_word' id='word_1_525' title='bbox 2187 691 2412 760; x_wconf 83' lang='lat' dir='ltr'><strong>gellatus</strong></span> <span class='ocrx_word' id='word_1_526' title='bbox 2458 703 2536 744; x_wconf 86' lang='lat' dir='ltr'><strong>es.</strong></span> <span class='ocrx_word' id='word_1_527' title='bbox 2565 688 2690 758; x_wconf 79' lang='lat' dir='ltr'><strong>(Job</strong></span> <span class='ocrx_word' id='word_1_528' title='bbox 2715 691 2808 747; x_wconf 74' lang='lat'><strong>55.</strong></span> <span class='ocrx_word' id='word_1_529' title='bbox 2823 691 2938 760; x_wconf 70' lang='grc'><strong>27).</strong></span> <span class='ocrx_word' id='word_1_530' title='bbox 2966 689 3185 746; x_wconf 81' lang='lat' dir='ltr'><strong>Paulum</strong></span> <span class='ocrx_word' id='word_1_531' title='bbox 3210 706 3420 761; x_wconf 81' lang='lat' dir='ltr'><strong>quoque</strong></span> <span class='ocrx_word' id='word_1_532' title='bbox 3442 693 3764 750; x_wconf 80' lang='lat' dir='ltr'><strong>sceleratum</strong></span> 
     </span>
    </p>
   </div>
   <div class='ocr_carea' id='block_1_65' title="bbox 2189 778 3764 852">
    <p class='ocr_par' dir='ltr' id='par_1_65' title="bbox 2189 778 3764 852">
     <span class='ocr_line' id='line_1_65' title="bbox 2189 778 3764 852; baseline 0.003 -16"><span class='ocrx_word' id='word_1_533' title='bbox 2189 781 2416 850; x_wconf 81' lang='lat' dir='ltr'><strong>aliquem</strong></span> <span class='ocrx_word' id='word_1_534' title='bbox 2435 789 2492 840; x_wconf 84' lang='lat' dir='ltr'><strong>et</strong></span> <span class='ocrx_word' id='word_1_535' title='bbox 2515 780 2812 845; x_wconf 83' lang='lat' dir='ltr'><strong>maleficum</strong></span> <span class='ocrx_word' id='word_1_536' title='bbox 2833 778 3211 836; x_wconf 77' lang='lat' dir='ltr'><strong>existimabant</strong></span> <span class='ocrx_word' id='word_1_537' title='bbox 3243 780 3483 848; x_wconf 86' lang='lat' dir='ltr'><strong>barbari,</strong></span> <span class='ocrx_word' id='word_1_538' title='bbox 3507 784 3764 852; x_wconf 87' lang='lat' dir='ltr'><strong>quoniam</strong></span> 
     </span>
    </p>
   </div>
   <div class='ocr_carea' id='block_1_66' title="bbox 2189 870 3762 942">
    <p class='ocr_par' dir='ltr' id='par_1_66' title="bbox 2189 870 3762 942">
     <span class='ocr_line' id='line_1_66' title="bbox 2189 870 3762 942; baseline 0.004 -18"><span class='ocrx_word' id='word_1_539' title='bbox 2189 875 2370 942; x_wconf 83' lang='lat' dir='ltr'><strong>vipera</strong></span> <span class='ocrx_word' id='word_1_540' title='bbox 2396 872 2515 940; x_wconf 82' lang='lat' dir='ltr'><strong>ejus</strong></span> <span class='ocrx_word' id='word_1_541' title='bbox 2543 887 2754 934; x_wconf 84' lang='lat' dir='ltr'><strong>manum</strong></span> <span class='ocrx_word' id='word_1_542' title='bbox 2775 870 3230 942; x_wconf 83' lang='lat' dir='ltr'><strong>apprehenderat,</strong></span> <span class='ocrx_word' id='word_1_543' title='bbox 3248 879 3304 928; x_wconf 86' lang='lat' dir='ltr'><strong>et</strong></span> <span class='ocrx_word' id='word_1_544' title='bbox 3321 871 3446 928; x_wconf 84' lang='lat' dir='ltr'><strong>ideo</strong></span> <span class='ocrx_word' id='word_1_545' title='bbox 3472 872 3722 930; x_wconf 85' lang='lat' dir='ltr'><strong>dicebant</strong></span> <span class='ocrx_word' id='word_1_546' title='bbox 3747 892 3762 930; x_wconf 89' lang='lat'><strong>:</strong></span> 
     </span>
    </p>
   </div>
   <div class='ocr_carea' id='block_1_67' title="bbox 2189 962 3772 1029">
    <p class='ocr_par' dir='ltr' id='par_1_67' title="bbox 2189 962 3772 1029">
     <span class='ocr_line' id='line_1_67' title="bbox 2189 962 3772 1029; baseline 0.002 -12"><span class='ocrx_word' id='word_1_547' title='bbox 2189 962 2456 1026; x_wconf 71' lang='lat' dir='ltr'><strong>Servatum</strong></span> <span class='ocrx_word' id='word_1_548' title='bbox 2486 978 2549 1016; x_wconf 73' lang='lat' dir='ltr'><strong>ex</strong></span> <span class='ocrx_word' id='word_1_549' title='bbox 2571 962 2701 1029; x_wconf 75' lang='lat' dir='ltr'><strong>mari</strong></span> <span class='ocrx_word' id='word_1_550' title='bbox 2732 963 2856 1016; x_wconf 81' lang='lat' dir='ltr'><strong>ultio</strong></span> <span class='ocrx_word' id='word_1_551' title='bbox 2883 979 2980 1016; x_wconf 83' lang='lat' dir='ltr'><strong>non</strong></span> <span class='ocrx_word' id='word_1_552' title='bbox 2999 962 3116 1016; x_wconf 84' lang='lat' dir='ltr'><strong>sinit</strong></span> <span class='ocrx_word' id='word_1_553' title='bbox 3141 962 3277 1016; x_wconf 75' lang='lat' dir='ltr'><strong>hunc</strong></span> <span class='ocrx_word' id='word_1_554' title='bbox 3302 962 3554 1026; x_wconf 71' lang='lat' dir='ltr'><strong>hortum</strong></span> <span class='ocrx_word' id='word_1_555' title='bbox 3605 966 3772 1022; x_wconf 70' lang='lat' dir='ltr'><strong>rivers</strong></span> 
     </span>
    </p>
   </div>
   <div class='ocr_carea' id='block_1_68' title="bbox 2187 1053 3762 1126">
    <p class='ocr_par' dir='ltr' id='par_1_68' title="bbox 2187 1053 3762 1126">
     <span class='ocr_line' id='line_1_68' title="bbox 2187 1053 3762 1126; baseline 0.001 -18"><span class='ocrx_word' id='word_1_556' title='bbox 2187 1055 2326 1124; x_wconf 81' lang='lat' dir='ltr'><strong>(Act.</strong></span> <span class='ocrx_word' id='word_1_557' title='bbox 2354 1055 2444 1109; x_wconf 74' lang='lat'><strong>28.</strong></span> <span class='ocrx_word' id='word_1_558' title='bbox 2487 1057 2571 1124; x_wconf 72' lang='grc'><strong>4).</strong></span> <span class='ocrx_word' id='word_1_559' title='bbox 2613 1055 2780 1110; x_wconf 80' lang='lat' dir='ltr'><strong>Porro</strong></span> <span class='ocrx_word' id='word_1_560' title='bbox 2837 1053 3015 1118; x_wconf 85' lang='lat' dir='ltr'><strong>Semei</strong></span> <span class='ocrx_word' id='word_1_561' title='bbox 3071 1069 3286 1126; x_wconf 81' lang='lat' dir='ltr'><strong>quoque</strong></span> <span class='ocrx_word' id='word_1_562' title='bbox 3329 1053 3495 1112; x_wconf 80' lang='lat' dir='ltr'><strong>David</strong></span> <span class='ocrx_word' id='word_1_563' title='bbox 3540 1054 3762 1110; x_wconf 74' lang='lat' dir='ltr'><strong>vocabat</strong></span> 
     </span>
    </p>
   </div>
   <div class='ocr_carea' id='block_1_69' title="bbox 2189 1142 3766 1216">
    <p class='ocr_par' dir='ltr' id='par_1_69' title="bbox 2189 1142 3766 1216">
     <span class='ocr_line' id='line_1_69' title="bbox 2189 1142 3766 1216; baseline 0.002 -17"><span class='ocrx_word' id='word_1_564' title='bbox 2189 1142 2508 1200; x_wconf 79' lang='lat' dir='ltr'><strong>homicidam</strong></span> <span class='ocrx_word' id='word_1_565' title='bbox 2528 1183 2546 1209; x_wconf 96' lang='lat'><strong>,</strong></span> <span class='ocrx_word' id='word_1_566' title='bbox 2591 1151 2807 1216; x_wconf 79' lang='lat' dir='ltr'><strong>propter</strong></span> <span class='ocrx_word' id='word_1_567' title='bbox 2845 1143 3199 1210; x_wconf 78' lang='lat' dir='ltr'><strong>calamitatem</strong></span> <span class='ocrx_word' id='word_1_568' title='bbox 3233 1145 3380 1200; x_wconf 82' lang='lat' dir='ltr'><strong>banc</strong></span> <span class='ocrx_word' id='word_1_569' title='bbox 3419 1143 3673 1202; x_wconf 81' lang='lat' dir='ltr'><strong>nefariam</strong></span> <span class='ocrx_word' id='word_1_570' title='bbox 3695 1143 3766 1202; x_wconf 78' lang='lat' dir='ltr'><strong>de</strong></span> 
     </span>
    </p>
   </div>
   <div class='ocr_carea' id='block_1_70' title="bbox 2189 1233 3311 1305">
    <p class='ocr_par' dir='ltr' id='par_1_70' title="bbox 2189 1233 3311 1305">
     <span class='ocr_line' id='line_1_70' title="bbox 2189 1233 3311 1305; baseline 0.003 -17"><span class='ocrx_word' id='word_1_571' title='bbox 2189 1247 2255 1288; x_wconf 91' lang='lat' dir='ltr'><strong>eo</strong></span> <span class='ocrx_word' id='word_1_572' title='bbox 2280 1233 2454 1290; x_wconf 78' lang='lat' dir='ltr'><strong>ferens</strong></span> <span class='ocrx_word' id='word_1_573' title='bbox 2472 1235 2796 1291; x_wconf 78' lang='lat' dir='ltr'><strong>sententiam</strong></span> <span class='ocrx_word' id='word_1_574' title='bbox 2824 1234 2902 1305; x_wconf 76' lang='lat'><strong>(2.</strong></span> <span class='ocrx_word' id='word_1_575' title='bbox 2929 1235 3057 1304; x_wconf 78' lang='lat' dir='ltr'><strong>Reg.</strong></span> <span class='ocrx_word' id='word_1_576' title='bbox 3085 1233 3172 1290; x_wconf 80' lang='grc'><strong>16.</strong></span> <span class='ocrx_word' id='word_1_577' title='bbox 3202 1235 3236 1290; x_wconf 84' lang='grc'><strong>7</strong></span> <span class='ocrx_word' id='word_1_578' title='bbox 3266 1233 3311 1304; x_wconf 66' lang='grc' dir='ltr'><strong>)ρ</strong></span> 
     </span>
    </p>
   </div>
   <div class='ocr_carea' id='block_1_71' title="bbox 2259 1323 3764 1396">
    <p class='ocr_par' dir='ltr' id='par_1_71' title="bbox 2259 1323 3764 1396">
     <span class='ocr_line' id='line_1_71' title="bbox 2259 1323 3764 1396; baseline 0.003 -18"><span class='ocrx_word' id='word_1_579' title='bbox 2259 1323 2316 1382; x_wconf 89' lang='lat'><strong>8.</strong></span> <span class='ocrx_word' id='word_1_580' title='bbox 2353 1323 2432 1379; x_wconf 82' lang='lat' dir='ltr'><strong>Ne</strong></span> <span class='ocrx_word' id='word_1_581' title='bbox 2451 1339 2577 1396; x_wconf 67' lang='lat' dir='ltr'><strong>ergo</strong></span> <span class='ocrx_word' id='word_1_582' title='bbox 2606 1323 2834 1394; x_wconf 88' lang='lat' dir='ltr'><strong>idipsum</strong></span> <span class='ocrx_word' id='word_1_583' title='bbox 2861 1338 3073 1394; x_wconf 77' lang='lat' dir='ltr'><strong>quoque</strong></span> <span class='ocrx_word' id='word_1_584' title='bbox 3096 1324 3280 1380; x_wconf 76' lang='lat' dir='ltr'><strong>vobis&#39;</strong></span> <span class='ocrx_word' id='word_1_585' title='bbox 3303 1323 3535 1392; x_wconf 87' lang='lat' dir='ltr'><strong>accidat,</strong></span> <span class='ocrx_word' id='word_1_586' title='bbox 3569 1337 3667 1393; x_wconf 86' lang='lat' dir='ltr'><strong>age</strong></span> <span class='ocrx_word' id='word_1_587' title='bbox 3695 1323 3764 1382; x_wconf 81' lang='lat' dir='ltr'><strong>de</strong></span> 
     </span>
    </p>
   </div>
   <div class='ocr_carea' id='block_1_72' title="bbox 2190 1413 3764 1484">
    <p class='ocr_par' dir='ltr' id='par_1_72' title="bbox 2190 1413 3764 1484">
     <span class='ocr_line' id='line_1_72' title="bbox 2190 1413 3764 1484; baseline 0.001 -14"><span class='ocrx_word' id='word_1_588' title='bbox 2190 1413 2277 1470; x_wconf 83' lang='lat' dir='ltr'><strong>his</strong></span> <span class='ocrx_word' id='word_1_589' title='bbox 2297 1413 2570 1484; x_wconf 80' lang='lat' dir='ltr'><strong>paulisper</strong></span> <span class='ocrx_word' id='word_1_590' title='bbox 2595 1413 2940 1482; x_wconf 83' lang='lat' dir='ltr'><strong>disseramus.</strong></span> <span class='ocrx_word' id='word_1_591' title='bbox 2970 1414 3162 1470; x_wconf 80' lang='lat' dir='ltr'><strong>Multos</strong></span> <span class='ocrx_word' id='word_1_592' title='bbox 3187 1414 3328 1470; x_wconf 88' lang='lat' dir='ltr'><strong>enim</strong></span> <span class='ocrx_word' id='word_1_593' title='bbox 3376 1415 3537 1474; x_wconf 86' lang='lat' dir='ltr'><strong>audio</strong></span> <span class='ocrx_word' id='word_1_594' title='bbox 3577 1415 3764 1472; x_wconf 65' lang='lat' dir='ltr'><strong>dicem</strong></span> 
     </span>
    </p>
   </div>
   <div class='ocr_carea' id='block_1_73' title="bbox 2190 1503 3770 1576">
    <p class='ocr_par' dir='ltr' id='par_1_73' title="bbox 2190 1503 3770 1576">
     <span class='ocr_line' id='line_1_73' title="bbox 2190 1503 3770 1576; baseline 0.005 -18"><span class='ocrx_word' id='word_1_595' title='bbox 2190 1512 2272 1568; x_wconf 85' lang='lat' dir='ltr'><strong>tes</strong></span> <span class='ocrx_word' id='word_1_596' title='bbox 2315 1520 2330 1558; x_wconf 88' lang='lat'><strong>:</strong></span> <span class='ocrx_word' id='word_1_597' title='bbox 2385 1503 2443 1559; x_wconf 89' lang='lat' dir='ltr'><strong>Si</strong></span> <span class='ocrx_word' id='word_1_598' title='bbox 2485 1505 2632 1576; x_wconf 81' lang='lat' dir='ltr'><strong>Deus</strong></span> <span class='ocrx_word' id='word_1_599' title='bbox 2667 1513 2873 1560; x_wconf 86' lang='lat' dir='ltr'><strong>amaret</strong></span> <span class='ocrx_word' id='word_1_600' title='bbox 2917 1519 3176 1576; x_wconf 83' lang='lat' dir='ltr'><strong>pauperes</strong></span> <span class='ocrx_word' id='word_1_601' title='bbox 3197 1545 3214 1572; x_wconf 92' lang='lat'><strong>,</strong></span> <span class='ocrx_word' id='word_1_602' title='bbox 3257 1519 3364 1562; x_wconf 80' lang='lat' dir='ltr'><strong>non</strong></span> <span class='ocrx_word' id='word_1_603' title='bbox 3414 1506 3614 1564; x_wconf 85' lang='lat' dir='ltr'><strong>sineret</strong></span> <span class='ocrx_word' id='word_1_604' title='bbox 3649 1520 3770 1566; x_wconf 73' lang='lat' dir='ltr'><strong>esse</strong></span> 
     </span>
    </p>
   </div>
   <div class='ocr_carea' id='block_1_74' title="bbox 2189 1597 3771 1669">
    <p class='ocr_par' dir='ltr' id='par_1_74' title="bbox 2189 1597 3771 1669">
     <span class='ocr_line' id='line_1_74' title="bbox 2189 1597 3771 1669; baseline 0.004 -19"><span class='ocrx_word' id='word_1_605' title='bbox 2189 1611 2486 1668; x_wconf 87' lang='lat' dir='ltr'><strong>pauperes;</strong></span> <span class='ocrx_word' id='word_1_606' title='bbox 2516 1613 2703 1652; x_wconf 85' lang='lat' dir='ltr'><strong>rursus</strong></span> <span class='ocrx_word' id='word_1_607' title='bbox 2731 1597 2900 1664; x_wconf 83' lang='lat' dir='ltr'><strong>alios,</strong></span> <span class='ocrx_word' id='word_1_608' title='bbox 2941 1597 3030 1654; x_wconf 91' lang='lat' dir='ltr'><strong>ubi</strong></span> <span class='ocrx_word' id='word_1_609' title='bbox 3074 1599 3376 1669; x_wconf 85' lang='lat' dir='ltr'><strong>quempiam</strong></span> <span class='ocrx_word' id='word_1_610' title='bbox 3419 1600 3648 1656; x_wconf 79' lang='lat' dir='ltr'><strong>viderint</strong></span> <span class='ocrx_word' id='word_1_611' title='bbox 3689 1601 3771 1656; x_wconf 91' lang='lat' dir='ltr'><strong>in-</strong></span> 
     </span>
    </p>
   </div>
   <div class='ocr_carea' id='block_1_75' title="bbox 2191 1687 3771 1758">
    <p class='ocr_par' dir='ltr' id='par_1_75' title="bbox 2191 1687 3771 1758">
     <span class='ocr_line' id='line_1_75' title="bbox 2191 1687 3771 1758; baseline 0.006 -16"><span class='ocrx_word' id='word_1_612' title='bbox 2191 1687 2446 1744; x_wconf 86' lang='lat' dir='ltr'><strong>ﬁrmitate</strong></span> <span class='ocrx_word' id='word_1_613' title='bbox 2488 1689 2574 1744; x_wconf 87' lang='lat' dir='ltr'><strong>vel</strong></span> <span class='ocrx_word' id='word_1_614' title='bbox 2615 1690 2802 1746; x_wconf 84' lang='lat' dir='ltr'><strong>morbo</strong></span> <span class='ocrx_word' id='word_1_615' title='bbox 2829 1691 3122 1748; x_wconf 81' lang='lat' dir='ltr'><strong>conﬂictari</strong></span> <span class='ocrx_word' id='word_1_616' title='bbox 3159 1690 3408 1758; x_wconf 84' lang='lat' dir='ltr'><strong>diuturno</strong></span> <span class='ocrx_word' id='word_1_617' title='bbox 3433 1709 3456 1750; x_wconf 86' lang='lat'><strong>:</strong></span> <span class='ocrx_word' id='word_1_618' title='bbox 3502 1692 3604 1750; x_wconf 86' lang='lat' dir='ltr'><strong>Ubi</strong></span> <span class='ocrx_word' id='word_1_619' title='bbox 3644 1705 3771 1752; x_wconf 87' lang='lat' dir='ltr'><strong>sunt</strong></span> 
     </span>
    </p>
   </div>
   <div class='ocr_carea' id='block_1_76' title="bbox 2187 1779 3771 1856">
    <p class='ocr_par' dir='ltr' id='par_1_76' title="bbox 2187 1779 3771 1856">
     <span class='ocr_line' id='line_1_76' title="bbox 2187 1779 3771 1856; baseline 0.005 -22"><span class='ocrx_word' id='word_1_620' title='bbox 2187 1779 2334 1834; x_wconf 86' lang='lat' dir='ltr'><strong>illius</strong></span> <span class='ocrx_word' id='word_1_621' title='bbox 2357 1779 2752 1853; x_wconf 67' lang='lat' dir='ltr'><strong>eleetnosynze?</strong></span> <span class='ocrx_word' id='word_1_622' title='bbox 2779 1781 2867 1838; x_wconf 88' lang='lat' dir='ltr'><strong>ubi</strong></span> <span class='ocrx_word' id='word_1_623' title='bbox 2890 1780 3005 1853; x_wconf 72' lang='lat' dir='ltr'><strong>ejus</strong></span> <span class='ocrx_word' id='word_1_624' title='bbox 3034 1781 3347 1838; x_wconf 78' lang='lat' dir='ltr'><strong>benefacta?</strong></span> <span class='ocrx_word' id='word_1_625' title='bbox 3373 1783 3450 1839; x_wconf 84' lang='lat' dir='ltr'><strong>Ne</strong></span> <span class='ocrx_word' id='word_1_626' title='bbox 3474 1784 3527 1839; x_wconf 90' lang='lat' dir='ltr'><strong>in</strong></span> <span class='ocrx_word' id='word_1_627' title='bbox 3545 1785 3627 1840; x_wconf 81' lang='lat' dir='ltr'><strong>liis</strong></span> <span class='ocrx_word' id='word_1_628' title='bbox 3640 1799 3771 1856; x_wconf 80' lang='lat' dir='ltr'><strong>ergo</strong></span> 
     </span>
    </p>
   </div>
   <div class='ocr_carea' id='block_1_77' title="bbox 2197 1869 3769 1937">
    <p class='ocr_par' dir='ltr' id='par_1_77' title="bbox 2197 1869 3769 1937">
     <span class='ocr_line' id='line_1_77' title="bbox 2197 1869 3769 1937; baseline 0.004 -14"><span class='ocrx_word' id='word_1_629' title='bbox 2197 1869 2429 1937; x_wconf 88' lang='lat' dir='ltr'><strong>peccetis</strong></span> <span class='ocrx_word' id='word_1_630' title='bbox 2449 1910 2464 1934; x_wconf 92' lang='lat'><strong>,</strong></span> <span class='ocrx_word' id='word_1_631' title='bbox 2495 1869 2563 1926; x_wconf 89' lang='lat' dir='ltr'><strong>de</strong></span> <span class='ocrx_word' id='word_1_632' title='bbox 2591 1871 2672 1926; x_wconf 88' lang='lat' dir='ltr'><strong>his</strong></span> <span class='ocrx_word' id='word_1_633' title='bbox 2699 1871 2844 1926; x_wconf 88' lang='lat' dir='ltr'><strong>clare</strong></span> <span class='ocrx_word' id='word_1_634' title='bbox 2872 1880 2928 1927; x_wconf 91' lang='lat' dir='ltr'><strong>et</strong></span> <span class='ocrx_word' id='word_1_635' title='bbox 2947 1872 3194 1928; x_wconf 86' lang='lat' dir='ltr'><strong>distincte</strong></span> <span class='ocrx_word' id='word_1_636' title='bbox 3217 1873 3516 1934; x_wconf 81' lang='lat' dir='ltr'><strong>dicamus&#39;.</strong></span> <span class='ocrx_word' id='word_1_637' title='bbox 3545 1874 3598 1930; x_wconf 89' lang='lat' dir='ltr'><strong>Si</strong></span> <span class='ocrx_word' id='word_1_638' title='bbox 3625 1875 3769 1930; x_wconf 88' lang='lat' dir='ltr'><strong>enim</strong></span> 
     </span>
    </p>
   </div>
   <div class='ocr_carea' id='block_1_78' title="bbox 2191 1957 3773 2031">
    <p class='ocr_par' dir='ltr' id='par_1_78' title="bbox 2191 1957 3773 2031">
     <span class='ocr_line' id='line_1_78' title="bbox 2191 1957 3773 2031; baseline 0.006 -18"><span class='ocrx_word' id='word_1_639' title='bbox 2191 1957 2354 2028; x_wconf 83' lang='lat' dir='ltr'><strong>homo</strong></span> <span class='ocrx_word' id='word_1_640' title='bbox 2379 1959 2466 2031; x_wconf 87' lang='lat' dir='ltr'><strong>qui</strong></span> <span class='ocrx_word' id='word_1_641' title='bbox 2491 1961 2664 2031; x_wconf 86' lang='lat' dir='ltr'><strong>sapit,</strong></span> <span class='ocrx_word' id='word_1_642' title='bbox 2695 1977 2805 2017; x_wconf 91' lang='lat' dir='ltr'><strong>.nec</strong></span> <span class='ocrx_word' id='word_1_643' title='bbox 2833 1961 3000 2020; x_wconf 89' lang='lat' dir='ltr'><strong>bonos</strong></span> <span class='ocrx_word' id='word_1_644' title='bbox 3027 1963 3205 2019; x_wconf 89' lang='lat' dir='ltr'><strong>odisse</strong></span> <span class='ocrx_word' id='word_1_645' title='bbox 3224 2005 3240 2031; x_wconf 91' lang='lat'><strong>,</strong></span> <span class='ocrx_word' id='word_1_646' title='bbox 3272 1979 3372 2020; x_wconf 88' lang='lat' dir='ltr'><strong>nec</strong></span> <span class='ocrx_word' id='word_1_647' title='bbox 3397 1965 3566 2021; x_wconf 88' lang='lat' dir='ltr'><strong>malos</strong></span> <span class='ocrx_word' id='word_1_648' title='bbox 3589 1981 3773 2022; x_wconf 82' lang='lat' dir='ltr'><strong>amare</strong></span> 
     </span>
    </p>
   </div>
   <div class='ocr_carea' id='block_1_79' title="bbox 2185 2053 3773 2124">
    <p class='ocr_par' dir='ltr' id='par_1_79' title="bbox 2185 2053 3773 2124">
     <span class='ocr_line' id='line_1_79' title="bbox 2185 2053 3773 2124; baseline 0.005 -20"><span class='ocrx_word' id='word_1_649' title='bbox 2185 2059 2408 2121; x_wconf 79' lang='lat' dir='ltr'><strong>potest,</strong></span> <span class='ocrx_word' id='word_1_650' title='bbox 2452 2054 2722 2122; x_wconf 88' lang='lat' dir='ltr'><strong>quomodo</strong></span> <span class='ocrx_word' id='word_1_651' title='bbox 2753 2063 2808 2112; x_wconf 89' lang='lat' dir='ltr'><strong>tu</strong></span> <span class='ocrx_word' id='word_1_652' title='bbox 2845 2053 3009 2124; x_wconf 82' lang='lat' dir='ltr'><strong>audes</strong></span> <span class='ocrx_word' id='word_1_653' title='bbox 3047 2054 3113 2108; x_wconf 88' lang='lat' dir='ltr'><strong>de</strong></span> <span class='ocrx_word' id='word_1_654' title='bbox 3149 2055 3373 2108; x_wconf 89' lang='lat' dir='ltr'><strong>Domino</strong></span> <span class='ocrx_word' id='word_1_655' title='bbox 3405 2055 3583 2111; x_wconf 90' lang='lat' dir='ltr'><strong>dicere</strong></span> <span class='ocrx_word' id='word_1_656' title='bbox 3605 2097 3622 2120; x_wconf 88' lang='lat'><strong>,</strong></span> <span class='ocrx_word' id='word_1_657' title='bbox 3665 2057 3773 2113; x_wconf 84' lang='lat' dir='ltr'><strong>Eos</strong></span> 
     </span>
    </p>
   </div>
   <div class='ocr_carea' id='block_1_80' title="bbox 2187 2141 3772 2213">
    <p class='ocr_par' dir='ltr' id='par_1_80' title="bbox 2187 2141 3772 2213">
     <span class='ocr_line' id='line_1_80' title="bbox 2187 2141 3772 2213; baseline 0.004 -18"><span class='ocrx_word' id='word_1_658' title='bbox 2187 2142 2281 2212; x_wconf 76' lang='lat' dir='ltr'><strong>qui</strong></span> <span class='ocrx_word' id='word_1_659' title='bbox 2329 2149 2452 2196; x_wconf 89' lang='lat' dir='ltr'><strong>sunt</strong></span> <span class='ocrx_word' id='word_1_660' title='bbox 2499 2141 2550 2196; x_wconf 92' lang='lat' dir='ltr'><strong>in</strong></span> <span class='ocrx_word' id='word_1_661' title='bbox 2583 2150 2892 2213; x_wconf 84' lang='lat' dir='ltr'><strong>paupertate</strong></span> <span class='ocrx_word' id='word_1_662' title='bbox 2927 2143 3041 2202; x_wconf 82' lang='lat' dir='ltr'><strong>.odit</strong></span> <span class='ocrx_word' id='word_1_663' title='bbox 3079 2144 3219 2200; x_wconf 87' lang='lat' dir='ltr'><strong>Deus</strong></span> <span class='ocrx_word' id='word_1_664' title='bbox 3241 2185 3258 2210; x_wconf 91' lang='lat'><strong>,</strong></span> <span class='ocrx_word' id='word_1_665' title='bbox 3297 2144 3399 2200; x_wconf 87' lang='lat' dir='ltr'><strong>etsi</strong></span> <span class='ocrx_word' id='word_1_666' title='bbox 3431 2145 3541 2200; x_wconf 87' lang='lat' dir='ltr'><strong>sint</strong></span> <span class='ocrx_word' id='word_1_667' title='bbox 3576 2146 3772 2201; x_wconf 88' lang='lat' dir='ltr'><strong>virtute</strong></span> 
     </span>
    </p>
   </div>
   <div class='ocr_carea' id='block_1_81' title="bbox 2189 2233 3770 2304">
    <p class='ocr_par' dir='ltr' id='par_1_81' title="bbox 2189 2233 3770 2304">
     <span class='ocr_line' id='line_1_81' title="bbox 2189 2233 3770 2304; baseline 0.003 -16"><span class='ocrx_word' id='word_1_668' title='bbox 2189 2233 2398 2304; x_wconf 68' lang='lat' dir='ltr'><strong>praediti</strong></span> <span class='ocrx_word' id='word_1_669' title='bbox 2429 2251 2442 2286; x_wconf 91' lang='lat'><strong>:</strong></span> <span class='ocrx_word' id='word_1_670' title='bbox 2475 2234 2666 2290; x_wconf 87' lang='lat' dir='ltr'><strong>divites</strong></span> <span class='ocrx_word' id='word_1_671' title='bbox 2689 2243 2886 2302; x_wconf 85' lang='lat' dir='ltr'><strong>autem,</strong></span> <span class='ocrx_word' id='word_1_672' title='bbox 2913 2237 3012 2290; x_wconf 77' lang='lat' dir='ltr'><strong>etsi</strong></span> <span class='ocrx_word' id='word_1_673' title='bbox 3038 2236 3143 2290; x_wconf 90' lang='lat' dir='ltr'><strong>sint</strong></span> <span class='ocrx_word' id='word_1_674' title='bbox 3182 2236 3357 2290; x_wconf 82' lang='lat' dir='ltr'><strong>vitiosi</strong></span> <span class='ocrx_word' id='word_1_675' title='bbox 3399 2245 3455 2292; x_wconf 90' lang='lat' dir='ltr'><strong>et</strong></span> <span class='ocrx_word' id='word_1_676' title='bbox 3491 2237 3770 2304; x_wconf 80' lang='lat' dir='ltr'><strong>scelerati,</strong></span> 
     </span>
    </p>
   </div>
   <div class='ocr_carea' id='block_1_82' title="bbox 2193 2325 3770 2398">
    <p class='ocr_par' dir='ltr' id='par_1_82' title="bbox 2193 2325 3770 2398">
     <span class='ocr_line' id='line_1_82' title="bbox 2193 2325 3770 2398; baseline 0.003 -18"><span class='ocrx_word' id='word_1_677' title='bbox 2193 2325 2412 2396; x_wconf 74' lang='lat' dir='ltr'><strong>diligit;</strong></span> <span class='ocrx_word' id='word_1_678' title='bbox 2461 2326 2776 2396; x_wconf 75' lang='lat' dir='ltr'><strong>maledicum</strong></span> <span class='ocrx_word' id='word_1_679' title='bbox 2835 2336 2888 2380; x_wconf 87' lang='lat' dir='ltr'><strong>et</strong></span> <span class='ocrx_word' id='word_1_680' title='bbox 2951 2326 3314 2398; x_wconf 74' lang='lat' dir='ltr'><strong>bIaSpbemum</strong></span> <span class='ocrx_word' id='word_1_681' title='bbox 3372 2342 3434 2382; x_wconf 90' lang='lat' dir='ltr'><strong>os</strong></span> <span class='ocrx_word' id='word_1_682' title='bbox 3482 2327 3770 2398; x_wconf 84' lang='lat' dir='ltr'><strong>aperiens,</strong></span> 
     </span>
    </p>
   </div>
   <div class='ocr_carea' id='block_1_83' title="bbox 2189 2415 3496 2486">
    <p class='ocr_par' dir='ltr' id='par_1_83' title="bbox 2189 2415 3496 2486">
     <span class='ocr_line' id='line_1_83' title="bbox 2189 2415 3496 2486; baseline -0.003 -12"><span class='ocrx_word' id='word_1_683' title='bbox 2189 2431 2369 2486; x_wconf 78' lang='lat' dir='ltr'><strong>neque</strong></span> <span class='ocrx_word' id='word_1_684' title='bbox 2392 2418 2703 2484; x_wconf 76' lang='lat' dir='ltr'><strong>gravitatem</strong></span> <span class='ocrx_word' id='word_1_685' title='bbox 2731 2415 3069 2471; x_wconf 87' lang='lat' dir='ltr'><strong>absurditatis</strong></span> <span class='ocrx_word' id='word_1_686' title='bbox 3088 2416 3496 2472; x_wconf 77' lang='lat' dir='ltr'><strong>animadvertis?</strong></span> 
     </span>
    </p>
   </div>
   <div class='ocr_carea' id='block_1_84' title="bbox 2271 2507 3772 2579">
    <p class='ocr_par' dir='ltr' id='par_1_84' title="bbox 2271 2507 3772 2579">
     <span class='ocr_line' id='line_1_84' title="bbox 2271 2507 3772 2579; baseline -0.001 -17"><span class='ocrx_word' id='word_1_687' title='bbox 2271 2507 2407 2562; x_wconf 85' lang='lat' dir='ltr'><strong>Deus</strong></span> <span class='ocrx_word' id='word_1_688' title='bbox 2460 2525 2704 2577; x_wconf 75' lang='lat' dir='ltr'><strong>quosnam</strong></span> <span class='ocrx_word' id='word_1_689' title='bbox 2735 2507 3076 2564; x_wconf 83' lang='lat' dir='ltr'><strong>amat.-——Ne</strong></span> <span class='ocrx_word' id='word_1_690' title='bbox 3103 2523 3229 2579; x_wconf 77' lang='lat' dir='ltr'><strong>ergo</strong></span> <span class='ocrx_word' id='word_1_691' title='bbox 3266 2522 3454 2577; x_wconf 71' lang='lat' dir='ltr'><strong>pecces</strong></span> <span class='ocrx_word' id='word_1_692' title='bbox 3482 2507 3536 2562; x_wconf 89' lang='lat' dir='ltr'><strong>in</strong></span> <span class='ocrx_word' id='word_1_693' title='bbox 3561 2508 3772 2572; x_wconf 76' lang='lat' dir='ltr'><strong>talibus,</strong></span> 
     </span>
    </p>
   </div>
   <div class='ocr_carea' id='block_1_85' title="bbox 2191 2596 3775 2668">
    <p class='ocr_par' dir='ltr' id='par_1_85' title="bbox 2191 2596 3775 2668">
     <span class='ocr_line' id='line_1_85' title="bbox 2191 2596 3775 2668; baseline 0 -14"><span class='ocrx_word' id='word_1_694' title='bbox 2191 2597 2343 2654; x_wconf 88' lang='lat' dir='ltr'><strong>disce</strong></span> <span class='ocrx_word' id='word_1_695' title='bbox 2365 2597 2489 2668; x_wconf 89' lang='lat' dir='ltr'><strong>quid</strong></span> <span class='ocrx_word' id='word_1_696' title='bbox 2523 2598 2660 2652; x_wconf 88' lang='lat' dir='ltr'><strong>Deus</strong></span> <span class='ocrx_word' id='word_1_697' title='bbox 2685 2607 2826 2664; x_wconf 79' lang='lat' dir='ltr'><strong>amat</strong></span> <span class='ocrx_word' id='word_1_698' title='bbox 2853 2605 2910 2652; x_wconf 89' lang='lat' dir='ltr'><strong>et</strong></span> <span class='ocrx_word' id='word_1_699' title='bbox 2931 2597 3064 2652; x_wconf 90' lang='lat' dir='ltr'><strong>odit.</strong></span> <span class='ocrx_word' id='word_1_700' title='bbox 3081 2596 3249 2665; x_wconf 81' lang='lat' dir='ltr'><strong>Quem</strong></span> <span class='ocrx_word' id='word_1_701' title='bbox 3277 2612 3404 2667; x_wconf 83' lang='lat' dir='ltr'><strong>ergo</strong></span> <span class='ocrx_word' id='word_1_702' title='bbox 3431 2607 3574 2652; x_wconf 87' lang='lat' dir='ltr'><strong>amat</strong></span> <span class='ocrx_word' id='word_1_703' title='bbox 3596 2598 3775 2658; x_wconf 79' lang='lat' dir='ltr'><strong>Deus!</strong></span> 
     </span>
    </p>
   </div>
   <div class='ocr_carea' id='block_1_86' title="bbox 2200 2686 3772 2758">
    <p class='ocr_par' dir='ltr' id='par_1_86' title="bbox 2200 2686 3772 2758">
     <span class='ocr_line' id='line_1_86' title="bbox 2200 2686 3772 2758; baseline -0.001 -14"><span class='ocrx_word' id='word_1_704' title='bbox 2200 2688 2334 2744; x_wconf 84' lang='lat' dir='ltr'><strong>Eum</strong></span> <span class='ocrx_word' id='word_1_705' title='bbox 2365 2689 2451 2758; x_wconf 89' lang='lat' dir='ltr'><strong>qui</strong></span> <span class='ocrx_word' id='word_1_706' title='bbox 2499 2687 2744 2742; x_wconf 85' lang='lat' dir='ltr'><strong>mandata</strong></span> <span class='ocrx_word' id='word_1_707' title='bbox 2783 2687 2906 2757; x_wconf 84' lang='lat' dir='ltr'><strong>ejus</strong></span> <span class='ocrx_word' id='word_1_708' title='bbox 2943 2697 3137 2742; x_wconf 86' lang='lat' dir='ltr'><strong>servat.</strong></span> <span class='ocrx_word' id='word_1_709' title='bbox 3175 2686 3312 2755; x_wconf 68' lang='lat' dir='ltr'><strong>Eunt</strong></span> <span class='ocrx_word' id='word_1_710' title='bbox 3362 2687 3504 2742; x_wconf 90' lang='lat' dir='ltr'><strong>enim</strong></span> <span class='ocrx_word' id='word_1_711' title='bbox 3557 2689 3772 2755; x_wconf 70' lang='lat' dir='ltr'><strong>mtabo,</strong></span> 
     </span>
    </p>
   </div>
   <div class='ocr_carea' id='block_1_87' title="bbox 2200 2776 3773 2848">
    <p class='ocr_par' dir='ltr' id='par_1_87' title="bbox 2200 2776 3773 2848">
     <span class='ocr_line' id='line_1_87' title="bbox 2200 2776 3773 2848; baseline -0.001 -15"><span class='ocrx_word' id='word_1_712' title='bbox 2200 2778 2452 2848; x_wconf 80' lang='lat' dir='ltr'><strong>inquit,et</strong></span> <span class='ocrx_word' id='word_1_713' title='bbox 2475 2779 2672 2832; x_wconf 77' lang='lat' dir='ltr'><strong>veniant</strong></span> <span class='ocrx_word' id='word_1_714' title='bbox 2693 2777 2763 2831; x_wconf 81' lang='lat' dir='ltr'><strong>ad</strong></span> <span class='ocrx_word' id='word_1_715' title='bbox 2781 2794 2893 2832; x_wconf 81' lang='lat' dir='ltr'><strong>eum</strong></span> <span class='ocrx_word' id='word_1_716' title='bbox 2919 2776 3096 2847; x_wconf 76' lang='lat' dir='ltr'><strong>(lacn.</strong></span> <span class='ocrx_word' id='word_1_717' title='bbox 3125 2777 3212 2842; x_wconf 57' lang='lat' dir='ltr'><strong>id.</strong></span> <span class='ocrx_word' id='word_1_718' title='bbox 3241 2777 3332 2832; x_wconf 76' lang='grc'><strong>21.</strong></span> <span class='ocrx_word' id='word_1_719' title='bbox 3361 2777 3456 2847; x_wconf 76' lang='lat'><strong>9.3)</strong></span> <span class='ocrx_word' id='word_1_720' title='bbox 3484 2794 3498 2830; x_wconf 90' lang='lat'><strong>:</strong></span> <span class='ocrx_word' id='word_1_721' title='bbox 3522 2792 3628 2832; x_wconf 89' lang='lat' dir='ltr'><strong>non</strong></span> <span class='ocrx_word' id='word_1_722' title='bbox 3653 2793 3773 2832; x_wconf 86' lang='lat' dir='ltr'><strong>eum</strong></span> 
     </span>
    </p>
   </div>
   <div class='ocr_carea' id='block_1_88' title="bbox 2199 2866 3775 2940">
    <p class='ocr_par' dir='ltr' id='par_1_88' title="bbox 2199 2866 3775 2940">
     <span class='ocr_line' id='line_1_88' title="bbox 2199 2866 3775 2940; baseline -0.002 -14"><span class='ocrx_word' id='word_1_723' title='bbox 2199 2870 2289 2940; x_wconf 88' lang='lat' dir='ltr'><strong>qui</strong></span> <span class='ocrx_word' id='word_1_724' title='bbox 2315 2879 2398 2925; x_wconf 88' lang='lat' dir='ltr'><strong>est</strong></span> <span class='ocrx_word' id='word_1_725' title='bbox 2419 2869 2604 2934; x_wconf 85' lang='lat' dir='ltr'><strong>dives,</strong></span> <span class='ocrx_word' id='word_1_726' title='bbox 2638 2884 2744 2923; x_wconf 91' lang='lat' dir='ltr'><strong>non</strong></span> <span class='ocrx_word' id='word_1_727' title='bbox 2781 2883 2901 2922; x_wconf 89' lang='lat' dir='ltr'><strong>eum</strong></span> <span class='ocrx_word' id='word_1_728' title='bbox 2930 2866 3020 2938; x_wconf 90' lang='lat' dir='ltr'><strong>qui</strong></span> <span class='ocrx_word' id='word_1_729' title='bbox 3043 2883 3204 2922; x_wconf 87' lang='lat' dir='ltr'><strong>sanus</strong></span> <span class='ocrx_word' id='word_1_730' title='bbox 3232 2877 3347 2934; x_wconf 89' lang='lat' dir='ltr'><strong>est,</strong></span> <span class='ocrx_word' id='word_1_731' title='bbox 3383 2867 3477 2923; x_wconf 89' lang='lat' dir='ltr'><strong>sed</strong></span> <span class='ocrx_word' id='word_1_732' title='bbox 3497 2867 3589 2938; x_wconf 83' lang='lat' dir='ltr'><strong>qui</strong></span> <span class='ocrx_word' id='word_1_733' title='bbox 3629 2875 3775 2937; x_wconf 88' lang='lat' dir='ltr'><strong>paret</strong></span> 
     </span>
    </p>
   </div>
   <div class='ocr_carea' id='block_1_89' title="bbox 2201 2959 3776 3032">
    <p class='ocr_par' dir='ltr' id='par_1_89' title="bbox 2201 2959 3776 3032">
     <span class='ocr_line' id='line_1_89' title="bbox 2201 2959 3776 3032; baseline -0.001 -16"><span class='ocrx_word' id='word_1_734' title='bbox 2201 2962 2334 3018; x_wconf 87' lang='lat' dir='ltr'><strong>meis</strong></span> <span class='ocrx_word' id='word_1_735' title='bbox 2383 2960 2682 3032; x_wconf 72' lang='lat' dir='ltr'><strong>praeceptis.</strong></span> <span class='ocrx_word' id='word_1_736' title='bbox 2712 2959 3006 3027; x_wconf 84' lang='lat' dir='ltr'><strong>Quemnam</strong></span> <span class='ocrx_word' id='word_1_737' title='bbox 3040 2969 3218 3015; x_wconf 87' lang='lat' dir='ltr'><strong>autem</strong></span> <span class='ocrx_word' id='word_1_738' title='bbox 3251 2959 3364 3013; x_wconf 89' lang='lat' dir='ltr'><strong>odit</strong></span> <span class='ocrx_word' id='word_1_739' title='bbox 3387 2969 3440 3013; x_wconf 84' lang='lat' dir='ltr'><strong>et</strong></span> <span class='ocrx_word' id='word_1_740' title='bbox 3471 2959 3776 3014; x_wconf 69' lang='lat' dir='ltr'><strong>aversatur!</strong></span> 
     </span>
    </p>
   </div>
   <div class='ocr_carea' id='block_1_90' title="bbox 2202 3051 3773 3125">
    <p class='ocr_par' dir='ltr' id='par_1_90' title="bbox 2202 3051 3773 3125">
     <span class='ocr_line' id='line_1_90' title="bbox 2202 3051 3773 3125; baseline -0.002 -16"><span class='ocrx_word' id='word_1_741' title='bbox 2202 3054 2336 3110; x_wconf 88' lang='lat' dir='ltr'><strong>Eum</strong></span> <span class='ocrx_word' id='word_1_742' title='bbox 2365 3054 2452 3125; x_wconf 89' lang='lat' dir='ltr'><strong>qui</strong></span> <span class='ocrx_word' id='word_1_743' title='bbox 2485 3061 2746 3124; x_wconf 71' lang='lat' dir='ltr'><strong>praecepta</strong></span> <span class='ocrx_word' id='word_1_744' title='bbox 2773 3051 2889 3121; x_wconf 79' lang='lat' dir='ltr'><strong>ejus</strong></span> <span class='ocrx_word' id='word_1_745' title='bbox 2910 3067 3014 3107; x_wconf 94' lang='lat' dir='ltr'><strong>non</strong></span> <span class='ocrx_word' id='word_1_746' title='bbox 3037 3052 3180 3107; x_wconf 80' lang='lat' dir='ltr'><strong>iacit.</strong></span> <span class='ocrx_word' id='word_1_747' title='bbox 3209 3051 3432 3120; x_wconf 82' lang='lat' dir='ltr'><strong>Quando</strong></span> <span class='ocrx_word' id='word_1_748' title='bbox 3455 3066 3584 3122; x_wconf 87' lang='lat' dir='ltr'><strong>ergo</strong></span> <span class='ocrx_word' id='word_1_749' title='bbox 3619 3051 3773 3106; x_wconf 84' lang='lat' dir='ltr'><strong>vide—</strong></span> 
     </span>
    </p>
   </div>
   <div class='ocr_carea' id='block_1_91' title="bbox 2201 3142 3776 3216">
    <p class='ocr_par' dir='ltr' id='par_1_91' title="bbox 2201 3142 3776 3216">
     <span class='ocr_line' id='line_1_91' title="bbox 2201 3142 3776 3216; baseline -0.001 -16"><span class='ocrx_word' id='word_1_750' title='bbox 2201 3146 2276 3200; x_wconf 91' lang='lat' dir='ltr'><strong>ris</strong></span> <span class='ocrx_word' id='word_1_751' title='bbox 2303 3146 2557 3216; x_wconf 87' lang='lat' dir='ltr'><strong>aliquem,</strong></span> <span class='ocrx_word' id='word_1_752' title='bbox 2588 3146 2677 3216; x_wconf 88' lang='lat' dir='ltr'><strong>qui</strong></span> <span class='ocrx_word' id='word_1_753' title='bbox 2709 3154 2969 3216; x_wconf 71' lang='lat' dir='ltr'><strong>praecepta</strong></span> <span class='ocrx_word' id='word_1_754' title='bbox 3014 3144 3130 3213; x_wconf 79' lang='lat' dir='ltr'><strong>ejus</strong></span> <span class='ocrx_word' id='word_1_755' title='bbox 3167 3159 3274 3204; x_wconf 85' lang='lat' dir='ltr'><strong>non</strong></span> <span class='ocrx_word' id='word_1_756' title='bbox 3313 3152 3524 3212; x_wconf 67' lang='lat' dir='ltr'><strong>servat,</strong></span> <span class='ocrx_word' id='word_1_757' title='bbox 3568 3142 3776 3199; x_wconf 88' lang='lat' dir='ltr'><strong>etiamsi</strong></span> 
     </span>
    </p>
   </div>
   <div class='ocr_carea' id='block_1_92' title="bbox 2201 3234 3774 3306">
    <p class='ocr_par' dir='ltr' id='par_1_92' title="bbox 2201 3234 3774 3306">
     <span class='ocr_line' id='line_1_92' title="bbox 2201 3234 3774 3306; baseline -0.003 -14"><span class='ocrx_word' id='word_1_758' title='bbox 2201 3251 2365 3292; x_wconf 87' lang='lat' dir='ltr'><strong>sanus</strong></span> <span class='ocrx_word' id='word_1_759' title='bbox 2387 3237 2476 3304; x_wconf 87' lang='lat' dir='ltr'><strong>sit,</strong></span> <span class='ocrx_word' id='word_1_760' title='bbox 2497 3237 2703 3292; x_wconf 89' lang='lat' dir='ltr'><strong>etiamsi</strong></span> <span class='ocrx_word' id='word_1_761' title='bbox 2727 3237 2916 3306; x_wconf 89' lang='lat' dir='ltr'><strong>opibus</strong></span> <span class='ocrx_word' id='word_1_762' title='bbox 2943 3235 3157 3304; x_wconf 82' lang='lat' dir='ltr'><strong>alﬁuat,</strong></span> <span class='ocrx_word' id='word_1_763' title='bbox 3195 3237 3334 3304; x_wconf 73' lang='lat' dir='ltr'><strong>refer</strong></span> <span class='ocrx_word' id='word_1_764' title='bbox 3361 3250 3481 3290; x_wconf 87' lang='lat' dir='ltr'><strong>cum</strong></span> <span class='ocrx_word' id='word_1_765' title='bbox 3508 3234 3560 3289; x_wconf 91' lang='lat' dir='ltr'><strong>in</strong></span> <span class='ocrx_word' id='word_1_766' title='bbox 3586 3249 3774 3289; x_wconf 85' lang='lat' dir='ltr'><strong>nume-</strong></span> 
     </span>
    </p>
   </div>
   <div class='ocr_carea' id='block_1_93' title="bbox 2201 3326 3779 3398">
    <p class='ocr_par' dir='ltr' id='par_1_93' title="bbox 2201 3326 3779 3398">
     <span class='ocr_line' id='line_1_93' title="bbox 2201 3326 3779 3398; baseline -0.001 -14"><span class='ocrx_word' id='word_1_767' title='bbox 2201 3345 2320 3384; x_wconf 88' lang='lat' dir='ltr'><strong>rum</strong></span> <span class='ocrx_word' id='word_1_768' title='bbox 2345 3344 2530 3385; x_wconf 89' lang='lat' dir='ltr'><strong>eorum</strong></span> <span class='ocrx_word' id='word_1_769' title='bbox 2559 3329 2648 3398; x_wconf 87' lang='lat' dir='ltr'><strong>qui</strong></span> <span class='ocrx_word' id='word_1_770' title='bbox 2679 3329 2805 3383; x_wconf 88' lang='lat' dir='ltr'><strong>odio</strong></span> <span class='ocrx_word' id='word_1_771' title='bbox 2830 3327 3094 3384; x_wconf 80' lang='lat' dir='ltr'><strong>habentur</strong></span> <span class='ocrx_word' id='word_1_772' title='bbox 3119 3344 3132 3380; x_wconf 92' lang='lat'>:</span> <span class='ocrx_word' id='word_1_773' title='bbox 3161 3327 3331 3384; x_wconf 77' lang='lat' dir='ltr'><strong>virum</strong></span> <span class='ocrx_word' id='word_1_774' title='bbox 3367 3334 3542 3380; x_wconf 86' lang='lat' dir='ltr'><strong>autem</strong></span> <span class='ocrx_word' id='word_1_775' title='bbox 3582 3326 3779 3382; x_wconf 89' lang='lat' dir='ltr'><strong>virtute</strong></span> 
     </span>
    </p>
   </div>
   <div class='ocr_carea' id='block_1_94' title="bbox 2205 3417 3774 3490">
    <p class='ocr_par' dir='ltr' id='par_1_94' title="bbox 2205 3417 3774 3490">
     <span class='ocr_line' id='line_1_94' title="bbox 2205 3417 3774 3490; baseline -0.001 -16"><span class='ocrx_word' id='word_1_776' title='bbox 2205 3420 2506 3490; x_wconf 67' lang='lat' dir='ltr'><strong>prmditum,</strong></span> <span class='ocrx_word' id='word_1_777' title='bbox 2531 3419 2737 3474; x_wconf 87' lang='lat' dir='ltr'><strong>etiamsi</strong></span> <span class='ocrx_word' id='word_1_778' title='bbox 2762 3427 3018 3488; x_wconf 64' lang='lat' dir='ltr'><strong>aegrotum</strong></span> <span class='ocrx_word' id='word_1_779' title='bbox 3041 3417 3236 3472; x_wconf 85' lang='lat' dir='ltr'><strong>videris</strong></span> <span class='ocrx_word' id='word_1_780' title='bbox 3263 3427 3314 3474; x_wconf 88' lang='lat' dir='ltr'><strong>et</strong></span> <span class='ocrx_word' id='word_1_781' title='bbox 3353 3417 3524 3486; x_wconf 84' lang='lat' dir='ltr'><strong>inopia</strong></span> <span class='ocrx_word' id='word_1_782' title='bbox 3550 3431 3774 3486; x_wconf 86' lang='lat' dir='ltr'><strong>oppres-</strong></span> 
     </span>
    </p>
   </div>
   <div class='ocr_carea' id='block_1_95' title="bbox 2203 3506 3776 3578">
    <p class='ocr_par' dir='ltr' id='par_1_95' title="bbox 2203 3506 3776 3578">
     <span class='ocr_line' id='line_1_95' title="bbox 2203 3506 3776 3578; baseline -0.001 -14"><span class='ocrx_word' id='word_1_783' title='bbox 2203 3525 2341 3574; x_wconf 89' lang='lat' dir='ltr'><strong>sum,</strong></span> <span class='ocrx_word' id='word_1_784' title='bbox 2372 3511 2509 3564; x_wconf 84' lang='lat' dir='ltr'><strong>inter</strong></span> <span class='ocrx_word' id='word_1_785' title='bbox 2532 3523 2627 3564; x_wconf 88' lang='lat' dir='ltr'><strong>eos</strong></span> <span class='ocrx_word' id='word_1_786' title='bbox 2653 3509 2741 3578; x_wconf 90' lang='lat' dir='ltr'><strong>qui</strong></span> <span class='ocrx_word' id='word_1_787' title='bbox 2767 3517 3016 3562; x_wconf 89' lang='lat' dir='ltr'><strong>amantur</strong></span> <span class='ocrx_word' id='word_1_788' title='bbox 3040 3522 3353 3562; x_wconf 87' lang='lat' dir='ltr'><strong>annumera.</strong></span> <span class='ocrx_word' id='word_1_789' title='bbox 3399 3506 3516 3562; x_wconf 84' lang='lat' dir='ltr'><strong>Non</strong></span> <span class='ocrx_word' id='word_1_790' title='bbox 3542 3507 3684 3562; x_wconf 90' lang='lat' dir='ltr'><strong>enim</strong></span> <span class='ocrx_word' id='word_1_791' title='bbox 3722 3507 3776 3562; x_wconf 91' lang='lat' dir='ltr'><strong>in</strong></span> 
     </span>
    </p>
   </div>
   <div class='ocr_carea' id='block_1_96' title="bbox 2204 3597 3776 3666">
    <p class='ocr_par' dir='ltr' id='par_1_96' title="bbox 2204 3597 3776 3666">
     <span class='ocr_line' id='line_1_96' title="bbox 2204 3597 3776 3666; baseline -0.004 -9"><span class='ocrx_word' id='word_1_792' title='bbox 2204 3602 2288 3658; x_wconf 83' lang='lat' dir='ltr'><strong>bis</strong></span> <span class='ocrx_word' id='word_1_793' title='bbox 2306 3603 2548 3657; x_wconf 85' lang='lat' dir='ltr'><strong>consistit</strong></span> <span class='ocrx_word' id='word_1_794' title='bbox 2572 3600 2821 3666; x_wconf 88' lang='lat' dir='ltr'><strong>amicitia,</strong></span> <span class='ocrx_word' id='word_1_795' title='bbox 2849 3599 2942 3654; x_wconf 89' lang='lat' dir='ltr'><strong>sed</strong></span> <span class='ocrx_word' id='word_1_796' title='bbox 2969 3599 3024 3653; x_wconf 91' lang='lat' dir='ltr'><strong>in</strong></span> <span class='ocrx_word' id='word_1_797' title='bbox 3055 3599 3178 3652; x_wconf 77' lang='lat' dir='ltr'><strong>iliis.</strong></span> <span class='ocrx_word' id='word_1_798' title='bbox 3208 3600 3400 3652; x_wconf 83' lang='lat' dir='ltr'><strong>Annon</strong></span> <span class='ocrx_word' id='word_1_799' title='bbox 3443 3597 3592 3652; x_wconf 87' lang='lat' dir='ltr'><strong>vides</strong></span> <span class='ocrx_word' id='word_1_800' title='bbox 3617 3598 3776 3652; x_wconf 81' lang='lat' dir='ltr'><strong>etiam</strong></span> 
     </span>
    </p>
   </div>
   <div class='ocr_carea' id='block_1_97' title="bbox 2201 3688 3774 3762">
    <p class='ocr_par' dir='ltr' id='par_1_97' title="bbox 2201 3688 3774 3762">
     <span class='ocr_line' id='line_1_97' title="bbox 2201 3688 3774 3762; baseline -0.005 -12"><span class='ocrx_word' id='word_1_801' title='bbox 2201 3695 2259 3750; x_wconf 87' lang='lat' dir='ltr'><strong>in</strong></span> <span class='ocrx_word' id='word_1_802' title='bbox 2302 3695 2458 3750; x_wconf 87' lang='lat' dir='ltr'><strong>rebus</strong></span> <span class='ocrx_word' id='word_1_803' title='bbox 2488 3693 2728 3747; x_wconf 85' lang='lat' dir='ltr'><strong>immanis</strong></span> <span class='ocrx_word' id='word_1_804' title='bbox 2751 3731 2769 3758; x_wconf 95' lang='lat'><strong>,</strong></span> <span class='ocrx_word' id='word_1_805' title='bbox 2813 3706 2995 3762; x_wconf 83' lang='lat' dir='ltr'><strong>regum</strong></span> <span class='ocrx_word' id='word_1_806' title='bbox 3032 3690 3232 3745; x_wconf 85' lang='lat' dir='ltr'><strong>amicos</strong></span> <span class='ocrx_word' id='word_1_807' title='bbox 3263 3689 3316 3743; x_wconf 92' lang='lat' dir='ltr'><strong>in</strong></span> <span class='ocrx_word' id='word_1_808' title='bbox 3355 3688 3508 3744; x_wconf 88' lang='lat' dir='ltr'><strong>bellis</strong></span> <span class='ocrx_word' id='word_1_809' title='bbox 3546 3689 3774 3742; x_wconf 73' lang='lat' dir='ltr'><strong>maxima</strong></span> 
     </span>
    </p>
   </div>
   <div class='ocr_carea' id='block_1_98' title="bbox 2203 3779 3780 3855">
    <p class='ocr_par' dir='ltr' id='par_1_98' title="bbox 2203 3779 3780 3855">
     <span class='ocr_line' id='line_1_98' title="bbox 2203 3779 3780 3855; baseline -0.004 -15"><span class='ocrx_word' id='word_1_810' title='bbox 2203 3787 2350 3841; x_wconf 83' lang='lat' dir='ltr'><strong>adire</strong></span> <span class='ocrx_word' id='word_1_811' title='bbox 2379 3785 2633 3855; x_wconf 85' lang='lat' dir='ltr'><strong>pericula,</strong></span> <span class='ocrx_word' id='word_1_812' title='bbox 2661 3792 2717 3838; x_wconf 89' lang='lat' dir='ltr'><strong>et</strong></span> <span class='ocrx_word' id='word_1_813' title='bbox 2753 3783 2991 3850; x_wconf 84' lang='lat' dir='ltr'><strong>accipere</strong></span> <span class='ocrx_word' id='word_1_814' title='bbox 3016 3781 3262 3845; x_wconf 87' lang='lat' dir='ltr'><strong>vulnera,</strong></span> <span class='ocrx_word' id='word_1_815' title='bbox 3295 3790 3350 3835; x_wconf 91' lang='lat' dir='ltr'><strong>et</strong></span> <span class='ocrx_word' id='word_1_816' title='bbox 3374 3795 3594 3850; x_wconf 90' lang='lat' dir='ltr'><strong>peregre</strong></span> <span class='ocrx_word' id='word_1_817' title='bbox 3615 3779 3780 3850; x_wconf 87' lang='lat' dir='ltr'><strong>proﬁ-</strong></span> 
     </span>
    </p>
   </div>
   <div class='ocr_carea' id='block_1_99' title="bbox 2205 3865 3780 3942">
    <p class='ocr_par' dir='ltr' id='par_1_99' title="bbox 2205 3865 3780 3942">
     <span class='ocr_line' id='line_1_99' title="bbox 2205 3865 3780 3942; baseline -0.006 -11"><span class='ocrx_word' id='word_1_818' title='bbox 2205 3877 2370 3931; x_wconf 86' lang='lat' dir='ltr'><strong>cisci?</strong></span> <span class='ocrx_word' id='word_1_819' title='bbox 2411 3875 2523 3929; x_wconf 86' lang='lat' dir='ltr'><strong>Non</strong></span> <span class='ocrx_word' id='word_1_820' title='bbox 2561 3865 2810 3928; x_wconf 62' lang='lat' dir='ltr'><strong>audivisti</strong></span> <span class='ocrx_word' id='word_1_821' title='bbox 2833 3873 2972 3942; x_wconf 86' lang='lat' dir='ltr'><strong>quod</strong></span> <span class='ocrx_word' id='word_1_822' title='bbox 2999 3872 3251 3941; x_wconf 86' lang='lat' dir='ltr'><strong>scriptum</strong></span> <span class='ocrx_word' id='word_1_823' title='bbox 3278 3881 3359 3924; x_wconf 89' lang='lat' dir='ltr'><strong>est</strong></span> <span class='ocrx_word' id='word_1_824' title='bbox 3383 3888 3396 3922; x_wconf 92' lang='lat'>:</span> <span class='ocrx_word' id='word_1_825' title='bbox 3428 3870 3588 3935; x_wconf 81' lang='lat' dir='ltr'><strong>Quem</strong></span> <span class='ocrx_word' id='word_1_826' title='bbox 3615 3870 3780 3938; x_wconf 82' lang='lat' dir='ltr'><strong>diligit</strong></span> 
     </span>
    </p>
   </div>
   <div class='ocr_carea' id='block_1_100' title="bbox 2209 3961 3781 4034">
    <p class='ocr_par' dir='ltr' id='par_1_100' title="bbox 2209 3961 3781 4034">
     <span class='ocr_line' id='line_1_100' title="bbox 2209 3961 3781 4034; baseline -0.005 -14"><span class='ocrx_word' id='word_1_827' title='bbox 2209 3967 2474 4029; x_wconf 84' lang='lat' dir='ltr'><strong>Dominus,</strong></span> <span class='ocrx_word' id='word_1_828' title='bbox 2493 3965 2710 4034; x_wconf 79' lang='lat' dir='ltr'><strong>castigat</strong></span> <span class='ocrx_word' id='word_1_829' title='bbox 2744 3981 2763 4018; x_wconf 91' lang='lat'><strong><em>:</em></strong></span> <span class='ocrx_word' id='word_1_830' title='bbox 2789 3964 3017 4034; x_wconf 79' lang='lat' dir='ltr'><strong>ﬂagellat</strong></span> <span class='ocrx_word' id='word_1_831' title='bbox 3044 3971 3215 4016; x_wconf 85' lang='lat' dir='ltr'><strong>autem</strong></span> <span class='ocrx_word' id='word_1_832' title='bbox 3240 3977 3438 4030; x_wconf 76' lang='lat' dir='ltr'><strong>omnem</strong></span> <span class='ocrx_word' id='word_1_833' title='bbox 3460 3961 3781 4029; x_wconf 69' lang='lat' dir='ltr'><strong>ﬁliumqui-nt</strong></span> 
     </span>
    </p>
   </div>
   <div class='ocr_carea' id='block_1_101' title="bbox 2204 4049 3782 4129">
    <p class='ocr_par' dir='ltr' id='par_1_101' title="bbox 2204 4049 3782 4129">
     <span class='ocr_line' id='line_1_101' title="bbox 2204 4049 3782 4129; baseline -0.006 -15"><span class='ocrx_word' id='word_1_834' title='bbox 2204 4059 2378 4129; x_wconf 65' lang='lat' dir='ltr'><strong>recipit</strong></span> <span class='ocrx_word' id='word_1_835' title='bbox 2407 4057 2588 4126; x_wconf 73' lang='lat' dir='ltr'><strong>(Hebr.</strong></span> <span class='ocrx_word' id='word_1_836' title='bbox 2623 4058 2709 4124; x_wconf 63' lang='lat'><strong>1‘2,</strong></span> <span class='ocrx_word' id='word_1_837' title='bbox 2741 4057 2836 4121; x_wconf 88' lang='lat'><strong>6)?</strong></span> <span class='ocrx_word' id='word_1_838' title='bbox 2883 4057 2951 4110; x_wconf 81' lang='lat' dir='ltr'><strong>At</strong></span> <span class='ocrx_word' id='word_1_839' title='bbox 2979 4053 3163 4118; x_wconf 85' lang='lat' dir='ltr'><strong>multi,</strong></span> <span class='ocrx_word' id='word_1_840' title='bbox 3204 4051 3399 4120; x_wconf 81' lang='lat' dir='ltr'><strong>inquit,</strong></span> <span class='ocrx_word' id='word_1_841' title='bbox 3431 4049 3782 4106; x_wconf 86' lang='lat' dir='ltr'><strong>offenduntur</strong></span> 
     </span>
    </p>
   </div>
   <div class='ocr_carea' id='block_1_102' title="bbox 2207 4141 3776 4218">
    <p class='ocr_par' dir='ltr' id='par_1_102' title="bbox 2207 4141 3776 4218">
     <span class='ocr_line' id='line_1_102' title="bbox 2207 4141 3776 4218; baseline -0.007 -12"><span class='ocrx_word' id='word_1_842' title='bbox 2207 4151 2320 4206; x_wconf 69' lang='lat' dir='ltr'><strong>haec</strong></span> <span class='ocrx_word' id='word_1_843' title='bbox 2351 4149 2608 4205; x_wconf 88' lang='lat' dir='ltr'><strong>videntes.</strong></span> <span class='ocrx_word' id='word_1_844' title='bbox 2649 4149 2762 4204; x_wconf 86' lang='lat' dir='ltr'><strong>Non</strong></span> <span class='ocrx_word' id='word_1_845' title='bbox 2787 4149 3020 4218; x_wconf 85' lang='lat' dir='ltr'><strong>ipsorum</strong></span> <span class='ocrx_word' id='word_1_846' title='bbox 3050 4159 3230 4207; x_wconf 81' lang='lat' dir='ltr'><strong>causa,</strong></span> <span class='ocrx_word' id='word_1_847' title='bbox 3258 4141 3352 4196; x_wconf 90' lang='lat' dir='ltr'><strong>sed</strong></span> <span class='ocrx_word' id='word_1_848' title='bbox 3380 4150 3593 4209; x_wconf 80' lang='lat' dir='ltr'><strong>prepter</strong></span> <span class='ocrx_word' id='word_1_849' title='bbox 3619 4158 3776 4196; x_wconf 86' lang='lat' dir='ltr'><strong>suam</strong></span> 
     </span>
    </p>
   </div>
   <div class='ocr_carea' id='block_1_103' title="bbox 2205 4231 3782 4298">
    <p class='ocr_par' dir='ltr' id='par_1_103' title="bbox 2205 4231 3782 4298">
     <span class='ocr_line' id='line_1_103' title="bbox 2205 4231 3782 4298; baseline -0.012 -1"><span class='ocrx_word' id='word_1_850' title='bbox 2205 4243 2500 4298; x_wconf 72' lang='lat' dir='ltr'><strong>stultitiam.</strong></span> <span class='ocrx_word' id='word_1_851' title='bbox 2543 4240 2655 4298; x_wconf 78' lang='lat' dir='ltr'><strong>Non</strong></span> <span class='ocrx_word' id='word_1_852' title='bbox 2683 4241 2838 4293; x_wconf 85' lang='lat' dir='ltr'><strong>datur</strong></span> <span class='ocrx_word' id='word_1_853' title='bbox 2857 4237 2999 4292; x_wconf 83' lang='lat' dir='ltr'><strong>enim</strong></span> <span class='ocrx_word' id='word_1_854' title='bbox 3029 4235 3112 4292; x_wconf 81' lang='lat' dir='ltr'><strong>hic</strong></span> <span class='ocrx_word' id='word_1_855' title='bbox 3143 4232 3292 4286; x_wconf 87' lang='lat' dir='ltr'><strong>nobis</strong></span> <span class='ocrx_word' id='word_1_856' title='bbox 3321 4231 3562 4285; x_wconf 86' lang='lat' dir='ltr'><strong>laborum</strong></span> <span class='ocrx_word' id='word_1_857' title='bbox 3599 4247 3782 4288; x_wconf 86' lang='lat' dir='ltr'><strong>remu.</strong></span> 
     </span>
    </p>
   </div>
   <div class='ocr_carea' id='block_1_104' title="bbox 2206 4322 3781 4396">
    <p class='ocr_par' dir='ltr' id='par_1_104' title="bbox 2206 4322 3781 4396">
     <span class='ocr_line' id='line_1_104' title="bbox 2206 4322 3781 4396; baseline -0.011 -8"><span class='ocrx_word' id='word_1_858' title='bbox 2206 4334 2411 4388; x_wconf 87' lang='lat' dir='ltr'><strong>neratio</strong></span> <span class='ocrx_word' id='word_1_859' title='bbox 2431 4349 2446 4396; x_wconf 90' lang='lat'>;</span> <span class='ocrx_word' id='word_1_860' title='bbox 2469 4331 2560 4386; x_wconf 89' lang='lat' dir='ltr'><strong>sed</strong></span> <span class='ocrx_word' id='word_1_861' title='bbox 2584 4339 2706 4386; x_wconf 88' lang='lat' dir='ltr'><strong>sunt</strong></span> <span class='ocrx_word' id='word_1_862' title='bbox 2731 4326 3036 4396; x_wconf 89' lang='lat' dir='ltr'><strong>bicquidem</strong></span> <span class='ocrx_word' id='word_1_863' title='bbox 3055 4322 3280 4377; x_wconf 85' lang='lat' dir='ltr'><strong>stadium</strong></span> <span class='ocrx_word' id='word_1_864' title='bbox 3307 4328 3536 4374; x_wconf 84' lang='lat' dir='ltr'><strong>etarena</strong></span> <span class='ocrx_word' id='word_1_865' title='bbox 3559 4335 3574 4372; x_wconf 92' lang='lat'><strong>:</strong></span> <span class='ocrx_word' id='word_1_866' title='bbox 3595 4332 3781 4389; x_wconf 75' lang='lat' dir='ltr'><strong>postea</strong></span> 
     </span>
    </p>
   </div>
   <div class='ocr_carea' id='block_1_105' title="bbox 2207 4409 3784 4492">
    <p class='ocr_par' dir='ltr' id='par_1_105' title="bbox 2207 4409 3784 4492">
     <span class='ocr_line' id='line_1_105' title="bbox 2207 4409 3784 4492; baseline -0.01 -16"><span class='ocrx_word' id='word_1_867' title='bbox 2207 4433 2381 4492; x_wconf 76' lang='lat' dir='ltr'><strong>autem</strong></span> <span class='ocrx_word' id='word_1_868' title='bbox 2426 4432 2582 4480; x_wconf 80' lang='lat' dir='ltr'><strong>erunt</strong></span> <span class='ocrx_word' id='word_1_869' title='bbox 2632 4417 2842 4486; x_wconf 61' lang='lat' dir='ltr'><strong>[utentia</strong></span> <span class='ocrx_word' id='word_1_870' title='bbox 2887 4422 2939 4467; x_wconf 91' lang='lat' dir='ltr'><strong>et</strong></span> <span class='ocrx_word' id='word_1_871' title='bbox 2975 4427 3210 4465; x_wconf 67' lang='lat' dir='ltr'><strong>coronae.</strong></span> <span class='ocrx_word' id='word_1_872' title='bbox 3262 4409 3317 4463; x_wconf 91' lang='lat' dir='ltr'><strong>In</strong></span> <span class='ocrx_word' id='word_1_873' title='bbox 3365 4418 3606 4476; x_wconf 87' lang='lat' dir='ltr'><strong>tempore</strong></span> <span class='ocrx_word' id='word_1_874' title='bbox 3649 4426 3784 4480; x_wconf 78' lang='lat' dir='ltr'><strong>ergo</strong></span> 
     </span>
    </p>
   </div>
   <div class='ocr_carea' id='block_1_106' title="bbox 2207 4499 3782 4580">
    <p class='ocr_par' dir='ltr' id='par_1_106' title="bbox 2207 4499 3782 4580">
     <span class='ocr_line' id='line_1_106' title="bbox 2207 4499 3782 4580; baseline -0.012 -14"><span class='ocrx_word' id='word_1_875' title='bbox 2207 4513 2360 4566; x_wconf 74' lang='lat' dir='ltr'><strong>lucta:</strong></span> <span class='ocrx_word' id='word_1_876' title='bbox 2399 4519 2453 4566; x_wconf 89' lang='lat' dir='ltr'><strong>et</strong></span> <span class='ocrx_word' id='word_1_877' title='bbox 2491 4510 2543 4562; x_wconf 88' lang='lat' dir='ltr'><strong>in</strong></span> <span class='ocrx_word' id='word_1_878' title='bbox 2578 4509 2662 4562; x_wconf 87' lang='lat' dir='ltr'><strong>die</strong></span> <span class='ocrx_word' id='word_1_879' title='bbox 2687 4502 2949 4580; x_wconf 74' lang='lat' dir='ltr'><strong>pancratii</strong></span> <span class='ocrx_word' id='word_1_880' title='bbox 2991 4499 3065 4572; x_wconf 73' lang='grc' dir='ltr'>(ιι)</span> <span class='ocrx_word' id='word_1_881' title='bbox 3111 4516 3177 4554; x_wconf 84' lang='lat' dir='ltr'><strong>ne</strong></span> <span class='ocrx_word' id='word_1_882' title='bbox 3204 4513 3410 4568; x_wconf 70' lang='lat' dir='ltr'><strong>qumras</strong></span> <span class='ocrx_word' id='word_1_883' title='bbox 3446 4499 3676 4568; x_wconf 83' lang='lat' dir='ltr'><strong>quietem</strong></span> <span class='ocrx_word' id='word_1_884' title='bbox 3723 4508 3782 4553; x_wconf 73' lang='lat' dir='ltr'><strong>es</strong></span> 
     </span>
    </p>
   </div>
   <div class='ocr_carea' id='block_1_107' title="bbox 2205 4587 3882 4658">
    <p class='ocr_par' dir='ltr' id='par_1_107' title="bbox 2205 4587 3882 4658">
     <span class='ocr_line' id='line_1_107' title="bbox 2205 4587 3882 4658; baseline -0.013 0"><span class='ocrx_word' id='word_1_885' title='bbox 2205 4601 2366 4658; x_wconf 89' lang='lat' dir='ltr'><strong>animi</strong></span> <span class='ocrx_word' id='word_1_886' title='bbox 2395 4598 2793 4654; x_wconf 83' lang='lat' dir='ltr'><strong>remissionem:</strong></span> <span class='ocrx_word' id='word_1_887' title='bbox 2817 4608 2916 4648; x_wconf 90' lang='lat' dir='ltr'><strong>nec</strong></span> <span class='ocrx_word' id='word_1_888' title='bbox 2944 4589 3233 4646; x_wconf 83' lang='lat' dir='ltr'><strong>confundas</strong></span> <span class='ocrx_word' id='word_1_889' title='bbox 3253 4597 3510 4657; x_wconf 81' lang='lat' dir='ltr'><strong>tempora.</strong></span> <span class='ocrx_word' id='word_1_890' title='bbox 3539 4587 3606 4642; x_wconf 87' lang='lat' dir='ltr'><strong>At</strong></span> <span class='ocrx_word' id='word_1_891' title='bbox 3624 4588 3781 4642; x_wconf 81' lang='lat' dir='ltr'><strong>multi</strong></span> <span class='ocrx_word' id='word_1_892' title='bbox 3879 4633 3882 4636; x_wconf 74' lang='lat'><strong>.</strong></span> 
     </span>
    </p>
   </div>
   <div class='ocr_carea' id='block_1_108' title="bbox 2201 4678 3777 4759">
    <p class='ocr_par' dir='ltr' id='par_1_108' title="bbox 2201 4678 3777 4759">
     <span class='ocr_line' id='line_1_108' title="bbox 2201 4678 3777 4759; baseline -0.008 -11"><span class='ocrx_word' id='word_1_893' title='bbox 2201 4700 2348 4759; x_wconf 81' lang='lat' dir='ltr'><strong>sunt,</strong></span> <span class='ocrx_word' id='word_1_894' title='bbox 2381 4688 2570 4758; x_wconf 87' lang='lat' dir='ltr'><strong>inquit,</strong></span> <span class='ocrx_word' id='word_1_895' title='bbox 2601 4683 2990 4740; x_wconf 80' lang='lat' dir='ltr'><strong>imbecilliores.</strong></span> <span class='ocrx_word' id='word_1_896' title='bbox 3032 4681 3136 4736; x_wconf 89' lang='lat' dir='ltr'><strong>Sed</strong></span> <span class='ocrx_word' id='word_1_897' title='bbox 3178 4680 3315 4736; x_wconf 89' lang='lat' dir='ltr'><strong>Deus</strong></span> <span class='ocrx_word' id='word_1_898' title='bbox 3349 4678 3432 4734; x_wconf 83' lang='lat' dir='ltr'><strong>bis</strong></span> <span class='ocrx_word' id='word_1_899' title='bbox 3465 4679 3622 4734; x_wconf 87' lang='lat' dir='ltr'><strong>etiam</strong></span> <span class='ocrx_word' id='word_1_900' title='bbox 3649 4694 3777 4748; x_wconf 84' lang='lat' dir='ltr'><strong>pro-</strong></span> 
     </span>
    </p>
   </div>
   <div class='ocr_carea' id='block_1_109' title="bbox 2205 4767 3781 4850">
    <p class='ocr_par' dir='ltr' id='par_1_109' title="bbox 2205 4767 3781 4850">
     <span class='ocr_line' id='line_1_109' title="bbox 2205 4767 3781 4850; baseline -0.009 -14"><span class='ocrx_word' id='word_1_901' title='bbox 2205 4780 2368 4845; x_wconf 84' lang='lat' dir='ltr'><strong>vidit;</strong></span> <span class='ocrx_word' id='word_1_902' title='bbox 2399 4787 2452 4832; x_wconf 88' lang='lat' dir='ltr'><strong>et</strong></span> <span class='ocrx_word' id='word_1_903' title='bbox 2473 4776 2712 4845; x_wconf 82' lang='lat' dir='ltr'><strong>permisit</strong></span> <span class='ocrx_word' id='word_1_904' title='bbox 2737 4783 2794 4828; x_wconf 92' lang='lat' dir='ltr'><strong>ut</strong></span> <span class='ocrx_word' id='word_1_905' title='bbox 2831 4773 2986 4827; x_wconf 88' lang='lat' dir='ltr'><strong>multi</strong></span> <span class='ocrx_word' id='word_1_906' title='bbox 3019 4771 3181 4826; x_wconf 86' lang='lat' dir='ltr'><strong>etiam</strong></span> <span class='ocrx_word' id='word_1_907' title='bbox 3219 4769 3346 4850; x_wconf 78' lang='lat' dir='ltr'><strong>justi</strong></span> <span class='ocrx_word' id='word_1_908' title='bbox 3373 4767 3459 4830; x_wconf 86' lang='lat' dir='ltr'><strong>bic</strong></span> <span class='ocrx_word' id='word_1_909' title='bbox 3485 4782 3694 4846; x_wconf 85' lang='lat' dir='ltr'><strong>quoque</strong></span> <span class='ocrx_word' id='word_1_910' title='bbox 3723 4767 3781 4824; x_wconf 84' lang='lat' dir='ltr'><strong>in-</strong></span> 
     </span>
    </p>
   </div>
   <div class='ocr_carea' id='block_1_110' title="bbox 2205 4859 3778 4946">
    <p class='ocr_par' dir='ltr' id='par_1_110' title="bbox 2205 4859 3778 4946">
     <span class='ocr_line' id='line_1_110' title="bbox 2205 4859 3778 4946; baseline -0.01 -16"><span class='ocrx_word' id='word_1_911' title='bbox 2205 4874 2554 4946; x_wconf 82' lang='lat' dir='ltr'><strong>prosperitate</strong></span> <span class='ocrx_word' id='word_1_912' title='bbox 2578 4877 2813 4941; x_wconf 84' lang='lat' dir='ltr'><strong>agerent,</strong></span> <span class='ocrx_word' id='word_1_913' title='bbox 2841 4883 2950 4922; x_wconf 88' lang='lat' dir='ltr'><strong>non</strong></span> <span class='ocrx_word' id='word_1_914' title='bbox 2994 4873 3212 4936; x_wconf 87' lang='lat' dir='ltr'><strong>propter</strong></span> <span class='ocrx_word' id='word_1_915' title='bbox 3238 4863 3355 4917; x_wconf 88' lang='lat' dir='ltr'><strong>illos</strong></span> <span class='ocrx_word' id='word_1_916' title='bbox 3377 4902 3396 4928; x_wconf 94' lang='lat'><strong>,</strong></span> <span class='ocrx_word' id='word_1_917' title='bbox 3439 4859 3533 4916; x_wconf 88' lang='lat' dir='ltr'><strong>sed</strong></span> <span class='ocrx_word' id='word_1_918' title='bbox 3559 4871 3778 4931; x_wconf 81' lang='lat' dir='ltr'><strong>propter</strong></span> 
     </span>
    </p>
   </div>
   <div class='ocr_carea' id='block_1_111' title="bbox 2206 4948 3780 5026">
    <p class='ocr_par' dir='ltr' id='par_1_111' title="bbox 2206 4948 3780 5026">
     <span class='ocr_line' id='line_1_111' title="bbox 2206 4948 3780 5026; baseline -0.011 -6"><span class='ocrx_word' id='word_1_919' title='bbox 2206 4963 2597 5022; x_wconf 85' lang='lat' dir='ltr'><strong>imbecilliores.</strong></span> <span class='ocrx_word' id='word_1_920' title='bbox 2630 4960 2804 5026; x_wconf 88' lang='lat' dir='ltr'><strong>Quare</strong></span> <span class='ocrx_word' id='word_1_921' title='bbox 2826 4956 2926 5012; x_wconf 88' lang='lat' dir='ltr'><strong>etsi</strong></span> <span class='ocrx_word' id='word_1_922' title='bbox 2958 4964 3009 5010; x_wconf 89' lang='lat' dir='ltr'><strong>te</strong></span> <span class='ocrx_word' id='word_1_923' title='bbox 3031 4953 3302 5008; x_wconf 86' lang='lat' dir='ltr'><strong>olfenduut</strong></span> <span class='ocrx_word' id='word_1_924' title='bbox 3323 4951 3413 5021; x_wconf 91' lang='lat' dir='ltr'><strong>qui</strong></span> <span class='ocrx_word' id='word_1_925' title='bbox 3438 4949 3623 5005; x_wconf 89' lang='lat' dir='ltr'><strong>suntin</strong></span> <span class='ocrx_word' id='word_1_926' title='bbox 3641 4948 3780 5004; x_wconf 76' lang='lat' dir='ltr'><strong>allii-</strong></span> 
     </span>
    </p>
   </div>
   <div class='ocr_carea' id='block_1_112' title="bbox 2203 5040 3774 5122">
    <p class='ocr_par' dir='ltr' id='par_1_112' title="bbox 2203 5040 3774 5122">
     <span class='ocr_line' id='line_1_112' title="bbox 2203 5040 3774 5122; baseline -0.013 -8"><span class='ocrx_word' id='word_1_927' title='bbox 2203 5059 2402 5122; x_wconf 83' lang='lat' dir='ltr'><strong>ctioue,</strong></span> <span class='ocrx_word' id='word_1_928' title='bbox 2429 5053 2699 5109; x_wconf 60' lang='lat' dir='ltr'><strong>aediﬁcent</strong></span> <span class='ocrx_word' id='word_1_929' title='bbox 2721 5063 2908 5120; x_wconf 78' lang='lat' dir='ltr'><strong>rursus</strong></span> <span class='ocrx_word' id='word_1_930' title='bbox 2931 5046 3020 5116; x_wconf 85' lang='lat' dir='ltr'><strong>qui</strong></span> <span class='ocrx_word' id='word_1_931' title='bbox 3045 5045 3104 5098; x_wconf 86' lang='lat' dir='ltr'><strong>in</strong></span> <span class='ocrx_word' id='word_1_932' title='bbox 3145 5044 3322 5113; x_wconf 84' lang='lat' dir='ltr'><strong>quiete</strong></span> <span class='ocrx_word' id='word_1_933' title='bbox 3350 5042 3511 5100; x_wconf 84' lang='lat' dir='ltr'><strong>vitam</strong></span> <span class='ocrx_word' id='word_1_934' title='bbox 3533 5040 3732 5110; x_wconf 83' lang='lat' dir='ltr'><strong>degunt</strong></span> <span class='ocrx_word' id='word_1_935' title='bbox 3759 5058 3774 5094; x_wconf 92' lang='lat'>:</span> 
     </span>
    </p>
   </div>
   <div class='ocr_carea' id='block_1_113' title="bbox 2205 5135 3778 5218">
    <p class='ocr_par' dir='ltr' id='par_1_113' title="bbox 2205 5135 3778 5218">
     <span class='ocr_line' id='line_1_113' title="bbox 2205 5135 3778 5218; baseline -0.014 -9"><span class='ocrx_word' id='word_1_936' title='bbox 2205 5152 2326 5209; x_wconf 88' lang='lat' dir='ltr'><strong>etsi</strong></span> <span class='ocrx_word' id='word_1_937' title='bbox 2353 5161 2406 5206; x_wconf 89' lang='lat' dir='ltr'><strong>te</strong></span> <span class='ocrx_word' id='word_1_938' title='bbox 2429 5147 2773 5218; x_wconf 86' lang='lat' dir='ltr'><strong>supplantant</strong></span> <span class='ocrx_word' id='word_1_939' title='bbox 2810 5139 3020 5196; x_wconf 87' lang='lat' dir='ltr'><strong>scelesti</strong></span> <span class='ocrx_word' id='word_1_940' title='bbox 3045 5179 3061 5206; x_wconf 90' lang='lat'><strong>,</strong></span> <span class='ocrx_word' id='word_1_941' title='bbox 3083 5137 3180 5207; x_wconf 89' lang='lat' dir='ltr'><strong>.qui</strong></span> <span class='ocrx_word' id='word_1_942' title='bbox 3221 5135 3387 5194; x_wconf 82' lang='lat' dir='ltr'><strong>rebus</strong></span> <span class='ocrx_word' id='word_1_943' title='bbox 3430 5143 3650 5192; x_wconf 86' lang='lat' dir='ltr'><strong>utuntur</strong></span> <span class='ocrx_word' id='word_1_944' title='bbox 3686 5147 3778 5188; x_wconf 83' lang='lat' dir='ltr'><strong>sc-</strong></span> 
     </span>
    </p>
   </div>
   <div class='ocr_carea' id='block_1_114' title="bbox 2268 5281 3783 5400">
    <p class='ocr_par' dir='ltr' id='par_1_114' title="bbox 2268 5281 3783 5400">
     <span class='ocr_line' id='line_1_114' title="bbox 2269 5281 3430 5339; baseline -0.008 -7"><span class='ocrx_word' id='word_1_945' title='bbox 2269 5285 2285 5315; x_wconf 74' lang='grc' dir='ltr'><strong>ι</strong></span> <span class='ocrx_word' id='word_1_946' title='bbox 2306 5281 2460 5338; x_wconf 62' lang='grc'><strong>(2011),,</strong></span> <span class='ocrx_word' id='word_1_947' title='bbox 2482 5281 2633 5328; x_wconf 73' lang='lat' dir='ltr'><strong>nobis.</strong></span> <span class='ocrx_word' id='word_1_948' title='bbox 3107 5319 3113 5326; x_wconf 97' lang='lat'><strong>.</strong></span> <span class='ocrx_word' id='word_1_949' title='bbox 3312 5328 3324 5339; x_wconf 65' lang='grc'><em>,</em></span> <span class='ocrx_word' id='word_1_950' title='bbox 3419 5327 3430 5338; x_wconf 62' lang='grc'><em>,</em></span> 
     </span>
     <span class='ocr_line' id='line_1_115' title="bbox 2268 5325 3783 5400; baseline -0.013 -5"><span class='ocrx_word' id='word_1_951' title='bbox 2268 5347 2290 5377; x_wconf 74' lang='grc'>¹</span> <span class='ocrx_word' id='word_1_952' title='bbox 2312 5342 2450 5396; x_wconf 80' lang='lat' dir='ltr'><strong>savii.</strong></span> <span class='ocrx_word' id='word_1_953' title='bbox 2475 5343 2523 5390; x_wconf 85' lang='lat' dir='ltr'><strong>in</strong></span> <span class='ocrx_word' id='word_1_954' title='bbox 2535 5334 2826 5400; x_wconf 63' lang='lat' dir='ltr'><strong>textulegit</strong></span> <span class='ocrx_word' id='word_1_955' title='bbox 2841 5369 2872 5400; x_wconf 79' lang='lat'><strong>,_</strong></span> <span class='ocrx_word' id='word_1_956' title='bbox 2887 5331 2992 5400; x_wconf 66' lang='grc' dir='ltr'><strong>Ιιωρ</strong></span> <span class='ocrx_word' id='word_1_957' title='bbox 3023 5335 3246 5400; x_wconf 59' lang='grc' dir='ltr'><strong>(κω-ρῳ</strong></span> <span class='ocrx_word' id='word_1_958' title='bbox 3269 5331 3588 5400; x_wconf 61' lang='lat' dir='ltr'><strong>dgsqttireutus</strong></span> <span class='ocrx_word' id='word_1_959' title='bbox 3605 5338 3627 5400; x_wconf 59' lang='grc' dir='ltr'>ί</span> <span class='ocrx_word' id='word_1_960' title='bbox 3645 5325 3783 5400; x_wconf 52' lang='grc'><strong>11191»</strong></span> 
     </span>
    </p>
   </div>
   <div class='ocr_carea' id='block_1_115' title="bbox 2205 5387 3780 5478">
    <p class='ocr_par' dir='ltr' id='par_1_115' title="bbox 2205 5387 3780 5478">
     <span class='ocr_line' id='line_1_116' title="bbox 2205 5387 3780 5478; baseline -0.013 -23"><span class='ocrx_word' id='word_1_961' title='bbox 2205 5387 2522 5478; x_wconf 22' lang='grc' dir='ltr'><strong>οοῃῇᾶἰξῆξῆί</strong></span> <span class='ocrx_word' id='word_1_962' title='bbox 2549 5387 2794 5478; x_wconf 52' lang='lat' dir='ltr'><strong>margine&quot;,</strong></span> <span class='ocrx_word' id='word_1_963' title='bbox 2811 5387 3159 5478; x_wconf 40' lang='lat' dir='ltr'><strong>fisqttinrgnnlt‘us.</strong></span> <span class='ocrx_word' id='word_1_964' title='bbox 3185 5397 3286 5440; x_wconf 78' lang='lat' dir='ltr'><strong>Mox</strong></span> <span class='ocrx_word' id='word_1_965' title='bbox 3308 5387 3386 5440; x_wconf 64' lang='lat' dir='ltr'><strong>se</strong></span> <span class='ocrx_word' id='word_1_966' title='bbox 3409 5393 3568 5448; x_wconf 84' lang='lat' dir='ltr'><strong>voces,</strong></span> <span class='ocrx_word' id='word_1_967' title='bbox 3593 5388 3656 5436; x_wconf 80' lang='lat' dir='ltr'><strong>de</strong></span> <span class='ocrx_word' id='word_1_968' title='bbox 3681 5395 3780 5436; x_wconf 82' lang='lat' dir='ltr'><strong>Do-</strong></span> 
     </span>
    </p>
   </div>
   <div class='ocr_carea' id='block_1_116' title="bbox 2206 5451 3782 5588">
    <p class='ocr_par' dir='ltr' id='par_1_116' title="bbox 2206 5451 3782 5588">
     <span class='ocr_line' id='line_1_117' title="bbox 2206 5451 3482 5526; baseline -0.016 -10"><span class='ocrx_word' id='word_1_969' title='bbox 2206 5451 2603 5522; x_wconf 55' lang='grc' dir='ltr'><strong>ἦῖῧῖοξὸπιὶιτιωῑ</strong></span> <span class='ocrx_word' id='word_1_970' title='bbox 2624 5451 2792 5526; x_wconf 42' lang='lat' dir='ltr'><strong>savii;</strong></span> <span class='ocrx_word' id='word_1_971' title='bbox 2807 5451 2930 5518; x_wconf 61' lang='lat' dir='ltr'><strong>negl</strong></span> <span class='ocrx_word' id='word_1_972' title='bbox 2942 5451 3132 5525; x_wconf 71' lang='lat' dir='ltr'><strong>empto.</strong></span> <span class='ocrx_word' id='word_1_973' title='bbox 3235 5511 3246 5523; x_wconf 40' lang='grc' dir='ltr'><strong>ο</strong></span> <span class='ocrx_word' id='word_1_974' title='bbox 3471 5506 3482 5516; x_wconf 42' lang='grc'><strong>⁹</strong></span> 
     </span>
     <span class='ocr_line' id='line_1_118' title="bbox 2267 5513 3782 5588; baseline -0.011 -2"><span class='ocrx_word' id='word_1_975' title='bbox 2267 5527 2340 5586; x_wconf 74' lang='grc' dir='ltr'><strong>(α)</strong></span> <span class='ocrx_word' id='word_1_976' title='bbox 2369 5533 2423 5588; x_wconf 67' lang='lat' dir='ltr'><strong>tu</strong></span> <span class='ocrx_word' id='word_1_977' title='bbox 2441 5521 2520 5588; x_wconf 70' lang='lat' dir='ltr'><strong>die</strong></span> <span class='ocrx_word' id='word_1_978' title='bbox 2533 5519 2790 5583; x_wconf 64' lang='lat' dir='ltr'><strong>morati.</strong></span> <span class='ocrx_word' id='word_1_979' title='bbox 2808 5529 2899 5572; x_wconf 73' lang='lat' dir='ltr'><strong>seu</strong></span> <span class='ocrx_word' id='word_1_980' title='bbox 2915 5515 3626 5588; x_wconf 55' lang='lat' dir='ltr'><strong>Mmtwmgerwm;</strong></span> <span class='ocrx_word' id='word_1_981' title='bbox 3638 5513 3782 5588; x_wconf 51' lang='lat' dir='ltr'><strong>Erant</strong></span> 
     </span>
    </p>
   </div>
   <div class='ocr_carea' id='block_1_117' title="bbox 2203 5581 3784 5648">
    <p class='ocr_par' dir='ltr' id='par_1_117' title="bbox 2203 5581 3784 5648">
     <span class='ocr_line' id='line_1_119' title="bbox 2203 5581 3784 5648; baseline -0.002 3"><span class='ocrx_word' id='word_1_982' title='bbox 2203 5581 2368 5638; x_wconf 61' lang='lat' dir='ltr'><strong>anteis</strong></span> <span class='ocrx_word' id='word_1_983' title='bbox 2401 5581 2620 5648; x_wconf 58' lang='lat' dir='ltr'><strong>ludorum</strong></span> <span class='ocrx_word' id='word_1_984' title='bbox 2644 5592 2828 5648; x_wconf 65' lang='lat' dir='ltr'><strong>genere.</strong></span> <span class='ocrx_word' id='word_1_985' title='bbox 2848 5581 3080 5648; x_wconf 59' lang='grc' dir='ltr'>αιιίπιίιιιβι</span> <span class='ocrx_word' id='word_1_986' title='bbox 3102 5588 3213 5648; x_wconf 59' lang='lat'><strong>9!”?</strong></span> <span class='ocrx_word' id='word_1_987' title='bbox 3227 5581 3681 5648; x_wconf 48' lang='grc' dir='ltr'><strong>,εξὲἒγοὲέντεσὶεξ</strong></span> <span class='ocrx_word' id='word_1_988' title='bbox 3699 5581 3784 5648; x_wconf 82' lang='lat'><strong>&#39;2‘</strong></span> 
     </span>
    </p>
   </div>
   <div class='ocr_carea' id='block_1_118' title="bbox 2206 5627 3776 5701">
    <p class='ocr_par' dir='ltr' id='par_1_118' title="bbox 2206 5627 3776 5701">
     <span class='ocr_line' id='line_1_120' title="bbox 2206 5627 3776 5701; baseline -0.016 -3"><span class='ocrx_word' id='word_1_989' title='bbox 2206 5627 2929 5697; x_wconf 42' lang='lat' dir='ltr'><strong>massinissae</strong></span> <span class='ocrx_word' id='word_1_990' title='bbox 2947 5627 3170 5701; x_wconf 57' lang='lat' dir='ltr'><strong>taeduit.</strong></span> <span class='ocrx_word' id='word_1_991' title='bbox 3191 5627 3372 5692; x_wconf 65' lang='lat' dir='ltr'><strong>item.</strong></span> <span class='ocrx_word' id='word_1_992' title='bbox 3389 5639 3538 5684; x_wconf 70' lang='grc' dir='ltr'>ἰιι-ο</span> <span class='ocrx_word' id='word_1_993' title='bbox 3555 5632 3608 5691; x_wconf 72' lang='lat'><strong>5,</strong></span> <span class='ocrx_word' id='word_1_994' title='bbox 3619 5627 3687 5680; x_wconf 82' lang='lat' dir='ltr'><strong>lib</strong></span> <span class='ocrx_word' id='word_1_995' title='bbox 3725 5629 3776 5678; x_wconf 74' lang='grc' dir='ltr'><strong>δ.</strong></span> 
     </span>
    </p>
   </div>
   <div class='ocr_carea' id='block_1_119' title="bbox 2210 5707 2446 5772">
    <p class='ocr_par' dir='ltr' id='par_1_119' title="bbox 2210 5707 2446 5772">
     <span class='ocr_line' id='line_1_121' title="bbox 2210 5707 2446 5772; baseline 0.008 -16"><span class='ocrx_word' id='word_1_996' title='bbox 2210 5722 2321 5772; x_wconf 63' lang='grc' dir='ltr'><strong>νη.</strong></span> <span class='ocrx_word' id='word_1_997' title='bbox 2337 5707 2446 5758; x_wconf 70' lang='lat' dir='ltr'><strong>29L</strong></span> 
     </span>
    </p>
   </div>
  </div>
