4112 6224
462 275 523 335 9|
1592 261 1959 320 EXPOSITIO
1994 261 2062 318 IN
2103 260 2432 322 PSALMUM
2467 265 2582 322 VII.
3659 264 3728 320 92

458 387 651 459 ιτερόν
676 385 958 458 φασιν.ὅτι
978 381 1666 453 ἐπηγγείλατοέχθραίνειν
1694 385 1804 446 τοῖς
1831 380 2047 452 ἐχθροῖς

2159 383 2336 456 Πολλὴ
2365 384 2461 438 καὶ
2490 382 2726 438 ἐνταῦθα
2755 386 2792 456 ὴ
2826 381 3110 456 παρρησία
3148 383 3244 437 τοῦ
3272 383 3499 438 δικαίου.
3546 384 3656 438 Ταῦ
3667 403 3732 440 τα

459 479 652 537 αὑτοῦ.
682 477 794 534 Kal
829 475 1156 546 συναγωγὴ
1203 473 1373 528 λαῶν
1400 473 1704 529 κυκλώσει
1737 491 1828 528 σε.
1867 473 2049 544 Μηδὲν
2152 472 2210 524 δὲ
2246 472 2394 542 λέγει
2426 475 2507 538 είς
2557 474 2804 544 ἀνάγκην
2861 471 3143 543 ἐμπεσών.
3194 472 3358 526 Ποίαν
3389 472 3455 543 δὴ
3488 472 3732 543 ταύτηνς

468 573 808 646 ἀνθρώπινον
827 569 962 640 μηδὲ
983 567 1214 622 ἐνταῦθα
1232 567 1529 621 ὑπόπτευε.
1544 566 1661 620 Κᾶν
1681 567 1792 639 γὰρ
1807 569 1860 620 αἱ
1877 565 2050 630 λέξεις

461 665 736 726 τοιαῦται,
778 661 916 716 ἀλλὰ
963 659 1034 714 τὰ
1063 659 1310 730 νοήματα
1352 658 1654 730 θεοπρεπῆ.
1691 659 1758 711 Τί
1797 653 1895 712 οὖν
1933 660 2049 712 ἐστι

463 757 545 820 τὸ,
579 753 890 812 κυκλώσει
941 766 1050 816 σε;
1089 751 1234 804 ’Δντὶ
1279 751 1398 811 τοῦ,
1427 750 1620 822 ᾅσεταί
1673 768 1778 814 σοι,
1809 751 2049 821 ὑμνήσει

466 867 549 912 σε,
595 846 869 918 εὐφημίαν
919 845 1058 897 οίσει
1117 859 1199 896 σοι
1265 843 1487 914 πολλὴν.
1534 842 1752 914 Ἐπειδὴ
1799 841 1910 914 γάρ
1961 842 2049 895 διὰ

466 940 642 1014 χορῶν
692 938 850 991 τοῦτο
895 936 1130 998 ἐποίουν,
1170 935 1357 1006 κύκλῳ
1409 935 1820 1004 περιιστάμενοι
1869 936 1930 988 ἐν
1972 934 2051 1007 τῷ

465 1033 580 1102 ναῷ
617 1031 709 1084 κα³ι
735 1031 792 1082 ἐν
819 1027 899 1100 τῷ
927 1026 1316 1099 θυσιαστηρίῳ,
1359 1026 1454 1079 καὶ
1491 1024 1638 1080 οῦτω
1683 1025 1784 1090 τάς
1829 1027 2050 1098 εὐχαρι-

470 1123 622 1184 στίας
651 1120 930 1191 ἀνέφερον,
959 1117 1068 1170 ἀπὸ
1101 1115 1196 1172 τοῦ
1236 1117 1517 1187 σχήματος
1546 1118 1648 1188 τῆς
1682 1117 1924 1181 στάσεως
1955 1117 2054 1170 αὐ-

468 1213 578 1267 τῶν
625 1211 725 1280 τὴν
775 1210 1051 1282 εὐφημίαν
1099 1209 1340 1280 ᾐνίξατο.
1390 1211 1456 1262 ⁸0
1517 1209 1573 1263 δὲ
1617 1208 1768 1278 λέγει
1815 1209 2054 1265 τοιοῦτόν

469 1310 650 1361 ἐστιν⁹
675 1304 974 1373 Ἐπέξελθε,
992 1303 1278 1373 βοήθησον.
1321 1301 1497 1356 Τοῦτο
1525 1302 1636 1374 γάρ
1671 1318 1729 1356 σε
1773 1303 1864 1356 καὶ
1906 1303 2056 1375 παρὰ

470 1401 582 1460 τοῖς
605 1395 813 1467 ἐχθροῖς
846 1394 1048 1465 ὑψηλὸν
1089 1395 1327 1463 ποιήσει,
1363 1393 1458 1445 καὶ
1485 1392 1636 1464 παρά
1667 1391 1760 1447 τοῦ
1791 1392 1920 1447 λαοῦ
1956 1410 2050 1447 σου

473 1488 670 1551 πολλάς
703 1487 840 1540 οἴσει
863 1497 890 1526 ι
919 1484 1018 1548 τὰς
1049 1482 1341 1553 εὐφημίας.
1372 1483 1512 1552 Ὅρα
1555 1481 1672 1546 πῶς
1707 1483 1766 1536 οὐ
1796 1482 1858 1536 τὸ
1889 1480 2054 1536 αὐτοῦ

473 1581 654 1650 ζητεῖ,
697 1576 832 1631 ἀλλά
867 1575 927 1630 τδ
973 1575 1068 1629 τοῦ
1115 1567 1273 1630 θεοῦ.
1325 1573 1606 1644 Πανταχοῦ
1639 1573 1751 1646 γάρ
1803 1572 2056 1645 βούλεται

473 1673 568 1726 καὶ
599 1670 750 1744 παρά
773 1673 881 1733 τοῖς
911 1666 1146 1741 ἐχθροῖς,
1181 1667 1277 1721 καὶ
1311 1665 1463 1738 παρὰ
1492 1668 1603 1730 τοῖς
1629 1665 1851 1730 οἰκείοις
1892 1665 2057 1720 αὑτὸν

469 1761 802 1830 δοξάζεσθαι.
819 1760 924 1816 Kal
953 1759 1108 1831 ὑπὲρ
1122 1760 1347 1828 ταύτης
1365 1761 1454 1825 είς
1483 1757 1641 1828 ὕψος
1659 1757 2054 1826 ἐπίστρεψον.

480 1855 646 1923 ’Υπὲρ
692 1855 931 1921 ταύτης,
961 1853 1135 1920 τίνος;
1181 1853 1295 1916 Τῆς
1324 1854 1671 1922 συναγωγῆς,
1705 1846 1870 1922 φεηιιί⁹
1902 1867 2061 1903 τουτ-

465 1947 614 2008 έστι,
658 1945 746 1999 διὰ
780 1944 984 2015 ταύτην
1033 1946 1141 2010 Εὶς
1183 1943 1344 2012 ὕψος
1391 1942 1801 2012 ἐπίστρεψον·
1844 1941 2062 2011 ῦψωσον

461 2039 638 2108 ἡμᾶς,
681 2035 927 2104 ἀνάγαγε
979 2034 1166 2104 ἡμᾶς,
1207 2031 1391 2103 ὑψηλά
1445 2031 1672 2103 ποίησον
1722 2031 2060 2103 πράγματα,

463 2127 858 2200 λαμπροτέραν
883 2126 1058 2198 αὐτὴν
1099 2125 1194 2178 καὶ
1227 2126 1503 2196 περιφανῆ
1545 2123 1793 2195 ποίησον,
1837 2123 1930 2177 ἐπὶ
1963 2123 2062 2194 την

467 2220 743 2292 προτέραν
768 2218 939 2290 αὐτὴν
968 2217 1274 2288 εὐπραγίαν
1307 2216 1643 2286 ἐπανάγαγε.
1677 2219 1820 2288 Ὃρα
1845 2216 1902 2271 δέ
1933 2233 2064 2270 παν-

465 2310 634 2380 ταχοῦ
661 2312 780 2374 ταῖς
816 2307 1121 2378 ἱκετηρίαις
1152 2306 1537 2377 ἀναμιγνύντα
1568 2307 1662 2360 καὶ
1689 2305 2059 2360 διδασκαλίαν.

472 2401 584 2454 Καὶ
613 2399 724 2470 γάρ
770 2400 875 2470 πρὸ
919 2399 1112 2452 τούτου
1167 2396 1357 2461 εἰπὼν,
1391 2399 1786 2464 Οίκτείρησόν
1821 2413 1920 2466 με,
1957 2394 2062 2454 καὶ

473 2487 843 2542 εὶσὰκουσόν
875 2503 1017 2556 μου,
1047 2484 1239 2556 τρέπει
1272 2486 1363 2538 τὸν
1406 2484 1567 2550 λόγον
1615 2487 1693 2546 είς
1727 2485 2063 2554 συμϐουλὴν,

476 2579 621 2632 οὕτω
655 2578 830 2643 λέγων
850 2595 864 2608 ⁸
917 2577 1040 2632 Υιοί
1071 2575 1402 2645 ἀνθρώπων
1432 2574 1545 2640 ἕως
1577 2575 1725 2626 πότε
1759 2574 2069 2641 ,Βαρυκάρ-

476 2669 627 2735 διοι;
675 2671 784 2722 Καὶ
827 2665 1064 2722 ἐνταῦθα
1106 2665 1300 2732 εἰπὼν,
1341 2667 1449 2730 Εὶς
1481 2663 1640 2732 ὕψος
1677 2664 2068 2732 ἐπίστρεψον,

474 2763 674 2830 Κύριε,
730 2763 968 2830 ἐπάγει·
1025 2761 1244 2828 Κύριος
1295 2757 1494 2827 κρινεῖ
1523 2757 1732 2822 λαούς.
1767 2757 1962 2819 Ἀλλος
2011 2756 2069 2810 δέ

473 2871 642 2924 φησι,
695 2853 915 2920 Κύριος
967 2851 1220 2905 δικάσει.
1278 2848 1530 2902 Διδάσκει
1582 2849 1709 2910 τούς
1749 2847 2069 2918 νομίζοντας

471 2946 660 3009 ἁπλῶς
697 2945 791 2998 καὶ
821 2944 898 3008 ὡς
925 2942 1114 3016 ἔτυχεν
1141 2942 1356 2996 ἅπαντα
1390 2938 1674 3012 φέρεσθαι,
1723 2938 1805 2991 ὅτι
1840 2939 2068 3008 πρόνοιά

470 3055 554 3101 τις
577 3037 845 3106 ἐφέστηκε
871 3037 981 3098 τοῖς
1014 3033 1358 3105 πράγμασιν,
1384 3029 1692 3085 ἀπαιτοῦσα
1713 3029 1942 3093 εὐθύνας
1956 3028 2065 3084 τῶν

471 3127 790 3198 γινομένων.
823 3125 1018 3196 Κρίσιν
1047 3123 1104 3176 δὲ
1139 3122 1372 3176 ἐνταῦθα
1406 3123 1507 3193 τήν
1537 3137 1600 3174 τε
1635 3120 1936 3192 μέλλουσαν
1977 3119 2064 3172 λέ-

474 3238 581 3289 γει,
615 3221 716 3290 τήν
747 3235 807 3270 τε
853 3214 1154 3286 παροῦσαν.
1191 3215 1350 3266 ’Ἐκεῖ
1399 3215 1494 3285 μὲν
1541 3215 1652 3286 γάρ
1701 3214 1929 3267 καθόλου
1970 3214 2063 3266 καὶ

475 3315 508 3383 ἡ
549 3311 727 3380 σαφὴς
761 3309 943 3379 ἐκείνη
965 3325 980 3338 ο
1018 3309 1081 3360 ἐκ
1115 3307 1316 3378 μέρους
1353 3307 1408 3360 δὲ
1451 3306 1547 3358 καὶ
1583 3305 1816 3359 ἐνταῦθα
1843 3307 2065 3359 ἀπαιτεῖ

473 3401 647 3463 δίκας,
696 3397 822 3462 τούς
878 3412 936 3449 τε
989 3395 1394 3466 ῥᾳθυμοτέρως
1446 3395 1747 3464 διεγείρων,
1796 3395 1889 3446 καὶ
1937 3395 2063 3459 τούς

473 3489 863 3559 ἀπιστοτὲρους
898 3485 1261 3556 ἐφελκόμενος
1296 3487 1376 3549 εἰς
1407 3485 1507 3557 τὴν
1545 3484 1754 3539 ἔννοιαν
1791 3489 1890 3556 τῆς
1932 3485 2064 3556 περὶ

474 3583 569 3636 τοῦ
607 3582 805 3644 παντὸς
839 3577 1117 3650 προνοίας.
1149 3578 1372 3648 Κρῖνόν
1393 3596 1490 3648 με,
1522 3579 1719 3648 Κύριε,
1761 3579 1912 3634 κατὰ
1947 3579 2064 3648 τὴν

472 3677 868 3742 δικαιοσύνην
903 3692 1044 3744 μου.
1083 3672 1306 3737 Ἄλλος,
1343 3673 1505 3726 Κατὰ
1544 3671 1610 3726 τὸ
1657 3671 1896 3726 δικαιόν
1917 3691 2060 3742 μου.

474 3770 584 3824 Kal
625 3769 777 3822 κατὰ
825 3765 942 3834 τὴν
979 3765 1241 3820 ἀκακίαν
1269 3783 1388 3835 μου
1445 3765 1538 3818 ἐπ’
1584 3764 1740 3834 ἐμοί.
1771 3765 2062 3820 Συντελε-

479 3857 682 3927 σθήτω
734 3855 812 3926 δὴ
866 3855 1130 3923 πονηρία
1191 3853 1573 3924 ἁμαρτωλῶν.
1621 3853 1814 3919 ’Λλλος
1871 3856 2060 3927 φησὶν,

489 3947 924 4018 Ἀπαρτισθήτω
972 3945 1238 4011 κάκωσις
1285 3943 1436 3998 κατὰ
1486 3943 1604 3998 τῶν
1655 3943 1910 4000 ἀσεϐῶν.
1949 3946 2062 4000 Kal

477 4038 863 4104 κατευθυνεῒς
913 4037 1173 4093 δίκαιον.
1207 4034 1401 4098 ΙἈλλος
1424 4073 1440 4098 ,
1482 4035 1592 4088 Kal
1643 4035 1917 4104 ἐδρὰσεις
1970 4037 2064 4090 δί-

477 4148 670 4187 καιον.
697 4130 821 4196 Πῶς
837 4131 865 4182 6
889 4129 1065 4198 λέγων
1082 4124 1448 4198 ἀλλαχοῦ,Μὴ
1465 4124 1746 4194 εἰσέλθῃς
1756 4128 1841 4192 εὶς
1859 4127 2066 4194 κρίσιν

471 4225 622 4293 μετὰ
643 4223 750 4278 τοῦ
765 4222 990 4277 δούλου
1007 4236 1146 4284 σου,
1165 4217 1403 4273 ἐνταῦθά
1419 4234 1572 4288 φησι,
1589 4216 1810 4286 Κρῖνόν
1822 4235 1899 4286 με
1912 4218 2067 4278 κατὰ

477 4314 594 4383 τὴν
617 4313 1022 4380 δικαιοσύνην
1049 4327 1206 4380 you;
1235 4310 1359 4363 Ὀτι
1390 4309 1580 4382 ἕτερον
1620 4307 1797 4374 τοῦτο,
1829 4310 1924 4362 καὶ
1956 4307 2069 4364 ἐτε-

481 4421 574 4475 ρον
605 4405 800 4458 ἐκεῖνο.
839 4404 986 4458 Ἐκεῖ
1030 4403 1128 4473 μὲν
1159 4403 1267 4474 γὰρ
1301 4401 1499 4470 λέγων,
1524 4401 1620 4470 Μὴ
1649 4402 1935 4471 εἰσέλθῃς
1975 4404 2066 4470 εις

479 4494 687 4563 κρίσιν
706 4492 857 4562 μετὰ
885 4493 989 4546 τοῦ
1028 4493 1252 4546 δούλου
1295 4508 1434 4556 σου,
1477 4491 1552 4562 μὴ
1595 4491 1792 4563 κριθῇς
1827 4493 1890 4546 σὺ
1925 4492 2064 4566 πρὸς

479 4586 604 4655 ἐμὲ,
645 4585 813 4654 δηλοῖ,
849 4584 984 4655 μηδὲ
1019 4584 1158 4656 πρὸς
1190 4584 1619 4656 ἀντιπαράθεσιν
1639 4585 1667 4626 b
1698 4585 1806 4640 τῶν
1841 4585 2065 4657 εὐεργε-

483 4675 614 4728 σιῶν
641 4673 750 4727 τῶν
783 4673 937 4743 παρὰ
965 4673 1058 4726 σοῦ
1095 4673 1185 4726 τὸν
1217 4674 1350 4744 ἐμὸν
1383 4672 1498 4744 βίον
1533 4674 1818 4748 ἐξετάσῃς.
1846 4676 1938 4730 Διὸ
1966 4677 2063 4736 καὶ

481 4770 780 4838 ἐπήγαγεν,
807 4767 926 4818 Ὅτι
943 4767 1018 4820 οὑ
1039 4765 1496 4836 δικαιωθήσεται
1517 4767 1774 4822 ἐνώπιόν
1797 4783 1916 4824 σου
1943 4767 2063 4834 πᾶς

483 4857 612 4924 ζῶν,
627 4858 894 4920 τουτέστι,
913 4856 1048 4929 πρὸς
1066 4857 1128 4910 σὲ
1142 4858 1479 4929 κρινόμενος.
1505 4858 1622 4932 ιϐἓ]
1647 4860 1910 4916 Ἐνταῦθα
1927 4863 2062 4918 δὲ,οὐ

481 4951 640 5006 τοῦτό
669 4967 835 5020 φησιν
857 4967 869 4980 ·
899 4951 960 5002 οὐ
988 4951 1098 5022 γάρ
1125 4949 1266 5022 πρὸς
1293 4951 1457 5005 αὑτὸν
1487 4953 1770 5024 κρίνεσθαι
1793 4953 2063 5026 βούλεται,

480 5042 618 5096 ἀλλά
657 5041 792 5114 πρὸς
814 5043 1024 5097 ἑαυτόν.
1063 5042 1154 5096 Διὸ
1185 5043 1302 5108 καὶ,
1329 5045 1496 5098 Κατὰ
1529 5045 1646 5112 τὴν
1665 5045 2068 5115 δικαιοσύνην

476 5152 619 5204 μου,
648 5132 788 5204 εἷπε,
810 5137 1076 5205 τουτέστι,
1111 5140 1256 5194 κατά
1273 5139 1374 5211 τὴν
1395 5137 1746 5208 δικαιοσύνην
1771 5138 1874 5210 τὴν
1897 5141 2064 5211 ἐμήν.

483 5226 836 5300 Δικαιοσύνην
871 5227 932 5282 δὲ
974 5229 1208 5284 ἐνταῦθα.
1235 5230 1406 5300 λέγει,
1447 5231 1510 5284 τὸ
1543 5229 1621 5301 μὴ
1659 5229 1823 5302 ἄρξαι
1866 5232 2069 5304 χειρῶν

482 5318 712 5372 άδίκων’
742 5321 880 5390 ὅπερ
920 5319 1102 5388 ἔλεγεν
1143 5323 1422 5395 ἀνωτέρω,
1459 5326 1529 5378 El
1567 5323 1829 5391 ἐποίησα
1865 5324 2067 5390 τοῦτο,

483 5411 577 5464 καὶ
611 5411 682 5464 τὰ
713 5411 863 5480 ἐξῆς.
895 5410 970 5464 Τὸ
1009 5413 1145 5465 αὐτὸ
1177 5414 1233 5467 δὲ
1260 5416 1418 5471 τοῦτο
1449 5415 1600 5488 δηλοῖ
1634 5417 1716 5482 τὸ,
1755 5419 1918 5473 Κατὰ
1958 5417 2072 5486 τὴν

481 5503 740 5558 ἀκακίαν
769 5520 918 5573 μου·
955 5503 1095 5558 κατά
1123 5504 1282 5558 τοῦτο
1313 5508 1575 5580 βούλομαι
1604 5511 1879 5584 κριθῆναι,
1913 5512 2066 5582 φησί.

547 5658 572 5720 f
598 5658 705 5720 puo
725 5671 841 5706 mss.
863 5658 993 5719 παρὰ
1017 5659 1088 5719 τῷ
1117 5660 1220 5720 λαῷ
1241 5673 1328 5708 σου
1352 5663 1530 5720 πολλὰς
1557 5663 1754 5714 ἀνοίσει.

545 5717 572 5758 1³
599 5717 721 5782 Reg.
750 5725 802 5768 el
825 5717 951 5769 alius
976 5717 1092 5786 πρὸς
1122 5717 1405 5778 άνέξέτασιν.

2156 560 2277 614 Ὅτι
2311 562 2554 633 πονηρὰν
2589 561 2740 633 παρὰ
2779 561 2996 625 πολλοῖς
3037 561 3318 630 ἀνοήτοις,
3353 560 3447 630 ἀφ’
3485 552 3562 613 ὧν
3596 560 3731 613 ῐπα-

2155 662 2303 717 σχεν,
2350 648 2546 701 ἐκτᾶτο
2581 647 2760 713 δόξαν.
2808 649 2872 702 Οί
2919 649 3029 720 γὰρ
3079 647 3267 700 πολλοὶ
3309 648 3420 700 τῶν
3466 648 3732 718 ἀνοήτων,

2154 735 2262 787 ἀπὸ
2291 735 2402 789 τῶν
2441 735 2737 807 συμφορῶν
2765 736 2862 790 καὶ
2897 736 2992 789 τὸν
3027 734 3142 806 βίον
3183 733 3492 789 διαϐάλλειν
3534 733 3734 786 εἰώθα-

2157 838 2272 874 σινο
2301 822 2438 893 ὅπερ
2483 824 2578 877 καὶ
2621 825 2715 877 ἐπὶ
2749 822 2844 877 τοῦ
2877 822 2999 877 ’1ὼό
3034 823 3245 893 γέγονε.
3279 821 3372 875 Διδ
3398 822 3492 876 καὶ
3523 820 3733 890 ἔλεγον,

2159 910 2328 981 μηδὲν
2348 911 2498 983 αὐτῷ
2521 911 2820 976 συνειδότες
2840 911 3094 984 πονηρόν·
3107 912 3221 968 Οὐκ
3237 911 3362 978 ἀξια
3383 903 3460 967 ὦν
3474 913 3506 982 ὴ
3517 910 3699 982 μάρτη
3714 937 3734 950 -

2157 1014 2259 1062 κας
2287 998 2728 1070 μεμαστίγωσαι.
2754 1000 2864 1053 Καὶ
2891 999 2983 1053 τὸν
3010 998 3222 1053 Παῦλον
3259 999 3316 1053 δὲ
3354 999 3586 1070 πονηρόν
3612 1015 3737 1052 τινα

2157 1087 2254 1140 καὶ
2303 1084 2612 1158 κακοῦργον
2658 1087 2824 1158 ᾣοντο
2861 1083 3000 1141 εῖναι
3040 1089 3089 1140 οί
3123 1086 3425 1158 βάρϐαροι,
3477 1087 3664 1158 ἐπειδὴ
3697 1087 3734 1157 ἡ

2158 1176 2274 1247 ἔχις
2316 1177 2496 1248 είχετο
2527 1176 2692 1228 αὐτοῦ
2741 1177 2839 1246 τῆς
2879 1173 3084 1246 χειρός.
3119 1174 3210 1226 Διὸ
3250 1175 3345 1227 καὶ
3384 1173 3587 1242 ελεγον,
3620 1177 3737 1227 Σωο

2157 1265 2338 1321 θέντα
2368 1264 2476 1319 τόν
2503 1263 2817 1332 ἄνθρωπον
2846 1262 3062 1316 τοῦτον
3088 1261 3159 1315 ἐκ
3201 1261 3312 1328 τῆς
3351 1261 3669 1327 θαλάσσης
3699 1261 3738 1328 ἠ

2157 1355 2296 1420 δίκη
2334 1351 2443 1426 ζῆν
2483 1354 2594 1409 οὐκ
2633 1351 2823 1406 slave.
2856 1351 2970 1404 Καὶ
3011 1351 3040 1404 6
3082 1350 3277 1420 Σεμεεὶ
3321 1349 3377 1403 δὲ
3421 1348 3742 1421 ἀνδροφόνον

2158 1441 2342 1494 ἐκάλει
2390 1439 2482 1494 τὸν
2535 1437 2728 1503 Δαυῒδ,
2772 1439 2882 1492 ἀπὸ
2921 1437 3019 1508 τῆς
3070 1437 3351 1510 συμφορᾶς
3399 1435 3604 1509 ταύτην
3645 1436 3746 1508 τὴν

2160 1528 2402 1599 πονηρὰν
2434 1528 2561 1598 περὶ
2591 1524 2756 1580 αὑτοῦ
2785 1525 2966 1599 φέρων
2993 1523 3190 1596 ψῆφον.

2229 1623 2280 1689 η’
2333 1614 2430 1669 ’Ίν’
2458 1610 2552 1668 οῦν
2573 1616 2667 1669 καὶ
2704 1615 2861 1685 ὑμεῖς
2897 1612 2975 1685 μὴ
2995 1612 3153 1667 τοῦτο
3183 1611 3394 1683 πάθητε
3423 1621 3468 1678 ε,
3488 1611 3622 1684 φέρε
3651 1628 3747 1681 μι-

2160 1705 2294 1776 κρὸν
2348 1704 2477 1774 περὶ
2519 1703 2724 1756 τούτων
2775 1699 3166 1772 διαλεχθῶμεν.
3217 1699 3329 1756 Καὶ
3377 1699 3486 1771 γάρ
3538 1697 3749 1752 πολλῶν

2159 1795 2346 1850 ἀκούω
2383 1792 2674 1861 λεγόντων·
2693 1788 2760 1844 Ei
2785 1791 2962 1860 ἐφίλει
2986 1792 3015 1844 6
3044 1789 3176 1854 Θεὸς
3201 1791 3328 1855 τούς
3356 1789 3619 1860 πένητας,
3647 1787 3750 1842 οὐκ

2163 1882 2230 1936 ἂν
2267 1881 2451 1936 εἴασεν
2481 1874 2617 1934 εἶναι
2650 1879 2887 1949 πένητας
2907 1894 2922 1908 ’
2953 1877 3157 1948 ἐτέρων
3205 1877 3388 1944 πάλιν,
3428 1877 3559 1930 ὅταν
3597 1872 3750 1929 ἴδωσί

2161 1988 2288 2025 τινα
2331 1968 2616 2042 ἀρρωστίᾳ
2655 1966 2749 2020 καὶ
2780 1966 2922 2036 νόσῳ
2955 1965 3144 2037 μακρᾷ
3184 1965 3510 2019 παλαίοντα·
3539 1962 3648 2016 Ποῦ
3689 1963 3750 2016 αι

2162 2055 2532 2129 ἐλεημοσύναι
2569 2053 2666 2107 τοῦ
2709 2053 2915 2119 δεῖνος;
2946 2053 3052 2107 ποῦ
3082 2052 3142 2106 δέ
3183 2053 3242 2108 αί
3280 2051 3618 2123 εὐπραγίαις
3651 2049 3750 2104 'Iv‘

2165 2141 2260 2200 οὖν
2290 2145 2366 2216 μὴ
2394 2141 2619 2196 τοιαῦτα
2647 2140 3023 2213 ἀμαρτάνητε,
3051 2140 3142 2194 τὸν
3167 2141 3300 2212 περὶ
3331 2139 3539 2194 τούτων
3563 2138 3593 2179 ἀ
3617 2139 3753 2192 διευ-

2163 2235 2514 2307 κρινήσωμεν
2542 2230 2719 2300 λόγον.
2750 2230 2817 2286 Et
2847 2229 2956 2300 γάρ
2978 2228 3268 2301 ἄνθρωπος
3288 2227 3415 2284 νοῦν
3431 2228 3601 2299 ⁴ἔχων,
3624 2226 3752 2282 οὕτε

2168 2323 2489 2396 μισάγαθος,
2517 2319 2641 2374 οὔτε
2669 2318 3032 2391 φιλοπόνηρος
3057 2317 3252 2388 γένοιτ’
3271 2317 3360 2382 ἀν,
3394 2317 3510 2382 πῶς
3540 2318 3606 2371 σύ
3631 2315 3754 2370 τολ-

2170 2413 2277 2482 μᾷς
2305 2409 2532 2465 τοιαῦτα
2561 2408 2745 2477 λέγειν
2771 2407 2906 2479 περὶ
2945 2406 3178 2478 Κυρίου,
3205 2407 3287 2460 δτι
3319 2407 3451 2469 τούς
3478 2406 3538 2458 ἐν
3566 2404 3752 2477 πενίᾳ,

2167 2498 2272 2550 κᾶν
2310 2498 2367 2549 ἐν
2400 2498 2569 2566 ἀρετῇ
2603 2490 2726 2561 ὦσι,
2759 2498 2909 2565 μισεῖ
2931 2497 2960 2548 6
2989 2494 3145 2560 θεὸς,
3173 2496 3304 2558 τούς
3334 2495 3391 2548 δὲ
3413 2497 3478 2549 ἐν
3514 2494 3750 2565 πλούτῳ,

2171 2582 2274 2636 κᾶν
2303 2584 2360 2635 ἐν
2388 2581 2577 2652 κακία,
2605 2581 2770 2650 φιλεῖ,
2806 2581 3124 2652 βλάσφημον
3159 2583 3335 2654 στόμα
3359 2582 3634 2652 amng
3658 2581 3756 2636 καὶ

2171 2672 2272 2725 οὐκ
2312 2667 2506 2722 ἐννοῶν
2536 2669 2637 2739 τῆς
2663 2669 2981 2732 ἀτοπίας·τὸ
3015 2670 3276 2739 μέγεθος;

2247 2772 2342 2826 Ἷν’
2369 2765 2462 2825 οὖν
2497 2770 2572 2840 μὴ
2619 2769 2843 2822 τοιαῦτα
2886 2769 3232 2844 ἀμαρτάνῃς,
3262 2771 3402 2841 μάθε
3445 2772 3498 2825 τί
3543 2773 3690 2841 φιλεῖ
3727 2777 3759 2828 6

2169 2860 2304 2923 Θεὸς
2341 2859 2435 2913 καὶ
2478 2860 2644 2928 μισεῖ.
2679 2855 2815 2909 Τίνα
2841 2851 3022 2908 τοίνυν
3058 2856 3235 2924 φιλεῖς
3276 2856 3380 2912 Τὸν
3408 2859 3509 2922 τὰς
3540 2859 3759 2925 ἐντολάς

2171 2946 2336 3002 αὑτοῦ
2387 2945 2680 3017 τηροῦντα.
2718 2942 2944 2998 Τοῦτον
2973 2941 3083 3015 γάρ
3114 2942 3431 3013 ἀγαπήσω,
3460 2946 3615 3016 φησὶ,
3658 2947 3760 3001 καὶ

2166 3037 2493 3104 ἐλεύσομαι
2546 3033 2698 3103 πρὸς
2753 3032 2976 3088 αὐτόν’
3016 3033 3076 3086 οὐ
3137 3033 3231 3088 τὸν
3285 3034 3650 3098 πλουτοῦντα,
3694 3036 3758 3090 οὐ

2165 3125 2258 3178 τὸν
2308 3122 2620 3191 ὑγιαίνοντα
2639 3162 2654 3187 ,
2711 3119 2851 3174 ἀλλά
2911 3119 3004 3174 τὸν
3058 3120 3405 3178 ὑπακούοντα
3453 3127 3567 3188 τοῖς
3605 3125 3759 3193 ἐμοῖς

2166 3213 2571 3285 προστάγμασι.
2640 3210 2776 3264 Τίνα
2837 3210 2896 3263 δὲ
2949 3213 3102 3280 μισεῖ
3154 3213 3246 3266 καὶ
3311 3213 3755 3284 ἀποστρέφεταις

2166 3302 2271 3354 Τὸν
2329 3300 2405 3371 μὴ
2460 3297 2718 3352 ποιοῦντα
2762 3297 2862 3360 τὰς
2918 3298 3140 3363 ἐντολάς
3199 3299 3387 3355 αὐτοῦ.
3427 3301 3597 3355 Ὅταν
3645 3301 3756 3356 τοί-

2166 3405 2260 3443 νυν
2321 3388 2435 3460 ίδῃς
2496 3384 2622 3440 τινά
2678 3385 2779 3449 τὰς
2825 3385 3048 3450 ἐντολάς
3101 3386 3267 3440 αὑτοῦ
3336 3389 3412 3458 μὴ
3473 3390 3754 3456 ποιοῦντα,

2166 3478 2268 3532 κᾶν
2331 3475 2586 3549 ὑγιαίνῃ,
2647 3475 2752 3529 κᾶν
2810 3474 3026 3545 πλούτῳ
3080 3476 3474 3549 περιρρέηται,
3531 3480 3590 3533 tv
3642 3484 3756 3544 τοῖς

2169 3566 2518 3638 μισου-μένοις
2563 3563 2726 3618 αὐτὸν
2759 3563 2937 3618 τίθειο
2975 3564 3072 3620 τὸν
3111 3563 3168 3617 δέ
3199 3565 3480 3634 ἐνάρετον,
3513 3568 3622 3621 κᾶν
3665 3585 3756 3622 v0-

2169 3656 2362 3710 σοῦντα
2390 3656 2525 3726 ἴδῃς,
2558 3652 2660 3708 κᾶν
2693 3654 3012 3726 πενόμενον,
3037 3657 3099 3708 tv
3126 3659 3239 3719 τοῖς
3261 3656 3605 3727 φιλουμένοις
3635 3657 3757 3730 ἀρί-

2165 3745 2313 3816 θμει.
2348 3745 2426 3798 Οὐ
2458 3744 2569 3814 γὰρ
2598 3744 2657 3796 tv
2685 3743 2895 3807 τούτοις
2924 3743 2992 3796 τά
3021 3743 3122 3815 τῆς
3153 3742 3357 3814 φιλίας,
3383 3743 3498 3798 ἀλλ’
3523 3746 3580 3798 tv
3611 3745 3757 3798 ἐκεί-

2163 3853 2296 3898 νοις.
2337 3835 2408 3886 Ἢ
2434 3834 2534 3902 οὐχ
2563 3834 2695 3904 ὁρᾷς
2730 3834 2826 3886 καὶ
2860 3834 2953 3885 ἐπὶ
2995 3833 3104 3886 τῶν
3137 3833 3425 3903 βιωτικῶν,
3473 3835 3600 3900 τούς
3648 3836 3760 3889 τῶν

2167 3920 2432 3992 βασιλέων
2463 3920 2673 3989 φίλους,
2715 3919 2951 3988 μάλιστα
2974 3920 3197 3984 τούτους
3237 3923 3758 3994 προκινδυνεύοντας

2168 4017 2227 4067 tv
2262 4011 2546 4080 πολέμοις,
2588 4010 2681 4060 καὶ
2709 4009 3003 4078 τραύματα
3033 4010 3274 4080 ἔχοντας,
3317 4015 3411 4068 καλ
3447 4015 3758 4086 ἀποδημίαν

2169 4097 2591 4167 στελλομένους;
2616 4094 2729 4146 Οὐκ
2748 4093 3009 4164 ἧκουσας,
3041 4095 3120 4149 δτι
3160 4101 3269 4150 “Or
3292 4099 3495 4168 ἀγαπᾷ
3518 4104 3756 4170 Κύριος,

2166 4186 2456 4242 παιδεύει·
2478 4182 2766 4254 μαστιγοῖ
2809 4181 2877 4236 δὲ
2904 4181 3102 4238 πάντα
3148 4184 3302 4250 υἱὸν,
3335 4187 3409 4240 ὃν
3435 4189 3761 4260 παραδέχε-

2167 4292 2294 4350 ται;
2325 4274 2483 4328 Ἀλλά
2514 4273 2698 4327 πολλοὶ
2729 4270 3198 4337 σκανδαλίζονται,
3221 4274 3376 4346 φησὶ,
3395 4274 3570 4329 ταῦτα
3589 4277 3759 4348 όρῶν-

2167 4381 2276 4428 τες.
2320 4363 2393 4417 Οὐ
2425 4362 2493 4415 δι’
2532 4361 2748 4428 αὐτοὺς,
2787 4359 2923 4414 ἀλλά
2957 4359 3043 4414 διὰ
3076 4360 3175 4433 τὴν
3203 4363 3410 4418 οίκείαν
3439 4364 3647 4420 άνοιαν.
3682 4366 3759 4420 Οὐ

2168 4453 2274 4523 γὰρ
2299 4451 2533 4506 ἐνταῦθα
2563 4453 2596 4522 η
2622 4451 2889 4515 ἀντίδοσις
2911 4452 3042 4522 ἡμῖν
3067 4449 3176 4504 τῶν
3193 4452 3393 4507 πόνωνο
3418 4452 3556 4508 ἀλλά
3573 4453 3641 4509 τά
3660 4456 3760 4527 μὲν

2164 4539 2396 4596 ἐνταῦθα
2449 4540 2769 4610 σκάμματα’
2827 4536 2896 4592 τὰ
2949 4538 3006 4592 δὲ
3043 4540 3182 4610 μετὰ
3219 4539 3394 4596 ταῦτα
3424 4541 3630 4597 ἔπαθλα
3663 4545 3761 4600 καὶ

2166 4628 2441 4697 στέφανοι.
2475 4627 2567 4698 Μὴ
2598 4627 2750 4698 ζήτει
2781 4627 2961 4681 τοίνυν
2987 4629 3046 4680 tv
3080 4628 3259 4702 καιρῷ
3300 4629 3412 4684 τῶν
3441 4631 3758 4705 παλαισμά-

2162 4735 2271 4772 των
2293 4715 2406 4791 [65]
2435 4717 2530 4770 καὶ
2551 4719 2608 4770 ἐν
2634 4716 2818 4788 ἡμέρᾳ
2847 4717 3191 4788 παγκρατίου
3216 4717 3312 4790 τὴν
3334 4718 3514 4775 ἄνεσιν
3537 4724 3631 4776 καὶ
3655 4722 3759 4796 τὴν

2164 4807 2369 4860 ἄδειανο
2415 4804 2552 4876 μηδὲ
2585 4803 2784 4874 σύγχεε
2813 4805 2943 4868 τοὺς
2975 4807 3220 4879 καιρούς.
3271 4808 3410 4863 Ἀλλ’
3431 4810 3754 4866 ἀσθενέστε-

2167 4911 2251 4966 ροι
2279 4893 2483 4957 πολλοὶ,
2509 4892 2695 4963 φησὶν,
2737 4893 2896 4946 είσίν.
2940 4893 3101 4948 Ἀλλά
3129 4897 3222 4949 καὶ
3249 4897 3458 4951 τούτων
3495 4899 3760 4971 προενόη-

2168 4999 2260 5034 σεν
2283 4982 2311 5034 6
2348 4980 2502 5044 Θεός·
2559 4979 2656 5034 καὶ
2686 4981 2838 5034 είασε
2865 4981 3095 5048 πολλοὺς
3147 4985 3380 5038 καὶτῶν
3422 4986 3645 5040 δικαίων
3697 4989 3762 5041 ἐν

2167 5068 2444 5140 εὐπραγία
2465 5068 2560 5122 καὶ
2581 5067 2834 5133 ἐνταῦθα,
2869 5069 2931 5123 οὐ
2964 5070 3032 5124 δι’
3065 5072 3330 5136 ἐκείνους,
3360 5071 3496 5124 ἀλλὰ
3516 5072 3603 5126 διά
3631 5076 3758 5140 τούς

2169 5155 2611 5226 ἀσθενεστέρους.
2643 5157 2806 5210 Ὥστε
2842 5160 2892 5211 εί
2935 5159 3030 5211 καὶ
3065 5157 3478 5222 σκανδαλίξουσί
3506 5175 3564 5211 σε
3613 5161 3665 5212 οί
3697 5162 3760 5214 ἐν

2171 5244 2370 5314 θλίψει,
2407 5245 2856 5318 οίκοδομείτωσάν
2886 5262 2946 5298 σε
2988 5246 3038 5298 oi
3063 5246 3122 5298 tv
3150 5244 3356 5298 ἀνέσειο
3389 5245 3484 5301 καὶ
3517 5249 3566 5302 εί
3623 5251 3756 5305 ὑπο-

2173 5332 2476 5399 σκελίζουσί
2512 5351 2572 5386 σε
2599 5335 2648 5387 οι
2679 5335 2737 5386 tv
2751 5331 3032 5403 εὐπραγίᾳ
3051 5331 3162 5386 τῶν
3185 5333 3460 5405 πονηρῶν,
3497 5337 3759 5412 ἀνορθού-

2238 5549 2263 5621 (Ξ
2283 5545 2419 5621 ροιιῇ
2443 5547 2502 5621 tv:
2531 5547 2612 5621 οὑν
2636 5549 2715 5621 καὶ
2738 5547 2873 5621 ᾖμεῖς
2893 5548 2956 5621 μῄ
2984 5548 3129 5602 τοῦτο
3159 5555 3396 5621 πάθωμεν.

2238 5607 2264 5648 ὁ
2289 5608 2438 5683 δαν-ξι.
2485 5607 3112 5683 επηιςβῑιιδιερευνὴσομεν,
3155 5619 3219 5683 inA
3240 5607 3393 5682 mSi-g.
3427 5623 3550 5683 conj.
3577 5620 3762 5680 διακρί-

2175 5670 2513 5744 νωιιενηΒεε-Ἇ,
2534 5670 2667 5744 0011ὶέ
2687 5679 2744 5744 οι
2791 5670 2964 5744 ῌοκιι.
2983 5670 3407 5744 ,δἰευκερινῆσωμῖν.
3433 5670 3541 5734 βοὶ
3579 5670 3764 5740 Sull,

2179 5734 2286 5798 Reg
2327 5740 2378 5784 ει
2403 5733 2535 5787 Colb.
2561 5736 2664 5800 περὶ
2697 5738 2874 5802 Κυρίου
2895 5733 3129 5790 omittunt
