4086 6214
433 318 504 375 93
1185 325 1243 382 S.
1284 324 1571 384 JOANNIS
1607 323 2101 382 CIIRYSOSTOMI
2138 327 2462 392 ARCIIIEP.
2504 337 3054 400 CONSTANTINOP.
3624 342 3695 399 Μ

431 434 613 491 τωσάν
646 451 704 487 σε
758 432 808 487 σί
839 435 896 488 ἐν
923 434 1139 490 κολάσει
1183 439 1276 490 1:61
1310 437 1569 510 τιμωρία.
1619 437 1733 489 Οὐκ
1773 437 2011 507 ἤκουσας

431 518 526 572 τοῦ
552 517 788 587 Χριστοῦ
817 517 1085 587 λέγοντος,
1121 520 1224 574 Ἐν
1245 521 1324 586 τῷ
1345 523 1551 590 κόσμῳ
1581 521 1792 588 θλίψιν
1814 519 2017 584 ἕξετε;

435 603 477 654 Τ
482 601 499 654 ί
533 601 708 656 τοίνυν
733 601 914 673 ζητεῖς
942 603 1144 668 ἄνεσιν,
1168 603 1376 658 ἐκείνου
1406 605 1573 657 ταῦτα
1593 603 1871 666 εἰπόντος;
1903 602 2018 654 Οὐκ

434 689 670 756 ἤκουσας
726 688 890 742 αὐτοῦ
931 689 1200 758 λέγοντος,
1269 689 1332 742 'O
1379 689 1608 756 κόσμος
1664 687 2012 754 χαρήσεται,

431 771 603 838 ὑμεῖς
634 773 725 827 ἀεὶ
770 775 1238 842 λυπηθήσεσθε;
1265 775 1428 826 Ὥστε
1464 772 1608 833 εἰκὸς
1635 765 1702 840 ἧν
1730 766 2014 822 σκανδαλίσ-

435 852 624 918 ζεσθαι
663 859 790 920 :06;
829 858 1234 928 ἀνοητοτέρους,
1265 855 1402 909 εἶτα
1429 854 1643 908 ἐναντία
1688 853 1904 922 ἐγένετο
1941 845 2016 904 ὧν

435 934 605 992 εἶπεν·
643 942 692 993 εί
719 941 775 994 δὲ
807 941 947 995 κατά
986 940 1306 994 ἀκολουθίαν
1343 939 1518 992 πάντα
1541 936 1844 1008 προϐαίνει,
1871 935 2017 996 τίνος

434 1021 620 1076 ἕνεκεν
655 1024 1020 1096 σκανδαλίζῃ-ις
1057 1025 1165 1078 K61
1192 1025 1338 1086 τίνος
1389 1023 1592 1086 ἕνεκεν,
1647 1021 1832 1091 φησὶν,
1874 1018 2018 1072 οὕτω

431 1106 807 1161 διετύπωσενδ
831 1109 959 1171 Θεός
982 1126 995 1174 ;
1017 1109 1106 1178 Μὴ
1129 1107 1366 1172 ἐξέταζε,
1390 1105 1522 1176 μηδὲ
1547 1103 2011 1174 πολυπραγμόνει.

438 1188 593 1242 Οὐδὲ
648 1189 756 1258 γὰρ
786 1190 907 1257 ἐρεῖ
961 1189 1027 1245 τὸ
1078 1189 1330 1259 πλάσμα
1361 1186 1442 1253 τῷ
1467 1186 1791 1241 πλάσαντι·
1847 1186 1908 1240 Τί
1938 1203 2016 1256 με

431 1273 725 1337 ἐποίησας
750 1273 938 1337 οὕτω;
964 1271 1063 1326 Διά
1085 1273 1242 1327 τοῦτο
1278 1272 1370 1327 1:61
1403 1275 1431 1326 6
1461 1274 1746 1343 προφήτης
1779 1272 2014 1342 ἐπετίμα

415 1356 543 1424 ,τοῖς
588 1355 978 1419 Ἰουδαίοις,ὅτι
1011 1358 1218 1426 μυρίων
1247 1356 1507 1426 γέμοντες
1537 1353 1856 1420 κακῶν,τοῦ
1875 1354 2010 1408 Θεοῦ

431 1436 527 1498 τὰς
560 1437 712 1502 ὁδοὺς
752 1441 1195 1510 περιεργάζοντο,
1219 1439 1411 1508 λέγων’
1440 1437 1676 1494 Γνὼναι
1695 1439 1801 1504 τὰς
1835 1438 2013 1506 ὁδούς

430 1539 548 1589 μου
580 1523 996 1592 ἐπιθυμοῦσιν,
1026 1524 1106 1590 ὡς
1158 1523 1307 1590 ,1αός
1338 1523 1730 1591 δικαιοσύνην
1769 1537 2014 1590 πεποιη-

432 1604 572 1671 κὼς.
618 1607 718 1659 καὶ
754 1608 954 1675 κρίσιν
989 1607 1134 1662 Θεοῦ
1155 1609 1340 1662 αὑτοῦ
1359 1607 1445 1677 μὴ
1479 1607 2012 1676 ἐγκαταλε.ιοιπώς⁰

431 1687 615 1757 ὅμοιον
649 1690 946 1755 ποιοῦντες,
1001 1692 1192 1759 ὥσπερ
1237 1693 1303 1746 ἂν
1331 1693 1385 1745 εῐ
1407 1709 1491 1756 τις
1532 1691 1748 1761 οἰκέτης
1779 1709 2014 1764 προσκε-

433 1773 698 1842 κρουκὼς,
741 1775 835 1827 1:61
887 1776 1094 1846 μυρίων
1153 1775 1454 1837 ὑπεύθυνος
1498 1773 1574 1827 ὢν
1616 1773 2012 1846 ἐγκλημάτων,

434 1855 626 1925 παρεὶς
687 1856 747 1908 :6
797 1857 952 1911 λῦσαι
985 1859 1084 1928 τὴν
1137 1859 1306 1930 ὀργὴν
1333 1858 1426 1910 τοῦ
1465 1858 1748 1920 δεσπότου,
1783 1858 2014 1923 εὐθύνας

431 1937 593 1990 αὑτὸν
636 1940 916 2012 άπαιτοίη.
953 1942 1247 2011 τίηδήποτε
1299 1941 1458 1995 τοῦτο
1498 1941 1783 2012 πεποίηκε.
1820 1942 1912 2014 Μὴ
1947 1942 2010 2013 δὴ

429 2017 604 2074 ταῦτα
634 2020 803 2092 ζήτει,
855 2025 1012 2092 ἀφεὶς
1062 2025 1117 2078 :6
1147 2025 1354 2078 κλαίειν
1381 2023 1476 2077 καὶ
1521 2022 1758 2094 θρηνεῖν,
1791 2025 1888 2077 καὶ
1939 2023 2012 2077 τά

413 2103 602 2160 ,οἰκεῖα
628 2105 1021 2162 ἀπονίπτεσθαι
1051 2111 1216 2163 κακά.
1246 2109 1430 2165 Ταῦτα
1463 2111 1625 2180 λέγω,
1653 2109 1753 2179 οὐχ
1783 2108 1859 2172 ὡς
1876 2109 2011 2162 ἀπο’

432 2186 542 2256 ρῶν
565 2187 654 2240 :611
693 2191 850 2257 167011
906 2193 1100 2257 εἰπεῖν,
1135 2193 1274 2247 ἀλλὰ
1316 2194 1636 2265 βουλόμενός
1678 2209 1736 2246 σε
1779 2191 1887 2246 ἀπὸ
1912 2193 2011 2264 τῆς

431 2270 965 2346 πολυπραγμοσύνης
997 2276 1202 2347 ταύτης
1228 2278 1306 2340 είς
1329 2278 1429 2348 τὴν
1460 2277 1589 2348 περὶ
1609 2275 1815 2337 οἰκείας
1838 2292 2012 2346 σωτη-

431 2353 556 2423 ρίας
609 2357 877 2427 μέριμναν
931 2359 1209 2428 ἐμϐαλεῖν.
1271 2361 1429 2426 Τίνος
1463 2357 1558 2414 οὖν
1610 2360 1796 2413 ἕνεκεν
1838 2359 2012 2423 οὕτως

389 2495 392 2498 ,
427 2435 691 2503 ἐπέταξες
717 2437 823 2492 Τοῦ
869 2439 1056 2509 γένους
1089 2441 1398 2512 φειδόμενος
1429 2441 1525 2496 τοῦ
1552 2441 1664 2494 τῶν
1689 2441 2008 2512 ἀνθρώπων.

335 2545 342 2550 -
429 2519 533 2571 Τὸν
553 2521 776 2593 μὲνγὰρ
813 2521 975 2577 πόνον
1007 2524 1238 2578 ἐνταῦθα
1259 2525 1691 2596 συνεκλήρωσεν,
1716 2524 1843 2576 ἔνθα
1873 2524 2009 2595 βρα-

429 2603 529 2672 χὺς
554 2605 582 2657 ὁ
610 2604 746 2674 βίοςο
780 2609 906 2672 τοὺς
924 2607 981 2660 δὲ
1011 2609 1305 2677 στεφάνους
1336 2611 1415 2673 είς
1441 2609 1502 2662 :6
1533 2607 1724 2679 μέλλον
1754 2607 2010 2678 ἐταμιεύ-

433 2701 594 2750 σατο,
621 2686 749 2740 ἔνθα
794 2690 1016 2762 ἀγήρως
1067 2691 1161 2744 1:61
1207 2691 1560 2763 ἀτελεύτητος
1588 2693 1616 2744 6
1654 2690 1806 2746 αἰών.
1840 2691 1950 2744 K61
1981 2693 2010 2744 6

433 2768 532 2835 μὲν
565 2769 722 2833 πόνος
752 2767 906 2835 οὗτος
932 2773 1142 2844 ταχέως
1172 2772 1509 2844 παραλύεται
1535 2773 1631 2826 1:61
1652 2772 2007 2846 παρατρέχει⁶

429 2851 610 2902 ἐκεῖνα
638 2852 694 2904 δὲ
750 2853 990 2908 ἀθάνατα
1047 2856 1219 2926 μένει,
1270 2856 1525 2910 οὐδέποτε
1582 2857 1754 2927 πέρας
1798 2857 2006 2927 ἔχοντα.

431 2932 642 2996 Ἀλλως
668 2933 724 2988 δὲ
754 2937 846 2989 1:61
877 2938 1258 3008 γυμνάζειτάς
1283 2939 1461 3010 ψυχὰς
1483 2940 1560 3002 είς
1583 2939 1645 2992 :6
1676 2940 1775 3008 τῆς
1807 2938 2011 3008 ἀρετῆς

426 3016 666 3087 φίλτρον.
702 3017 870 3073 Ὅταν
903 3021 1000 3090 μὲν
1026 3020 1134 3092 769
1163 3022 1256 3074 1:61
1287 3023 1426 3092 μετὰ
1455 3022 1632 3074 πόνων
1658 3022 1826 3092 αὐτὴν
1849 3023 2009 3094 αἱρῆ-

425 3115 536 3163 ται,
567 3101 835 3170 μηδέποτε
887 3104 1118 3157 ἔπαθλον
1156 3105 1528 3174 λαμϐάνουσα,
1588 3104 1786 3176 μελετᾷ
1811 3106 2010 3160 διακεῖ-

428 3181 552 3237 σθαι
584 3184 719 3254 πρὸς
739 3185 906 3256 αὐτὴν
942 3187 1079 3256 μετά
1113 3187 1312 3258 πολλῆς
1339 3188 1438 3257 τῆς
1460 3187 1769 3258 ἀκριϐείας’
1801 3189 1926 3242 ὅταν
1950 3189 2008 3242 δὲ

426 3265 523 3317 καὶ
553 3267 674 3336 μεθ’
708 3268 903 3338 ήδονῆς
935 3270 1035 3338 τὴν
1065 3270 1262 3322 κακίαν
1305 3270 1500 3341 φεύγῃ,
1543 3270 1810 3340 μηδέποτε
1845 3271 2006 3325 κόλα-

429 3364 513 3399 σιν
547 3350 909 3419 ὑπομένουσα,
938 3354 1274 3421 γυμνάζεται
1310 3357 1488 3424 μισεῖν
1537 3354 1706 3423 αὐτὴν
1749 3355 1840 3407 1:61
1875 3357 2010 3408 61:0-

429 3433 777 3508 στρέφεσθαι.
829 3435 992 3488 Ὥστε
1021 3437 1130 3489 61:6
1149 3436 1340 3490 τούτου
1381 3436 1474 3490 1:61
1509 3437 1622 3504 ἕξιν
1652 3437 1880 3508 λήψεται
1909 3440 2008 3510 τῆς

427 3516 722 3584 ἀπεχθείας
754 3517 854 3588 τῆς
885 3519 1022 3590 πρὸς
1065 3519 1164 3591 τήν
1207 3521 1494 3592 πονηρίαν,
1536 3522 1630 3576 καὶ
1657 3521 1754 3591 τῆς
1787 3520 2008 3592 ἀγάπης

427 3598 526 3667 τῆς
562 3599 696 3670 πρὸς
718 3601 815 3671 τὴν
848 3602 1070 3674 ἀρετήν.
1109 3605 1266 3657 Ἔστι
1298 3605 1396 3658 1:61
1434 3605 1620 3674 ἕτερος
1648 3604 1824 3674 λόγος.
1850 3605 2007 3668 Ποῖος

428 3680 487 3734 δὲ
532 3675 722 3750 οῦτοςς
769 3684 892 3737 Ὂτι
937 3685 1171 3756 μάλιστα
1215 3687 1349 3759 πρὸς
1395 3686 1710 3758 φιλοσοφίαν
1748 3690 1781 3760 ή
1831 3687 2006 3758 θλίψις

427 3764 658 3834 ἀλείφει,
712 3767 805 3820 καὶ
856 3769 1239 3840 ἰσχυροτέρους
1279 3773 1442 3824 ποιεῖ.
1478 3773 1588 3825 K61
1639 3772 1776 3841 μετά
1815 3772 2004 3826 τούτου

431 3849 591 3902 πάλιν
621 3850 798 3915 ἀλλος.
821 3855 980 3918 Ποῖος
1005 3854 1060 3908 δὲ
1092 3849 1278 3921 οῦτος;
1309 3855 1564 3910 Βούλεται
1595 3855 2006 3911 παιδεῦσαιτῶν

431 3933 713 4005 παρόντων
745 3937 1037 4010 ὐπερορᾷν,
1067 3940 1161 3994 καὶ
1189 3939 1263 4011 μὴ
1292 3939 1695 4012 προσηλῶσθαι,
1720 3939 1853 4011 μηδὲ
1884 3957 2007 3993 συν-

427 4014 672 4071 δεδέσθαι
705 4019 906 4085 αὐτοῖς.
931 4021 1029 4074 Διά
1047 4021 1110 4093 δὴ
1129 4022 1286 4076 τοῦτο
1303 4023 1396 4077 1:61
1413 4022 1591 4094 θλίψιν
1624 4023 1852 4094 συνεκλή
1863 4040 2003 4094 ρωσε

429 4101 524 4152 καὶ
557 4101 734 4167 πόνον,
763 4105 856 4158 καὶ
889 4105 958 4159 τά
985 4106 1196 4178 χρηστά
1226 4107 1364 4160 αὐτὰ
1411 4107 1504 4161 1:61
1537 4107 1738 4179 φαιδρὰ
1769 4107 2003 4162 εὐκατά-

427 4184 562 4239 λυτα
612 4188 900 4259 πεποίηκε.
951 4191 1414 4259 Συντελεσθήτω
1466 4191 1543 4259 δὴ
1577 4192 1835 4258 πονηριά
1889 4190 2003 4262 [64]

426 4270 810 4340 ἁμαρτωλῶν,
863 4273 962 4328 καὶ
1019 4274 1405 4340 κατευθυνεῖς
1449 4273 1701 4328 δίκαιον.
1741 4274 1806 4326 Τί
1864 4275 2002 4338 ἐστι,

429 4357 928 4424 Συντελεσθήτω;
986 4359 1286 4426 Ἐπάγαγε,
1350 4358 1504 4426 φησὶ,
1563 4357 1853 4429 τιμωρίαν,
1910 4357 2004 4410 καὶ

430 4440 649 4509 στήσεις
696 4441 894 4504 αὐτοὺς
924 4440 1024 4510 τῆς
1061 4440 1278 4502 κακίας.
1311 4439 1579 4509 Καθάπερ
1614 4442 1722 4510 γάρ
1749 4443 1803 4494 αἱ
1834 4457 2003 4510 σηπε-

425 4521 577 4583 δόνες
623 4526 839 4593 πικροῖς
872 4521 1084 4575 εῐκυυσι
1112 4521 1446 4592 φαρμάκοις,
1493 4523 1588 4576 1:61
1631 4522 1858 4575 καύσεσι
1909 4523 2004 4577 1:61

426 4605 639 4674 τομαῖς·
672 4604 815 4658 οὔτω
843 4604 937 4656 1:61
964 4604 997 4674 ή
1031 4605 1264 4674 πονηρία
1293 4604 1398 4657 61:6
1426 4605 1694 4676 τιμωρίας
1716 4605 2001 4662 κωλύεται.

497 4739 564 4794 θ’.
593 4739 757 4794 Ταῦτ’
780 4736 874 4795 οῦν
898 4741 1125 4807 εἰδότας,
1148 4741 1210 4796 οὐ
1237 4742 1362 4807 τοὺς
1389 4741 1851 4813 τιμωρουμένους,
1882 4741 2004 4795 οὐδὲ

425 4829 552 4892 τοὺς
584 4828 977 4900 κολαζομένους
1004 4830 1258 4903 δακρύειν
1285 4831 1414 4904 χρὴ,
1448 4830 1584 4885 6116
1606 4831 1731 4895 :06;
1756 4829 2005 4902 ἁμαρτά-

427 4933 614 4982 νοντας
645 4918 972 4989 άτιμωρητί.
999 4919 1224 4992 Πρῶτον
1255 4919 1354 4990 μὲν
1373 4918 1482 4990 γάρ
1503 4919 1693 4983 κακὸν,
1731 4918 1794 4972 :6
1825 4919 2006 4990 ἀμαρ-

425 5007 623 5062 τάνεινο
649 5005 898 5077 δεύτερον
934 5006 1012 5070 δὲ,
1054 5007 1115 5060 :6
1143 5007 1555 5080 ἁμαρτάνοντας
1585 5007 1854 5079 μηδεμιᾶς
1875 5023 2006 5075 τυγ-

425 5094 608 5166 χάνειν
635 5094 954 5168 θεραπείας.
980 5095 1196 5150 Μᾶλλον
1219 5095 1278 5149 δὲ
1307 5096 1401 5150 1:61
1432 5095 1589 5149 τοῦτο
1613 5094 1830 5165 πρῶτον
1861 5093 2006 5148 εῖποι

423 5198 508 5246 τις
543 5183 609 5237 ἂν
635 5182 877 5248 δικαίως,
905 5184 996 5238 καὶ
1017 5182 1195 5256 πολλῴ
1223 5181 1618 5256 χαλεπώτατον.
1649 5185 1860 5255 ’Ὥσπερ
1896 5183 2005 5254 γὰρ

423 5272 486 5325 οὐ
501 5273 563 5326 :6
585 5277 763 5330 νοσεῖν
789 5274 1044 5345 χαλεπὸν,
1062 5275 1198 5330 ἀλλά
1218 5276 1308 5328 τὸν
1331 5272 1588 5331 νοσοῦντα
1613 5273 1688 5346 μὴ
1709 5271 2007 5346 θεραπεύε-

355 5421 358 5424 ,
426 5361 567 5416 σθαι·
599 5364 720 5416 οὐδὲ
775 5363 866 5417 τὸν
911 5363 1105 5434 ἔχοντα
1151 5362 1420 5435 σηπεδόνα
1457 5361 1762 5434 θρηνοῦμεν
1793 5359 2000 5424 ἁπλῶς,
2045 5433 2050 5438 ν

425 5450 561 5503 ἀλλά
591 5452 682 5503 τὸν
715 5451 906 5520 ἔχοντα
939 5454 1033 5507 καὶ
1077 5453 1199 5522 είκῆ
1230 5453 1503 5520 κείμενον,
1554 5450 1648 5504 1:61
1688 5451 1762 5521 μὴ
1799 5450 2000 5518 τυγχά-

423 5555 583 5592 νοντα
611 5540 868 5609 ἰατρικῶν
893 5541 1110 5611 χειρῶν·
1141 5542 1233 5594 :611
1264 5541 1321 5593 δὲ
1356 5539 1682 5610 τεμνόμενον
1722 5539 1814 5590 1:61
1849 5536 2000 5590 καιό-

429 5643 610 5698 μενον,
645 5626 833 5680 τοῦτον
865 5629 1102 5698 φαίημεν
1132 5631 1198 5684 ἂν
1257 5628 1391 5700 πρὸς
1443 5628 1651 5696 ὑγίειαν
1687 5626 1912 5690 ὁδεύειν,
1939 5625 1998 5676 οὐ

432 5715 530 5785 τὴν
567 5716 668 5772 ἀπὸ
696 5717 794 5789 τῆς
825 5716 996 5790 τομῆς
1022 5717 1215 5790 ὀδύνην
1259 5717 1564 5788 βλέποντες,
1593 5713 1725 5768 ἀλλά
1764 5713 1860 5786 την
1891 5711 1999 5766 ἀπὸ

2121 438 2220 506 τῆς
2231 442 2402 513 τομῆς
2429 445 2656 515 ὑγίειαν·
2675 447 2817 501 οὓτω
2835 451 2928 503 1:61
2951 450 3043 504 ἐπὶ
3068 451 3168 521 τῆς
3193 451 3369 522 ψυχῆς
3392 451 3698 508 διακεῖσθαι

2119 529 2248 599 χρὴ,
2276 531 2396 600 οὐχὶ
2423 535 2548 596 τοὺς
2571 535 2961 606 κολαζομένους
2999 537 3116 606 (1:61
3152 538 3262 609 769
3299 539 3436 611 πρὸς
3484 540 3696 608 ὑγίειαν

2119 613 2412 686 ἕλκονται),
2436 619 2573 672 ἀλλά
2607 622 2731 684 :06;
2762 623 3170 694 ἁμαρτάνοντας
3204 627 3512 697 ἀτιμωρητὶ
3559 629 3694 699 θρη-

2119 705 2228 755 νεῖν
2263 705 2357 757 1:61
2400 706 2633 763 πενθεῖν.
2677 709 2786 763 K61
2809 713 2858 764 εί
2909 713 2967 764 αί
3015 713 3276 784 τιμωρίαι
3304 714 3402 784 τῆς
3432 717 3697 787 πονηρίας

2118 790 2227 843 εἰσὶ
2248 791 2564 858 κωλυτικαὶ,
2596 795 2751 865 φησὶ,
2800 797 2942 862 τίνος
2975 798 3161 853 ἕνεκεν
3185 801 3245 854 οὐ
3292 801 3412 855 καθ’
3456 804 3698 874 ἑκάστην

2119 877 2332 948 ἡμέραν
2357 879 2607 952 διδόαμεν
2645 883 2800 954 δίκην
2847 886 2953 939 τῶν
2995 887 3433 959 ήμαρτημένωνς
3479 892 3601 944 Ὅτι
3645 894 3696 946 εί

2116 964 2274 1018 τοῦτο
2301 967 2566 1036 ἐγεγόνει,
2608 973 3041 1044 προανηρπάσθη
3071 973 3138 1027 ἂν
3181 973 3242 1026 :6
3284 975 3436 1042 γένος
3460 977 3568 1030 τῶν
3597 977 3695 1031 ἀν-

2119 1047 2373 1119 θρώπιον,
2395 1051 2490 1106 1:61
2520 1054 2548 1106 6
2576 1054 2675 1124 τῆς
2693 1057 2980 1126 μετανοίας
2997 1057 3186 1126 καιρὸς
3213 1058 3474 1130 ἀνῄρητο.
3496 1060 3695 1115 Σκόπει

2115 1137 2244 1207 γοῦν
2271 1139 2363 1191 ἐπὶ
2387 1139 2480 1193 τοῦ
2507 1141 2736 1196 Παύλου.
2765 1144 2826 1197 Εί
2855 1144 2962 1215 769
2986 1146 3189 1209 ἐκεῖνος
3225 1145 3392 1199 ἔδωκε
3420 1147 3575 1217 δίκην
3595 1147 3695 1218 τῆς

2114 1229 2368 1295 διώξεως,
2401 1230 2496 1284 καὶ
2526 1232 2786 1303 ἀνῃρέθη,
2822 1233 2937 1296 πῶς
2966 1233 3177 1305 ἀνέσχε
3211 1233 3400 1300 καιρὸν
3431 1235 3695 1306 μετανοῆ-

2117 1335 2227 1382 σαι,
2263 1319 2357 1372 καὶ
2389 1317 2528 1390 μετά
2565 1319 2663 1390 τὴν
2715 1322 3001 1392 μετάνοιαν
3043 1323 3112 1376 :6
3152 1321 3322 1394 μυρία
3356 1324 3693 1394 ἐργάσασθαι

2116 1405 2314 1474 ἀγαθά,
2364 1408 2458 1460 1:61
2502 1409 2704 1474 πᾶσαν,
2751 1409 2825 1472 ὡς
2853 1412 3046 1475 εἰπεῖν,
3086 1411 3185 1480 τὴν
3212 1412 3536 1482 οἰκουμένην
3585 1411 3694 1467 ἀπὸ

2114 1497 2214 1566 τῆς
2255 1494 2461 1566 πλάνης
2503 1496 2596 1549 61:1
2647 1497 2744 1568 τὴν
2795 1497 3052 1569 ἀλήθειαν
3099 1498 3540 1570 χειραγωγῆσαι;
3579 1500 3692 1570 Οὐχ

2114 1583 2246 1653 ὁρᾷς
2279 1584 2371 1636 1:61
2423 1585 2550 1647 :06;
2586 1584 2824 1654 ἰατροὺς,
2854 1585 2982 1637 ὅταν
3035 1601 3120 1648 τις
3152 1585 3320 1640 πολλὰ
3363 1587 3691 1658 περικέηται

2112 1669 2422 1742 τραύματα,
2471 1671 2532 1723 οὐ
2561 1670 2830 1741 τοσαύτην
2864 1671 3169 1740 ἐπάγοντας
3214 1671 3528 1744 θεραπείαν,
3559 1675 3691 1744 ὅσην

2113 1759 2334 1811 ἀπαιτεῖ
2356 1759 2464 1813 τῶν
2491 1760 2820 1832 τραυμάτων
2845 1763 2877 1831 ἠ
2909 1763 3092 1829 φύσις,
3115 1759 3230 1815 ἀλλ’
3254 1762 3386 1831 ὅσην
3412 1762 3566 1833 φέρει
3588 1763 3692 1833 τῆς

2112 1845 2396 1917 δυνάμεως
2420 1849 2454 1918 ή
2483 1847 2799 1911 ὑπόστασις,
2838 1849 2925 1902 ἵνα
2965 1848 3061 1919 μὴ,
3093 1849 3160 1902 :6
3197 1849 3486 1920 τραύματα
3525 1850 3688 1921 θερα-

2114 1934 2432 2002 πεύσαντες,
2471 1937 2564 1990 τὸν
2597 1936 2873 2008 κάμνοντα
2904 1937 3284 2006 ἀπενέγκωσι;
3327 1938 3425 1991 Διά
3449 1939 3514 2010 δὴ
3535 1939 3690 1994 τοῦτο

2111 2022 2139 2075 6
2167 2021 2298 2086 Θεὸς
2321 2021 2443 2078 οὔτε
2479 2024 2684 2088 πάντας
2701 2023 2836 2094 ὁμοῦ
2875 2025 3112 2090 κολάζει,
3147 2025 3271 2079 οὔτε
3317 2025 3524 2090 πάντας
3571 2030 3691 2080 κατ’

2111 2109 2290 2174 ἀξίαν,
2320 2111 2436 2164 ἀλλ’
2477 2111 2680 2183 ἡρέμα,
2724 2113 2818 2167 1:61
2863 2111 3116 2177 6v616o6;°
3155 2115 3246 2168 1:61
3289 2114 3549 2178 πολλάκις
3592 2114 3688 2168 6116

2108 2198 2538 2270 τιμωρούμενος,
2573 2198 2864 2254 δι’ὲκείνου
2894 2200 3121 2264 πολλοὺς
3149 2199 3691 2272 ἑσωφρόνισε.Τοῦτο

2110 2287 2204 2339 καὶ
2233 2287 2325 2339 61:1
2351 2285 2446 2340 τοῦ
2492 2285 2744 2358 σώματος
2766 2287 2977 2357 γίνεται
3010 2289 3288 2352 πολλάκις·
3316 2289 3440 2354 6116;
3478 2289 3690 2360 ὲκκοπὴ

2113 2373 2309 2444 μέλους
2357 2374 2563 2444 ἑτέροις
2609 2374 2847 2430 πλείοσιν
2888 2376 3078 2445 ὑγείαν
3127 2377 3411 2448 παρέσχεν.
3459 2377 3601 2449 Ὀρα
3629 2377 3688 2431 δὲ

2107 2460 2204 2514 τοῦ
2232 2462 2441 2516 δικαίου
2459 2463 2556 2535 τήν
2583 2463 2935 2537 φιλόστοργον
2958 2465 3156 2536 ψυχὴν,
3179 2465 3296 2529 πῶς
3326 2465 3603 2536 πανταχοῦ
3627 2466 3690 2520 :6

2109 2551 2262 2620 κοινῇ
2295 2550 2572 2621 συμφέρον
2606 2551 2778 2623 ζητεῖ,
2807 2553 2902 2606 καὶ
2927 2553 3026 2622 τῆς
3040 2553 3238 2617 κακίας
3260 2552 3357 2625 τὴν
3386 2554 3685 2624 ἀναίρεσιν,

2107 2637 2206 2708 οὐχ
2226 2637 2312 2692 ἵνα
2338 2639 2499 2702 αὐτὸς
2525 2638 2680 2710 δίκην
2704 2638 2845 2712 λάϐῃ
2873 2639 3024 2712 παρά
3049 2640 3157 2694 τῶν
3189 2640 3397 2712 ἐχθρῶν
3414 2682 3429 2702 ,
3459 2640 3572 2695 ἀλλ’
3601 2643 3689 2696 ἵνα

2107 2725 2157 2776 οἱ
2198 2723 2382 2795 ἐχθροὶ⁵
2425 2725 2738 2779 παύσωνται
2781 2727 2883 2796 τῆς
2942 2728 3228 2800 πονηρίας.
3290 2727 3461 2782 Τοῦτο
3509 2728 3688 2784 τοίνυν

2108 2811 2384 2881 πανταχοῦ
2415 2812 2728 2883 σκοπῶμεν,
2757 2813 2906 2878 ὅπως
2941 2815 3102 2886 σταίη
3124 2815 3192 2869 τὰ
3219 2816 3318 2887 τῆς
3345 2815 3558 2878 κακίας,
3593 2817 3689 2870 1:61

2109 2896 2395 2970 θρηνῶμεν
2424 2901 2549 2963 :06;
2579 2901 2637 2952 ὲν
2673 2899 2844 2972 ταύτῃ
2864 2901 3045 2968 ὄντας,
3081 2902 3186 2957 κᾶν
3222 2905 3425 2976 σηρικά
3458 2898 3560 2959 ὦσι
3587 2923 3686 2958 πε-

2111 2989 2406 3060 ρικείμενοι
2439 2988 2650 3057 ἱμάτια·
2679 2987 2776 3041 1:61
2819 2991 3214 3062 μακαρίζωμεν
3246 2994 3374 3056 τοὺς
3403 2993 3462 3047 ἐν
3493 2993 3685 3065 ἀρετῇ,

2112 3076 2217 3130 κᾶν
2247 3076 2410 3147 πενίᾳ
2461 3077 2665 3148 ἐσχάτῃ
2715 3077 3040 3143 παλαίωσιν,
3084 3079 3194 3133 61:6
3239 3079 3348 3133 τῶν
3382 3079 3579 3147 ἔξωθεν
3607 3087 3688 3147 είς

2105 3164 2203 3234 τὴν
2231 3163 2466 3218 διάνοιαν
2504 3164 2780 3234 ἑκατέρων
2820 3165 3098 3230 εἰσιόντες.
3134 3167 3267 3220 Τότε
3302 3167 3410 3240 γάρ
3443 3168 3689 3240 ὀψόμεθα

2106 3251 2199 3304 τοῦ
2225 3253 2322 3322 μὲν
2363 3251 2450 3305 :611
2495 3251 2742 3315 πλοῦτον,
2763 3252 2856 3306 τοῦ
2884 3253 2942 3308 δὲ
2976 3253 3075 3326 τὴν
3123 3253 3332 3310 πενίαν.
3364 3255 3428 3308 Τί
3463 3257 3592 3328 γὰρ,
3635 3258 3686 3311 εί

2104 3336 2364 3410 λαμπρὰν
2394 3339 2586 3411 στολὴν
2620 3340 2818 3406 ἔξωθεν
2852 3341 3277 3412 περιϐέϐληται;
3305 3341 3360 3396 τί
3379 3342 3488 3395 τῶν
3515 3345 3685 3417 ἐργα-

2107 3427 2344 3498 στηρίων
2386 3427 2679 3499 διενήνοχε,
2730 3430 2824 3483 καὶ
2871 3429 2980 3482 τῶν
3015 3429 3187 3496 ξύλων
3221 3431 3330 3486 τῶν
3384 3433 3685 3502 ἀνεχόντων

2104 3516 2312 3581 αὐτά·;
2343 3515 2394 3571 τί
2421 3517 2529 3570 τῶν
2561 3517 2947 3588 λαμϐανόντων
2976 3518 3116 3572 αὐτά
3167 3519 3365 3576 ταυλεῖν
3394 3514 3548 3586 οὗτος
3594 3521 3687 3574 εὐ-

2105 3601 2445 3672 πορώτερος;
2493 3603 2631 3657 Ἀλλ’
2671 3605 2770 3676 οὐχ
2813 3607 2843 3659 6
2881 3605 2977 3660 τοῦ
3028 3605 3236 3660 δικαίου
3289 3607 3518 3673 πλοῦτος
3566 3597 3684 3680 [65]

2104 3689 2364 3755 τοιοῦτος,
2395 3690 2531 3744 ἀλλά
2561 3691 2788 3763 μόνιμος
2810 3694 2904 3746 1:61
2928 3696 3215 3762 πεπηγώς.
3259 3695 3322 3749 Εἰ
3350 3696 3408 3750 66
3439 3697 3540 3750 061:
3592 3698 3684 3752 αίο

2107 3777 2390 3832 σθάνονται
2417 3781 2466 3832 οἱ
2499 3780 2852 3845 πλουτοῦντες
2884 3783 2940 3835 611
2976 3783 3136 3856 πενίᾳ
3162 3783 3333 3850 ὅντες,
3373 3784 3527 3838 οὐδὲν
3555 3783 3684 3837 θαυ-
3759 3838 3802 3862 ⁸

2108 3867 2330 3938 μαστόν.
2360 3867 2495 3921 Οὐδὲ
2528 3869 2576 3921 οἱ
2612 3869 2878 3938 φρενίτιδι
2927 3871 3282 3942 κατεχόμενοι
3311 3873 3562 3944 αἴσθησιν
3581 3872 3684 3944 τῆς

2104 3954 2260 4007 νόσου
2291 3953 2648 4024 λαμϐάνουσι,
2673 3961 2768 4010 καὶ
2797 3955 2885 4011 διὰ
2914 3957 3074 4011 τοῦτο
3100 3959 3334 4029 μάλιστά
3361 3963 3500 4015 εἰσιν
3525 3962 3686 4014 ἐλεει-

2103 4043 2207 4107 1101,
2241 4043 2301 4095 06
2356 4043 2710 4114 μακαρισταί.
2742 4045 2806 4096 Εἰ
2839 4045 2948 4117 γὰρ
2981 4046 3227 4117 ᾔσθοντο,
3277 4047 3378 4102 1:611
3423 4049 3562 4118 1:96;
3589 4049 3686 4103 :611

2108 4129 2290 4200 ίατρὸν
2313 4129 2551 4202 ἔτρεχονο
2579 4129 2674 4183 νῦν
2697 4131 2755 4184 δὲ
2787 4135 2888 4204 τῆς
2925 4133 3120 4196 κακίας
3151 4133 3304 4186 τοῦτο
3341 4135 3403 4187 :6
3431 4135 3682 4204 χαλεπὼο

2103 4234 2282 4282 τατον,
2313 4220 2395 4272 ὅτι
2421 4220 2478 4272 611
2515 4219 2650 4292 αὐτῇ
2685 4219 2854 4286 ὅντες,
2885 4220 2994 4273 οὐδ’
3019 4221 3100 4273 ὅτι
3138 4221 3273 4273 εἰσιν
3300 4222 3358 4276 611
3388 4223 3523 4292 αὐτῇ
3559 4239 3686 4276 συν-

2105 4305 2290 4378 ορῶσι.
2320 4305 2408 4378 Μὴ
2440 4307 2680 4379 δήτοῦτο
2712 4307 2847 4379 ῖδῃς,
2877 4307 2958 4360 ὅτι
2987 4307 3164 4380 χαίρει
3193 4308 3436 4363 πλουτῶν
3459 4311 3488 4363 6
3517 4311 3684 4364 πλού-

2107 4413 2242 4459 σιος·
2270 4397 2406 4450 ἀλλά
2460 4397 2527 4450 δι’
2575 4397 2705 4452 αὐτὸ
2733 4395 2890 4450 τοῦτο
2923 4397 3155 4468 μάλιστα
3190 4398 3350 4451 αὐτὸν
3386 4399 3681 4471 δάκρυσον,
3734 4394 3742 4400 ’

2105 4484 2186 4537 ὅτι
2233 4484 2354 4538 οὐδὲ
2384 4484 2718 4546 αἰσθάνεται,
2770 4486 2827 4537 ὲν
2857 4487 2968 4556 ὅσῳ
3017 4488 3193 4538 κεῖται
3241 4485 3414 4556 κακῷ.
3448 4489 3522 4542 Οὐ
3571 4489 3684 4561 769

2106 4572 2444 4643 ἀνθρώπινον
2475 4573 2535 4626 :6
2559 4574 2652 4626 ἐπὶ
2679 4571 2886 4636 τούτοις
2926 4573 3276 4642 ἀγάλλεσθαι,
3307 4575 3423 4628 ἀλλ’
3457 4576 3685 4645 ἀλογίας

2107 4661 2360 4731 ἐσχάτης.
2391 4660 2502 4714 Καὶ
2543 4659 2926 4726 κατευθυνεῖς
2950 4660 3203 4718 δίκαιον.
3241 4663 3306 4716 Τί
3339 4665 3457 4716 ἐστι
3487 4663 3681 4731 τοῦτο;

2107 4750 2231 4804 Τῶν
2252 4751 2362 4823 γὰρ
2388 4750 2640 4821 πονηρῶν
2675 4749 3065 4815 κολασθέντων,
3103 4753 3257 4823 φησὶ,
3305 4753 3682 4825 προσεκτικώ-

2105 4857 2255 4913 τεροι
2291 4840 2340 4892 οί
2391 4838 2590 4892 δίκαιοι
2639 4836 2898 4906 γίνονται.
2947 4839 3109 4893 Ὥστε
3161 4840 3255 4894 δύο
3314 4840 3565 4896 ἐντεῦθεν
3609 4841 3682 4895 :6

2063 4929 2066 4932 ’
2106 4926 2308 4996 ἀγαθά·
2349 4923 2545 4979 ἐκεῖνοί
2571 4941 2630 4978 τε
2664 4923 2772 4997 γὰρ
2793 4927 2892 4996 τῆς
2918 4927 3182 4998 πονηρίας
3208 4927 3554 4998 ἀφίστανται,
3584 4929 3684 4981 1:61

2107 5009 2250 5069 οὗτοι
2280 5016 2346 5085 τῇ
2378 5014 2546 5085 ἀρετῇ
2598 5012 2798 5083 μᾶλλον
2835 5013 3250 5087 προσέρχονται.
3305 5017 3516 5086 Ὠσπερ
3569 5014 3682 5085 γάρ

2109 5101 2368 5170 ὑγιαίνων
2391 5099 2676 5172 ἄνθρωπος
2706 5099 2828 5153 ἰδών
2860 5118 2982 5154 τινα
3013 5102 3327 5175 καιόμενον,
3356 5103 3682 5175 ἦτεμνόμε-

2106 5205 2217 5250 νον,
2251 5184 2752 5257 προσεκτικώτερος
2775 5188 2904 5259 περὶ
2933 5188 3032 5259 τήν
3060 5189 3247 5258 ὑγείαν
3269 5189 3501 5260 γίνεται·
3535 5189 3683 5244 οὓτω

2105 5274 2171 5346 δὴ
2204 5277 2297 5328 καὶ
2316 5273 2570 5327 ἐνταῦθα.
2598 5274 2708 5327 K61
2727 5273 2837 5346 769
2862 5275 3049 5329 πολλοὶ
3075 5277 3185 5331 τῶν
3213 5276 3335 5331 τότε
3363 5277 3678 5333 ἐσκανδαλί-

2107 5364 2284 5428 ζοντο,
2313 5361 2409 5414 καὶ
2439 5360 2548 5414 τῶν
2574 5361 2875 5416 δοκούντων
2900 5363 3112 5428 ἑαυτοῖς
3143 5365 3452 5438 προσέχειν,
3481 5367 3573 5420 61:1
3608 5371 3678 5440 τῇ

2104 5450 2214 5504 τῶν
2248 5449 2500 5519 πονηρῶν
2527 5449 2797 5522 εὐημερίᾳ
2831 5450 3181 5522 ἀτελέστερον
3223 5453 3301 5506 6::
3328 5453 3679 5524 διακείμενοι.

2106 5539 2197 5592 Διὸ
2231 5538 2324 5593 1:61
2347 5533 2503 5602 οὗτος
2546 5537 2779 5609 ἀλλαχοῦ
2802 5537 2976 5608 ἐλεγεο
3025 5540 3166 5610 Παρ⁹
3193 5541 3400 5612 ὀλίγον
3424 5542 3683 5613 ἐξεχύθη

2173 5717 2196 5748 ⁸
2219 5715 2318 5768 Alii
2357 5718 2450 5767 τῶν
2475 5716 2620 5772 ξύλων
2643 5719 2738 5768 τῶν
2761 5718 3092 5783 περικειμένων
3113 5716 3248 5768 αὐτά.
