4112 6224
451 323 521 382 93
1421 297 1424 300 ’
1509 293 1512 296 ’
1580 314 1937 372 exposnm
1978 313 2041 369 IN
2081 312 2402 373 PssLuuu
2448 318 2553 372 vn.
3638 326 3710 384 ω

450 435 660 501 condis,
707 443 758 490 te
799 435 1003 506 erigant
1033 441 1086 489 et
1117 439 1357 486 recrccnt
1383 431 1470 500 qui
1502 440 1812 500 torquentur
1840 443 1901 482 ac
1931 443 2026 498 pu-

342 587 352 605 ι
449 522 689 580 niuntur.
719 523 834 579 Non
869 523 1113 577 audivisti
1133 522 1398 575 Christum
1428 520 1690 574 dicentem
1718 537 1731 572 :
1759 519 1819 572 1η
1845 519 2031 572 mundo

450 615 765 686 afﬂictionem
788 612 1030 668 habebitis
1059 612 1231 684 (Joan.
1262 613 1347 667 l6.
1377 610 1504 684 '53)?
1529 611 1666 678 Quid
1695 626 1821 680 ergo
1838 611 2032 680 quaeris

455 708 687 775 quietem
733 721 854 760 cum
901 705 989 760 ille
1034 705 1144 760 haec
1187 703 1417 758 dixerit?
1463 703 1577 758 Non
1618 702 1860 756 audivisti
1910 717 2030 755 eum

455 797 718 851 dicentem
747 811 764 850 :
798 794 1024 850 Mundus
1046 795 1320 866 gaudebit;
1358 811 1444 848 vos
1483 802 1648 847 autem
1674 794 1875 848 tristitia
1919 793 2032 863 afﬁ-

445 888 654 941 ciemini
702 885 864 960 (Ibid.
909 903 956 942 υ.
986 886 1116 959 20)?
1161 886 1387 942 Proinde
1428 893 1852 942 consentaneum
1891 895 2035 940 esset

453 977 652 1033 oﬁendi
679 978 1089 1048 insipientiores,
1122 978 1164 1032 si
1193 977 1258 1032 iis
1290 993 1408 1048 qua:
1433 977 1567 1032 dixit
1592 977 1870 1032 evenirent
1907 991 2034 1031 con-

458 1075 617 1128 traria
649 1091 665 1130 :
692 1075 772 1129 sin
799 1081 974 1128 autem
996 1075 1172 1129 omnia
1204 1076 1455 1130 eveniunt
1495 1091 1561 1132 ex
1610 1077 1986 1147 consequentia
2014 1117 2030 1143 ,

456 1181 556 1220 cur
581 1181 705 1236 ergo
728 1163 1009 1221 oll‘enderis
1025 1167 1052 1218 ‘t
1081 1167 1144 1220 Et
1169 1181 1287 1230 cur,
1305 1167 1494 1237 inquit,
1513 1167 1654 1222 Deus
1677 1167 1746 1220 ita
1765 1165 2032 1220 decrevit?

459 1256 537 1310 Ne
577 1257 814 1326 inquire,
857 1273 952 1312 nec
992 1259 1065 1312 sis
1113 1259 1331 1313 nimium
1376 1260 1636 1314 curiosus.
1693 1257 1870 1327 Neque
1895 1262 2029 1313 enim

457 1345 577 1400 dicit
599 1349 888 1418 ﬁgmentum
917 1348 1074 1419 ﬁgulo
1091 1347 1266 1421 (Rom.
1290 1351 1342 1404 9.
1366 1347 1492 1421 20):
1520 1348 1622 1404 Cur
1645 1367 1722 1404 me
1744 1352 1814 1404 sic
1833 1351 2033 1421 fecisti?

445 1437 742 1506 ‘Propterea
788 1439 946 1493 etiam
980 1438 1234 1508 propheta
1264 1439 1574 1509 increpabat
1613 1439 1858 1508 Judazos,
1890 1440 2030 1510 quod

459 1541 578 1582 cum
605 1528 1078 1583 innumerabilibus
1121 1539 1297 1583 essent
1340 1531 1490 1583 malis
1526 1530 1701 1585 referti
1730 1572 1745 1597 ,
1791 1531 1884 1586 Dei
1921 1532 2032 1584 vias

461 1616 617 1670 nimis
646 1618 857 1672 enriose
885 1625 1263 1684 scrutarentur,
1299 1619 1478 1674 dicens
1518 1637 1530 1672 :
1587 1621 1731 1675 Scire
1766 1621 1872 1676 vias
1896 1637 2032 1674 meas

459 1707 748 1760 desiderant
769 1748 786 1771 ,
835 1716 1088 1776 tamquam
1129 1709 1343 1779 papulas
1369 1710 1456 1779 qui
1504 1711 1618 1780 fecit
1651 1711 1932 1782 justitiam,
1985 1721 2032 1764 et

451 1798 702 1869 judicium
741 1799 839 1853 Dei
873 1800 953 1854 sui
983 1817 1081 1854 non
1123 1801 1322 1873 reliquit
1355 1801 1504 1872 (luti.
1535 1804 1622 1858 58.
1649 1805 1717 1874 ‘2)
1752 1820 1766 1856 :
1815 1804 2032 1874 perinde

453 1887 734 1950 facientes,
759 1903 821 1944 ac
848 1889 895 1944 si
927 1890 1046 1959 quis
1069 1905 1252 1946 servus
1278 1893 1365 1961 qui
1394 1892 1702 1947 oti‘endisset
1723 1935 1736 1958 ,
1779 1905 1831 1948 et
1874 1894 2029 1947 innu-

450 1980 783 2034 merabilium
828 1989 971 2034 esset
995 1996 1117 2035 reus
1145 1983 1466 2048 criminum,
1507 1983 1757 2038 omittens
1801 1984 2032 2038 studium

450 2069 707 2125 adhibere
722 2079 780 2124 ut
807 2072 1024 2126 sedetur
1047 2072 1122 2127 ira
1143 2072 1366 2138 domini,
1381 2075 1555 2144 exigat
1575 2074 1643 2129 ab
1662 2089 1728 2130 eo
1750 2087 2030 2143 rationem,

450 2177 548 2215 cur
581 2161 660 2216 sic
686 2161 893 2216 fecerit.
939 2162 1017 2218 Ne
1044 2163 1158 2218 huic
1192 2164 1368 2234 itaque
1398 2165 1633 2235 inquiras
1655 2207 1670 2230 ,
1720 2182 1818 2221 nec
1854 2180 2032 2222 cesses

453 2251 601 2314 ﬁere,
628 2259 683 2305 et
711 2251 913 2317 lugere,
941 2263 994 2306 et
1020 2262 1103 2307 tua
1130 2264 1343 2324 peccata
1370 2255 1604 2311 abluere.
1633 2255 1758 2312 ilzec
1778 2257 1896 2312 dico
1925 2273 2028 2311 non

455 2341 597 2407 quod
626 2358 730 2394 non
761 2343 962 2411 possim
995 2345 1250 2400 rationem
1280 2347 1482 2414 dicere,
1534 2347 1629 2402 sed
1679 2349 1862 2404 volens
1889 2359 1938 2404 te
1965 2349 2033 2402 ab

463 2428 566 2482 hac
591 2430 748 2483 nimis
773 2433 981 2486 curiosa
1007 2433 1408 2504 investigatione
1429 2437 1496 2488 ad
1516 2437 1701 2490 salutis
1732 2447 1832 2490 tua:
1851 2452 2032 2491 curam

464 2519 760 2572 traducere.
803 2519 910 2574 Cur
933 2535 1060 2590 ergo
1089 2523 1164 2576 sic
1199 2523 1396 2591 jussit?
1425 2523 1669 2576 Humano
1703 2526 1881 2593 generi
1909 2539 2033 2593 par-

464 2625 613 2665 cens.
669 2610 928 2665 Laborem
955 2611 1095 2665 enim
1124 2613 1208 2666 hic
1227 2653 1241 2676 ,
1273 2611 1359 2666 ubi
1388 2611 1564 2666 brevis
1589 2622 1672 2666 est
1700 2612 1806 2666 vita
1833 2653 1848 2679 ,
1892 2611 2041 2666 attri-

457 2699 592 2761 buit.
615 2715 845 2755 coronas
871 2708 1047 2755 autem
1075 2701 1125 2755 in
1154 2701 1388 2756 futurum
1416 2703 1710 2757 reservavit
1733 2743 1748 2766 ,
1795 2701 1878 2754 ubi
1906 2701 2040 2755 senii

458 2805 658 2858 expers
705 2797 796 2844 est
834 2806 1046 2856 aevum,
1088 2800 1140 2846 et
1182 2808 1466 2862 numquam
1510 2793 1816 2847 ﬁniendum.
1862 2793 1924 2848 Et
1956 2792 2040 2847 hic

454 2879 666 2948 quidem
697 2879 846 2934 labor
885 2880 1132 2935 celeriter
1169 2882 1393 2935 solvitur
1417 2891 1472 2937 et
1519 2881 1827 2951 pr.eterﬁuit
1875 2899 1890 2938 :
1940 2883 2026 2939 illa

453 2981 627 3025 autem
678 2981 894 3027 manent
946 2973 1301 3040 immortalia,
1351 2986 1404 3030 et
1439 2992 1724 3046 numquam
1778 2965 2034 3034 desitura.

455 3064 668 3136 Alioqui
693 3077 869 3120 autem
899 3076 1116 3122 exercet
1145 3069 1304 3122 etiam
1336 3070 1538 3123 animas
1561 3069 1625 3123 ad
1667 3083 1899 3126 amorem
1932 3073 2039 3126 vir-

458 3157 605 3210 tutis.
633 3156 854 3222 Quando
883 3159 1024 3212 enitn
1053 3159 1140 3215 vel
1170 3175 1292 3214 cum
1331 3161 1602 3216 laboribus
1647 3163 1811 3231 ipsam
1855 3163 2033 3234 eligit,

461 3247 694 3300 nondum
735 3249 1006 3316 prtemium
1055 3249 1367 3320 accipiens,
1418 3251 1702 3306 meditatur
1745 3267 1868 3323 erga
1919 3268 2035 3309 eam

461 3338 853 3393 accuratissime
879 3339 1016 3395 afﬁci
1047 3358 1064 3394 :
1093 3342 1305 3410 quando
1341 3352 1516 3397 autem
1543 3345 1702 3399 etiam
1734 3359 1853 3399 cum
1881 3345 2034 3399 vuln-

465 3439 608 3498 ptate
634 3430 766 3500 fugit
789 3431 966 3485 vitium
993 3473 1008 3496 ,
1054 3435 1366 3503 supplicium
1397 3437 1632 3491 nondum
1674 3447 1886 3506 experta
1913 3480 1927 3503 ,
1969 3439 2035 3493 ad

465 3522 634 3589 ipsum
652 3521 774 3574 odio
791 3521 1086 3577 habendum
1112 3533 1165 3579 et
1185 3526 1533 3582 aversandum
1561 3537 1857 3584 exercetur.
1887 3528 2038 3586 [inde

461 3615 551 3667 ﬁet
591 3622 648 3667 ut
692 3629 756 3668 ex
803 3613 904 3670 hoc
930 3616 1154 3686 accipiat
1184 3617 1417 3673 habitum
1445 3627 1498 3674 et
1521 3619 1625 3676 odii
1656 3619 1908 3675 adversus
1935 3621 2038 3674 im-

461 3705 774 3773 probitatem
801 3747 816 3770 ,
865 3714 920 3762 et
961 3709 1158 3763 amoris
1203 3710 1257 3763 in
1299 3711 1568 3766 virtutem.
1604 3713 1699 3767 Est
1727 3714 1884 3768 etiam
1935 3714 2035 3768 alia

462 3795 616 3849 ratio.
647 3795 894 3862 ριιςι-ηιιηι
922 3806 1096 3853 autem
1119 3814 1179 3854 ca
1202 3801 1316 3855 est?
1336 3801 1565 3856 Afﬁicﬁo
1582 3817 1676 3856 nos
1697 3803 1780 3856 vel
1805 3803 2034 3859 maxime

467 3887 680 3950 excitat,
708 3889 1007 3952 conﬁrmat,
1041 3897 1094 3942 et
1121 3890 1363 3944 fortiores
1403 3892 1576 3946 reddit
1603 3893 1668 3946 ad
1689 3893 1918 3948 studium
1949 3909 2039 3950 sa-

467 3978 696 4047 pientiae.
749 3979 957 4033 Etcum
982 3980 1081 4034 hac
1105 3981 1262 4034 etiam
1288 3981 1408 4035 alia.
1454 3982 1704 4049 Quaenam
1732 3993 1909 4038 autem
1939 3987 2038 4040 ea?

468 4071 589 4125 Vult
619 4084 717 4124 nos
745 4070 935 4126 ducere
965 4072 1248 4140 prmsentia
1281 4071 1582 4142 despicere,
1611 4083 1664 4128 et
1683 4091 1786 4129 non
1818 4077 1897 4130 eis
1921 4091 2040 4131 esse

467 4162 652 4217 afﬁxos
677 4171 732 4216 et
755 4163 1013 4234 alligatos.
1041 4164 1328 4234 Propterea
1357 4163 1698 4220 affiictionem
1729 4167 1967 4223 attribuit
1986 4177 2043 4223 et

469 4251 702 4306 laborem
731 4270 745 4306 :
775 4269 892 4319 qum
920 4264 1098 4309 autem
1127 4255 1263 4310 bona
1291 4265 1416 4312 sunt
1443 4256 1742 4325 etjucunda
1762 4298 1776 4322 ,
1807 4270 1865 4312 ut
1887 4258 2041 4314 facile

468 4341 799 4396 solverentur
822 4341 1015 4396 eﬂ'ecit.
1050 4341 1435 4398 Consummatur
1459 4347 1682 4416 nequitia
1701 4357 2043 4416 peccatorum,

469 4436 518 4480 et
564 4431 748 4502 diriges
787 4435 1002 4503 justum.
1050 4436 1186 4504 Quid
1236 4447 1318 4493 est
1345 4479 1360 4503 ,
1412 4438 1833 4494 Consummetur?
1875 4439 2042 4507 lnfer,

472 4520 666 4591 inquit,
689 4525 1022 4594 supplicium,
1055 4536 1109 4582 et
1128 4529 1383 4598 reprimes
1413 4529 1530 4583 illos
1553 4544 1582 4582 a
1605 4530 1753 4584 vitio.
1784 4529 2048 4598 Quemad-

441 4613 687 4667 -modum
726 4615 866 4669 enim
898 4616 1073 4672 ulcera
1120 4619 1323 4688 putrida
1353 4619 1548 4675 cedunt
1592 4621 1785 4676 amaris
1814 4622 2045 4677 mediea-

470 4705 664 4758 mentis
684 4746 699 4769 ,
740 4707 930 4762 ustioni
970 4718 1024 4764 et
1051 4710 1408 4766 sectionibus:
1440 4711 1510 4766 ita
1536 4713 1696 4768 etiam
1726 4730 1820 4784 per
1847 4716 2046 4786 suppli-

471 4795 612 4848 cium
637 4806 849 4850 arcetur
872 4797 1204 4866 improbitas.

541 4885 595 4939 9.
641 4885 873 4958 Lugendi
902 4891 989 4958 qui
1028 4901 1138 4960 post
1178 4902 1435 4962 peccatum
1477 4894 1558 4948 hic
1598 4911 1700 4948 non
1747 4897 2042 4966 puniuntur.

473 4974 574 5027 Cur
601 4987 880 5043 peccatores
900 4995 1000 5033 non
1020 4980 1143 5034 dant
1168 4982 1248 5035 hic
1276 4999 1447 5053 poenas
1479 4992 1816 5054 peccatorum.
1833 4985 2046 5042 —Cum

475 5063 589 5117 iure
606 5080 732 5132 ergo
760 5067 1150 5138 intelligamus,
1197 5087 1299 5126 non
1339 5082 1552 5142 oportet
1594 5089 1687 5128 eos
1730 5073 1928 5131 deﬂere
1952 5076 2040 5146 qui

475 5153 765 5221 puniuntur
792 5167 846 5211 et
873 5160 1135 5228 supplicio
1158 5162 1476 5230 afﬁciuntur,
1497 5165 1589 5220 sed
1603 5180 1695 5221 eos
1711 5166 1800 5236 qui
1819 5182 2047 5236 peccau-

474 5252 555 5296 tes
583 5244 752 5300 nullas
771 5249 990 5304 omnino
1020 5265 1204 5318 poenas
1233 5253 1402 5308 luunt.
1431 5254 1664 5310 Primum
1684 5257 1825 5310 enim
1854 5257 2048 5311 malum

432 5355 436 5359 ·
471 5340 574 5395 est,
602 5348 825 5402 peccare
853 5353 866 5389 :
900 5339 1189 5393 secundum
1220 5351 1396 5396 autem
1422 5385 1436 5405 ,
1475 5346 1518 5398 si
1544 5346 1884 5414 peccantibus
1910 5347 2050 5401 nulla

472 5424 787 5481 adhibeatur
814 5428 1094 5484 medicina.
1121 5433 1230 5486 lmo
1251 5435 1334 5488 vel
1359 5435 1460 5490 hoc
1483 5438 1839 5508 primumjure
1863 5440 2055 5494 dixerit

471 5517 753 5586 quispiam,
777 5529 832 5575 et
859 5520 1012 5590 longe
1033 5526 1262 5592 gravius.
1285 5526 1738 5590 Quemadmodum
1767 5531 1909 5585 enim
1941 5547 2046 5585 non

477 5622 638 5675 grave
664 5620 746 5665 est
773 5622 1052 5682 aegrotare,
1085 5613 1176 5668 sed
1207 5632 1326 5670 eum
1355 5622 1440 5687 qui
1471 5631 1690 5688 :rgrotat
1714 5638 1819 5676 non
1842 5623 2049 5688 curari;

479 5711 577 5756 nec
607 5714 726 5756 cum
771 5703 858 5772 qui
888 5704 1066 5760 ulcere
1109 5707 1319 5775 putrido
1363 5709 1564 5764 laborat
1594 5711 1922 5782 simpliciter,
1956 5713 2048 5769 dc-
2089 5767 2097 5776 _

2116 5479 2119 5481 _
2156 5431 2405 5484 attentior
2428 5431 2493 5484 ad
2521 5431 2799 5483 sanitatem
2840 5446 2854 5482 2

2144 427 2351 494 ﬂemus,
2379 431 2470 485 sed
2491 433 2577 502 qui
2616 434 2818 488 laborat
2846 435 3059 504 quidem
3081 475 3097 501 ,
3125 445 3180 491 et
3211 437 3354 508 jacet
3391 439 3666 508 neglectim
3690 482 3706 507 ,

2139 533 2237 573 nec
2285 519 2442 574 habet
2484 522 2746 577 medicum
2795 525 2884 594 qui
2915 528 2963 582 ei
3011 541 3198 580 manus
3241 527 3490 583 adhibeat
3531 549 3544 584 :
3589 545 3708 584 cum

2136 619 2311 664 autem
2344 611 2429 680 qui
2458 612 2712 668 scinditur
2740 623 2794 669 et
2823 615 3013 682 uritur,
3035 617 3326 672 dixerimus
3352 618 3452 674 iter
3475 619 3540 673 ad
3563 620 3708 674 sani-

2138 707 2296 754 tatem
2326 702 2548 771 ingrcdi,
2579 720 2679 758 non
2703 707 3018 774 aspicientes
3047 708 3283 764 dolorem
3303 711 3390 779 qui
3421 725 3489 764 ex
3521 712 3712 766 sectio-

2136 805 2223 854 ne,
2257 791 2348 846 scd
2371 793 2672 858 sanitatem,
2705 811 2822 864 qua:
2852 813 2917 852 ex
2946 783 3006 853 ea
3033 800 3202 853 oritur
3229 817 3244 854 :
3274 801 3344 853 ita
3369 801 3528 855 etiam
3553 816 3710 871 opor-

2139 891 2208 938 tet
2233 899 2327 938 nos
2350 885 2400 938 in
2427 885 2601 940 anima
2630 886 2766 942 allici
2792 929 2808 955 ,
2841 889 3022 960 lugere
3047 892 3258 960 quidem
3296 901 3350 948 et
3391 892 3521 948 ﬂere
3544 933 3561 958 ,
3600 908 3706 946 non

2136 987 2230 1027 eos
2259 976 2344 1036 qni
2371 977 2652 1044 puniuntur
2682 978 2983 1050 (trahuntur
2998 981 3135 1036 enim
3163 981 3228 1035 ad
3257 981 3583 1054 sanitatem),
3610 981 3706 1037 sed

2135 1077 2230 1117 eos
2258 1065 2345 1133 qui
2371 1081 2489 1119 cum
2523 1077 2757 1135 peccant,
2788 1085 2894 1124 non
2920 1070 3046 1125 dant
3075 1087 3278 1142 pinnas.
3316 1075 3381 1128 Et
3419 1075 3462 1128 si
3496 1089 3702 1145 pinum,

2136 1155 2366 1224 inquies,
2401 1169 2612 1225 peccata
2637 1159 2952 1228 prohibent,
2977 1177 3070 1217 cur
3113 1180 3218 1218 non
3247 1166 3480 1235 quotidie
3519 1167 3706 1222 damus

2137 1260 2320 1314 prunas
2357 1250 2734 1315 peccatorum?
2773 1251 3029 1317 Quoniam
3068 1254 3112 1308 si
3157 1254 3256 1308 hoc
3295 1256 3488 1309 factum
3533 1266 3704 1319 esset,

2135 1345 2451 1404 pnereptum
2480 1338 2664 1393 fuisset
2684 1340 2970 1396 humanum
2993 1358 3179 1412 genus,
3207 1354 3260 1398 et
3281 1345 3541 1399 sublatura
3567 1355 3709 1402 esset

2136 1432 2342 1496 tempus
2370 1429 2714 1498 poenitentia}.
2762 1431 2817 1486 ld
2847 1433 3124 1488 considera
3156 1435 3205 1488 in
3248 1435 3434 1489 Paulo.
3476 1435 3529 1491 Si
3563 1437 3705 1491 enim

2134 1515 2224 1571 ille
2251 1515 2482 1574 dedisset
2515 1524 2940 1590 persequutionis
2990 1539 3194 1593 pinnas,
3241 1531 3296 1580 et
3323 1524 3507 1580 fuisset
3531 1527 3705 1580 subla-

2135 1613 2238 1672 tus,
2267 1610 2532 1678 quomodo
2560 1612 2830 1668 habuisset
2868 1623 3075 1683 tempus
3099 1617 3285 1684 agendi
3312 1617 3704 1686 paenitentiam,

2134 1706 2189 1752 et
2215 1711 2329 1767 post
2359 1701 2717 1768 pcenitentiam
2745 1703 2970 1758 faciendi
3001 1706 3136 1759 bona
3164 1706 3461 1772 innumera,
3486 1707 3703 1760 univer-

2135 1805 2358 1860 sumque
2389 1807 2522 1862 pene
2550 1803 2804 1848 terrarum
2827 1797 3008 1851 orbem
3028 1795 3316 1852 deducendi
3343 1797 3411 1850 ab
3431 1813 3612 1852 errore
3632 1797 3700 1853 ad

2134 1883 2450 1936 veritatem?
2499 1884 2613 1938 Non
2656 1886 2802 1940 vides
2829 1887 2987 1940 etiam
3031 1887 3298 1952 medicos,
3347 1889 3558 1957 quando
3582 1889 3704 1959 quis

2135 1969 2316 2026 multis
2343 1981 2425 2027 est
2452 1972 2669 2028 affectus
2704 1976 3010 2031 vulneribus
3031 2019 3044 2041 ,
3075 1992 3180 2030 nun
3211 1987 3408 2031 tantam
3449 1977 3702 2032 adhibere

2135 2060 2449 2115 medicinam
2469 2103 2485 2127 ,
2519 2073 2769 2132 quantam
2796 2066 3022 2132 postulat
3047 2076 3232 2119 natura
3259 2066 3534 2119 vulnerum
3554 2107 3572 2133 ,
3610 2067 3725 2133 sed,

2133 2162 2382 2223 quantam
2405 2153 2581 2209 ferunt
2607 2157 2746 2209 vires
2765 2156 2898 2226 ejus,
2919 2157 3007 2226 qui
3033 2167 3115 2212 est
3143 2156 3431 2223 sauciatus,
3462 2173 3551 2224 ne,
3576 2157 3702 2213 dum

2131 2245 2436 2299 vulneribus
2457 2246 2752 2307 medentur.
2783 2258 3038 2317 :egrotum
3067 2247 3135 2301 de
3166 2248 3340 2302 medio
3361 2248 3584 2303 tollant?
3628 2248 3703 2302 Ea

2130 2336 2199 2390 de
2222 2350 2378 2390 causa
2407 2337 2544 2391 Deus
2567 2353 2664 2392 nec
2686 2353 2872 2394 omnes
2890 2338 3046 2392 simul
3073 2339 3242 2408 punit,
3277 2353 3374 2393 nec
3394 2354 3580 2393 omnes
3606 2353 3704 2408 pro

2134 2427 2338 2482 meritis
2360 2470 2375 2491 ,
2417 2431 2509 2484 sed
2539 2431 2735 2486 sensim
2771 2441 2826 2487 et
2854 2431 3181 2502 aliquautmu
3211 2433 3406 2487 cedens
3436 2448 3450 2484 :
3480 2440 3535 2486 et
3559 2412 3702 2500 saepe

2137 2531 2300 2570 unum
2340 2520 2561 2586 puniens
2588 2563 2603 2588 ,
2649 2522 2846 2578 multos
2885 2539 2980 2592 per
3023 2523 3171 2577 illum
3220 2523 3537 2578 emendavit.
3590 2521 3703 2576 Hoc

2139 2607 2297 2659 etiam
2334 2623 2476 2676 saepe
2518 2610 2574 2663 ﬁt
2619 2611 2671 2664 in
2711 2627 2932 2680 corpore
2965 2630 2980 2668 :
3011 2614 3164 2666 unius
3195 2613 3415 2667 membri
3445 2611 3703 2666 abscissio

2142 2693 2381 2762 pluribus
2404 2695 2520 2749 aliis
2547 2698 2764 2765 przehuit
2789 2701 3088 2752 sanitatem.
3119 2700 3251 2755 Vide
3288 2711 3464 2756 autem
3487 2699 3704 2755 caritate

2143 2784 2350 2852 plenam
2375 2785 2505 2854 justi
2531 2787 2790 2852 animam,
2831 2790 3312 2860 quomodoubique
3345 2793 3530 2861 quaerit
3565 2791 3703 2860 quod

2139 2884 2223 2930 est
2246 2879 2597 2932 communiter
2623 2879 2767 2944 utile,
2794 2888 2850 2933 ut
2878 2891 3151 2950 peccatum
3183 2881 3250 2935 de
3271 2882 3446 2936 medio
3472 2882 3704 2944 tollatur,

2119 2980 2245 3019 -non
2293 2974 2353 3019 ut
2399 2975 2572 3021 sumat
2621 2983 2802 3037 poenas
2839 2969 2906 3024 de
2955 2970 3217 3036 inimicis,
3263 2970 3356 3025 sed
3408 2979 3468 3025 ut
3509 2969 3707 3026 inimici

2138 3065 2350 3110 cessent
2375 3059 2442 3110 ab
2473 3057 2826 3124 improbitate.
2860 3061 2971 3115 Hoc
3000 3076 3125 3131 ergo
3151 3077 3362 3130 semper
3385 3071 3706 3132 spectemus,

2139 3155 2198 3200 ut
2224 3148 2444 3202 sistatur
2469 3150 2676 3217 vitium,
2702 3159 2755 3204 et
2784 3153 3054 3222 lugeamus
3083 3169 3175 3208 eos
3200 3156 3289 3224 qui
3319 3155 3414 3209 illo
3438 3163 3706 3223 tenentur,

2139 3239 2346 3294 etiamsi
2377 3241 2562 3295 sericis
2592 3242 2823 3298 vestibus
2847 3243 2952 3298 sint
2976 3244 3141 3299 induti
3177 3263 3190 3298 :
3223 3261 3420 3317 eosque
3447 3262 3480 3302 e
3499 3247 3712 3302 diverso

2139 3331 2321 3385 beatos
2346 3331 2644 3401 judicemus
2683 3335 2772 3404 qui
2816 3344 2940 3390 sunt
2969 3335 3163 3391 virtute
3209 3339 3411 3408 prin-diti
3442 3380 3458 3405 ,
3500 3339 3706 3394 etiamsi

2138 3438 2258 3477 cum
2287 3433 2522 3480 extrema
2567 3425 2740 3496 inopia
2769 3429 3117 3483 colluctentur
3137 3471 3153 3496 ,
3183 3429 3252 3484 ab
3280 3431 3630 3487 exterioribus
3655 3432 3707 3486 in

2139 3516 2506 3586 cogitationem
2554 3519 2825 3589 utriusque
2850 3521 3156 3576 subeuntes.
3195 3522 3343 3578 Tunc
3386 3525 3526 3578 enim
3557 3523 3707 3578 vide-

2141 3608 2313 3663 bimus
2342 3611 2500 3681 hujus
2527 3610 2736 3666 divitias
2757 3655 2771 3680 ,
2804 3613 2946 3669 illius
2987 3615 3236 3684 inopiam.
3277 3615 3412 3683 Quid
3455 3617 3630 3680 enim,
3663 3615 3710 3670 si

2141 3701 2415 3769 Splendida
2452 3713 2598 3757 veste
2638 3705 2964 3760 extrinsecus
2989 3716 3072 3760 est
3098 3706 3348 3761 indutus?
3372 3707 3497 3777 quid
3537 3707 3714 3763 differt

2140 3792 2206 3847 ab
2232 3791 2458 3847 ofﬁcinis
2485 3803 2539 3847 et
2568 3794 2719 3864 lignis
2739 3811 2858 3865 qua:
2883 3813 2998 3850 eam
3028 3795 3248 3852 ferunt?
3294 3813 3397 3867 qua
3437 3799 3489 3852 in
3540 3813 3598 3852 re
3625 3807 3710 3853 est

2142 3883 2206 3936 iis
2231 3884 2567 3952 locupletior,
2591 3887 2680 3953 qui
2701 3902 2816 3940 eam
2843 3889 3169 3943 vendendam
3197 3889 3494 3959 accipiunt?
3513 3891 3580 3944 At
3605 3906 3712 3946 non

2144 3974 2403 4038 ejusmodi
2430 3983 2553 4026 sunt
2581 3974 2708 4040 justi
2752 3975 2966 4040 divitiae,
3013 3979 3107 4031 sed
3159 3980 3325 4033 ﬁrma:
3368 3989 3422 4034 et
3475 3980 3711 4036 stabiles.

2146 4061 2298 4126 Quod
2313 4063 2355 4116 si
2374 4077 2478 4114 non
2495 4062 2725 4115 sentiunt
2741 4063 2930 4117 divites
2944 4080 3002 4118 se
3019 4081 3136 4120 esse
3151 4068 3204 4120 in
3223 4077 3552 4137 paupertate,
3583 4070 3714 4126 nihil

2146 4150 2360 4204 mirum.
2377 4150 2487 4205 Nec
2501 4150 2535 4204 ii
2552 4151 2708 4204 etiam
2727 4150 2923 4204 malum
2941 4153 3282 4222 sentiunt,qui
3301 4156 3544 4210 laborant
3559 4159 3716 4226 phre-

2149 4241 2263 4297 nesi
2289 4259 2302 4295 :
2329 4249 2384 4298 et
2413 4251 2690 4313 propterea
2714 4251 2839 4298 sunt
2864 4243 3094 4298 maxime
3119 4244 3426 4311 miserandi,
3451 4261 3556 4301 non
3576 4249 3716 4304 beati

2147 4331 2392 4388 ducendi.
2411 4333 2468 4389 Si
2494 4335 2633 4389 enim
2653 4335 2930 4399 sentirent,
2959 4335 3023 4389 ad
3047 4335 3306 4390 medicum
3331 4347 3670 4393 accurrerent
3697 4355 3713 4394 :

2150 4441 2290 4481 nunc
2315 4435 2489 4481 autem
2511 4427 2610 4482 hoc
2633 4435 2715 4482 est
2737 4427 2786 4480 in
2810 4427 2936 4480 vitio
2955 4429 3342 4497 gravissimum,
3361 4427 3499 4499 quod
3528 4432 3718 4486 cumin

2147 4533 2213 4573 eo
2229 4518 2353 4584 sint,
2374 4535 2440 4574 ne
2457 4534 2516 4573 se
2533 4518 2741 4588 quidem
2761 4519 2814 4572 in
2825 4534 2890 4572 eo
2905 4535 3024 4574 esse
3049 4520 3300 4574 sentiunt.
3329 4521 3406 4575 Ne
3420 4520 3520 4577 hoc
3535 4537 3717 4593 respe-

2116 4643 2122 4648 -
2147 4609 2308 4676 xeris,
2333 4609 2472 4681 quod
2496 4625 2553 4664 se
2574 4624 2694 4664 esse
2709 4609 2922 4665 divitem
2955 4611 3163 4665 leuatur
3188 4611 3356 4679 dives,
3383 4612 3477 4668 sed
3504 4623 3718 4684 propter

2115 4737 2122 4745 -
2153 4701 2255 4757 hoc
2279 4702 2448 4772 ipsum
2472 4701 2552 4756 vel
2581 4704 2810 4758 maxime
2838 4702 2994 4768 deﬂe,
3026 4703 3166 4774 quod
3195 4720 3262 4760 ne
3285 4706 3476 4761 sentiat
3503 4707 3718 4776 quidem

2149 4794 2201 4848 in
2227 4803 2424 4864 quanto
2453 4795 2592 4848 malo
2629 4803 2886 4850 versetur.
2936 4795 3050 4849 Non
3094 4803 3180 4850 est
3205 4797 3346 4852 enim
3385 4796 3675 4852 humanum
3699 4837 3716 4863 ,

2150 4884 2244 4940 sed
2274 4901 2303 4938 a
2334 4886 2535 4940 ratione
2561 4886 2789 4939 maxime
2816 4885 3046 4940 alienum
3065 4926 3080 4949 ,
3111 4897 3394 4956 propterea
3421 4889 3717 4942 exsultare.

2117 5007 2122 5012 -
2153 4976 2221 5030 Et
2247 4977 2431 5046 diriges
2447 4979 2664 5047 justum.
2697 4976 2832 5044 Quid
2865 4975 2966 5030 hoc
2991 4978 3112 5030 est?
3141 4977 3320 5032 Plexis
3347 4978 3490 5031 enim
3517 4978 3720 5044 impro-

2154 5066 2255 5129 bis,
2289 5067 2488 5136 inquit,
2518 5067 2648 5121 ﬁunt
2668 5067 2796 5137 justi
2818 5070 3148 5123 attentiores.
3192 5067 3421 5120 Proinde
3463 5065 3572 5120 duo
3600 5066 3723 5123 hinc

2153 5157 2292 5212 bona
2317 5159 2556 5213 oriuntur
2579 5175 2592 5210 :
2627 5174 2746 5212 nam
2772 5168 2828 5214 et
2863 5159 2938 5213 illi
2966 5174 2996 5212 a
3026 5159 3151 5213 vitio
3175 5156 3466 5220 desistunt,
3489 5165 3544 5210 et
3573 5154 3625 5210 hi
3655 5155 3723 5212 ad

2156 5249 2402 5302 virtutem
2430 5249 2596 5318 magis
2620 5250 2898 5304 accedunt.
2919 5245 3374 5314 Quemadmodum
3401 5246 3541 5300 enim
3568 5247 3727 5304 homo

2155 5354 2314 5393 sanus
2340 5356 2456 5393 cum
2487 5340 2629 5394 videt
2657 5340 2956 5408 quempiam
2999 5337 3080 5390 uri
3121 5345 3212 5390 aut
3255 5337 3458 5405 secari,
3487 5338 3726 5395 redditur

2897 5429 2968 5480 ita
3005 5425 3089 5481 hic
3115 5427 3296 5483 etiam.
3343 5428 3552 5485 Etenim
3577 5430 3726 5486 multi

2157 5535 2340 5572 eorum
2369 5519 2455 5588 qui
2487 5528 2608 5572 tunc
2633 5524 2820 5579 erant,
2866 5515 3270 5576 olfendehautur
3292 5563 3307 5589 ,
3354 5521 3511 5575 etiam
3541 5534 3726 5576 eorum

2158 5613 2246 5684 qui
2277 5612 2588 5666 videbantur
2617 5609 2849 5680 sibiipsis
2877 5612 3151 5668 attendere
3173 5655 3186 5678 ,
3221 5622 3436 5683 propter
3464 5597 3724 5668 malorum

2162 5704 2562 5781 prosperitatcm
2591 5704 2763 5762 adhuc
2809 5705 3121 5764 imbecillius
3165 5705 3358 5763 affecti.
3398 5706 3724 5776 Quapropter
