4112 6224
412 373 482 426 95
1151 361 1208 415 S.
1248 355 1522 414 JOANNIS
1556 343 2033 411 CliRYSOSTOllIl
2058 343 2374 404 ARCHIEP.
2400 342 2930 402 CONSTANTINOP.
3603 349 3670 406 9ο

409 487 494 538 hic
518 483 674 536 etiam
715 479 838 536 alibi
868 482 1000 534 dicit
1046 474 1226 530 :Peue
1266 471 1413 540 ellusi
1454 477 1569 524 sunt
1620 482 1818 539 gressus
1869 464 1985 528 mei,

406 573 643 643 quoniam
687 569 955 626 tumulatus
984 582 1094 626 sum
1125 571 1328 632 propter
1356 561 1550 628 iniquos
1588 556 1754 630 (Psul.
1789 555 1875 608 7‘2.
1905 555 1989 622 2).

409 664 556 716 Alius
603 671 778 715 autem
815 672 999 714 rursus
1035 672 1049 709 :
1088 655 1262 720 Quare
1305 653 1382 706 oio
1417 650 1686 719 impiorum
1723 661 1990 716 prospera—

407 749 666 824 tur(Jer.
715 749 801 804 12.
863 747 970 816 l)?
1023 743 1326 812 Quinetiam
1370 739 1472 794 Job
1515 737 1677 792 multa
1723 734 1994 803 qumrebat

409 841 694 910 ejusmodi.
719 839 825 896 Sed
856 852 995 894 nunc
1019 836 1231 906 quidem
1278 830 1638 902 imperiectius
1675 829 1846 884 allecti
1879 827 1992 881 hinc

409 932 689 997 dicebant,
715 938 769 985 et
807 929 919 986 hinc
945 926 1256 997 qumrebant
1297 941 1312 978 :
1353 936 1494 977 nunc
1520 928 1696 976 autem
1741 917 1883 972 nulla
1912 926 1994 970 est

411 1026 605 1092 dignus
637 1023 787 1076 venia
812 1063 828 1088 ,
869 1019 960 1092 qui
989 1017 1072 1072 his
1113 1015 1451 1086 perturbatur
1478 1027 1493 1063 :
1521 1011 1609 1081 qui
1650 1019 1724 1064 tot
1755 1017 1807 1063 et
1851 1014 1994 1060 tanta

418 1113 763 1183 philosollhia:
793 1111 928 1166 scita
953 1108 1154 1168 didicit,
1201 1115 1252 1162 et
1279 1104 1346 1158 de
1372 1103 1560 1157 futuris
1601 1101 1720 1154 talia
1747 1099 1995 1168 dogmata

413 1207 635 1273 accepit,
663 1214 716 1257 et
743 1202 810 1256 de
833 1201 1075 1272 gebenna
1097 1213 1160 1254 ac
1192 1211 1357 1266 regno
1378 1193 1613 1262 apertius
1647 1191 1868 1246 edoctus
1887 1199 1989 1256 est,

417 1297 523 1350 illic
548 1294 783 1364 singulos
807 1297 1121 1360 accepturos
1148 1302 1242 1357 pro
1272 1285 1497 1340 meritis.
1551 1281 1799 1338 Scrutans
1838 1280 1994 1336 corda

408 1399 456 1442 et
485 1402 626 1440 renes
652 1382 791 1438 Deus
810 1384 993 1450 iustus.
1021 1382 1106 1436 Η.
1137 1379 1461 1450 Adjutorium
1484 1392 1647 1430 meum
1673 1392 1704 1428 a
1732 1373 1952 1428 Domino
1977 1414 1992 1438 ,

409 1479 496 1548 qui
516 1478 679 1532 sulcos
707 1475 832 1546 facit
861 1484 1019 1526 rectos
1039 1471 1208 1526 corde.
1248 1470 1399 1526 Alius
1442 1485 1456 1522 :
1490 1465 1828 1522 Examinator
1876 1481 1992 1520 cor-

413 1571 556 1622 dium
585 1577 628 1620 et
659 1581 836 1620 renum
872 1563 1008 1617 Deus
1023 1563 1215 1633 justus,
1257 1560 1490 1631 defensor
1514 1573 1674 1611 meus.
1720 1555 1788 1610 Et
1814 1554 1948 1612 alius
1976 1570 1991 1608 :

415 1662 556 1716 Deus
597 1660 780 1727 iustus.
829 1655 1168 1727 Septuaginta
1187 1661 1363 1710 autem
1392 1650 1462 1706 ita
1488 1647 1764 1704 dixerunt‘
1788 1663 1803 1701 :
1831 1646 1993 1701 δίνας

410 1765 523 1808 tans
538 1753 692 1805 corda
713 1759 761 1803 et
783 1763 924 1802 renes
948 1745 1104 1800 Deus.
1131 1742 1170 1797 J
1171 1753 1335 1802 ustum
1353 1739 1602 1798 auaﬁlium
1617 1754 1784 1794 meum
1808 1754 1840 1792 a
1858 1735 1990 1791 Deo.

415 1844 559 1898 Dixit
585 1858 704 1898 eum
730 1854 850 1896 esse
869 1837 1223 1909 judicaturum
1251 1833 1436 1888 orbem
1463 1841 1618 1896 terra;
1639 1872 1656 1900 ,
1682 1830 1812 1886 dicit
1838 1830 1991 1886 dein-

419 1949 548 2004 ceps
574 1934 733 1990 etiam
761 1929 1028 2002 quomodo
1057 1929 1126 1983 sit
1141 1926 1494 1998 judicaturus.
1541 1924 1682 1979 Dixit
1723 1939 1844 1980 eum
1889 1939 1993 1986 non

409 2041 573 2095 egere
609 2024 852 2086 testibus,
874 2037 978 2076 non
1003 2019 1421 2091 probationibus,
1455 2031 1560 2072 non
1587 2015 1995 2071 demonstratio-

411 2116 587 2180 nibus,
615 2130 719 2169 non
749 2112 960 2182 scriptis
999 2119 1090 2166 aut
1129 2107 1493 2164 instrumentis
1517 2147 1534 2175 ,
1561 2115 1654 2174 aut
1701 2106 1807 2162 alio
1850 2105 1995 2174 ejus-

388 2181 555 2260 .tnodi
587 2225 602 2258 :
636 2206 749 2274 ipse
773 2181 869 2259 est
883 2200 1025 2258 enim
1053 2201 1143 2271 qui
1166 2201 1267 2254 scit
1293 2200 1454 2255 etiam
1487 2213 1610 2268 quia
1628 2207 1755 2254 sunt
1777 2213 1992 2253 arcana.

413 2296 493 2350 Ne
513 2296 652 2349 dicat
667 2310 795 2364 ergo
821 2293 1013 2347 stultus
1037 2290 1297 2360 quispiam
1328 2308 1342 2344 :
1372 2289 1440 2344 Et
1459 2289 1724 2359 quomodo
1737 2287 1998 2359 judicabit

413 2385 668 2440 mundum
694 2383 935 2438 tantum?
961 2381 1061 2449 Qui
1091 2381 1232 2436 enim
1257 2378 1417 2446 fecit,
1451 2394 1570 2434 cum
1597 2395 1701 2434 non
1726 2388 1901 2444 esset,
1951 2379 1996 2440 is

415 2477 610 2529 factum
627 2473 900 2544 judicabit.
922 2473 1099 2528 Renes
1113 2481 1290 2525 autem
1313 2469 1400 2524 hic
1421 2469 1550 2524 dicit
1573 2469 1766 2524 mentis
1780 2484 1992 2534 arcana,

413 2584 534 2637 qua:
556 2575 678 2622 sunt
709 2567 913 2632 intima,
934 2580 1053 2636 quae
1080 2572 1206 2618 sunt
1221 2561 1647 2633 prol'undissima,
1667 2577 1732 2616 ex
1759 2561 1994 2631 positura

421 2660 588 2730 partis
609 2659 660 2712 id
692 2660 934 2713 innuens.

488 2753 572 2807 £0.
615 2751 750 2819 Quid
778 2759 880 2817 est,
907 2747 1153 2804 Scrutam
1169 2748 1195 2801 ?
1219 2746 1371 2813 Quod
1397 2745 1534 2800 alius
1558 2744 1712 2812 dixit,
1737 2743 1992 2799 Probans.

413 2844 526 2900 Etsi
550 2843 657 2897 sint
684 2850 862 2896 autem
892 2841 1137 2895 humana:
1165 2837 1426 2894 dictiones
1444 2876 1459 2900 ,
1490 2844 1614 2890 sunt
1637 2843 1812 2890 tamen
1838 2850 1996 2890 sensa

421 2935 533 2988 Deo
561 2932 947 2988 convenientia.
979 2928 1433 2998 Quemadmodum
1473 2929 1614 2983 enim
1643 2927 1837 2982 Paulus
1873 2941 1995 2984 cum

419 3028 568 3090 dicit,
593 3026 693 3090 Qui
715 3035 881 3079 autem
902 3033 1154 3078 scrutatur
1177 3022 1331 3075 corda
1351 3021 1528 3090 (Rom.
1549 3019 1604 3074 8.
1629 3019 1746 3090 27),
1771 3019 1996 3074 scrutari

424 3118 592 3186 ponit,
623 3131 721 3187 pro
749 3124 932 3184 aperte
957 3114 1095 3167 scire
1125 3130 1138 3164 :
1169 3113 1328 3166 etiam
1359 3110 1445 3164 hic
1472 3118 1720 3175 scrutans,
1751 3123 1846 3178 pro
1875 3123 1996 3178 per-

414 3211 550 3266 tecte
573 3216 945 3279 cognoscente.
975 3203 1286 3258 Examinare
1312 3210 1489 3256 autem
1516 3210 1599 3256 est
1618 3200 1837 3267 nudare,
1856 3200 1998 3270 quod

413 3310 498 3356 est
525 3301 769 3370 perfectae
796 3297 1031 3352 scientiae
1061 3311 1076 3348 :
1109 3302 1170 3348 ut
1204 3294 1363 3349 etiam
1381 3293 1510 3348 dicit
1539 3292 1729 3347 Paulus
1763 3308 1777 3344 :
1809 3290 1994 3344 Omnia

413 3402 580 3445 autent
605 3400 721 3443 sunt
752 3388 892 3441 nuda
916 3398 961 3441 et
988 3387 1278 3456 resupinato
1298 3383 1457 3438 oculis
1479 3381 1790 3454 ejusUIebr.
1809 3382 1994 3452 4,13).

489 3481 736 3546 ρηωηαηι
779 3477 989 3548 petenda
1031 3485 1168 3532 sunt.
1191 3473 1483 3528 —Justum
1523 3472 1772 3530 auxilium
1811 3489 1995 3526 meum.

415 3574 568 3628 Alius
593 3587 608 3623 :
636 3569 814 3624 Justus
841 3569 1074 3639 defensor
1099 3584 1254 3622 meus.
1281 3565 1417 3633 Quid
1446 3574 1546 3631 est,
1601 3563 1809 3618 Iustum
1852 3564 2001 3621 auxi-

422 3664 547 3716 lium
601 3676 762 3712 meum
795 3676 828 3712 a
858 3657 1008 3714 Deo?
1049 3657 1175 3713 Jure
1213 3673 1275 3711 ac
1319 3655 1510 3710 merito
1549 3656 1675 3712 mihi
1729 3658 2001 3729 continget

415 3771 444 3805 a
479 3754 585 3806 Ileo
615 3769 627 3804 :
659 3750 786 3804 nihil
826 3749 966 3804 enim
1009 3760 1132 3818 pcto
1187 3747 1456 3818 injustam.
1513 3749 1688 3815 Qunre
1714 3747 1758 3803 si
1806 3765 1996 3819 super-

417 3859 542 3896 num
621 3841 872 3896 auxilium
931 3841 1214 3910 impetrare
1278 3841 1558 3906 volumus,
1614 3855 1676 3895 ea
1732 3850 1855 3895 sunt
1910 3857 2002 3910 pe-

424 3934 580 3987 tenda
603 3975 618 3995 ,
651 3948 768 4000 qua:
806 3933 964 3986 etiam
991 3931 1115 4000 justi
1155 3929 1352 3984 habent
1389 3929 1648 3984 rationem
1681 3947 1696 3984 :
1727 3939 1786 3984 ut
1812 3938 2000 3985 natura

420 4021 690 4091 petitionis
711 4021 1042 4075 attrahamus
1071 4020 1326 4076 auxilium
1353 4018 1501 4088 ejus,
1532 4018 1632 4084 Qui
1655 4029 1818 4074 servat
1840 4031 2000 4076 rectos

417 4115 589 4170 corde.
623 4113 734 4168 lloc
761 4122 843 4170 est
871 4114 988 4182 ejus
1009 4114 1240 4168 cilicium
1261 4154 1277 4178 ,
1318 4111 1434 4168 htec
1461 4121 1544 4166 est
1571 4112 1620 4168 ei
1649 4112 1998 4168 consuetudo.

425 4208 683 4275 Quoniam
715 4223 842 4277 ergo
879 4221 980 4262 nec
1007 4221 1108 4276 ego
1137 4220 1270 4264 cum
1316 4204 1503 4272 injuria
1545 4205 1860 4273 provocavi,
1901 4220 2002 4262 nec

425 4302 610 4358 ulcisci
637 4300 885 4356 desidero
917 4316 932 4352 :
964 4308 1244 4369 propterea
1274 4297 1401 4350 mibi
1426 4296 1622 4365 justum
1655 4297 1810 4352 fuerit
1835 4313 1865 4351 a
1894 4298 2000 4354 Deo

423 4393 698 4448 auxilium.
731 4390 856 4444 llaec
875 4404 1002 4458 ergo
1021 4403 1142 4442 cum
1163 4387 1413 4451 sciamus,
1443 4385 1572 4440 nihil
1595 4395 1836 4456 petamus
1859 4388 2001 4456 ejus-

425 4482 566 4536 modi
588 4522 604 4544 ,
649 4479 790 4549 quod
831 4487 973 4534 vetet
1008 4477 1371 4536 donationem.
1403 4478 1626 4545 Quando
1649 4479 1789 4534 enim
1817 4489 1998 4534 contra

425 4574 669 4627 inimicos
694 4572 980 4642 petiveris,
1021 4587 1126 4626 non
1159 4581 1239 4626 est
1278 4571 1482 4641 justum
1505 4572 1646 4642 quod
1689 4575 1824 4642 petis
1847 4575 1998 4630 auxi-

429 4663 591 4728 lium;
635 4671 718 4716 est
759 4662 900 4716 enim
945 4663 1270 4716 contrarium
1319 4661 1420 4731 legi
1462 4661 1600 4730 ejus,
1641 4663 1730 4732 qui
1766 4651 1996 4732 praebet.

425 4753 611 4807 itidem
634 4755 792 4808 etiam
817 4751 1027 4822 quando
1047 4751 1280 4817 divitias,
1301 4752 1511 4822 quando
1532 4753 1996 4824 pulchritudinem.

425 4843 639 4912 quando
665 4843 860 4912 aliquid
899 4843 1048 4900 aliud
1085 4842 1225 4909 quod
1265 4842 1331 4896 ad
1375 4843 1511 4898 hanc
1552 4845 1710 4898 vitam
1751 4844 1996 4912 pertinet,

420 4935 566 5003 quod
597 4937 901 5004 praeterﬂuit
921 4977 936 5002 ,
966 4938 1252 5006 petiveris,
1281 4937 1333 4991 id
1362 4946 1447 4992 est
1474 4937 1797 4992 contrarium
1831 4936 2001 5004 philo-

424 5028 627 5095 sophia:
647 5027 861 5086 animat.
887 5028 1138 5084 Petamus
1158 5043 1308 5099 ergo,
1331 5039 1388 5082 ut
1411 5029 1570 5082 etiam
1591 5042 1996 5094 consequamur.

426 5118 510 5172 12.
545 5117 686 5172 Deus
717 5119 884 5187 judea:
913 5120 1088 5186 justus
1110 5160 1125 5185 ,
1153 5120 1320 5189 fortis,
1352 5127 1397 5172 et
1427 5119 1645 5188 patiens,
1673 5126 1718 5172 et
1743 5117 1869 5170 iram
1899 5135 2001 5171 non

427 5213 647 5281 inferens
679 5229 768 5282 per
803 5213 1030 5284 singulos
1058 5213 1185 5268 dies.
1219 5212 1374 5272 Alius
1401 5211 1530 5266 dicit
1559 5227 1573 5264 :
1603 5209 1846 5265 Fremens
1873 5227 2000 5279 qua-

488 5386 503 5415 ¹
532 5391 658 5434 Unus
677 5385 834 5436 Codex
865 5401 877 5436 :
903 5386 1041 5452 alius
1052 5386 1172 5452 dicit
1194 5400 1211 5438 :
1245 5395 1372 5438 Deus
1389 5387 1822 5452 justus,_aua:ilimn
1844 5402 2002 5452 metm:

425 5458 457 5492 ιι
487 5452 598 5515 Deo.
623 5454 674 5495 Et
697 5449 1000 5512 Septuaginta
1023 5450 1092 5498 ita
1114 5448 1364 5515 dixerunt,
1386 5448 1481 5498 etc.
1501 5450 1584 5499 Ubi
1607 5453 1842 5515 observes
1862 5451 2002 5515 (hry-

427 5513 720 5575 sostomum,
745 5511 996 5571 postquam
1020 5517 1212 5560 textum
1233 5511 1486 5575 scripturae
1508 5517 1562 5560 ut
1586 5512 1843 5562 Antiochia:
1866 5511 2002 5575 ιρεξὲε·

427 5566 566 5616 batur
589 5566 836 5626 attulerat,
863 5566 1053 5621 textum
1077 5566 1385 5636 septuaginta
1418 5579 1740 5637 Interpretum
1760 5587 1894 5637 quasi
1914 5566 2002 5623 ’δι-

425 5641 640 5686 versum,
665 5643 721 5696 ac
742 5643 914 5681 revera
953 5647 1069 5696 non_
1085 5633 1754 5696 pa'rum'variantem’aﬂ‘erre.
1778 5633 1896 5686 illud
1920 5651 2002 5686 au-

423 5693 862 5802 ξξττῗᾶἓέιέρω
876 5693 1224 5756 exemplarium
1241 5697 1580 5758 proveniebant,
1598 5697 1661 5748 de
1673 5711 1772 5760 quo
1787 5699 2003 5762 pluribus

2100 457 2239 512 tidie.
2273 456 2525 514 llebrmus
2552 467 2727 514 autem
2749 497 2764 522 ,
2802 455 2866 512 In
2905 456 3042 510 ontni
3077 455 3177 510 vita
3199 457 3239 511 '.
3267 456 3332 512 Et
3355 459 3491 514 alius
3518 477 3534 513 :
3566 461 3664 516 Μία

2099 565 2226 602 nans
2251 591 2266 614 ,
2295 549 2511 618 fremens
2535 589 2551 614 ,
2594 565 2694 604 non
2737 549 2968 616 puniens.
3011 545 3161 615 Quod
3189 559 3364 604 autem
3394 549 3558 617 dicit,
3592 561 3669 606 est

2098 641 2379 710 ejusmodi.
2405 643 2458 696 Si
2485 651 2568 697 est
2591 644 2784 710 justus,
2810 641 2950 697 volet
2978 643 3196 700 omnino
3225 646 3410 713 punire
3440 647 3672 718 iniquos;

2098 732 2142 784 si
2171 733 2340 794 fortis,
2369 733 2586 786 omnino
2614 734 2826 802 poterit.
2859 733 2924 786 Et
2953 733 3075 800 ubi,
3109 735 3298 808 inquit,
3328 747 3412 796 est
3433 739 3671 794 clemen-

2101 821 2168 876 tia
2189 862 2204 886 ,
2235 823 2277 875 si
2305 822 2447 892 juste
2472 822 2770 892 judicabit?
2809 824 3042 880 Primum
3068 825 3284 897 quidem
3316 829 3368 883 iu
3396 846 3490 893 eo,
3529 833 3670 901 quod

2099 928 2206 966 non
2241 914 2418 970 statim
2445 929 2630 984 pinnas
2659 914 2856 986 intligat
2875 955 2891 978 ,
2923 916 3289 990 praecipueque
3317 919 3369 974 in
3399 936 3500 984 eo,
3530 923 3672 992 quod

2097 1001 2204 1074 jam
2232 1003 2408 1058 onmia
2438 1014 2651 1074 peccata
2681 1007 2946 1062 remiserit
2973 1023 3069 1078 per
3098 1007 3365 1074 lavacrum
3395 1027 3667 1083 regenera-

2101 1094 2294 1158 tionis;
2325 1095 2559 1148 secundo
2587 1106 2763 1154 autem
2783 1138 2797 1160 ,
2825 1097 2965 1170 quod
2995 1100 3150 1154 etiam
3179 1099 3385 1156 dederit
3407 1105 3672 1170 pmnitcn-

2100 1183 2244 1238 tiam.
2273 1185 2327 1240 Si
2357 1186 2499 1238 enim
2527 1186 2862 1256 cogitaveris,
2890 1203 2987 1244 nos
3014 1204 3240 1262 peccare
3266 1193 3520 1261 quotidie,
3551 1205 3674 1254 tunc

2100 1279 2329 1333 maxime
2355 1279 2556 1335 videbis
2592 1281 2907 1340 inell‘abilem
2935 1281 3051 1352 ejus
3088 1283 3383 1340 clementia:
3412 1287 3674 1356 magnitu-

2098 1371 2298 1427 dinem.
2349 1372 2500 1440 Quod
2529 1374 2743 1444 quidem
2790 1376 2947 1431 etiam
2991 1377 3329 1448 signiﬁcans,
3360 1380 3671 1446 subjunxit;

2098 1461 2283 1517 dicens
2311 1479 2324 1515 :
2356 1461 2492 1518 Deus
2507 1464 2673 1534 judea:
2686 1465 2894 1534 justus,
2925 1466 3102 1534 fortis,
3133 1478 3180 1520 et
3209 1469 3422 1536 patiens.
3456 1471 3676 1526 Dubitas

2099 1570 2214 1618 cur,
2239 1571 2362 1610 cum
2393 1557 2520 1612 velit
2552 1566 2606 1612 et
2634 1559 2837 1627 possit,
2867 1573 2972 1614 non
3003 1560 3222 1628 puniat?
3263 1561 3450 1630 Disce,
3483 1564 3672 1634 inquit,

2097 1661 2220 1702 eum
2247 1661 2366 1702 esse
2396 1646 2703 1715 patientem,
2734 1664 2835 1704 nec
2861 1647 3174 1708 inferentem
3205 1650 3339 1708 iram
3370 1669 3464 1722 per
3487 1655 3671 1725 singu-

2100 1735 2184 1791 los
2209 1735 2344 1792 dies.
2375 1736 2454 1793 Ne
2479 1737 2600 1812 quis
2626 1739 2765 1793 enim
2792 1740 2983 1795 stultus
3009 1740 3277 1796 existimet
3301 1757 3420 1798 eum
3457 1755 3671 1814 propter

2099 1829 2512 1888 imbecillitatem
2533 1845 2639 1886 non
2662 1830 2864 1896 ulcisci,
2887 1832 3120 1888 ostendit
3137 1849 3348 1892 causam
3371 1835 3666 1892 dilationis:

2099 1921 2238 1992 quod
2265 1937 2453 1992 magna
2485 1922 2677 1978 habeat
2700 1924 2870 1993 spatia
2895 1933 2950 1979 et
2977 1940 3220 1996 magnam
3249 1943 3552 1986 mensuram
3581 1945 3670 2000 pa-

2101 2014 2303 2070 tientia.
2335 2013 2468 2082 Quia
2495 2015 2636 2072 enim
2665 2025 2948 2086 propterea
2974 2016 3116 2074 mitis
3143 2027 3228 2074 est
3266 2027 3320 2074 et
3345 2019 3547 2089 patiens
3569 2062 3586 2090 ,
3617 2031 3673 2080 ut

2103 2112 2154 2159 te
2178 2103 2405 2160 adducat
2426 2104 2495 2160 ad
2524 2105 2908 2176 penitentiam,
2937 2107 3151 2176 quando
3180 2108 3310 2164 nihil
3340 2111 3431 2165 tibi
3460 2111 3676 2181 prodest
3730 2095 3732 2097 ’

2101 2195 2203 2252 hoc
2228 2197 2669 2254 medicamentum
2691 2239 2708 2266 ,
2736 2199 2897 2255 etiam
2923 2200 3214 2260 ulciscitur.
3254 2201 3364 2258 Nos
3390 2217 3517 2273 ergo
3544 2220 3668 2273 quo-

2102 2286 2227 2342 tidie
2250 2286 2394 2356 digni
2422 2303 2606 2346 sumus
2637 2289 2725 2360 qui
2755 2290 3054 2359 puniamur.
3081 2291 3192 2346 Nisi
3229 2291 3373 2350 enim
3409 2293 3480 2350 ita
3509 2303 3671 2360 esset,

2100 2391 2206 2430 non
2239 2385 2502 2448 tamquam
2530 2394 2781 2456 magnum
2809 2381 3075 2450 posuisset
3101 2381 3228 2437 illud
3260 2399 3274 2434 :
3301 2381 3425 2437 Non
3454 2385 3675 2455 inferens

2098 2466 2228 2520 iram
2266 2484 2356 2537 per
2397 2468 2622 2540 singulos
2657 2470 2799 2536 dies;
2837 2471 2933 2526 sed
2981 2481 3243 2542 tamquam
3274 2473 3434 2528 rebus
3459 2475 3672 2544 quidem

2100 2554 2202 2611 hoc
2227 2558 2647 2627 postulantibus,
2677 2559 2772 2614 Dei
2794 2569 2970 2616 autem
2999 2561 3276 2618 clementia
3299 2565 3496 2633 justam
3521 2565 3672 2619 cohi-

2099 2647 2260 2703 bente
2275 2651 2631 2730 ppunitionetu,
2654 2651 2755 2707 hoc
2773 2652 2919 2708 dicit.
2945 2653 3107 2710 Vides
3123 2655 3390 2725 quomodo
3411 2656 3494 2712 hic
3513 2658 3672 2714 etiam

2099 2741 2333 2796 ostendit
2375 2743 2538 2800 Deum
2577 2758 2608 2798 a
2651 2744 2894 2800 molestia
2933 2745 3202 2814 alienum,
3251 2757 3305 2804 et
3347 2749 3672 2818 punitionem

2097 2831 2531 2900 appellatiram?
2559 2833 2727 2889 Nemo
2755 2834 2896 2890 enim
2923 2835 3054 2890 iram
3094 2835 3255 2892 infert
3279 2837 3367 2892 alii
3396 2854 3410 2890 :
3441 2838 3534 2892 sed
3561 2839 3674 2908 ipse

2099 2923 2314 2992 quidem
2357 2923 2514 2980 habet
2559 2926 2728 2993 iram,
2775 2927 3092 2997 supplicium
3134 2938 3312 2986 autem
3357 2929 3515 2986 infert
3559 2932 3669 2986 alii.

2100 3011 2243 3066 Nihil
2287 3027 2415 3082 ergo
2443 3014 2705 3085 signiﬁcat
2747 3016 2889 3072 aliud
2935 3033 3094 3088 quam
3142 3019 3507 3090 puuitionem.
3550 3037 3674 3078 cum

2101 3102 2229 3158 dicit
2249 3145 2264 3169 ,
2297 3103 2362 3158 Et
2387 3121 2487 3159 non
2527 3107 2748 3179 inferens
2776 3109 2905 3162 iram
2933 3125 3022 3179 per
3040 3110 3265 3181 singulos
3292 3111 3418 3166 dies.
3449 3111 3516 3166 Et
3543 3128 3674 3182 quo-

2102 3194 2261 3248 modo
2285 3194 2434 3263 dicit,
2463 3195 2566 3251 Per
2591 3198 2814 3269 singulos
2833 3198 2939 3254 dies
2959 3199 3021 3254 'i’
3045 3198 3374 3270 Ingredialur
3395 3203 3675 3272 unusquis-

2101 3301 2205 3356 que
2247 3300 2398 3342 suam
2445 3289 2858 3360 conscientiam,
2903 3298 2958 3346 et
3001 3299 3126 3344 tunc
3159 3290 3374 3345 videbit.
3426 3290 3494 3346 Ut
3533 3293 3673 3348 enim

2103 3382 2500 3452 praetermittam
2527 3397 2720 3438 arcana
2749 3383 3008 3454 cujusque
3046 3391 3290 3454 peccata,
3319 3383 3434 3438 hau:
3461 3385 3674 3455 quidem

2102 3474 2404 3528 communia
2450 3475 2570 3544 quis
2613 3473 2868 3544 etl'ugiet?
2911 3473 3166 3541 Quaenam
3208 3484 3384 3530 autem
3424 3491 3485 3530 ea
3513 3477 3676 3530 sunt?

2104 3563 2233 3632 Quis
2262 3574 2346 3620 est
2375 3564 2489 3620 dies
2521 3566 2572 3620 in
2613 3581 2717 3637 quo
2761 3580 2869 3620 non
2907 3565 3140 3635 segniter
3179 3581 3428 3633 oremus,
3459 3579 3515 3624 et
3553 3583 3673 3623 eum

2104 3671 2292 3726 magna
2316 3657 2669 3726 negligentia?
2695 3656 2846 3726 Quod
2865 3666 3038 3713 autem
3063 3658 3339 3714 boeetiam
3365 3660 3438 3716 ira
3460 3661 3674 3731 dignum

2103 3749 2173 3803 sit
2197 3789 2212 3814 ,
2240 3748 2365 3805 hinc
2392 3750 2514 3804 sciri
2543 3758 2736 3822 potest.
2773 3750 2868 3805 Dic
2894 3751 3034 3806 enim
3077 3751 3209 3810 mihi
3235 3769 3252 3807 ε
3281 3753 3327 3808 si
3355 3753 3420 3808 ad
3444 3753 3673 3824 judicent

2105 3839 2340 3894 oscitans
2366 3841 2714 3908 accessisses,
2757 3849 2814 3896 et
2853 3841 3123 3898 convictus
3165 3857 3348 3912 esses,
3391 3860 3496 3899 non
3525 3845 3593 3901 de
3623 3856 3676 3900 te

2104 3933 2282 3987 statim
2309 3933 2622 4002 sumpsisset
2656 3948 2875 4004 poenas,
2921 3944 2976 3990 et
3016 3934 3249 3990 misisset
3295 3936 3351 3990 in
3389 3936 3676 3991 exsilium?

2103 4022 2284 4090 Certe,
2316 4025 2490 4093 inquis
2519 4043 2533 4080 :
2561 4025 2722 4082 homo
2743 4027 2886 4082 enim
2913 4035 3014 4083 est.
3045 4029 3111 4082 Et
3129 4027 3253 4097 quid
3280 4029 3424 4081 tum?
3448 4029 3502 4082 Si
3531 4028 3673 4084 enim

2106 4115 2267 4170 homo
2290 4115 2509 4174 affectus
2535 4126 2618 4174 est
2657 4119 2979 4176 contumelia
2999 4159 3016 4184 ,
3046 4133 3150 4172 non
3195 4117 3352 4172 fuerit
3379 4133 3587 4186 aequum
3618 4127 3675 4171 ut

2103 4209 2399 4274 irascatur;
2427 4207 2495 4263 ab
2519 4224 2585 4264 eo
2605 4210 2749 4265 enim
2773 4208 3090 4264 contumelia
3114 4207 3330 4260 allectus
3351 4215 3455 4272 est,
3481 4206 3568 4275 qui
3593 4214 3675 4262 est

2104 4299 2154 4356 ei
2187 4301 2386 4355 honore
2412 4299 2674 4370 tequalis:
2706 4300 2841 4354 Deus
2867 4306 3045 4352 autem
3081 4297 3398 4352 contumelia
3431 4296 3671 4364 atl‘ectus,

2098 4391 2219 4464 jure
2242 4393 2556 4464 supplicium
2583 4392 2854 4454 intulerit;
2887 4389 3058 4460 majus
3082 4390 3222 4445 enim
3245 4397 3330 4444 est
3355 4389 3456 4444 hoc
3483 4405 3675 4459 pecca-

2105 4491 2217 4538 tum
2245 4499 2343 4550 eo,
2373 4484 2513 4552 quod
2541 4484 2601 4536 tit
2638 4483 2692 4536 in
2721 4482 3010 4540 hominem.
3044 4483 3109 4538 Et
3145 4480 3305 4536 homo
3330 4482 3543 4552 quidem
3575 4483 3675 4539 hoc

2103 4574 2258 4639 facit,
2286 4586 2530 4643 quaerens
2558 4573 2698 4640 quod
2725 4588 2878 4628 suum
2907 4581 2989 4628 est
3015 4589 3032 4625 :
3061 4573 3200 4630 Deus
3223 4583 3400 4628 autem
3427 4573 3566 4644 quod
3593 4583 3676 4630 est

2107 4672 2274 4716 tuum.
2303 4659 2657 4728 Quamobrem
2688 4661 2772 4716 vel
2803 4660 2904 4716 hoc
2931 4663 3144 4718 nomine
3165 4661 3362 4732 justius
3396 4663 3672 4718 irascatur.

2103 4750 2216 4806 Non
2245 4759 2328 4808 est
2355 4750 2496 4805 enim
2526 4751 2730 4821 aequale
2748 4789 2764 4815 ,
2794 4765 2888 4805 eos
2913 4760 3256 4808 contemnere
3280 4753 3371 4822 qui
3409 4769 3504 4808 sua
3532 4770 3676 4824 qua:-

2104 4853 2256 4908 runt,
2288 4851 2342 4897 et
2367 4856 2488 4897 eum
2527 4842 2617 4912 qui
2642 4859 2760 4914 qua:
2787 4852 2893 4897 tua.
2941 4843 3054 4899 iloc
3092 4843 3344 4912 majorem
3375 4847 3515 4900 enim
3543 4846 3674 4900 iram

2167 5013 2182 5044 ¹
2223 5019 2273 5061 tu
2310 5013 2540 5082 Hebraieo
2572 5016 2701 5060 totus
2750 5013 2886 5061 locus
2933 5013 2998 5060 ita
3052 4985 3524 5082 legiturKPrSD:
3546 5005 3674 5066 D‘ﬁ,

2103 5074 2309 5137 fremens
2331 5083 2415 5137 aut
2436 5073 2690 5137 indignans
2712 5087 2800 5137 per
2821 5085 3008 5127 omnem
3030 5070 3242 5137 dienam
3261 5070 3421 5137 nibliis
3435 5085 3553 5121 vero
3568 5085 3678 5133 quae

2101 5130 2314 5204 notaset
2337 5130 2574 5204 lectiones
2595 5130 2927 5204 ttexaplorum
2958 5137 3009 5190 in
3044 5135 3264 5204 margine
3301 5130 3546 5204 referunt,
3568 5130 3679 5204 cum

2105 5197 2212 5246 aliis
2251 5197 2537 5248 lectionibus
2570 5193 2984 5251 etiam'ltebrai'ca
3023 5197 3171 5246 verba
3212 5194 3384 5244 Grzecis
3418 5193 3573 5242 literis
3591 5195 3679 5242 de-

2105 5260 2280 5320 scripta
2302 5257 2595 5308 referuntur.
2619 5266 2667 5306 In
2688 5256 2964 5311 Colbertiuo
2985 5264 3149 5307 autem
3168 5255 3393 5319 quopiam
3409 5254 3579 5304 Codice
3604 5254 3680 5320 hic

2106 5331 2156 5396 in
2179 5319 2396 5396 margine
2413 5326 2596 5396 legitur
2611 5333 2796 5396 βαρέος,
2818 5340 2962 5390 (uti,
2987 5341 3082 5392 qua
3111 5338 3234 5396 voce
3257 5325 3543 5396 e_x_primitur
3569 5319 3678 5395 Din

2106 5390 2221 5440 illud
2258 5384 2554 5440 liebraicdm.
2578 5384 2960 5448 Cbrvsostomus'
2980 5384 3116 5448 vero,
3156 5393 3240 5437 aut
3283 5384 3510 5438 librarius
3552 5387 3680 5448 quis-

2108 5453 2231 5514 piam
2277 5454 2594 5521 existimavit,
2641 5443 2756 5501 ilind
2801 5464 2920 5514 ζυυνή
2965 5465 3077 5521 esse
3107 5443 3293 5520 ’νοσοίη
3321 5455 3528 5521 ϐςεςςθιη
3551 5443 3681 5521 ,ζῆν’

2108 5521 2378 5585 pntausque
2401 5516 2448 5562 in
2467 5515 2674 5585 Hebraeo
2691 5528 2777 5576 pro
2799 5527 2954 5578 ἡμιμν,
2977 5515 3139 5585 diem,
3159 5515 3366 5585 exprimi
3374 5519 3500 5585 tota:
3505 5515 3680 5585 sitfort}.

2109 5570 2170 5624 ita
2197 5570 2353 5636 posuit
2366 5610 2380 5633 ,
2403 5587 2424 5625 δ
2448 5585 2490 5626 δι
2511 5579 2663 5637 ἑδραῖος
2685 5570 2778 5640 δίᾳή
2799 5570 2918 5626 ea.
2940 5570 3072 5640 ml:
3099 5570 3325 5640 Item-iens
3345 5573 3452 5620 sive
3479 5570 3678 5640 Hebrai-

2108 5634 2387 5691 cus‘textus.
2413 5650 2498 5698 per
2521 5634 2664 5686 totam
2688 5638 2847 5686 vitam.
2870 5645 2962 5687 Nec
2983 5634 3178 5684 aliunde
3197 5644 3421 5698 errorem
3455 5634 3568 5680 oriri
3595 5643 3677 5694 po-

2105 5701 2260 5766 tuisse
2283 5692 2488 5766 videtur.
2513 5699 2714 5766 consule
2730 5699 2952 5766 .Hexapla
2969 5706 3130 5766 nostra
3153 5694 3210 5762 ad
3231 5695 3358 5742 hunc
3379 5692 3554 5766 locum.

2174 5764 2192 5793 ³
2213 5767 2328 5824 Reg.
2371 5761 2430 5808 Et
2450 5763 2680 5824 quomodo
2701 5753 2913 5823 quotidie
2936 5759 3026 5810 ira:
3047 5756 3183 5821 digni
3203 5753 3406 5806 mnus?
