4064 6206
419 262 488 319 97
1183 253 1240 308 S.
1282 249 1567 308 JOANNIS
1606 241 2098 306 CIIRYSOSTOIII
2131 243 2449 302 ARCHIEP.
2489 242 3034 302 CONSTANTINUP.
3607 243 3674 296 98

419 377 561 435 εἶδεν
591 378 905 438 ἀκολάστοις
932 371 1226 442 ὀφθαλμοῖς
1250 374 1518 441 γυναῖκα;
1554 370 1612 433 ὃς
1639 369 1738 422 οὐκ
1768 366 2003 436 ἐϐάσκη-

419 489 539 535 νεν;
564 470 623 534 ὃς
641 446 742 522 ούκ
763 463 1173 536 ἐκενοδόξησενς
1199 463 1257 526 ὃς
1279 464 1380 516 οὐκ
1402 460 1701 532 ἐφθέγξατο
1729 457 1880 529 ῥῆμα
1904 457 2002 527 ἀρ-

419 563 516 633 γόν
536 580 551 628 ;
575 562 760 615 Πάντα
790 560 847 613 δέ
877 556 1051 611 ταῦτα
1083 556 1187 609 ὑπὸ
1217 555 1437 609 κόλασιν
1467 551 1793 606 κεῖται.1(αῖ⁵
1824 550 1876 602 εί
1903 548 2000 618 μέν

421 654 552 726 περὶ
585 653 653 706 τά
684 649 913 723 βιωτικά
957 647 1032 720 μὴ
1077 647 1232 710 ὄντες
1275 645 1585 705 σπουδαῖοι,
1624 641 1761 713 μηδέ
1807 641 1865 692 ἐν
1891 642 2000 703 τοῖς

423 744 814 814 πνευματικοῖς
833 736 993 812 ἦμεν,
1034 737 1361 808 συγγνώμης
1391 735 1456 789 ἂν
1477 730 1617 804 ἦμεν
1645 733 1804 796 ἄξιον
1834 730 1927 784 νῦν
1944 731 2003 784 δὲ

421 837 517 892 καὶ
542 835 744 906 ταύτης
769 830 1197 902 ἀπεστερήμεθα
1216 830 1312 899 τῆς
1335 825 1652 894 ἀπολογίας.
1671 826 1780 878 Καὶ
1807 825 1910 896 γὰρ
1945 824 2003 878 ἐν

421 929 653 991 ἐκείνοις
673 925 772 998 μὲν
796 923 1153 994 ἐγρηγορότες
1188 921 1377 990 ἐσμὲν,
1406 919 1464 972 ἐν
1484 917 1692 980 τούτοις
1715 917 1773 970 δέ
1800 918 2003 970 ἀναπε-

422 1021 720 1082 πτωκότες.
739 1018 902 1069 Ὥστε
933 1015 990 1068 δέ
1027 1013 1102 1084 μὴ
1130 1011 1424 1074 ἀκούοντας
1449 1050 1464 1074 ,
1499 1010 1578 1063 ὅτι
1615 1007 1999 1080 μακρόθυμος,

424 1109 829 1183 ῥᾳθυμοτέρως
839 1105 1108 1174 γενέσθαι,
1129 1104 1405 1174 ἐπήγαγεν
1424 1119 1437 1132 ·
1472 1101 1616 1156 Ἐὰν
1629 1101 1714 1171 μὴ
1731 1103 2006 1168 ἐπιστρα-

421 1203 596 1273 φῆτε,
631 1198 1062 1268 τὴν-ῥομφαίαν
1089 1193 1278 1249 αὑτοῦ
1312 1193 1653 1248 στιλϐὡσει.
1691 1195 1918 1264 ’Έτερος
1946 1189 2007 1244 δέ

422 1310 577 1366 φησι,
598 1291 721 1359 Τὴν
740 1289 1043 1359 μάχαιραν
1062 1287 1247 1341 αὐτοῦ
1273 1283 1581 1351 ἀκονήσει.
1610 1287 1678 1340 Τὸ
1703 1286 1882 1350 τόξον
1902 1287 2005 1339 οὐ·

422 1384 528 1437 τοῦ
543 1380 821 1444 ἐνέτεινε,
838 1378 936 1431 καὶ
954 1377 1282 1446 ἡτοίμασεν
1295 1376 1462 1430 αὐτό.
1473 1375 1664 1438 Ἀλλος
1680 1391 1752 1445 φη
1761 1375 1867 1438 σίν,
1881 1375 2007 1429 Ἐκ-

422 1473 583 1528 τενεῖ
601 1485 650 1528 ει.
681 1471 788 1526 Καὶ
818 1471 888 1526 ὲν
916 1469 1077 1534 αὺτῷ
1102 1469 1391 1538 ἡτοίμασε
1408 1469 1596 1535 σκεύη
1627 1465 1905 1522 θανάτου.
1930 1467 2007 1520 Τὰ

418 1563 578 1630 βέλη
613 1562 800 1633 αὐτρῦ
830 1560 953 1626 τοῖς
987 1559 1328 1630 καιομένοις
1365 1556 1777 1629 ἐξειργάσατο.
1815 1557 2006 1621 Ἀλλος

426 1657 612 1729 φησὶν,
640 1657 742 1721 Εἰς
763 1654 827 1708 τὸ
857 1654 1068 1708 καίειν.

501 1865 587 1912 ια’.
616 1857 682 1910 Τί
706 1853 940 1909 ἐνταῦθα
967 1851 1181 1924 ἐροῦσιν
1205 1850 1254 1903 οἱ
1282 1846 1747 1918 ἀνθρωπόμορφον
1766 1846 1858 1900 τὸν
1875 1845 2006 1900 Θεὸν

425 1946 694 2014 λέγοντες,
755 1946 819 1996 ἐκ
859 1940 954 1993 τού
1003 1937 1258 2008 λέγεσθαι
1309 1939 1498 2006 χεῖρας
1541 1935 1638 1987 καὶ
1698 1933 1866 1998 πόδας
1914 1932 2009 1986 καί⁸

426 2031 736 2103 ὀφθαλμοὺς
783 2028 959 2099 ἔχεινς
1000 2021 1150 2096 *Αρα
1190 2022 1321 2088 τόξα
1367 2022 1514 2086 άνω,
1576 2021 1670 2074 καὶ
1719 2019 1870 2091 βέλη,
1915 2021 2009 2074 καὶ

427 2121 596 2191 ἀκόνη
619 2159 636 2184 ,
671 2118 765 2172 καὶ
799 2117 1074 2188 μάχαιρα,
1107 2112 1202 2166 καὶ
1245 2111 1523 2182 φαρέτρα;
1565 2109 1676 2162 Καὶ
1719 2109 1825 2180 μὴν
1853 2107 2009 2172 ἄλλος

429 2208 592 2278 φησίν
613 2223 626 2236 ·
667 2207 770 2260 Ἐν
801 2202 882 2266 τῷ
920 2198 1241 2267 ἐπιϐλέψαι
1266 2215 1370 2263 σε,
1401 2195 1882 2266 ταωχθήσονται
1909 2195 2008 2250 ἐπὶ

429 2295 545 2349 σοῦ
577 2292 708 2360 ὄρη.
746 2291 856 2344 Καὶ
887 2288 1049 2351 αὐτὸς
1077 2282 1276 2351 ιοῦτοςο
1318 2285 1372 2338 Ὀ
1402 2284 1740 2338 ἐπιϐλέπων
1760 2283 1858 2336 ἐπὶ
1897 2281 2012 2349 τὴν

430 2382 568 2453 τῆν,
603 2381 699 2434 καί
741 2376 929 2432 ποιῶν
965 2373 1160 2442 αὐτὴν
1190 2373 1442 2442 τρέμειν.
1477 2373 1538 2425 Εἰ
1572 2371 1628 2424 δέ
1666 2371 1807 2442 ὀρῶν
1852 2371 2010 2442 μόνον

428 2471 529 2540 τὴν
557 2468 684 2538 γῆν,
714 2465 808 2520 καὶ
847 2463 1010 2518 λίθων
1053 2463 1209 2534 τήκει
1237 2460 1426 2529 φύσιν,
1476 2457 1656 2528 πολλῷ
1691 2457 1892 2528 μᾶλλον
1922 2458 2009 2511 ἐπ’

428 2554 732 2625 ἀνθρώπων
790 2549 938 2604 τοῦτο
978 2549 1291 2620 δυνήσεται.
1332 2545 1489 2609 Τίνος
1541 2541 1635 2598 οὖν
1679 2545 1862 2598 ἕνεκεν
1903 2543 2011 2598 ἀπὸ

428 2641 524 2695 τοῦ
558 2640 716 2712 μόνον
746 2639 874 2692 ἰδεῖν
901 2633 1277 2706 καταστρέψαι
1307 2633 1606 2703 δυνάμενος
1634 2631 1731 2704 τὴν
1759 2631 2013 2703 οἰκουμέ-

429 2727 778 2800 νην,⁶μᾶλλον
805 2726 861 2780 δὲ
889 2725 998 2779 ἀπὸ
1020 2722 1114 2778 τοῦ
1162 2721 1417 2792 ἐθελῆσαι
1446 2721 1608 2792 μόνον
1635 2720 1682 2791 (ό
1719 2721 1830 2791 γὰρ
1853 2719 2012 2791 θελή-

433 2835 563 2890 ματι
593 2817 751 2889 μόνον
778 2816 1009 2885 ποιήσας
1034 2811 1223 2884 αὐτὴν,
1251 2811 1472 2883 εὔδηλον
1509 2812 1594 2865 ὅτι
1627 2811 1722 2863 καὶ
1747 2810 2012 2881 θελήματι

433 2906 579 2978 μόνῳ
609 2903 816 2958 ἀνελεῖν
852 2900 1116 2969 δύναται),
1151 2897 1270 2971 [68]
1301 2897 1518 2966 λέγεται
1565 2895 1838 2966 ῥομφαίαν
1869 2894 2013 2965 ἔχειν

430 2994 526 3047 καὶ
557 2993 740 3058 τόξον;
803 2991 866 3044 Et
896 2987 1007 3058 γὰρ
1045 2988 1149 3040 Ἐν
1181 2983 1257 3052 τῇ
1286 2983 1436 3053 χειρὶ
1467 2981 1656 3036 αὑτοῦ
1681 2981 1755 3035 τὰ
1790 2982 2014 3049 πέρατα

431 3078 542 3146 τῆς
569 3077 703 3148 γῆς,
737 3076 845 3130 Καὶ
877 3077 930 3130 οί
961 3071 1337 3136 ἐνοικοῦντες
1360 3070 1430 3124 ἐν
1451 3067 1628 3136 αὐτῇ,
1649 3069 1730 3134 ὡς
1749 3067 2009 3136 ἀκρίδες·

432 3165 528 3219 καὶ
555 3165 756 3218 Πὰντα
779 3161 850 3216 τὰ
873 3161 1018 3226 ἔθνη
1039 3159 1120 3224 ὡς
1147 3155 1389 3226 σταγὼν
1413 3155 1532 3211 ἀπὸ
1568 3155 1781 3218 κάδον,
1804 3154 1904 3210 καὶ
1931 3155 2014 3222 ὡς

426 3251 592 3321 ῥοπὴ
629 3249 807 3322 ζυγοῦ
835 3246 1265 3318 λογισθήσεται
1285 3261 1300 3278 ·
1337 3245 1433 3299 καὶ
1463 3245 1493 3298 ό
1517 3244 1746 3313 άγγελος
1767 3244 1825 3298 δέ
1847 3243 2011 3298 αὐτοῦ

434 3337 688 3404 ἐξελθὼν,
722 3337 782 3389 ἐν
816 3335 1044 3406 βραχείᾳ
1073 3332 1267 3402 καιροῦ
1302 3334 1441 3404 ῥοπῇ
1469 3332 1663 3386 ἑκατὸν
1689 3333 2014 3404 ὁγδοήκοντα

435 3425 598 3478 πέντε
631 3422 874 3494 χιλιάδας
906 3421 1108 3475 ἀνεῖλε·
1159 3419 1210 3472 τί
1245 3420 1388 3489 λέγω
1417 3419 1681 3489 άγγελοςς
1720 3423 1874 3491 μυῖαι
1918 3421 2014 3474 καὶ

435 3511 657 3580 κάμπαι
680 3510 774 3564 καὶ
796 3507 1078 3578 σκώληκες
1104 3507 1166 3561 τδ
1192 3507 1302 3562 τῶν
1321 3507 1632 3578 Αἰγυπτίων
1653 3507 2013 3580 στρατόπεδον

434 3595 756 3652 ἀπώλεσανο
789 3595 892 3649 ποῦ
939 3594 1094 3660 τόξου
1133 3593 1324 3650 αὐτόθι.
1351 3594 1539 3667 χρείας
1593 3593 1694 3648 πού
1725 3593 1782 3647 δὲ
1819 3593 2015 3666 μαχαί-

439 3700 576 3756 ρας;
616 3683 772 3748 Τίνος
815 3677 908 3736 οὖν
937 3682 1122 3735 ἕνεκεν
1145 3681 1317 3734 ταῦτα
1345 3681 1595 3753 είρηται;
1643 3683 1742 3734 Διά
1779 3681 1879 3752 τὴν
1905 3681 2014 3734 τῶν

437 3770 747 3826 ἀκουόντων
795 3767 1104 3840 παχύτητα,
1149 3767 1244 3821 καὶ
1285 3767 1424 3821 ῶστε
1474 3770 1586 3832 τοῖς
1632 3767 1857 3839 ὀνόμασι
1901 3769 2015 3832 τοῖς

439 3857 756 3929 συντρόφοις
795 3855 904 3908 τῶν
951 3855 1132 3909 ὃπλων
1169 3859 1493 3910 κατασεῖσαι
1535 3855 1716 3909 αὐτῶν
1753 3853 1852 3925 τὴν
1896 3853 2014 3908 διά-

437 3962 603 4001 νοιαν.
633 3937 707 3999 Οὗ
733 3943 842 4016 γάρ
868 3944 926 3997 ἐν
951 3946 1018 4016 τῇ
1051 3943 1195 4014 χειρὶ
1227 3943 1260 4014 ἡ
1288 3943 1427 4014 πνοὴ
1468 3943 1687 3998 πάντων
1711 3943 1890 4014 ἡμῶν,
1921 3941 2016 3996 καλ⁵

435 4025 500 4085 οὗ
531 4031 672 4086 κατά
703 4031 994 4103 πρόσωπον
1041 4029 1245 4102 ψύχους
1289 4030 1454 4084 αὐτοῦ
1482 4029 1733 4101 οὐδαμῶς
1759 4047 1844 4094 τις
1880 4029 2016 4083 ὑπο-

437 4120 730 4190 στήσεται,
766 4118 882 4182 πῶς
925 4117 1104 4172 ὃπλων
1147 4119 1229 4172 δεῖ
1256 4119 1472 4190 τούτῳ;
1508 4117 1648 4172 Ἀλλ’
1679 4119 1815 4188 ὅπερ
1845 4116 2016 4188 ἔφθην

436 4205 628 4273 εἰπὼν,
657 4205 746 4260 διὰ
770 4207 870 4278 τὴν
905 4204 1193 4276 παχύτητα
1232 4205 1328 4259 καὶ
1367 4205 1464 4276 τὴν
1511 4204 1866 4274 ἀναισθησίαν
1908 4201 2016 4256 τῶν

437 4294 748 4350 ἀκουόντων
791 4292 932 4346 οὕτω
981 4291 1156 4346 ταῦτα
1205 4291 1441 4363 εἴρηται.
1495 4291 1561 4344 Τί
1606 4291 1666 4346 δέ
1720 4293 1856 4356 ἐστι,
1905 4288 2018 4344 Kal

436 4382 793 4445 στιλϐὠσει;
837 4379 1136 4450 Ἀκονὴσει.
1168 4374 1317 4448 *Λρα
1348 4373 1443 4432 οὖν
1471 4378 1567 4431 καὶ
1595 4377 1798 4448 ἀκόνης
1823 4375 2013 4448 χρεία;

437 4471 536 4524 καλ⁵
567 4469 645 4534 ῖδς
671 4469 802 4540 περὶ
849 4466 947 4537 τὴν
982 4465 1288 4536 μάχαιραν;
1321 4466 1430 4518 Καὶ
1456 4463 1540 4526 τίς
1573 4463 1640 4518 ἀν
1666 4463 1859 4526 ταῦτα,
1892 4462 2016 4516 νοῦν

439 4557 598 4626 ἔχων,
619 4554 864 4621 ἀνέξεται
885 4551 1059 4615 οὕτως
1082 4550 1330 4606 ἐκλαϐεῖν
1352 4551 1428 4615 ὡς
1449 4551 1663 4622 εἴρηται
1683 4567 1698 4616 ;
1717 4549 1856 4602 Ἀλλ’
1877 4549 2017 4621 ὅπερ

440 4643 611 4714 ἔφθην
642 4642 834 4706 εἰπὼν,
861 4641 961 4711 τὴν
990 4640 1260 4711 τιμωρίαν
1285 4638 1374 4692 διά
1417 4638 1636 4692 πάντων
1669 4636 2015 4708 σχηματίζει,

441 4729 537 4783 καὶ
560 4729 653 4782 ἐπὶ
671 4727 742 4780 τά
763 4725 1049 4798 παχύτερα
1077 4725 1344 4796 πρόεισιν,
1366 4725 1507 4778 ὥστε
1536 4725 1631 4779 καὶ
1657 4724 1783 4788 τοὺς
1811 4724 2030 4796 σφόδρα’

440 4815 702 4885 ἀνοήτους
735 4813 984 4877 συνιδεῖν,
1011 4813 1095 4866 ὅτι
1124 4813 1188 4865 ού
1225 4813 1304 4866 δεῖ
1339 4814 1462 4877 ταῖς
1489 4811 1666 4879 λέξεσι
1693 4811 2020 4884 παρακαθῆ-

444 4902 589 4965 σθαι,
615 4901 750 4956 ἀλλά
779 4901 1098 4970 θεοπρεπεῖς
1124 4899 1332 4963 ἐννοίας
1361 4901 1427 4953 ἐκ
1461 4898 1667 4955 τούτων
1695 4899 2014 4970 λαμϐάνειν.

444 4989 608 5043 Ὥστε
637 4989 690 5042 εί
712 5005 795 5053 τις
819 4988 1016 5058 ἀπορεῖ
1044 4987 1190 5052 τίνος
1214 4986 1399 5041 ἐνεκεν
1427 4987 1600 5060 θυμὸς
1643 4989 1858 5061 εἴρηται
1887 4988 2017 5058 περὶ

441 5077 578 5132 Θεοῦ
607 5078 702 5132 καὶ
729 5076 889 5148 ὀργὴ,
917 5073 1096 5147 πολλῷ
1137 5073 1338 5146 μᾶλλον
1362 5073 1567 5129 τούτων
1595 5075 1782 5130 ἕνεκεν
1807 5075 2020 5147 ἀπορή-

443 5183 548 5222 σει.
599 5167 663 5221 Et
700 5166 758 5220 δέ
796 5163 971 5220 ταῦτα
1015 5164 1114 5236 οὐχ
1151 5163 1228 5228 ὡς
1271 5162 1486 5236 εἴρηται
1518 5164 1839 5236 ἐκληπτέον,
1883 5162 2020 5218 ἀλλά

506 5380 532 5411 ⁸
553 5378 666 5431 Duo
687 5391 802 5428 mss.
822 5375 1009 5426 ἐντενεῖ.
1025 5375 1144 5425 Haec
1158 5373 1506 5438 interpretatio
1525 5375 1724 5426 videtur
1744 5385 1856 5423 esse
1877 5373 2020 5434 Sym-

443 5449 624 5497 macht:
653 5449 803 5498 lectio
824 5446 1062 5496 Hebraica
1077 5451 1155 5494 est
1171 5443 1522 5521 Ττῐιειειιάίις
1541 5447 1709 5496 ὄντενεῖ
1729 5450 1867 5494 certe
1887 5443 2020 5521 bene

442 5522 678 5588 egprignit
704 5535 870 5588 \‘pcem
895 5517 1210 5588 Hebr-aiam;
1232 5517 1630 5588 intenditggcum
1650 5519 2018 5588 sellicet,_tx-_re-

446 5579 681 5632 vd'etiam
701 5584 807 5631 sive
829 5579 1064 5642 extendit,
1089 5579 1369 5642 oppbrtune
1391 5582 1669 5631 adhibetur.
1693 5581 1913 5631 Lectoris
1935 5581 2014 5641 ju-

442 5643 572 5694 dicio
593 5641 922 5706 permittimus
937 5641 1083 5706 quam
1100 5641 1240 5694 mam
1265 5643 1531 5696 lectionem
1548 5643 1801 5706 adoptare.

2104 359 2440 432 θεοπρεπῶς,
2457 362 2673 432 εύοηλον
2689 362 2771 415 ὅτι
2797 361 2892 414 καὶ
2918 359 2986 413 τά
3010 361 3138 430 περὶ
3161 359 3334 430 θυμοῦ
3364 358 3457 411 καὶ
3483 356 3670 426 όργῆςο

2103 449 2135 520 ἠ
2176 447 2230 501 δέ
2257 447 2502 522 παχύτης
2525 449 2635 502 τῶν
2663 447 2883 510 λέξεων,
2917 446 3054 499 ὥστε
3088 445 3410 500 καθικέσθαι
3436 445 3534 510 τῆς
3567 444 3674 495 τῶν

2105 537 2385 608 ἀκροατῶν
2425 540 2750 612 παχύτητος.
2788 537 2887 590 Διά
2927 553 3008 589 τοι
3035 535 3192 589 τοῦτο
3217 534 3336 588 ούδέ
3363 533 3476 597 τοῖς
3521 534 3674 602 εἱρηο

2108 624 2293 694 μένοις
2323 627 2564 697 ἠρκέσθη
2589 668 2605 693 ,
2639 626 2752 679 ἀλλ’
2781 624 2862 678 ἔτι
2903 623 3143 694 πρόεισιν
3186 621 3279 676 ἐπὶ
3305 619 3365 673 τὸ
3405 618 3677 690 ἀνθρωπι-

2105 713 2365 788 νώτερον,
2411 714 2501 766 τὸν
2531 713 2693 782 φόϐον
2723 711 2921 780 αὔξων.
2959 711 3033 764 Ού
3067 709 3174 782 γὰρ
3203 706 3475 780 ῥομφαίαν
3514 703 3676 757 αὐτὸν

2104 801 2294 873 ἔχοντα
2327 803 2534 870 είσάγει
2565 802 2745 874 μόνον,
2773 799 2908 855 ἀλλά
2933 801 3028 854 καὶ
3053 797 3425 868 ὁπλιζόμενον.
3455 791 3675 862 Ἐπειδὴ

2103 889 2213 962 γὰρ
2242 890 2340 960 οὐχ
2366 890 2562 960 ὁμοίως
2590 907 2674 954 τις
2703 889 2942 958 φοϐεῖται
2973 887 3206 949 ἀκούων,
3231 888 3313 940 ὅτι
3349 883 3609 937 ἀκονᾶται
3639 883 3674 949 ἡ

2107 977 2384 1049 μάχαιρα,
2434 979 2523 1032 καῖ
2569 977 2649 1031 ὅτι
2695 975 2758 1030 τὸ
2803 976 2954 1042 τόξον
2997 974 3134 1046 μετά
3166 975 3372 1044 χεῖρας,
3417 968 3524 1022 ἀπὺ
3563 966 3678 1018 τῶν

2102 1064 2456 1136 ἀνθρωπίνων
2497 1066 2793 1137 σχημάτων
2838 1063 3116 1118 κατασείει
3162 1060 3259 1132 τὴν
3287 1059 3524 1113 διάνοιαν
3567 1053 3677 1108 τῶν

2103 1157 2428 1221 ἀκουόντων,
2476 1155 2680 1225 λέγων·
2723 1155 2795 1210 Τό
2824 1154 3004 1218 τόξον
3038 1150 3224 1206 αὑτοῦ
3263 1148 3540 1207 ἐνέτεινε,
3579 1142 3678 1195 καὶ

2102 1244 2434 1314 ἡτοίμασεν
2468 1244 2619 1297 αὑτό
2639 1257 2654 1273 ο
2697 1241 2876 1310 φοϐῶν
2921 1240 3011 1293 τδν
3055 1236 3348 1299 ἀκούοντα,
3401 1231 3536 1303 ὁμοῦ
3583 1229 3678 1282 καὶ

2103 1331 2203 1402 τὴν
2237 1331 2613 1404 μακροθυμίαν
2643 1332 2735 1386 καὶ
2767 1330 2865 1402 τὴν
2910 1327 3081 1400 ὀργὴν
3130 1321 3561 1392 ἐνδεικνύμενος.
3600 1317 3676 1369 Ού

2105 1421 2214 1494 γὰρ
2255 1418 2426 1488 εἶπεν,
2475 1423 2704 1494 ἀφῆκεν,
2748 1421 2892 1484 οὐδὲ,
2941 1418 3154 1484 ἔλαϐεν,
3196 1412 3333 1478 ἀλλ’,
3388 1408 3677 1465 Ἐνέτεινε

2105 1509 2203 1563 καὶ
2245 1510 2570 1579 ἡτοίμασε·
2613 1508 2889 1562 τουτέστιν
2909 1501 3186 1576 ,Ἕτοιμός
3231 1504 3347 1554 ἐστι
3391 1499 3528 1567 πρὸς
3578 1495 3678 1564 τὴν

2105 1599 2318 1666 ἄφεσιν.
2354 1598 2463 1651 Καὶ
2496 1597 2550 1650 τί
2601 1595 2923 1668 θαυμάζεις,
2971 1593 3021 1646 εί
3063 1593 3120 1645 ἐν
3149 1593 3212 1661 τῇ
3251 1587 3464 1656 Παλαιᾷ
3505 1581 3680 1642 οὕτως

2107 1688 2342 1758 εἴρηται,
2373 1687 2573 1756 δπουγε
2607 1687 2702 1740 καὶ
2740 1687 2797 1738 ἐν
2823 1686 2890 1754 τῇ
2916 1683 3090 1752 Καινῇ
3137 1677 3410 1738 Ἰουδαίοις
3435 1669 3678 1738 διαλεγό-

2111 1792 2271 1846 μενος
2301 1777 2330 1828 ό
2367 1775 2620 1847 Ἰωάννης
2663 1773 2902 1827 τοιοῦτόν
2935 1789 2987 1826 τι
3021 1770 3205 1839 λέγεις
3239 1767 3382 1833 Ἤδη
3411 1762 3480 1816 δὲ
3509 1759 3618 1847 καί
3637 1758 3678 1823 ἢ

2109 1843 2286 1930 ἀξίνη
2323 1862 2468 1932 πρὸς
2487 1843 2603 1930 τὴν
2630 1861 2797 1930 ῥίζαν
2824 1860 2944 1914 τῶν
2961 1858 3224 1927 δένδρων
3247 1854 3452 1908 κεῖται.
3477 1849 3540 1902 Τί
3561 1843 3677 1911 ούν;

2108 1949 2370 2020 δρυτόμον
2407 1952 2436 2004 ό
2469 1948 2600 2012 Θεὸς
2633 1950 2878 2020 μιμεῖται
2908 1946 3064 2017 ἀξίνῃ
3093 1945 3363 1999 κόπτοντα
3388 1937 3551 2003 ξύλα;
3582 1934 3681 1987 καὶ

2109 2036 2298 2107 ἀξίνην
2343 2035 2642 2108 ἐκληπτέον
2689 2036 2784 2090 καὶ
2829 2035 2995 2098 ξύλας
3042 2034 3257 2098 Ἀπαγε
3279 2045 3294 2060 ’
3328 2027 3517 2108 ὥσπερ
3559 2020 3681 2108 ούδέ

2110 2105 2290 2196 ἄχυρα
2327 2125 2423 2179 καὶ
2457 2105 2621 2186 σῖτον,
2667 2124 2796 2177 ὅταν
2839 2121 2972 2192 λέγῃ
2993 2135 3008 2150 ⁹
3053 2114 3137 2174 οὗ
3177 2116 3247 2170 τι)
3285 2115 3476 2168 πτύον
3504 2105 3575 2163 ἐν
3606 2105 3683 2196 τῇ

2110 2194 2262 2284 χέιρι
2294 2214 2480 2269 αὐτοῦ
2499 2251 2516 2276 ,
2563 2211 2663 2266 καί
2691 2208 3057 2280 διακαθαριεῖ
3084 2206 3200 2273 τὴν
3227 2205 3430 2259 ἅλωνα
3471 2194 3680 2260 αὐτοῦ.

2110 2301 2210 2354 καί
2245 2300 2350 2354 τὸν
2366 2300 2486 2369 μὲν
2509 2299 2683 2354 σῖτον
2708 2297 2966 2362 συνάξει
2987 2299 3076 2362 εις
3102 2293 3216 2361 τὴν
3238 2289 3554 2358 ἀποθήκην
3574 2287 3683 2340 αὑ·-

2110 2389 2238 2450 τοῦ,
2267 2388 2336 2443 τὸ
2357 2388 2425 2442 δὲ
2451 2388 2682 2458 ἄχυρον
2701 2387 3066 2442 κατακαύσει
3096 2383 3237 2451 πυρὶ
3265 2380 3562 2440 ἀσϐέστῳ.
3587 2374 3684 2437 Τίς

2110 2474 2204 2533 οὖν
2229 2479 2376 2532 ἐστιν
2405 2479 2439 2548 ὴ
2469 2477 2655 2548 ἀξίνη;
2696 2477 2763 2530 Ἡ
2799 2475 3038 2546 τιμωρία
3065 2474 3160 2528 καὶ
3201 2473 3236 2542 ἡ
3275 2470 3512 2530 κόλασις.
3550 2467 3683 2519 Τίνα

2109 2567 2168 2622 δέ
2199 2565 2266 2620 τὰ
2305 2565 2525 2634 δένδρα;
2558 2565 2621 2617 Ol
2667 2563 2966 2635 ἄνθρωποι.
3014 2561 3146 2614 Τίνα
3177 2559 3235 2614 δέ
3273 2557 3340 2612 τὰ
3369 2557 3580 2628 ἀχυρα;
3619 2555 3682 2606 Οἱ

2111 2653 2326 2724 φαῦλοι.
2381 2653 2530 2717 Τίςό
2561 2653 2740 2714 σῖτος;
2774 2650 2837 2704 Οἱ
2865 2648 3110 2720 χρηστοί.
3163 2645 3229 2700 Τί
3274 2645 3334 2700 τὺ
3379 2643 3580 2706 πτύον;
3621 2639 3680 2693 Ἠ

2111 2743 2400 2816 διάκρισις.
2452 2739 2610 2794 Οὕτω
2656 2738 2750 2794 καὶ
2791 2737 3026 2792 ἐνταῦθα
3072 2735 3335 2808 ῥομφαία,
3374 2733 3468 2787 καὶ
3511 2731 3683 2797 τόξον,

2113 2830 2209 2884 καὶ
2243 2829 2393 2900 βέλη,
2426 2829 2460 2899 ἡ
2488 2827 2708 2890 κόλασις
2742 2827 2834 2880 καὶ
2879 2827 2911 2896 ἡ
2949 2823 3191 2896 τιμωρία
3215 2821 3390 2876 ἐστίν.
3415 2817 3548 2874 Εἶτα
3587 2822 3687 2888 τὴν

2117 2917 2392 2989 μέλλησιν,
2423 2913 2599 2968 καὶτὸ
2626 2913 2992 2983 ἀφεστηκέναι
3025 2911 3121 2982 μέν
3145 2911 3245 2982 τὴν
3273 2910 3564 2982 τιμωρίαν,
3609 2909 3685 2979 μὴ

2113 3001 2250 3056 πολὺ
2269 3001 2327 3054 δὲ
2353 3000 2742 3072 ἀφεστηκέναι,
2764 2999 2879 3054 ἀλλ’
2907 2999 2999 3052 ἐπὶ
3025 2998 3216 3070 θύραις
3241 2994 3400 3060 εἶναι,
3418 2997 3496 3067 τῷ
3515 2999 3687 3051 τεῖναι

2113 3091 2208 3145 καὶ
2239 3087 2525 3161 ἑτοιμάσαι
2555 3087 2888 3161 παρέστησε.
2917 3087 3034 3160 [69]
3075 3087 3249 3158 Σκεύη
3279 3087 3334 3141 δὲ
3361 3085 3586 3141 θανάτου
3621 3087 3689 3140 τά

2116 3177 2243 3249 βέλη
2276 3175 2459 3249 φησίν.
2488 3175 2700 3247 Ὥσπερ
2743 3175 2913 3246 σκεύη
2949 3176 3259 3246 γεωργίας,
3316 3174 3382 3228 τά
3414 3175 3691 3246 γεωργίαν

2115 3263 2398 3318 ποιοῦντα·
2433 3261 2527 3318 καί
2556 3261 2852 3327 ναυτιλίας,
2883 3261 2952 3316 τά
2981 3261 3132 3315 πλεῖν
3163 3264 3312 3334 ἡμᾶς
3337 3265 3689 3334 παρασκευά-

2115 3351 2306 3419 ζοντα⁸
2349 3353 2444 3406 καὶ
2475 3351 2795 3423 ὑφαντικῆς,
2840 3351 2910 3406 τά
2948 3351 3190 3418 ὑφαίνειν
3226 3351 3514 3406 ποιοῦντα·
3545 3353 3694 3408 οὕτω

2114 3443 2210 3498 καὶ
2255 3440 2486 3496 θανάτου
2537 3439 2706 3510 σκεύη
2728 3480 2744 3506 ,
2791 3439 2860 3492 τά
2903 3436 3132 3494 θάνατον
3161 3439 3522 3511 ἐργαζόμενα.
3554 3439 3690 3496 Εἶτα

2115 3528 2431 3602 ἑρμηνεύων
2455 3527 2576 3581 τίνα
2605 3527 2722 3580 ἐστὶ
2759 3526 2830 3580 τά
2879 3525 3048 3598 σκεύη
3073 3525 3168 3580 τοῦ
3199 3527 3428 3582 θανάτου
3469 3529 3688 3598 ἐπάγει,

2119 3617 2198 3672 Τὰ
2235 3615 2395 3685 ,βέλη
2441 3613 2629 3670 αὐτοῦ
2651 3653 2668 3679 ,
2703 3613 2919 3678 δεικνὺς
2954 3612 3014 3667 τὺ
3047 3614 3212 3685 τάχος
3257 3615 3356 3687 τῆς
3401 3617 3688 3688 τιμωρίας,

2113 3705 2239 3761 ὅταν
2292 3701 2546 3776 βουληθῇ.
2591 3702 2657 3756 Τί
2704 3702 2762 3757 δέ
2811 3704 2946 3767 ἐστι,
3008 3701 3136 3769 Τοῖς
3172 3703 3538 3774 καιομένοις;
3565 3705 3692 3770 Τοῖς

2113 3791 2570 3864 τιμωρουμένοις,
2619 3791 2733 3854 τοῖς
2781 3787 3185 3859 κολαζομένοις.
3221 3787 3354 3844 Εἶτα
3396 3792 3495 3846 οὐκ
3531 3792 3695 3863 ἀρκεῖ

2115 3881 2178 3934 τδ
2205 3879 2336 3949 πῦρ,
2365 3876 2506 3932 ἀλλά
2529 3877 2698 3948 βελῶν
2725 3877 2919 3950 χρεία;
2969 3878 3130 3950 Ὁρᾷς
3157 3879 3186 3920 δ
3207 3880 3288 3932 ὅτι
3317 3880 3494 3934 πάντα
3523 3897 3692 3950 μετα-

2116 3967 2357 4039 φορικῶς
2403 3968 2614 4038 είρηται
2670 3967 2763 4019 καὶ
2816 3966 3194 4036 ἐμφαντικῶς,
3262 3968 3356 4021 καὶ
3414 3967 3554 4021 ὥστε
3599 3967 3694 4023 διὰ

2117 4057 2333 4110 πάντων
2357 4054 2660 4126 αὐξηθῆναι
2686 4055 2778 4108 τὸν
2804 4055 3002 4124 φόϐον;
3045 4057 3111 4106 Ὃ
3139 4053 3246 4123 γάρ
3274 4053 3420 4122 λέγει
3447 4055 3694 4110 τοιοῦτόν

2117 4143 2266 4196 ἐστι·
2294 4142 2592 4212 Ἦτοίμασε
2623 4141 2724 4207 τάς
2763 4143 3032 4213 τιμωρίας
3063 4144 3176 4202 τοῖς
3221 4139 3474 4209 μέλλουσι
3514 4159 3696 4212 τιμω-

2121 4231 2350 4303 ρεῖσθαι.
2409 4231 2547 4286 Ἀλλ’
2595 4233 2646 4285 εί
2697 4232 2772 4304 μὴ
2813 4229 2988 4294 οὕτως
3031 4226 3204 4292 εἶπεν,
3264 4229 3363 4282 οὐκ
3403 4229 3470 4282 ἂν
3516 4229 3696 4295 οὕτως

2119 4317 2354 4390 ἔπληξε·
2384 4319 2481 4374 νῦν
2505 4319 2566 4372 δέ
2589 4318 2782 4390 βελῶν,
2809 4319 2904 4372 καὶ
2932 4317 3224 4388 ῥομφαίας,
3254 4316 3350 4368 καὶ
3385 4316 3565 4383 τόξου,
3596 4321 3696 4373 καί¹

2117 4407 2404 4478 ἀφέσεως,
2454 4407 2550 4462 καὶ
2601 4406 2842 4472 τάσεως,
2897 4404 2994 4460 καὶ
3043 4403 3252 4458 σκευῶν
3309 4403 3538 4458 θανάτου
3595 4408 3695 4460 καὶ

2118 4495 2449 4570 ἐμπρησμοῦ
2483 4494 2877 4568 μνημονεύσας,
2909 4497 2973 4566 τῇ
3002 4493 3244 4565 ποικιλίᾳ
3273 4494 3382 4548 τῶν
3411 4496 3695 4567 ὀνομάτων

2118 4583 2361 4638 ἐπέτεινε
2393 4583 2493 4654 τὴν
2525 4579 2783 4650 ἀγωνίαν.
2829 4577 2960 4634 Εἶτα
2999 4581 3494 4653 παραμυθούμενος
3529 4583 3694 4637 πάλιν

2117 4671 2208 4726 τὸν
2249 4671 2435 4741 φόϐον,
2482 4669 2748 4740 ἐπήγαγε,
2792 4667 2920 4736 Τοῖς
2939 4665 3291 4742 καιομένοις.
3323 4670 3441 4725 Ἵνα
3469 4671 3576 4742 γὰρ
3616 4673 3695 4742 μὴ

2118 4761 2318 4835 νομίσῃ
2345 4777 2429 4824 τις
2450 4757 2558 4812 τῶν
2583 4754 2974 4828 ἀνοητοτέρων,
3003 4756 3096 4810 ἐπὶ
3119 4755 3328 4822 πάντας
3356 4758 3517 4811 αὑτὸν
3537 4759 3692 4824 άγειν

2119 4847 2218 4920 τὴν
2266 4850 2440 4920 χεῖρα,
2492 4846 2588 4901 καὶ
2631 4845 2773 4900 κατά
2814 4844 3033 4900 πάντων
3083 4845 3370 4912 ὡπλίσθαι,
3419 4847 3692 4917 ἐπήγαγε,

2121 4933 2257 5003 Τοῖς
2293 4935 2652 5005 καιομένοις.
2710 4931 2888 5003 Ὀπερ
2933 4932 3028 4986 καὶ
3069 4934 3099 4986 ό
3143 4933 3352 4997 Παῦλος
3395 4934 3692 4990 αἰνίττεται

2120 5024 2249 5098 περὶ
2289 5026 2548 5097 ἄρχοντος
2585 5020 2758 5090 λέγων
2779 5037 2792 5050 ⁸
2827 5022 2909 5076 Οὐ
2942 5021 3054 5092 γὰρ
3085 5020 3219 5091 εικῆ
3249 5022 3364 5091 τὴν
3388 5023 3694 5093 μάχαιραν

2119 5111 2305 5185 φορεῖ.
2357 5113 2420 5164 Εί
2465 5110 2522 5162 δέ
2569 5109 2661 5162 ἐπὶ
2700 5107 2809 5162 τῶν
2839 5108 3112 5181 ἀρχόντων
3155 5109 3190 5180 ἠ
3243 5109 3488 5181 μάχαιρα
3531 5109 3693 5164 τοῦτο

2121 5204 2265 5256 ποιεῖ
2302 5201 2396 5254 καὶ
2425 5199 2613 5268 φοϐεῖ,
2659 5195 2840 5268 πολλῷ
2881 5197 3078 5268 μᾶλλον
3109 5199 3198 5250 ἐπὶ
3237 5197 3331 5251 τοῦ
3378 5197 3534 5252 Θεοῦ.
3580 5199 3692 5250 Καὶ

2117 5288 2276 5343 τοῦτο
2302 5287 2360 5341 δὲ
2383 5288 2444 5340 ού
2478 5286 2577 5356 τῆς
2605 5284 2872 5356 τυχούσης
2897 5284 3330 5357 φιλανθρωπίας,
3367 5285 3428 5339 τὸ
3467 5284 3558 5338 διὰ
3579 5284 3692 5339 τῶν

2121 5375 2380 5447 ῥημάτων
2425 5372 2610 5443 φοϐεῖν
2657 5371 2752 5425 καὶ
2798 5371 3053 5441 ἐξογκούν
3085 5371 3181 5444 τὴν
3227 5373 3517 5445 τιμωρίαν,
3547 5370 3694 5426 ὥστε

2179 5522 2340 5595 P999
2355 5535 2470 5572 mss.
2487 5523 2955 5595 fo‘igxglagopégq;
2984 5528 3085 5576 εἶτα
3211 5527 3345 5595 ἀρκεῖ
3369 5526 3698 5595 τδπύςνᾶλλᾶ

2121 5585 2376 5654 καὶ1βελῶν
2397 5584 2558 5654 χρείας
2582 5588 2706 5654 ὁρᾷς.
2740 5584 2956 5654 lnfdius
2977 5602 3097 5654 verq
3119 5584 3364 5654 Imm-ait}:
3389 5588 3472 5636 οὐκ
3494 5584 3649 5654 ἀρκεῖ.
3679 5626 3694 5642 .

2119 5645 2278 5708 χρεία;
2299 5645 2498 5696 desum.
2526 5645 2626 5698 Sed
2649 5645 2750 5698 hzec
2770 5648 3098 5711 (Σίν-γεοειοωί
3118 5660 3228 5700 esse
3262 5649 3507 5701 videntur.
