4112 6224
413 261 478 314 97
1583 255 1670 311 EX
1679 249 1938 311 POSITIO
1977 252 1985 307 l

2090 253 2396 312 PSALMUM
2435 257 2539 314 ιἰι.
3595 263 3659 320 98

410 385 677 439 meretur,
706 376 916 446 quando
942 390 1038 428 nec
1077 390 1137 428 ea
1167 374 1376 443 quidem
1419 375 1678 443 petiturus
1697 413 1712 436 ,
1741 389 1859 442 qua:
1890 371 1983 424 tibi

410 467 556 520 utilia
602 475 748 532 sunt,
780 466 942 534 sapis.
975 465 1106 532 Quis
1147 473 1227 518 est
1272 474 1444 518 autem
1485 465 1573 534 qni
1617 480 1722 518 non
1764 464 1982 517 fratrem

409 559 730 612 contumelia
779 558 896 611 sine
937 573 1095 611 causa
1136 556 1412 610 all‘ecerit?
1457 556 1564 611 Nec
1607 557 1732 610 mihi
1762 557 1980 622 dixeris,

412 665 622 703 servum
653 648 829 704 atl‘ecit
855 648 1173 702 contumelia
1209 666 1222 699 :
1251 647 1314 700 In
1342 646 1540 700 Christo
1573 648 1712 701 enim
1758 664 1846 700 nec
1875 663 1982 698 nta-

410 743 603 804 sculus,
637 758 726 796 nec
763 742 950 811 femina
969 782 984 806 ,
1015 757 1102 792 nec
1125 755 1296 794 servus
1323 751 1429 804 est,
1461 755 1550 792 nec
1586 739 1711 792 liber
1739 739 1756 808 (
1783 737 1898 792 Gal.
1927 740 1979 791 5.

408 836 539 902 28).
587 835 719 903 Quis
753 848 912 903 porro
943 831 1233 901 proximum
1283 846 1388 885 non
1430 832 1732 892 accusm'it.
1778 845 1873 884 nec
1901 839 1982 884 est

413 923 711 980 mentitus?
746 923 864 992 quis
889 923 1162 976 mulierem
1193 937 1297 975 non
1325 922 1528 991 aspexit
1554 921 1830 989 impudicis
1857 935 1984 973 ocu-

414 1013 480 1067 lis
505 1013 528 1065 T
570 1013 688 1081 quis
718 1027 822 1080 non
852 1012 1064 1076 invidit,
1096 1011 1213 1080 quis
1243 1024 1344 1064 non
1392 1010 1534 1064 inani
1564 1010 1730 1079 gloria
1773 1009 1982 1064 labora-

411 1103 530 1156 vit?
573 1106 690 1171 quis
735 1117 839 1154 non
886 1102 1134 1170 loquutus
1176 1112 1256 1153 εει
1284 1101 1504 1154 verbum
1549 1097 1821 1152 otiosum?
1863 1098 1986 1151 llarc

411 1203 588 1246 autem
616 1190 788 1244 munia
821 1205 988 1259 poena:
1029 1201 1151 1242 sunt
1189 1189 1436 1244 obnoxia.
1470 1189 1535 1242 Et
1571 1191 1657 1253 si,
1695 1204 1811 1242 cum
1841 1189 1890 1241 in
1923 1189 1985 1240 iis

412 1300 531 1352 quin
563 1283 627 1336 ad
660 1283 814 1336 vitam
857 1282 1158 1350 pertinent,
1201 1298 1304 1334 non
1347 1282 1515 1333 simus
1539 1281 1848 1349 diligentes,
1879 1295 1981 1332 non

414 1391 654 1430 essemus
680 1376 836 1428 etiam
865 1375 916 1428 in
949 1374 1332 1444 spiritualibus,
1365 1375 1514 1427 venia
1544 1373 1686 1442 digiti
1713 1389 1981 1426 essemus:

415 1481 555 1520 nunc
577 1472 752 1518 autem
781 1464 896 1520 haec
917 1479 1130 1534 quoque
1159 1463 1312 1516 nobis
1338 1472 1590 1532 praerepta
1621 1471 1700 1517 est
1723 1461 1980 1516 defensio.

413 1557 624 1612 Etenim
651 1559 702 1611 in
734 1557 838 1611 illis
865 1557 1079 1626 quidem
1110 1570 1293 1610 sumus
1323 1556 1592 1623 vigilantes
1619 1573 1630 1606 ε
1663 1555 1715 1608 in
1744 1554 1824 1608 liis
1856 1569 1983 1608 vero

415 1649 572 1716 plane
597 1648 792 1716 supini.
824 1646 900 1701 Ne
926 1657 1101 1700 autem
1125 1646 1217 1716 qui
1245 1644 1462 1698 audiunt
1488 1660 1608 1700 eum
1636 1659 1754 1700 esse
1781 1645 1984 1714 patien-

410 1748 538 1802 tem,
567 1737 695 1790 ﬁant
720 1737 1146 1806 negligentiores,
1175 1734 1444 1803 subjunxit
1473 1753 1486 1788 :
1512 1736 1596 1788 15.
1624 1733 1742 1788 Nisi
1761 1735 1985 1788 conversi

409 1830 626 1898 fueritis,
674 1827 901 1899 gladium
941 1844 1090 1881 suum
1133 1826 1362 1881 ribrubit.
1409 1827 1556 1880 Alius
1596 1834 1770 1880 autem
1811 1825 1931 1879 dicit
1965 1845 1979 1878 :
2027 1827 2030 1830 ’

411 1921 593 1976 Ensem
618 1939 764 1975 suum
805 1932 969 1975 acuet.
1001 1923 1198 1993 Arcum
1233 1936 1378 1974 suum
1416 1920 1658 1983 tetendit,
1699 1929 1746 1972 et
1787 1919 1984 1988 paravit

409 2013 594 2081 ipsum.
617 2012 768 2066 Alius
797 2011 926 2065 dicit
953 2029 966 2062 :
991 2009 1018 2063 1
1028 2010 1246 2063 ntendet.
1280 2011 1363 2063 14.
1395 2009 1457 2062 Et
1487 2011 1537 2062 in
1565 2026 1622 2062 eo
1648 2009 1840 2077 paravit
1863 2025 1984 2061 vasa

409 2103 616 2167 mortis,
665 2106 874 2172 sagittas
917 2119 1037 2156 snas
1083 2101 1374 2156 ardentibus
1401 2100 1584 2167 e/Iecit.
1621 2100 1773 2154 Alius
1810 2100 1980 2154 dicit:

410 2197 488 2248 Ad
522 2193 928 2248 comburendum.

481 2293 571 2345 11.
600 2291 786 2346 Contra
825 2290 1382 2362 Anthropomorphitas.
1410 2317 1479 2328 -ο
1503 2287 1640 2356 Quid
1677 2287 1762 2342 hic
1802 2287 1984 2342 dicent

412 2383 500 2450 qni
533 2383 698 2437 Deum
723 2384 905 2438 dicunt
948 2384 1177 2437 humana
1207 2396 1325 2438 esse
1363 2381 1530 2434 forma
1575 2381 1884 2449 prteditnm,
1913 2395 1981 2433 ex

417 2486 484 2524 eo
509 2473 651 2540 quod
679 2473 885 2528 dicatur
928 2473 1128 2527 habere
1169 2488 1394 2535 manus,
1441 2471 1634 2537 pedes,
1673 2479 1726 2523 et
1761 2469 1982 2523 oculos?

421 2559 628 2616 Suntne
656 2563 710 2615 in
738 2564 983 2631 supernis
1007 2563 1122 2615 ca-li
1151 2561 1455 2628 regionibus
1478 2575 1632 2612 arcus
1653 2599 1667 2621 ,
1695 2569 1748 2612 et
1773 2561 1904 2618 tela,
1932 2565 1988 2610 et.

424 2666 538 2716 eos,
565 2661 618 2706 ct
642 2651 880 2721 gladius,
911 2659 965 2705 et
993 2650 1280 2720 pharetra?
1312 2647 1467 2717 Atqui
1493 2647 1618 2700 dicit
1647 2647 1782 2699 alius
1810 2664 1820 2698 :
1853 2644 1988 2698 Dum

419 2753 473 2795 tn
499 2744 778 2811 respexisti,
812 2741 1147 2796 turbabuntur
1168 2756 1198 2792 a
1228 2749 1276 2794 te
1301 2747 1494 2792 montes
1523 2735 1720 2806 (Eccli.
1748 2736 1834 2788 16.
1863 2735 1986 2803 l9).

415 2835 482 2889 Et
507 2835 592 2888 hic
632 2834 743 2903 ipse
773 2851 787 2886 :
825 2833 925 2898 Qui
949 2831 1152 2899 respicit
1179 2832 1230 2883 in
1258 2840 1447 2888 terram
1487 2837 1533 2881 et
1573 2827 1696 2896 facit
1734 2842 1844 2880 eam
1886 2835 1988 2878 tre-

413 2940 548 2977 mere
584 2922 922 2994 (1501.105.
953 2920 1021 2976 52
1039 2919 1082 2991 ).
1127 2919 1275 2987 Quod
1320 2919 1364 2972 si
1408 2932 1530 2971 cum
1575 2926 1766 2971 terram
1807 2915 1985 2968 Solum

411 3015 629 3084 aspicit,
674 3014 904 3084 lapidum
947 3021 1188 3067 naturam
1233 3009 1534 3080 liquefacit,
1577 3018 1774 3075 quanto
1818 3007 1986 3076 magis

413 3105 513 3160 hoc
543 3106 712 3174 ipsum
743 3103 936 3174 poterit
978 3103 1030 3156 in
1059 3101 1403 3155 hominibus?
1451 3098 1555 3153 Cur
1579 3114 1705 3168 ergo
1737 3098 1824 3166 qui
1869 3097 1984 3150 solo

414 3195 602 3249 obtutu
631 3202 802 3262 potest
825 3193 1010 3247 orbem
1041 3202 1299 3245 terrarum
1328 3198 1589 3254 evertere,
1616 3188 1723 3241 imo
1752 3187 1839 3256 qui
1869 3188 1982 3241 sola

415 3286 688 3340 voluntate
714 3283 732 3354 (
753 3285 841 3353 qui
869 3284 1010 3338 enim
1037 3297 1132 3351 per
1155 3283 1320 3337 solam
1347 3295 1468 3336 eum
1493 3279 1616 3334 fecit
1636 3278 1980 3343 voluntatem,

417 3377 618 3430 clarum
649 3383 732 3430 est
757 3374 896 3444 quod
935 3374 1046 3428 sola
1077 3381 1250 3442 potest
1273 3387 1393 3426 eum
1434 3371 1704 3424 voluntate
1736 3369 1916 3422 tollere
1935 3367 1980 3439 ),

415 3469 609 3523 dicitur
633 3466 862 3536 gladium
891 3476 942 3520 et
983 3479 1163 3519 arcum
1190 3463 1428 3517 habere?
1472 3461 1524 3516 Si
1569 3461 1710 3516 enim
1739 3458 1805 3512 In
1833 3475 1984 3512 mauu

413 3561 521 3626 eius
541 3567 656 3612 sunt
679 3557 804 3626 ﬁnes
827 3566 974 3610 terra:
995 3555 1158 3626 (l’sal.
1183 3555 1270 3610 9-4.
1294 3553 1372 3627 4),
1393 3553 1556 3624 thm'
1579 3553 1630 3606 in
1647 3569 1707 3605 ea
1730 3552 1978 3616 habitant,

414 3659 466 3702 ut
494 3648 702 3702 locusta:
727 3664 741 3700 :
768 3657 824 3700 ct
872 3645 1056 3699 Omnes
1107 3655 1277 3714 gentes
1327 3655 1578 3712 tamquam
1604 3651 1745 3713 gutta
1769 3658 1800 3694 a
1829 3643 1976 3707 cado,

413 3748 459 3793 et
485 3749 740 3809 tamquam
769 3737 970 3790 trutina:
997 3746 1298 3789 momentum
1323 3735 1688 3802 reputabuntur
1714 3730 1862 3804 (lsai.
1888 3731 1978 3786 40.

413 3829 629 3899 22.15)
656 3827 797 3897 :jam
826 3841 951 3882 vero
989 3825 1210 3894 angelus
1248 3839 1458 3896 quoque
1498 3823 1568 3877 ab
1609 3839 1674 3877 eo
1713 3837 1978 3892 egressus,

418 3918 564 3973 brevi
593 3926 866 3972 momento
911 3915 1162 3984 temporis
1207 3922 1420 3968 centum
1449 3912 1713 3982 octoginta
1752 3913 1983 3980 quinque

422 4011 582 4064 millia
611 4008 874 4065 interfecit
903 4005 979 4079 (4.
1002 4005 1132 4074 Reg.
1178 4004 1262 4058 19.
1290 4002 1412 4074 55);
1440 4004 1560 4072 quid
1587 4005 1703 4057 dico
1727 4004 1982 4072 angelus?

418 4117 632 4169 muscae,
655 4115 831 4156 eruca:
855 4108 910 4153 et
933 4110 1140 4152 vermes
1162 4094 1529 4164 Egyptiorum
1553 4095 1839 4147 exercitum
1869 4110 1985 4160 per-

419 4193 662 4248 diderunt
693 4209 708 4246 :
740 4191 826 4247 ubi
865 4190 970 4244 illic
1014 4203 1140 4242 arcu
1185 4201 1318 4255 opus
1347 4194 1456 4250 est,
1501 4185 1585 4239 tibi
1627 4186 1841 4254 gladio?
1882 4183 1987 4239 Cur

419 4299 547 4354 ergo
584 4285 700 4339 haec
739 4283 879 4338 dicta
908 4281 1072 4338 sunt?
1101 4281 1323 4348 Propter
1352 4278 1650 4332 auditorum
1680 4278 1987 4330 crassitudi-

422 4369 542 4432 nem
565 4416 579 4439 .
605 4386 659 4432 et
681 4386 737 4430 ut
772 4375 854 4429 his
876 4373 1146 4430 consuetis
1171 4386 1438 4426 armorum
1470 4369 1770 4423 nominibus
1806 4384 1989 4422 eorum

421 4479 654 4524 mentem
700 4474 949 4521 terreant.
989 4463 1151 4533 Cujus
1175 4462 1315 4516 enim
1344 4461 1396 4515 in
1442 4474 1601 4516 manu
1631 4469 1713 4514 est
1753 4459 1987 4514 omnium

421 4566 661 4612 nostrum
691 4556 908 4627 spiritus
948 4554 1122 4625 (Dan.
1151 4555 1204 4610 5.
1230 4552 1374 4624 23),
1419 4563 1474 4609 et
1516 4566 1548 4606 a
1587 4551 1738 4622 cujus
1780 4551 1989 4620 frigoris

420 4648 552 4702 facie
578 4645 752 4702 nullus
777 4645 1054 4700 sustinebit
1077 4645 1096 4715 (
1119 4642 1266 4698 Psal.
1291 4645 1412 4698 M7.
1440 4640 1540 4715 17)
1557 4683 1572 4708 ,
1613 4641 1878 4711 quomodo
1905 4641 1990 4696 hic

420 4737 585 4793 annis
611 4735 848 4806 indiget?
887 4735 1012 4802 Sed,
1040 4744 1096 4790 ut
1119 4735 1226 4788 dixi
1253 4743 1428 4796 antea,
1459 4733 1572 4787 lucc
1598 4741 1812 4801 prepter
1835 4729 1988 4784 audi-

423 4839 596 4884 torum
640 4826 1044 4883 crassitudinem
1091 4834 1145 4880 et
1196 4825 1492 4879 tarditatem
1541 4825 1610 4877 ita
1656 4822 1794 4878 dicta
1844 4829 1987 4876 sunt.

421 4917 558 4985 Quid
587 4927 669 4972 est
692 4926 889 4980 autem,
920 4914 985 4968 Et
1009 4914 1214 4968 oibrabit
1237 4914 1262 4966 ?
1289 4915 1474 4968 Acuet.
1502 4913 1698 4967 Cotene
1719 4928 1849 4980 opus
1872 4911 1990 4966 est?

423 5019 574 5064 estne
603 5007 788 5076 rubigo
819 5007 871 5060 in
895 5005 1108 5075 gladio?
1145 5004 1212 5058 Et
1236 5004 1504 5072 quisnam.
1539 5001 1624 5072 qui
1655 5002 1844 5070 sapiat.
1877 5000 1991 5056 haec

423 5101 492 5154 ita
519 5101 759 5168 accipere
789 5098 1104 5163 sustinebit,
1147 5105 1205 5150 ut
1244 5096 1382 5150 dicta
1411 5096 1574 5148 sunt?
1617 5093 1719 5149 δια
1741 5134 1756 5157 .
1785 5101 1843 5146 ιιι
1871 5104 1993 5148 ante

423 5193 554 5258 dixi,
591 5207 683 5262 per
711 5192 885 5245 omnia
909 5189 1162 5244 describit
1191 5187 1516 5257 punitionem
1538 5225 1556 5252 ,
1583 5197 1636 5240 et
1664 5182 1898 5253 procedit
1926 5181 1992 5240 ad

421 5297 482 5336 ea
521 5298 638 5351 quae
667 5290 788 5336 sunt
816 5279 1110 5341 crassiora,
1146 5287 1202 5331 ut
1229 5277 1387 5331 etiam
1427 5275 1514 5344 qui
1545 5283 1668 5329 sunt
1709 5271 1992 5326 admodum

423 5371 594 5435 stulti,
644 5371 933 5440 intelligant
973 5384 1077 5422 non
1104 5381 1223 5421 esse
1268 5365 1615 5422 insistendum
1655 5363 1992 5429 dictionibus,

425 5461 519 5516 sed
543 5476 661 5532 qute
684 5463 791 5516 Deo
813 5459 1133 5514 conveniunt
1152 5472 1326 5520 sensa,
1352 5471 1468 5511 esse
1497 5471 1560 5510 ex
1584 5456 1646 5508 iis
1665 5453 1991 5523 accipienda.

388 5561 392 5565 '
429 5551 599 5619 Quare
627 5553 670 5605 si
717 5550 837 5620 quis
879 5548 1085 5602 dubitat
1113 5562 1214 5616 qua
1257 5547 1324 5601 de
1359 5562 1516 5602 causa
1562 5545 1996 5600 excandescentia

425 5653 478 5699 et
509 5643 582 5698 ira
611 5642 676 5698 de
701 5641 810 5696 Deo
838 5639 976 5695 dicta
1006 5646 1107 5704 est,
1137 5637 1302 5692 multo
1327 5639 1492 5706 magis
1517 5631 1730 5708 propter
1759 5637 1870 5694 hrcc
1897 5636 1994 5692 dor

2088 373 2356 429 bitaverit.
2381 376 2474 430 Sin
2501 384 2676 430 autent
2704 374 2816 430 haec
2840 391 2943 431 non
2971 386 3093 432 sunt
3118 378 3416 447 accipienda
3442 393 3494 434 ut
3521 383 3655 434 dicta

2085 476 2242 533 sunt,
2275 468 2366 521 sed
2409 468 2476 521 ita
2509 475 2566 522 ut
2608 469 2717 523 Deo
2761 471 3121 524 conveniant:
3151 473 3351 526 clarum
3394 483 3476 527 est
3520 476 3656 543 quod

2087 557 2246 610 etiam
2275 557 2346 608 ira
2375 568 2426 610 et
2453 557 2925 624 excandescentia;
2973 575 3168 614 crassa:
3191 571 3367 616 autem
3411 575 3536 618 sunt
3575 565 3654 619 die

2085 646 2312 708 ctioiies.
2354 655 2411 699 ut
2454 646 2751 700 auditorum
2798 659 3073 718 penetrem
3116 652 3546 708 crassitudinem.
3592 655 3655 709 Et

2087 736 2208 790 ideo
2236 752 2333 790 nec
2363 737 2424 790 iis
2454 737 2663 806 quidem
2689 755 2806 810 qum
2831 740 2970 792 dicta
3002 748 3163 806 sunt,
3210 741 3309 795 fuit
3334 755 3617 799 contentus
3644 765 3658 799 :

2085 831 2176 884 sed
2208 839 2466 884 terrorem
2513 830 2796 899 adaugens,
2839 832 3012 886 adhuc
3053 849 3201 888 more
3236 834 3403 903 magis
3429 834 3658 889 humano

2091 923 2348 990 procedit.
2395 921 2508 976 Non
2555 924 2728 977 solum
2775 926 2913 978 enim
2961 926 3158 979 inducit
3205 942 3327 981 eum
3373 927 3656 982 habentem
3722 980 3725 982 _

2085 1013 2339 1082 gladium,
2381 1014 2472 1067 sed
2507 1015 2667 1067 etiam
2707 1025 2986 1068 armatum.
3030 1016 3160 1082 Quia
3186 1017 3325 1071 enim
3365 1032 3469 1071 non
3507 1033 3656 1088 reque

2088 1103 2207 1170 quis
2233 1103 2422 1156 metuit
2459 1104 2679 1157 audiens
2717 1105 2832 1157 acui
2859 1105 3110 1173 gladium,
3150 1116 3203 1158 et
3229 1106 3447 1161 audiens
3472 1123 3651 1160 arcum

2088 1209 2208 1248 esse
2237 1193 2288 1247 in
2328 1194 2568 1248 manibus
2602 1211 2616 1246 :
2647 1210 2712 1249 ex
2743 1194 2922 1264 ﬁguris
2953 1194 3196 1249 hmnanis
3234 1206 3462 1249 mentem
3505 1197 3653 1250 andi-

2090 1293 2264 1337 torum
2291 1285 2544 1348 concutit,
2575 1284 2762 1338 dicens
2792 1302 2805 1338 :
2832 1285 3017 1338 Arcum
3042 1302 3186 1338 suum
3212 1286 3416 1349 tetendit
3441 1295 3485 1338 et
3509 1302 3665 1354 para-

2089 1377 2154 1429 vit
2185 1377 2352 1442 illum,
2384 1377 2678 1430 auditorem
2706 1388 2928 1441 terrens,
2959 1378 3112 1430 simul
3137 1387 3191 1431 et
3217 1377 3518 1446 patientiam
3547 1378 3657 1446 ejus

2088 1478 2138 1522 et
2166 1470 2294 1537 iram
2324 1470 2581 1523 indicans.
2607 1469 2722 1522 Non
2751 1470 2889 1523 enim
2911 1469 3062 1532 dixit,
3093 1470 3336 1536 Immisit,
3361 1486 3480 1536 nec,
3503 1470 3656 1523 Jaru-

2087 1560 2223 1613 latus
2243 1569 2325 1614 est
2355 1578 2368 1613 :
2396 1560 2519 1626 sed,
2562 1558 2788 1613 Intendit
2815 1571 2862 1613 et
2888 1562 3082 1630 paravit
3105 1577 3126 1624 ;
3155 1560 3254 1613 hoc
3285 1569 3366 1614 cst
3387 1601 3403 1626 ,
3449 1570 3657 1630 paratus

2086 1651 2150 1704 ad
2173 1651 2541 1704 emittendum.
2568 1652 2635 1704 Et
2654 1651 2774 1719 quid
2801 1650 3010 1704 miraris
3030 1651 3073 1703 si
3095 1650 3172 1704 sic
3194 1651 3245 1704 in
3261 1649 3438 1704 Veteri
3458 1649 3656 1702 dictum

2086 1750 2187 1805 est,
2211 1756 2330 1794 cum
2354 1743 2512 1796 etiam
2543 1742 2594 1796 in
2621 1741 2767 1795 Novo
2787 1742 3018 1796 Joannes
3044 1756 3163 1795 cum
3186 1740 3384 1795 Iudaeis
3408 1741 3508 1794 tale
3530 1739 3654 1807 quid

2089 1834 2271 1888 dicat?
2313 1833 2434 1886 lam
2477 1846 2642 1888 autent
2686 1835 2752 1887 ad
2783 1835 3004 1888 radicem
3039 1835 3232 1888 arboris
3278 1835 3465 1888 securis
3494 1835 3656 1902 patrita

2087 1935 2156 1978 est
2198 1924 2367 1994 (Luc.
2399 1925 2451 1978 5.
2487 1924 2583 1994 9).
2627 1924 2764 1991 Quid
2807 1925 2977 1994 ergo?
3017 1939 3082 1978 an
3121 1925 3478 1978 matcriarium
3521 1925 3655 1976 limis

2088 2015 2324 2069 imitatur
2352 2014 2526 2068 securi
2551 2015 2688 2083 ligna
2716 2013 3084 2067 scindentem?
3124 2029 3190 2066 an
3214 2012 3300 2066 hic
3336 2014 3536 2067 securis
3576 2015 3655 2065 in-

2089 2105 2372 2175 telligenda
2398 2114 2510 2168 cst,
2554 2114 2609 2159 et
2659 2105 2844 2174 ligna?
2871 2105 3021 2158 Absit
3048 2122 3060 2156 :
3093 2103 3533 2169 quemadmodum
3562 2119 3657 2156 nec

2086 2199 2252 2268 paleae
2271 2238 2285 2262 ,
2315 2211 2412 2252 nec
2456 2196 2777 2251 frumentum
2796 2237 2811 2259 ,
2837 2195 3047 2265 quando
3073 2195 3198 2249 dicit
3224 2212 3237 2248 :
3265 2193 3420 2265 Cujus
3448 2196 3656 2248 ventila-

2085 2288 2228 2342 brum
2266 2288 2319 2342 in
2347 2305 2498 2342 manu
2524 2289 2632 2358 ejus
2652 2329 2664 2352 ,
2707 2296 2753 2340 et
2791 2286 3048 2340 mundabit
3075 2303 3241 2340 aream
3266 2302 3408 2339 suam
3433 2325 3447 2350 ,
3475 2295 3519 2338 et
3547 2287 3654 2355 frn-

2085 2391 2303 2435 mentum
2327 2381 2528 2454 quidem
2551 2379 2870 2451 congregabit
2907 2379 2960 2432 in
2998 2379 3230 2431 horreum
3255 2393 3433 2440 suum,
3463 2378 3657 2444 paleam

2086 2485 2252 2527 autem
2280 2472 2528 2526 comburet
2569 2473 2686 2540 igne
2725 2457 3178 2542 inexstinguibilit
3204 2467 3390 2521 Matth.
3435 2467 3486 2520 5.
3529 2467 3590 2520 PZ
3613 2477 3652 2538 ).

2089 2563 2219 2629 Qua:
2243 2571 2324 2615 est
2342 2578 2465 2628 ergo
2488 2563 2688 2616 securis
2709 2562 2732 2614 ?
2763 2561 2989 2625 Punitio,
3017 2560 3351 2629 supplicium.
3380 2558 3507 2624 Quae
3532 2573 3656 2611 vero

2091 2663 2218 2708 sunt
2236 2653 2494 2706 arbores?
2521 2653 2790 2706 llomines.
2817 2652 3068 2718 Quaenam
3092 2650 3298 2721 palem?
3333 2650 3472 2702 Mali.
3507 2649 3656 2712 Quod

2093 2744 2462 2798 frumentum?
2500 2743 2653 2796 Boni.
2695 2742 2831 2807 Quid
2855 2742 3243 2796 ventilabrum?
3274 2741 3550 2794 Discretio.
3587 2738 3657 2792 Ita

2091 2837 2250 2892 etiam
2286 2835 2391 2900 hic,
2436 2833 2669 2904 gladius,
2703 2847 2878 2898 arcus,
2919 2842 2975 2885 et
3011 2834 3213 2901 sagittae
3253 2844 3409 2900 poma
3452 2839 3572 2884 sunt
3608 2841 3659 2885 et

2091 2926 2429 2997 supplicium.
2470 2923 2669 2978 Deinde
2695 2923 2859 2976 innuit
2889 2921 3223 2983 dilationem,
3257 2927 3312 2973 et
3333 2919 3516 2974 abesse
3541 2919 3662 2988 qui-

2089 3017 2209 3072 dem
2234 3032 2466 3086 pmnam,
2490 3015 2584 3070 sed
2609 3029 2712 3068 non
2737 3013 2914 3083 longe,
2952 3011 3140 3066 adesse
3168 3019 3342 3064 autem
3367 3009 3416 3063 in
3440 3007 3661 3074 foribus,

2089 3124 2186 3178 per
2213 3108 2502 3162 intendisse
2524 3115 2578 3160 et
2601 3119 2814 3174 parasse
2835 3101 3083 3180 ostendit.
3109 3087 3658 3155 lnstrunientaautem

2089 3201 2276 3254 mortis
2326 3198 2454 3252 dicit
2505 3197 2744 3266 sagittas.
2803 3192 3255 3260 Quemadmodum
3315 3191 3660 3245 instrumenta

2087 3289 2443 3360 agriculturae,
2471 3303 2531 3342 ea
2560 3286 2750 3357 quibus
2775 3293 2917 3340 terra
2943 3284 3171 3345 colitur;
3215 3291 3267 3336 et
3291 3282 3657 3351 navigationis,

2087 3398 2206 3452 quat
2242 3381 2308 3434 ad
2338 3379 2684 3448 navigandum
2723 3377 3039 3440 conferunt;
3079 3384 3132 3430 et
3171 3375 3434 3438 textrinar,
3473 3373 3661 3441 quilnts

2089 3474 2284 3528 texitur
2314 3489 2326 3525 :
2358 3471 2428 3525 ita
2457 3471 2616 3525 etiam
2659 3468 2845 3524 mortis
2882 3468 3252 3530 instrumenta,
3291 3481 3408 3535 qua:
3433 3473 3656 3518 mortem

2086 3563 2339 3618 efﬁciunt.
2383 3560 2584 3616 Deinde
2621 3560 2978 3629 interpretans
3015 3571 3257 3626 quaenam
3299 3565 3420 3608 sunt
3460 3555 3657 3607 instru-

2086 3665 2264 3710 menta
2307 3653 2491 3707 mortis
2515 3691 2531 3717 ,
2575 3649 2872 3722 subiungit,
2922 3647 3148 3716 Sagittas
3174 3662 3330 3708 suas,
3370 3641 3657 3696 ostendens

2085 3748 2410 3803 Celeritatetn
2434 3743 2675 3814 supplicii
2697 3741 2908 3812 quando
2929 3739 3178 3793 voluerit.
3201 3737 3336 3803 Quid
3359 3745 3440 3790 est
3459 3746 3657 3796 autem,

2087 3840 2431 3896 Ardeatibus?
2469 3839 2537 3891 lis
2565 3836 2652 3906 qui
2675 3835 2963 3906 puniuntur
2987 3873 3000 3893 .
3057 3832 3120 3884 iis
3161 3829 3250 3899 qui
3287 3827 3414 3881 dant
3454 3841 3656 3894 pcenas.

2088 3934 2164 4002 (a)
2188 3930 2435 4002 [Ergone
2471 3927 2606 3996 ignis
2627 3943 2730 3978 non
2771 3924 2986 3984 Sufficit,
3008 3922 3101 3976 sed
3123 3920 3325 3988 sagittis
3348 3927 3428 3972 est
3448 3916 3618 3985 opus?
3649 3915 3658 3984 Ι

2089 4021 2251 4074 Vides
2293 4019 2467 4072 omnia
2516 4031 2608 4083 per
2651 4012 3047 4066 translationem
3091 4020 3144 4062 ct
3187 4008 3480 4075 emphasim
3522 4004 3656 4056 dicta

2089 4125 2231 4170 esse,
2271 4115 2327 4161 ει
2365 4116 2420 4159 ιιι
2451 4119 2543 4172 per
2584 4103 2696 4154 haec
2735 4107 2920 4154 cuncta
2955 4107 3235 4164 augeretur
3271 4096 3466 4147 timor?
3508 4093 3659 4158 Quod

2091 4200 2232 4254 enim
2262 4196 2425 4260 dicit,
2475 4193 2579 4247 tale
2617 4200 2718 4246 est.
2763 4188 2972 4244 Paravit
3015 4186 3266 4254 supplicia
3309 4185 3373 4238 iis
3409 4185 3498 4252 qui
3541 4193 3662 4234 sunt

2092 4285 2369 4358 puniendi.
2396 4283 2498 4340 Sed
2526 4284 2570 4337 si
2598 4298 2702 4337 non
2729 4281 2805 4336 sic
2831 4278 3069 4349 dixisset,
3100 4290 3204 4329 non
3245 4275 3312 4327 ila
3355 4275 3623 4326 terruisset
3647 4288 3660 4322 :

2094 4394 2240 4434 nunc
2266 4387 2441 4432 autem
2480 4392 2598 4430 cum
2621 4375 2952 4444 sagittarum,
2975 4368 3155 4441 gladii,
3194 4381 3348 4422 arcus
3387 4363 3666 4420 immissio-

2095 4471 2210 4534 nis,
2245 4469 2556 4524 intensionis
2595 4469 3067 4523 instrumentorum
3095 4460 3312 4524 mortis,
3353 4467 3407 4512 et
3438 4456 3664 4512 incendii

2094 4562 2357 4628 meminit,
2389 4560 2662 4615 nominum
2686 4558 2943 4612 varietate
2977 4563 3178 4610 metum
3202 4553 3437 4606 incussit.
3469 4549 3664 4604 Deinde

2095 4669 2280 4710 rursus
2305 4662 2502 4707 metum
2531 4650 2856 4714 consolatus,
2886 4647 3161 4717 subiunxit
3179 4686 3193 4709 ,
3224 4642 3544 4697 Ardeatibus.
3587 4641 3661 4696 Ne

2094 4745 2212 4816 quis
2259 4743 2400 4798 enim
2450 4740 2782 4811 insipientior
2821 4738 3183 4802 existimaret,
3233 4735 3284 4789 in
3320 4748 3505 4789 onmes
3542 4749 3664 4788 eum

2095 4851 2283 4892 manus
2310 4835 2561 4902 dirigere,
2592 4842 2647 4887 et
2674 4840 2934 4886 armatum
2965 4844 3104 4892 esse.
3133 4827 3402 4897 subjonxit
3423 4869 3438 4892 ,
3468 4827 3664 4879 Arden-

2095 4927 2245 4980 tibus.
2290 4924 2440 4992 Quod
2489 4926 2648 4978 etiam
2704 4920 2897 4976 Paulus
2943 4919 3205 4990 significat
3245 4919 3311 4973 de
3364 4920 3667 4986 magistratu

2095 5016 2280 5070 dicens
2303 5031 2316 5067 :
2346 5013 2462 5067 Non
2485 5015 2615 5066 enim
2641 5015 2825 5082 frustra
2852 5011 3076 5081 gladium
3097 5017 3260 5079 portat
3287 5006 3462 5079 (Rom.
3483 5006 3566 5058 15.
3587 5006 3664 5070 4).

2097 5104 2254 5173 Quod
2277 5105 2320 5158 si
2354 5105 2404 5158 in
2437 5102 2825 5173 magistratibus
2851 5101 3056 5169 gladius
3089 5101 3188 5152 hoc
3214 5097 3337 5150 facit
3375 5109 3428 5148 et
3467 5101 3666 5146 terret:

2099 5198 2269 5254 multo
2299 5196 2465 5264 magis
2497 5195 2549 5250 in
2575 5195 2699 5248 Deo.
2730 5194 2894 5249 Porro
2935 5193 3035 5247 hoc
3059 5199 3141 5245 est
3173 5203 3278 5242 non
3303 5183 3534 5252 vulgaris
3559 5183 3670 5236 cle-

2101 5287 2311 5344 menti-.11.
2351 5295 2738 5356 argumentum,
2781 5301 2876 5353 per
2903 5283 3062 5338 verba
3103 5289 3322 5340 terrere,
3366 5285 3419 5330 et
3461 5290 3666 5356 puniant

2101 5379 2462 5450 amplificare,
2509 5395 2575 5433 ne
2617 5379 2788 5446 reipsa
2819 5391 2934 5430 eam
2978 5371 3333 5442 experiamur.
3383 5369 3669 5438 Propterea

2107 5601 2114 5606 τ
2167 5579 2370 5641 (amna:
2404 5577 2592 5641 uncinis
2625 5575 2911 5625 clauduntur
2945 5575 2990 5624 in
3021 5573 3401 5633 Editisdesunt;
3437 5572 3677 5622 habentur

2108 5639 2269 5693 autem
2292 5643 2340 5690 in
2363 5639 2552 5690 duobus
2573 5646 2672 5688 Mss.
