4112 6224
442 297 508 354 99
1139 291 1194 344 S.
1234 288 1509 344 JOANNIS
1533 281 2001 341 CllilYSOSTOMI
2043 279 2352 335 AliClllEP.
2385 279 2914 336 CUNSTAN'l'INOP.

435 408 577 464 enim
603 404 848 470 intendit,
890 413 1167 472 propterea
1198 403 1436 470 paravit,
1483 401 1601 452 ideo
1643 407 1859 466 sagittas
1901 395 2000 447 im-

438 501 641 568 posuit,
684 496 804 550 ideo
843 511 903 548 se
943 503 1091 563 parat
1128 492 1193 546 ad
1231 493 1587 561 supplicium,
1629 503 1694 543 ne
1734 491 1907 540 veniat
1941 485 2007 539 ad

432 588 770 657 supplicium.

502 678 589 734 12.
621 677 923 738 Orationem
945 686 1120 730 autem
1169 673 1339 729 reddit
1364 672 1657 741 graviorem
1682 709 1696 734 ,
1727 683 1822 736 per
1849 666 2004 730 illud,

444 768 686 834 i'ibrabit,
718 769 960 838 supplicii
986 767 1372 821 vehementiam
1405 773 1461 817 et
1479 761 1805 816 celeritatem
1825 770 2005 812 osten-

428 859 600 926 dens;
631 859 862 931 perillud
888 869 1085 923 autem,
1113 855 1356 920 Intendit,
1388 852 1831 923 propinquitatem
1860 869 1873 904 :
1914 865 2006 918 per

435 951 585 1018 illud,
623 950 858 1016 Paravit,
906 950 957 1004 id
1000 947 1139 1018 quod
1170 947 1388 1001 omnino
1427 944 1658 998 futurum
1685 953 1785 1008 est,
1829 944 1871 995 si
1901 957 2005 994 non

432 1041 629 1098 fuerint
679 1043 863 1096 mutati
916 1059 929 1095 :
979 1057 1074 1112 per
1102 1041 1238 1094 banc
1273 1052 1478 1102 vocem,
1525 1037 1844 1100 Ardentibns,
1888 1048 2008 1088 reos

431 1135 738 1197 ostendens,
767 1144 824 1186 ut
843 1145 936 1200 per
959 1131 1074 1184 haec
1098 1129 1276 1183 omnia
1305 1127 1468 1192 docti,
1500 1120 1892 1193 improbitatem
1923 1140 2008 1177 re-

436 1227 685 1292 primant.
735 1221 885 1288 Quod
929 1221 972 1274 si
996 1221 1108 1274 haec
1147 1229 1326 1274 essent
1363 1217 1558 1272 furoris
1604 1224 1657 1270 et
1701 1214 2004 1279 iracundias,

430 1325 536 1364 non
565 1311 896 1380 prmdixisset
917 1311 1014 1374 eis,
1043 1323 1102 1364 se
1131 1309 1433 1362 invasurum
1455 1323 1594 1362 esse.
1628 1307 1704 1360 ira
1734 1306 1875 1360 enim
1903 1320 2007 1358 non

432 1400 531 1454 hoc
581 1399 722 1466 facit,
756 1399 848 1455 sed
893 1401 1243 1466 contrarium,
1276 1400 1504 1453 maxime
1535 1398 1746 1466 quando
1772 1397 1837 1450 ad
1865 1412 2009 1450 sum-

428 1509 572 1546 mum
623 1492 944 1561 pervenerit,
973 1503 1028 1548 et
1051 1493 1312 1562 supplicio
1336 1507 1399 1546 ac
1441 1491 1681 1560 supplicii
1729 1489 2003 1558 apparatui

430 1583 689 1638 imminet.
715 1584 908 1651 Hostes
933 1593 1095 1649 certe,
1125 1593 1176 1638 et
1215 1583 1306 1652 qui
1323 1583 1501 1636 volunt
1533 1579 1845 1650 supplicium
1875 1578 2009 1634 iniii—

428 1688 578 1742 gere.
623 1687 727 1725 non
757 1673 916 1726 modo
944 1673 992 1726 id
1023 1687 1126 1726 non
1159 1671 1359 1735 dicunt,
1391 1671 1486 1725 sed
1515 1672 1672 1725 etiam
1704 1669 1753 1724 id
1776 1670 2007 1724 celantes

431 1761 705 1828 invadunt,
732 1777 796 1817 ne
813 1763 900 1833 qui
927 1773 1048 1816 sunt
1073 1761 1320 1832 puniendi
1345 1762 1388 1816 si
1411 1760 1738 1825 resciverint,
1763 1769 2002 1814 caveant.

427 1853 497 1904 At
525 1866 630 1906 non
678 1853 755 1906 sic
785 1853 946 1917 Deus,
999 1853 1094 1906 sed
1137 1863 1320 1906 contra
1367 1852 1584 1906 omnino
1615 1868 1630 1904 :
1664 1850 1921 1920 prardicit,
1953 1859 2007 1906 et

424 1941 620 2009 differt,
651 1944 825 1998 verbis
851 1952 1033 2009 terret,
1057 1953 1111 1998 et
1134 1943 1263 1997 nihil
1292 1959 1396 1997 non
1429 1941 1576 2009 facit,
1607 1953 1663 1997 nt
1687 1958 1804 2012 qua:
1831 1943 2005 1998 mina-

425 2046 510 2090 tur
538 2052 642 2091 non
674 2037 912 2092 inducat.
960 2037 1072 2092 Hoc
1104 2038 1264 2092 etiam
1304 2036 1424 2090 fecit
1473 2035 1524 2090 in
1567 2035 1830 2090 Nittivitis.
1875 2035 2005 2089 Nam

424 2129 528 2182 illic
549 2143 757 2199 quoque
804 2143 983 2184 arcum
1015 2128 1259 2194 tetendit,
1305 2128 1538 2198 gladium
1569 2128 1810 2194 vibravit,
1833 2127 2005 2196 jaeula

424 2222 648 2291 paravit,
679 2229 733 2278 ct
775 2222 934 2276 ictum
983 2237 1088 2276 non
1135 2220 1342 2275 inﬂixit.
1379 2224 1460 2274 An
1507 2235 1611 2274 non
1642 2219 1736 2273 tibi
1765 2220 2008 2274 videnlur

426 2313 584 2368 verba
614 2313 886 2383 propheta:
911 2327 1031 2368 esse
1066 2327 1241 2380 arcus,
1273 2321 1326 2368 et
1353 2312 1536 2376 telum,
1563 2320 1619 2365 et
1645 2311 1856 2381 gladius
1880 2325 2008 2365 acu-

433 2415 538 2470 tus,
569 2406 778 2474 quando
805 2405 933 2460 dicit
965 2423 978 2459 :
1005 2403 1188 2459 Adhuc
1231 2416 1328 2458 tres
1353 2405 1460 2458 dies
1505 2401 1578 2475 (α)
1606 2411 1653 2458 et
1683 2401 1867 2456 Ninive
1892 2401 2008 2456 sub-

426 2503 640 2550 vertelur
656 2494 827 2566 (Jame
858 2496 912 2550 5.
929 2495 987 2566 4)
1007 2495 1031 2549 i
1055 2495 1162 2550 Sed
1183 2497 1345 2549 telum
1363 2509 1468 2549 non
1489 2492 1666 2548 emisit
1695 2510 1710 2545 :
1738 2507 1841 2548 non
1863 2493 2006 2548 enim

424 2584 544 2640 ideo
563 2594 682 2641 erat
707 2594 1024 2656 apparatum
1049 2593 1110 2660 qut
1135 2587 1484 2649 emltteretnr,
1509 2582 1600 2638 sed
1628 2591 1682 2637 ut
1711 2597 2005 2652 reponere-

422 2685 527 2731 tur.
575 2676 707 2732 Nam
753 2678 948 2732 milites
993 2663 1207 2748 quidem
1233 2691 1295 2730 ea
1334 2675 1402 2731 de
1428 2689 1585 2729 causa
1630 2685 1920 2741 artuantur,
1947 2684 2006 2730 ut

422 2769 644 2838 puniant
671 2785 684 2821 :
722 2769 859 2823 Deus
882 2783 1059 2823 autem
1083 2781 1188 2821 non
1214 2765 1311 2833 sic,
1348 2766 1444 2821 sed
1478 2774 1533 2820 ut
1558 2780 1678 2821 eum
1709 2765 2006 2821 reddiderit

420 2869 566 2914 metu
606 2858 980 2925 modestiores,
1011 2858 1274 2912 abstineat
1307 2871 1523 2910 manum
1563 2873 1591 2910 a
1619 2856 1897 2926 supplicio.
1926 2855 2003 2911 Ne

419 2964 549 3019 ergo
567 2948 948 3004 conturbemnr
970 2967 984 3002 :
1003 2955 1086 3002 est
1103 2947 1244 3002 enim
1265 2957 1437 3001 terror
1450 2946 1738 3001 verborum
1763 2947 2005 3001 maximae

419 3039 739 3106 clementius,
760 3048 816 3094 et
853 3051 961 3108 quo
974 3037 1103 3093 dicit
1121 3036 1559 3102 intolerabiliora,
1590 3049 1657 3090 eo
1681 3036 1770 3090 illa
1792 3051 1857 3092 ex
1883 3053 2001 3092 ma-

417 3127 525 3202 jori
565 3129 694 3187 dicit
734 3127 1157 3184 mansuetudine.
1198 3127 1329 3183 Nam
1374 3136 1549 3198 patres
1589 3128 1748 3183 etiam
1792 3128 2006 3199 quando

421 3221 608 3276 nolunt
637 3221 824 3292 punire
873 3215 1032 3287 filios,
1075 3220 1254 3276 verbis
1291 3219 1425 3274 iram
1454 3220 1700 3274 attollunt
1735 3236 1748 3272 :
1784 3221 1852 3274 ita
1890 3223 2005 3290 ipse

421 3313 605 3380 etiam,
633 3313 756 3382 quia
803 3325 907 3366 non
951 3311 1066 3365 vult
1111 3311 1328 3381 punire,
1370 3309 1549 3365 verbis
1597 3320 1797 3366 metum
1832 3311 2006 3366 reddit

421 3405 741 3473 graviorem.
769 3401 908 3457 Dicit
927 3401 1084 3457 etiam
1110 3416 1170 3457 se
1195 3415 1409 3471 parasse
1445 3402 1764 3470 gehennam,
1796 3415 1864 3456 ne
1884 3401 2005 3455 mit-

427 3504 502 3547 tat
546 3493 598 3546 in
629 3491 925 3564 gehennam
952 3534 966 3558 ,
995 3499 1049 3546 et
1077 3491 1198 3547 ideo
1223 3491 1384 3545 etiam
1425 3491 1480 3544 in
1510 3489 1808 3560 Evangeliis
1839 3491 2002 3544 multa

423 3584 672 3640 dicuntur
692 3585 760 3640 de
788 3584 1068 3654 supplicio,
1110 3598 1173 3638 ac
1202 3584 1350 3653 plura
1380 3597 1537 3653 quam
1561 3581 1628 3637 de
1654 3598 1839 3653 regno.
1868 3583 2000 3650 Quia

425 3677 568 3731 enim
595 3676 648 3731 in
676 3676 742 3731 iis
767 3676 858 3746 qui
902 3675 1094 3730 minori
1126 3685 1252 3730 sum
1279 3689 1438 3730 sensu
1467 3673 1695 3744 przediti,
1736 3691 1842 3729 non
1879 3685 2002 3728 tan-

427 3778 539 3823 tum
569 3769 832 3824 bonorum
881 3767 1180 3838 promissio,
1212 3783 1372 3837 quam
1403 3776 1785 3822 tormentorum
1830 3777 2002 3821 metus

425 3859 640 3916 adducit
661 3861 724 3914 ad
745 3859 1020 3925 virtutem,
1043 3868 1098 3914 et
1117 3857 1332 3912 abducit
1352 3873 1381 3911 a
1412 3859 1540 3912 vitio
1569 3875 1583 3912 :
1617 3868 1897 3928 preplerca
1945 3857 1998 3912 in

430 3952 495 4006 iis
520 3951 689 4022 magis
734 3961 1064 4015 immoratur,
1117 3957 1172 4004 et
1197 3965 1261 4004 ea
1311 3950 1458 4020 ponit
1494 3949 1727 4004 assidue.
1770 3949 1847 4005 Ne
1875 3965 2000 4020 ergo

427 4041 669 4096 molestia
686 4042 998 4108 al'ticiamnr,
1025 4042 1150 4096 dum
1176 4041 1354 4112 gravia
1381 4041 1538 4095 verba
1565 4039 1807 4095 audimus
1840 4059 1854 4096 :
1888 4057 2003 4094 nia-

426 4147 589 4202 gnum
623 4131 764 4186 cnim
796 4133 1000 4188 lucrum
1033 4133 1086 4187 in
1111 4148 1170 4188 se
1205 4132 1512 4196 continent;
1561 4131 1654 4186 scd
1685 4131 1798 4201 ejus
1821 4131 2001 4186 consi-

425 4223 674 4278 derantes
713 4230 768 4278 et
814 4221 1122 4294 patientiam
1163 4229 1222 4278 et
1268 4221 1469 4290 justum
1514 4221 1792 4291 judicium,
1839 4236 1908 4274 ne
1934 4220 2002 4276 de

426 4313 596 4369 salute
642 4313 1024 4384 desperemus:
1056 4324 1138 4371 est
1183 4316 1324 4368 enim
1358 4314 1600 4384 patiens;
1645 4329 1817 4384 neque
1863 4315 2000 4367 tristi

421 4404 600 4459 animo
623 4405 790 4460 simus
817 4422 832 4458 :
864 4414 947 4458 est
976 4405 1117 4460 enim
1153 4405 1360 4474 justus;
1389 4403 1474 4458 hic
1521 4401 1732 4474 quidem
1782 4404 2000 4458 multam

422 4495 713 4550 ostendens
743 4495 1071 4566 patientiam,
1098 4495 1206 4550 illic
1233 4503 1408 4548 autem
1439 4509 1532 4550 eos
1552 4494 1641 4564 qui
1671 4510 1774 4548 non
1806 4493 1892 4550 hic
1919 4495 2004 4549 lu-

422 4584 762 4653 crifecerunt,
795 4587 1158 4656 experimento
1187 4586 1401 4640 tradens
1444 4587 1685 4656 supplicii
1715 4604 1729 4649 ;
1757 4587 1900 4658 quod
1937 4603 2004 4644 ne

425 4678 536 4740 tiat,
564 4676 650 4730 hic
668 4679 777 4746 jam
805 4679 1119 4747 supplicium
1146 4677 1491 4746 depellamus.
1527 4678 1614 4733 15.
1661 4677 1794 4732 Ecce
1824 4687 2003 4749 partu-

423 4767 509 4821 riit
539 4765 856 4838 injustitiani.
889 4767 1140 4824 Hebraeus
1161 4777 1360 4834 autem,
1385 4785 1480 4840 pro
1502 4769 1759 4840 porturiit,
1783 4767 1933 4824 Jebat
1960 4773 1999 4824 ⁸.

427 4858 664 4927 Concepit
688 4860 930 4914 dolorem.
960 4862 1128 4928 Alius,
1162 4859 1230 4914 Et
1257 4877 1368 4914 cum
1397 4860 1733 4931 pnrturiisset.
1766 4859 1832 4913 Et
1855 4877 2006 4932 pepe-

426 4953 491 5008 rit
514 4952 846 5023 iniquitatem.
877 4951 1046 5020 Alius,
1072 4951 1416 5008 Mendacium.
1443 4951 1532 5009 16.
1557 4950 1750 5007 Lucum
1779 4953 1999 5023 aperuit,

489 5233 509 5270 ι
541 5239 678 5297 ηοεη
704 5231 1018 5296 Iabel,‘EdiU,
1043 5232 1171 5285 lebat
1197 5245 1216 5284 :
1239 5239 1333 5286 vox
1355 5235 1559 5284 nem-aea
1580 5208 1840 5294 «thum.

485 5323 560 5394 (ᾳ)
581 5325 912 5394 Antiquissima
944 5325 1053 5376 hac
1083 5323 1234 5394 lectio
1256 5333 1350 5386 est,
1375 5331 1428 5375 et
1448 5327 1498 5374 in
1519 5326 1826 5394 septuaginta
1845 5330 2001 5394 interg

427 5629 618 5678 duabus
633 5628 945 5680 'lectionibtis'
979 5643 1074 5679 una
1112 5628 1233 5682 facta
1263 5628 1344 5682 sii.
1368 5631 1462 5682 sed
1498 5630 1566 5682 ait
1591 5628 1774 5680 ibidem
1793 5629 2006 5680 Justinus

429 5689 524 5740 alia
547 5690 862 5756 exemplaria,
885 5699 982 5745 tres
1005 5691 1127 5755 dies,
1151 5693 1354 5744 habere.

3595 289 3697 345 IN)

2112 405 2158 444 et
2184 389 2357 455 effodit
2386 407 2497 442 cuin
2525 431 2540 457 ,
2565 402 2609 443 et
2638 389 2826 442 incidet
2852 391 2902 443 in
2927 392 3118 459 foveam
3145 409 3294 462 quam
3319 397 3454 463 fecit.
3488 399 3637 452 Alius
3678 417 3693 454 :

2112 481 2178 534 In
2205 482 2458 534 interitum
2489 498 2632 550 quem
2657 484 2793 549 fecit.
2827 483 2969 536 Dixit
3005 484 3168 538 Deum
3195 501 3316 541 esse
3357 500 3598 557 paratum
3626 492 3692 546 ad

2114 573 2430 640 supplicium
2453 589 2466 636 ;
2485 573 2618 626 dixit
2637 589 2755 626 eum
2771 575 3054 628 immittere
3072 577 3324 644 supplicia
3346 596 3357 630 :
3382 580 3588 648 perime
3606 599 3664 635 ea
3678 617 3694 627 -

2110 663 2340 730 stigavit,
2370 673 2423 716 et
2449 664 2745 716 modestum
2789 664 3018 718 reddidit
3048 668 3366 733 auditorem,
3401 673 3569 740 utqui
3600 689 3690 726 sn-

2110 768 2330 823 pcrnatn
2361 755 2490 807 iram
2517 756 2564 807 ei
2603 756 2909 826 impendere
2938 757 3249 812 ostenderit.
3278 759 3410 814 Eum
3439 763 3690 832 deinceps

2110 843 2266 897 docet
2291 844 2446 896 etiam
2475 859 2542 897 ex
2573 845 2733 898 rebus
2761 846 2886 915 ipsis
2911 847 3218 915 ostendens,
3246 851 3326 904 vel
3350 863 3472 907 ante
3491 857 3689 922 suppli-

2110 933 2268 998 cium,
2296 933 2466 1001 ipsutn
2496 934 2678 986 vitium
2706 947 2824 989 esse
2849 951 3079 1004 ptnnam.
3110 938 3260 1004 Quod
3290 942 3500 1010 quidem
3527 953 3684 998 etiam

2111 1021 2307 1076 Paulus
2357 1023 2747 1090 demonstrans,
2801 1025 3012 1080 dicebat
3066 1045 3080 1080 :
3127 1029 3190 1082 Et
3221 1033 3493 1086 mercedem
3537 1051 3687 1101 quant

2111 1111 2368 1181 oportebat
2411 1115 2594 1166 erroris
2640 1117 2692 1168 in
2737 1131 2790 1170 se
2827 1118 3120 1184 recipientes
3168 1119 3344 1189 (Rom.
3393 1125 3444 1176 1.
3482 1122 3575 1194 27)
3600 1136 3689 1188 ;ct

2109 1201 2324 1255 adducit
2351 1203 2401 1255 in
2433 1204 2664 1258 medium
2681 1220 2774 1258 eos
2793 1207 2881 1274 qui
2901 1217 3135 1262 extrema
3163 1225 3190 1262 a
3219 1212 3346 1266 vitio
3373 1215 3511 1282 passi
3541 1225 3686 1268 sunt.

2113 1292 2242 1356 Quia
2271 1292 2415 1346 enim
2445 1295 2591 1347 multi
2621 1309 2686 1348 ex
2722 1296 3068 1352 crassioribus
3098 1307 3220 1354 tunc
3249 1306 3478 1358 maxime
3515 1307 3690 1360 solent

2111 1383 2348 1449 reprimi,
2379 1392 2433 1436 et
2479 1385 2858 1440 moderatiores
2882 1387 3041 1455 eftici,
3065 1392 3278 1460 quando
3307 1407 3401 1448 eos
3425 1398 3514 1465 qui
3546 1399 3687 1466 passi

2110 1484 2235 1528 sunt
2265 1475 2492 1529 viderint
2523 1488 2844 1548 :prOpterea
2876 1481 2988 1548 ipse
3025 1497 3234 1553 quoque
3262 1501 3358 1541 eos
3387 1488 3603 1544 adducit
3632 1493 3683 1545 in

2111 1565 2364 1619 medium.
2395 1564 2468 1619 lta
2487 1568 2646 1621 etiam
2671 1568 2793 1623 facit
2815 1568 3079 1637 Christus,
3103 1575 3188 1643 qui
3212 1590 3330 1630 eum
3356 1578 3422 1632 de
3444 1579 3685 1648 gehenna

2111 1655 2331 1711 multum
2360 1656 2716 1725 disseruisset,
2749 1675 2843 1715 eos
2865 1663 3023 1716 etiam
3047 1666 3134 1733 qui
3157 1667 3280 1721 illuc
3301 1670 3602 1736 mittuntur,
3630 1674 3680 1726 in

2111 1747 2343 1802 medium
2383 1750 2620 1818 adducit,
2654 1763 2710 1806 ut
2736 1753 2952 1810 divitem
2982 1756 3072 1826 qui
3099 1768 3211 1812 erat
3239 1768 3476 1830 tempore
3501 1764 3682 1818 Lazuri

2112 1839 2360 1911 (Lucili.
2389 1841 2632 1914 i9.sqq.)
2653 1888 2668 1910 ,
2703 1847 2932 1916 virgines
2954 1847 3154 1914 fatuas,
3202 1867 3320 1906 eum
3353 1857 3566 1925 insuper
3594 1859 3682 1925 qui

2110 1947 2271 1986 unum
2317 1935 2568 1990 talentum
2599 1938 2948 1994 absconderat
2995 1940 3208 2009 (Matth.
3235 1944 3326 1998 25.
3359 1946 3404 1999 l.
3442 1965 3546 2017 sqq.
3592 1947 3683 2002 2i.

2109 2027 2280 2094 sqq);
2325 2035 2376 2079 et
2425 2025 2479 2079 in
2526 2028 2770 2096 prmsenti
2803 2031 2908 2082 vita
2953 2045 3048 2085 eos
3097 2033 3184 2100 qui
3241 2034 3292 2087 in
3341 2037 3468 2090 turri
3513 2039 3683 2093 obruti

2111 2116 2334 2183 fuerant,
2359 2125 2414 2172 et
2455 2134 2679 2188 quorum
2726 2122 3032 2191 sanguinem
3087 2124 3284 2178 Pilatus
3313 2129 3520 2183 miseuit
3566 2145 3683 2185 cum

2107 2205 2380 2260 sacrificiis
2427 2207 2594 2278 (Luc.
2627 2210 2713 2265 15.
2739 2210 2791 2264 1.
2818 2212 2870 2264 4.
2895 2209 2939 2282 ).
2965 2211 3037 2266 ita
3063 2214 3219 2268 etiam
3247 2215 3432 2272 Petrus
3474 2236 3591 2274 eum
3621 2223 3690 2276 de

2107 2296 2346 2365 g‘ehenna
2368 2299 2592 2352 multum
2634 2299 3002 2368 disseruisset,
3029 2317 3124 2359 eos
3153 2313 3275 2360 tunc
3302 2309 3531 2363 maxime
3563 2328 3686 2379 per-

2108 2387 2254 2450 culit,
2282 2389 2494 2457 quando
2537 2390 2798 2460 supplicio
2840 2393 3059 2448 affectos
3101 2395 3318 2450 adduxit
3349 2399 3400 2452 in
3432 2402 3694 2468 medium,

2107 2489 2162 2533 et
2199 2491 2324 2534 ante
2362 2480 2547 2536 oculos
2571 2483 2802 2538 ostendit
2846 2485 3066 2540 Ananiae.
3095 2493 3150 2541 et
3167 2487 3441 2559 Sapphica;
3483 2497 3690 2564 suppli-

2106 2571 2246 2626 cium
2275 2573 2409 2644 (Act.
2431 2574 2556 2630 5.1.
2591 2575 2748 2648 sqq.):
2774 2578 2912 2645 quod
2940 2577 3152 2646 quidem
3171 2580 3294 2634 fecit
3314 2583 3470 2638 etiam
3497 2584 3688 2641 Paulus

2107 2663 2160 2716 in
2191 2679 2347 2733 mago
2371 2663 2508 2737 (Act.
2539 2667 2626 2722 15.
2668 2668 2728 2722 11
2757 2667 2796 2738 ).
2827 2667 2936 2722 [loc
2971 2670 3129 2724 etiam
3167 2671 3274 2727 alio
3311 2673 3468 2727 modo
3492 2675 3688 2730 contir-

2111 2762 2241 2817 tnat,
2267 2753 2480 2823 quando
2509 2770 2694 2809 eorum
2729 2757 2816 2825 qui
2845 2758 2899 2812 in
2934 2760 3220 2815 solitudine
3263 2759 3470 2816 fuerant
3499 2767 3688 2820 nicmi-

2107 2844 2185 2898 uit
2205 2885 2220 2910 ,
2247 2846 2324 2899 sic
2355 2844 2539 2900 dicens
2567 2863 2580 2898 :
2614 2845 2752 2900 Nolo
2777 2863 2862 2902 vos
2885 2849 3139 2919 ignorare,
3168 2852 3351 2920 fratres
3374 2895 3388 2917 ,
3416 2857 3550 2924 quod
3578 2873 3684 2910 om-

2106 2952 2194 2990 nes
2240 2948 2408 3006 patres
2441 2939 2602 2992 nostri
2628 2941 2717 2992 sub
2751 2941 2878 2994 nube
2919 2945 3142 3013 [iter-unt,
3175 2952 3220 2997 et
3266 2961 3433 2998 omnes
3461 2946 3514 2998 in
3545 2946 3688 3002 Moss

2107 3027 2354 3098 baptizati
2376 3037 2516 3094 sunt,
2544 3039 2590 3083 et
2611 3031 2775 3083 cibum
2802 3031 3113 3101 spiritualem
3146 3034 3482 3101 comederunt,
3516 3046 3563 3090 et
3590 3053 3687 3107 po-

2105 3125 2211 3170 tum
2225 3119 2533 3189 spiritualem
2546 3121 2772 3175 biberunt
2787 3137 2806 3175 :
2824 3122 2912 3176 sed
2925 3137 3024 3176 non
3039 3124 3091 3177 in
3109 3124 3334 3194 pluribus
3349 3142 3518 3179 eorum
3545 3144 3684 3181 com-

2107 3207 2348 3279 placitum
2373 3221 2447 3265 est
2471 3210 2596 3278 Deo,
2626 3212 2716 3267 sed
2742 3215 3014 3283 perierunt,
3066 3225 3114 3268 et
3159 3216 3438 3270 ceciderunt
3462 3219 3539 3286 (1.
3566 3218 3684 3274 Cor.

2107 3301 2176 3354 10
2204 3299 2365 3370 1.-5).
2415 3301 2548 3369 Quia
2577 3303 2718 3357 enim
2736 3303 2989 3358 disseruit
3006 3305 3075 3359 de
3103 3303 3313 3371 futuris,
3337 3305 3402 3360 de
3421 3307 3683 3378 gehenna,

2106 3391 2344 3462 inquam,
2379 3393 2446 3448 de
2475 3407 2648 3463 poena,
2681 3403 2734 3449 et
2763 3396 3045 3465 supplicio,
3077 3411 3143 3452 ex
3175 3399 3454 3467 praeteritis
3479 3415 3687 3472 quoque

2103 3495 2288 3537 eorum
2321 3483 2474 3538 affert
2519 3485 2905 3554 probationem,
2941 3501 3035 3542 eos
3063 3489 3152 3558 qui
3182 3488 3326 3558 plexi
3356 3499 3479 3544 sunt
3513 3491 3686 3547 addu-

2108 3587 2238 3628 cens
2281 3573 2332 3627 in
2369 3573 2635 3640 medium,
2675 3575 2774 3630 hos
2807 3576 3022 3647 quidem
3073 3594 3104 3632 a
3146 3582 3517 3650 serpentibus,
3566 3583 3684 3639 illos

2103 3679 2230 3718 vero
2259 3665 2328 3719 ab
2364 3666 2795 3721 exterminatore.
2828 3667 2981 3733 Quod
3004 3668 3218 3739 quidem
3253 3671 3338 3726 hic
3371 3688 3579 3745 quoque
3607 3675 3679 3729 fa-

2102 3755 2175 3808 cit
2234 3755 2396 3810 David
2424 3797 2440 3823 ,
2473 3757 2557 3812 vel
2595 3757 2663 3813 de
2691 3759 3046 3828 Achitophele
3083 3761 3288 3831 dicens,
3318 3765 3399 3819 vel
3429 3767 3496 3822 de
3523 3767 3684 3821 Absa-

2104 3847 2246 3902 lone.
2293 3847 2539 3902 Nonnulli
2591 3849 2767 3920 itaque
2791 3850 2973 3906 dicunt
3013 3852 3153 3908 dicta
3197 3869 3320 3910 esse
3358 3856 3427 3912 de
3468 3858 3687 3913 Achito-

2104 3939 2279 4008 phele.
2309 3937 2426 3994 Non
2470 3940 2612 3996 enim
2640 3941 2879 4011 ejusdem
2909 3953 3026 3999 erat
3049 3945 3226 4002 dicere
3258 3963 3272 4000 :
3322 3947 3528 4003 Parcite
3565 3950 3685 4002 mitn

2103 4027 2266 4100 ﬁliolo
2286 4047 2396 4086 meo
2422 4032 2682 4098 Absatoni,
2712 4043 2768 4090 ot
2809 4043 2933 4108 post
2955 4053 3156 4102 eaStim,
3189 4038 3317 4104 Quis
3340 4039 3536 4092 dederit
3564 4041 3686 4092 mihi

2103 4131 2314 4177 mortem
2354 4140 2447 4194 pro
2473 4133 2521 4178 te
2545 4124 2620 4196 (Ξ.
2653 4125 2782 4198 Reg.
2821 4127 2910 4182 18.
2951 4129 3006 4182 5.
3039 4127 3186 4198 βων
3209 4138 3263 4181 et
3299 4127 3415 4181 tunc
3443 4141 3584 4181 inane
3601 4129 3682 4181 di-

2102 4227 2228 4268 cere
2263 4231 2277 4269 :
2306 4214 2400 4269 sed
2424 4215 2511 4270 illa
2535 4217 2746 4286 quidem
2773 4216 2984 4272 dicebat
3003 4216 3282 4286 instigante
3305 4225 3512 4280 natura,
3540 4231 3682 4271 nunc

2107 4321 2233 4360 vero
2258 4306 2466 4364 afﬂatus
2490 4323 2520 4362 a
2545 4309 2754 4378 spiritu.
2783 4307 2890 4363 Sed
2926 4307 3044 4364 sive
3069 4307 3138 4362 de
3164 4307 3448 4373 Ahsalone,
3479 4309 3593 4364 sive
3615 4309 3685 4365 de

2103 4396 2452 4468 AehitOphele
2487 4399 2626 4454 dicta
2677 4397 2924 4462 fuerunt.
2974 4397 3357 4452 consideranda
3399 4409 3526 4454 sunt
3564 4415 3684 4472 qua:

2106 4486 2245 4542 dicta
2265 4498 2424 4544 sunt:
2455 4503 2626 4560 neque
2664 4489 2805 4545 enim
2833 4488 2901 4544 de
2921 4488 3164 4558 personis
3191 4501 3222 4542 a
3251 4503 3336 4543 me
3361 4503 3685 4562 magnopere

2105 4583 2365 4654 agendum
2396 4593 2498 4638 est.

2177 4679 2264 4734 15.
2283 4676 2426 4746 Quid
2438 4692 2562 4748 ergo
2571 4690 2638 4732 ex
2647 4673 2751 4731 hoc
2761 4673 2885 4732 loco
2893 4671 3156 4732 discimus
3167 4676 3194 4732 ?
3204 4675 3463 4743 Ostendit,
3488 4676 3600 4733 fore
3621 4687 3684 4734 ut

2106 4766 2196 4838 qui
2224 4767 2520 4837 propinquo
2559 4765 2691 4820 todit
2719 4765 2944 4832 foveam,
2973 4765 3087 4836 ipse
3123 4765 3178 4820 in
3205 4779 3324 4820 eam
3352 4765 3592 4822 incidat:
3629 4777 3686 4822 et

2104 4856 2548 4928 quemadmodum
2570 4855 2820 4911 mulieres
2841 4858 3194 4926 parturientes
3216 4871 3247 4911 a
3274 4855 3549 4912 doloribus
3569 4857 3686 4913 dis-

2105 4959 2412 5022 cerpuntur,
2437 4950 2504 5003 ita
2521 4949 2678 5004 etiam
2695 4949 2785 5020 qui
2807 4949 2931 5004 facit
2945 4949 3144 5016 dolum,
3162 4949 3460 5020 priusquam
3479 4951 3688 5020 propin-

2105 5057 2265 5112 quum
2287 5041 2476 5110 injuria
2502 5039 2716 5106 alliciat,
2740 5041 2852 5111 ipse
2871 5042 3186 5111 discerpitur
3213 5047 3270 5096 et
3310 5042 3596 5108 cruciatur,
3629 5049 3685 5096 et

2107 5150 2212 5188 non
2260 5131 2363 5186 levi
2390 5131 2567 5202 aliquo
2585 5173 2601 5196 ,
2622 5133 2714 5187 sed
2739 5132 3207 5188 vehementissimo
3234 5131 3418 5186 dolore
3437 5131 3683 5186 afficitur.

2106 5223 2364 5291 Quocirca
2409 5237 2530 5277 cum
2557 5224 2716 5278 vellet
2767 5223 3109 5279 acerbitatem
3153 5223 3354 5279 doloris
3383 5222 3682 5285 ostendere,

2107 5329 2220 5369 rem
2245 5322 2426 5384 partus
2437 5313 2676 5369 dolorem
2694 5307 2996 5384 appellavit.
3012 5314 3234 5382 Quando
3249 5316 3388 5370 enim
3414 5313 3528 5368 vult
3543 5311 3684 5366 Scri-

2108 5415 2263 5477 ptura
2291 5405 2674 5462 intolerabilem
2703 5407 2933 5478 aliquem
2963 5407 3201 5464 dolorem
3228 5407 3538 5470 ostendere,
3573 5419 3681 5474 par-

2109 5503 2195 5552 tus
2213 5495 2417 5552 doloris
2437 5512 2559 5553 eum
2583 5499 2798 5554 nomine
2826 5498 3102 5554 describit.
3125 5499 3358 5554 Proinde
3377 5495 3502 5551 alibi
3525 5493 3685 5550 dicit:

2113 5586 2356 5642 Pariendi
2383 5587 2580 5644 dolores
2603 5599 2841 5660 ceperunt
2867 5591 3148 5646 habitantes
3179 5587 3456 5644 Philistiin’t
3483 5583 3683 5658 (Exod.

2111 5676 2202 5734 15.
2232 5675 2365 5749 tt),
2391 5676 2494 5734 hoc
2523 5690 2624 5748 est,
2653 5680 2812 5736 timor
2831 5723 2848 5750 ,
2879 5690 3099 5750 tremor,
3127 5679 3312 5748 labor,
3343 5689 3397 5734 et
3425 5675 3598 5733 dolor.
3625 5671 3686 5729 Et
