4112 6224
350 385 417 441 99
1474 373 1840 433 EXPOSlTIO
1868 373 1936 430 IN
1973 371 2299 429 PSALML’M
2341 369 2450 427 νη.

350 494 425 568 μὴ
468 492 718 564 γενέσθαι
769 495 829 549 ἐν
876 495 1042 567 πείρα
1084 494 1192 549 τῶν
1233 496 1588 567 πραγμάτων.
1651 491 1751 546 Διά
1806 490 1915 562 7&9

347 580 504 636 τοῦτο
522 582 775 649 ἐνέτεινε,
792 581 881 636 διὰ
907 581 1064 636 τοῦτο
1087 581 1480 654 ήτοίμασε,διά
1498 580 1657 636 τοῦτο
1686 579 1914 649 ἐνέθηκε

345 668 415 723 τά
444 667 596 739 βέλη,
617 667 706 722 διὰ
732 667 890 722 τοῦτο
916 669 1053 742 πρὸς
1078 670 1177 742 τὴν
1206 668 1479 742 τιμωρίαν
1508 668 1911 740 εὐτρεπίζεται,

347 753 438 810 ἶνα
472 754 548 827 μὴ
573 754 702 827 ἔλθῃ
735 755 871 826 πρὸς
896 752 993 827 τήν
1028 755 1319 828 τιμωρίαν.

422 908 505 963 ιϐ’.
540 904 652 961 Καὶ
683 907 896 977 ἐξογκοῖ
921 909 1010 965 τὸν
1036 908 1212 979 λόγον,
1239 908 1315 982 τῷ
1342 908 1443 982 μέν
1470 911 1792 965 Στιλϐὠσει
1817 910 1915 981 τὴν

352 994 688 1068 σφοδρότητα
711 997 806 1048 καὶ
823 995 921 1067 τὴν
942 995 1175 1067 ὀξύτητα
1200 996 1297 1068 τῆς
1323 997 1591 1068 τιμωρίας
1611 996 1913 1069 ἐμφαίνων-

352 1081 430 1154 τῷ
462 1082 521 1137 δὲ
565 1082 883 1147 Ἐνέτεινε,
921 1082 1018 1155 τὴν
1048 1084 1357 1155 ἐγγύτηταο
1384 1083 1464 1155 τῷ
1489 1084 1547 1138 δὲ
1584 1083 1914 1153 Ἠτοίμιισε,

354 1169 417 1225 τὺ
444 1170 660 1235 πάντως
686 1171 960 1242 ἐσόμενον,
991 1174 1040 1225 εί
1066 1171 1140 1244 μὴ
1168 1171 1583 1243 μεταϐάλοιντο·
1603 1165 1686 1238 τῷ
1704 1171 1763 1224 δέ
1790 1169 1919 1237 Τοῖς

352 1257 710 1328 καιομένοις,
738 1260 864 1323 τοὺς
896 1259 1225 1325 ὑπευθύνους
1248 1259 1653 1331 ἐνδεικνύμενος
1676 1298 1692 1324 ,
1720 1258 1809 1312 ἶνα
1831 1257 1920 1312 διά

353 1342 573 1398 πάντων
602 1343 996 1411 παιδευθέντες,
1022 1346 1376 1402 ἀναστείλωσι
1403 1346 1502 1417 τὴν
1529 1345 1812 1418 πονηρίαν.
1853 1346 1918 1398 Εί

353 1430 411 1485 δὲ
441 1430 613 1505 θυμοῦ
640 1430 809 1486 ταῦτα
837 1427 907 1505 ἦν
946 1436 1043 1489 καὶ
1086 1435 1289 1506 ὀργῆς,
1334 1435 1435 1489 οὐκ
1464 1432 1562 1502 ἃν,
1586 1429 1667 1498 οἷς
1696 1432 1917 1504 ἔμελλεν

351 1519 744 1593 ἐπιθήσεσθαι,
775 1523 1058 1592 προεῖπεν.
1114 1522 1174 1576 ’0
1197 1520 1307 1594 7&9
1344 1521 1512 1594 θυμὸς
1547 1522 1647 1575 οὐκ
1670 1521 1917 1592 ἀνέχεται

352 1607 543 1661 τοῦτο’
574 1607 711 1663 ἀλλά
734 1609 828 1663 καὶ⁵
855 1608 1169 1664 τούναντίον
1199 1610 1374 1674 ποιεῖ,
1405 1609 1496 1663 καὶ
1521 1607 1754 1679 μάλιστα
1786 1608 1917 1664 ὅταν

354 1696 413 1749 ἐν
443 1696 582 1768 αὐτῇ
611 1691 852 1771 λοιπδνῇ
884 1697 950 1768 τῇ
978 1696 1128 1767 ἀκμῇ
1148 1735 1163 1760 ,
1213 1695 1309 1751 καὶ
1342 1699 1408 1768 τῇ
1434 1695 1681 1761 κολάσει,
1721 1696 1816 1750 καὶ
1847 1697 1915 1767 τῇ

353 1784 666 1856 κατασκευῇ
711 1784 810 1855 τῆς
853 1781 1139 1854 τιμωρίας.
1191 1783 1254 1836 Ol
1297 1781 1427 1852 γοῦν
1472 1781 1755 1853 πολέμιοι,
1822 1782 1919 1836 καὶ

354 1871 666 1944 βουλόμενοι
710 1871 809 1945 τήν
850 1872 1120 1945 τιμωρίαν
1175 1874 1498 1943 ἐπαγαγεῖν,
1543 1874 1607 1927 ού
1654 1872 1813 1943 μόνον
1854 1871 1917 1926 ού

355 1959 620 2030 λέγουσιν,
640 1958 776 2015 ἀλλὰ
799 1961 896 2013 καὶ⁹
914 1959 1279 2033 κρυπτόμενοι
1300 1959 1652 2026 ἐπιτίθενται,
1667 1957 1811 2014 ὥστε
1840 1959 1918 2031 μὴ

357 2047 626 2119 μαθόντας
667 2048 794 2111 τοὺς
838 2045 1160 2114 κολάζεσθαι
1220 2048 1512 2121 μέλλοντας
1557 2047 1916 2117 φυλάξασθαι.

367 2136 507 2190 Ἀλλ’
539 2138 638 2208 οὐχ
663 2138 691 2191 6
714 2136 847 2200 Θεὸς
868 2136 1061 2203 οῦτως,
1105 2135 1261 2192 ἀλλάι
1282 2137 1589 2193 τούναντίον
1614 2136 1760 2192 ἅπαν
1779 2154 1794 2168 ο
1823 2137 1920 2191 καὶ

355 2223 630 2295 προλέγει,
661 2221 755 2279 καὶ
790 2223 1147 2280 ἀναϐάλλεται
1166 2263 1182 2290 ,
1211 2223 1306 2280 καὶ
1343 2224 1499 2295 φοϐεῖ
1521 2223 1610 2280 διὰ
1637 2224 1916 2297 ῥημάτιον,

354 2313 452 2366 καὶ
499 2311 679 2367 πάντα
703 2314 866 2376 ποιεῖ,
900 2311 1041 2368 ὥστε
1075 2313 1149 2384 μὴ
1183 2314 1484 2383 ἐπαγαγεῖν
1510 2312 1654 2384 ἅπερ
1682 2315 1916 2368 ἀπειλεῖ.

356 2397 530 2453 τοῦτο
551 2400 647 2454 καὶ⁵
668 2400 762 2455 ἐπὶ
783 2401 1079 2455 Νινευῖτῶν
1108 2401 1351 2473 ἐποίησε.
1400 2403 1512 2456 Καὶ
1540 2402 1651 2472 7&9
1680 2404 1776 2457 καὶ
1803 2403 1923 2456 ἐκεῖ

363 2485 513 2549 τόξον
538 2486 786 2554 ἐνέτεινε,
820 2488 916 2542 καὶ
943 2488 1041 2559 τὴν
1071 2489 1343 2560 ῥομφαίαν
1380 2487 1695 2555 ἐστίλϐωσε,
1727 2490 1825 2542 καὶ
1852 2490 1923 2542 τά

366 2570 495 2643 βέλη
520 2572 801 2643 ἡτοίμασε,
830 2574 924 2626 καὶ
948 2572 1046 2644 τὴν
1080 2572 1292 2644 πληγὴν
1317 2573 1419 2627 οὐκ
1440 2574 1734 2643 ἐπήγαγεν.
1764 2575 1839 2627 Ἦ
1863 2577 1926 2627 ού

362 2657 513 2712 δοκεῖ
559 2674 640 2713 σοι
668 2658 737 2713 τά
765 2659 985 2730 ῥήματα
1023 2657 1121 2713 τοῦ
1162 2660 1441 2731 προφήτου
1483 2658 1635 2724 τόξον
1663 2653 1804 2715 εἶναι
1835 2662 1933 2715 καὶ

364 2744 521 2815 βέλος
561 2746 655 2800 καὶ
698 2745 972 2818 ῥομφαίαν
1007 2745 1373 2819 ήκονημένην,
1417 2747 1548 2802 ὅταν
1590 2746 1726 2822 λέγῃ
1746 2765 1763 2782 ο
1801 2749 1931 2804 Ἔτι

359 2831 519 2903 τρεῖς
585 2831 794 2902 ἡμέραι
807 2874 823 2901 ,
889 2832 989 2889 καί
1053 2833 1276 2902 Νινευῆ
1329 2835 1930 2908 καταστραφήσεταις

373 2920 509 2975 Ἀλλ’
538 2922 640 2976 οὐκ
666 2921 846 2993 ἀφῆκε
876 2920 936 2975 τὸ
975 2920 1161 2993 βέλοςο
1190 2922 1309 2978 ούδέ
1348 2923 1460 2996 7&9
1501 2923 1595 2979 διά
1629 2923 1789 2981 τοῦτο
1824 2928 1928 2997 116-

359 3009 619 3082 τρέπιστο
642 3009 729 3064 ἴνα
758 3009 955 3083 ἀφεθῇ,
992 3009 1109 3065 ἀλλ’
1141 3009 1227 3065 ίνα
1254 3011 1575 3084 ἐναποτεθῇ.
1601 3013 1666 3068 Οί
1696 3014 1796 3086 μέν
1816 3015 1927 3086 γάρ

363 3096 690 3170 στρατιῶται
721 3097 809 3154 διά
832 3097 990 3154 τοῦτο
1019 3096 1349 3166 ὁπλίζονται,
1388 3100 1476 3154 ἵνα
1523 3100 1859 3158 κολάσωσιν·
1899 3104 1928 3155 6

361 3182 418 3238 δέ
447 3181 580 3250 Θεὸς
625 3184 742 3258 [70]
768 3186 868 3258 ούχ
894 3185 1065 3252 οῦτως
1087 3227 1102 3254 ,
1135 3186 1248 3241 ἀλλ’
1280 3188 1369 3241 ίνα
1403 3187 1483 3260 τῷ
1511 3188 1661 3261 φόϐῳ
1719 3206 1928 3261 σωφρο-

363 3273 648 3345 νεστέρους
673 3274 925 3347 ποιήσας,
957 3273 1166 3347 ἀνάσχῃ
1201 3273 1301 3346 τῆς
1331 3276 1599 3348 τιμωρίας
1627 3277 1726 3349 τὴν
1751 3280 1925 3350 χεῖρα.

365 3358 461 3431 Μὴ
486 3359 668 3414 τοίνυν
690 3355 1073 3431 θορυϐὠμεθαο
1107 3360 1514 3435 φιλανθρωπίας
1534 3363 1644 3438 7&9
1670 3365 1871 3437 πολλῆς
1901 3367 1930 3422 6

366 3445 476 3501 τῶν
513 3447 773 3519 ῥημάτων
799 3447 979 3518 φόϐος,
1007 3447 1099 3504 καὶ
1124 3450 1236 3521 ὅσῳ
1268 3450 1335 3505 ἂν
1360 3451 1736 3525 ἀπορητότερα
1772 3453 1927 3526 λέγῃ,

367 3535 605 3608 τοσούτῳ
651 3533 762 3590 ἀπὸ
801 3533 998 3605 πολλῆς
1031 3536 1364 3609 ἡμερότητος
1408 3539 1581 3595 ταῦτα
1611 3540 1925 3611 φθέγγεται.

381 3624 531 3679 Ἐπεὶ
559 3625 653 3678 καὶ
678 3622 929 3695 πατέρες,
954 3623 1079 3678 ὅταν
1107 3622 1183 3696 μή
1203 3622 1498 3694 βούλωνται
1532 3626 1780 3693 κολάζειν
1803 3628 1929 3692 τοὺς

367 3710 581 3775 παῖδας,
616 3709 703 3764 διά
734 3709 842 3765 τῶν
872 3709 1131 3782 ῥημάτων
1166 3711 1264 3782 τὴν
1287 3712 1456 3784 ὀργὴν
1483 3711 1763 3785 αἴρουσινο
1786 3713 1931 3768 οὕτω

369 3799 463 3853 καὶ
509 3797 706 3863 αὐτὸς,
740 3798 864 3852 ἐπεὶ
910 3797 987 3870 μὴ
1016 3796 1262 3868 βούλεται
1294 3799 1567 3867 κολάζειν,
1597 3800 1814 3869 ἐξογκοϊ
1841 3800 1930 3855 διά

367 3889 477 3944 τῶν
512 3886 769 3958 ῥημάτων
794 3885 885 3940 τὸν
916 3884 1101 3955 φόϐον.
1132 3886 1294 3954 Λέγει
1321 3888 1417 3941 καὶ
1443 3887 1667 3956 γέενναν
1709 3887 1927 3960 ἐτοιμά-

373 3994 485 4042 σαι,
527 3976 615 4029 ἵνα
661 3973 735 4046 μή
778 3971 918 4044 βάλῃ
956 3973 1037 4036 είς
1073 3972 1333 4040 γέεννανο
1377 3974 1468 4027 διά
1511 3991 1594 4028 τοι
1634 3974 1793 4030 τοῦτο
1837 3977 1932 4029 καὶ

370 4064 555 4118 πολλοὶ
589 4062 737 4130 λόγοι
767 4060 898 4134 περὶ
918 4058 1192 4131 τιμωρίας
1225 4060 1338 4122 τοῖς
1356 4059 1704 4128 Εὐαγγελίοις
1735 4063 1934 4116 ἐναπό-

370 4168 600 4215 κεινται,
642 4151 736 4203 καὶ
761 4147 1014 4214 πλείους,
1061 4145 1177 4217 ήοὶ
1220 4145 1351 4217 περὶ
1379 4145 1673 4217 βασιλείας.
1718 4149 1934 4221 Ἐπειδὴ

370 4240 481 4311 7&9
511 4239 605 4292 ἐπὶ
628 4234 739 4292 τῶν
775 4232 1243 4306 ἀναισθηωτέρων
1284 4232 1383 4303 οὐχ
1408 4231 1582 4297 οὕτως
1608 4234 1643 4305 ή
1675 4233 1780 4288 τῶν
1808 4235 1939 4302 ἀγα-

372 4322 484 4378 θῶν
525 4321 844 4392 ἐπαγγελία,
869 4320 944 4384 ὠς
971 4320 1001 4373 6
1030 4321 1138 4373 τῶν
1170 4318 1429 4392 λυπηρῶν
1460 4319 1625 4390 φόϐος
1652 4319 1939 4389 ἐφέλκεται

371 4414 512 4486 πρὸς
552 4412 788 4483 ἀρετὴν,
823 4411 919 4466 καὶ
947 4409 1151 4479 ἀπάγει
1178 4408 1279 4481 τῆς
1305 4410 1502 4476 κακίας
1520 4426 1535 4440 ο
1565 4409 1655 4463 διά
1682 4410 1747 4482 δή
1782 4408 1942 4463 τοῦτο

371 4502 583 4564 τούτοις
632 4498 793 4554 πλέον
827 4497 1226 4570 ἐμφιλοχωρεῐ,
1271 4498 1368 4552 καὶ
1406 4495 1645 4570 συνεχῶς
1685 4497 1825 4552 αύτά
1860 4497 1941 4552 τί·

374 4591 523 4663 θησι.
547 4590 642 4663 Μὴ
657 4587 838 4645 τοίνυν
857 4587 1113 4660 ἀλγῶμεν
1137 4586 1425 4653 ἀκούοντες
1448 4588 1723 4663 φορτικῶν
1759 4590 1939 4663 ρημά.

372 4695 515 4734 των·
549 4677 687 4733 πολὺ
714 4676 826 4749 γὰρ
856 4675 1046 4746 κέρδος
1080 4674 1294 4746 ἐχουσιν
1311 4691 1326 4706 ο
1357 4676 1474 4731 ἀλλ’
1507 4677 1815 4744 ἐννοοῦντες
1839 4679 1939 4733 αὐ·

373 4769 468 4823 τοῦ
513 4772 610 4824 καὶ
643 4767 747 4840 τὴν
792 4763 1169 4838 μακροθυμίαν
1221 4767 1318 4820 καὶ
1370 4766 1471 4839 τὴν
1517 4766 1935 4842 δικαιοκρισίαν,

377 4859 519 4930 μήτι
565 4855 1032 4926 ἀτωγινώσκωμιν
1072 4853 1189 4925 τῆςκ
1220 4855 1523 4928 σωτηρίας’
1589 4857 1940 4930 μακρόθυμος

373 4946 485 5018 γάρ
529 4947 680 5000 ἐστι’
721 4945 863 5017 μήτε
902 4940 1231 5015 ἀθυμῶμεν
1273 4941 1479 5009 δίκαιος
1507 4943 1617 5018 γάρ
1642 4947 1817 5001 ἐστιν⁸
1851 4947 1939 5001 ἐν-

373 5033 550 5090 ταῦθα
587 5033 687 5104 μέν
725 5029 928 5102 πολλὴν
955 5030 1055 5102 τὴν
1079 5030 1460 5103 μακροθυμίαν
1499 5032 1939 5105 ἐνδεικνύμενος,

375 5124 494 5177 ἐκεῖ
515 5121 573 5177 δέ
598 5122 723 5187 τοὺς
752 5119 828 5192 μὴ
853 5117 1215 5191 κερδάναντας
1257 5118 1506 5175 ἐντεῦθεν
1546 5124 1614 5194 τῇ
1648 5122 1814 5194 πείρᾳ
1842 5125 1942 5194 τῆς

375 5208 649 5272 κολάσεως
688 5206 1039 5279 παραδιδούς’
1079 5208 1216 5279 ὅπερ
1259 5207 1345 5262 ἴνα
1388 5208 1464 5280 μὴ
1510 5208 1754 5282 γένηται,
1802 5210 1941 5265 ἀπο-

375 5294 735 5368 κρουσώμεθα
763 5292 1012 5350 ἐντεῦθεν
1041 5294 1140 5366 ήδη
1173 5293 1273 5366 τὴν
1303 5294 1594 5367 τιμωρίαν.
1634 5295 1780 5352 Ἰδοὺ
1804 5296 1943 5351 ὠδίο

374 5399 569 5452 νησεν
597 5375 857 5440 ἀδικίαν.
905 5383 963 5437 '0
1002 5382 1060 5438 δέ
1095 5382 1380 5455 Ἑϐραῖος,
1422 5384 1543 5438 άντὶ
1572 5384 1667 5440 τοῦ
1721 5385 1940 5455 Ὠδίνηο

374 5486 510 5540 σεν,
549 5470 729 5528 Ὶέϐαλ
743 5511 760 5536 ,
799 5470 1101 5525 xmst
1133 5470 1343 5524 πόνον.
1391 5470 1603 5537 Ἄλλος,
1646 5473 1757 5532 καί
1803 5472 1946 5545 κυή-

375 5575 514 5626 σας.
549 5558 660 5615 Καί
695 5557 901 5613 ἔτεκεν
929 5556 1202 5626 ἀνομίαν.
1230 5555 1453 5624 Ἄλλος,
1496 5558 1745 5627 Ψεῦδος.
1793 5561 1947 5621 Λάκ-

377 5662 490 5700 κον
516 5644 726 5713 ὤρυξε,
749 5644 851 5699 καί
879 5641 1232 5713 ἀνέσκαψεν
1250 5642 1457 5708 αὐτὸν,
1480 5644 1577 5699 καί
1604 5647 1948 5715 ἐμπεσεῖται

376 5735 467 5802 αις
486 5733 713 5803 ,βόθρον
743 5732 815 5786 ὃν
842 5730 1179 5801 είρτιίσιιτο.
1209 5730 1431 5796 Ἄλλος,
1478 5730 1581 5801 Εἰς
1620 5733 1947 5807 διαφθορὰν

618 5844 885 5904 ιῖετιιοῐ..
924 5845 1037 5904 Gn.
1074 5844 1192 5906 LV.

3473 361 3575 420 100

2018 485 2097 554 ἣν
2119 483 2456 554 είργάσατο.
2486 477 2755 557 Εἷπενθὸτι
2780 475 3217 549 παρεσκεύασται
3249 475 3381 548 πρὸς
3406 492 3578 547 τιμω-

2018 573 2137 646 ρίαν
2164 574 2194 626 6
2217 570 2382 636 Θεόςο
2415 566 2567 624 εἶπεν
2597 568 2680 622 ὅτι
2711 568 2977 637 ἐπαφίησι
3003 564 3102 627 τὰς
3124 564 3394 628 κολάσεις.
3409 563 3583 618 Ἐσωο
3630 570 3643 581 “

2015 660 2236 733 φρόνισε
2268 659 2443 729 τούτῳ
2463 659 2555 712 τὸν
2582 656 2874 729 ἀκροατὴν,
2899 653 2998 724 τὴν
3021 651 3228 708 ἄνωθεν
3254 651 3427 724 ὀργὴν
3456 653 3583 706 ἐπι-

2015 746 2320 818 κρεμάσας.
2348 743 2601 800 Παιδεύει
2629 743 2813 797 λοιπὸν
2838 742 2933 797 καὶ
2961 740 3070 795 ἀπὸ
3102 739 3212 794 τῶν
3237 740 3584 813 πραγμάτων

2013 833 2215 901 αὐτῶν,
2243 833 2459 897 δεικνὺς
2481 874 2496 899 ,
2526 833 2609 886 ὅτι
2637 833 2732 887 καὶ
2774 830 2884 901 προ
2921 830 3023 900 τῆς
3057 827 3327 899 τιμωρίας
3368 826 3508 898 αύτὴ
3544 826 3581 897 ή

2016 920 2184 975 κακία
2215 919 2456 983 κόλασις.
2485 920 2665 990 Ὅπερ
2692 914 2786 972 οὖν
2816 917 2910 972 καὶ
2938 919 2967 970 6
2993 915 3200 980 Παῦλος
3233 912 3580 983 ἐνδεικνύμε-

2016 1021 2106 1069 νος
2128 1004 2308 1073 ελεγεο
2332 1003 2441 1059 Καί
2470 1003 2586 1074 τὴν
2607 1003 3003 1071 ἀντιμισθίαν,
3028 1000 3108 1070 ἣν
3131 1001 3271 1066 ἔδει,
3297 1000 3408 1070 τῆς
3428 999 3583 1054 πλά-

2016 1107 2130 1159 νης
2152 1090 2223 1144 ὲν
2252 1089 2485 1156 ἑαυτοῖς
2507 1087 3030 1158 ἀπολαμϐάνοντες
3049 1104 3063 1119 ο
3100 1086 3194 1141 καὶ
3221 1089 3342 1156 ἄγει
3375 1089 3454 1151 είς
3486 1087 3584 1158 μέο

2019 1193 2113 1230 σον
2159 1176 2284 1241 τοὺς
2334 1174 2403 1229 τά
2455 1174 2654 1246 ἔσχατα
2720 1174 2987 1238 παθόντας
3045 1174 3150 1227 ὑπὸ
3198 1175 3299 1244 τῆς
3359 1173 3581 1236 κακίας.

2031 1261 2248 1334 Ἐπειδὴ
2274 1262 2384 1335 7&9
2404 1261 2658 1317 είώθασιν
2685 1262 2735 1315 οί
2767 1261 2951 1316 πολλοὶ
2980 1260 3089 1316 τῶν
3115 1261 3434 1332 παχυτέρων
3460 1260 3582 1314 τότε

2021 1349 2251 1421 μάλιστα
2275 1347 2722 1421 σωφρονίζεσθαι,
2747 1348 2876 1403 ὅταν
2900 1348 3026 1412 τοὺς
3060 1347 3391 1411 πεπονθότας
3411 1347 3579 1401 ἴδωσι·

2016 1436 2103 1491 διά
2142 1438 2301 1491 τοῦτο
2337 1437 2432 1491 καὶ
2468 1435 2666 1498 αὐτοὺς
2707 1437 2789 1499 είς
2834 1436 2996 1506 μέσον
3040 1435 3181 1503 ἀγει.
3221 1433 3379 1488 οὕτω
3419 1435 3517 1488 καὶ
3555 1437 3587 1487 6

2018 1524 2253 1595 Χριστὸς
2287 1525 2461 1587 ποιεί,
2506 1522 2675 1577 πολλά
2718 1523 2847 1594 περὶ
2888 1522 3112 1593 γεέννης
3144 1521 3445 1592 διαλεχθεὶς
3491 1523 3589 1575 καὶ

2016 1613 2145 1676 τοὺς
2188 1611 2305 1666 ἐκεῖ
2348 1609 2706 1682 βαλλομένους
2760 1612 2841 1674 εἰς
2899 1610 3062 1681 μέσον
3105 1608 3229 1678 ἄγει
3249 1626 3262 1641 ο
3318 1603 3450 1673 οἷον,
3492 1609 3587 1662 τὸν

2019 1698 2272 1753 πλούσιον
2298 1698 2390 1753 τὸν
2419 1700 2512 1752 ἐπὶ
2542 1699 2816 1769 Λαζάρου,
2861 1698 2960 1761 τὰς
3008 1684 3312 1768 παρθένους
3342 1695 3440 1761 τὰς
3471 1714 3586 1768 μω-

2019 1788 2142 1857 ράς,
2165 1786 2259 1839 τὸν
2291 1786 2353 1840 τὸ
2388 1785 2648 1841 τάλαντον
2693 1785 2756 1839 τὸ
2800 1786 2858 1839 ἐν
2907 1783 3333 1857 κατακρύψαντα
3352 1801 3366 1817 ⁸
3398 1785 3494 1839 καὶ
3525 1787 3585 1840 ἐν

2017 1871 2096 1944 τῷ
2121 1872 2349 1944 παρόντι
2381 1873 2510 1945 βίῳ,
2536 1874 2664 1938 τοὺς
2692 1875 2751 1928 ἐν
2787 1872 2864 1945 τῷ
2889 1873 3084 1945 πύργῳ
3112 1873 3583 1943 καταχωσθέντας,

2019 1960 2114 2016 καὶ
2140 1953 2216 2015 ὧν
2238 1959 2300 2013 τὸ
2336 1954 2474 2031 αἷμα
2513 1960 2744 2024 Πιλάτος
2771 1960 2992 2032 ἀνέμιξε
3012 1964 3131 2024 ταῖς
3171 1960 3400 2023 θυσίαις.
3429 1960 3589 2015 Οῦτω

2017 2049 2116 2102 καὶ
2170 2048 2376 2121 Πέτρος
2430 2046 2600 2102 πολλά
2652 2049 2781 2120 περὶ
2822 2047 3046 2119 γεέννης
3099 2045 3418 2118 διαλεχθεὶς,
3466 2047 3589 2101 τότε

2020 2136 2258 2208 μάλιστα
2303 2134 2500 2199 αὐτοὺς
2542 2134 2794 2208 ἔπληξεν,
2822 2135 2912 2189 ὅτε
2942 2134 3070 2199 τοὺς
3112 2134 3471 2197 κολασθέντας
3508 2136 3589 2198 είς

2021 2225 2185 2296 μέσον
2215 2224 2413 2296 ἤγαγε,
2450 2224 2544 2278 καὶ
2592 2225 2699 2296 πρὸ
2731 2225 2839 2278 τῶν
2869 2221 3161 2295 ὀφθαλμῶν
3186 2224 3285 2296 τὴν
3318 2222 3589 2295 τιμωρίαν

2018 2311 2185 2379 ἔδειξε
2229 2310 2324 2366 τοῦ
2369 2310 2611 2365 Ἀνανίου
2644 2311 2739 2367 καὶ
2781 2311 2881 2383 τῆς
2916 2310 3230 2383 Σαπφείρας
3253 2326 3271 2344 ⁸
3320 2312 3458 2383 ὅπερ
3492 2307 3590 2364 οὖν

2020 2401 2114 2453 καὶ
2135 2400 2345 2462 Παῦλος
2358 2399 2531 2453 ἐποίει
2548 2400 2640 2453 ἐπὶ
2665 2397 2761 2453 τοῦ
2783 2400 2981 2470 μάγου.
3005 2399 3112 2453 Καὶ
3135 2396 3309 2470 ἐτέρῳ
3327 2397 3385 2451 δέ
3401 2398 3590 2471 τρόπῳ

2022 2484 2421 2549 κατασκευάζει
2446 2486 2507 2539 16
2531 2484 2770 2540 τοιοῦτον
2789 2524 2806 2550 ,
2846 2475 2935 2540 ὅτε
2958 2485 3067 2539 τῶν
3098 2487 3156 2539 ἐν
3179 2487 3246 2556 τῇ
3277 2486 3469 2557 ἐρήμῳ
3496 2486 3592 2557 μέ-

2030 2586 2248 2641 μνηται,
2301 2570 2477 2638 λέγων
2533 2571 2735 2636 οὕτως·
2792 2574 2875 2627 Οὐ
2927 2571 3083 2626 θέλω
3128 2569 3284 2640 ὑμᾶς
3327 2571 3589 2642 ἀγνοεῖν.

2027 2657 2295 2727 ἀδελφοί,
2325 2658 2413 2713 ὅτι
2441 2663 2495 2714 οι
2518 2659 2767 2727 πατέρες
2793 2661 2962 2730 ἡμῶν
2979 2659 3200 2727 πάντες
3219 2660 3336 2715 ὑπὸ
3358 2659 3473 2726 τὴν
3496 2676 3595 2714 νε-

2030 2745 2224 2815 φέλην
2247 2740 2430 2816 ἦσαν,
2452 2745 2549 2800 καί
2572 2744 2795 2811 πάντες
2824 2747 2912 2810 είς
2939 2744 3048 2799 τὸν
3080 2745 3348 2815 Μωῦσῆν
3366 2746 3598 2799 ἐϐαπτί-

2029 2836 2307 2904 σθησαν,
2363 2831 2464 2888 καί
2499 2832 2713 2904 βρῶμα
2755 2832 3159 2902 πνευματικὸν
3204 2832 3449 2904 ἔφαγον,
3498 2834 3599 2889 καί

2028 2922 2193 2990 πόμα
2222 2918 2631 2990 πνευματικὸν
2667 2918 2783 2992 [71]
2820 2918 3020 2974 ἔπιονο
3053 2919 3192 2974 ἀλλ’
3220 2920 3332 2974 οὐκ
3364 2918 3435 2973 ἐν
3473 2920 3599 2988 τοῖς

2028 3004 2309 3061 πλείοσιν
2359 3002 2559 3060 αὐτῶν
2603 3003 2950 3073 ηὐδόκησεν
2993 3008 3028 3059 ὀ
3076 3005 3240 3072 Θεὸς,
3284 3005 3422 3061 ἀλλ’
3464 3007 3596 3075 dg-

2017 3090 2257 3151 ,ὠιιοντο
2294 3091 2393 3145 καί
2435 3090 2788 3147 κατέπεσον.
2825 3090 3041 3163 Ἐπειδὴ
3078 3091 3187 3162 7&9
3218 3094 3348 3165 περὶ
3379 3093 3600 3166 μελλόν-

2028 3195 2136 3233 των
2163 3178 2459 3248 διελέγετο,
2488 3178 2711 3250 γεέννης
2739 3177 2903 3249 λέγω,
2929 3179 3022 3233 καὶ
3052 3178 3358 3245 κολάσεως,
3393 3182 3488 3238 καὶ⁸
3516 3198 3600 3236 τι-

2033 3267 2264 3340 μωρίας,
2293 3266 2401 3319 άπὸ
2428 3265 2537 3321 τῶν
2568 3267 2946 3340 παρελθόντων
2974 3269 3066 3323 καί
3089 3270 3189 3341 τὴν
3218 3271 3348 3341 περὶ
3372 3269 3599 3326 ἐκείνων

2030 3352 2301 3419 ἀπόδειξιν
2331 3354 2506 3424 φέρει,
2534 3354 2730 3419 αὐτοὺς
2758 3356 2886 3419 τοὺς
2927 3354 3285 3420 κολασθέντας
3320 3357 3401 3422 είς
3431 3358 3597 3429 μέσον

2028 3443 2195 3511 ἄγων,
2226 3443 2351 3504 τοὺς
2377 3441 2482 3496 ύπδ
2507 3442 2616 3497 τῶν
2643 3441 2839 3513 ὄφεων,
2867 3444 2992 3510 τοὺς
3014 3445 3118 3499 ύπδ
3137 3445 3230 3500 τοῦ
3249 3446 3593 3519 ὀλοθρευτοῦ.

2035 3529 2101 3582 Ὅ
2145 3529 2211 3600 δὴ
2268 3529 2362 3582 καὶ
2405 3529 2638 3586 ἐνταῦθα
2680 3533 2824 3585 ποιεί
2860 3532 2889 3584 6
2938 3531 3102 3586 Δαυτδ
3123 3572 3139 3597 ,
3181 3533 3291 3587 είτε
3336 3536 3463 3606 περὶ
3498 3537 3595 3589 τοῦ
3656 3560 3669 3575 ~

2044 3615 2340 3685 ’Δχιτόφελ,
2383 3615 2493 3669 είτε
2521 3616 2647 3688 περὶ
2683 3616 2778 3671 τοῦ
2825 3617 3174 3689 ’Δϐεσσαλὼμ
3216 3619 3407 3690 λέγων.
3441 3622 3597 3687 Τινὲς

2035 3700 2134 3772 μέν
2159 3698 2252 3756 οὖν
2283 3703 2412 3775 περὶ
2446 3702 2541 3757 τοῦ
2579 3703 2860 3774 ’Δχιτόφελ
2893 3704 3056 3774 φασὶν
3086 3706 3354 3778 εἰρῆσθαι.
3383 3708 3459 3761 Ού
3488 3708 3598 3778 γὰρ

2029 3782 2098 3858 ἦν
2142 3786 2233 3842 τοῦ
2271 3788 2436 3844 αὐτοῦ
2483 3788 2680 3857 λέγειν,
2699 3790 2999 3846 Φείσασθέ
3019 3808 3123 3860 μοι
3148 3792 3256 3847 τοῦ
3280 3794 3603 3865 παιδαρίου

2044 3875 2448 3947 ’Δϐεσσαλώμο
2490 3878 2584 3931 καὶ
2615 3877 2753 3947 μετά
2778 3877 2839 3930 τὸ
2867 3878 3065 3943 πάθος,
3103 3881 3194 3947 Τίς
3222 3880 3344 3950 δῴη
3372 3901 3475 3954 μοι
3496 3884 3600 3940 ea-

2031 3979 2218 4018 νατον
2243 3964 2375 4018 ἀντί
2403 3963 2521 4017 σοῦ
2541 3981 2560 4027 ;
2583 3965 2675 4017 καὶ⁵
2706 3963 2878 4016 ταῦτα
2910 3964 3005 4018 νῦν
3029 3965 3226 4031 λέγειν’
3261 3968 3372 4022 ἀλλ’
3417 3972 3603 4027 ἐκεῖνα

2039 4050 2139 4120 μέν
2164 4050 2268 4102 ὑπὸ
2292 4049 2395 4119 τῆς
2423 4049 2636 4118 φύσεως
2683 4047 3043 4117 κατεχόμενος
3070 4050 3222 4118 ἔλεγε
3242 4067 3256 4080 ·
3293 4054 3385 4106 νῦν
3411 4056 3470 4108 δέ
3496 4058 3600 4111 ὑπὸ

2035 4135 2132 4188 τοῦ
2160 4131 2473 4204 Πνεύματος
2497 4132 2681 4199 ἔνθους
2709 4133 3015 4207 γενόμενος.
3054 4135 3199 4207 Πλὴν
3225 4139 3332 4191 εἴτε
3362 4142 3487 4211 περὶ
3510 4140 3600 4194 τοῦ

2051 4218 2401 4290 ’Δϐεσσαλὼμ
2421 4260 2436 4287 ,
2470 4219 2578 4274 εἴτε
2603 4220 2730 4294 περὶ
2768 4218 2860 4274 τοῦ
2902 4220 3180 4291 Ἀχιτόφελ
3209 4222 3452 4297 εἴρηται,
3483 4242 3606 4281 σκο-

2040 4305 2242 4378 πητέον
2277 4305 2344 4360 τὰ
2376 4307 2673 4378 εἰρημένα·
2723 4308 2783 4363 ού
2817 4307 2924 4380 7&9
2972 4307 3138 4374 πολύς
3187 4327 3278 4383 μοι
3322 4314 3449 4386 περὶ
3498 4314 3607 4371 τῶν

2040 4391 2344 4462 προσώπων
2375 4394 2403 4447 6
2429 4392 2606 4463 λόγος.

2111 4528 2200 4593 ιγ’.
2233 4521 2299 4578 Τί
2338 4517 2431 4578 οὖν
2468 4521 2714 4578 ἐντεῦθεν
2753 4522 3128 4597 μανθάνομενς
3158 4526 3456 4593 Δείκνυσιν,
3479 4530 3605 4585 ὃτιό

2037 4611 2281 4684 ὀρύσσων
2298 4610 2488 4683 βόθρον
2507 4609 2583 4683 τῷ
2603 4610 2850 4684 πλησίον,
2866 4614 2945 4677 είς
2967 4613 3132 4669 αὐτὸν
3151 4617 3490 4686 ἐμπεσεῖταν
3509 4619 3604 4672 καὶ

2039 4700 2287 4774 καθάπερ
2313 4702 2371 4756 αἱ
2397 4700 2681 4757 ὠδίνουσαι
2712 4704 2966 4770 γυναῖκες
2993 4702 3100 4758 ὑπὸ
3126 4702 3235 4759 τῶν
3261 4704 3464 4762 ὠδίνων
3490 4708 3606 4764 δια-

2038 4793 2351 4856 κόπτονται,
2367 4791 2511 4847 οὔτω
2536 4792 2632 4848 καὶ⁸
2657 4794 2688 4847 6
2704 4791 2854 4847 δόλον
2878 4793 3261 4867 ἐργαζόμενος,
3294 4798 3425 4869 πρὶν
3449 4798 3484 4871 ἢ
3514 4799 3608 4853 τὸν

2041 4879 2266 4952 πλησίον
2297 4879 2574 4950 ἀδικῆσαι,
2621 4879 2785 4940 αὐτὸς
2825 4880 3176 4939 διακόπτεται
3211 4886 3305 4939 καὶ
3333 4885 3606 4953 ὀδυνᾶται,

2040 4967 2136 5022 καὶ
2170 4965 2269 5037 οὐχ
2295 4966 2371 5030 ὡς
2396 4965 2603 5035 ἔτυχεν,
2650 4965 2785 5020 ἀλλὰ
2818 4966 2957 5037 μετά
2998 4970 3196 5041 πολλῆς
3222 4972 3323 5044 τῆς
3347 4972 3613 5044 δριμύτηυ

2040 5070 2154 5117 τος.
2183 5052 2274 5105 Διὸ
2318 5051 2413 5105 καὶ
2438 5052 2497 5105 τὸ
2522 5052 2716 5124 πικρὸν
2761 5054 2858 5126 τῆς
2887 5054 3076 5129 ὀδύνης
3104 5058 3452 5130 παραστῆσαι
3481 5057 3605 5126 ﬂou-

2042 5138 2285 5210 λόμενος,
2317 5136 2481 5191 ὠδῖνα
2516 5137 2579 5191 16
2611 5141 2839 5212 πρᾶγμα
2867 5140 3141 5197 ἐκάλεσεν.
3170 5143 3343 5196 Ὅπου
3373 5142 3482 5213 γὰρ
3510 5142 3608 5197 ἐὰν

2045 5224 2298 5296 βούληται
2321 5227 2354 5295 ή
2384 5224 2573 5296 Γραφὴ
2601 5226 2872 5299 ἀφόρητόν
2900 5245 3020 5282 τινα
3045 5231 3177 5299 ήμῖν
3213 5227 3406 5297 ὀδύνην
3445 5229 3612 5284 ἐνδείο

2045 5310 2269 5379 ξασθαι,
2316 5309 2394 5381 τῷ
2433 5312 2652 5383 ὀνόματι
2691 5314 2790 5384 τῆς
2832 5312 3021 5378 ὠδῖνος
3065 5313 3235 5385 αὐτὴν
3275 5313 3637 5388 ὕπογράφει..
3687 5306 3695 5317 ’

2044 5398 2136 5453 Διὸ
2162 5397 2253 5452 καὶ
2273 5396 2505 5469 ἀλλαχοῦ
2533 5414 2718 5469 φησιν,
2757 5398 2981 5464 mer
3010 5397 3233 5454 ἔλαϐον
3258 5406 3607 5462 κατοικοῦν-

2044 5501 2153 5550 τας
2181 5485 2561 5554 Φυλιστιείμ,
2607 5484 2882 5547 τουτέστι,
2914 5484 3079 5553 φόϐος
3097 5526 3114 5553 ,
3147 5488 3347 5562 τρόμος
3365 5530 3381 5557 ,
3411 5492 3608 5562 πόνος,

2045 5572 2228 5643 ὀδύνη.
2285 5571 2397 5627 Καὶ
2447 5571 2607 5626 πάλιν
2645 5572 2674 5625 δ
2720 5570 2928 5637 Παῦλος
2949 5589 2965 5605 ·
3008 5573 3185 5632 Ὅταν
3221 5578 3289 5633 δὲ
3329 5580 3611 5650 λέγωσιν,

2043 5659 2264 5728 είρήνη
2296 5657 2397 5718 καί
2425 5655 2745 5727 ἀσφάλεια,
2778 5669 2911 5717 τότε
2957 5665 3161 5734 αὐτοῖς
3186 5669 3481 5739 αιςενίδιος
3501 5668 3613 5737 ἐφ-

2049 5746 2278 5803 ίσταται
2300 5747 2565 5817 ὄλεθρος,
2583 5743 2782 5815 ὥσπερ
2802 5748 2839 5818 ἡ
2854 5749 3000 5807 ὠδὶν
3020 5751 3092 5824 τῇ
3116 5753 3185 5808 έν
3209 5756 3414 5824 γαστρί
3439 5753 3613 5824 ἐχού-

3266 5848 3303 5910 θ
