4112 6224
389 408 479 464 ποι
1507 363 1866 454 sirosmo
1906 396 1972 452 IN
2009 397 2329 456 PSALMUM
2372 401 2481 458 vu.

381 547 564 589 rursus
592 531 782 588 Paulus
811 548 824 586 ε
853 529 1070 597 Quando
1107 536 1275 582 autem
1300 523 1515 579 dixerint
1545 563 1560 588 ,
1589 519 1706 576 Pas:
1733 527 1778 573 et
1807 535 1954 573 secu-

380 627 526 691 ritas,
576 641 693 678 tunc
736 624 806 678 eis
847 622 1136 692 repentinus
1180 617 1401 671 imminet
1441 613 1690 678 interitus,
1725 609 1963 680 quemad-

381 716 586 769 modum
614 715 762 769 doior
787 713 1020 786 pariendi
1061 712 1105 765 ei
1131 725 1242 780 quae
1287 718 1481 762 uterum
1523 704 1648 777 gerit
1674 702 1751 772 (l.
1779 700 1960 756 Thess.

379 808 428 860 5.
463 808 539 874 5).
587 804 684 860 llic
708 805 814 858 duo
839 803 1117 873 signiﬁcat,
1149 811 1202 854 ct
1242 815 1360 855 esse
1384 794 1733 859 intolerabile,
1765 801 1819 848 et
1844 805 1964 847 esse

384 898 729 968 inopinatum.
759 897 826 949 Et
847 893 1138 949 Ezechias:
1176 890 1319 945 Venit
1336 890 1481 943 dolor
1507 885 1840 959 parturienti,
1862 899 1963 936 non

381 991 524 1045 turbet
550 998 717 1043 autem
745 989 976 1042 virtutem
1028 985 1256 1057 pariendi
1297 981 1463 1056 (Isai.
1491 981 1580 1035 57.
1612 977 1726 1048 5),
1772 975 1966 1030 intole-

380 1082 600 1138 rabilem
621 1081 736 1151 ejus
761 1081 1002 1135 timorem
1031 1087 1084 1134 et
1121 1077 1358 1131 laborem
1384 1089 1478 1145 per
1514 1071 1752 1128 dolorem
1782 1074 1965 1137 partus

379 1173 641 1228 iudicans.
674 1172 746 1227 Ita
774 1172 931 1227 etiam
962 1169 1048 1225 hic
1075 1168 1353 1240 propheta.
1401 1164 1513 1220 Etsi
1561 1163 1705 1219 enim
1749 1160 1818 1216 sit
1849 1158 1964 1230 quis

378 1264 572 1318 millies
594 1263 880 1333 improbus,
929 1277 1036 1317 non
1067 1263 1250 1316 interit
1273 1257 1530 1327 judicium
1572 1251 1914 1308 conscientia:
1944 1265 1956 1300 :

376 1365 459 1409 est
479 1355 618 1410 enim
646 1353 902 1419 naturale,
931 1362 986 1409 et
1027 1367 1059 1408 a
1087 1352 1200 1407 Deo
1229 1348 1385 1404 nobis
1413 1346 1481 1400 ab
1527 1344 1678 1399 initio
1723 1342 1956 1396 insitum.

379 1446 595 1501 Etiamsi
636 1446 685 1500 in
712 1444 976 1499 inﬁnitum
1004 1439 1413 1502 contendamus,
1446 1437 1608 1490 instat
1656 1431 1780 1486 illud
1809 1431 1958 1485 voci-

379 1540 572 1606 ferans,
591 1541 876 1610 castigans,
895 1537 1283 1600 condemnans,
1307 1541 1361 1586 et
1393 1544 1550 1586 nemo
1567 1537 1646 1584 est
1670 1542 1849 1582 eorum
1868 1523 1957 1594 qui

375 1632 633 1686 scelerate
656 1631 863 1698 vivunt,
891 1629 980 1700 qui
1008 1642 1112 1682 non
1143 1621 1551 1680 innumerabiles
1579 1618 1788 1674 dolores
1802 1616 1960 1671 susti—

372 1731 516 1786 neat,
558 1730 760 1777 etcum
795 1721 862 1776 de
905 1720 1060 1774 malis
1106 1717 1388 1782 consultat,
1432 1723 1630 1770 etcum
1674 1710 1956 1766 consilium

369 1815 420 1868 in
451 1828 586 1883 Opus
629 1813 824 1868 educit.
871 1810 1006 1880 Quid
1037 1810 1179 1866 enim
1223 1806 1437 1862 Achabo
1477 1799 1956 1861 sceleratius?Sed

364 1915 541 1960 tamen
576 1920 696 1958 cum
727 1905 817 1960 ille
843 1905 1050 1958 vineam
1079 1901 1438 1972 concupisset,
1479 1895 1759 1952 considera
1789 1909 1958 1965 quan-

361 2007 470 2050 tum
497 1996 738 2051 dolorem
767 1995 996 2051 senserit
1025 1993 1103 2064 (5.
1127 1993 1254 2064 Reg.
1283 1992 1374 2046 2i.
1399 1991 1478 2060 4).
1505 1988 1688 2058 Itaque
1714 2001 1834 2042 cum
1862 2001 1956 2040 rex

356 2097 523 2153 esset,
553 2096 606 2142 ct
630 2086 809 2140 omnia
833 2085 1108 2141 dominatu
1153 2091 1379 2150 teneret,
1409 2095 1508 2135 nec
1533 2080 1674 2133 ullus
1699 2086 1843 2134 esset
1867 2077 1956 2146 qui

355 2178 406 2233 ei
454 2177 874 2243 contradiceret,
919 2175 1172 2248 quoniam
1226 2171 1569 2229 conscientiae
1598 2184 1703 2224 non
1755 2168 1957 2224 ferebat

357 2267 701 2334 seritentiam,
731 2267 1004 2336 ingressus
1043 2273 1127 2320 est
1154 2263 1343 2330 tristis,
1373 2261 1620 2317 deorsum
1651 2257 1951 2323 inclinatus,

357 2359 634 2423 confusus,
661 2360 713 2412 in
743 2358 858 2428 ipso
884 2366 1102 2428 aspectu
1133 2357 1410 2424 caliginem
1443 2353 1640 2418 ferens,
1678 2351 1955 2406 conscien-

361 2451 448 2501 tia:
466 2449 872 2502 condemnantis
903 2448 1153 2501 iudicium
1178 2447 1328 2501 vultu
1353 2445 1694 2501 denuntians.
1731 2455 1830 2498 nec
1858 2456 1950 2495 va-

364 2539 482 2591 lens
510 2546 708 2606 tegere,
758 2552 918 2606 quam
963 2537 1142 2589 animo
1167 2543 1505 2604 conceperat,
1559 2535 1848 2588 tristitiam.
1881 2531 1955 2586 Ita

364 2641 492 2696 ergo
519 2625 615 2682 fuit
649 2626 730 2681 vel
757 2626 826 2679 ab
868 2641 1033 2680 uxore
1059 2625 1441 2694 deprehensus.
1473 2622 1720 2677 Proditor
1743 2619 1956 2690 quidem

363 2728 526 2784 certe,
555 2719 642 2788 qui
672 2718 723 2771 in
763 2725 966 2772 tantum
997 2716 1170 2771 scelus
1195 2714 1510 2785 impegerat,
1542 2727 1661 2767 cum
1702 2727 1805 2765 non
1832 2726 1956 2780 pos-

361 2817 446 2862 sct
503 2806 645 2863 ferre
711 2807 901 2878 judicii
965 2807 1308 2862 conscientia:
1360 2804 1639 2869 dolorem,
1712 2792 1958 2872 adaptato

357 2899 456 2953 sibi
507 2900 697 2970 laqueo
765 2901 927 2955 vitam
980 2899 1149 2952 ﬁnivit
1200 2898 1360 2969 (Act.
1411 2898 1463 2952 1.
1525 2899 1590 2952 18
1649 2895 1749 2968 5).
1808 2895 1957 2953 Sicut

355 3008 481 3062 ergo
510 2993 598 3062 qui
637 2991 879 3061 improbe
918 2991 1064 3058 vivit,
1119 2999 1260 3045 tanta
1290 2991 1485 3060 patitur
1529 3007 1542 3042 :
1580 2989 1649 3044 ita
1678 2988 1765 3060 qui
1789 2989 1950 3043 vitam

355 3098 421 3137 ex
463 3083 653 3138 virtute
704 3083 961 3150 instituit,
1019 3081 1399 3154 tranquillitate
1441 3090 1495 3136 et
1535 3079 1718 3136 sedata
1771 3089 1950 3135 mente

353 3174 562 3230 fruitur.
612 3174 901 3230 Considera
940 3183 1138 3228 autem.
1193 3173 1248 3229 Si
1313 3171 1542 3228 voluerit
1589 3172 1708 3242 quis
1763 3170 1947 3225 ulcisci

353 3264 678 3337 quempiam,
705 3266 790 3320 vel
822 3265 970 3334 prior
1004 3264 1250 3336 injuriam
1276 3263 1470 3328 facere,
1503 3263 1624 3318 vide
1653 3271 1784 3333 quot
1813 3261 1948 3316 mala

357 3357 574 3426 patitur.
599 3355 801 3410 Furore
828 3355 1081 3426 repletur,
1103 3355 1170 3411 ab
1190 3355 1268 3410 ira
1297 3354 1635 3424 discerpitur,
1664 3363 1842 3410 movet
1865 3353 1948 3408 in-

354 3449 710 3504 numerabiles
724 3446 914 3503 ﬁuctus
930 3448 1328 3518 cogitationum,
1347 3446 1491 3501 mille
1503 3447 1614 3500 vias
1626 3445 1944 3516 ingreditur;

354 3540 556 3594 invadit
586 3539 729 3594 illum
783 3539 963 3606 timor,
999 3551 1162 3608 pavor
1191 3553 1254 3592 ac
1283 3547 1513 3602 tremor;
1538 3536 1807 3608 quomodo
1830 3551 1944 3591 rem

354 3629 593 3702 perﬁciet
615 3673 628 3695 ,
653 3628 922 3700 quomodo
955 3630 1266 3694 ulciscetur;
1305 3637 1359 3683 et
1400 3637 1522 3683 ante
1542 3643 1665 3682 eum
1689 3642 1845 3698 quem
1865 3635 1946 3682 est

354 3725 542 3794 injuria
595 3724 904 3790 alfecturus,
945 3723 1180 3793 seipsum
1226 3720 1420 3791 perdit.
1471 3719 1769 3788 Quiautem
1812 3719 1942 3774 iram

354 3815 578 3884 expulit,
607 3813 675 3869 ab
714 3813 796 3869 his
826 3814 1074 3869 omnibus
1113 3813 1246 3867 liber
1270 3820 1379 3876 est;
1410 3821 1462 3866 et
1487 3811 1606 3880 jure
1631 3819 1799 3864 certe.
1833 3809 1945 3865 lloc

354 3907 494 3960 enim
523 3915 602 3960 cst
631 3905 681 3959 in
709 3907 824 3975 ejus
841 3913 1126 3975 potestate,
1157 3912 1211 3958 et
1239 3902 1549 3956 universum
1575 3899 1808 3955 confecit
1835 3916 1849 3954 :
1883 3908 1941 3955 at

358 3997 485 4052 illud
513 4011 617 4050 non
658 3995 862 4063 itidem,
917 3993 1013 4050 sed
1061 3992 1458 4061 Opportunitate
1488 4005 1622 4060 Opus
1664 3998 1768 4056 est,
1801 3989 1941 4056 loco,

357 4087 637 4156 maleﬁcio,
667 4087 828 4142 anuis
853 4129 869 4150 ,
903 4082 1410 4145 machinationibus,
1457 4090 1510 4135 et
1538 4079 1938 4145 offensionibus,

355 4181 679 4246 adulatione,
725 4179 1024 4242 servitute,
1065 4185 1121 4231 et
1169 4171 1527 4228 simulatione.
1584 4169 1745 4224 Vides
1785 4184 1944 4239 quam

357 4272 524 4326 facilis
552 4286 640 4326 res
659 4271 728 4324 sit
756 4269 944 4336 virtus,
970 4281 1128 4339 quam
1155 4263 1389 4320 difﬁcilis
1419 4261 1643 4316 vitium?
1671 4259 1942 4330 quomodo

356 4363 440 4418 illa
457 4361 671 4434 quidem
701 4370 783 4416 est
820 4359 1131 4432 tranquilla,
1168 4357 1269 4411 hoc
1303 4370 1431 4410 vero
1461 4353 1612 4408 turba
1643 4361 1695 4407 et
1721 4350 1946 4408 tumultu

356 4451 652 4508 refertum?

434 4545 518 4600 Vis
559 4543 839 4608 verborum,
887 4540 1224 4612 parturiit....
1274 4536 1608 4607 concepit....
1649 4535 1942 4605 peperit....

356 4637 432 4691 De
475 4635 816 4704 peccatoribus
863 4634 1194 4705 protatorum.
1256 4630 1506 4699 lniqnitas
1541 4637 1718 4699 partus
1759 4627 1943 4697 viperi-

351 4745 464 4782 nus.
514 4757 588 4769 --
637 4727 750 4780 lloc
815 4741 945 4796 ergo
999 4722 1306 4779 describens
1359 4721 1568 4775 dicebat
1622 4718 1879 4790 propheta
1926 4734 1942 4775 :

353 4820 481 4875 Ecce
508 4819 742 4890 parturiit
786 4816 1104 4888 injustitiam,
1135 4814 1356 4885 concepit
1394 4812 1640 4876 dolorem,
1683 4820 1727 4865 et
1757 4811 1947 4882 peperit

351 4912 683 4982 iniquitatem.
733 4909 813 4964 Ex
862 4908 962 4962 hoc
989 4907 1288 4962 ostenditur
1335 4903 1644 4974 injustitiam
1674 4916 1780 4955 non
1825 4914 1946 4957 esse

351 5005 508 5060 nobis
559 5001 850 5062 secundum
900 5009 1168 5065 naturam,
1215 4996 1307 5052 sed
1353 5009 1475 5052 esse
1520 4993 1646 5066 quid
1689 4993 1942 5048 alienum.

351 5097 580 5167 Ideoque
604 5109 764 5166 grave
789 5099 892 5158 est,
924 5101 978 5147 et
1015 5092 1187 5146 donec
1215 5090 1281 5144 ah
1310 5103 1374 5144 eo
1403 5086 1666 5143 fuerimus
1710 5083 1940 5150 liberati,

351 5191 505 5245 nobis
530 5188 744 5254 dolores
788 5185 1042 5240 immittit.
1077 5183 1209 5240 Nam
1262 5181 1400 5237 fetus
1426 5181 1586 5236 etiam
1617 5176 1788 5234 donec
1818 5190 1946 5246 per-

351 5285 577 5349 ﬁciatur,
609 5279 898 5338 secundum
925 5286 1166 5331 naturam
1198 5273 1370 5330 ventri
1398 5271 1672 5326 adhaeret:
1696 5277 1946 5339 prOpter-

348 5391 409 5430 ea
441 5385 494 5428 et
523 5381 720 5437 manet,
745 5379 799 5444 et
830 5369 1070 5426 dolorem
1107 5383 1212 5420 non
1247 5365 1426 5419 habet.
1458 5363 1744 5432 Postquam
1767 5368 1944 5414 autem

348 5467 615 5539 pet-fecuts
661 5465 836 5528 fuerit,
879 5463 923 5516 si
973 5461 1117 5515 intus
1142 5466 1373 5533 maneat,
1423 5469 1573 5510 mora
1615 5461 1698 5509 est
1748 5459 1945 5524 prteter

351 5572 628 5624 naturam;
671 5557 811 5612 unde
854 5555 1014 5610 etiam
1048 5553 1179 5604 ﬁunt
1211 5563 1391 5620 partus
1431 5547 1663 5602 dolores.
1696 5543 1944 5615 Quapro-

349 5663 467 5721 pter
512 5659 700 5704 vexata
731 5657 920 5702 natura
948 5657 1070 5698 eum
1119 5649 1343 5695 conatur
1369 5637 1659 5694 extrudere
1681 5678 1696 5702 ,
1727 5645 1787 5692 ut
1824 5651 1944 5706 qua:

351 5744 654 5797 universum
702 5738 888 5794 fecerit
915 5751 980 5790 ac
1026 5731 1328 5805 perfecerit,
1373 5739 1427 5786 et
1452 5729 1593 5784 ferre
1621 5743 1726 5786 non
1777 5727 1946 5799 possit

349 5831 597 5901 annilius.
627 5828 735 5888 Sed
761 5829 866 5884 illic
897 5825 1108 5898 quidem
1128 5823 1271 5895 prius
1293 5821 1348 5875 fit
1376 5817 1671 5889 conceptio,
1693 5833 1756 5874 ac
1780 5817 1934 5873 doin-

3559 403 3662 460 ωε

2074 533 2199 590 ceps
2233 520 2386 576 dolor
2422 529 2602 592 partus
2634 539 2646 574 :
2682 520 2768 575 hic
2798 529 2975 575 autem
3025 520 3256 591 primum
3288 523 3568 591 parturiit,
3599 535 3660 580 ne

2073 611 2264 669 deinde
2285 612 2526 684 concepit
2550 623 2600 668 et
2626 613 2852 685 peperit.
2878 613 3014 681 Quid
3045 623 3222 670 autem
3255 614 3357 669 hoc
3384 615 3485 670 sibi
3508 616 3619 669 vult
3637 619 3662 671 ἲ

2073 701 2225 770 Quod
2281 703 2388 758 illic
2444 704 2655 774 quidem
2687 704 2740 758 in
2788 714 3029 774 tempore
3062 713 3244 775 partus
3283 707 3353 760 sit
3377 706 3547 772 dolor,
3576 706 3661 762 hic

2071 803 2247 848 autem
2286 794 2440 849 dolor
2472 795 2540 848 sit
2567 811 2595 848 a
2627 795 2904 865 principio.
2931 795 3098 850 Simul
3134 811 3196 850 ac
3222 796 3364 851 enim
3395 798 3658 866 quiSpinm

2070 884 2138 939 de
2191 886 2331 939 malo
2381 887 2781 952 consultaverit,
2820 887 2978 942 etiam
3033 888 3335 958 priusquam
3381 889 3431 942 in
3459 890 3659 959 cogita-

2074 974 2270 1029 tionem
2305 975 2568 1041 deﬁxerit,
2600 978 2856 1031 tumultus
2875 993 2936 1031 ac
2956 979 3103 1033 turba
3133 988 3212 1034 est
3239 980 3288 1033 in
3316 979 3657 1050 cogitatione.

2075 1065 2133 1120 in
2160 1068 2379 1123 muliere
2408 1069 2549 1122 enim
2581 1068 2847 1138 dejectum
2877 1071 3041 1125 semel
3073 1086 3252 1125 semen
3285 1072 3455 1142 ipsum
3497 1074 3656 1128 etiam

2075 1155 2337 1211 formatur
2366 1157 2432 1211 ad
2459 1158 2890 1212 constitutionem
2931 1169 3113 1228 partos
3143 1179 3154 1213 :
3179 1160 3230 1214 in
3263 1162 3326 1215 iis
3355 1171 3530 1217 autem
3561 1166 3651 1234 qui

2069 1245 2223 1301 dolos
2240 1257 2553 1302 construunt
2567 1247 2847 1303 haechodic
2861 1249 3066 1318 dejecta
3083 1251 3444 1320 estcogitatio,
3471 1260 3525 1306 et
3541 1267 3659 1308 cras

2071 1353 2256 1393 rursus
2278 1339 2380 1393 alia
2407 1356 2421 1406 ;
2451 1349 2506 1394 et
2531 1340 3085 1395 suntinnumerahiles
3113 1340 3370 1396 malorum
3395 1343 3656 1398 seminum

2067 1432 2411 1502 dejectiones,
2444 1441 2498 1488 et
2522 1442 2646 1488 sunt
2677 1433 2900 1503 singulis
2925 1433 3115 1488 diebus
3158 1435 3534 1504 conceptiones
3557 1477 3572 1500 ,
3604 1447 3660 1491 et

2066 1531 2249 1592 partus
2277 1522 2491 1578 dolores
2519 1525 2606 1593 qui
2636 1524 2903 1594 perimunt
2929 1524 3325 1594 cogitationem,
3369 1540 3398 1580 a
3419 1541 3522 1598 qua
3553 1526 3652 1581 ista

2068 1615 2360 1685 pariuntur.
2388 1614 2506 1670 Non
2535 1615 2682 1670 enim
2711 1617 2830 1670 talis
2860 1625 3064 1686 partus,
3094 1616 3267 1686 qualis
3287 1626 3368 1672 est
3389 1617 3443 1672 in
3473 1617 3654 1673 mulier

2065 1707 2244 1774 ribus;
2280 1707 2372 1763 sed
2408 1708 2855 1779 quemadmodum
2885 1709 2937 1763 in
2967 1708 3184 1778 viperis,
3217 1720 3426 1766 uterum
3449 1711 3654 1767 disccr‘

2066 1808 2215 1868 punt,
2245 1809 2299 1854 et
2329 1799 2490 1854 latera
2515 1799 2834 1854 dilaniantes
2863 1799 3000 1854 fetus
3031 1799 3326 1869 procedunt
3351 1818 3364 1854 ε
3395 1801 3465 1857 ita
3491 1801 3652 1859 etiam

2063 1890 2116 1945 in
2143 1889 2416 1946 fraudibus
2441 1898 2496 1946 et
2521 1891 2572 1945 in
2603 1891 2880 1960 iujustitia.
2930 1889 3035 1946 Sed
3067 1893 3407 1960 quantumvis
3430 1903 3656 1950 conten-

2063 1981 2271 2047 damus,
2306 1999 2411 2038 non
2441 1983 2739 2053 poterimus
2765 1983 3006 2038 oratione
3033 1983 3304 2054 explicare
3353 1985 3652 2042 molestiam

2061 2091 2125 2131 ac
2153 2076 2414 2137 dolorem,
2443 2092 2605 2147 quem
2653 2075 2882 2146 improbi
2925 2075 3212 2130 sustinent.
3255 2075 3322 2130 Et
3353 2076 3472 2132 ideo
3528 2078 3657 2134 dicit

2061 2168 2357 2238 quispiam:
2389 2167 2560 2226 Malus
2599 2184 2714 2224 vero
2751 2169 2890 2224 solus
2919 2168 3334 2224 ca'ltaurietmala
3357 2170 3550 2244 (Prov.
3596 2172 3651 2229 9.

2060 2261 2186 2332 12).
2217 2261 2354 2331 Quid
2390 2262 2531 2318 enim
2577 2277 2643 2318 eo
2671 2262 2761 2334 qui
2791 2261 2990 2318 invidet
3013 2263 3248 2333 gravius,
3281 2272 3336 2320 et
3364 2266 3647 2321 miserabl—

2059 2354 2158 2408 lius
2183 2371 2248 2410 eo
2292 2355 2380 2426 qui
2428 2354 2726 2420 insidiatur,
2758 2363 2813 2410 et
2859 2369 2925 2410 eo
2962 2355 3050 2425 qui
3088 2355 3258 2411 aliena
3290 2355 3655 2427 concupiscit?

2059 2445 2256 2510 Quovis
2298 2447 2546 2501 carniﬁce
2582 2446 2794 2518 gravius
2820 2447 3249 2518 perturbationes
3296 2447 3379 2504 hae
3415 2460 3652 2506 mentem

2061 2536 2384 2591 excruciant.

2135 2624 2220 2677 14.
2246 2624 2430 2680 Merito
2456 2640 2581 2696 ergo
2605 2627 2814 2683 dolores
2849 2636 3031 2698 partus
3078 2630 3175 2684 llas
3203 2636 3411 2684 vocavit
3449 2632 3653 2701 cogita-

2065 2713 2255 2766 tiones.
2275 2714 2380 2768 Sed
2405 2715 2850 2783 quemadmodum
2885 2718 3134 2774 mulieres
3166 2734 3232 2774 ex
3277 2723 3656 2789 congressione

2064 2805 2294 2873 pariunt,
2325 2815 2376 2861 et
2403 2805 2448 2860 si
2491 2815 2616 2860 sunt
2655 2821 2782 2861 sana
2829 2806 3042 2877 quidem
3081 2823 3327 2879 corpora,
3361 2813 3482 2867 talia
3523 2821 3649 2869 sunt

2061 2896 2222 2950 etiam
2255 2911 2372 2966 quae
2411 2905 2723 2963 nascuntur,
2748 2896 2829 2951 sin
2861 2905 3034 2951 autem
3078 2910 3349 2968 corrupta,
3376 2911 3654 2970 parentum

2060 2995 2302 3042 naturam
2349 2987 2624 3042 imitantur
2665 3003 2681 3042 :
2725 2987 2795 3041 ita
2838 2987 2998 3042 etiam
3039 2988 3092 3043 in
3137 2989 3559 3059 cogitationibus.
3596 2991 3655 3048 Si

2057 3092 2178 3132 cum
2224 3079 2378 3134 bonis
2416 3081 2665 3146 verscris,
2699 3080 2831 3134 tales
2854 3093 3062 3149 quoque
3089 3088 3244 3136 erunt
3274 3079 3346 3135 tui
3369 3081 3536 3148 fctus;
3568 3083 3652 3138 sin

2055 3178 2234 3224 autem
2278 3185 2399 3226 cum
2443 3169 2617 3235 malis,
2646 3177 2699 3226 ct
2729 3187 2831 3224 non
2880 3169 3163 3236 attendas,
3208 3186 3457 3242 magmnn
3505 3174 3653 3232 illinc

2055 3274 2264 3330 quoque
2280 3259 2529 3314 damnum
2547 3260 2742 3330 capies.
2759 3259 2895 3315 Audi
2913 3274 3043 3330 ergo
3058 3259 3182 3331 quid
3203 3260 3344 3316 dicat
3361 3263 3648 3333 propheta:

2053 3354 2098 3407 Α
2127 3353 2303 3410 timore
2331 3364 2414 3407 tuo
2459 3354 2512 3407 in
2557 3363 2697 3408 utero
2742 3355 3081 3423 concepimus,
3110 3364 3155 3409 et
3199 3356 3578 3425 parturivimus,
3601 3367 3650 3412 et

2055 3447 2338 3514 peperimus
2382 3446 2617 3516 spiritum
2655 3447 2830 3501 salutis
2855 3445 3004 3518 (Isni.
3033 3447 3123 3502 26.
3159 3446 3268 3520 18).
3301 3448 3357 3504 In
3385 3449 3448 3504 iis
3467 3458 3646 3506 autem
3699 3495 3704 3500 .

2051 3536 2138 3606 qui
2166 3552 2230 3592 ex
2258 3536 2470 3592 diabolo
2501 3556 2514 3592 :
2546 3536 2656 3592 Ova
2702 3539 2936 3610 aspidum
2977 3542 3252 3611 fregerunt,
3282 3548 3327 3594 et
3355 3557 3555 3597 aranea:
3576 3553 3649 3598 te-

2052 3628 2154 3681 lam
2197 3637 2369 3682 texunt
2407 3627 2559 3700 (Isai.
2588 3629 2675 3686 59.
2723 3629 2803 3701 5).
2847 3629 3130 3704 Fugiamus
3175 3649 3304 3704 ergo
3351 3635 3642 3706 improbos.

2051 3719 2330 3787 Quomodo
2356 3723 2498 3777 enim
2528 3739 2632 3778 non
2662 3734 2744 3778 est
2764 3725 3073 3790 absurdum,
3105 3740 3227 3780 cum
3269 3727 3424 3782 liceat
3456 3743 3520 3783 ex
3550 3729 3644 3786 Dei

2051 3814 2328 3883 praeceptis
2365 3815 2645 3884 concipere
2672 3823 2726 3870 et
2748 3831 2952 3885 parere,
2985 3816 3036 3872 id
3061 3816 3223 3884 nolle,
3255 3818 3349 3872 sed
3373 3803 3644 3889 improbo-

2049 3922 2166 3960 rum
2204 3907 2448 3977 persequi
2497 3907 2923 3976 congressioncs,
2955 3919 3008 3962 et
3035 3908 3255 3979 perinde
3302 3908 3478 3966 facere
3507 3925 3570 3966 ac
3597 3911 3646 3968 si

2051 3999 2262 4063 mulier,
2292 3999 2345 4053 in
2375 3997 2528 4066 cujus
2553 4007 2636 4052 est
2661 4005 2925 4068 potestate
2943 4013 3063 4053 cum
3093 4015 3216 4069 rege
3243 4001 3514 4072 conjungi,
3535 4019 3644 4059 non

2051 4091 2330 4153 sustineat,
2357 4089 2451 4144 sed
2477 4103 2570 4155 pro
2605 4087 2697 4141 illo
2743 4087 3002 4140 latronem
3033 4097 3088 4142 et
3115 4105 3386 4145 murorum
3435 4093 3642 4161 perfos-

2052 4195 2228 4235 sorcm
2276 4180 2404 4233 velit
2430 4178 2628 4234 habere
2655 4177 2977 4249 conjugem?
3009 4179 3093 4234 16.
3120 4179 3312 4233 Locum
3340 4184 3569 4252 aperuit'
3599 4195 3646 4240 et

2053 4269 2229 4339 eﬂ'odit
2271 4287 2407 4336 eum,
2441 4280 2487 4324 et
2512 4269 2692 4326 incidet
2717 4270 2770 4324 in
2801 4272 2997 4342 foveam
3035 4286 3188 4342 quam
3221 4271 3357 4342 fecit.
3389 4271 3530 4329 Usus
3560 4269 3648 4333 est

2055 4379 2243 4418 rursus
2277 4362 2729 4430 translationibus,
2775 4362 3221 4436 quemadmodum
3269 4372 3365 4434 per
3409 4365 3644 4436 parturi-

2058 4457 2276 4520 tionem,
2305 4455 2572 4519 dolorem;
2604 4455 2672 4508 ita
2705 4470 2800 4525 per
2838 4455 3036 4520 lacum,
3067 4453 3338 4510 difﬁcilem
3367 4455 3641 4511 liberatio-

2058 4563 2178 4604 nem
2212 4547 2470 4603 indicans.
2504 4545 2572 4600 Et
2595 4545 2779 4602 incidet
2807 4547 2860 4602 in
2905 4551 3100 4618 foveam
3125 4563 3278 4617 quam
3320 4549 3458 4618 fecit.
3490 4546 3647 4614 Quod

2052 4641 2187 4694 alius
2215 4639 2344 4695 dicit
2375 4657 2388 4694 :
2420 4637 2519 4706 Qui
2559 4639 2686 4712 fodit
2715 4637 2908 4708 foveam
2941 4640 3170 4707 proximo
3209 4655 3299 4694 suo
3323 4681 3339 4708 ,
3373 4640 3558 4695 incidet
3590 4642 3646 4698 in

2053 4731 2212 4802 ipsam
2232 4728 2518 4804 (Prov.26.
2540 4728 2656 4801 27).
2681 4729 2844 4784 Porro
2872 4729 2972 4784 hoc
2997 4746 3208 4802 quoque
3237 4731 3332 4787 Dei
3356 4731 3647 4808 benigttitao

2054 4823 2120 4877 tis
2142 4832 2223 4878 est
2251 4829 2306 4877 et
2329 4821 2648 4886 clementiae,
2683 4821 2889 4876 insidiis
2923 4821 3079 4880 talem
3103 4823 3335 4880 tribuere
3362 4835 3605 4881 naturam
3623 4866 3644 4894 ,

2054 4924 2111 4970 ut
2155 4914 2288 4970 retia
2345 4923 2620 4969 vertantur
2662 4913 2715 4968 in
2761 4914 2906 4984 ipsos
2966 4913 3342 4986 insidiatores,
3386 4924 3448 4974 ut
3503 4918 3627 4975 ideo

2052 5006 2312 5062 desistant
2345 5020 2464 5060 cum
2506 5005 2750 5075 proximo
2785 5005 3120 5076 belligerare,
3157 5019 3210 5064 et
3229 5009 3278 5063 ei
3296 5022 3484 5079 parare
3524 5007 3656 5066 iusin.

2053 5099 2189 5154 dias.
2241 5097 2353 5152 lloc
2395 5097 2553 5152 etiam
2593 5098 2646 5152 in
2672 5096 2814 5156 Mose
2844 5099 3054 5154 accidit.
3085 5097 3184 5168 Qui
3211 5100 3353 5155 enim
3379 5106 3495 5153 erat
3519 5111 3646 5168 per~

2058 5189 2322 5255 imeudus,
2357 5199 2702 5248 conservatus
2740 5203 2822 5247 εει
2856 5209 2870 5246 :
2900 5191 3111 5248 Pharao
3157 5199 3334 5248 autem
3380 5202 3476 5261 per
3505 5192 3644 5247 vtam

2054 5299 2214 5358 quam
2241 5281 2498 5338 adversus
2522 5282 2750 5346 infantes
2767 5282 3102 5339 machinatus
3125 5289 3227 5346 est,
3257 5293 3357 5351 per
3373 5293 3492 5334 eam
3518 5294 3654 5352 pcr-

2056 5375 2134 5430 iit.
2163 5368 2293 5428 Cum
2323 5372 2464 5428 enim
2493 5373 2741 5443 jussisset
2771 5372 2999 5427 infantes
3027 5369 3282 5438 interimi,
3333 5369 3508 5442 coegit
3537 5385 3640 5428 ma-

2118 5575 2136 5608 ί
2154 5581 2262 5636 Duo
2280 5577 2406 5630 atss.,
2427 5568 2668 5629 Quomodo
2688 5565 2814 5636 enim
2833 5577 2926 5636 non
2943 5570 3012 5616 cst
3021 5565 3286 5636 absurdum
3302 5569 3548 5636 [diutinam
3570 5569 3650 5636 cui

2055 5634 2193 5699 capia
2216 5636 2360 5684 datur
2376 5644 2485 5681 cum
2508 5643 2618 5694 rege
2641 5630 2880 5699 conjungi,
2906 5630 3248 5699 nonanona-1',
3273 5630 3360 5699 sed
3379 5645 3467 5695 pro
3481 5631 3649 5685 illotu-

2056 5689 2240 5748 tronem
2263 5701 2308 5745 et
2329 5689 2581 5743 murorun't'
2619 5689 2936 5762 perfossoretu
2955 5689 3132 5762 eligere
3171 5689 3427 5762 coniugem
3446 5732 3459 5754 ,
3485 5699 3535 5744 te
3557 5708 3650 5744 au-

2057 5767 2172 5824 tem,
2195 5770 2305 5824 cum
2327 5768 2390 5806 ex
2408 5769 2451 5819 pi
2467 5751 2660 5824 inceptis
2683 5751 2860 5805 divinis
2881 5751 3084 5824 ticeat'Aet
3113 5751 3365 5816 concipei‘e
3387 5751 3648 5824 agitarent,
3735 5809 3740 5815 ,

2059 5813 2383 5886 improbarim
2407 5813 2629 5882 prosequi
2649 5817 3003 5880 congressione:
3021 5813 3047 5868 Ρ
3069 5813 3470 5880 Lacum'opcruit',
3499 5825 3596 5866 etc.
