4112 6224
449 377 548 428 ms
1163 367 1218 416 S.
1260 361 1536 417 J0.\N.\'IS
1574 353 2049 414 CHRYSOSTOMI
2082 352 2390 408 ARCllllﬂP.
2433 355 2960 410 CONSTANTl-NUP.
3603 363 3701 416 ftis

447 499 576 542 trem
605 484 760 540 Musis
787 478 1036 535 infantem
1067 487 1280 547 propter
1307 485 1505 530 metum
1533 484 1832 542 exponere;
1873 465 2016 540 [cum

443 590 617 636 autem
645 577 749 632 ﬁlia
777 575 1066 631 Pharaonis
1093 573 1344 628 ﬁscellam
1365 571 1622 638 scirpeam
1640 566 1706 620 de
1727 564 1886 619 ﬁuvio
1910 575 2021 616 sus-

443 673 670 734 tulisset,
699 679 756 726 et
779 670 1034 724 infantem
1077 665 1385 728 invenisset,
1415 675 1533 716 cum
1576 654 1840 728 nutrivit‘]
1881 669 2018 708 :au-

441 770 558 815 etus
585 761 671 814 ille
699 774 888 815 omnes
918 756 1164 828 perdidit.
1201 753 1335 808 llinc
1365 761 1418 806 et
1446 749 1539 805 Dei
1579 747 1806 802 maxime
1847 744 2021 800 elucet

440 852 675 917 solertia,
703 861 757 904 et
785 847 1037 919 improbis
1057 859 1244 914 magna
1276 840 1566 910 castigatio,
1595 847 1649 894 et
1677 838 1740 890 iis
1765 835 1853 905 qui
1889 832 2020 887 eﬁ‘u‘

442 943 592 1011 giuut
618 939 879 1008 voluptas.
913 937 986 991 Ita
1015 937 1172 990 etiam
1196 933 1248 987 in
1280 931 1532 1001 praeclaro
1567 925 1767 994 Joseph
1799 921 2016 977 accidit.

443 1029 575 1086 Cum
619 1027 762 1087 enim
809 1041 930 1082 eum
979 1025 1170 1079 fratres
1199 1027 1254 1081 in
1297 1019 1606 1076 servitutem
1645 1014 2014 1084 conjecissent,

443 1121 606 1177 multa
630 1118 768 1189 passi
792 1123 932 1182 sunt,
955 1125 1010 1171 et
1030 1129 1150 1169 eum
1189 1111 1400 1182 quidem
1449 1108 1578 1164 nihil
1621 1107 1892 1166 laeserunt,
1923 1101 2017 1156 sed

440 1214 598 1267 etiam
619 1211 888 1280 juverunt,
917 1207 1016 1278 ipsi
1058 1214 1230 1259 autem
1253 1201 1560 1272 tragmdiam
1587 1199 1728 1252 illam
1750 1195 2016 1251 sustinue-

441 1314 583 1359 runt.
606 1305 737 1360 Cum
773 1302 931 1356 multa
955 1310 1127 1354 autem
1152 1297 1355 1366 possint
1377 1294 1479 1349 dici
1506 1290 1786 1363 ejusmodi,
1845 1289 2020 1343 consi-

441 1397 568 1450 dera
597 1394 753 1449 etiam
779 1393 829 1446 in
855 1391 993 1444 aliis.

517 1486 616 1552 Qui
643 1485 806 1538 aliena
843 1481 1054 1547 inuadit,
1080 1480 1295 1550 seipsum
1319 1475 1506 1548 perdit.
1530 1504 1598 1531 --.
1624 1473 1808 1528 Aliena
1831 1471 2022 1526 invasit

440 1573 662 1647 aliquis?
688 1572 934 1642 Seipsum
980 1569 1224 1640 perdidit.
1253 1569 1386 1622 Eum
1415 1566 1578 1630 enim,
1609 1564 1662 1618 in
1687 1563 1840 1631 cujus
1883 1562 2019 1616 bona

447 1667 658 1732 invasit,
681 1680 823 1735 saepe
851 1663 1008 1718 etiam
1031 1662 1164 1731 juvit
1197 1678 1210 1714 :
1239 1675 1386 1714 suam
1425 1667 1598 1712 autem
1641 1656 1868 1710 animam
1898 1669 2022 1723 pro-

443 1759 597 1816 didit.
627 1757 776 1812 Fecit
814 1754 1004 1826 aliquis
1034 1753 1316 1824 injuriam?
1339 1751 1482 1806 Ense
1508 1749 1739 1818 seipsum
1759 1747 2016 1802 confodit.

439 1849 558 1906 Non
587 1848 728 1904 enim
755 1845 894 1901 male
919 1843 1164 1899 affectum
1194 1857 1332 1908 esse,
1351 1839 1446 1896 sed
1474 1839 1611 1894 male
1632 1838 1890 1902 aﬁ'ecisse,
1920 1836 2022 1892 hoc

440 1939 706 2012 praecipue
730 1946 812 1993 est
836 1936 974 2020 male
1013 1934 1141 2005 pati.
1170 1933 1238 1988 Et
1263 1933 1381 1988 ideo
1412 1931 1599 1986 Paulus
1645 1944 1856 2000 quoque
1893 1942 2010 1982 sua-

438 2031 823 2102 debat,injuria
846 2029 1024 2100 potius
1046 2026 1208 2092 afﬁci,
1226 2041 1382 2096 quam
1407 2024 1619 2078 allicere
1641 2022 1716 2093 (l.
1737 2020 1855 2076 Cor.
1872 2021 1926 2075 6.
1944 2021 2017 2090 7):

444 2103 500 2177 et
523 2119 784 2186 Christus,
802 2118 969 2188 alapis
989 2116 1191 2187 impeti,
1209 2125 1263 2170 et
1292 2130 1396 2170 non
1423 2123 1604 2169 contra
1635 2113 1907 2182 impetere,
1928 2109 2021 2165 sed

438 2214 598 2267 etiam
619 2212 850 2281 seipsum
871 2209 936 2264 ad
952 2207 1255 2279 patiendum
1275 2207 1466 2261 offerre
1483 2205 1689 2278 (Matth.
1709 2205 1761 2260 5.
1780 2203 1892 2273 '59).
1915 2203 2024 2257 lloc

439 2312 522 2358 est
542 2303 783 2358 maximae
799 2301 1024 2366 virtutis,
1043 2299 1145 2354 hoc
1163 2299 1324 2354 efﬁcit
1341 2297 1694 2363 tolerantiam,
1719 2295 1818 2350 hoc
1835 2296 2020 2349 fortem

445 2392 621 2448 reddit
659 2390 1032 2457 animatn,boc
1068 2389 1315 2445 omnibus
1339 2388 1499 2442 animi
1543 2385 2023 2457 perturbationibus

447 2485 796 2552 potentiorem
835 2481 1018 2537 efﬁcit.
1050 2481 1149 2548 Qui
1177 2481 1318 2534 enim
1357 2481 1447 2534 alii
1480 2479 1724 2548 iujuriam
1760 2479 1901 2544 facit,
1936 2478 2022 2532 vel

446 2591 569 2648 eum
590 2573 852 2639 verberat,
871 2580 961 2627 aut
986 2571 1302 2627 contumelia
1329 2571 1490 2626 afﬁcit
1511 2571 1623 2640 ipse
1645 2570 1788 2640 prius
1814 2569 1880 2624 ab
1905 2569 2022 2624 ani-

445 2668 517 2728 mi
565 2667 960 2736 perturbatione
1004 2665 1192 2730 victus,
1223 2673 1274 2719 ct
1301 2664 1352 2719 in
1394 2664 1703 2719 servitutem
1751 2662 2017 2728 redactus,

444 2771 567 2814 tunc
590 2756 797 2812 videtur
812 2756 1051 2826 proximo
1074 2755 1316 2825 injuriam
1335 2753 1505 2810 facere
1535 2771 1548 2808 ε
1581 2754 1692 2824 ipse
1711 2763 1885 2809 autem
1904 2768 2024 2824 gra-

442 2851 585 2902 viora
614 2863 802 2918 passus
830 2857 929 2913 est,
949 2847 999 2901 in
1017 2856 1305 2902 extremam
1327 2845 1570 2900 redactus
1585 2845 1911 2899 servitutem.
1932 2845 2018 2898 17.

371 3016 374 3020 ι
440 2944 762 2998 Convertetur
780 2942 925 2997 dolor
940 2943 1046 3014 ejus
1062 2941 1113 2995 in
1133 2949 1280 3012 caput
1303 2941 1433 3010 ejus,
1467 2949 1512 2992 et
1541 2939 1592 2992 in
1619 2939 1845 2991 verticem
1867 2937 2023 3007 ipsius

440 3038 675 3108 iniquitas
699 3044 809 3107 ejus
835 3035 1114 3089 descendet.
1147 3033 1214 3086 Et
1241 3033 1311 3087 de
1332 3030 1677 3099 AchitOphelc
1700 3029 1836 3084 etde
1857 3029 2024 3083 Absu-

443 3129 564 3194 lone
588 3127 701 3182 luec
747 3127 882 3180 dicta
925 3140 1044 3180 esse
1081 3129 1268 3194 putant
1322 3139 1334 3176 :
1370 3121 1643 3190 utriusque
1681 3120 1821 3174 enim
1862 3128 2021 3188 caput

441 3219 716 3274 descendit
737 3218 802 3272 ad
829 3216 1162 3287 supplicium.
1191 3214 1279 3268 Ille
1307 3214 1447 3268 enim
1488 3213 1677 3282 laqueo
1705 3226 1831 3266 usus
1861 3212 2018 3266 vitam

441 3310 610 3364 finivit
639 3327 653 3364 :
683 3309 768 3362 hic
795 3323 922 3362 vero
942 3321 1060 3362 cum
1085 3305 1184 3360 sub
1203 3305 1445 3360 arborem
1477 3304 1709 3358 venisset
1737 3344 1750 3367 ,
1787 3311 1841 3356 et
1868 3317 2020 3357 coma

439 3401 626 3456 fuisset
666 3413 976 3468 suSpensus,
1020 3397 1125 3452 illic
1170 3396 1327 3465 longo
1370 3403 1608 3467 tempore
1646 3392 1909 3463 pependit.
1947 3392 2020 3448 Ita

439 3492 600 3545 etiam
628 3489 792 3544 Judas
830 3490 1019 3560 laqueo
1060 3490 1217 3544 vitam
1255 3488 1439 3552 ﬁnivit,
1463 3487 1634 3541 sciens
1660 3501 1719 3542 se
1745 3487 1860 3542 hzec
1901 3503 2019 3542 om-

448 3583 538 3636 nia
583 3579 776 3636 fecisse
821 3580 874 3634 in
901 3579 1190 3650 perniciem
1231 3579 1319 3634 sui
1357 3578 1563 3647 capitis.
1609 3579 1673 3633 Et
1706 3579 2018 3650 AchitOpbel

439 3671 778 3740 conspicatus
819 3672 1037 3726 omnino
1081 3669 1311 3724 futurum
1344 3679 1399 3723 ut
1431 3669 1596 3723 David
1645 3671 1907 3733 vinceret,
1935 3686 2018 3726 se-

440 3763 612 3832 ipsum
640 3761 987 3832 suangulavit
1015 3780 1028 3814 :
1064 3760 1293 3816 Absalon
1319 3769 1493 3815 autem
1520 3760 1712 3816 invitus
1746 3745 2014 3832 pependit,

439 3867 492 3910 et
530 3871 635 3911 non
678 3853 853 3908 statim
883 3852 950 3908 de
975 3852 1149 3908 medio
1184 3852 1418 3907 sublatus
1457 3861 1565 3915 est,
1613 3851 1704 3906 sed
1751 3859 2015 3922 tamquam

438 3946 491 4000 in
536 3944 737 4016 judicio
775 3945 921 4016 prius
963 3958 1251 4014 suspensus
1293 3951 1394 4010 est,
1441 3952 1495 3998 et
1533 3943 1674 4013 ligno
1719 3943 2017 4009 afﬁxus;et

438 4042 547 4097 Deo
573 4055 604 4096 e
629 4041 836 4112 superis
884 4041 1084 4094 ferente
1105 4038 1421 4094 sententiam
1465 4037 1622 4107 longo
1643 4042 1881 4107 tempore
1921 4053 2014 4106 pe-

437 4134 684 4205 pcndit,a
711 4133 1033 4189 conscientia
1073 4132 1323 4201 deinceps
1363 4130 1675 4202 ﬂagellatus.
1713 4130 1830 4201 Ipse
1871 4132 2012 4185 enim

433 4224 676 4296 cupiebat
704 4223 756 4278 in
787 4223 950 4293 patris
980 4232 1158 4293 guttur
1196 4221 1467 4276 dexteram
1514 4220 1818 4290 intingere;
1866 4232 2015 4289 pater

433 4326 611 4370 autem
639 4314 721 4369 vel
753 4313 830 4370 sic
849 4312 1068 4383 rogabat
1087 4311 1301 4376 milites,
1327 4319 1384 4365 ut
1406 4311 1455 4366 ei
1487 4321 1781 4380 parcerent.
1815 4313 1854 4366 A
1882 4327 2014 4366 vana

431 4414 608 4482 autem
630 4403 794 4474 gloria
822 4410 938 4458 erat
963 4401 1098 4456 adeo
1125 4401 1352 4466 alienus,
1375 4399 1600 4454 utetiam
1633 4411 1748 4470 post
1788 4411 2012 4457 mortem

433 4511 555 4550 cum
577 4495 797 4565 lugeret.
824 4493 891 4548 Et
919 4503 972 4546 ut
998 4492 1135 4547 scias
1179 4491 1321 4562 quod
1366 4491 1558 4546 faetum
1591 4501 1668 4546 est
1702 4507 1804 4546 non
1852 4493 2010 4550 fuisse

437 4581 684 4648 humanae
703 4583 993 4648 industrite,
1017 4583 1110 4639 sed
1144 4591 1308 4637 totum
1336 4582 1498 4638 fuisse
1525 4583 1686 4638 divini
1709 4584 1907 4655 judicii,
1926 4601 2013 4640 ca-

431 4665 544 4752 pilli
577 4685 632 4730 et
666 4675 862 4744 lignum
901 4691 1025 4730 eum
1061 4674 1359 4745 alligarunt,
1394 4683 1450 4729 et
1490 4674 1701 4729 brutum
1739 4691 1860 4730 eum
1898 4678 2014 4732 ani-

433 4767 539 4820 mal
567 4765 796 4830 tradidit,
825 4775 876 4821 et
906 4780 1002 4836 pro
1040 4764 1165 4820 fune
1191 4764 1402 4835 quidem
1429 4780 1602 4832 coma,
1629 4781 1727 4836 pro
1759 4767 1896 4838 ligno
1926 4783 2012 4823 ar-

429 4851 526 4913 bor
567 4858 796 4922 exstitit;
842 4873 938 4928 pro
981 4857 1146 4913 milite
1184 4866 1358 4912 autem
1394 4872 1514 4913 eum
1558 4858 1776 4913 adduxit
1813 4863 2005 4916 mulus.

431 4950 720 5006 Considera
760 4965 874 5005 rem
917 4949 1305 5005 admirandam.
1334 4949 1464 5004 Cum
1509 4953 1623 5005 haec
1669 4966 1857 5021 passus
1903 4962 2005 5019 est,

426 5037 585 5126 nemo
627 5058 842 5099 suorum
877 5043 944 5099 ad
971 5058 1091 5099 eum
1132 5041 1386 5100 accedere
1403 5059 1563 5098 ausus
1596 5054 1697 5110 est,
1732 5046 2008 5116 ipsumque

417 5130 548 5204 inde
565 5137 865 5204 detrahere,
889 5151 1010 5193 cum
1036 5145 1238 5190 tantum
1263 5135 1448 5193 fuisset
1477 5137 1729 5207 temporis
1757 5140 2005 5207 spatium.

422 5221 536 5287 Hoc
555 5239 731 5286 autem
751 5228 892 5285 Deus
908 5227 1230 5300 providerat,
1251 5239 1306 5282 ut
1325 5243 1492 5300 neque
1508 5229 1892 5293 detraheretur,
1909 5245 2007 5285 nec

422 5322 629 5378 vinctus
644 5321 709 5376 ad
726 5331 928 5392 patrem
946 5318 1242 5387 efferretur,
1259 5321 1506 5390 quoniam
1539 5330 1754 5391 paterna
1803 5322 2003 5376 viscera

487 5481 504 5511 ⁸
526 5487 638 5538 Quae
659 5481 850 5529 uncinis
879 5479 1166 5538 clauduntur
1210 5479 1385 5527 omissa
1431 5487 1542 5528 sunt
1575 5492 1602 5528 a
1633 5479 1762 5528 Colit.
1789 5489 1841 5529 et
1861 5481 2001 5532 Savil.

420 5548 516 5591 Vox
743 5554 872 5613 quas,
909 5537 1530 5613 ﬁscetlmnacirpeammest
1551 5543 1887 5613 interpretata.
1908 5552 2002 5613 est,

419 5613 540 5665 θέην.
583 5605 714 5665 circa
749 5600 919 5665 illam'
942 5615 1108 5652 vocem
1139 5600 1316 5665 Gracia
1341 5600 1580 5665 lectiones
1625 5600 1825 5653 variant.
1860 5600 1998 5654 savii.

419 5663 657 5714 εἴκοι-ει.
685 5664 883 5728 habent,
919 5664 1394 5728 essqvﬁeptuagjnta
1429 5663 1610 5714 habent
1631 5703 1644 5721 ,
1679 5677 1800 5723 tactv,
1838 5667 2002 5728 Aquila

421 5736 469 5789 et
488 5727 792 5789 Symmachus
815 5726 1013 5781 habent,
1039 5724 1219 5781 ιιεωτδν,
1242 5724 1381 5789 alius,
1403 5736 1520 5781 texat.
1547 5733 1592 5773 tn
1615 5727 1836 5786 ttebrmo,
1855 5724 2000 5779 mea.

421 5785 468 5832 2.
485 5784 539 5848 ε’,
567 5788 743 5852 legitur
765 5794 906 5843 mn.
936 5789 1050 5837 \‘ide
1075 5784 1285 5848 ttcxapla
1307 5792 1482 5832 nostra.

2125 467 2174 520 ei
2203 468 2341 535 parci
2367 468 2501 521 velle
2521 467 2655 522 ultra
2691 467 2904 522 modum
2926 469 3329 538 iudicaveraut‘;
3361 482 3414 527 et
3454 475 3592 542 quod
3620 486 3702 532 est

2126 558 2508 626 admirabilius,
2538 561 2626 630 qui
2658 569 2860 630 patrem
2885 561 2931 615 ei
2959 561 3339 629 reconciliavit,
3368 564 3413 620 is
3441 565 3610 634 ipsum
3633 569 3704 622 in-

2126 648 2352 715 terfecit,
2401 651 2779 720 propemodum
2823 651 3027 706 instans
3059 653 3348 710 vehemens
3380 667 3693 712 accusator:

2127 741 2222 796 sed
2263 742 2308 796 is
2347 741 2560 813 quidem
2603 757 2725 798 eum
2762 742 2974 811 occidit,
3014 743 3153 800 Deus
3189 754 3366 800 autem
3413 747 3530 801 tulit
3571 763 3696 803 sen-

2127 833 2362 886 tentiam.
3137 815 3144 820 ’

2197 924 2284 978 15.
2325 923 2477 991 Quod
2521 924 2662 979 enim
2695 938 2726 979 e
2767 924 2974 994 superis
3015 925 3116 980 lata
3145 925 3213 980 sit
3254 928 3535 996 sententia,
3575 930 3696 985 audi

2125 1013 2389 1084 quomodo
2418 1014 2470 1070 id
2496 1015 2608 1084 ipse
2633 1017 2923 1071 ostenderit
2947 1033 2959 1070 :
2987 1030 3104 1070 cum
3128 1018 3268 1072 enim
3293 1018 3535 1088 dixisset,
3553 1019 3619 1074 Et
3647 1023 3702 1076 in

2125 1107 2352 1160 verticem
2374 1107 2532 1176 ipsius
2555 1109 2792 1178 iniquitas
2817 1111 2925 1174 eius
2949 1107 3235 1176 descendet,
3259 1110 3383 1165 dicit
3409 1129 3421 1164 :
3454 1111 3539 1165 18.
3564 1111 3697 1164 Con-

2125 1196 2300 1264 ﬁtebor
2326 1195 2544 1252 Domino
2572 1199 2844 1252 secundum
2871 1201 3116 1267 iustitiam
3140 1202 3267 1272 ejus,
3294 1213 3341 1256 et
3361 1203 3576 1272 psallam
3605 1220 3698 1256 no-

2127 1290 2251 1342 mini
2288 1287 2496 1343 Domini
2539 1291 2786 1344 attissimi.
2829 1289 3034 1346 Gratias
3063 1307 3279 1362 agamus
3302 1334 3316 1358 ,
3346 1293 3552 1364 inquit,
3593 1309 3701 1350 non

2124 1381 2348 1436 aliorum
2377 1381 2612 1451 gaudens
2637 1383 2868 1438 caedibus
2888 1425 2902 1450 ,
2935 1384 3027 1438 sed
3055 1383 3148 1439 Dei
3177 1387 3493 1440 sententiam
3533 1389 3702 1442 susci—

2127 1473 2294 1542 piens.
2319 1473 2388 1528 Et
2411 1475 2528 1543 quis
2553 1483 2728 1543 potest
2753 1473 2804 1530 ei
2830 1475 3024 1544 gratias
3049 1491 3204 1545 agere
3232 1477 3520 1532 secundum
3544 1479 3702 1547 justi-

2129 1567 2250 1620 tiam
2281 1567 2438 1636 ejus?
2464 1573 2581 1638 quis
2623 1575 2799 1622 autem
2825 1583 2943 1623 eum
2971 1568 3236 1636 laudabit,
3264 1570 3399 1624 sicut
3426 1571 3549 1625 est?
3573 1557 3702 1625 Nul-

2127 1659 2227 1713 lus.
2255 1658 2390 1726 Quid
2417 1667 2498 1713 est
2516 1658 2803 1714 Secundum
2820 1659 3075 1728 justitiam
3107 1659 3260 1727 ejus?
3282 1659 3336 1714 ld
3359 1669 3456 1726 est,
3486 1672 3704 1730 propter

2123 1751 2377 1820 justitiam
2406 1751 2540 1820 ejus.
2565 1751 2632 1805 Et
2663 1751 2878 1820 psallam
2907 1751 3128 1806 Domino
3155 1752 3432 1807 altissimo.
3466 1753 3592 1822 Ejus
3620 1763 3703 1809 est

2126 1844 2267 1898 enim
2295 1843 2532 1908 victoria,
2559 1842 2674 1911 ejus
2695 1851 2914 1911 tropaea,
2946 1858 3050 1898 non
3079 1858 3216 1898 mea.
3245 1843 3698 1910 Quemadmodum

2127 1937 2268 1990 enim
2300 1937 2351 1990 in
2377 1935 2528 1990 bellis
2557 1951 2675 1990 cum
2702 1951 2797 1990 rex
2825 1935 2968 2002 vicit,
2991 1933 3182 1991 choros
3209 1935 3459 1991 ducentes
3479 1946 3698 2003 canunt,

2127 2026 2307 2082 laudes
2338 2026 2387 2080 in
2413 2042 2533 2081 eum
2562 2026 2895 2082 conferentes
2925 2043 2938 2080 :
2970 2027 3042 2080 ita
3077 2041 3175 2096 ego
3217 2040 3426 2096 quoque
3472 2025 3697 2092 faciam,

2129 2120 2316 2189 inquit.
2351 2119 2632 2187 Propterea
2663 2133 2766 2173 non
2799 2117 2935 2173 dixit
2959 2157 2972 2183 ,
2992 2117 3263 2172 Conﬁteor
3281 2159 3295 2184 ,
3320 2116 3414 2172 sed
3439 2159 3453 2184 ,
3481 2115 3702 2185 Conﬁte-

2127 2211 2216 2265 bor
2237 2227 2256 2265 :
2280 2211 2582 2281 signiﬁcans
2609 2225 2666 2266 se
2692 2226 2790 2266 nec
2816 2219 3091 2280 postquam
3117 2219 3196 2264 est
3235 2219 3570 2280 assequutus,
3601 2211 3700 2266 bn-

2127 2317 2315 2356 norum
2363 2301 2596 2356 oblivisci
2625 2318 2640 2354 :
2669 2316 2768 2355 nec
2799 2301 3226 2371 negligentiorem
3268 2315 3386 2355 esse
3406 2342 3420 2365 ,
3451 2301 3542 2356 sed
3573 2301 3704 2371 vigi-

2127 2391 2237 2448 lare
2265 2409 2278 2445 :
2312 2408 2416 2446 non
2443 2392 2581 2463 quod
2612 2393 2748 2447 Deus
2789 2393 2854 2447 iis
2899 2392 3162 2462 indigeat,
3195 2392 3286 2447 sed
3319 2393 3457 2462 quod
3499 2393 3601 2447 hoc
3633 2396 3702 2448 sit

2127 2483 2278 2538 nobis
2299 2483 2426 2538 utile
2451 2491 2505 2538 et
2527 2483 2884 2537 commodum.
2911 2483 3365 2550 Quemadmodum
3392 2483 3533 2538 enim
3565 2485 3704 2540 acci-

2127 2575 2305 2644 piebat
2331 2574 2584 2628 sacriﬁcia
2611 2614 2626 2638 ,
2658 2589 2762 2628 non
2802 2588 2962 2643 egens
3001 2573 3272 2628 sacriﬁciis
3299 2575 3316 2644 (
3343 2575 3404 2629 Si
3427 2575 3566 2629 enim
3594 2591 3703 2628 esu-

2125 2667 2277 2728 ricro,
2301 2665 2488 2735 inquit,
2508 2683 2607 2720 non
2634 2666 2800 2720 dicam
2821 2665 2907 2718 tibi
2928 2663 3094 2736 [PsaL
3127 2665 3215 2719 49.
3245 2665 3380 2738 12]),
3410 2665 3502 2720 sed
3534 2667 3704 2720 homi-

2127 2772 2222 2812 nes
2248 2756 2514 2812 deducens
2553 2756 2619 2810 ad
2663 2756 2828 2826 ipsius
2865 2755 3120 2811 honorem
3149 2771 3168 2810 :
3199 2757 3269 2810 ita
3295 2756 3450 2811 etiam
3479 2756 3702 2838 hymnos

2126 2847 2378 2916 suscipit,
2407 2853 2590 2900 nostra
2629 2845 2929 2900 laudatione
2973 2860 3076 2899 non
3109 2859 3271 2914 egens
3293 2886 3310 2912 ,
3341 2846 3433 2900 sed
3467 2859 3700 2901 nostram

2127 2937 2348 2992 salutem
2393 2936 2720 2990 desiderans.
2749 2936 2859 2992 Deo
2887 2936 3030 2992 enim
3059 2951 3262 3007 magna:
3286 2950 3427 2991 curre
3459 2947 3541 2991 est
3567 2945 3624 2992 ut
3650 2938 3700 2992 in

2125 3029 2315 3082 virtute
2335 3041 2654 3083 crescamus.

2197 3117 2510 3188 Cottoquium
2544 3135 2659 3172 cum
2685 3119 2790 3174 Deo
2815 3119 3044 3173 virtutem
3077 3126 3243 3190 auget.
3263 3148 3335 3159 —
3363 3118 3501 3174 Nihil
3527 3127 3700 3176 autem

2125 3227 2276 3282 atque
2299 3212 2364 3266 ad
2404 3212 2651 3266 virtutem
2685 3221 2995 3282 promovet,
3023 3219 3180 3282 atque
3207 3225 3324 3267 cum
3358 3211 3466 3267 Deo
3490 3211 3702 3268 assidue

2125 3305 2325 3362 versari
2356 3313 2410 3360 et
2453 3303 2720 3374 colloqui,
2744 3303 2900 3374 eique
2944 3313 3198 3373 perpetuo
3241 3303 3435 3374 gratias
3467 3319 3624 3374 agere
3649 3313 3704 3360 et

2127 3398 2369 3471 psallere.
2403 3397 2584 3452 Psallit
2611 3406 2786 3452 autem
2820 3396 2928 3451 Deo
2952 3396 3150 3465 justum
3184 3395 3299 3466 ejus
3318 3396 3572 3466 judicium
3610 3397 3703 3452 ad-

2125 3491 2323 3546 mirans
2344 3498 2395 3544 et
2423 3485 2828 3560 patientiam.Et
2847 3486 2957 3554 ubi,
2986 3487 3174 3557 inquit,
3202 3487 3317 3556 ejus
3345 3495 3425 3543 est
3453 3489 3699 3558 patientia

2124 3583 2402 3638 interfecto
2430 3579 2690 3653 tyranno?
2713 3578 2893 3650 Longe
2912 3588 3056 3635 certe
3085 3579 3332 3634 maxima.
3355 3579 3536 3651 Longo
3558 3580 3700 3636 enim

2126 3681 2362 3744 tempore
2387 3687 2506 3728 eum
2533 3670 2729 3726 dimisit
2754 3711 2768 3735 ,
2798 3679 2856 3724 ut
2883 3669 3089 3726 veniret
3113 3668 3180 3724 ad
3208 3669 3566 3739 paenitentiam
3602 3689 3615 3726 :
3647 3680 3702 3727 et

2122 3766 2318 3836 regiam
2361 3763 2641 3821 tenendam
2690 3763 2856 3830 dedit,
2887 3771 2944 3818 ut
2971 3776 3092 3819 cum
3132 3761 3337 3820 videret
3384 3763 3598 3820 domum
3649 3765 3700 3819 in

2121 3873 2224 3929 qua
2252 3866 2490 3913 creverat
2531 3865 2584 3912 et
2607 3855 2862 3912 educatus
2891 3856 3094 3923 fuerat,
3121 3863 3177 3912 et
3215 3857 3380 3928 patris
3416 3858 3563 3928 signa
3588 3901 3601 3922 ,
3633 3857 3700 3912 ad

2123 3949 2483 4019 paenitentiam
2505 3947 2726 4003 veniret.
2751 3945 2805 4002 Si
2831 3948 2973 4002 enim
3000 3963 3105 4003 non
3135 3946 3322 4005 fuisset
3344 3948 3587 4004 immanis
3609 3948 3702 4003 be-

2123 4042 2241 4105 stia,
2275 4056 2372 4095 nec
2401 4056 2494 4095 cor
2524 4040 2797 4095 habuisset
2824 4041 3109 4110 lapideum,
3141 4041 3318 4094 omnia
3347 4041 3433 4093 illa
3465 4039 3698 4094 sufficie-

2121 4131 2248 4186 bant
2275 4131 2338 4186 ad
2380 4131 2522 4186 illum
2551 4132 2906 4188 reducendum
2937 4148 2951 4184 :
2993 4145 3174 4186 mensa
3213 4129 3364 4198 cujus
3401 4143 3519 4182 cum
3549 4138 3698 4198 patre

2120 4233 2234 4282 erat
2255 4224 2748 4296 particeps,tlomus,
2780 4224 2982 4289 sedilia,
3012 4222 3100 4277 ubi
3128 4220 3287 4276 verba
3313 4235 3433 4274 eum
3458 4219 3696 4274 reconci-

2121 4315 2398 4383 liaret-ant,
2423 4331 2542 4372 cum
2567 4316 2724 4370 talem
2745 4314 2944 4370 caedem
2978 4320 3236 4382 patrasset
3259 4328 3271 4362 :
3299 4324 3418 4364 cum
3443 4309 3526 4364 his
3547 4319 3698 4366 erant

2119 4411 2276 4465 etiam
2325 4409 2445 4476 alia,
2477 4423 2592 4479 quae
2637 4406 2703 4461 ad
2753 4421 2872 4460 eum
2920 4400 3296 4460 emolliendum
3339 4400 3696 4458 sufﬁciebant.

2119 4503 2375 4558 Audierat
2402 4502 2543 4557 enim
2568 4515 2686 4556 eum
2727 4497 2966 4554 exsulem
2991 4495 3210 4552 sedibus
3235 4493 3454 4549 incertis
3477 4509 3659 4550 errare
3679 4537 3692 4560 ,

2118 4605 2172 4651 et
2198 4595 2335 4649 mala
2359 4593 2536 4664 gravia
2564 4593 2806 4647 tolerare.
2837 4590 2988 4658 Quod
3017 4589 3060 4645 si
3103 4604 3168 4644 ne
3199 4587 3312 4643 haec
3333 4587 3547 4660 quidem
3572 4603 3695 4644 eum

2119 4687 2440 4750 molliebant,
2474 4683 2753 4754 Oportebat
2780 4697 2843 4737 ea
2867 4697 2986 4752 qua}
3017 4679 3354 4751 Achitopbeli
3380 4689 3693 4745 evenerant,

2117 4794 2237 4834 eum
2268 4778 2544 4848 castigare,
2565 4777 2804 4846 laqueum
2825 4789 3014 4843 nempe
3039 4782 3092 4830 et
3118 4779 3366 4838 mortem,
3390 4780 3446 4826 ut
3466 4786 3560 4840 per
3583 4771 3696 4828 ha-c

2117 4870 2293 4926 omnia
2320 4869 2526 4924 veniret
2548 4867 2612 4922 ad
2635 4866 3020 4936 ptenitentiam.
3047 4865 3226 4936 Neque
3251 4865 3392 4920 enim
3421 4863 3698 4934 ignorabat

2115 4979 2234 5034 quae
2260 4963 2430 5017 amico
2453 4960 2774 5018 acciderant.
2794 4960 2961 5029 Quam
2981 4968 3160 5015 autem
3183 4958 3390 5028 culpam
3417 4956 3470 5011 in
3493 4966 3696 5026 patrem

2115 5053 2413 5118 conferens,
2441 5052 2558 5109 haec
2584 5051 2848 5107 faciebat?
2867 5050 3016 5118 Quod
3039 5065 3163 5106 eum
3189 5048 3258 5104 ab
3278 5056 3496 5119 aspectu
3523 5062 3698 5104 remo-

2115 5146 2314 5202 visset?
2340 5145 2449 5203 Sed
2476 5160 2542 5202 eo
2567 5145 2784 5200 nomine
2811 5142 3040 5200 debebat
3069 5157 3191 5199 eum
3221 5139 3476 5196 admirari
3509 5148 3564 5196 et
3601 5154 3694 5192 su-

2114 5238 2320 5307 spicere
2341 5279 2358 5304 ,
2388 5236 2529 5308 quod
2570 5251 2691 5291 cum
2736 5235 2953 5291 fratrem
2996 5231 3386 5298 interfecisset,
3416 5245 3538 5286 eum
3590 5227 3692 5282 leni

2114 5329 2292 5405 animo
2322 5328 2546 5383 tulisset.
2590 5325 2698 5383 Sed
2723 5340 2845 5380 cum
2875 5325 3004 5380 nihil
3033 5325 3082 5381 ei
3113 5333 3293 5395 posset
3320 5322 3432 5379 dari
3461 5320 3692 5386 crimini,

2113 5417 2206 5474 sed
2234 5417 2531 5488 importuna
2562 5425 2830 5472 teneretur
2867 5415 3175 5487 cupiditate,
3207 5414 3368 5485 idque
3395 5425 3515 5468 eum
3545 5419 3694 5482 pater

2113 5519 2254 5566 esset
2287 5509 2396 5578 jam
2439 5523 2628 5573 senex,
2657 5517 2709 5563 et
2751 5516 2896 5564 esset
2921 5505 3250 5578 exspectatio
3274 5504 3327 5560 in
3359 5501 3560 5559 foribus
3583 5541 3598 5568 ,
3629 5515 3696 5557 ne

2113 5601 2376 5656 tantillum
2423 5599 2635 5671 quidem
2671 5600 3016 5671 exspectavit.
3045 5595 3326 5666 Quomodo
3372 5603 3552 5650 autem
3591 5607 3696 5650 non

2179 5736 2193 5768 ¹
2223 5742 2323 5803 nuo
2339 5741 2466 5803 Mss_.,
2487 5733 2708 5803 quoniam
2731 5739 2931 5803 paterna
2963 5731 3147 5803 uiscera
3176 5728 3376 5782 m'ntiam
3395 5736 3442 5780 et
3464 5728 3695 5794 inan-

2113 5799 2280 5851 stiram
2304 5795 2648 5859 indulgentiam
2668 5794 3016 5849 iudicaverunt.

3615 5989 3640 5997 ς

4087 1505 4089 1616 l

4087 1643 4089 1688 l

4087 1925 4089 1964 |

4073 2241 4084 2570 ί

4067 3465 4090 3582 ἓ
