4064 6206
353 303 445 361 ιιι

348 419 557 490 ποιῆσαι
589 410 656 468 τδ
687 411 902 486 βρέφος
923 430 935 444 ·
973 413 1091 486 [καί
1108 413 1213 467 ἀπὸ
1230 411 1320 465 τοῦ
1348 407 1588 479 ποταμοῦ
1623 406 1920 476 ἀνελομένη

348 507 437 579 τὴν
464 504 644 574 θήγην
687 503 724 571 ἡ
765 501 1020 570 θυγάτηρ
1061 500 1157 552 τοῦ
1192 496 1406 568 Φαραὼ,
1445 494 1537 549 καί
1570 493 1804 565 εὑροῦσα
1861 492 1920 545 τὸ

351 592 543 666 βρέφος
585 585 914 660 ἀνέθρεψε,]
963 587 1054 640 καὶ
1076 585 1326 656 αὐξηθεὶς
1355 586 1556 644 ἐκεῖνος
1585 582 1790 644 πάντας
1819 582 1925 634 ἀπ-

347 682 563 736 ώλεσεν.
581 675 874 730 Ἐντεῦθεν
906 675 1000 728 καὶ
1029 673 1063 744 ἡ
1089 670 1394 743 εὐμηχανία
1419 671 1512 722 τοῦ
1535 667 1670 722 Θεοῦ
1691 668 1924 739 μάλιστα

347 765 667 838 διαλάμπει,
712 763 810 816 καὶ
835 763 966 825 τοῖς.
991 761 1244 831 πονηροῖς
1276 758 1443 820 πολὺς
1470 758 1499 810 6
1526 755 1922 828 σωφρονισμδς,

350 857 441 912 καὶ
497 857 612 917 τοῖς
663 851 1052 920 διαφεύγουσιν
1103 850 1136 919 ή
1182 847 1361 919 ἡδονή.
1398 845 1555 900 Οὕτω
1587 846 1683 900 καὶ
1713 846 1805 898 ἐπὶ
1829 845 1923 899 τοῦ

351 942 630 1013 παγκάλου
649 939 850 1009 Ἰωσὴφ
872 938 1112 1007 γέγονεν.
1144 933 1500 1005 Ἐμόαλόντες
1524 931 1633 1003 γάρ
1661 933 1824 1009 αὐτὸν
1847 933 1926 996 εἰς

347 1029 586 1086 δουλείαν
614 1029 665 1080 οἰ
691 1025 934 1095 ἀδελφοὶ,
963 1022 1160 1077 ἔπαθον
1187 1021 1330 1092 άπερ
1352 1019 1572 1082 ἔπαθον,
1592 1019 1796 1073 καὶτὸν
1829 1017 1926 1090 μὲν

350 1117 586 1188 ἔϐλαψαν
615 1113 769 1169 οὐδὲν
785 1153 801 1178 ,
829 1111 966 1166 ἀλλὰ
990 1109 1083 1165 καὶ
1111 1107 1346 1178 ὤνησαν·
1369 1108 1525 1162 αὐτοὶ
1546 1105 1603 1160 δὲ
1624 1106 1722 1177 τὴν
1755 1122 1924 1177 τραγ-

351 1205 512 1276 ῳδίαν
547 1202 760 1272 ἐκείνην
791 1199 1110 1270 ὑπέμειναν.
1165 1196 1276 1248 Καὶ
1303 1193 1476 1248 πολλὰ
1495 1192 1715 1247 τοιαῦτα
1749 1193 1926 1262 λέγειν

354 1294 497 1361 ὲξδν,
521 1291 706 1346 σκόπει
723 1287 820 1342 καὶ
847 1287 942 1340 ἐπὶ
971 1283 1078 1338 τῶν
1107 1283 1303 1340 ἄλλων.

439 1388 859 1460 Ἐπλεονέκτησέ
875 1404 988 1453 τις;
1021 1385 1244 1440 Ἑαυτὸν
1271 1383 1540 1438 ἀπώλεσε.
1573 1382 1676 1436 Τὸν
1709 1381 1928 1452 μὲνγὰρ

354 1478 814 1550 πλεονεκτηθέντα
846 1475 1106 1537 πολλάκις
1133 1472 1227 1526 καὶ
1269 1471 1466 1542 ὢνησε,
1507 1470 1603 1540 τὴν
1644 1468 1699 1522 δὲ
1733 1469 1926 1522 ἑαυτοῦ

351 1567 524 1640 ψυχὴν
560 1564 894 1638 προῦδωκεν.
932 1559 1186 1630 Ἢδίκησέ
1240 1575 1363 1626 τις;
1415 1555 1622 1627 Ἐαυτῷ
1671 1557 1732 1610 τὸ
1779 1555 1927 1624 ξίφος

353 1657 720 1728 περιέπειρεν.
749 1653 825 1707 Οὐ
841 1653 950 1722 γὰρ
964 1650 1024 1704 τὸ
1049 1649 1239 1702 παθεῖν
1261 1647 1466 1711 κακῶς,
1481 1645 1616 1700 ἀλλὰ
1629 1646 1687 1699 τὸ
1703 1645 1830 1715 ποιῆ
1839 1640 1926 1699 σαι

353 1744 556 1809 κακῶς,
595 1741 754 1796 τοῦτο
786 1738 1022 1812 μάλιστά
1051 1739 1168 1790 ἐστι
1207 1735 1268 1788 τὸ
1317 1736 1541 1804 πάσχειν
1592 1732 1796 1796 κακῶς.
1829 1731 1928 1784 Διὰ

353 1832 508 1886 τοῦτο
534 1831 630 1883 καὶ
657 1827 866 1892 Παῦλος
883 1826 1114 1898 παρῄνει
1144 1823 1340 1894 μᾶλλον
1370 1821 1692 1880 ἀδικεῖσθαι,
1729 1821 1823 1873 καὶ
1851 1819 1926 1892 μὴ

356 1921 556 1975 ἀδικεῖν
581 1939 594 1952 ·
621 1917 715 1971 καὶ¹
742 1918 770 1970 6
799 1913 1052 1986 Χριστὸς,
1093 1909 1414 1983 ῥαπίζεσθαι
1444 1910 1536 1963 καί
1565 1907 1639 1980 μὴ
1673 1909 1929 1980 ἀντιρρα-

357 2007 561 2078 πίζειν,
604 2003 742 2058 ἀλλά
800 2002 894 2056 καὶ
925 2000 1196 2071 παρέχειν.
1243 1997 1433 2051 ἐαυτὸν
1467 1997 1546 2058 εἰς
1583 1995 1643 2048 τὸ
1675 1995 1924 2065 πάσχειν.

356 2094 522 2147 Τοῦτο
552 2091 815 2164 μεγίστης
856 2087 1058 2160 ἰσχύος,
1089 2086 1246 2141 τοῦτο
1291 2085 1566 2156 ὑπομονὴν
1617 2083 1925 2154 ἐργάζεται,

355 2181 509 2236 τοῦτο
545 2178 773 2251 ἰσχυρὰν
809 2177 907 2250 τὴν
945 2176 1120 2247 ψυχὴν
1154 2173 1572 2238 κατασκευάζει,
1613 2171 1730 2244 [74]
1771 2171 1928 2224 τοῦτο

355 2269 458 2321 τών
493 2266 682 2321 παθῶν
741 2264 1010 2334 ἀνώτερον
1053 2264 1217 2316 ποιεῖ.
1260 2257 1321 2314 ’0
1349 2260 1456 2332 γὰρ
1484 2258 1924 2330 ἁδικῶνξέτερον,

357 2355 386 2425 ἢ
417 2352 682 2424 τύπτωνῆ
711 2350 970 2422 ὑϐρίζων,
1007 2347 1267 2420 πρότερον
1286 2347 1448 2410 αὐτὸς
1476 2346 1580 2399 ὐπδ
1601 2345 1693 2400 τοῦ
1724 2345 1928 2410 πάθους

355 2441 655 2512 χειρωθεὶς,
688 2439 783 2493 καὶ
814 2436 1156 2508 αἰχμάλωτος
1180 2438 1492 2507 γενόμενος,
1514 2433 1633 2488 τότε
1655 2434 1802 2488 δοκεῖ
1835 2433 1930 2487 τὸν

354 2531 577 2602 πλησίον
618 2529 822 2583 ἀδικεῖν
842 2545 856 2557 ·
891 2526 1052 2590 αὐτὸς
1073 2527 1129 2580 δέ
1161 2525 1516 2598 χαλεπώτερα
1537 2523 1796 2588 πέπονθε,
1827 2523 1928 2593 τὴν

353 2618 590 2690 ἐσχάτην
625 2616 869 2670 δουλείαν
900 2612 1210 2678 δουλεύσας.
1252 2611 1627 2681 Ἐπιστρέψει
1663 2615 1694 2665 ὁ
1741 2611 1929 2676 πόνος

352 2705 536 2759 αὐτοῦ
563 2705 653 2770 είς
671 2701 946 2772 κεφαλὴν
965 2702 1172 2766 αὑτοῦ,
1190 2701 1290 2754 καί
1308 2700 1406 2754 ἐπὶ
1434 2698 1712 2768 κορυφὴν
1737 2697 1927 2752 αὐτοῦ

353 2793 394 2861 ἡ
428 2793 626 2847 ἀδικία
655 2790 844 2846 αὐτοῦ
884 2787 1301 2856 καταϐήσεται.
1340 2787 1452 2841 Καὶ
1485 2784 1732 2858 περὶτοῦ
1781 2786 1930 2856 Ἀχι-

349 2880 510 2949 τόφελ
538 2879 776 2950 καὶπερὶ
791 2877 885 2932 τοῦ
900 2875 1251 2947 Ἀϐεσσαλὼμ
1273 2873 1442 2929 ταῦτα
1473 2873 1720 2946 εἰρῆσθαί
1745 2889 1928 2943 φασινο

349 2965 676 3037 ἀμφοτέρων
719 2963 830 3037 γάρ
867 2965 902 3035 ἡ
950 2963 1158 3034 κεφαλὴ
1195 2964 1274 3025 εἰς
1301 2960 1568 3033 τιμωρίαν
1604 2959 1828 3031 κατέϐη.
1871 2960 1930 3011 Ὀ

352 3055 454 3124 μὲν
493 3053 603 3126 γάρ
629 3053 836 3124 ἀγχόνῃ
873 3051 1237 3122 χρησάμενος,
1267 3048 1408 3103 οὕτω
1432 3049 1522 3103 τὸν
1561 3047 1674 3118 βίον
1704 3047 1937 3102 κατέλυε⁵

351 3157 478 3194 σεν·
505 3141 711 3202 ἐκεῖνος
730 3138 786 3192 δέ
809 3137 915 3192 ὑπὸ
949 3137 1012 3191 τὺ
1037 3137 1251 3209 δένδρον
1277 3135 1466 3200 ἐλθὼν,
1499 3138 1594 3190 καὶ
1613 3136 1932 3209 ἐξαρτηθεὶς

351 3227 460 3283 ὐπὸ
491 3228 590 3298 τῆς
622 3225 822 3297 κόμης,
863 3225 1032 3279 πολὺν
1076 3224 1349 3297 ἐκρέματο
1389 3223 1600 3294 χρόνον.
1648 3223 1803 3278 Οὕτω
1837 3225 1930 3278 καὶ

363 3315 566 3378 Ἰούδας
621 3313 826 3386 ἀγχόνῃ
875 3312 967 3366 τὸν
1016 3311 1129 3382 βίον
1170 3311 1486 3377 κατέλυσεν,
1533 3311 1686 3376 είδὼς
1719 3312 1799 3365 ὅτι
1835 3311 1930 3365 ἐπὶ

353 3403 511 3474 κακῷ
561 3403 659 3473 τῆς
708 3399 874 3457 αὐτοῦ
921 3399 1162 3470 κεφαλῆς
1197 3400 1374 3455 πάντα
1419 3399 1733 3472 εἰργάσατο.
1763 3399 1874 3452 Καὶ
1901 3401 1930 3452 6

364 3490 642 3562 Ἀχιτόφελ
694 3491 894 3560 νοήσας
948 3489 1029 3543 ὃτι
1081 3488 1298 3552 πάντως
1354 3489 1634 3559 περιέσται
1670 3490 1698 3541 6
1743 3487 1926 3551 Δαυῖδ,

345 3579 600 3634 ἀπελθὼν
650 3578 967 3649 ἀπήγξατοο
1009 3579 1159 3632 καὶὸ
1200 3578 1555 3649 Ἀόεσσαλὼμ
1591 3579 1738 3633 ἄκων
1770 3579 1930 3649 ἐκρέ-

348 3686 508 3738 ματο,
540 3669 635 3721 καὶ
655 3667 756 3721 οὐκ
788 3665 990 3731 εὐθέως
1020 3667 1292 3740 ἀνῃρεῖτο,
1327 3667 1440 3720 ἀλλ’
1473 3667 1660 3738 ὥσπερ
1691 3668 1748 3721 ἐν
1773 3667 1927 3720 δικαο

348 3757 555 3829 στηρίῳ
577 3756 840 3828 πρότερον
856 3755 1154 3828 ἀνηρτήθη,
1178 3757 1269 3810 καὶ
1295 3756 1371 3828 τῷ
1397 3756 1537 3829 ξύλῳ
1559 3756 1884 3828 προσηλώοη
1908 3774 1923 3786 ο

345 3845 438 3898 καὶ
464 3844 562 3898 τοῦ
587 3843 720 3898 Θεοῦ
754 3845 852 3912 τὴν
879 3843 1057 3914 ψῆφον
1083 3843 1285 3898 ἄνωθεν
1327 3845 1600 3915 φέροντος,
1633 3845 1724 3897 ἐπὶ
1759 3845 1924 3897 πολὺν

346 3931 620 4002 ἐκρέματο
667 3929 880 4000 χρόνον,
929 3929 1031 3983 ὐπὸ
1063 3929 1157 3983 τοῦ
1195 3931 1490 3994 συνειδότος
1512 3931 1697 3984 λοιπον
1732 3948 1924 4001 μαστι-

345 4016 576 4088 ζόμενος
589 4030 613 4058 ⁸
625 4059 638 4071 .
653 4017 822 4080 Αὐτὸς
843 4016 940 4087 μὲν
959 4016 1028 4084 γά
1039 4035 1066 4088 ρ
1079 4016 1338 4087 ἐπεθύμει
1355 4018 1450 4088 τὴν
1464 4017 1641 4082 δεξιὰν
1656 4018 1732 4088 τῷ
1747 4015 1924 4087 λαιμῷ

347 4105 614 4175 βαπτίσαι
659 4105 737 4176 τῷ
788 4103 1038 4175 πατρικῷ
1057 4121 1074 4136 ο
1108 4105 1135 4156 6
1162 4105 1218 4158 δὲ
1247 4104 1427 4176 πατὴρ
1452 4106 1543 4158 καὶ
1565 4105 1708 4159 οὕτω
1737 4105 1923 4174 φείσα-

348 4196 468 4250 σθαι
501 4193 674 4250 αὐτοῦ
707 4196 939 4268 παρῄνει
958 4198 1068 4259 τοῖς
1090 4194 1466 4267 στρατιώταις.
1501 4197 1608 4248 Καὶ
1633 4195 1804 4258 οὕτως
1826 4194 1925 4249 οὐκ

345 4277 410 4353 ἦν
460 4282 772 4349 κενοδοξίας
818 4282 877 4336 τὸ
916 4283 1226 4354 λεγόμενον,
1271 4284 1354 4336 ὅτι
1399 4284 1493 4336 καὶ
1530 4283 1666 4354 μετὰ
1699 4283 1926 4337 θάνατον

346 4371 699 4443 ἀποδύρεται.
736 4371 848 4425 Καὶ
899 4371 985 4424 ῖνα
1018 4371 1195 4442 μάθῃς
1232 4371 1313 4424 ὅτι
1349 4372 1450 4426 οὐκ
1483 4371 1828 4440 ἀνθρωπίνης
1858 4369 1926 4442 ἦν

348 4459 593 4528 σπουδῆς
641 4458 703 4510 τὸ
753 4457 1055 4529 γινόμενον,
1095 4458 1210 4512 ἀλλ’
1250 4457 1370 4512 ὅλον
1405 4457 1546 4512 θεῖον
1585 4453 1652 4528 ἦν
1678 4458 1737 4510 τὸ
1775 4459 1926 4513 δικα-

346 4548 595 4618 στήριον,
655 4545 841 4617 τρίχες
885 4545 979 4599 καὶ
1018 4544 1170 4613 ξύλον
1208 4545 1369 4598 αὐτὸν
1405 4545 1622 4616 ἔδησαν,
1659 4547 1752 4598 καὶ
1790 4545 1926 4610 ζῶον

344 4633 540 4701 ἀλογον
571 4631 880 4702 παρέδωκε,
899 4632 995 4685 καί⁵
1020 4631 1142 4685 ἀντὶ⁸
1173 4633 1270 4703 μὲν
1295 4633 1526 4703 σχοινίου
1558 4634 1590 4702 ἡ
1622 4632 1787 4703 κόμη,
1805 4633 1925 4686 ἀντὶ

341 4719 395 4772 δὲ
421 4719 586 4784 ξύλου
607 4717 670 4770 τὸ
697 4718 910 4790 δένδρον
924 4717 1170 4786 γέγονεν,
1200 4719 1321 4772 ἀντὶ
1337 4718 1393 4771 δὲ
1410 4717 1738 4790 στρατιώτου
1762 4737 1927 4790 προσ-

343 4807 554 4875 ήγαγεν
589 4805 756 4860 αὐτὸν
786 4806 820 4876 ἡ
863 4806 1102 4877 ἡμίονος.
1134 4806 1246 4860 Καὶ
1286 4807 1477 4860 σκόπει
1505 4807 1565 4859 τὸ
1599 4807 1919 4878 παράδοξον.

343 4892 529 4947 Ταῦτα
591 4892 878 4960 παθόντος,
935 4893 1108 4956 οὐδεὶς
1163 4893 1430 4964 ἐτόλμησε
1472 4893 1788 4964 προσελθεῖν
1813 4895 1922 4948 τῶν

341 4979 532 5044 αὐτοῦ,
563 4980 660 5034 καὶ
687 4979 935 5034 καθελεῖν
959 4980 1140 5044 αὐτὸν,
1176 4979 1446 5050 τοσαύτης
1473 4980 1766 5051 γενομένης
1797 4991 1922 5051 σχοι

341 5064 459 5138 λῆς.
496 5068 614 5122 Καὶ
651 5066 814 5124 τοῦτο
842 5066 899 5120 δὲ
922 5069 952 5120 6
979 5066 1109 5130 Θεὸς
1131 5065 1418 5136 ᾠκονόμει,
1449 5065 1590 5120 ὥστε
1624 5070 1758 5138 μήτε
1792 5067 1926 5121 καθ·

348 5157 662 5227 αιρεθῆναι,
721 5157 860 5228 μήτε
891 5156 1172 5226 δεδεμένον
1233 5156 1597 5227 ἀπενεχθῆναι
1627 5157 1706 5228 τῷ
1732 5158 1920 5228 πατρὶ,

343 5243 530 5314 ἐπειδὴ
577 5245 652 5298 τά
698 5244 939 5315 πατρικά
973 5245 1254 5316 σπλάγχνα
1287 5245 1430 5315 πέρα
1470 5243 1566 5298 τοῦ
1599 5247 1799 5318 μέτρου
1826 5246 1923 5317 τὴν

343 5332 510 5402 φειδὼ
544 5332 899 5386 ἐπεδείκνυτο
921 5332 948 5372 b
968 5349 984 5364 ο
1017 5333 1110 5386 κα.)⁵
1133 5332 1194 5386 τὺ
1221 5333 1286 5403 δὴ
1316 5333 1775 5405 θαυμαστότερον,
1793 5335 1873 5388 ὅτι
1895 5337 1924 5388 6

340 5419 690 5486 καταλλάξας
740 5419 893 5490 αὐτῷ
929 5419 1019 5474 τὸν
1060 5420 1292 5491 πατέρα,
1324 5414 1477 5484 οὗτος
1519 5423 1680 5476 αὐτὸν
1709 5423 1919 5494 ἀνῄρει,

399 5594 590 5661 ’Τι’θῆ
617 5607 734 5661 mss.
784 5594 1129 5658 μαπιζὸμενος.
1173 5595 1302 5648 Edili
1345 5599 1733 5661 μαστιγούμενος.
1784 5597 1920 5649 Prior

341 5657 491 5706 lectio
513 5658 749 5706 usitatior
777 5661 870 5704 est.

401 5718 431 5759 δ
455 5721 568 5770 Duo
594 5733 713 5768 mss.
731 5715 816 5767 τοῦ
840 5719 1003 5774 μέτρου
1017 5720 1099 5780 τήν
1125 5721 1315 5783 ἄκαιρον
1336 5721 1628 5773 ἐπεδείκνυτο
1652 5723 1914 5784 φειδωλίαν.

1493 294 1856 351 EXPOSI'I‘IO
1895 291 1960 347 IN
1995 291 2326 350 P'SALMUM
2356 294 2465 350 VII.

3487 269 3596 363 ιοι

2017 401 2312 502 ’μονονρυχὶ
2353 412 2654 502 κατήγορος
2704 413 2929 485 σφοδρὸς
2978 415 3220 498 ἐπιστάςο
3263 419 3374 474 ἀλλ’
3405 421 3597 502 ἀνῄρει

2029 497 2128 567 μὲν
2152 494 2326 565 οὗτος,
2355 497 2649 571 ἐψηφίζετο
2679 501 2736 554 δὲ
2770 505 2798 555 6
2827 503 2978 568 Θεός.
3062 513 3064 515 ’

2102 684 2180 732 ιε’.
2214 678 2335 731 Ὀτι
2357 678 2468 750 γάρ
2494 677 2700 734 ἀνωθεν
2726 683 2758 754 ἡ
2791 681 2972 752 ψῆφος
2997 685 3345 758 κατεφέρετο,
3369 688 3598 744 ἄκουσον

2027 769 2192 824 αὐτοῦ
2213 769 2369 824 τοῦτο
2400 771 2516 835 πῶς
2546 773 2854 846 παρέστησε
2873 792 2889 808 ο
2917 774 3088 832 εἰπὼν
3109 777 3236 850 γὰρ,
3267 780 3397 834 Ἐπί
3427 785 3601 851 κορυὲ

2028 862 2155 930 φὴν
2179 863 2218 931 ἡ
2240 862 2440 916 ἀδικία
2463 864 2649 918 αὐτοῦ
2669 867 3090 935 καταϐήσεται,
3124 872 3288 942 φησίν
3309 889 3323 903 ο
3357 873 3600 943 Ἐξομο-

2026 952 2364 1022 λοτήσομαι
2379 951 2460 1018 τῷ
2478 953 2670 1022 Κυρίῳ
2686 957 2834 1012 κατὰ
2849 957 2963 1026 τὴν
2980 957 3372 1028 δικαιοσύνην
3390 963 3596 1028 αὑτοῦ,

2029 1042 2126 1096 καὶ
2158 1042 2334 1112 ψαλῶ
2362 1043 2442 1110 τῷ
2471 1045 2711 1115 ὀνόματι
2731 1050 2953 1116 Κυρίου
2981 1051 3086 1106 τοῦ
3112 1054 3394 1122 ὑψίστου.
3429 1056 3602 1126 Εὐχα-

2033 1134 2393 1204 ριστήσωμεν,
2419 1136 2602 1205 φησὶν,
2638 1137 2700 1190 οὐ
2731 1141 2852 1202 ταῖς
2877 1140 3078 1212 ἐτέρων
3111 1144 3314 1218 χαίρων
3341 1150 3599 1215 σφαγαῖς,

2029 1221 2164 1275 ἀλλὰ
2181 1223 2276 1277 τοῦ
2305 1225 2438 1279 Θεοῦ
2474 1227 2572 1298 τὴν
2599 1228 2780 1300 ψῆφον
2813 1231 3226 1304 ἀποδεχόμενος.
3261 1237 3372 1290 Καὶ
3399 1239 3483 1302 τίς
3511 1239 3602 1292 δύ-

2027 1329 2184 1368 ναται
2213 1316 2361 1386 αὐτῷ
2376 1319 2769 1390 εὐχαριστῆσαι
2794 1323 3041 1395 κατάτὴν
3058 1325 3401 1397 δικαιοσύνην
3413 1329 3599 1394 αὐτοῦς

2029 1402 2112 1467 τίς
2137 1405 2192 1458 δὲ
2225 1406 2382 1459 αὐτὸν
2405 1409 2630 1472 αἰνέσει,
2653 1410 2728 1474 ὡς
2754 1411 2901 1464 ἔστιν
2928 1432 2941 1476 ;
2968 1415 3175 1480 υύδείς.
3199 1418 3262 1469 Τί
3287 1419 3422 1480 ἐστι,
3442 1422 3604 1473 Κατὰ

2032 1495 2146 1565 τὴν
2163 1497 2554 1568 δικαιοσύνην
2576 1503 2760 1557 αὐτοῦ
2774 1522 2793 1569 ;
2809 1505 2952 1558 Ἀντὶ
2966 1505 3082 1570 τοῦ,
3097 1507 3188 1559 ἐπὶ
3203 1510 3268 1580 τῇ
3289 1508 3604 1584 δικαιοσύνῃ

2031 1588 2216 1642 αὐτοῦ.
2265 1591 2374 1643 Καὶ
2421 1591 2536 1662 ᾇσω
2575 1591 2652 1663 τῷ
2689 1595 2876 1664 Κυρίῳ
2919 1595 2996 1666 τῷ
3035 1596 3261 1669 ὐψίστιιι.
3289 1599 3464 1654 Αὐτοῦ
3494 1603 3604 1672 γάρ

2028 1681 2232 1737 ἐστιτὰ
2253 1685 2563 1756 νικητήρια,
2591 1685 2755 1740 αὐτοῦ
2773 1686 2840 1741 τὰ
2870 1688 3125 1759 τρόπαια,
3142 1691 3242 1744 οὐκ
3269 1693 3605 1762 ἐμά.,Καθά-

2031 1791 2134 1846 περ
2165 1777 2273 1847 γὰρ
2319 1777 2410 1828 ἐπὶ
2470 1777 2579 1831 τῶν
2636 1777 2907 1849 πολέμων,
2966 1779 3228 1850 βασιλέως
3261 1786 3602 1855 νικήσαντος,
3703 1789 3706 1802 ¹

2029 1868 2222 1939 χοροὺς
2254 1871 2545 1941 στήσαντες
2585 1871 2825 1942 ᾄδουσιν,
2856 1875 2936 1938 εἰς
2959 1875 3164 1928 ἐκεῖνον
3200 1877 3299 1940 τὰς
3328 1879 3605 1948 εὐφημίας

2030 1959 2392 2030 ἀναφέροντες
2417 1976 2430 1991 ·
2481 1961 2622 2015 οὕτω
2673 1962 2826 2032 κάγὼ
2855 1967 3084 2036 ποιήσω,
3137 1969 3289 2038 φησί.
3319 1971 3418 2023 Διὰ
3449 1971 3608 2025 τοῦτο

2029 2051 2129 2104 οὐκ
2167 2046 2836 2124 εἷπεν,Ἐξομολογοῦμαι,
2880 2056 2992 2109 ἀλλ’
3040 2057 3604 2131 Ἐξομολογήσομαι.

2029 2141 2228 2212 δηλῶν,
2263 2145 2345 2197 ὄτι
2371 2143 2492 2198 οὐδέ
2519 2148 2659 2215 μετὰ
2692 2147 2751 2199 τὸ
2783 2151 2963 2218 τυχεῖν
2999 2148 3106 2201 τῶν
3137 2151 3356 2218 ἀγαθῶν
3383 2153 3605 2208 ἐπιλαν-

2032 2229 2268 2297 θάνεται,
2303 2231 2420 2305 [75]
2443 2233 2561 2288 οὐδὲ
2603 2236 2812 2302 γίνεται
2845 2237 3233 2311 ρᾳθυμότερος,
3269 2241 3406 2296 ἀλλά
3447 2245 3607 2316 νήφει

2030 2323 2126 2374 καὶ
2166 2323 2464 2396 ἐγρήγορεν
2483 2341 2498 2356 °
2527 2327 2628 2381 οὐκ
2657 2329 2842 2400 ἐπειδὴ
2867 2332 2895 2383 6
2916 2331 3048 2395 Θεὸς
3065 2332 3254 2386 τούτου
3279 2335 3468 2399 δεῖται,
3490 2337 3604 2392 ἀλλ’

2031 2415 2216 2488 ἐπειδὴ
2249 2418 2377 2486 ἡμῖν
2404 2417 2562 2472 τοῦτο
2601 2421 2870 2493 χρήσιμον
2913 2425 3008 2478 καὶ
3045 2425 3351 2498 κερδαλέον.
3395 2429 3605 2502 Ὥσπερ

2031 2505 2139 2577 γὰρ
2161 2506 2349 2573 θυσίας
2380 2509 2590 2577 ἔλαϐεν,
2626 2515 2748 2586 οὐχί⁹
2789 2515 3042 2588 δεόμενος
3070 2517 3269 2574 θυσιῶν
3300 2521 3472 2591 (Ἐὰν
3497 2524 3606 2594 γὰρ

2032 2599 2318 2668 πεινάσω,
2341 2603 2524 2674 φησὶν,
2550 2607 2623 2659 οὐ
2653 2607 2736 2675 μή
2769 2624 2867 2662 σοι
2896 2609 3085 2680 εἴπω),
3111 2611 3225 2665 ἀλλ’
3247 2611 3456 2682 ἐνάγων
3481 2616 3606 2679 τοὺς

2033 2690 2350 2764 ἀνθρώπους
2367 2696 2444 2758 εἰς
2472 2695 2570 2767 τὴν
2598 2699 2760 2752 αὐτοῦ
2791 2701 2976 2770 τιμὴν,
3000 2700 3143 2755 οὕτω
3177 2705 3269 2756 καί
3293 2704 3495 2774 ὕμνους
3516 2706 3605 2759 δέ-

2033 2801 2205 2855 χεται,
2235 2787 2297 2840 οὐ
2362 2787 2613 2858 δεόμενος
2656 2792 2754 2860 τῆς
2796 2794 2928 2862 παρ’
2973 2793 3130 2864 ἡμῶν
3164 2795 3456 2866 εὐφημίας,
3491 2798 3604 2850 ἀλλ’

2033 2877 2315 2951 ἐπιθυμῶν
2356 2883 2456 2952 τῆς
2497 2881 2652 2952 ημῶν
2686 2883 2977 2954 σωτηρίας.
3019 2885 3137 2957 Θεῷ
3170 2885 3274 2958 γὰρ
3307 2890 3606 2959 περισπού-

2031 2969 2226 3026 δαστον
2261 2972 2420 3044 ἡμῶν
2447 2973 2687 3039 ἐπίδοσις
2717 2975 2750 3047 ἡ
2773 2976 2892 3030 κατ’
2914 2975 3133 3048 ἀρετήν.

2103 3152 2266 3208 Οὐδέν
2289 3152 2346 3207 δέ
2376 3152 2548 3218 οὕτως
2594 3153 2882 3209 ἐπιδιδόναι
2909 3156 3051 3209 ποιεῖ
3080 3155 3159 3219 είς
3181 3155 3400 3227 ἀρετὴν,
3432 3156 3508 3222 ὡς
3545 3159 3606 3210 τὺ

2032 3245 2270 3316 συνεχῶς
2291 3245 2496 3316 ὁμιλεῖν
2527 3244 2668 3317 Θεῷ,
2711 3247 2804 3300 καὶ
2834 3247 3096 3319 διηνεκῶς
3144 3249 3486 3320 εὐχαριστεῖν
3512 3252 3605 3304 καὶ

2030 3335 2252 3405 ψάλλειν
2275 3336 2354 3408 τῷ
2403 3336 2549 3408 Θεῷ·
2571 3337 2762 3407 ψάλλει
2798 3338 2856 3392 δὲ
2883 3338 2963 3411 τῷ
2993 3339 3131 3410 Θεῷ,
3172 3340 3606 3411 ἐκπληττόμενος

2031 3429 2195 3484 αὐτοῦ
2216 3430 2312 3502 τὴν
2338 3429 2752 3502 δικαιοκρισίαν,
2782 3431 2882 3503 τὴν
2909 3431 3314 3503 μακροθυμίαν.
3344 3433 3454 3487 Καὶ
3477 3433 3602 3495 ποῦ,

2031 3522 2214 3591 φησὶν,
2246 3523 2300 3593 Li]
2345 3521 2714 3592 μακροθυμία,
2754 3522 3126 3594 ἀναιρεθέντος
3166 3521 3260 3576 τοῦ
3294 3522 3559 3592 τυράννου
3588 3540 3602 3588 ;

2029 3613 2206 3686 Πολλὴ
2257 3613 2357 3685 μὲν
2405 3609 2498 3668 οὖν
2523 3615 2616 3668 καὶ
2645 3613 2876 3686 μεγάλη.
2918 3613 3173 3686 Καῖ·γάρ
3201 3614 3413 3684 ἀφῆκεν
3444 3615 3604 3668 αὐτὸν

2029 3706 2200 3760 πολὺν
2257 3706 2469 3778 χρόνον,
2523 3705 2663 3760 ὥστε
2724 3706 2805 3770 εἰς
2857 3705 3140 3776 μετάνοιαν
3165 3704 3498 3772 ἐλθεῖνῐκαὶ
3528 3703 3606 3770 ,τά

2032 3799 2277 3868 βασίλεια
2321 3801 2612 3869 κατασχεῖν
2653 3798 2872 3863 ἔδωκεν,
2908 3799 2994 3852 ἵνα
3027 3796 3116 3868 τὴν
3144 3795 3317 3851 οἰκίαν
3348 3795 3492 3857 ἰδὼν,
3524 3798 3604 3859 είς

2029 3889 2096 3959 ἣν
2119 3887 2330 3959 ηὐξήθη
2355 3889 2449 3942 καὶ
2473 3889 2703 3960 ἐτράφη,
2741 3889 2834 3942 καὶ
2859 3887 2928 3941 τά
2959 3887 3054 3941 τοῦ
3090 3886 3298 3958 πατρὸς
3333 3884 3599 3957 σύμϐολα,

2028 3983 2108 4044 είς
2144 3981 2428 4052 μετάνοιαν
2451 3980 2594 4052 ἔλθῃ.
2626 3983 2689 4034 Εἰ
2712 3980 2818 4051 γὰρ
2852 3981 2926 4052 μὴ
2961 3981 3146 4051 θηρίον
3165 3976 3254 4053 ἦν,
3289 3977 3603 4046 καίλιθίνην

2028 4069 2139 4144 εἶχε
2161 4073 2360 4144 ψυχὴν,
2393 4072 2552 4124 ἰκανά
2580 4073 2755 4124 πάντα
2783 4073 2967 4123 ἐκεῖνα
3011 4071 3170 4124 αὐτὸν
3195 4072 3492 4139 ἐπαγαγεῖν
3513 4086 3526 4097 .
3567 4070 3601 4138 ἡ

2025 4163 2292 4234 τράπεζα,
2339 4160 2462 4214 καθ’
2507 4163 2572 4232 ἣν
2606 4159 2879 4212 ἐκοινώνει
2923 4157 3000 4229 τῷ
3039 4159 3226 4229 πατρὶ,
3257 4161 3284 4212 6
3315 4155 3483 4222 οἶκος,
3533 4158 3603 4212 τά

2031 4252 2302 4324 συνέδρια,
2331 4250 2460 4305 ἔνθα
2493 4253 2542 4306 οἱ
2580 4251 2726 4319 λόγοι
2753 4249 2914 4304 αὐτὸν
2935 4248 3273 4321 κατήλλαξαν
3306 4249 3464 4317 φόνον
3491 4264 3603 4301 τοι-

2027 4346 2180 4400 οῦτον
2215 4344 2586 4418 πεποιηκότα’
2622 4341 2760 4414 μετά
2791 4341 2996 4396 τούτων
3025 4341 3116 4395 καὶ
3151 4341 3313 4412 ἐτερα
3346 4335 3414 4411 ἦν
3437 4339 3596 4393 ἰκανά

2025 4439 2188 4493 αὐτὸν
2213 4438 2465 4510 μαλάξαι.
2484 4436 2594 4491 Καὶ
2615 4436 2723 4506 γάρ
2742 4436 2972 4507 ἧκουσεν
2999 4435 3084 4488 ὅτι
3122 4433 3298 4503 φυγὰς
3329 4433 3424 4487 καὶ
3459 4431 3594 4500 ἀλή-
3708 4438 3712 4443 “

2024 4551 2123 4602 της
2167 4534 2514 4605 περιήρχετο,
2549 4530 2632 4585 ὅτι
2657 4529 2727 4582 τὰ
2755 4528 2958 4598 ἐσχατα
2994 4527 3197 4597 ἔπασχε
3243 4525 3410 4580 δεινά.
3444 4525 3507 4579 Ei
3538 4524 3598 4577 δέ

2029 4627 2102 4698 μὴ
2155 4625 2329 4680 ταῦτα
2372 4624 2694 4695 ἐμάλαττεν,
2743 4621 2850 4674 ἔδει
2887 4620 3048 4674 αὐτὸν
3091 4621 3160 4675 τὰ
3183 4619 3276 4674 τοῦ
3321 4617 3600 4691 ’Δχιτόφελ
3651 4675 3653 4678 ς

2028 4720 2374 4790 σωφρονίσαι,
2415 4716 2514 4789 τὴν
2563 4717 2818 4788 ἀγχόνην,
2851 4717 2942 4768 τὸν
2991 4714 3218 4769 θάνατον
3260 4725 3308 4778 ο,
3349 4711 3487 4768 ὥστε.
3512 4709 3601 4765 διὰ

2027 4811 2243 4866 πάντων
2294 4810 2467 4864 ἐλθεῖν
2506 4811 2585 4874 είς
2615 4809 2920 4880 μετάνοιαν.
2958 4805 3093 4859 Οὐδὲ
3128 4805 3240 4876 γὰρ
3267 4804 3501 4876 ἠγνόησε
3529 4802 3598 4856 τὰ

2025 4905 2118 4958 τοῦ
2150 4905 2324 4973 φίλου.
2362 4903 2426 4956 Τί
2451 4903 2506 4956 δέ
2531 4903 2623 4956 καὶ
2660 4901 2798 4972 ἔχων
2838 4902 3089 4969 ἐγκαλεῖν
3115 4899 3192 4971 τῷ
3212 4901 3396 4972 πατρὶ,
3424 4899 3600 4952 ταῦτα

2025 4997 2232 5062 ἐποίει;
2266 4997 2386 5050 Ὅτι
2437 4995 2496 5060 ἐξ
2541 4995 2717 5064 ὅψεως
2742 4993 2903 5048 αὐτὸν
2937 4993 3274 5063 πεποίηκεν;
3320 4989 3459 5044 Ἀλλ’
3489 4989 3595 5042 ἐδει

2024 5089 2113 5142 διὰ
2133 5087 2290 5140 τοῦτο
2317 5086 2409 5138 καὶ
2442 5086 2719 5156 θαυμάσαι
2780 5086 2869 5140 καὶ
2897 5084 3283 5149 ἀποδέξασθαι,
3325 5083 3407 5135 ὅτι
3440 5079 3595 5134 ἀδελ-

2024 5179 2281 5246 φοκτόνον
2296 5179 2586 5249 γενόμενον
2612 5181 2832 5252 ἡμέρως
2851 5181 3099 5252 ἦνεγκεν.
3127 5176 3265 5229 Ἀλλ’
3290 5173 3440 5227 οὐδὲν
3457 5171 3596 5242 ἔχων

2023 5272 2294 5339 ἐγκαλεῖν,
2356 5271 2470 5325 ἀλλ’
2512 5272 2775 5342 ἐπιθυμίᾳ
2813 5271 2975 5330 ἀλοὺς
3022 5266 3255 5336 ἀκαίρῳ,
3293 5263 3387 5318 καὶ
3422 5260 3596 5316 ταῦτα

2023 5364 2207 5418 λοιπὸν
2268 5365 2521 5434 γέροντος
2563 5364 2714 5428 ὄντος
2758 5362 2852 5416 τοῦ
2887 5359 3113 5430 πατρὸς,
3159 5357 3254 5411 καὶ
3283 5355 3374 5409 ἐπὶ
3402 5353 3593 5426 θύραις

2023 5455 2120 5526 τῆς
2165 5454 2488 5526 προσδοκίας
2515 5453 2701 5524 οὔσης,
2735 5452 2836 5506 οὐκ
2869 5450 3155 5522 ἀνέμεινεν
3179 5447 3300 5502 οὐδέ
3341 5446 3593 5520 σμικρόν.

2085 5663 2106 5693 ⁸
2135 5659 2216 5724 Sic
2236 5671 2360 5706 unus
2381 5657 2533 5724 codex
2559 5660 2712 5705 recte.
2742 5656 2838 5706 Alii
2871 5667 3040 5724 οιιιιιθε
3059 5655 3091 5710 ἡ
3111 5652 3312 5724 ᾀγχὸνη,
3337 5653 3364 5699 ὁ
3383 5651 3596 5724 θάνατος.

2026 5722 2125 5774 Sed
2146 5723 2224 5773 hic
2248 5723 2480 5772 accusaui
2495 5734 2548 5770 us
2570 5732 2765 5776 prorsus
2786 5719 3069 5782 requiritur,
3085 5715 3308 5766 ul'nemo
3327 5726 3422 5763 non
3445 5715 3580 5763 vidui.
