4112 6214
477 221 582 282 105

464 341 739 416 cogitavit,
767 357 828 399 se
846 339 1055 398 etiamsi
1077 337 1311 405 vicisset,
1336 336 1686 391 miserrimam
1713 335 1950 389 omnium
1974 333 2052 387 vi-

464 450 574 495 tam
607 434 772 491 fuisse
800 444 1064 498 acturum,
1088 446 1208 486 cum
1231 437 1373 485 esset
1393 426 1700 492 sceleratus,
1722 423 2048 492 immundus,

457 534 513 582 et
544 525 903 582 exsecrandus
923 524 1085 580 etiam
1109 537 1137 576 a
1165 531 1364 592 11⁵0ρὲὈο
1381 520 1408 574 ‘t

542 616 630 672 {6.
660 615 762 672 Ubi
785 629 927 670 nunc
944 621 1068 669 sunt
1097 612 1186 684 qui
1212 617 1570 682 paupertatem
1591 606 1914 679 deplorant?
1936 605 2050 675 Qua

467 723 574 763 non
601 715 933 779 paupertate,
954 721 1059 776 quo
1080 721 1183 760 non
1210 703 1417 769 morbo,
1440 718 1546 774 quo
1579 717 1686 757 non
1715 701 1901 757 dolore
1929 708 2052 754 sunt

468 799 585 855 haec
625 801 780 869 longe
807 798 1095 870 graviora?
1131 797 1268 851 Nihil
1301 797 1404 851 tale
1427 795 1561 850 dixit
1587 793 1730 866 apud
1768 809 1848 857 se,
1879 807 2053 862 neque

469 891 776 962 indignatus
800 899 900 958 est,
929 905 1027 945 nec
1048 890 1364 944 lamentatus
1397 895 1480 944 est
1518 887 1740 942 dicens:
1771 885 2051 955 Egregiam

467 983 782 1039 veroreiero
800 981 1117 1046 mercedem,
1136 981 1223 1051 qui
1251 981 1302 1034 in
1325 979 1440 1050 ejus
1457 978 1572 1048 lege
1591 976 1678 1032 die
1697 986 1751 1032 et
1779 985 1934 1029 nocte
1951 989 2056 1028 me-

467 1073 611 1129 ditor
635 1091 650 1128 :
678 1073 767 1144 qui
793 1087 910 1128 cum
950 1073 1000 1126 in
1029 1081 1171 1127 tanta
1202 1085 1376 1126 essem
1402 1070 1738 1133 auctoritate,
1771 1081 1911 1121 nunc
1935 1081 2054 1120 sum

469 1164 708 1219 omnium
737 1164 1157 1234 abiectissimus;
1183 1163 1270 1232 qui
1300 1160 1517 1231 peperci
1544 1159 1790 1224 inimicis,
1819 1157 1872 1212 in
1903 1166 2054 1228 petu-

473 1258 632 1314 lantis
677 1258 764 1313 lilii
809 1273 923 1313 sum
955 1273 1146 1312 manus
1172 1256 1418 1310 traditus.
1447 1253 1591 1308 Nihil
1616 1255 1721 1309 tale
1762 1251 1927 1318 dixit,
1955 1265 2054 1306 nec

470 1351 737 1422 cogitavit,
768 1350 862 1406 sed
899 1351 1076 1404 omnia
1119 1347 1346 1417 sapienti
1373 1354 1428 1400 et
1457 1344 1577 1400 forti
1607 1345 1782 1399 animo
1811 1343 2049 1399 ferebat:

471 1443 524 1498 in
557 1443 618 1497 iis
642 1457 758 1512 qua:
786 1441 1004 1506 fiebant,
1039 1455 1200 1494 unam
1227 1437 1432 1493 habens
1452 1437 1885 1500 consolationem,
1909 1433 2049 1506 quod

473 1536 581 1592 Deo
611 1535 725 1590 inec
753 1535 956 1589 sciente
987 1532 1195 1586 tierent.
1227 1528 1678 1597 Quemadmodum
1704 1537 1810 1582 tres
1841 1541 2052 1598 quoque

469 1625 620 1694 pueri
647 1625 894 1681 dicebant
921 1640 935 1678 :
971 1624 1067 1678 Sin
1099 1623 1279 1687 minus,
1319 1631 1489 1676 notum
1524 1625 1588 1677 sit
1614 1620 1734 1686 tibi,
1765 1635 1881 1682 rex,
1915 1619 2050 1688 quod

467 1717 586 1772 deos
606 1727 719 1772 tuos
743 1735 842 1772 non
872 1718 1113 1782 colimus,
1141 1725 1187 1771 et
1221 1725 1436 1770 statuam
1463 1726 1600 1770 tuam
1629 1729 1833 1768 aureant
1851 1755 1865 1777 ,
1894 1728 2048 1782 quam

458 1810 700 1876 statuisti,
731 1827 829 1863 non
853 1809 1124 1862 adoramus
1142 1805 1302 1879 (Dan.
1329 1807 1488 1878 5.18)
1513 1826 1525 1861 :
1555 1807 1597 1860 si
1624 1805 1742 1876 qui-3
1763 1816 1938 1858 autem
1968 1801 2046 1857 cis

458 1901 680 1955 dixisset
712 1918 726 1954 :
753 1900 935 1970 Ecqua
963 1901 1175 1956 tandem
1208 1915 1301 1968 δρα
1327 1909 1549 1953 mortem
1583 1896 1778 1951 obitis?
1801 1894 1924 1964 quid
1953 1909 2045 1948 ex-

457 2001 760 2062 spectantes
781 2035 797 2055 ,
821 1993 946 2064 quid
979 2009 1107 2047 vero
1146 2002 1423 2062 sperantes
1465 1999 1583 2060 post
1633 1999 1857 2042 mortem
1879 2029 1892 2052 ,
1929 1994 2047 2056 post

457 2085 632 2154 ignem
658 2087 678 2155 (
703 2082 780 2158 [a]
819 2085 1228 2140 resurrectionis
1269 2084 1410 2138 cnim
1447 2081 1680 2136 nondum
1718 2090 1830 2134 erat
1857 2093 2042 2146 exslve-

456 2177 619 2233 ctatio
643 2176 705 2248 )?
747 2176 1036 2232 audivisset
1067 2194 1079 2230 :
1113 2176 1239 2231 Haec
1271 2185 1350 2229 est
1383 2177 1607 2228 maxima
1650 2173 2004 2227 rentnnemtio
2025 2213 2038 2232 ,

457 2270 592 2322 mori
622 2277 836 2338 pr0ptcr
858 2268 1028 2323 Deum
1059 2285 1072 2322 :
1107 2268 1174 2320 ita
1213 2267 1298 2322 hic
1336 2268 1494 2322 etiam
1528 2265 1814 2318 maximum
1855 2262 2038 2317 existi-

457 2358 635 2412 tnaltat
667 2357 912 2412 solatium
934 2398 949 2424 ,
985 2358 1148 2411 Deum
1178 2359 1290 2412 haec
1318 2358 1571 2411 scientem
1600 2373 1702 2409 non
1733 2354 2034 2425 prohibere.

462 2450 682 2501 Amator
703 2447 841 2502 enim
864 2447 949 2502 vel
979 2449 1172 2501 millies
1201 2464 1294 2516 pro
1317 2449 1484 2500 amica
1516 2455 1832 2509 moreretur,
1856 2461 2042 2514 quam-
2103 2465 2110 2470 ο

461 2541 542 2590 Vis
568 2545 686 2606 post
706 2545 932 2590 mortem
959 2537 1089 2590 nihil
1116 2539 1182 2590 ah
1203 2552 1264 2590 ea
1287 2545 1634 2605 exspectaret.
1657 2535 1730 2587 lta
1759 2535 1915 2588 etiam
1945 2548 2042 2587 nos

461 2637 671 2698 oportet
701 2643 804 2681 non
837 2636 1052 2698 propter
1095 2629 1240 2696 regni
1268 2627 1715 2695 exspectationem
1737 2667 1750 2685 .
1780 2641 1875 2679 nec
1916 2640 2040 2695 pro-

460 2729 579 2790 pter
605 2720 832 2788 aliquam
861 2733 1010 2789 Spelit
1047 2718 1344 2774 futurorum
1383 2719 1665 2780 bonorum,
1695 2717 1786 2772 sed
1832 2728 2045 2787 propter

457 2812 628 2881 ipsum
655 2811 815 2864 Deum
841 2812 1017 2865 omnia
1041 2810 1166 2878 pati.
1193 2809 1296 2865 Sed
1323 2819 1440 2863 sunt
1468 2811 1615 2864 multi
1641 2811 1773 2865 adeo
1801 2811 1970 2880 ignavi
1989 2819 2043 2867 et

454 2901 648 2970 supini,
669 2907 723 2953 ut
747 2915 815 2954 ne
839 2915 960 2954 cum
984 2899 1230 2955 mercede
1253 2900 1466 2970 quidem
1495 2901 1739 2956 virtutem
1769 2910 2039 2970 expetant.

455 2990 520 3044 Et
551 2990 687 3044 Deus
713 2989 950 3059 quidem,
981 2988 1069 3058 qui
1101 3005 1318 3059 regnum
1348 2990 1622 3059 promittit,
1654 3006 1757 3045 non
1784 2992 2035 3048 auditur:

452 3079 540 3150 qui
577 3079 874 3147 gehennam
901 3085 1077 3133 autem
1107 3089 1355 3148 procurat
1375 3079 1618 3136 diabolus
1647 3090 1874 3136 amatur.
1898 3081 2037 3149 Qttid

451 3169 553 3225 hac
593 3178 676 3225 est
713 3169 916 3223 insania
950 3170 1208 3239 gravius?
1234 3169 1371 3238 Quid
1409 3181 1584 3224 autem
1612 3171 1717 3226 dixi
1751 3185 2035 3240 procurare

450 3263 784 3334 gehennam?
807 3261 977 3316 Etiam
1005 3271 1126 3317 ante
1146 3261 1443 3333 gehennam
1476 3263 1561 3317 hic
1585 3263 1847 3330 dolorem,
1869 3265 2031 3318 risum

450 3366 505 3413 et
530 3356 890 3428 ignominiam,
919 3365 973 3411 et
999 3357 1274 3411 innumera
1301 3356 1569 3412 adducens
1596 3357 1870 3426 Supplicia,
1899 3357 2036 3410 mulo

449 3459 533 3505 tos
563 3450 740 3515 habet,
773 3449 859 3519 qui
902 3448 969 3502 ad
1023 3449 1194 3518 ipsum
1239 3457 1544 3504 accurrunt.
1572 3449 1861 3504 Considera
1897 3463 2030 3518 quo-

446 3540 606 3598 modo
627 3540 833 3594 adulter
851 3541 934 3594 vel
963 3549 1084 3594 ante
1101 3541 1396 3610 gehennam
1424 3549 1507 3596 est
1531 3540 1767 3595 omnium
1795 3541 2034 3596 miserri-

447 3647 586 3699 mus,
609 3633 784 3686 omnia
813 3633 1088 3701 suspicans
1111 3633 1192 3687 vel
1222 3632 1288 3687 ad
1321 3633 1559 3687 umbram
1590 3635 2026 3700 contremiscens,

446 3723 512 3778 ad
544 3724 742 3778 nullum
775 3721 958 3777 liberis
986 3723 1276 3794 respiciens
1303 3725 1500 3790 oculis,
1528 3723 1621 3778 sed
1649 3738 1835 3779 omnes
1861 3726 2029 3794 perti-

446 3828 710 3878 mescens,
737 3821 791 3868 et
812 3812 901 3882 qui
931 3812 1104 3867 sciunt
1126 3821 1178 3868 et
1205 3813 1297 3884 qui
1341 3815 1607 3880 nesciunt,
1636 3824 1818 3869 acutos
1843 3815 2028 3871 videns

445 3904 669 3975 gladios,
698 3911 900 3958 mortes
927 3902 1316 3974 impendentes,
1344 3904 1556 3959 lictores
1584 3905 1624 3970 ⁸,
1644 3904 1860 3972 judicia.
1889 3906 2026 3974 Quid

447 3997 551 4053 tale
579 3995 738 4052 habet
762 3996 1133 4066 temperantia,
1157 3996 1255 4051 eisi
1280 3995 1486 4052 labores
1505 3996 1692 4052 habeat
1721 3998 2027 4053 innumera-

447 4085 617 4142 biles?
636 4085 822 4143 Nonne
838 4101 1052 4157 semper
1071 4087 1122 4141 in
1148 4089 1418 4156 voluptate
1437 4097 1514 4142 est
1535 4089 1812 4143 continens
1835 4090 2028 4156 homo;

446 4179 497 4234 in
519 4177 701 4233 dolore
721 4187 898 4234 autem
923 4193 1136 4249 semper
1155 4187 1236 4234 est
1257 4179 1484 4244 adulter,
1507 4189 1667 4248 atque
1689 4180 1740 4233 in
1763 4181 2030 4237 tenebris?

446 4269 520 4324 Ita
561 4269 719 4325 etiam
762 4270 944 4326 videre
972 4285 1254 4340 possumus
1285 4271 1334 4326 in
1371 4270 1510 4336 aliis,
1537 4271 1624 4340 qui
1653 4269 1936 4326 vincuntur
1962 4272 2032 4327 ab

444 4361 544 4426 ira,
565 4370 620 4416 et
643 4361 730 4432 qui
754 4362 886 4418 iram
913 4363 1162 4429 vincunt;
1186 4363 1239 4417 in
1259 4363 1321 4418 iis
1345 4363 1434 4434 qui
1457 4362 1687 4432 rapiunt,
1710 4363 1832 4417 etin
1859 4364 1920 4419 iis
1940 4365 2029 4434 qui

442 4465 538 4506 sua
562 4461 778 4522 propter
804 4452 968 4508 Deum
994 4453 1212 4520 donant,
1245 4454 1327 4509 vel
1356 4462 1412 4508 ut
1444 4455 1622 4509 verius
1664 4455 1872 4518 dicam,
1904 4471 2027 4525 pro-

444 4542 692 4598 fundunt.
712 4543 775 4598 lli
799 4543 940 4599 enim
970 4543 1159 4600 sedent
1181 4543 1233 4599 in
1261 4555 1436 4614 portu,
1461 4546 1535 4601 illi
1566 4561 1697 4602 vero
1720 4547 1770 4600 itt
1794 4563 2030 4617 praesen-

400 4683 405 4687 .
442 4634 575 4688 tittm
605 4633 862 4690 malorum
906 4636 1145 4706 euripum
1185 4637 1404 4703 detrusi,
1433 4638 1669 4707 quotidie
1697 4639 2026 4696 circumcur-

441 4733 583 4784 sant.
631 4726 831 4782 Prmter
873 4726 986 4782 inec
1029 4738 1239 4794 autem,
1280 4728 1492 4798 quando
1529 4730 1617 4800 qui
1664 4737 1746 4786 est
1797 4733 2027 4790 maxime

440 4831 656 4882 avarus,
679 4833 738 4874 se
757 4818 865 4889 jam
888 4819 1079 4875 viderit
1102 4833 1222 4875 esse
1244 4828 1507 4889 provecta:
1527 4821 1718 4885 astatis,
1735 4833 1910 4893 neque
1933 4839 2026 4879 ους

444 4909 676 4980 pidinetn
720 4924 870 4964 suam
917 4911 1014 4965 sibi
1041 4911 1152 4980 jam
1179 4910 1424 4966 sufficere
1458 4910 1524 4967 ad
1556 4911 1859 4978 fruendum,
1885 4929 2025 4970 uxor-

441 5011 548 5058 tem
580 5003 772 5058 timens
823 5004 1222 5068 imminentem,
1254 5004 1531 5060 considera
1565 5013 1757 5076 quanta
1807 5006 2020 5076 patitur.

444 5097 514 5149 At
551 5109 656 5150 non
686 5098 774 5166 qui
802 5107 882 5154 est
912 5097 1106 5154 virtute
1137 5101 1428 5169 praeditus;
1461 5101 1554 5156 sed
1586 5111 1711 5157 tunc
1751 5102 1946 5172 gaudet
1973 5111 2030 5158 et.

442 5185 740 5243 oblectatur
763 5203 882 5244 cum
909 5190 974 5246 ad
996 5191 1326 5250 senectutem
1357 5193 1679 5264 pervenerit,
1703 5209 1823 5247 cum
1845 5193 1894 5249 ei
1921 5208 2026 5249 non

436 5339 666 5450 “(gres
688 5346 795 5390 Mss.
822 5347 874 5392 et
895 5341 1057 5404 Savil.,
1082 5349 1245 5396 acutos
1283 5345 1447 5398 videns
1488 5343 1694 5411 gladios,
1721 5343 1912 5397 lictores
1933 5345 2028 5398 mi-

493 5481 574 5563 :(Aa)
751 5485 831 5536 hic
854 5487 920 5563 ait
944 5487 1304 5563 chrysostomus
1346 5491 1740 5563 resurrectionis
1767 5503 1906 5563 spem
1930 5505 2027 5563 non

613 5541 838 5616 tempore
878 5546 1006 5616 legis
1031 5541 1244 5616 ieteris,
1266 5552 1354 5601 hoc
1379 5554 1532 5616 ipsum
1558 5541 1607 5604 et
1629 5541 1740 5603 alini
1767 5541 1934 5603 dicere
1959 5555 2028 5603 vi-

437 5605 596 5678 detur.
757 5605 984 5678 veroilla
1003 5623 1150 5658 unum
1175 5607 1264 5660 sub
1282 5605 1528 5677 aSpe'ctutu
1560 5619 1668 5666 alibi
1691 5617 2026 5678 subjiciuntur,

439 5669 518 5718 Ubi
536 5669 597 5719 de
621 5670 834 5721 doctrina
859 5674 1194 5731 t‘ltz‘ysostmm.

1577 217 1936 276 EXPOSITIO
1971 218 2037 272 LV
2077 215 2402 274 PSALMUM
2440 215 2571 272 Vm.

3649 230 3667 278 i
3681 229 3744 282 τις

2160 341 2385 402 pereat,
2438 333 2537 388 sed
2579 333 2754 403 potius
2791 335 3058 406 germinet
3103 347 3156 394 et
3205 338 3500 397 eﬂiorcscat
3548 343 3745 402 trultlo.

2159 423 2425 479 Adulteris
2451 425 2628 496 itaque
2651 467 2664 493 ,
2691 426 3141 485 incontinentibus
3161 473 3175 497 ,
3202 433 3376 490 avaris
3404 446 3455 491 et
3485 436 3746 492 helluoni-

2156 515 2252 571 bus
2270 525 2516 573 senectus
2535 517 2710 584 ati'ert,
2737 528 2791 575 ut
2821 521 2888 576 ab
2911 522 3013 577 illis
3032 522 3268 582 fruendis
3293 509 3567 598 excidant;
3593 531 3742 588 bouis

2155 616 2331 662 autem
2363 609 2618 677 majorem
2649 619 2758 666 tum
2789 611 2998 669 fruendi
3026 613 3349 675 facultatem.

2225 699 2493 754 Conclusio
2513 704 2907 771 parenetica.—
2933 707 3106 775 Quare
3128 719 3252 767 ante
3278 711 3577 782 gehennam
3606 716 3738 786 ejus-

2155 805 2260 860 que
2287 793 2530 847 miserias
2555 835 2569 858 ,
2602 793 2704 849 hoc
2732 796 2796 851 ad
2823 808 3054 854 mentem
3083 803 3420 859 cruciandam
3451 804 3738 868 suffecerit.

2158 880 2282 937 llaec
2308 898 2436 954 ergo
2456 885 2769 955 cogitantes,
2803 887 3060 958 fugiamus
3088 894 3270 950 vitium
3295 937 3310 961 ,
3340 905 3606 953 sectemur
3634 901 3739 954 vir-

2161 981 2346 1038 tutem,
2372 975 2536 1029 Deum
2562 991 2823 1042 amemus,
2848 995 2950 1035 non
2981 994 3195 1054 propter
3223 1002 3282 1040 ea
3314 1004 3431 1058 qua:
3456 1000 3578 1045 sunt
3602 991 3738 1061 ejus.

2159 1063 2255 1116 sed
2301 1075 2517 1134 propter
2557 1068 2750 1137 ipsum.
2787 1070 2858 1123 ita
2887 1073 3026 1126 enim
3058 1075 3107 1128 in
3142 1080 3385 1146 pncsenti
3417 1081 3519 1136 vita
3560 1084 3737 1155 ingrc-

2159 1153 2368 1210 dicmur
2394 1158 2552 1224 viam,
2581 1175 2700 1230 qua:
2721 1162 2863 1218 ducit
2889 1165 2956 1219 ad
2988 1167 3249 1233 virtutem,
3275 1187 3392 1240 qua:
3412 1182 3492 1228 est
3517 1153 3736 1246 angusta

2157 1245 2367 1314 quidem
2399 1257 2604 1313 natura,
2633 1253 2730 1307 sed
2764 1255 3019 1311 viatorum
3062 1259 3280 1315 arbitrio
3320 1263 3421 1318 lata
3453 1245 3691 1323 redditur
3725 1291 3734 1323 :

2155 1336 2220 1389 ad
2243 1335 2393 1406 cujus
2421 1338 2611 1412 fastigii
2639 1357 2892 1400 cacumen
2924 1348 3077 1404 nobis
3107 1351 3260 1406 detur
3290 1355 3584 1424 pervenire,
3615 1371 3737 1429 gra-

2158 1428 2227 1481 tia
2258 1440 2310 1482 et
2336 1431 2616 1487 clementia
2647 1435 2853 1492 Domini
2891 1442 3058 1496 nostri
3082 1441 3208 1499 Jesu
3229 1443 3446 1513 Christi,
3467 1450 3548 1504 cui
3575 1428 3738 1520 gloria

2155 1517 2206 1570 in
2235 1521 2424 1574 saecula
2449 1525 2786 1580 Str-culorum.
2819 1529 3013 1585 Amen.

2449 1703 2810 1764 EXPOSITIO
2851 1709 2914 1765 IN
2953 1711 3276 1772 PSALMUM
3317 1715 3450 1773 V’lll.

2154 1881 2202 1934 1.
2237 1881 2301 1935 In
2331 1883 2486 1951 ﬁnem
2520 1902 2626 1955 pro,
2663 1890 3018 1946 torcularibus.
3051 1894 3236 1960 Alius,
3269 1896 3598 1968 Triump/tale
3643 1921 3734 1970 pro

2224 1975 2575 2034 torcularibus.
2607 1982 2776 2050 Alius,
2811 1983 3041 2041 Victoriae
3068 1993 3284 2056 auctori,
3318 2010 3409 2060 pro
3443 1992 3729 2050 Geultitide.

2221 2068 2475 2127 l-lebrtens
2504 2084 2702 2140 autem,
2731 2075 3058 2146 Lamanasse,
3087 2083 3140 2135 al
3155 2083 3432 2155 lingat/till:
3459 2086 3553 2156 (α).

2145 2158 2199 2213 2.
2238 2159 2450 2216 Domine
2472 2204 2488 2229 ,
2523 2163 2767 2221 Dominus
2791 2180 2986 2236 noster,
3019 2189 3167 2242 quant
3202 2177 3499 2231 admirabile
3529 2190 3598 2232 est
3637 2197 3731 2234 no-

2219 2269 2326 2306 men
2357 2263 2496 2309 tuum
2521 2257 2573 2311 in
2603 2259 2834 2314 universa
2856 2265 3030 2318 terra!
3060 2266 3209 2322 Alius
3235 2310 3246 2333 ,
3283 2267 3446 2334 Quam
3490 2289 3727 2343 magnum

2214 2355 2286 2397 est
2314 2362 2492 2403 nomen
2530 2359 2669 2404 tuum
2693 2352 2715 2406 .'

2221 2522 2269 2574 Ι.
2313 2521 2368 2577 In
2393 2525 2567 2591 priore
2598 2527 2807 2584 Psalmo
2829 2529 3034 2584 dixerat
3061 2552 3073 2585 :
3102 2533 3388 2603 Cmtﬁtrlor
3410 2536 3629 2592 Domino
3651 2556 3722 2592 stt-

2147 2611 2366 2664 cundum
2389 2616 2640 2681 justitiam
2675 2621 2803 2688 ejus,
2835 2631 2883 2673 et
2931 2623 3146 2690 psallam
3189 2628 3377 2681 numini
3415 2627 3618 2683 Domini
3646 2633 3717 2686 at-

2148 2703 2326 2756 tissimi
2355 2705 2522 2773 (Psal.
2547 2707 2601 2763 7.
2635 2711 2722 2780 18)
2751 2728 2764 2764 :
2798 2712 2882 2766 hic
2911 2715 3094 2783 implet
3127 2719 3267 2787 quod
3310 2724 3646 2789 promiserat,
3678 2726 3720 2780 el

2149 2793 2402 2866 hymnum
2433 2797 2682 2854 offerens.
2716 2802 2780 2855 Et
2810 2801 2860 2856 in
2901 2804 2991 2858 illo
3027 2806 3239 2875 quidem
3267 2820 3389 2864 sunt
3417 2827 3478 2866 ea
3508 2830 3624 2883 qua:
3650 2815 3725 2869 di-

2144 2896 2358 2952 cuntur,
2385 2898 2649 2960 tamquam
2673 2907 2737 2946 ex
2776 2908 2878 2947 una
2909 2909 3154 2964 persona.
3189 2896 3405 2954 Domine
3423 2904 3565 2958 enim
3596 2903 3728 2959 Dem

2145 2995 2300 3044 meus,
2329 2983 2516 3051 inquit,
2549 2983 2600 3036 in
2631 2994 2678 3037 te
2703 2986 2920 3056 speravi,
2945 2987 3140 3042 salvum
3169 3007 3246 3044 me
3274 2995 3356 3062 [ac
3378 2992 3538 3062 (Ibid.
3570 3011 3616 3050 υ.
3645 2998 3722 3066 ‘2).

2142 3070 2237 3126 Hic
2279 3080 2458 3127 autem
2488 3083 2752 3144 tamquam
2788 3094 2851 3132 ex
2884 3095 3104 3148 persona
3133 3082 3440 3139 multorum.
3473 3085 3683 3141 Domine
3709 3132 3723 3152 ,

2141 3163 2340 3235 inquit,
2383 3165 2635 3223 Dominus
2678 3179 2860 3232 noster,
2891 3189 3043 3242 quant
3085 3175 3386 3232 admirabile
3434 3191 3507 3234 est
3547 3197 3723 3235 nomen

2141 3260 2320 3313 tuum!
2343 3259 2449 3315 Sed
2481 3260 2714 3330 prmbete
2743 3262 3054 3330 silentium,
3093 3275 3146 3321 et
3188 3277 3389 3324 attente
3438 3271 3634 3329 audite.
3669 3274 3720 3327 Si

2137 3349 2277 3403 enim
2302 3365 2420 3430 cum
2445 3351 2498 3406 in
2523 3353 2730 3407 theatro
2757 3356 2903 3408 chori
2932 3367 3127 3411 canunt
3149 3360 3390 3426 satanici,
3411 3376 3615 3417 summa
3644 3379 3722 3418 est

2137 3440 2308 3511 quies,
2326 3453 2376 3496 et
2405 3444 2690 3498 maximum
2719 3444 3013 3513 silentium,
3035 3457 3090 3502 ut
3109 3451 3402 3517 perniciosa
3429 3453 3721 3522 percipian-

2139 3540 2222 3586 tur
2249 3532 2333 3586 illa
2364 3535 2569 3588 cantica
2605 3552 2618 3588 :
2651 3535 2806 3606 idque
2853 3553 2974 3592 cum
3005 3553 3070 3593 cx
3099 3541 3274 3596 mimis
3305 3553 3357 3598 et
3382 3544 3722 3600 saltatorihus

2135 3621 2394 3679 conﬂatus
2417 3624 2486 3679 sit
2505 3624 2720 3693 chorus,
2740 3626 2992 3698 profanus
3012 3640 3186 3686 autem
3214 3633 3423 3702 quidam
3443 3635 3580 3705 apud
3606 3637 3722 3690 illos

2134 3713 2460 3770 cithartedus
2480 3715 2703 3772 chorum
2729 3718 2906 3786 ducat,
2938 3720 3065 3776 dum
3093 3737 3308 3778 carmen
3336 3727 3628 3781 satanicum
3659 3745 3721 3784 ac

2135 3805 2489 3874 perniciosum
2534 3809 2852 3875 concinitur,
2893 3827 3000 3880 quo
3047 3813 3282 3868 nefarius
3321 3831 3384 3872 ac
3431 3818 3721 3874 sceleratus

2134 3895 2342 3950 daemon
2370 3896 2702 3952 celebratur:
2733 3899 2816 3952 hic
2839 3901 2924 3954 ubi
2948 3900 3141 3956 chorus
3163 3904 3376 3974 quidem
3403 3914 3567 3964 estex
3595 3910 3719 3964 viris

2135 3987 2330 4040 sanctis
2354 4004 2367 4040 :
2403 3987 2492 4056 qui
2513 3998 2688 4041 autem
2710 3989 2931 4042 chorum
2948 3991 3112 4058 ducit,
3132 4005 3214 4049 est
3239 3997 3524 4066 prOpheta:
3553 4005 3722 4057 cantio

2135 4089 2361 4146 cumque
2390 4091 2454 4130 ac
2474 4076 2700 4130 melodia
2728 4091 2832 4131 non
2855 4087 3022 4134 estex
3043 4087 3351 4150 Operatione
3377 4099 3594 4153 satanaa.
3625 4094 3716 4148 sed

2137 4176 2300 4222 estex
2325 4167 2489 4238 gratia
2517 4167 2780 4237 Spiritus:
2811 4169 2898 4239 qui
2920 4182 3096 4226 autent
3117 4175 3344 4242 canitur,
3371 4193 3474 4233 non
3501 4191 3581 4236 est
3605 4182 3716 4238 due-

2137 4273 2284 4323 mon,
2316 4258 2408 4313 sed
2441 4259 2614 4315 Deus:
2642 4261 2908 4330 quomodo
2939 4279 3042 4318 non
3070 4272 3152 4319 est
3173 4280 3437 4322 summum
3465 4270 3719 4329 adhibeno

2135 4348 2260 4404 dum
2291 4350 2561 4406 silentium
2585 4392 2598 4416 ,
2631 4360 2684 4407 et
2717 4369 2839 4408 cum
2870 4357 3213 4413 veneratione
3239 4368 3292 4414 et
3321 4374 3526 4416 summa
3564 4379 3716 4420 reve.

2136 4441 2306 4496 rentia
2343 4441 2705 4497 audiendum?
2733 4443 2965 4500 Chorum
3010 4448 3152 4502 enim
3193 4449 3438 4508 ducimus
3469 4468 3570 4509 una
3595 4469 3715 4511 cum

2133 4533 2380 4602 supernis
2434 4534 2804 4602 potestatibus.
2839 4534 3200 4606 Supernorum
3245 4542 3385 4597 enim
3427 4543 3713 4603 chororum

2131 4626 2417 4681 Cheruhim
2444 4635 2498 4681 et
2525 4627 2803 4697 Seraphim
2848 4627 2950 4686 hoc
2974 4638 3060 4686 est
3084 4647 3277 4689 munus
3308 4635 3349 4703 ί,
3383 4636 3548 4694 Deum
3578 4640 3716 4696 assi-

2130 4716 2236 4774 due
2279 4717 2490 4804 bymnis
2525 4718 2816 4776 celebrare.
2841 4720 2921 4776 Ex
2947 4721 3029 4777 his
3062 4722 3244 4782 choris
3287 4727 3444 4786 etiam
3479 4730 3532 4786 in
3575 4739 3715 4788 terra

2196 4853 2214 4885 ι
2242 4850 2399 4924 Upus,
2422 4854 2533 4924 sunt
2574 4847 2774 4924 enimet
2816 4849 2867 4900 in
2899 4847 3019 4899 calo
3037 4849 3174 4924 citari
3205 4864 3333 4924 quos
3344 4859 3492 4924 agunt
3513 4851 3710 4924 pluru-

2130 4909 2248 4974 bitn,
2271 4909 2551 4974 Seraphim,
2583 4917 2629 4961 et
2667 4909 2958 4973 hymnorum
2988 4918 3175 4972 cantus,
3199 4909 3242 4964 e't
3266 4909 3423 4966 millia
3453 4912 3662 4962 millnmt
3690 4926 3708 4962 :

2130 4979 2177 5025 et
2202 4971 2508 5023 illorunt'ltoc
2537 4977 2608 5022 est
2631 4971 2821 5030 manus,
2852 4983 2950 5021 etc.
3409 5001 3440 5028 ,ι

2195 5059 2268 5120 (a)
2294 5057 2535 5107 liebraica
2559 5064 2691 5117 sunt,
2711 5037 2992 5114 mima-5y
3012 5035 3220 5113 “3:135.
3247 5060 3408 5110 Prima
3429 5057 3578 5108 lectio
3602 5059 3706 5118 (Gr.

2135 5120 2202 5187 si;
2233 5122 2365 5187 τέλος
2384 5121 2508 5187 ,ὑπὲρ
2527 5123 2637 5187 -τῶν
2657 5123 2830 5187 λῃνῷν)
2855 5130 2930 5187 est
2953 5122 3073 5171 LXX
3096 5122 3432 5187 interpretum
3450 5122 3710 5187 {secunda

2136 5183 2250 5244 (Gr.
2277 5180 2601 5244 mutuatae.
2626 5199 2672 5230 τ.
2696 5185 2765 5244 λ.)
2786 5180 2865 5244 est
2884 5184 3178 5244 Symmachi.
3204 5180 3254 5229 lti
3281 5180 3519 5240 liexaplis
3539 5182 3710 5232 Graece

2135 5241 2200 5292 Sc.
2215 5241 2367 5290 ibitur
2387 5243 2628 5301 ἑπινίκιος,
2653 5241 3080 5303 subaudita'voce,
3117 5244 3280 5302 ὕμνος,
3303 5243 3513 5303 optime,
3538 5254 3711 5303 quam-

2134 5317 2281 5368 quam
2311 5304 2541 5368 Emittam;
2577 5305 2910 5368 (triumphale)
2935 5302 3088 5354 etiam
3130 5303 3260 5368 bene
3303 5302 3501 5352 habeat.
3540 5302 3708 5355 'l‘ertta

2137 5361 2287 5414 l'ectio
2315 5361 2636 5434 estAAquilé,
2663 5361 2758 5434 noti
2787 5361 3071 5434 hiealtata,
3094 5363 3182 5430 sed
3217 5361 3344 5434 forte
3387 5368 3593 5434 omissa,
3639 5369 3709 5434 τῷ

2133 5429 2363 5489 νικοποιῷ
2393 5426 2559 5490 ὑπῖητ.
2608 5430 2648 5476 λ.
2680 5426 2926 5490 (eictorite
2962 5426 3148 5476 auctori
3189 5436 3282 5490 pro
3322 5426 3709 5490 torcularibust';

2137 5494 2310 5550 quarta
2340 5486 2444 5550 :est
2468 5486 2869 5550 _Tlteodoti_onis,
2912 5490 2991 5550 τῷ
3017 5486 3246 5550 γξκ-οποιῷ
3291 5491 3372 5538 ὑπ.
3426 5495 3510 5549 τῆς
3551 5486 3710 5539 Periit;

2136 5546 2262 5606 ἑίδος
2286 5547 2445 5601 tvictm
2461 5547 2523 5600 ia:
2543 5546 2734 5617 auctori
2755 5546 3148 5614 pro'Gettltitide)
3176 5563 3187 5597 :
3218 5546 3567 5617 l-lebt-aizatites
3589 5553 3711 5617 hanc

2139 5622 2432 5675 p0stremam
2471 5619 2522 5681 ut
2568 5611 2832 5681 plurimum
2873 5611 3160 5681 praeterunt,
3187 5622 3461 5677 putantque
3496 5612 3674 5664 Gettltit

2139 5674 2249 5724 esse
2286 5687 2462 5724 nomen
2495 5674 2805 5722 instrumenti
2845 5674 3032 5724 mustei.
3111 5679 3116 5685 '
