4112 6214
451 201 486 260 .1
495 199 564 255 07

455 297 818 383 apparuerunt
865 332 985 373 cum
1040 319 1381 391 vigilantibus
1433 329 1734 396 pastoribus
1791 344 2044 392 canentes

455 402 607 469 (Luc.
630 404 684 460 2.
719 406 827 477 13).
857 408 1149 468 Audiamus
1195 429 1323 486 ergo
1362 416 1463 474 hoc
1501 435 1712 492 quoque
1759 423 2045 480 canticum.

453 496 554 562 Qui
588 506 853 556 terrenum
879 504 1095 574 quidem
1117 522 1295 578 regem
1329 511 1562 578 laudant,
1586 529 1705 570 cum
1737 531 1802 572 eo
1829 517 2049 589 loquun-

451 597 541 643 tur
557 588 625 644 de
651 590 896 662 imperio,
927 594 994 650 de
1027 600 1258 668 tropaeis,
1287 601 1355 657 de
1388 603 1605 660 victoria
1631 648 1646 674 ,
1669 615 1722 662 et
1745 620 2046 666 memorant

451 689 638 750 gentes
676 683 744 736 ab
771 697 840 738 eo
882 687 1080 754 victas,
1112 701 1364 746 vocantes
1401 708 1494 748 eos
1537 707 1922 766 expugnatores
1945 741 1960 765 ,
1989 709 2044 756 et

446 769 800 830 barbarorum
830 777 1079 844 victores.
1111 791 1164 837 et
1203 782 1285 838 his
1326 784 1538 840 similia.
1573 787 1883 860 Hujusmodi
1910 808 2038 850 can-

449 863 614 919 ticum
642 868 785 922 canit
815 871 974 926 etiam
1005 872 1090 928 hic
1125 874 1331 932 beatus.
1363 877 1552 936 Narrat
1592 884 1732 938 cnim
1764 885 2037 944 victoriam

442 963 496 1007 et
525 963 784 1026 tropaeum
807 1001 821 1024 ,
852 968 903 1015 et
933 961 1068 1016 bella
1099 965 1360 1033 confecta,
1393 985 1497 1025 non
1527 973 1742 1043 quidem
1772 977 1913 1044 talia,
1941 979 2034 1033 sed

442 1046 528 1102 his
575 1051 743 1105 multo
781 1051 1098 1112 difﬁciliora.
1126 1056 1256 1114 Vide
1283 1070 1457 1117 autem
1503 1067 1768 1134 quomodo
1806 1069 2032 1141 incipit:

442 1137 692 1207 Domine,
727 1141 976 1199 Dominus
1015 1157 1202 1203 noster.
1236 1151 1472 1208 Aliorum
1498 1157 1638 1210 enim
1661 1159 1748 1228 qui
1777 1174 1881 1216 non
1910 1176 2030 1218 cre-

439 1230 573 1286 dunt
607 1232 660 1288 in
687 1233 857 1304 ipsum
880 1278 895 1302 ,
929 1253 1034 1293 uno
1055 1240 1217 1295 modo
1245 1253 1332 1298 est
1355 1245 1607 1304 Dominus
1650 1268 1663 1301 :
1693 1263 1875 1308 noster
1902 1269 2030 1310 vero

437 1321 634 1392 duplici
659 1327 884 1393 ratione,
913 1337 968 1383 et
997 1330 1136 1400 quod
1166 1348 1261 1388 nos
1285 1350 1352 1390 ex
1383 1335 1447 1392 iis
1467 1354 1584 1408 quae
1615 1355 1721 1396 non
1748 1353 1922 1414 erant,
1949 1346 2026 1401 fe-

433 1414 600 1481 cerit,
630 1425 683 1470 et
721 1417 863 1486 quod
901 1430 1222 1489 agnoscatur
1243 1439 1273 1477 a
1307 1426 1478 1482 nobis.
1507 1429 1586 1485 Ac
1611 1431 1731 1487 vide
1758 1435 2027 1503 quomodo.

433 1506 612 1559 statim
641 1521 668 1559 a
704 1509 968 1579 principio
1007 1511 1155 1579 ponit
1195 1528 1455 1571 summam
1488 1518 1751 1576 beneﬁcii.
1781 1524 1836 1580 Si
1880 1527 2022 1582 enim

431 1595 684 1652 didiceris
715 1600 984 1668 quomodo
1012 1601 1266 1659 Dominus
1288 1615 1406 1662 tuus
1425 1607 1597 1666 factus
1623 1613 1710 1677 sit,
1745 1616 1886 1684 quod
1929 1618 2023 1673 ab-

429 1687 691 1742 alienatos
716 1700 768 1744 et
796 1691 1040 1750 inimicos
1061 1705 1113 1750 et
1129 1706 1299 1752 morte
1314 1697 1549 1768 allectos,
1579 1701 1866 1763 familiares
1891 1709 2021 1766 effe-

427 1782 562 1833 cerit
591 1789 645 1834 et
673 1782 1054 1853 viviticaverit,
1097 1788 1316 1851 pulchre
1362 1793 1565 1850 videbis
1610 1795 1710 1854 hoc
1753 1816 2016 1858 summam

427 1886 547 1924 esse
569 1873 837 1928 beneﬁcii.

495 1963 682 2019 Contra
709 1969 994 2026 Anomaeos.
1019 1971 1215 2030 Nomen
1236 1975 1330 2032 Dei
1349 1980 1647 2060 admirabile
1661 2002 1772 2040 cum
1794 1987 2012 2046 Christo.

422 2083 494 2093 —-
515 2054 627 2110 lloc
655 2072 784 2130 ergo
819 2060 1094 2119 admirans
1124 2068 1414 2138 propheta,
1447 2057 1616 2130 dicit:
1649 2077 1816 2145 Quam
1843 2081 2012 2137 admi-

421 2144 580 2199 rabile
621 2159 697 2201 est
745 2167 927 2206 nomen
970 2163 1112 2209 tuum
1135 2157 1157 2210 .'
1185 2157 1288 2214 hoc
1314 2170 1424 2228 est,
1473 2165 1629 2222 valde
1673 2168 2006 2229 admirabile.

419 2236 592 2303 Quam
631 2239 944 2299 admirabile
970 2256 1145 2302 autem
1193 2251 1297 2320 sit,
1323 2269 1430 2310 non
1458 2256 1590 2314 dixit
1619 2277 1630 2313 :
1663 2277 1836 2333 neque
1865 2268 2006 2324 enim

419 2331 596 2385 metiri
625 2333 818 2402 potuit,
843 2336 938 2391 scd
988 2347 1192 2396 tantum
1221 2346 1684 2414 ampliﬁcationem
1724 2331 1779 2411 et
1815 2357 2008 2429 hyper-

414 2419 577 2476 bolen
637 2425 829 2480 attulit.
875 2426 976 2484 Ubi
1018 2443 1144 2487 sunt
1192 2435 1284 2504 qtti
1329 2437 1422 2492 Dei
1465 2444 1752 2500 essentiam
1797 2425 2006 2506 curiose

416 2514 779 2584 pcrvcstigant
795 2516 817 2568 ?
836 2515 891 2573 Si
921 2520 1064 2576 enim
1095 2538 1216 2579 cum
1235 2542 1429 2586 nomen
1456 2532 1573 2602 ejus
1596 2535 1844 2609 dixisset,
1867 2542 2003 2600 adeo

411 2600 708 2660 admiratus
733 2615 816 2662 est
857 2618 914 2663 ut
943 2611 1345 2684 obstupesceret
1378 2637 1391 2673 :
1423 2600 1689 2692 quomodo
1730 2633 1882 2688 venia
1923 2636 2001 2691 eis

411 2692 625 2748 dabitur
658 2697 747 2766 qui
787 2713 846 2754 se
883 2700 1068 2757 dicunt
1115 2721 1276 2764 nosse
1308 2709 1400 2766 Dei
1432 2717 1748 2785 essentiam,
1779 2737 1901 2778 cum
1931 2741 2000 2782 ne

411 2781 670 2853 propheta
701 2787 913 2856 quidem
945 2807 1104 2863 quam
1135 2797 1206 2851 sit
1248 2799 1564 2862 admirabile
1607 2808 1723 2878 ejus
1773 2828 1992 2885 nomen,

407 2890 733 2945 cognoscere
795 2885 1071 2950 potuerit?
1128 2889 1292 2956 Quam
1341 2895 1640 2955 admirabile
1681 2913 1754 2957 est
1810 2923 1994 2965 nomen

404 2977 546 3020 tuum
565 2969 589 3023 .'
613 2967 670 3024 In
700 2975 914 3030 nomine
941 2976 1083 3032 enim
1126 2989 1216 3036 tuo
1260 2999 1405 3042 mors
1436 2989 1571 3044 'victa
1591 2996 1653 3047 ἐι
1679 2992 1845 3052 fracta
1869 3009 1953 3054 est
1972 3042 1988 3069 ,

405 3058 571 3114 vincti
601 3069 724 3116 sunt
752 3063 1046 3132 dmmoues,
1070 3072 1256 3127 caelum
1279 3087 1521 3144 apertum
1547 3091 1647 3146 est,
1677 3083 1818 3142 fores
1840 3104 1991 3158 para-

401 3150 505 3205 disi
559 3163 879 3224 patuerunt,
931 3159 1164 3230 Spiritus
1215 3165 1481 3226 demissus
1527 3150 1986 3240 estzservi'facti

398 3249 524 3295 sunt
552 3241 738 3308 liberi;
773 3246 1009 3318 inimici,
1041 3251 1167 3319 lilii;
1197 3256 1384 3324 alieni,
1416 3260 1679 3333 heredes;
1719 3268 1982 3340 homines,

397 3331 592 3401 angeli.
625 3333 762 3399 Quid
795 3336 946 3405 dico,
980 3343 1198 3412 angeli?
1226 3346 1362 3403 Deus
1391 3349 1551 3408 homo
1591 3331 1760 3414 factus
1783 3372 1900 3431 est,
1931 3374 1982 3421 et

397 3419 560 3476 homo
592 3423 770 3491 Deus;
801 3429 990 3484 cmlum
1035 3436 1244 3505 accepit
1291 3449 1532 3497 naturam
1575 3461 1606 3501 e
1645 3457 1785 3506 terra
1838 3468 1982 3510 sum-

394 3521 537 3582 ptam
565 3531 580 3580 ;
614 3523 754 3572 terra
779 3535 899 3576 eum
931 3527 1167 3596 suscepit
1192 3531 1281 3600 qui
1309 3533 1460 3590 sedet
1500 3551 1662 3610 super
1689 3542 1978 3604 Cherubim

391 3619 513 3659 cum
539 3610 778 3666 exercitu
805 3617 1066 3685 angelico.
1095 3620 1225 3688 Quae
1256 3624 1617 3687 intercedebat
1642 3640 1870 3695 maceria
1897 3641 1978 3698 di-

389 3705 508 3751 ruta
539 3709 652 3764 est,
682 3702 855 3760 soluta
901 3719 984 3764 cst
1033 3726 1219 3782 scpes;
1253 3732 1372 3787 quae
1414 3719 1582 3778 divisa
1619 3735 1673 3782 et
1714 3729 1976 3802 disjuncta

389 3797 574 3854 erant,
606 3793 753 3849 unita
803 3806 965 3866 sunt;
1002 3804 1237 3860 tenebrae
1281 3818 1406 3872 sunt
1439 3815 1734 3888 exstinctae,
1768 3793 1857 3878 lux
1887 3841 1972 3882 re-

385 3878 678 3950 splenduit,
707 3900 854 3943 mors
876 3891 1126 3964 absorpta
1151 3905 1252 3952 est.
1285 3899 1410 3958 Haec
1433 3907 1609 3962 omnia
1637 3878 1893 3982 cogitans,
1919 3929 1974 3975 et

386 3968 544 4040 longe
587 3971 670 4029 his
712 3977 862 4047 plura
887 4022 901 4047 ,
934 3984 1194 4054 propheta
1241 3991 1503 4050 clamabat
1549 3999 1772 4060 dicens:
1805 4007 1970 4076 Quam

382 4063 682 4124 admirabile
701 4081 770 4125 est
799 4089 978 4130 nomen
1002 4087 1140 4134 tuum
1167 4082 1219 4137 in
1246 4086 1476 4144 universa
1505 4101 1637 4148 terra
1661 4096 1683 4150 .'
1705 4096 1801 4156 Ubi
1828 4119 1968 4162 nunc

381 4163 508 4210 sunt
533 4155 724 4227 Judaei,
743 4164 830 4234 qui
849 4176 974 4222 sunt
1001 4170 1339 4241 impudentes
1359 4180 1615 4241 adversus
1646 4191 1920 4251 veritatem
1943 4197 1966 4251 ?

381 4243 653 4304 Lubentcr
683 4252 823 4309 enim
867 4271 962 4311 eos
1005 4259 1389 4334 interrogarem
1438 4270 1506 4327 de
1560 4291 1793 4344 quonam
1847 4285 1962 4343 inec

379 4334 652 4394 dicuntur.
695 4343 768 4398 De
797 4347 1200 4420 Cmnipotente,
1231 4355 1490 4427 inquient.
1539 4334 1646 4422 Sed
1693 4386 1798 4428 non
1847 4388 1962 4432 erat

377 4443 574 4486 nomen
623 4434 742 4503 ejus
785 4439 1098 4500 admirabile
1143 4447 1196 4501 in
1249 4451 1492 4509 universa
1524 4468 1682 4514 terra.
1715 4463 1961 4524 Testatur

376 4520 535 4578 Isaias
575 4525 757 4584 dicens
780 4547 792 4582 :
831 4529 1050 4604 Propter
1078 4554 1164 4592 vos
1189 4540 1566 4612 blasphematur
1594 4568 1772 4610 nomen
1794 4574 1957 4615 meum

373 4614 506 4668 inter
531 4627 698 4686 gentes
727 4619 877 4692 (lsai.
909 4625 998 4679 52.
1027 4629 1107 4698 5).
1135 4630 1188 4684 Si
1217 4642 1394 4689 autem
1424 4639 1514 4708 qui
1545 4655 1664 4698 eum
1708 4614 1956 4706 colebant

369 4703 422 4757 in
446 4721 603 4761 causa
630 4723 783 4766 erant
809 4723 866 4768 ut
891 4715 1003 4786 ipse
1032 4703 1512 4794 blaspltemaretttr,
1533 4733 1620 4787 ubi
1642 4745 1758 4790 erat
1781 4739 1952 4796 admi-

368 4797 732 4868 rabile?Quod
761 4808 906 4863 enim
937 4820 1120 4868 natura
1149 4816 1218 4871 sit
1244 4819 1577 4890 admirabile,
1604 4829 1806 4889 clarum
1833 4847 1946 4894 est:

366 4887 505 4956 apud
532 4889 779 4951 homines
805 4906 982 4956 autem
1004 4918 1112 4958 non
1139 4919 1254 4964 erat
1285 4919 1410 4968 tunc
1435 4917 1674 4985 pluribus
1709 4923 1946 4984 admira-

363 4979 504 5046 bile,
537 4982 631 5038 sed
675 4994 729 5042 et
756 4989 862 5045 vile
900 5001 955 5048 et
988 4994 1316 5068 despectum.
1359 4979 1463 5062 Sed
1501 5025 1604 5066 non
1645 5016 1722 5071 sic
1764 5035 1943 5077 nunc:

345 5072 479 5139 quia
503 5075 714 5144 quando
743 5083 969 5138 accessit
994 5086 1296 5158 unigenitus
1320 5093 1503 5163 Filius,
1529 5103 1722 5175 ubique
1749 5125 1942 5168 nomen

358 5168 476 5235 ejus
503 5178 586 5224 est
613 5173 929 5233 admirabile
953 5194 1074 5236 cum
1101 5181 1335 5244 Christo.
1360 5191 1434 5244 Ab
1455 5205 1568 5248 ortu
1589 5168 1728 5264 solis,
1748 5202 1955 5275 inquit,-

355 5276 510 5324 usque
531 5264 600 5317 ad
617 5281 853 5323 occasum
882 5273 1219 5344 glori/iculum
1237 5289 1511 5340 estnomen
1535 5305 1699 5344 meum
1735 5295 1786 5348 in
1811 5314 1938 5368 gen-

355 5352 486 5407 tibus
515 5355 670 5425 (Μαι.
702 5361 892 5434 1.11).
929 5365 997 5421 Ει
1019 5383 1205 5426 rursus
1235 5389 1246 5425 :
1277 5371 1344 5428 In
1391 5381 1530 5432 onmi
1573 5382 1686 5438 loco
1727 5352 1939 5455 eicitur

350 5442 606 5501 incensum
633 5455 822 5509 nomini
847 5474 975 5526 meo,
1004 5471 1050 5514 et
1077 5465 1383 5535 sacri/icium
1414 5476 1675 5534 mundum.
1715 5480 1815 5538 Vos
1845 5502 1937 5540 au-

351 5543 449 5588 tent
497 5535 664 5606 ipsum
700 5549 984 5615 profanatis
1009 5551 1168 5624 (Ibid.
1195 5573 1244 5611 v.
1277 5558 1388 5632 12).
1419 5562 1679 5626 Etalius:
1715 5535 1933 5646 impiam

345 5632 418 5680 est
449 5629 679 5686 universa
722 5641 856 5691 terra
891 5642 1174 5712 cognitione
1211 5629 1422 5708 Domini
1449 5654 1600 5730 (Isai.
1637 5663 1719 5720 11.
1752 5629 1826 5742 9)ῗ
1865 5672 1928 5731 Et

1193 209 1249 266 S.
1290 211 1566 272 JOANNIS
1603 215 2075 278 CllllYSOSTOMI
2116 225 2429 291 ARCHIEP.
2469 237 3008 304 CONSTANTINOP.

2161 356 2342 400 rursus
2376 367 2388 401 :
2433 348 2642 408 Venient
2663 355 2880 414 dicentes
2899 404 2914 431 ,
2935 360 3116 421 Patres
3138 375 3298 428 nostri
3315 377 3449 446 falsa
3470 381 3608 436 idola
3626 405 3744 454 pos-

2152 435 2388 492 sederunt
2413 442 2426 472 ²
2463 442 2596 514 (Jer.
2623 447 2705 504 16.
2735 449 2846 522 19).

2221 527 2272 582 2.
2302 531 2461 590 Vides
2498 537 2613 594 hzec
2642 546 2817 600 omnia
2865 547 3007 605 dicta
3045 566 3165 611 esse
3207 556 3277 615 de
3320 559 3736 628 FilioiFaetum

2149 629 2230 676 est
2279 624 2421 681 enim
2465 628 2581 699 ejus
2610 649 2803 692 nomen
2832 639 3144 703 admirabile
3187 649 3239 704 in
3285 654 3526 714 universa
3570 671 3732 719 terra.

2151 710 2402 776 Quoniam
2455 720 2644 778 elevata
2687 737 2759 781 est
2818 735 3196 804 magniﬁcentia
3236 752 3324 796 tua
3366 762 3520 818 super
3557 756 3730 810 cwlos.

2143 805 2312 875 Alius,
2354 812 2456 875 Qui
2499 818 2710 885 posuisti
2748 821 2951 880 laudem
3002 837 3140 886 tuam
3193 851 3347 906 super
3396 805 3563 914 calas.
3595 845 3730 914 Quia

2141 901 2282 956 enim
2335 911 2490 960 teme
2535 913 2798 982 meminit,
2830 919 3081 978 transfert
3132 928 3292 984 etiam
3334 909 3632 993 orationem
3673 945 3726 998 in

2141 991 2369 1061 caelum;
2404 999 2544 1067 quod
2595 1017 2814 1074 semper
2859 1015 3140 1072 consuevit
3173 1019 3380 1088 facere,
3435 1031 3725 1088 ostendens

2137 1085 2446 1144 universum
2469 1094 2651 1150 orbem
2681 1107 2942 1158 terrarum
2973 1107 3191 1168 laudare
3223 1113 3506 1175 Dominum
3543 1137 3720 1180 suum.

2138 1174 2248 1231 Hoc
2292 1179 2450 1236 etiam
2490 1182 2577 1240 hic
2626 1191 2915 1250 ostendens
2963 1196 3136 1256 dicit:
3168 1202 3496 1265 Admirabile
3546 1212 3678 1269 intra
3703 1259 3719 1282 ,

2133 1267 2451 1329 admirabile
2512 1291 2694 1348 supra.
2747 1281 2862 1338 Non
2907 1288 3078 1344 solum
3123 1295 3266 1351 enim
3320 1297 3592 1370 homines,
3625 1310 3719 1363 sed

2131 1360 2290 1416 etiam
2336 1366 2511 1436 angeli
2548 1369 2764 1428 laudant
2791 1389 2852 1430 ea
2883 1393 3002 1448 qum
3030 1382 3163 1439 facta
3193 1397 3437 1455 sunt,‘et
3479 1360 3718 1467 pro’ejus

2130 1449 2184 1505 in
2212 1451 2458 1512 homines
2478 1458 2752 1519 beneﬁciis
2772 1477 2938 1538 agunt
2959 1473 3157 1541 gratias
3181 1494 3194 1542 ;
3227 1449 3366 1548 quod
3395 1449 3555 1541 etiam
3585 1449 3718 1546 fe'ce-

2128 1553 2252 1598 runt
2273 1545 2324 1598 in
2347 1547 2632 1621 principio,
2665 1569 2788 1610 cum
2820 1558 2872 1612 in
2903 1563 3059 1619 terris
3084 1565 3281 1626 choros
3307 1572 3596 1633 duxerunt.
3620 1581 3710 1637 Vel

2125 1632 2229 1690 hoc
2254 1651 2382 1708 ergo
2418 1640 2568 1709 dicit,
2598 1647 2758 1702 etiam
2807 1653 3030 1722 angelos
3076 1671 3303 1730 canere,
3331 1665 3415 1720 vel
3455 1670 3568 1725 vult
3595 1673 3711 1742 ejus

2123 1727 2405 1785 ostendere
2459 1736 2898 1805 magnitudinem.
2956 1744 3180 1812 Quando
3238 1727 3381 1810 enim
3435 1727 3704 1831 Scriptura

2120 1819 2232 1872 vult
2257 1820 2456 1892 aliquid
2498 1841 2746 1898 magnum
2775 1831 2957 1890 dicere
2977 1878 2990 1902 ,
3025 1837 3329 1899 distantiam
3369 1819 3570 1904 horum.
3590 1855 3699 1910 ele-

2119 1919 2420 1969 mentorum
2464 1917 2680 1974 adducit
2708 1920 2764 1977 in
2793 1925 3025 1982 medium
3045 1968 3061 1994 ,
3091 1940 3146 1986 ut
3174 1937 3384 2004 quando
3413 1939 3540 2030 dicit
3563 1961 3576 1996 :
3600 1943 3699 1998 Se-

2120 2005 2336 2030 -.....ι..ω
2374 2009 2571 2030 φεμ...
2793 2017 2822 2030 ..
3082 2024 3122 2030 ..

2106 2005 2338 2070 cundum
2367 2009 2686 2068 altitudinem
2710 2017 2822 2071 σαξιὶ
2851 2035 2882 2072 a
2903 2030 3057 2078 terra.
3081 2024 3148 2080 Et
3175 2042 3359 2086 rursus
3387 2049 3400 2085 :
3440 2005 3698 2101 Q‘uantum

2115 2095 2266 2151 distat
2309 2109 2449 2156 ortus
2487 2104 2550 2158 ab
2581 2121 2797 2175 occasu,
2827 2111 2975 2184 longe
2995 2115 3112 2186 fecit
3148 2135 3180 2172 a
3224 2123 3367 2179 nobis
3407 2127 3696 2199 iniquitates

2113 2199 2312 2244 nostras
2333 2191 2505 2262 (ρεαι.
2525 2196 2648 2252 tea.
2685 2201 2771 2256 tt.
2807 2203 2918 2274 12).
2950 2206 3050 2264 Hic
3073 2223 3201 2281 ergo
3223 2191 3517 2274 admiratur
3535 2236 3692 2292 quam

2111 2293 2300 2349 magna
2345 2284 2453 2339 sint
2479 2294 2535 2342 et
2561 2303 2719 2359 quam
2748 2295 2966 2364 grandia
2995 2315 3115 2370 quae
3143 2303 3277 2361 facta
3315 2317 3439 2364 sunt
3466 2284 3640 2368 omnia
3674 2335 3688 2368 :

2109 2383 2232 2425 nam
2277 2375 2513 2432 omnium
2552 2379 2787 2439 infimam
2829 2388 3180 2450 substantiam
3230 2397 3407 2455 ell'ecit
3439 2405 3689 2464 omnibus

2107 2465 2458 2530 superiorem.
2490 2471 2542 2527 ὅ.
2571 2472 2656 2528 Ea:
2683 2479 3060 2552 oreinfantinm
3099 2496 3149 2541 et
3188 2488 3478 2548 lactentium
3515 2503 3686 2572 perfe-

2104 2553 2216 2608 ciin
2245 2557 2468 2614 laudem.
2491 2563 2642 2620 Alius
2665 2607 2680 2632 ,
2712 2567 2795 2624 Ex
2818 2585 2904 2626 ore
2928 2573 3200 2646 infantium
3222 2582 3448 2651 fundasti
3474 2553 3685 2658 [δι-τάων

2103 2645 2291 2704 dinem.
2316 2651 2463 2709 Alius
2489 2655 2588 2727 (a),
2609 2658 2924 2720 Constituisti
2949 2666 3120 2722 robur.
3148 2645 3300 2739 Quod
3320 2645 3497 2733 autem
3524 2679 3676 2750 dicit,

2100 2746 2183 2792 est
2229 2740 2491 2811 ejusmodi
2539 2762 2554 2802 :
2607 2749 2904 2811 Potentiam
2959 2769 3102 2814 tuam
3165 2777 3232 2818 ex
3283 2763 3386 2822 hoc
3452 2773 3681 2830 maxime

2098 2831 2380 2888 ostendisti
2399 2876 2414 2900 ,
2442 2838 2585 2907 quod
2614 2843 2758 2899 vires
2786 2845 3028 2906 imbelles
3068 2855 3299 2910 moveris
3317 2898 3334 2926 ,
3358 2865 3413 2913 et
3447 2861 3677 2932 linguam

2096 2918 2478 2983 balbutientem
2505 2930 2570 2984 ad
2598 2932 2818 3001 gloriam
2849 2938 3196 3012 reddendam,
3215 2918 3412 3004 claram
3439 2960 3492 3006 et
3514 2918 3676 3023 expe-

2094 3010 2259 3068 ditam
2295 3017 2486 3074 feceris
2513 3022 2763 3095 '(Matth.
2787 3027 2878 3084 21.
2909 3032 3024 3104 15).
3053 3010 3190 3104 Quae
3207 3041 3346 3094 enim
3377 3040 3512 3098 facta
3543 3010 3673 3103 esta

2093 3107 2272 3175 pueris
2295 3109 2348 3164 in
2379 3114 2578 3184 templo
2603 3116 2925 3190 hymnorum
2951 3125 3381 3190 decantationem
3409 3135 3493 3193 hic
3533 3155 3670 3210 prae.

2093 3195 2240 3253 dicit.
2274 3199 2340 3256 Et
2364 3218 2522 3274 quam
2559 3208 2629 3264 ob
2656 3225 2894 3281 causam,
2935 3216 3054 3274 aliis
3085 3226 3457 3290 prtetermissis
3503 3195 3666 3286 mira.

2089 3289 2242 3356 culis,
2273 3303 2603 3355 mortuorum
2634 3307 3056 3376 resurrectione,
3085 3311 3416 3383 leprosorum
3448 3323 3670 3378 munda-

2088 3383 2251 3450 tione,
2281 3384 2583 3446 daemonum
2611 3397 2948 3470 expulsione,
2979 3419 3121 3460 nunc
3168 3421 3456 3476 puerorum
3503 3417 3666 3472 mira.

2085 3475 2192 3530 culi
2219 3482 2505 3538 meminit?
2533 3485 2794 3554 Quoniam
2825 3493 2910 3548 illa
2941 3497 3156 3567 quidem
3172 3475 3344 3558 etiam
3371 3518 3495 3562 ante
3527 3509 3663 3566 facta

2083 3576 2228 3632 sunt,
2259 3578 2313 3624 et
2335 3573 2378 3626 si
2406 3589 2509 3630 non
2536 3578 2634 3645 sic,
2661 3588 2836 3637 tamen
2863 3583 2996 3642 facta
3027 3600 3186 3658 sunt,
3219 3601 3272 3649 et
3297 3596 3493 3667 aliquid
3527 3601 3664 3657 inter

2081 3672 2140 3714 se
2165 3675 2446 3722 commune
2477 3667 2796 3742 habuerunt,
2824 3676 2950 3734 licet
2975 3695 3081 3736 non
3108 3684 3346 3742 modum.
3365 3688 3661 3750 Suscitatus

2080 3764 2162 3810 est
2187 3757 2330 3812 enim
2368 3771 2610 3820 mortuus
2640 3766 2740 3822 sub
2769 3769 2963 3828 Eliszno
2995 3773 3072 3844 (ι.
3103 3776 3230 3849 Reg.
3264 3781 3318 3836 1.
3350 3783 3462 3855 55),
3491 3795 3550 3840 et
3585 3787 3661 3842 le-

2079 3861 2268 3916 prosus
2287 3853 2568 3910 mundatus
2587 3857 2748 3925 (Ibid.
2782 3863 2837 3918 5.
2864 3880 2912 3919 υ.
2939 3866 3052 3938 14),
3073 3878 3126 3923 et
3145 3871 3354 3930 daemon
3379 3853 3473 3947 per
3496 3879 3657 3936 David

2074 3940 2328 4009 expulsus
2375 3954 2477 4012 est,
2509 3949 2722 4017 quando
2773 3951 2899 4010 Saﬁl
2949 3956 3294 4019 invadebatur
3348 3940 3392 4021 a'
3415 3967 3658 4027 daemone

2075 4031 2093 4098 (
2105 4030 2151 4084 1.
2178 4030 2305 4104 Reg.
2335 4034 2422 4090 16.
2451 4037 2545 4108 23)
2580 4059 2593 4096 :
2623 4043 2818 4102 chorus
2839 4055 3018 4105 autem
3047 4053 3322 4110 infantium
3348 4058 3654 4118 lactentium

2071 4135 2213 4178 nunc
2259 4127 2486 4194 primum
2526 4130 2773 4204 loquutus
2820 4149 2923 4196 est.
2968 4141 3046 4196 Ne
3067 4158 3194 4213 ergo
3229 4145 3567 4214 impudenter
3594 4166 3654 4206 se

2068 4227 2282 4285 gereret
2305 4219 2539 4290 Iudaeus,
2566 4227 2784 4296 dicens,
2818 4231 2932 4288 haec
2970 4234 3110 4289 dicta
3150 4250 3270 4292 esse
3309 4238 3376 4293 de
3421 4239 3484 4295 iis
3531 4258 3649 4313 quae

2070 4305 2202 4363 facta
2229 4321 2353 4368 sunt
2379 4314 2430 4369 in
2461 4315 2840 4390 Veteri,elegit
2868 4323 3075 4392 signum
3093 4327 3235 4396 quod
3266 4339 3387 4383 tunc
3419 4305 3645 4400 primum

2065 4409 2120 4454 et
2162 4405 2333 4460 solum
2377 4405 2576 4464 factum
2618 4421 2720 4467 est.
2751 4413 2818 4468 Et
2843 4415 3037 4486 alioqui
3079 4434 3197 4488 qua:
3244 4421 3460 4491 fiebant,
3493 4439 3647 4484 erant

2067 4501 2224 4564 typus
2249 4501 2612 4566 apostolorum
2650 4522 2812 4560 :nam
2854 4524 2974 4565 cum
3012 4513 3046 4567 ii
3075 4528 3257 4573 essent
3285 4519 3439 4577 valde
3474 4523 3646 4580 inlau-

2065 4594 2162 4649 tcs,
2194 4598 2247 4643 et
2295 4591 2467 4660 magis
2523 4596 2657 4650 muti
2702 4613 2860 4668 quam
2913 4602 3012 4673 ipsi
3065 4605 3274 4676 pisces,
3336 4614 3640 4672 universum

2059 4678 2245 4735 orbem
2298 4689 2560 4739 terrarum
2614 4687 2939 4749 irretierunt.
2994 4696 3147 4764 Quod
3192 4712 3369 4758 autem
3418 4705 3519 4761 hoc
3572 4711 3638 4765 sit

2057 4771 2288 4826 maxime
2338 4772 2436 4832 Dei
2469 4775 2638 4834 virtus
2676 4789 2729 4837 et
2757 4789 2995 4852 potentia
3019 4832 3035 4858 ,
3067 4791 3188 4848 vide
3213 4797 3372 4851 etiam
3407 4800 3636 4868 prephe-

2058 4873 2163 4920 tam
2191 4868 2292 4925 hoc
2313 4869 2382 4926 de
2407 4870 2569 4932 Patre
2595 4875 2887 4938 dicentem.
2909 4882 3042 4940 Cum
3066 4883 3214 4946 Mose
3237 4893 3380 4948 enim
3413 4893 3638 4966 loquens

2116 5088 2132 5174 ξ
2159 5089 2392 5174 nictocus
2429 5095 2531 5174 alio
2559 5098 2711 5174 modo
2736 5101 2868 5174 jacet
2907 5108 3035 5174 apud
3054 5114 3334 5174 Jeremiam,
3369 5118 3562 5168 I'enient
3579 5116 3636 5168 ab

2048 5152 2464 5242 ξξῑνςηξιξηςενζξ,
2551 5152 2865 5242 ἕξεςηιξςξζρξ
2879 5152 3356 5237 séa‘Eni-jééé'ibiiii’s
3376 5152 3635 5242 loca

2047 5221 2144 5259 non
2169 5213 2357 5277 integra
2379 5213 2538 5280 amart,
2558 5228 2612 5272 ut.
2994 5213 3356 5237 V-Iiwuw'uuu
3376 5213 3460 5242 om.
3597 5303 3608 5313 .

2110 5275 2131 5303 ί
2165 5280 2290 5313 llnne
2314 5291 2325 5302 ⁸
2355 5281 2605 5313 Dnlnnh'nm
2629 5293 2756 5313 eum
2783 5293 2824 5313 ..ο
2846 5290 2938 5313 ..;...
2958 5292 3188 5313 ι..-ι-.-,-γι
3203 5297 3232 5313 η
3338 5300 3348 5311 ο

2110 5275 3306 5372 ἴηῗὶὶῖἱὲ,ξέοεξτῐὲίζετφηέίξεζηέὲἒέὶῖιίηξιιιειαινὲιειη
3329 5300 3378 5352 in
3395 5315 3450 5372 ςο
3471 5303 3629 5372 γραπ-

2045 5339 2556 5428 Ζξςῇοδέιξὲιξίἕξέηὲιί
2564 5348 2888 5428 tenerrimam
2908 5339 3321 5414 λέέᾶὲῆἶᾶψᾶ

2045 5394 2161 5446 dum
2183 5394 2458 5463 expeditam
2480 5394 2674 5467 feceris;

2105 5501 2178 5563 (a)
2193 5510 2244 5580 tn
2265 5507 2483 5586 margine
2505 5510 2950 5586 codicisﬁarberini
2973 5523 3201 5576 scribitur
3219 5533 3288 5586 c.,
3312 5541 3411 5586 quo
3431 5533 3628 5580 notatur

2043 5573 2156 5613 esse
2178 5568 2522 5628 Symmachum,
2557 5573 2877 5642 similiterque
2913 5568 3440 5660 iz‘1‘ihiti-gs‘de"&._}li‘;ts
3467 5595 3628 5654 cujus.

2043 5623 2147 5660 riam
2170 5638 2196 5660 α
2220 5627 2388 5660 uox-ilin
2411 5631 2468 5660 ori
2491 5631 2753 5660 malum-..“
2780 5654 2909 5660 ..---_,_
2941 5657 2955 5660 Α
2981 5646 3014 5660 η
3035 5648 3063 5660 ..
3083 5651 3112 5660 ..
3168 5658 3179 5660 Α

2708 5623 2767 5626 ἣν
2819 5623 2877 5629 .._
2913 5623 2961 5632 -..
3005 5623 3094 5635 ...ιι-
3142 5623 3224 5639 Iuv
3499 5623 3528 5641 ιι
3551 5623 3580 5642 υ

2038 5623 2147 5674 dam
2169 5623 2388 5716 a'savilio
2411 5631 2468 5679 ad
2489 5623 2756 5716 editionem
2779 5623 2915 5716 gnam
2935 5623 3137 5716 adhibiti
3158 5658 3206 5698 c.
3229 5623 3630 5716 séiﬁfu'inliat':

2041 5699 2134 5750 qua
2158 5688 2221 5740 de
2244 5703 2299 5741 re
2326 5691 2448 5744 hanc
2470 5700 2633 5746 notam
2669 5699 2753 5751 ille
2775 5688 2915 5755 dedit
2937 5688 3472 5778 F‘Hd'iﬁa'rﬁ‘.‘
3488 5688 3628 5781 ab}:
