4064 6206
430 263 537 320 109

428 377 527 431 καί
594 372 816 441 κωφὸν,
865 370 1180 436 βλέποντα
1229 370 1330 424 καί
1364 372 1633 441 τυφλόν;
1670 372 1780 424 Καὶ
1822 370 2004 424 πάλιν-

427 464 639 532 Διδοὺς
676 462 960 534 γλώσσας
998 464 1217 532 τρανὰς
1243 463 1619 534 μογιλάλοις.
1661 465 1774 518 Καὶ
1823 464 2005 518 πάλιν·

427 560 643 628 Κύριος
670 557 881 612 δίδωσί
892 574 993 627 μοι
1017 557 1308 627 γλῶσσαν
1329 557 1622 623 παιδείας,
1654 558 1758 612 τοῦ
1789 557 2008 628 γνῶναι

424 649 608 716 ἡνίκα
638 646 733 701 δεῖ
746 645 937 701 εἰπεῖν
958 649 1162 716 λόγον.
1193 647 1301 701 Καὶ
1322 647 1380 698 ὲν
1400 647 1540 716 ἀρχῇ
1566 647 1622 700 δέ
1654 663 1836 718 φησιν’
1868 645 2009 700 Δεῦ-

425 755 512 801 τε.
543 739 905 805 καταϐάντες
946 737 1296 807 συγκέωμεν
1323 738 1526 792 αὐτῶν
1565 737 1672 805 τὰς
1701 738 2006 809 γλώσσας.

427 829 658 901 Μεγάλη
692 830 867 884 τοίνυν
888 831 982 882 καὶ
1012 829 1256 901 ἰσχυρΗ)
1291 828 1581 896 ἀπόδειξις.
1623 831 1745 884 Ἐπὶ
1776 832 1875 902 μὲν
1900 832 2006 904 γάρ

427 921 536 974 τῶν
571 920 765 985 ἀλλων,
794 922 839 974 εἰ
864 921 956 974 καὶ
989 919 1332 990 παραλόγως,
1361 921 1510 991 ὅμως
1539 919 1858 976 ὑπώπτευόν
1887 938 2007 975 τινα

429 1009 568 1068 εἶναι
605 1012 1099 1083 ἀναισχυντοῦντες·
1145 1011 1378 1065 ἐνταῦθα
1411 1011 1468 1065 δὲ
1503 1012 1656 1067 οὐδὲν
1697 1025 1723 1054 ι
1751 1008 1896 1083 εἶχον
1928 1014 2006 1065 εἰ-

427 1106 571 1168 πεῖν,
607 1103 778 1172 αὐτῆς
807 1103 930 1155 καθ’
958 1102 1152 1173 ἑαυτὴν
1187 1105 1285 1173 τῆς
1315 1103 1530 1172 φύσεως
1567 1104 1779 1174 γυμνῆς
1804 1105 2003 1174 ἀγωνι-

425 1195 679 1265 ζομένης.
708 1195 806 1248 Διά
832 1195 896 1266 δὴ
919 1193 1076 1248 τοῦτο
1096 1193 1216 1247 οὐδὲ
1238 1193 1423 1258 ἁπλῶς
1457 1191 1598 1259 εἷπε,
1624 1197 1889 1263 Νηπίων,
1922 1196 2006 1250 ἵνα

427 1290 500 1358 μή
551 1304 633 1350 τις
669 1288 794 1350 τοὺς
828 1286 1069 1350 ἀκάκους
1111 1286 1276 1340 αὐτὸν
1321 1288 1562 1352 καὶτοὺς
1605 1287 2005 1360 ἁπλουστέρους

425 1378 538 1451 180]
569 1378 748 1446 λέγειν
779 1379 996 1450 νομίσῃ·
1028 1378 1142 1432 ἀλλ’
1174 1381 1444 1450 ἐπήγαγε,
1473 1381 1580 1434 Καὶ
1605 1380 2002 1449 θηλαζόντων,

421 1473 490 1543 τῇ
532 1469 820 1542 προσθήκῃ
850 1469 951 1539 τῆς
985 1469 1265 1541 τραπέζης
1300 1470 1397 1540 τὴν
1426 1471 1643 1542 ἠλικίαν
1675 1472 2006 1543 χαρακτηρί-

423 1561 554 1627 ζων.
584 1562 697 1632 Οὐχ
719 1561 904 1624 ἀπλῶς
931 1561 1041 1633 γάρ
1067 1579 1221 1634 φησι,
1253 1562 1518 1630 Νηπίων,
1546 1562 1701 1629 ἀλλὰ,
1729 1564 1838 1617 τῶν
1868 1565 2002 1617 ὐπο-

426 1651 656 1723 μαζίων,
679 1652 784 1706 τῶν
805 1651 1073 1723 μηδέποτε
1102 1655 1324 1724 στερεᾶς
1346 1655 1549 1725 τροφῆς
1573 1655 2001 1726 μεταλαϐόντων.

422 1744 499 1798 Οὐ
527 1741 707 1798 τοίνυν
739 1743 897 1798 τοῦτο
926 1745 1085 1814 μόνον
1115 1746 1232 1798 ἐστὶ
1264 1746 1322 1799 τὸ
1351 1747 1683 1818 θαυμαστὸν,
1712 1749 1793 1802 ὅτι
1817 1749 2002 1822 φωνὴν

421 1842 662 1912 ἀφῆκαν,
693 1842 788 1895 καὶ
821 1840 1004 1912 φωνὴν
1033 1842 1466 1914 τετρανωμένην,
1502 1841 1614 1896 ἀλλ’
1647 1843 1729 1897 ὅτι
1769 1845 1863 1897 καὶ
1905 1862 2004 1914 μυ-

423 1933 554 2003 ρίων
604 1932 881 2002 γέμουσαν
929 1932 1168 2000 ἀγαθῶν.
1225 1934 1404 2004 ’Ἀπερ
1459 1933 1568 2006 γὰρ
1621 1936 1670 1988 οἱ
1716 1935 2003 1990 ἀπόστολοι

419 2023 632 2077 οὐδέπω
656 2023 874 2094 ᾔδεσαν,
899 2023 1073 2077 ταῦτα
1098 2022 1167 2076 τά
1191 2024 1380 2078 παιδία
1403 2023 1623 2095 ὕμνουν.
1662 2025 1793 2078 Ἀπὸ
1812 2025 2002 2080 τούτου

419 2114 516 2168 καὶ
547 2114 734 2182 ἔτερόν
773 2131 826 2167 τι
855 2113 1172 2177 αξνίττεται,
1201 2114 1262 2167 τὸ
1296 2115 1404 2168 δεῖν
1430 2116 1542 2180 τοῖς
1577 2115 1808 2186 δόγμασι
1839 2134 2006 2188 προσ-

422 2207 605 2269 ιόντας
648 2205 837 2259 παιδία
887 2204 1133 2274 γίνεσθαι
1176 2209 1240 2277 τῇ
1272 2206 1496 2278 διανοίᾳ.
1533 2210 1629 2260 Ἂν
1657 2207 1766 2280 γάρ
1799 2208 1872 2281 μή
1920 2226 2005 2273 τις

419 2297 641 2368 δέξηται
680 2297 778 2368 τὴν
806 2295 1082 2367 βασιλείαν
1110 2297 1218 2350 τῶν
1243 2297 1490 2369 οὐρανῶν
1532 2297 1608 2362 ὡς
1638 2298 1866 2365 παιδίον,
1899 2317 2005 2372 φη-

423 2389 530 2454 σὶν,
579 2389 639 2442 οὐ
669 2387 892 2443 δύναται
927 2389 1184 2443 εἰσελθεῖν
1226 2391 1307 2452 εἰς
1343 2390 1533 2463 αὐτήν.
1563 2392 1809 2447 Ἕνεκεν
1830 2391 1948 2447 τῶν
1975 2395 2002 2434 δ

417 2478 650 2549 ἐχθρῶν
675 2493 813 2534 σου.
837 2479 1000 2548 Λέγει
1020 2480 1114 2535 καὶ
1133 2479 1232 2552 τὴν
1255 2481 1433 2534 αἰτίαν
1453 2481 1520 2534 δι’
1547 2481 1612 2553 ἣν
1632 2481 1790 2537 τοῦτο
1814 2483 2004 2552 γέγονε

419 2571 482 2625 τὸ
511 2569 715 2643 θαῦμαο
755 2569 826 2624 τὰ
859 2570 957 2641 μὲν
993 2570 1102 2644 γὰρ
1147 2570 1281 2625 ἄλλα
1313 2572 1374 2625 ού
1422 2572 1530 2626 τῶν
1560 2572 1768 2645 ἐχθρῶν
1818 2574 2004 2630 ἕνεκεν

419 2663 648 2732 ἐγίνετο,
677 2662 793 2717 ἀλλ’
816 2661 955 2716 ὥστε
989 2661 1315 2733 προσιόντας
1338 2649 1632 2718 ἀπολαύειν
1659 2665 2000 2738 εὐεργεσίας,

419 2757 512 2812 καὶ
545 2757 766 2828 ἑτέρους
811 2753 1188 2810 παιδεύεσθαι.
1216 2755 1388 2810 Τοῦτο
1427 2755 1484 2810 δὲ
1515 2757 1575 2810 οὐ
1606 2757 1696 2811 διὰ
1721 2757 1880 2813 τοῦτο
1908 2761 1997 2829 γέ-

417 2863 542 2918 γονε
606 2848 790 2920 μόνον,
847 2845 963 2899 ἀλλ’
1023 2845 1164 2900 ὥστε
1218 2847 1313 2899 καὶ
1367 2847 1816 2920 ὲπιστομισθῆναι
1876 2849 2003 2916 τούς

417 2939 668 3011 ἐχθρούςο
701 2938 795 3002 οὓς
836 2939 928 2992 καὶ
965 2937 1152 3010 ἕτερος
1179 2949 1228 3003 ο,
1254 2939 1642 3012 ἀκριϐέστερον
1675 2941 1872 3005 αὐτοὺς
1907 2941 2003 3012 δη-

417 3031 548 3094 λῶν,
590 3033 743 3106 φησί’
773 3032 877 3086 Διὰ
909 3031 1051 3098 τοὺς
1089 3031 1534 3102 ἐνδεσμοῦντὰς
1569 3049 1662 3088 σε.
1703 3033 1868 3087 Αὐτοὶ
1893 3033 2002 3106 γὰρ

415 3119 558 3197 ἦσαν
578 3126 840 3197 δήσαντες
872 3123 1032 3176 αὐτὸν
1072 3123 1165 3176 ἐπὶ
1191 3123 1280 3176 τὸν
1315 3125 1546 3196 σταυρὸν
1568 3125 1852 3196 ἀγόμενον.
1888 3127 2001 3182 Τοῦ

418 3216 755 3270 καταλῦσαι
786 3213 1004 3283 ἐχθρὸν
1050 3214 1146 3266 καί
1189 3213 1534 3283 ἐκδικητὴν.
1567 3215 1778 3281 Ἀλλος·
1815 3218 2003 3273 Ὥστε

419 3307 651 3360 παῦσαι
679 3303 917 3373 ἐχθρὸν,
954 3303 1051 3357 καί
1091 3303 1456 3373 τιμωροῦντα
1496 3303 1707 3372 ἐαυτῷ,
1739 3307 1829 3360 τὸν
1873 3309 2002 3363 λαὸν

418 3399 511 3453 τὸν
546 3397 835 3451 Ἰουδαϊκὸν
865 3395 1098 3450 ἐνταῦθα
1125 3394 1318 3464 λέγων.
1350 3396 1620 3450 Ἤλαυνον
1659 3399 1759 3468 μὲν
1790 3397 1898 3471 γάρ
1927 3399 2002 3464 ώς

420 3489 614 3560 ἐχθρὸν
643 3489 731 3542 τὸν
753 3487 1004 3561 Χριστὸν,
1030 3486 1449 3558 προσεποιοῦντο
1469 3489 1525 3542 δὲ
1553 3488 1642 3543 τὸν
1675 3491 1884 3563 πατέρα
1907 3493 2003 3546 ὲκ-

421 3579 698 3643 δικοῦντες
719 3580 879 3633 τοῦτο
902 3582 1092 3633 ποιεῖν.
1117 3579 1218 3634 Διὰ
1245 3579 1402 3633 τοῦτο
1422 3580 1624 3652 ταύτης
1645 3581 1840 3646 αὐτοὺς
1871 3585 2004 3637 ἀπο-

425 3669 632 3741 στερῶν
681 3669 780 3740 τῆς
825 3668 1140 3738 ἀπολογίας,
1189 3669 1392 3738 ἔλεγεν·
1435 3671 1490 3723 '0
1517 3669 1623 3740 ἐμὲ
1649 3670 1866 3741 μισῶν,
1902 3672 2002 3727 καί

422 3763 530 3820 τὸν
557 3762 789 3831 Πατέρα
807 3779 926 3832 μου
947 3761 1134 3832 ιιισεῖο
1168 3761 1261 3814 καὶ
1291 3761 1470 3815 πάλιν·
1513 3763 1568 3816 '0
1593 3764 1892 3818 πιστεύων
1917 3767 2005 3832 εἰς

421 3854 548 3926 ἐμὲ,
581 3855 848 3908 πιστεύει
877 3855 964 3920 είς
987 3853 1096 3907 τὸν
1125 3852 1446 3923 πέμψαντά
1464 3871 1561 3924 με·
1589 3854 1700 3908 ἀνω
1727 3856 1820 3908 καὶ
1853 3855 2004 3910 κάτω

426 3947 712 4002 συνάπτων
740 3949 805 4018 τῇ
830 3945 966 4018 πρὸς
1000 3945 1191 3999 ἑαυτὸν
1227 3945 1360 4017 τιμῇ
1393 3946 1486 4000 καὶ
1522 3945 1676 4019 ὕϐρει
1708 3947 1798 4000 τὸν
1831 3947 2006 4002 Πατέ-

424 4057 514 4113 ρα.
544 4039 653 4093 Καὶ
677 4039 779 4111 ὅρα
817 4037 914 4109 τὴν
943 4035 1228 4109 ἀκρίϐειαν
1256 4036 1350 4090 τοῦ
1379 4037 1684 4109 Προφήτου.
1718 4038 1832 4091 Οὐκ
1860 4035 2002 4104 εἷπε,

425 4133 532 4189 Τοῦ
557 4133 804 4197 κολάσαι,
839 4129 996 4195 ἀλλά,
1036 4128 1147 4186 Τοῦ
1179 4129 1536 4185 καταλῦσαυ
1559 4131 1696 4202 ὅπερ
1747 4131 1776 4184 ὁ
1822 4131 2005 4204 ἕτερος

427 4228 767 4299 σαφέστερον
810 4223 978 4296 δηλοῖ,
1011 4222 1206 4293 λέγων,
1243 4222 1352 4277 Τοῦ
1385 4222 1614 4277 ,παῦσαι
1636 4221 1686 4289 ἀ,
1732 4224 2001 4294 τουτέστι,

423 4322 522 4393 τὴν
568 4320 951 4392 ἀναισχυντίαν
1000 4319 1179 4373 αὐτῶν
1237 4317 1464 4382 ἀνελεῖν,
1515 4319 1575 4371 οὐ
1621 4318 1716 4373 τοῦ
1773 4319 2002 4388 διδάξαι·

425 4413 725 4487 ἀδιόρθωτα
749 4413 860 4484 γάρ
891 4412 1129 4467 ἐνόσουν.
1167 4411 1432 4484 Ὀρῶντες
1453 4410 1582 4482 γοῦν
1610 4414 1848 4469 τοιοῦτον
1871 4415 2004 4470 θαῦ-

426 4525 525 4579 μα,
565 4507 661 4561 καὶ
720 4505 885 4577 μηδὲν
937 4503 1150 4575 ἔχοντες
1193 4503 1489 4570 ἀντειπεῖν,
1520 4504 1655 4576 πρὸς
1696 4506 1860 4560 αὐτὸν
1901 4510 2004 4561 511-

422 4600 748 4671 ιστρέφοντο
769 4598 1035 4668 λέγοντες·
1073 4601 1195 4653 Οὐκ
1231 4596 1469 4663 ἀκούεις
1505 4597 1563 4650 τί
1598 4592 1764 4653 οὗτοι
1790 4598 2030 4669 λέγοιμ,

423 4705 490 4746 σι
515 4707 533 4754 ;
561 4692 690 4746 Δέον
714 4692 898 4746 λοιπὸν
925 4692 1296 4763 προσκυνῆσαι
1325 4692 1419 4746 καὶ
1453 4692 1751 4763 θαυμάσαι,
1778 4693 1827 4746 οἱ
1859 4691 1916 4745 δὲ
1949 4695 2004 4746 ὲν

424 4783 705 4856 ἀμηχανία
731 4779 873 4855 ἦσαν
902 4783 1092 4856 πολλῇ,
1117 4785 1210 4838 καὶ
1229 4784 1531 4854 ὀφείλοντες
1553 4783 1803 4856 ἀλλήλοις
1825 4784 2004 4854 λέγειν

423 4873 653 4937 ἕκαστος
683 4874 760 4944 τῷ
788 4873 1033 4945 πλησίον,
1064 4875 1178 4928 Οὐκ
1199 4873 1416 4938 ἀκούεις
1446 4874 1496 4927 τί
1531 4867 1678 4928 οὗτοι
1717 4873 2001 4943 λέγουσιν;

424 4965 655 5036 ἀφέντες
686 4967 912 5028 ἑαυτοὺς
928 4965 1004 5035 τῷ
1029 4963 1248 5037 Χριστῷ
1270 4965 1474 5033 ἔλεγον.
1499 4965 1610 5018 Καὶ
1645 4963 1790 5029 τίνος
1814 4966 2003 5020 ἕνεκεν

423 5057 525 5112 οὐκ
579 5055 827 5126 ἀγγέλων
867 5055 1066 5127 ὴνέχθη
1114 5057 1265 5126 φωνή
1281 5071 1303 5122 ο;
1349 5055 1471 5109 Ὅτι
1509 5057 1684 5110 ἐκεῖνο
1729 5057 1828 5128 μὲν
1872 5057 2007 5128 φάν-

486 5256 515 5284 ⁶
547 5253 684 5304 Unus
705 5254 745 5301 εἰ
768 5252 848 5300 καὶ
883 5250 1222 5313 ἡναισχύντουν
1262 5249 1605 5306 ὐποπτεύοντές
1634 5267 1739 5300 τινα
1757 5251 2007 5309 ὑπόκρισιν

427 5317 562 5372 εἶναι,
587 5315 785 5364 ἐνταῦθα
805 5315 958 5363 οὐδέν.

489 5380 516 5417 ιι
550 5377 680 5426 Unus
703 5377 757 5424 οὐ
785 5377 976 5425 δύναται
993 5375 1150 5437 τυχεῖν
1181 5373 1278 5421 τῶν
1313 5373 1668 5435 ἐπηγγελμένων
1695 5374 2006 5436 ἀγαθῶν·ἔνε·

426 5453 508 5486 κεν
529 5455 640 5485 των.

493 5499 673 5561 ε-Βρς.
717 5497 820 5561 εἶτα
861 5499 1033 5561 ἔτερος.
1061 5497 1150 5548 Hic
1174 5499 1422 5561 interpres
1448 5499 1643 5561 notatur
1671 5497 1730 5545 θ.
1762 5498 1810 5545 in
1838 5497 2008 5561 gpulice

429 5558 715 5610 Barherfno.
739 5558 838 5620 Se}
863 5558 960 5608 dud
983 5573 1096 5608 mss.
1123 5561 1246 5608 hanc
1272 5558 1532 5608 Iéclionem
1556 5560 1749 5620 Aquila
1769 5566 1823 5608 et
1844 5559 2008 5610 Theo-

432 5621 616 5680 dotioui
651 5619 954 5676 adscribunt,
979 5627 1033 5668 υι
1053 5623 1220 5669 videas
1243 5621 1291 5668 in
1317 5621 1552 5680 Hexaplis
1571 5619 1769 5669 ubsms.

491 5679 524 5724 ὁ
558 5682 610 5733 In
634 5680 872 5743 Hexuplis
893 5683 1072 5732 nostris
1095 5683 1196 5732 hac
1219 5683 1368 5732 lectio
1391 5679 1583 5744 Aquila;
1605 5679 1854 5732 tribuitur.

1014 256 1074 313 S.
1114 255 1406 314 JOANNIS
1461 253 1954 312 CHRYSOS’I'OMI
1993 253 2315 311 ARCHIEP.
2353 254 2909 314 CONSTANTINOP.

3587 258 3685 314 HD

2114 386 2300 441 τασμα
2331 373 2514 434 αὐτοῖς
2553 371 2729 438 ἔδοξεν
2768 373 2835 426 ἂν
2872 370 3028 426 εἶναι·
3065 373 3199 444 πρὸς
3234 373 3392 426 τοῦτο
3430 369 3493 426 δὲ
3535 370 3688 427 οὐδὲν

2111 457 2256 532 εἶχον
2289 465 2584 518 ἀντειπεῖν.
2608 464 2672 516 Τί
2697 463 2751 517 δὲ
2787 463 2970 532 ἔλεγον
2998 463 3068 517 τὰ
3093 464 3316 527 παιδίας
3349 463 3516 518 Οὐδὲν
3549 480 3684 536 φορ.

2110 555 2282 617 τικὸν,
2309 556 2429 609 οὐδὲ
2462 555 2717 626 ἐπαχθὲς,
2745 554 2864 608 οὐδὲ
2897 555 3078 609 ίκανὸν
3101 555 3294 618 αὐτοὺς
3314 553 3532 624 πλῆξαι,
3557 555 3692 610 ἀλλά

2113 647 2348 716 μάλιστα
2379 648 2478 719 τὴν
2499 647 2817 718 συμφωνίαν
2838 647 2935 719 τὴν
2957 648 3091 719 πρὸς
3113 647 3203 700 τὸν
3226 647 3442 718 Πατέρα
3471 647 3684 717 δηλοῦν.

2110 741 2554 811 Εὐλογημένος,
2605 741 2808 811 ελεγον,
2862 744 2896 796 ό
2941 741 3264 810 ἐρχόμενος
3325 738 3396 792 ἐν
3440 739 3683 810 ὀνόματι

2107 833 2350 901 Κυρίου.

2179 994 2247 1062 γ’.
2265 995 2394 1048 Τότε
2417 996 2516 1066 μὲν
2529 993 2620 1051 οὖν
2636 997 2926 1052 κατέλυσεν
2938 997 3117 1052 αὐτῶν
3132 997 3230 1067 τὴν
3241 997 3624 1069 ἀναισχυντίαν
3640 1012 3686 1063 ⁸,

2111 1077 2336 1152 ὕστερον
2365 1082 2421 1136 δὲ
2454 1084 2626 1147 πόλιν,
2659 1085 2752 1138 καὶ
2787 1085 2950 1157 μέρος
2973 1084 3126 1139 οὐδέν
3159 1086 3274 1138 ἐστι
3313 1086 3409 1156 τῆς
3437 1087 3687 1156 οἰκουμέ-

2110 1186 2207 1236 νης
2248 1169 2356 1222 τῶν
2395 1172 2698 1226 Ἰουδαϊκῶν
2727 1172 2951 1244 ἄπειρον
2986 1173 3299 1244 συμφορῶν’
3353 1173 3467 1227 ἀλλ’
3500 1173 3687 1246 ῶσπερ

2111 1259 2269 1331 σῶμα
2303 1261 2602 1334 ἀνάπηρον,
2635 1263 2909 1334 πανταχοῦ
2933 1263 3248 1323 διαδέδοται,
3290 1262 3357 1316 τὰ
3397 1261 3686 1332 τραύματα

2107 1349 2568 1422 ἐπιδεικνύμενονο
2597 1352 2688 1404 καὶ
2711 1351 2960 1423 καθάπερ
2988 1352 3036 1404 οἱ
3056 1350 3304 1404 δικασταὶ
3333 1349 3560 1413 πολλοὺς
3581 1348 3687 1403 τῶν

2108 1438 2446 1508 ἀνδροφόνων
2473 1441 2692 1494 ἐπειδάν
2719 1440 2998 1506 ἀνέλωσιν,
3021 1440 3115 1493 ἕνα
3147 1439 3685 1504 ἀνασκολοπίζουσι-θ,

2108 1521 2194 1576 ἵνα
2215 1526 2309 1578 καὶ
2328 1525 2764 1596 τελευτησάντων
2777 1526 2974 1590 αὐτῶν,
2996 1525 3108 1599 [81]
3125 1525 3310 1598 ὥσπερ
3326 1527 3519 1579 νεωστὶ
3539 1543 3690 1594 γεγεο

2105 1629 2168 1682 νη
2179 1613 2337 1682 μένον
2358 1613 2418 1666 τὸ
2435 1614 2605 1677 πάθος
2631 1615 2934 1686 σωφρονίζῃ
2959 1616 3082 1676 τοὺς
3102 1613 3328 1679 ζῶνταςο
3347 1614 3487 1668 οὕτω
3509 1613 3571 1685 δὴ
3591 1615 3685 1668 καὶ

2106 1699 2338 1755 ἐνταῦθα
2365 1702 2426 1755 οὐ
2461 1702 2906 1773 τελευτήσαντας,
2937 1701 3072 1755 ἀλλὰ
3103 1701 3308 1766 ζῶντας
3341 1702 3686 1774 παράδειγμα

2108 1789 2274 1841 πᾶσιν
2297 1789 2540 1860 ἐποίησε,
2565 1789 2884 1862 διασπείρας
2911 1789 3128 1853 αὐτούς’
3157 1789 3312 1842 καὶοὶ
3337 1789 3461 1860 μίαν
3485 1787 3690 1842 οἰκοῦν-

2101 1889 2194 1939 τες
2218 1875 2423 1948 χώραν,
2449 1877 2542 1929 νῦν
2576 1877 2851 1947 πανταχοῦ
2887 1877 2982 1948 τῆς
3011 1876 3114 1946 γῆς
3143 1878 3248 1929 εἰσι
3273 1875 3678 1948 διεσπαρμένοι.

2103 1962 2224 2016 Κᾶν
2253 1964 2536 2036 ἐρωτήσῃς
2558 1963 2656 2034 τὴν
2679 1964 2878 2026 αἰτίαν,
2907 1963 3168 2034 οὐδεμίαν
3203 1963 3368 2034 ἀλλην
3401 1964 3678 2033 εὑρήσεις,

2103 2049 2218 2102 ἀλλ’
2249 2050 2366 2122 ῆτὸ
2401 2051 2711 2123 σταυρῶσαι
2735 2051 2826 2106 τὸν
2859 2050 3112 2122 Χριστόν.
3145 2049 3244 2104 Διά
3262 2050 3312 2103 τί
3345 2049 3452 2120 γάρ
3491 2049 3685 2116 οὕτως,

2105 2140 2226 2192 εἰπέ
2252 2157 2362 2210 μοι,
2391 2139 2546 2194 τοῦτο
2569 2140 2642 2211 μὴ
2670 2141 2924 2208 γέγονεν;
2966 2139 3104 2192 Ἀλλ’
3131 2141 3178 2192 εἰ
3205 2139 3297 2193 καὶ
3318 2138 3507 2207 γέγονέ
3531 2155 3682 2202 ποτε,

2104 2229 2184 2291 εἰς
2221 2226 2373 2291 ἔθνος
2415 2227 2472 2281 ἒν
2519 2227 2926 2300 ἀφωρίσθησαν,
2971 2228 3064 2281 καὶ
3105 2228 3196 2280 ἐπὶ
3236 2226 3411 2280 ἐτεσιν
3461 2225 3683 2293 ὀλίγοις·

2103 2315 2220 2368 νυνὶ
2255 2314 2312 2368 δὲ
2349 2315 2446 2386 οὐχ
2483 2314 2674 2380 οῦτως,
2707 2314 2836 2368 ’ἀλλ’
2872 2312 3152 2385 ἀπέραντα
3191 2311 3528 2375 κολάζονται.
3565 2313 3686 2365 Κᾶν

2102 2403 2384 2474 ἐρωτήσῃς
2425 2402 2643 2465 αὐτοὺς,
2679 2400 2778 2454 Διά
2809 2400 2862 2454 τί
2885 2399 3268 2472 ἐσταυρώσατε
3296 2400 3386 2452 τὸν
3414 2397 3682 2470 Χριστόνς

2103 2488 2370 2558 λέγουσιν,
2413 2490 2500 2552 Ὠς
2519 2489 2716 2544 πλάνον
2755 2489 2849 2544 καὶ
2881 2489 3052 2560 γόητα
3082 2489 3229 2543 ὅντα.
3275 2485 3484 2542 Οὐκοῦν
3538 2486 3680 2559 ὐπέρ

2102 2577 2291 2632 τούτου
2339 2577 2635 2649 τιμηθῆναι
2686 2576 2814 2641 ἔδει,
2854 2577 2949 2632 καὶ
2985 2577 3205 2630 πλείονα
3237 2574 3421 2647 χώραν
3447 2575 3685 2647 προσλα·

2103 2665 2238 2734 δεῖν,
2259 2665 2334 2730 ὼς
2357 2666 2658 2737 ἀρέσαντας
2683 2665 2762 2736 τῷ
2783 2665 2922 2737 Θεῷ.
2959 2665 3017 2718 Ὀ
3041 2663 3150 2736 γὰρ
3178 2663 3378 2717 πλάνον
3403 2662 3497 2716 καὶ
3513 2661 3684 2732 γόητα

2102 2755 2195 2810 καὶ
2235 2753 2477 2809 ἀντίθεον
2506 2753 2729 2817 ἀνελὼν,
2761 2754 2952 2825 ἐχθρὸν
2996 2751 3092 2807 τοῦ
3134 2749 3270 2806 Θεοῦ
3312 2751 3510 2805 ἀνεῖλεο
3556 2752 3586 2804 6
3622 2747 3683 2803 δὲ

2102 2842 2295 2915 ἐχθρὸν
2327 2841 2551 2908 ἀνελὼν,
2579 2841 2881 2913 εὐδοκιμεῖν
2921 2840 2988 2895 ἂν
3030 2841 3117 2912 εἴη
3145 2840 3371 2904 δίκαιος.
3405 2836 3519 2892 Νῦν
3562 2836 3619 2890 δὲ
3653 2837 3685 2892 ὀ

2107 2931 2204 3002 μὲν
2229 2929 2432 2994 Φινεὲς,
2464 2930 2550 2983 ἴνα
2584 2930 2713 3000 μίαν
2747 2929 2914 3000 ἀνέλῃ
2951 2930 3176 3000 πόρνην,
3203 2927 3376 2990 οὓτως
3396 2925 3686 2998 εὐδοκίμη·

2104 3033 2163 3070 σε
2195 3015 2342 3090 παρὰ
2383 3015 2461 3087 τῷ
2499 3015 2638 3087 Θεῷ,
2663 3016 2739 3080 ώς
2772 3016 2866 3070 καὶ
2899 3014 3196 3088 ἱερωσύνης
3239 3013 3556 3085 ἀξιωθῆναι,
3589 3012 3686 3067 καὶ

2101 3103 2368 3173 τοσαύτης
2401 3106 2587 3174 τιμῆςθ
2624 3103 2780 3173 ὑμεῖς
2799 3102 2877 3164 δὲ,
2901 3103 2950 3157 οἰ
2975 3101 3174 3173 μᾶλλον
3207 3101 3416 3155 ἐκείνου
3443 3099 3689 3170 ὀφείλον-

2102 3207 2191 3254 τες
2221 3190 2528 3262 εὐδοκιμεῖν
2565 3187 2764 3261 πολλῷ,
2795 3189 2910 3259 εἴγε
2946 3189 3145 3243 πλάνον
3181 3188 3441 3251 ἀνείλετε,
3485 3187 3688 3257 ἀλῆται

2103 3278 2198 3332 καὶ
2237 3278 2490 3342 ἀπόλιδες
2517 3277 2808 3350 περιάγετε
2841 3275 3134 3348 πανταχοῦ.
3167 3277 3330 3328 Ὥστε
3360 3275 3422 3328 οὐ
3453 3273 3522 3329 δι’
3555 3273 3686 3328 ἄλλο

2102 3383 2155 3420 τι
2178 3365 2353 3420 ταῦτα
2383 3365 2707 3426 πεπόνθατε,
2745 3363 2860 3418 ἀλλ’
2886 3364 2920 3435 ἢ
2946 3365 3028 3418 δτι
3066 3364 3376 3438 προστάτην
3414 3363 3507 3418 καί
3527 3363 3687 3432 εὐερ-

2102 3454 2266 3524 γέτην
2297 3453 2390 3507 καὶ
2411 3451 2665 3524 ἀληθείας
2691 3450 3008 3507 διδάσκαλον
3040 3448 3443 3523 ἐσταυρώσατε.
3478 3451 3540 3502 Εἰ
3572 3450 3682 3522 γάρ

2105 3544 2302 3607 πλάνος
2326 3540 2394 3616 ἦν
2428 3541 2520 3596 καὶ
2545 3541 2808 3605 ἀντίθεος,
2841 3540 2955 3606 καὶ,
2997 3539 3072 3613 μὴ
3107 3539 3183 3595 ὢν
3211 3540 3364 3604 Θεὸς,
3391 3539 3521 3604 Θεὸς
3544 3536 3683 3596 εἶναι

2103 3630 2374 3696 ἐϐούλετο,
2405 3631 2500 3684 καὶ
2549 3628 2612 3682 τὸ
2651 3627 2746 3681 τοῦ
2782 3627 2996 3700 Πατρὸς
3029 3627 3195 3692 σέϐας
3237 3629 3318 3690 είς
3348 3627 3537 3680 ἑαυτὸν
3586 3629 3688 3680 ἑπ-

2103 3720 2328 3782 εσπᾶτο,
2360 3715 2567 3772 καὶτοῦ
2595 3716 2798 3779 Φινεὲς,
2822 3714 3027 3769 καὶτοῦ
3053 3714 3324 3786 Σαμουὴλ,
3348 3715 3442 3768 καὶ
3468 3715 3685 3769 πάντων

2104 3805 2328 3860 ἐκείνων
2386 3804 2584 3878 μᾶλλον
2633 3804 2776 3874 ὑμᾶς
2827 3803 3180 3874 εὐδοκιμῆσαι
3242 3803 3370 3871 ἔδει,
3433 3801 3686 3857 τοσοῦτον

2105 3895 2244 3966 ὑπὲρ
2267 3893 2360 3948 τοῦ
2390 3894 2551 3966 νόμου
2580 3891 2948 3964 ζηλώσαντας.
2973 3892 3111 3945 Νυνὶ
3132 3892 3211 3956 δὲ,
3231 3891 3268 3946 ἀ
3298 3891 3561 3962 μηδέποτε
3591 3906 3686 3942 πε-

2109 3983 2342 4037 πόνθατε
2373 3979 2902 4051 εἰδωλολατροῦντες,
2932 3979 3276 4044 ἀσεϐοῦντες,
3312 3981 3508 4041 παῖδας
3547 3979 3686 4047 σφά-

2108 4069 2311 4138 ζοντες,
2339 4069 2516 4124 ταῦτα
2537 4067 2838 4123 πεπόνθατε
2867 4069 2984 4133 νῦν,
3021 4068 3114 4122 καὶ
3143 4067 3293 4128 λύσις
3317 4065 3540 4136 οὐδεμία
3569 4066 3683 4119 τῶν

2104 4157 2312 4225 δεινῶν,
2339 4157 2434 4211 καὶ
2463 4155 2659 4227 ἀλῆται
2704 4156 2795 4209 καὶ
2836 4155 3072 4225 φυγάδες
3107 4153 3200 4205 καὶ
3239 4152 3427 4205 πλάνοι
3476 4151 3569 4204 καὶ
3599 4154 3687 4207 νό-

2109 4263 2230 4318 μοις
2274 4244 2559 4316 Ῥωμαίων
2583 4242 2945 4306 δουλεύοντες,
2981 4238 3304 4312 μετέρχεσθε
3334 4239 3436 4310 γῆν
3461 4240 3556 4292 καὶ
3583 4239 3685 4293 θά-

2105 4333 2323 4397 λατταν,
2387 4330 2715 4403 μετανάσται
2772 4329 2868 4382 καὶ
2921 4327 3192 4392 ἀπόλιδες,
3238 4329 3412 4381 ἄοικοι
3465 4327 3689 4394 x0155-

2106 4419 2613 4495 ηνδραποδισμένοι,
2640 4416 2951 4487 ἐλευθερίας
2981 4415 3074 4469 καὶ
3103 4413 3358 4486 πατρίδος
3403 4415 3498 4468 καί⁵
3528 4417 3688 4488 ίερωο

2108 4510 2272 4580 σύνης
2295 4509 2386 4561 καὶ
2405 4507 2620 4560 πάντων
2642 4503 2749 4558 τῶν
2770 4502 2962 4576 πρώην
2987 4501 3217 4572 ὲκϐεϐλη
3227 4502 3397 4574 μένοι,
3421 4503 3478 4557 ὲν
3498 4503 3686 4574 μέσοις

2108 4598 2404 4670 βαρϐάροις
2440 4597 2533 4650 καὶ
2578 4595 2790 4666 μυρίοις
2831 4592 3007 4647 ἔθνεσι
3045 4591 3456 4664 διεσπαρμένοι,
3503 4591 3689 4662 μισού-

2109 4705 2260 4759 μενοι
2289 4685 2440 4756 παρά
2479 4685 2701 4739 πάντων
2739 4682 3058 4757 ἀνθρώπων,
3097 4681 3359 4753 βδελυροὶ,
3391 4682 3486 4734 καὶ
3518 4682 3686 4734 πᾶσιν

2106 4779 2187 4841 εἰς
2232 4778 2292 4831 τὸ
2317 4773 2504 4839 κακῶς
2546 4773 2736 4827 παθεῖν
2767 4772 3136 4844 προκείμενοι.
3172 4771 3319 4825 Πάνυ
3352 4785 3436 4838 γε·
3488 4770 3548 4822 οὐ
3577 4768 3686 4840 γάρ

2107 4866 2330 4920 ἐλάϐετε
2357 4863 2425 4918 τὰ
2452 4861 2682 4925 ἔπαθλα,
2718 4861 2799 4914 ὅτι
2827 4861 2921 4914 τοῦ
2947 4860 3080 4914 Θεοῦ
3107 4859 3198 4913 τὸν
3223 4857 3417 4929 ἐχθρὸν
3446 4856 3684 4926 ὲσφάξα-

2105 4973 2186 5012 τε’
2219 4957 2384 5028 μανία
2414 4953 2588 5008 ταῦτα
2619 4954 2711 5007 καὶ
2743 4952 2926 5023 λῆρος.
2966 4952 3031 5003 "A
3056 4949 3164 5022 γὰρ
3200 4949 3437 5018 πάσχετε
3472 4949 3586 5012 νῦν,
3625 4949 3688 5001 οὐ

2106 5047 2213 5102 τῶν
2245 5045 2474 5118 ἐχθροὺς
2503 5043 2597 5097 τοῦ
2639 5040 2775 5095 Θεοῦ
2810 5039 3174 5112 ἀναιρούντων
3205 5039 3372 5100 ἐστὶν,
3411 5035 3548 5091 ἀλλά
3579 5036 3688 5090 τῶν

2107 5136 2293 5208 φίλους
2325 5133 2729 5206 διαχρωμένων.
2778 5129 2938 5191 Ἀλλ’,
2969 5122 3014 5180 ὦ
3045 5127 3178 5189 ’τᾶν,
3219 5124 3391 5179 ταῦτα
3435 5127 3495 5180 οὐ
3535 5125 3687 5193 λέγο-

2110 5242 2230 5296 μεν,
2265 5222 2397 5294 φασί
2422 5220 2465 5260 ί·
2491 5219 2580 5274 διὰ
2604 5221 2702 5281 τὰς
2737 5216 3010 5288 ἁμαρτίας
3048 5214 3218 5268 ταῦτα
3243 5214 3543 5285 πάσχομεν.
3571 5213 3686 5266 Νῦν

2108 5309 2518 5385 ἐξομολογεῖσθε
2551 5308 2599 5361 οἱ
2629 5305 2907 5370 ἀπειθεῖς;
2944 5302 3040 5356 καὶ
3079 5302 3235 5366 ποίας
3271 5303 3578 5373 ἁμαρτίας;
3610 5302 3688 5354 εἰ-

2176 5503 2199 5530 ο
2222 5490 2343 5538 Post
2385 5481 2728 5547 0v0:0-xw1€0v_
2761 5482 2808 5530 iu
2855 5479 3030 5547 M0r_cl.
3096 5478 3285 5527 addllur
3308 5474 3400 5524 ἀπὸ
3437 5479 3522 5532 τῆς
3568 5473 3687 5538 χρή-

2109 5570 2250 5609 σεως,
2274 5551 2320 5598 id
2341 5547 2471 5609 quod
2494 5540 2882 5609 id'cwggrispgn
2905 5540 3141 5609 habel’pr,‘
3263 5597 3334 5609 ’ἡ
3402 5595 3432 5609 η
3479 5595 3551 5609 Μ
3596 5598 3630 5609 ﬂ

2179 5595 2320 5661 Γὲίέ
2341 5595 2447 5657 ςέοα.
2477 5609 2529 5656 1:.
2556 5614 2607 5655 e:
2633 5605 2804 5669 Morel.
2830 5605 2950 5669 Reg.
2977 5609 3028 5653 c:
3045 5601 3203 5662 £010.,
3227 5605 3279 5650 e:
3301 5595 3453 5650 Savn.
3478 5595 3690 5650 man:

2111 5678 2222 5725 ὅταν
2245 5671 2393 5721 ταῦτα
2416 5671 2644 5732 λέγωμεν,
2675 5668 2806 5734 φασί.
