4112 6214
358 294 460 349 109

359 405 434 458 ait
464 421 476 456 :
509 402 636 470 Quis
664 401 780 471 {erit
813 410 1014 454 mutum
1041 407 1090 454 st
1115 397 1326 454 surdum
1349 436 1364 458 ,
1390 395 1636 449 videntem
1673 401 1718 445 ct
1747 401 1935 443 ciccum

353 491 553 562 (Exod.
578 493 632 546 4.
664 492 796 561 H)?
826 490 896 546 Et
922 504 1109 544 rursus
1138 507 1152 544 :
1184 487 1286 555 Qui
1313 486 1399 540 dot
1437 486 1640 555 linguas
1678 478 1937 549 expeditas

353 585 418 640 iis
439 623 456 651 ,
477 583 568 654 qui
595 593 712 637 sunt
733 581 1067 652 impcditioris
1105 580 1291 650 lingua:
1311 576 1460 643 (Isai.
1488 577 1576 631 55.
1609 574 1688 644 6).
1720 573 1786 626 Et
1817 585 1935 624 rur—

353 689 447 730 sus
479 693 494 730 :
525 672 774 728 Dominus
803 673 890 726 dat
922 671 1045 725 mihi
1083 673 1309 740 linguam
1350 667 1633 738 disciplina:
1653 706 1666 729 ,
1703 672 1754 716 ut
1781 661 1938 715 sciam

352 765 556 836 quando
611 772 809 835 oportet
861 763 998 832 loqui
1046 778 1319 817 sermonem
1377 758 1487 831 (Id.
1533 756 1622 812 50.
1665 753 1746 824 4).
1805 752 1939 806 Dicit

355 857 518 912 etiam
566 855 616 909 in
664 853 924 924 principio
959 872 972 908 :
1011 852 1212 918 Venite,
1243 850 1622 914 descendemus,
1651 856 1698 901 et
1726 847 1943 914 confun-

359 947 544 1000 damus
573 946 806 1014 ipsorum
848 947 1046 1017 linguas
1077 944 1227 1014 (Gen.
1264 946 1350 998 11.
1383 945 1460 1014 7).
1489 943 1674 1011 Magna
1702 954 1828 1007 ergo
1860 946 1944 991 est

358 1050 412 1096 et
433 1037 606 1094 valida
635 1037 1040 1092 demonstratio.
1070 1037 1126 1091 In
1155 1037 1274 1090 aliis
1301 1035 1468 1099 enim,
1493 1033 1593 1086 etsi
1623 1040 1822 1101 pneter
1860 1043 1947 1080 ra-

362 1125 584 1187 tionem,
613 1120 786 1191 aliqua
815 1131 988 1176 tamen
1027 1128 1272 1191 suspecta
1303 1118 1571 1172 habebant
1610 1111 1947 1184 impudentes

362 1214 439 1268 illi
467 1231 482 1266 :
514 1212 600 1266 hic
628 1222 803 1267 autem
835 1212 962 1266 nihil
996 1219 1286 1282 potuerunt
1311 1210 1512 1273 dicere,
1541 1221 1662 1260 cum
1709 1204 1821 1272 ipsa
1856 1217 1948 1270 per

364 1319 423 1359 se
455 1314 642 1358 natura
671 1302 806 1358 nuda
836 1303 1204 1358 contenderet.
1229 1302 1296 1355 Et
1331 1299 1453 1353 ideo
1497 1312 1602 1351 non
1643 1294 1779 1349 dixit
1819 1292 1948 1346 sim-

364 1395 594 1465 pliciter,
621 1393 933 1464 Infantiam,
976 1410 1045 1449 ne
1096 1394 1219 1463 quis
1265 1392 1582 1444 innocentes
1640 1395 1694 1442 et
1741 1384 1947 1454 simpli-

367 1487 541 1542 ciores
565 1501 684 1541 eum
712 1485 894 1541 dicere
918 1494 1130 1556 putaret
1155 1501 1170 1550 ;
1203 1483 1297 1538 sed
1326 1481 1596 1551 subjunxit
1621 1521 1636 1546 ,
1668 1480 1733 1532 Et
1757 1479 1946 1532 lacten-

371 1579 526 1641 tium,
557 1586 767 1632 mtatem
798 1577 904 1631 cibi
931 1576 1234 1644 adiectione
1275 1575 1599 1650 exprimens.
1637 1571 1752 1626 Non
1802 1568 1945 1624 enim

367 1667 503 1722 dixit
543 1666 920 1732 solummodo,
953 1664 1265 1734 Infantiam,
1307 1664 1400 1718 sed
1433 1664 1591 1718 etiam
1640 1662 1801 1716 ubera
1851 1674 1946 1714 su-

365 1759 631 1828 gentium,
673 1759 761 1829 qui
809 1757 1041 1813 nondum
1071 1757 1226 1812 solidi
1255 1757 1357 1811 cibi
1387 1757 1598 1812 fuerunt
1634 1754 1945 1826 participes.

363 1851 478 1907 Non
526 1861 608 1906 est
651 1867 780 1921 ergo
825 1851 925 1905 hoc
972 1850 1146 1904 solum
1191 1849 1525 1916 admirabile,
1557 1847 1698 1919 quod
1735 1861 1945 1912 vocem,

363 1959 586 2014 eamque
614 1943 812 1998 claram
857 1953 910 1998 et
957 1958 1265 2014 expressam
1315 1943 1614 2007 emiserint,
1642 1941 1736 1998 sed
1785 1941 1949 1996 etiam

363 2035 503 2106 quod
531 2037 740 2105 plenam
769 2035 922 2090 bonis
955 2035 1452 2090 innumerabilibus.
1483 2035 1614 2103 Qua:
1640 2034 1782 2088 enim
1821 2047 1950 2104 apo-

367 2125 488 2180 stoli
515 2124 749 2180 nondum
775 2135 1055 2191 noverant,
1087 2141 1148 2180 ea
1177 2125 1326 2194 pueri
1359 2126 1570 2196 hymnis
1587 2125 1948 2179 celebrabant.

365 2215 450 2270 Ex
479 2215 582 2269 hoc
613 2215 775 2268 etiam
819 2214 1014 2285 aliquid
1047 2215 1192 2269 aliud
1219 2215 1519 2284 significat,
1561 2230 1752 2284 nempe
1794 2229 1955 2285 opor-

368 2314 482 2360 tere
512 2319 640 2368 eos,
672 2305 763 2374 qui
813 2304 878 2358 ad
925 2304 1175 2372 dogmata
1216 2305 1509 2369 accedunt,
1539 2307 1718 2360 animo
1758 2319 1952 2375 pueros

369 2392 534 2448 efﬁci.
566 2392 622 2448 Si
649 2395 770 2463 quis
795 2395 936 2448 enim
961 2409 1065 2448 non
1095 2395 1389 2465 susceperit
1433 2411 1653 2466 regnum
1701 2397 1952 2450 caelorum

371 2492 433 2538 ut
457 2483 890 2552 puellus,inquit,
911 2499 1015 2537 non
1039 2496 1208 2554 poteSI
1235 2487 1286 2538 in
1316 2485 1489 2553 ipsum
1521 2485 1722 2554 ingredi
1741 2486 1952 2556 (Matth.

377 2572 467 2626 18.
495 2572 576 2641 5).
604 2569 820 2640 Propter
841 2572 1068 2624 inimicos
1096 2583 1225 2626 tuos.
1258 2575 1394 2626 Dicit
1422 2575 1582 2626 etiam
1611 2589 1822 2627 causam
1863 2591 1960 2628 cur

378 2661 485 2715 hoc
523 2661 837 2714 miraculum
894 2659 1093 2715 factum
1141 2662 1230 2716 sit.
1261 2662 1376 2716 Alia
1417 2663 1558 2716 enim
1609 2678 1713 2716 non
1747 2673 1963 2733 propter

377 2751 629 2805 inimicos
676 2749 813 2805 facta
860 2759 1018 2816 sunt,
1052 2751 1146 2806 scd
1193 2761 1245 2806 ut
1286 2752 1961 2827 accedentesbeneticium

376 2842 706 2910 acciperent.
739 2853 788 2896 et
819 2844 908 2897 alii
938 2842 1292 2898 docerentur:
1317 2845 1418 2899 hoc
1442 2855 1618 2900 autem
1657 2864 1759 2900 non
1787 2849 1960 2903 solum

375 2943 657 3004 propterea
682 2933 873 2988 factum
903 2943 1014 3000 est,
1043 2935 1134 2989 sed
1163 2946 1218 2989 ut
1247 2937 1626 2992 obturarentur
1655 2954 1744 2992 ora
1776 2939 1960 2993 inimi-

373 3041 559 3081 corum
581 3042 594 3078 :
613 3040 746 3096 quos
769 3027 926 3081 etiam
951 3027 1088 3081 alius
1107 3028 1302 3083 clarius
1319 3029 1640 3099 significans.
1659 3029 1805 3095 dicit,
1829 3029 1962 3085 Pro-

374 3126 484 3189 pter
511 3118 762 3189 ittigantes
803 3129 868 3174 te.
903 3119 940 3175 li
971 3121 1112 3174 cnim
1160 3137 1280 3176 eum
1321 3122 1606 3194 alligarunt
1635 3123 1848 3178 ductum
1891 3124 1958 3179 ad

374 3225 613 3266 crucem.
647 3210 714 3266 Ut
761 3213 991 3268 destruas
1030 3214 1290 3268 inimicum
1326 3225 1371 3268 et
1415 3218 1647 3270 ultorem.
1675 3218 1823 3271 Alius
1845 3260 1859 3281 ,
1892 3216 1960 3274 Ut

374 3319 664 3374 corripescas
701 3305 990 3368 inimicum,
1015 3315 1061 3360 et
1090 3307 1177 3376 qui
1211 3308 1430 3376 seipsum
1475 3309 1753 3374 ulciscitur,
1796 3325 1963 3379 popu-

377 3395 488 3450 lum
519 3395 604 3450 hic
633 3395 1128 3452 dicensJudaieum.
1159 3398 1426 3454 Christum
1455 3401 1596 3454 enim
1626 3401 1964 3471 expellebant

377 3495 438 3541 ut
466 3486 756 3551 inimicum,
785 3503 894 3556 pra:
923 3503 980 3542 se
1013 3487 1251 3543 ferebant
1277 3501 1453 3543 autem
1487 3490 1586 3545 hoc
1617 3490 1792 3546 facere
1821 3501 1957 3546 tam-

376 3592 534 3647 quam
563 3577 771 3631 Patrem
802 3579 1138 3634 ulciscentes.
1169 3581 1231 3635 Et
1263 3581 1385 3637 ideo
1417 3586 1552 3638 hanc
1593 3584 1696 3638 illis
1738 3599 1959 3639 excusa-

380 3669 575 3724 tionem
601 3667 868 3732 auferens.
892 3671 1103 3727 dicebat
1127 3692 1142 3729 :
1176 3675 1273 3741 Qui
1291 3693 1366 3730 me
1383 3677 1508 3742 odit,
1535 3678 1642 3731 odit
1675 3688 1720 3731 et
1751 3675 1958 3732 Patrem

376 3759 736 3828 meum(.loan.
770 3763 855 3816 15.
885 3763 978 3832 25)
1005 3779 1018 3827 ;
1050 3773 1104 3818 et
1144 3779 1331 3820 rursus
1362 3784 1375 3821 :
1407 3766 1505 3833 Qui
1551 3767 1706 3821 credit
1751 3769 1804 3822 in
1846 3786 1955 3836 me,

378 3851 536 3903 credit
572 3850 624 3903 in
652 3868 761 3904 eum
788 3851 871 3922 qui
902 3869 980 3906 nte
1012 3855 1144 3907 misit
1176 3853 1194 3926 (
1223 3854 1312 3910 1d.
1349 3856 1433 3910 12.
1468 3858 1536 3912 14
1559 3859 1578 3929 )
1603 3876 1617 3912 :
1643 3859 1831 3913 honori
1862 3875 1958 3914 suo

377 3949 433 3993 et
460 3940 664 4007 injuria
710 3955 927 4011 semper
979 3942 1193 3999 Patrem
1234 3947 1579 4017 ennjuugens.
1619 3949 1751 4005 Vide
1799 3967 1957 4021 quam

377 4041 622 4086 accurate
651 4033 900 4102 loquutus
927 4033 996 4087 sit
1024 4035 1306 4106 propheta.
1340 4036 1450 4091 Non
1477 4039 1625 4102 dixit,
1656 4039 1720 4096 Ut
1749 4043 1957 4111 punias,

374 4119 472 4174 sed
507 4120 573 4176 Ut
597 4122 825 4177 destruas
845 4124 1021 4194 :quod
1059 4125 1195 4181 alius
1223 4127 1419 4182 clarius
1447 4129 1722 4199 signiﬁcat,
1755 4133 1958 4200 dicens,

379 4211 448 4266 ω
476 4229 670 4268 cessare
699 4216 880 4287 facias,
912 4216 1012 4271 hoc
1044 4228 1162 4285 est,
1183 4226 1238 4272 ut
1280 4233 1464 4274 eorum
1507 4223 1573 4275 de
1601 4222 1774 4275 medio
1807 4224 1962 4279 tollas

385 4304 780 4374 impudentiam,
806 4325 910 4361 non
940 4319 995 4362 ut
1017 4309 1211 4364 doceas
1235 4328 1248 4365 :
1275 4310 1583 4365 laborabant
1607 4313 1749 4366 enim
1777 4314 1963 4369 morbo

381 4394 680 4451 incurabili.
698 4397 831 4452 Cum
863 4415 990 4470 ergo
1022 4402 1125 4456 tale
1155 4401 1395 4456 viderent
1423 4403 1738 4477 miraculum
1761 4445 1774 4466 ,
1801 4414 1855 4459 et
1885 4406 1965 4460 ni-

381 4486 455 4542 hil
484 4499 703 4557 possent
730 4499 913 4544 contra
942 4490 1122 4547 dicere
1142 4534 1157 4558 ,
1201 4494 1254 4547 in
1285 4494 1457 4563 ipsum
1489 4497 1957 4564 convertebantur,

377 4576 618 4632 dicentes
646 4595 660 4631 :
690 4577 810 4633 Non
850 4581 997 4634 audis
1025 4584 1150 4654 quid
1175 4585 1228 4637 hi
1252 4586 1422 4638 dicant
1455 4585 1668 4656 (illati/1.
1699 4589 1788 4642 2|.
1826 4589 1961 4658 16)?

379 4667 446 4723 Et
471 4684 592 4722 cum
616 4680 883 4738 oporteret
909 4672 1160 4743 deinceps
1187 4675 1412 4731 adorare
1437 4686 1490 4731 et
1520 4677 1792 4745 admirari,
1809 4689 1961 4736 erant

378 4759 533 4815 valde
561 4763 798 4830 perplexi
821 4772 875 4816 et
908 4764 1094 4819 incerti
1124 4767 1248 4836 quid
1277 4778 1526 4837 agerent,
1556 4781 1610 4824 et
1638 4786 1758 4824 cum
1794 4771 1954 4827 debe-

378 4860 498 4906 rent
523 4852 662 4906 inter
699 4869 758 4908 se
796 4855 995 4921 dicere,
1015 4856 1128 4912 Non
1186 4860 1336 4916 audis
1387 4861 1513 4930 quid
1554 4862 1605 4916 hi
1654 4862 1880 4918 dicunt?
1907 4864 1959 4919 id

376 4945 569 5014 seipsis
609 4946 846 5000 dimissis
881 4946 1093 5002 Christo
1119 4950 1382 5006 dicebant.
1415 4953 1480 5007 Et
1510 4969 1604 5008 cur
1633 4969 1737 5008 non
1765 4957 1958 5010 emissa

377 5049 460 5094 est
481 5054 581 5092 vox
608 5041 1132 5108 angelorum?Quod
1174 5044 1299 5097 illud
1321 5045 1534 5115 quidem
1571 5058 1838 5117 spcctrum
1881 5049 1959 5104 eis

376 5129 637 5199 potuisset
664 5130 828 5186 videri
853 5149 866 5197 ;
890 5133 953 5186 ad
987 5134 1086 5188 hoc
1111 5148 1285 5189 autem
1314 5138 1442 5191 nihil
1471 5148 1715 5206 poterant
1743 5149 1959 5194 contra-

373 5221 574 5276 dicere.
601 5223 736 5288 Quid
781 5235 957 5279 autem
994 5226 1242 5282 dicebant
1291 5231 1476 5299 pueri?
1502 5230 1637 5284 Nihil
1674 5247 1834 5301 grave
1870 5242 1961 5287 aut

375 5314 760 5383 importunum,
791 5333 886 5372 nec
909 5321 1046 5387 quod
1071 5337 1162 5375 eos
1186 5325 1297 5390 iure
1327 5334 1503 5393 posset
1531 5327 1843 5396 percellere,
1865 5327 1960 5382 sed

373 5405 514 5474 quod
545 5405 662 5476 ejus
703 5424 824 5462 cum
856 5409 1011 5465 Patre
1046 5416 1452 5471 consensionem
1491 5420 1722 5474 maxime
1763 5421 1961 5492 signiti-

371 5632 908 5748 piinor,
935 5639 1224 5703 signiﬁcans.
1253 5646 1406 5698 litera
1430 5649 1558 5701 enim
1589 5661 1620 5704 c
1651 5653 1809 5706 litera:
1832 5663 1958 5706 cra:-

1453 274 1814 338 EXPOSITIO
1853 269 1916 326 ιΝ
1956 267 2279 325 PSALMUM
2320 269 2454 325 VIII.

3529 270 3632 326 110

2049 393 2216 438 caret.
2241 383 2569 447 Benedictus,
2597 383 2878 450 dicebant,
2910 384 2995 456 qui
3037 381 3168 438 venit
3203 385 3256 438 in
3299 383 3498 438 notitiae
3529 381 3634 438 Do.-

2047 476 2169 529 mini
2198 475 2406 546 (Matth.
2435 476 2526 530 21.
2554 476 2627 545 9).

2118 569 2170 623 ὅ.
2210 567 2379 622 Ιιιάωὶ
2427 585 2516 622 cur
2555 577 2662 638 post
2692 565 2881 622 Christi
2908 576 3117 620 mortem
3151 567 3555 624 miserabiliores.
3587 594 3629 608 --

2048 661 2200 716 Tunc
2241 676 2372 732 ergo
2422 676 2608 716 eorum
2649 661 2886 716 coercuit
2942 658 3326 727 impudentiam
3357 659 3374 692 ⁸
3401 700 3416 724 ,
3449 673 3631 726 postea

2049 764 2225 806 autem
2250 751 2436 806 urbem
2463 765 2674 822 quoque
2699 766 2884 806 eorum
2911 749 3123 807 evertit.
3160 763 3259 802 nec
3278 757 3362 802 est
3381 749 3484 802 ulla
3513 757 3633 817 pars

2023 837 2213 900 ‘totins
2233 845 2375 900 orbis
2399 854 2654 898 terrarum
2677 884 2692 910 ,
2721 859 2841 913 qua:
2875 844 2943 897 sit
2973 842 3278 896 .lndaeornm
3314 841 3635 894 calamitatis

2051 953 2243 1006 eXpers
2273 957 2287 992 :
2321 938 2412 993 sed
2441 936 2888 1007 quemadmodum
2919 935 3008 1006 qui
3041 950 3266 1004 corpore
3292 943 3376 988 est
3422 933 3630 997 mutila,

2053 1030 2286 1098 undique
2306 1030 2686 1084 circumcursat
2703 1043 2796 1082 sna
2823 1029 3035 1082 vulnera
3055 1036 3349 1091 ostentans,
3373 1035 3427 1082 et
3449 1041 3636 1095 quein-

2053 1120 2338 1174 admodum
2373 1120 2579 1189 judices
2617 1136 2737 1174 cum
2772 1119 2970 1173 multos
3014 1117 3305 1172 homicidas
3341 1117 3410 1171 de
3459 1115 3635 1168 inedio

2054 1211 2389 1273 sustulerint,
2413 1226 2576 1264 unum
2626 1209 2788 1263 furem
2840 1208 3084 1277 alligant,
3122 1217 3180 1261 ut
3234 1206 3361 1275 ipsis
3413 1205 3636 1258 mortuis

2057 1313 2324 1373 tamquam
2366 1302 2622 1357 iullictum
2661 1301 2982 1371 supplicium
3027 1301 3178 1354 viros
3229 1307 3477 1352 coerceat
3500 1307 3554 1352 et
3583 1297 3637 1352 in

2053 1393 2228 1450 ofﬁcio
2254 1395 2522 1450 contineat
2557 1410 2570 1446 :
2610 1397 2678 1448 ita
2712 1394 2798 1448 hic
2823 1394 2982 1448 etiam
3013 1408 3118 1446 non
3144 1401 3418 1456 mortuos;
3445 1391 3537 1445 sed
3567 1390 3636 1444 vi-

2053 1502 2150 1540 vos
2180 1487 2427 1540 omnibus
2455 1486 2756 1555 exemplum
2801 1484 3112 1555 proposuit,
3145 1498 3240 1537 eos
3291 1482 3640 1549 dispergens:

2054 1587 2108 1633 et
2133 1579 2219 1648 qui
2250 1594 2404 1632 unam
2437 1576 2743 1630 habitabant
2771 1576 3042 1644 regionem
3064 1615 3078 1635 ,
3103 1588 3242 1628 nunc
3271 1583 3395 1627 sunt
3420 1570 3642 1639 dispersi

2055 1686 2148 1740 per
2179 1679 2346 1723 totum
2383 1670 2566 1723 orbem
2597 1680 2878 1723 terrarum.
2922 1667 2985 1720 Et
3015 1665 3059 1720 si
3086 1680 3299 1720 causam
3348 1662 3641 1732 rogaveris,

2055 1761 2250 1816 nullam
2281 1761 2436 1814 aliam
2466 1760 2722 1823 invenies,
2753 1773 2908 1828 quam
2939 1756 3080 1827 quod
3121 1756 3390 1809 Christum
3427 1753 3643 1808 crucifi-

2058 1852 2302 1906 lixerunt.
2326 1850 2432 1904 Cur
2452 1850 2616 1914 enim,
2645 1849 2730 1904 dic
2754 1848 2903 1913 mihi,
2930 1848 3031 1902 hoc
3061 1847 3131 1902 ita
3164 1847 3358 1901 factum
3385 1861 3487 1898 non
3520 1843 3642 1898 est?

2055 1943 2159 2001 Sed
2187 1953 2242 1998 et
2278 1943 2322 1997 si
2352 1941 2406 1996 id
2430 1941 2715 2012 aliquando
2760 1940 2954 1994 factum
2979 1948 3083 2006 est,
3130 1941 3183 1994 in
3227 1956 3382 1993 unam
3427 1945 3640 2009 gentem

2058 2036 2270 2090 abducti
2295 2042 2446 2098 sunt,
2474 2043 2528 2089 et
2555 2033 2621 2088 ad
2654 2049 2848 2102 paucos
2892 2047 3062 2087 annos
3095 2050 3109 2087 :
3141 2047 3281 2086 nunc
3318 2041 3494 2085 autem
3540 2046 3644 2084 non

2058 2127 2156 2191 sic,
2186 2125 2279 2180 sed
2304 2124 2509 2178 infinito
2529 2125 2790 2194 supplicio
2815 2124 3124 2194 puniuntur.
3153 2123 3218 2177 Et
3244 2123 3288 2176 si
3314 2137 3406 2175 eos
3427 2135 3648 2190 rogave-

2059 2220 2134 2275 ris
2162 2235 2176 2271 :
2204 2216 2312 2272 Cttr
2337 2215 2606 2271 Christum
2637 2215 3012 2270 crucilisistis?
3052 2215 3236 2268 dicunt
3271 2211 3454 2281 :Quod
3504 2219 3647 2265 esset

2058 2309 2311 2379 deceptor
2328 2318 2381 2364 et
2403 2307 2771 2377 prmstigiator.
2793 2306 2899 2361 Vos
2913 2321 3038 2376 ergo
3055 2306 3330 2376 Oportebat
3359 2311 3642 2374 propterea

2060 2401 2391 2466 honorari,et
2409 2401 2541 2453 fines
2559 2409 2762 2453 vestros
2777 2397 3236 2469 pr0pagari,utqui
3259 2396 3367 2450 Deo
3389 2394 3647 2448 fecissetis

2061 2507 2173 2546 rem
2205 2501 2424 2560 gratam.
2455 2491 2552 2557 Qui
2586 2491 2727 2544 etiitn
2757 2490 3094 2558 deceptoretn
3125 2496 3180 2542 et
3209 2486 3646 2556 priestigiatorem

2063 2597 2127 2637 ac
2152 2583 2245 2635 Dei
2266 2583 2625 2636 adversarium
2648 2580 2715 2635 de
2741 2582 2917 2636 medio
2933 2580 3226 2645 susmlerit,
3250 2578 3294 2632 is
3323 2577 3413 2632 Dei
3441 2577 3645 2630 hostem

2067 2671 2279 2727 sustulit
2310 2687 2322 2722 :
2357 2671 2447 2739 qui
2492 2679 2666 2724 autem
2697 2671 2902 2725 hostem
2945 2671 3174 2731 sustulit,
3213 2669 3256 2721 is
3291 2667 3412 2737 jure
3446 2666 3664 2735 οριίιιιο,

2065 2761 2329 2816 laudetur.
2371 2761 2521 2814 Nunc
2559 2770 2732 2814 autem
2775 2761 3003 2814 Phincos
3045 2760 3184 2828 quod
3214 2775 3371 2813 unum
3403 2755 3649 2811 meretri-

2067 2867 2184 2906 cem
2218 2850 2541 2905 interfecerit
2567 2849 2753 2916 (Num.
2783 2849 2876 2904 25.
2913 2849 2993 2903 12.
3028 2850 3139 2918 15).
3165 2846 3589 2901 tantamlaudem
3618 2860 3650 2899 a

2069 2944 2179 2998 Deo
2205 2952 2286 2998 est
2323 2950 2684 3011 consequutus
2709 2981 2724 3005 ,
2755 2949 2810 2994 ιιι
2848 2939 3148 2995 sacerdotio
3172 2948 3227 2993 et
3264 2947 3408 2991 tzuuo
3452 2939 3653 2991 honoro

2067 3035 2256 3105 dignus
2284 3033 2442 3088 fuerit
2475 3047 2488 3086 :
2526 3048 2619 3086 vos
2647 3040 2845 3094 autent,
2874 3045 3009 3100 quos
3032 3031 3198 3084 tnulto
3228 3028 3414 3096 majori
3450 3027 3652 3082 honoro

2065 3127 2204 3180 aflici
2235 3132 2539 3194 oporteret,
2564 3123 2608 3178 si
2636 3123 2794 3178 modo
2818 3123 3155 3192 deceptorem
3183 3121 3532 3184 occidissetis,
3561 3134 3651 3174 er-

2065 3232 2227 3272 rones
2251 3226 2304 3270 et
2327 3215 2759 3282 exsulcsuinllam
2782 3230 2866 3284 pie
2895 3224 3093 3270 certant
3121 3213 3302 3269 sedem
3323 3222 3414 3266 aut
3429 3213 3653 3281 patriam

2067 3307 2358 3370 habentes,
2392 3307 2494 3361 huc
2521 3316 2574 3361 et
2605 3307 2726 3361 illuc
2762 3305 2941 3360 obitis.
2984 3305 3096 3360 Hoc
3141 3320 3269 3375 ergo
3295 3305 3436 3358 nulla
3465 3303 3563 3356 alia
3586 3302 3652 3356 de

2066 3415 2223 3456 causa
2253 3401 2391 3469 passi
2419 3401 2570 3464 estis,
2599 3415 2754 3469 quam
2782 3399 2922 3469 quod
2953 3411 3232 3469 patromnn
3260 3414 3321 3453 ac
3343 3397 3649 3452 benefacto-

2064 3508 2212 3559 rem,
2244 3501 2296 3547 et
2338 3493 2578 3546 veritatis
2620 3491 2894 3546 doetorent
2945 3491 3303 3548 crucitixistis.
3356 3489 3411 3544 Si
3467 3487 3652 3542 fuisset

2065 3588 2204 3641 enim
2227 3585 2494 3651 seductor,
2531 3595 2585 3641 et
2615 3585 2707 3640 Dei
2733 3585 3103 3650 adversarius,
3136 3595 3186 3638 et
3216 3599 3334 3646 cum
3385 3582 3522 3636 Deus
3545 3595 3649 3634 non

2064 3689 2226 3741 esset.
2257 3680 2510 3733 voluisset
2537 3693 2656 3732 esse
2681 3677 2842 3741 Deus,
2883 3685 2936 3731 ct
2964 3676 3136 3730 Patris
3164 3677 3418 3728 honorem
3459 3672 3525 3725 ad
3555 3686 3645 3726 se-

2065 3770 2238 3840 ipsnm
2267 3771 2592 3835 attraxisset,
2611 3779 2665 3824 et
2686 3768 2886 3823 Phiuee
2919 3776 2974 3822 et
2995 3766 3243 3822 Samucle
3273 3774 3327 3820 et
3349 3764 3450 3816 illis
3479 3761 3652 3815 omni.

2064 3861 2164 3915 bus
2192 3861 2425 3931 oportuit
2445 3877 2538 3916 vos
2567 3861 2734 3928 magis
2765 3857 3127 3926 honorari,qui
3151 3857 3278 3925 legis
3301 3851 3650 3908 defendendae

2067 3961 2270 4007 tantum
2308 3955 2480 4007 zelum
2511 3952 2889 4006 ostenderetis.
2947 3950 3095 4004 Nunc
3122 3959 3298 4003 autem
3329 3947 3467 4016 quod
3499 3961 3650 3999 num-

2065 4059 2223 4114 quam
2249 4043 2386 4109 passi
2415 4042 2566 4104 estis,
2594 4054 2714 4094 cutn
2735 4039 2869 4092 idola
2896 4039 3161 4098 coleretis.
3189 4053 3309 4093 cum
3333 4038 3477 4106 impii
3501 4051 3650 4091 esse-

2067 4135 2156 4198 tis,
2179 4147 2298 4186 cum
2323 4131 2456 4184 tilios
2484 4127 2854 4183 interficeretis
2876 4168 2890 4190 ,
2925 4127 3025 4180 hoc
3056 4127 3196 4196 passi
3227 4129 3356 4180 estis
3380 4167 3394 4186 ,
3426 4136 3478 4179 et
3509 4125 3651 4179 nulla

2067 4222 2225 4278 datur
2251 4222 2387 4275 ratio
2409 4237 2502 4275 vos
2528 4218 2785 4274 liberandi
2814 4233 2842 4271 a
2876 4217 3047 4271 malis.
3068 4228 3122 4271 et
3149 4230 3392 4280 errones,
3416 4216 3646 4279 exsules,

2068 4315 2386 4388 vagabundi,
2417 4326 2470 4369 et
2497 4315 2855 4370 Romanorum
2885 4311 3091 4381 legibus
3109 4309 3422 4370 servientes,
3453 4317 3650 4362 terram

2067 4417 2124 4465 et
2153 4424 2298 4462 mare
2325 4407 2502 4475 obitis,
2524 4407 2834 4477 migrantes,
2863 4405 3034 4459 nullus
3065 4412 3241 4458 certas
3267 4401 3426 4456 sedes
3444 4442 3457 4466 ,
3489 4399 3648 4454 urbes

2066 4508 2159 4556 aut
2194 4499 2382 4555 domos
2413 4499 2668 4554 habentes
2691 4539 2706 4565 ,
2739 4507 2792 4552 et
2818 4497 2870 4552 in
2893 4496 3204 4550 servitutem
3245 4492 3442 4548 redacti
3467 4533 3484 4560 ,
3514 4508 3542 4544 a
3586 4489 3652 4546 li-

2065 4592 2290 4656 bertate,
2319 4608 2346 4643 a
2388 4591 2576 4660 patria,
2622 4606 2651 4644 a
2681 4588 2979 4644 sacerdotio
3002 4629 3018 4653 ,
3046 4595 3101 4642 et
3140 4586 3208 4641 ab
3237 4575 3503 4651 omnzbits,
3535 4601 3653 4654 qua:

2065 4685 2213 4754 prius
2249 4684 2556 4749 habebatis,
2602 4682 2814 4753 expulsi
2855 4682 3006 4746 estis,
3038 4681 3088 4736 in
3118 4679 3308 4734 mediis
3333 4679 3570 4735 barbaris
3599 4687 3654 4735 et

2063 4777 2310 4847 gentibus
2389 4775 2682 4830 innumeris
2736 4773 2991 4842 diSpersi,
3046 4772 3292 4828 omnibus
3348 4772 3653 4828 hominibus

2064 4869 2240 4934 exosi,
2277 4868 2586 4924 exsecrandi
2612 4910 2627 4932 ,
2651 4878 2705 4922 et
2724 4865 2967 4922 omnibus
2988 4866 3051 4919 ad
3075 4865 3319 4934 iniuriam
3342 4863 3648 4936 opportuni.

2065 4958 2133 5014 Et
2177 4960 2369 5012 merito
2426 4959 2687 5027 quidem:
2724 4973 2829 5011 non
2883 4957 3024 5013 enim
3080 4957 3297 5029 prannia
3345 4953 3648 5025 accepistis,

2065 5048 2206 5120 quod
2238 5050 2327 5103 Dei
2359 5049 2628 5103 inimicum
2673 5049 2974 5104 occideritis
3014 5067 3027 5102 :
3075 5049 3176 5104 hoc
3221 5062 3368 5102 mera
3395 5058 3474 5100 est
3508 5046 3648 5098 insa-

2067 5141 2152 5196 nia
2183 5149 2235 5194 et
2257 5156 2429 5208 nugae.
2463 5141 2592 5207 Quae
2619 5141 2760 5195 enim
2795 5157 2932 5195 nunc
2957 5140 3230 5211 patimini,
3264 5153 3369 5188 non
3401 5143 3525 5188 sunt
3554 5147 3651 5187 eo-

2066 5248 2182 5288 rum
2206 5233 2293 5302 qui
2328 5232 2417 5285 Dei
2461 5232 2704 5288 inimiCris
2732 5233 3012 5297 occidunt,
3050 5231 3145 5285 sed
3183 5242 3367 5282 eorum
3399 5226 3484 5296 qui
3514 5226 3652 5278 ami-

2067 5337 2160 5379 eos
2201 5323 2525 5379 interimunt.
2584 5326 2711 5398 Sed,
2757 5342 2790 5380 ο
2828 5325 3020 5388 amice,
3067 5320 3342 5390 inquiunt,
3386 5319 3500 5372 hac
3547 5333 3650 5373 non

2067 5417 2293 5473 dicimus
2325 5434 2337 5470 :
2367 5428 2581 5490 propter
2602 5429 2780 5472 nostra
2801 5426 3014 5485 peccata
3039 5413 3153 5466 hanc
3186 5411 3413 5482 patimur
3439 5413 3481 5464 ³.
3505 5410 3655 5468 Nunc

2132 5598 2148 5630 ¹
2173 5602 2277 5646 Post
2299 5608 2486 5658 vocem,
2508 5593 2871 5658 impudentiam,
2891 5594 2942 5643 in
2979 5589 3140 5643 Morel.
3163 5590 3370 5653 additur,
3393 5586 3652 5654 scriptura:

2068 5657 2217 5710 uitato
2239 5657 2514 5708 testimonio.

2135 5721 2154 5754 ²
2189 5727 2297 5772 Haec
2321 5728 2396 5771 est
2418 5718 2563 5772 lectio
2591 5718 2772 5772 Codicis
2795 5724 2861 5782 3.,
2888 5719 3084 5783 ptobata
3118 5730 3145 5770 a
3177 5716 3345 5770 Sarilio
3369 5717 3416 5768 in
3435 5717 3578 5776 notis,
3601 5722 3651 5764 et
