4064 6206
430 237 529 294 Ili
1136 222 1196 281 S.
1237 220 1516 281 JOANNIS
1550 215 2028 275 CHRYSOSTOMI
2065 208 2381 270 ARCHIEP.
2421 212 2954 271 CONSTANTINOP.
3602 213 3703 269 ιη

427 345 758 409 conﬁtemini
814 339 1117 402 increduli?
1171 348 1228 395 et
1274 352 1518 409 quanam
1578 332 1878 405 peccasﬁs?
1925 331 2009 385 An

430 459 574 500 nunc
616 441 842 511 primum
898 433 1199 508 peccastis?
1236 431 1386 486 Nunc
1425 435 1573 484 certe
1622 424 2014 480 moderatiores

429 533 696 589 evasistis.
738 529 843 586 Sed
884 526 1118 582 nondum
1151 523 1253 578 hoc
1281 522 1489 592 agimus
1523 541 1534 574 :
1564 526 1620 573 at
1660 531 1757 571 vos
1796 514 1922 570 illud
1952 514 2016 570 li-

431 628 620 682 benter
661 627 1076 693 interrogarem,
1125 633 1221 673 cur
1264 615 1410 685 prius
1450 627 1663 683 semper
1709 616 2014 680 peccantes,

435 719 527 772 Dei
559 717 936 786 benignitatem
969 723 1021 767 et
1052 707 1387 764 clementiam
1432 702 1704 766 sensistis,
1737 714 1876 754 nunc
1923 712 2020 752 au-

435 820 540 862 tem
563 823 666 863 non
690 806 890 869 itidem,
915 813 965 858 et
993 801 1130 872 quod
1164 809 1245 853 est
1271 794 1654 856 admirabilius,
1676 806 1815 846 nunc
1843 789 2018 844 mino-

433 919 492 956 ra
510 909 725 974 peccata
740 894 1169 952 committentes?
1185 893 1333 969 Tunc
1349 889 1488 944 enim
1508 895 1562 941 et
1581 884 1907 954 Beelphegor
1939 883 2022 974 in-

437 971 729 1048 itiabamini
753 989 935 1059 (Num.
957 987 1074 1052 25),
1097 994 1148 1038 et
1165 981 1386 1036 vitulum
1409 977 1669 1032 adorastis
1687 974 1878 1044 (Exod.
1901 971 2016 1044 52),

437 1094 492 1139 et
520 1083 654 1138 ﬁlios
673 1081 962 1144 occidistis,
995 1087 1047 1132 et
1073 1077 1208 1130 ﬁlias
1232 1075 1299 1130 de
1326 1073 1504 1128 medio
1529 1071 1820 1127 sustulistis
1847 1067 2016 1139 (Psal.

438 1175 564 1228 105.
592 1175 680 1227 57.
713 1173 826 1241 58),
853 1169 1010 1238 idque
1036 1183 1156 1223 cum
1180 1165 1332 1220 vobis
1361 1165 1508 1234 signa
1535 1161 1746 1218 abunde
1772 1169 2022 1230 suppete-

437 1273 559 1318 rent
593 1279 606 1316 :
635 1275 775 1316 nunc
802 1269 981 1314 autem
1002 1274 1121 1312 cum
1150 1273 1249 1314 nec
1286 1256 1509 1312 videatis
1540 1270 1688 1310 mare
1715 1253 1898 1317 dividi,
1925 1265 2023 1307 nec

441 1363 642 1424 petram
675 1352 860 1422 frangi,
889 1365 988 1406 nec
1001 1350 1190 1406 adesse
1213 1349 1498 1420 prophetas
1523 1347 1716 1418 (Exod.
1743 1347 1808 1401 M
1837 1355 1882 1400 et
1911 1345 2021 1415 t7),

441 1461 540 1500 nec
584 1445 746 1499 vestri
787 1451 1095 1498 consuetam
1144 1441 1386 1497 sentiatis
1417 1440 1824 1511 providentiam,
1857 1439 2026 1509 major

443 1545 622 1590 tamen
657 1543 909 1604 appareat
948 1534 1185 1604 probitas
1215 1550 1228 1586 :
1261 1547 1502 1603 quanam
1538 1541 1616 1586 est
1657 1545 1817 1587 causa
1838 1572 1852 1595 ,
1884 1528 2026 1599 quod

443 1627 656 1698 quando
679 1627 852 1680 minus
880 1625 1129 1695 peccatis,
1151 1636 1204 1682 et
1223 1625 1392 1694 major
1411 1633 1492 1679 est
1517 1635 1689 1678 vestra
1710 1623 2023 1688 moderatio,

445 1719 618 1789 major
645 1719 712 1773 sit
743 1734 897 1788 pana
923 1734 986 1774 ac
1005 1719 1359 1788 supplicium?
1380 1719 1570 1771 Annon
1598 1717 1678 1771 vel
1718 1717 1891 1771 stultis
1915 1716 2028 1771 cla-

447 1826 566 1866 rum
596 1821 696 1875 est,
739 1811 790 1864 id
839 1813 958 1866 ideo
1000 1811 1134 1874 ﬁeri,
1159 1811 1406 1882 quoniam
1445 1809 1616 1880 majus
1661 1819 1743 1864 est
1793 1818 2028 1864 vestrum

448 1919 589 1957 nunc
622 1903 940 1974 peceatum?
967 1903 1226 1970 Quamdiu
1268 1902 1411 1956 enim
1457 1901 1509 1954 in
1540 1913 1723 1954 servos
1752 1901 2028 1970 pcecastis,

451 1999 658 2054 veniam
685 2000 814 2053 estis
842 1999 1134 2066 asscqunti,
1165 2007 1221 2050 ut
1246 2013 1364 2051 cum
1394 1995 1680 2066 prophetas
1703 1993 2031 2050 interﬁcere-

453 2091 520 2145 tis
545 2101 600 2145 et
625 2089 884 2159 lapidibus
915 2089 1278 2158 impeterctis;
1315 2089 1407 2142 sed
1441 2097 1717 2158 postquam
1761 2101 1951 2141 manus
1981 2087 2033 2141 in

455 2181 734 2236 Dominum
766 2180 1052 2247 iujecistis,
1084 2181 1234 2234 vobis
1260 2179 1512 2250 deinceps
1539 2180 1710 2234 evasit
1749 2179 1900 2234 ulcus
1939 2179 2035 2232 im-

455 2272 788 2327 medicabile.
822 2271 890 2326 Et
938 2272 1058 2326 ideo
1083 2272 1450 2342 quadringenti
1473 2271 1582 2341 jam
1617 2271 1740 2325 anni
1777 2271 2036 2340 praterie-

454 2371 599 2425 runt,
623 2377 688 2416 ει
714 2377 818 2432 quo
839 2362 1066 2416 civitatis
1091 2362 1173 2416 vel
1201 2362 1370 2430 ipsum
1403 2362 1574 2416 solum
1604 2360 1758 2430 periit
1778 2357 1876 2433 (a),
1907 2359 2036 2414 sub-

456 2455 620 2511 latum
646 2465 725 2510 est
755 2455 1110 2510 sacerdoﬁum
1135 2497 1149 2517 ,
1183 2470 1402 2524 regnum
1445 2453 1760 2525 abruptum,
1802 2453 2039 2508 confusa

457 2548 654 2610 tribus,
689 2547 940 2616 praeclara
975 2548 1059 2602 illa
1091 2556 1146 2602 et
1183 2547 1456 2616 magniﬁca
1493 2554 1855 2612 evanuerunt,
1879 2551 1933 2599 et
1973 2559 2041 2600 ne

457 2641 733 2709 vestigium
759 2640 970 2710 quidem
999 2647 1081 2694 est
1107 2639 1243 2709 apud
1267 2655 1362 2694 vos
1391 2638 1649 2709 reliquum
1676 2655 1688 2692 :
1713 2636 1854 2709 quod
1881 2652 2040 2692 num-

457 2747 615 2802 quam
645 2741 768 2787 ante
791 2732 984 2786 factum
1007 2741 1108 2786 est.
1150 2731 1255 2788 Sed
1285 2734 1336 2785 in
1365 2731 1626 2801 principio
1655 2729 1868 2800 quidem
1918 2744 2040 2784 cum

459 2824 694 2878 dirutum
749 2833 893 2878 esset
945 2824 1222 2894 templum,
1283 2823 1628 2878 remanebant
1657 2820 2046 2890 propheta,et

457 2915 686 2984 Spiritus
715 2914 875 2980 dona,
903 2923 958 2968 et
984 2914 1233 2969 miracula
1261 2931 1272 2968 :
1303 2929 1441 2968 nunc
1461 2920 1637 2967 autem
1663 2953 1677 2976 ,
1708 2922 1762 2965 ut
1791 2913 1932 2966 clare
1959 2911 2044 2965 in-

443 3004 712 3076 ‘telligatis
743 3005 906 3058 Detnn
939 3019 1033 3059 vos
1059 3019 1178 3060 esse
1207 3015 1465 3074 perpetuo
1485 3012 1805 3065 aversatum,
1825 3018 1887 3057 ea
1913 3015 2046 3072 quo-

470 3115 574 3170 que
619 3099 825 3154 sublata
883 3107 1006 3154 sunt
1039 3117 1052 3153 :
1088 3112 1151 3152 ac
1191 3098 1420 3153 servitus
1468 3096 1641 3160 adest,
1673 3095 1950 3164 captivitas
1992 3103 2048 3150 et

462 3205 641 3246 rerum
670 3190 906 3244 omnium
936 3189 1162 3248 eversio.
1195 3197 1251 3243 et
1269 3187 1409 3258 quod
1427 3197 1508 3244 est
1535 3187 1772 3242 omnium
1797 3187 2050 3258 gravissi-

461 3296 630 3349 mum,
666 3281 756 3336 Dei
786 3295 814 3332 a
847 3280 996 3334 vobis
1024 3280 1279 3334 recessio.
1684 3336 1687 3338 _

533 3375 588 3428 4.
633 3376 709 3428 Ac
736 3373 955 3441 perinde
981 3373 1104 3428 fecit
1125 3373 1281 3437 Deus,
1305 3381 1360 3426 ut
1398 3373 1442 3428 si
1473 3373 1589 3442 quis
1617 3388 1828 3429 servum
1869 3374 2048 3446 ingra-

465 3473 607 3528 tum,
635 3478 776 3533 sape
805 3462 984 3534 ﬂagris
1010 3478 1207 3518 casum
1238 3475 1290 3519 et
1317 3480 1421 3519 non
1451 3473 1749 3520 correctum
1768 3507 1782 3529 ,
1810 3465 2047 3521 vestibus

465 3565 704 3621 exutum,
733 3556 929 3610 nudum
951 3598 966 3621 ,
993 3556 1286 3626 desertum,
1320 3556 1688 3627 vagabundum
1716 3573 1897 3613 errare
1925 3573 2048 3628 per-

467 3645 722 3712 mitteret,
776 3646 1164 3702 mendicantem
1201 3656 1254 3702 et
1304 3647 1538 3718 undique
1575 3648 1822 3717 ejectum.
1879 3650 2050 3707 Antea

467 3747 646 3791 autem
678 3751 764 3792 res
793 3747 984 3792 vestra
1015 3753 1120 3791 non
1149 3738 1218 3791 ita
1245 3753 1303 3793 se
1331 3737 1615 3802 habebant,
1644 3739 1736 3794 sed
1775 3740 1914 3806 apud
1955 3755 2048 3795 vos

467 3837 623 3883 erant
653 3828 927 3898 propheta
959 3847 970 3881 :
1003 3830 1052 3883 in
1075 3828 1329 3900 zEgypto,
1370 3829 1638 3901 Babylone
1654 3831 1770 3884 etin
1797 3831 2045 3886 deserto:

465 3920 641 3976 Moses
668 3923 721 3976 in
752 3921 1003 3993 Egypto,
1030 3921 1081 3976 in
1113 3922 1382 3993 Babylone
1417 3923 1595 3978 Daniel
1624 3932 1677 3978 et
1699 3923 1963 3986 Ezechiel,
1997 3924 2048 3978 in

467 4013 702 4086 Egypto
725 4030 906 4070 rursus
931 4015 1190 4070 Jeremias
1219 4033 1233 4068 :
1259 4023 1312 4069 et
1334 4014 1583 4068 miracula
1602 4015 1808 4084 adjeCIa
1824 4015 2052 4070 miracu-

473 4107 560 4171 lis,
591 4107 891 4177 clariorque
917 4116 972 4161 et
998 4107 1254 4161 illustrior
1274 4121 1406 4177 gens
1431 4107 1628 4168 evasit,
1652 4121 1772 4162 cum
1805 4122 1868 4162 ex
1899 4107 2051 4162 vobis

467 4200 556 4269 qui
585 4200 778 4268 captivi
801 4207 954 4254 erant
975 4201 1186 4270 regibus
1214 4207 1395 4253 essent
1416 4199 1742 4268 superiores.
1771 4198 1875 4254 Sed
1910 4214 2051 4254 nunc

465 4294 554 4349 illa
585 4297 762 4349 omnia
793 4294 1092 4363 perierunt,
1126 4300 1177 4345 et
1212 4291 1530 4361 supplicium
1558 4299 1641 4345 est
1668 4292 1882 4361 gravius
1906 4292 2052 4361 prio-

466 4389 634 4453 ribus,
663 4403 769 4442 non
799 4386 972 4440 solum
1001 4393 1216 4454 promer
1241 4381 1626 4450 longitudinem
1651 4383 1926 4454 temparis,
1955 4382 2051 4438 sed

467 4477 628 4530 etiam
650 4478 771 4551 quia
797 4477 926 4530 esﬁs
960 4474 1195 4544 undique
1227 4472 1486 4527 derelicti.
1525 4473 1765 4540 Quanam
1816 4489 1942 4544 ergo
1986 4474 2053 4528 de

465 4583 645 4630 causa,
687 4567 791 4629 dic,
841 4580 1047 4636 quaso,
1079 4564 1290 4635 quando
1335 4565 1486 4635 plura
1538 4564 1857 4634 peccabatis,
1910 4573 2052 4618 tanta

467 4661 628 4712 vestri
659 4667 775 4712 erat
807 4673 931 4712 cura
964 4672 1026 4712 ac
1085 4656 1414 4726 providentia
1449 4674 1462 4710 :
1493 4657 1706 4726 quando
1737 4665 1912 4711 autem
1955 4672 2052 4728 pro

467 4753 584 4820 lege
623 4751 738 4806 zelo
767 4751 975 4806 accensi
1005 4753 1136 4806 esus
1159 4792 1173 4816 ,
1202 4751 1343 4820 passi
1375 4751 1502 4806 estis
1531 4751 1814 4821 graviora?
1843 4751 1920 4804 Ex
1953 4753 2052 4806 hoc

466 4846 608 4900 enim
664 4844 826 4897 Deum
865 4842 1130 4896 damnatis
1182 4841 1488 4911 iniustitia,
1545 4842 1685 4912 quod
1742 4852 2052 4912 peccatores

467 4935 682 5007 quidem
715 4935 1004 4988 honoraret
1025 4974 1040 4997 ,
1073 4947 1166 4988 eos
1195 4942 1373 4988 autem
1404 4932 1494 5002 qui
1520 4947 1579 4986 se
1615 4941 1764 4986 recte
1784 4943 1836 4986 et
1857 4948 1923 4988 ex
1948 4932 2054 4987 vir-

468 5037 577 5083 tute
606 5026 864 5098 gerebant
897 5023 1188 5096 ignominia
1214 5021 1472 5079 affeccrit.
1518 5021 1574 5077 Si
1619 5024 1760 5076 enim
1795 5023 2054 5092 imposto-

467 5135 602 5188 rem,
637 5127 696 5173 ut
743 5116 941 5185 dicitis,
995 5115 1306 5184 sustulistis,
1355 5130 1452 5171 vos
1505 5123 1652 5170 recte
1695 5129 1758 5169 ac
1799 5114 2054 5185 przeclare

475 5246 665 5308 Morelii
696 5259 707 5294 ε
739 5248 884 5308 Reg,
911 5245 1070 5308 (Iolb.,
1108 5251 1159 5308 et
1192 5242 1343 5293 Savil.
1377 5243 1504 5293 Edit.
1532 5259 1543 5293 :
1569 5245 1670 5295 Sed
1692 5258 1798 5295 cum
1824 5244 1945 5295 talia
1965 5259 2052 5298 nos

470 5306 734 5416 :qqttinmr,
777 5305 874 5371 ip—si
903 5305 1104 5359 dicunt:
1132 5305 1342 5367 Proiiter
1382 5315 1548 5356 nostra
1585 5313 1785 5370 peccata
1822 5309 1924 5359 [nec
1963 5322 2054 5372 pa-

489 5382 636 5416 mtur.

489 5382 636 5418 mutr.

533 5436 604 5542 Sa)
639 5442 722 5482 Par
747 5440 960 5482 erratum
984 5431 1187 5482 exhibet
1223 5430 1585 5494 Chrysostomus
1628 5431 1676 5478 in
1715 5430 1849 5480 libris
1885 5437 2051 5483 contra

533 5507 673 5542 raos.
699 5496 808 5542 auia
847 5494 1204 5542 cbronolosziam
1230 5492 1313 5541 ille
1349 5506 1444 5542 non
1469 5491 1672 5541 multum
1702 5495 1915 5542 curabat.
1937 5502 2051 5542 (ium

472 5491 673 5558 Iudaeos,
699 5496 808 5558 quia
847 5494 1204 5556 cbronologiam
1230 5491 1327 5558 ille
1349 5506 1444 5542 non
1469 5491 1672 5558 multum
1702 5495 1915 5558 curabat.
1937 5502 2051 5558 cum

470 5561 600 5607 enim
638 5554 729 5606 has
764 5554 1100 5617 Expos'2tiones
1113 5558 1160 5604 in
1184 5554 1392 5604 Psalmos
1417 5555 1692 5611 Antiochia,
1717 5562 1770 5602 ut
1794 5556 1840 5602 in
1879 5555 2050 5603 t'rafa-

469 5623 602 5670 tione
623 5618 815 5672 dicitur,
834 5616 1063 5677 ediderit,
1104 5618 1183 5666 vix
1222 5617 1428 5665 trecenti
1456 5618 1649 5677 triginta
1672 5617 1782 5665 anui
1806 5618 2046 5667 numerari

471 5688 694 5744 poterant
709 5680 773 5730 ab
797 5677 986 5729 excidio
1009 5675 1090 5728 illo
1113 5675 1533 5741 Jerosolymorum.

2125 327 2363 399 gessistis
2403 345 2418 384 :
2445 330 2557 393 vel,
2585 329 2630 384 si
2653 328 2826 399 justus
2846 337 2929 384 est
2951 327 3114 397 Deus,
3143 339 3200 384 ut
3227 341 3374 386 certe
3399 337 3482 385 est
3506 328 3702 400 justus,

2066 451 2084 468 ο
2122 419 2388 474 honorare
2439 435 2536 476 vos
2569 419 2872 490 oportebat,
2914 434 3021 475 non
3074 421 3340 492 castigare
3375 439 3390 476 :
3429 421 3474 475 si
3524 430 3705 478 autem

2121 513 2363 583 castigat,
2391 513 2589 567 clarum
2611 522 2693 568 est
2714 521 2890 568 vestra
2914 527 3053 568 nunc
3069 527 3190 568 esse
3206 513 3446 584 graviora
3467 522 3702 584 peccata.

2123 605 2179 661 Si
2208 621 2334 661 vero
2356 621 2496 661 nunc
2523 621 2624 662 nec
2649 605 2792 676 impii
2815 605 2948 661 estis
2970 646 2986 673 ,
3017 620 3116 660 nec
3142 604 3296 669 ﬁlios,
3330 614 3389 659 ut
3433 614 3575 672 ante,
3623 621 3705 660 sa-

2124 699 2394 766 criﬁcatis,
2425 698 2688 769 quodnam
2715 707 2796 753 est
2818 697 2960 752 aliud
2990 707 3263 767 peccatum
3283 737 3300 763 ,
3330 708 3547 766 propter
3567 697 3706 767 quod

2124 792 2364 861 graviora
2389 792 2529 861 passi
2558 791 2723 846 estis?
2752 793 2943 845 Annon
2979 801 3062 844 est
3113 789 3356 856 evidens,
3393 790 3570 845 crucis
3593 805 3712 845 ere-

2127 892 2232 939 cta
2259 883 2430 936 scelus
2477 897 2598 937 esse
2639 882 2802 938 veluti
2841 879 3126 952 quemdam
3164 877 3515 951 colOpiionem
3553 881 3716 936 malo-

2127 973 2285 1026 rum?
2330 974 2441 1029 Hoc
2469 975 2638 1045 magis
2667 989 2763 1029 vos
2789 975 3022 1044 perdidit
3064 989 3223 1046 quam
3253 973 3515 1029 idolorum
3543 987 3598 1030 et
3634 976 3713 1030 vi-

2130 1064 2222 1118 tuli
2254 1065 2429 1119 cultus
2455 1074 2509 1120 et
2557 1067 2781 1120 ﬁliorum
2808 1067 3026 1123 occisio.
3075 1067 3190 1122 Non
3222 1068 3367 1123 enim
3413 1068 3560 1138 paria
3589 1078 3714 1125 sunt

2129 1155 2264 1221 hac,
2295 1156 2457 1211 ﬁlium
2480 1173 2634 1213 suum
2663 1159 2985 1226 interﬁcere,
3012 1168 3068 1216 et
3102 1160 3384 1216 Dominum
3413 1175 3568 1216 suum
3592 1177 3715 1218 οων

2129 1249 2362 1321 ciﬁgcre.
2403 1250 2691 1322 Propterea
2713 1252 2924 1322 quando
2953 1253 3089 1308 ﬁlios
3103 1253 3405 1318 occidebas,
3425 1255 3632 1310 veniam
3656 1270 3717 1310 es

2129 1353 2488 1414 consequutus
2517 1364 2530 1399 :
2560 1345 2653 1401 sed
2679 1345 2890 1416 quando
2927 1346 3019 1402 Dei
3047 1345 3241 1402 Filium
3267 1355 3322 1401 et
3351 1356 3497 1401 tuum
3523 1347 3706 1402 Domi-

2132 1453 2257 1492 num
2285 1437 2547 1504 occidisti,
2579 1440 2855 1510 castigaris
2883 1439 3136 1510 deinceps
3163 1439 3364 1506 absque
3397 1440 3504 1494 ulla
3529 1442 3701 1495 venia.

2207 1529 2340 1596 Quot
2364 1531 2484 1583 anni
2505 1529 2564 1584 ab
2589 1531 2724 1584 exitu
2748 1547 2809 1584 ea:
2827 1529 3059 1601 Egypto
3084 1532 3151 1584 ad
3169 1529 3443 1586 Christum.
3475 1563 3546 1573 —
3571 1533 3717 1599 Quot

2134 1628 2262 1675 sunt
2311 1621 2434 1675 anni
2475 1621 2543 1675 ab
2575 1623 2718 1678 exitu
2753 1638 2818 1677 ex
2849 1622 3082 1694 Egypto
3127 1638 3294 1694 usque
3336 1623 3404 1680 ad
3431 1624 3716 1680 adventum

2135 1713 2374 1768 Christi?
2402 1713 2542 1770 Mille
2573 1724 2626 1770 et
2651 1717 2921 1786 quingenti
2949 1727 3096 1786 puto,
3123 1725 3178 1773 et
3199 1717 3399 1786 plures.
3440 1719 3720 1787 Quomodo

2136 1820 2262 1876 ergo
2286 1807 2336 1860 in
2365 1807 2446 1860 his
2475 1808 2721 1863 omnibus
2736 1823 2831 1864 vos
2860 1820 3146 1879 peccantes
3179 1824 3369 1879 passus
3407 1819 3490 1865 est
3523 1829 3536 1867 :
3577 1827 3720 1868 nunc

2137 1909 2313 1952 autem
2341 1912 2435 1953 vos
2460 1899 2671 1968 abjecit.
2705 1899 2915 1970 quando
2935 1899 3165 1955 maxime
3181 1915 3438 1956 coronare
3461 1903 3726 1970 oportuit,

2138 1992 2237 2046 etsi
2263 1990 2425 2045 multa
2453 1991 2806 2062 peccassetis?
2829 1992 3147 2047 Praeclarum
3165 1995 3306 2048 enim
3324 2002 3465 2050 esset
3484 2003 3728 2050 vestrum

2139 2083 2366 2150 facinus,
2394 2085 2437 2139 si
2464 2083 2804 2155 deceptorem
2835 2085 3185 2142 occidissetis.
3215 2085 3346 2142 Cum
3399 2085 3502 2142 hoc
3545 2097 3730 2141 autem.

2141 2192 2281 2232 nunc
2334 2177 2551 2232 sabbata
2597 2177 2884 2232 observare
2923 2177 3194 2242 videmini,
3221 2187 3276 2233 et
3324 2177 3463 2232 idola
3507 2178 3726 2234 minimo

2141 2269 2392 2334 adoratis,
2423 2268 2631 2340 aliaque
2669 2283 2885 2324 servare
2928 2283 3120 2339 magno
3162 2267 3337 2324 studio
3381 2268 3721 2324 contenditis.
3779 2331 3788 2337 _

2143 2361 2368 2429 Quando
2397 2377 2522 2434 ergo
2553 2371 2607 2417 et
2633 2363 2736 2416 vita
2775 2372 2953 2416 vestra
2981 2371 3062 2417 est
3092 2361 3282 2417 melior
3304 2403 3317 2424 ,
3349 2370 3401 2417 et
3437 2371 3543 2416 tam
3586 2377 3725 2432 pra-

2144 2456 2368 2522 clarum,
2394 2465 2451 2510 ut
2475 2454 2670 2519 dicitis,
2698 2455 2900 2508 facinus
2919 2452 3138 2520 fecistis,
3161 2461 3288 2508 tunc
3313 2453 3495 2508 ultima
3521 2453 3731 2521 patimi-

2145 2548 2218 2602 ni.
2248 2547 2381 2616 Quid
2424 2547 2523 2603 hac
2570 2545 2772 2601 insania
2815 2545 2974 2601 fuerit
3021 2545 3292 2601 deterius?
3323 2544 3448 2615 quid
3494 2543 3593 2598 hac
3632 2543 3730 2598 de-

2146 2640 2364 2706 meutia,
2406 2639 2546 2710 quod
2575 2653 2696 2695 cum
2729 2652 2825 2694 vos
2874 2637 3164 2693 defendere
3215 2636 3408 2700 velitis,
3437 2633 3733 2690 maledictis

2149 2733 2316 2788 Deum
2354 2731 2724 2788 insectamini?
2753 2731 2810 2787 Si
2837 2731 2979 2786 enim
3006 2728 3148 2801 quod
3177 2727 3434 2784 adversus
3462 2726 3735 2783 Chrismm

2149 2825 2444 2896 peccastis,
2486 2840 2592 2880 non
2631 2833 2714 2879 est
2759 2824 2861 2878 illis
2891 2822 3140 2878 omnibus
3170 2821 3425 2884 deterius,
3455 2819 3551 2874 sed
3599 2819 3650 2874 id
3704 2835 3737 2873 a

2148 2919 2319 2986 vobis,
2342 2927 2403 2972 ut
2438 2918 2634 2982 dicitis,
2674 2917 2816 2988 juste
2852 2915 3048 2972 factum
3092 2926 3174 2971 est
3206 2932 3219 2969 :
3249 2931 3345 2972 cur
3391 2930 3490 2971 vos
3517 2915 3740 2985 quidem

2149 3013 2335 3082 punit,
2368 3011 2445 3065 sic
2469 3021 2614 3066 recte
2639 3025 2732 3066 vos
2761 3020 3007 3080 gerentes
3027 3050 3042 3076 ,
3070 3009 3416 3080 peccantibus
3440 3018 3617 3064 autem
3645 3023 3740 3078 pe-

2150 3104 2490 3176 percit?ﬂoc
2542 3120 2649 3158 non
2699 3103 2872 3159 solum
2921 3103 3080 3170 Deus,
3115 3101 3209 3157 sed
3250 3116 3349 3156 nec
3387 3101 3524 3159 ullus
3572 3099 3743 3157 homo

2150 3199 2346 3254 mentis
2373 3213 2596 3269 compos
2629 3196 2801 3252 facere
2823 3197 2874 3251 in
2895 3196 3130 3250 animum
3161 3193 3449 3250 induxerit.
3471 3191 3578 3249 Sed
3606 3193 3741 3265 quid

2151 3289 2218 3344 ad
2247 3289 2363 3344 hac
2385 3288 2602 3344 dicunt?
2631 3287 2845 3357 Disjecti
2871 3301 3075 3352 sumus,
3105 3293 3163 3340 ut
3187 3299 3428 3340 essemus
3456 3283 3601 3340 orbis
3631 3294 3744 3340 ter~

2153 3397 2227 3436 ra
2257 3381 2524 3435 doctores.
2556 3379 2719 3449 Nuga
2745 3385 2870 3433 sunt
2905 3378 3038 3443 hac,
3067 3384 3122 3431 et
3162 3375 3393 3445 ineptia.
3449 3374 3556 3430 Eos
3591 3376 3743 3431 enim

2153 3473 2242 3544 qui
2273 3471 2434 3526 futuri
2456 3478 2580 3524 sunt
2601 3469 2872 3534 doctores,
2898 3483 2957 3524 se
2987 3467 3133 3536 prius
3158 3475 3304 3522 recte
3327 3467 3559 3538 gessisse
3575 3481 3744 3536 opor-

2155 3563 2274 3629 tuit,
2308 3571 2361 3617 et
2383 3570 2507 3616 tunc
2529 3559 2599 3614 ad
2621 3560 2670 3614 id
2699 3559 2834 3614 mitti
2860 3575 2873 3611 :
2902 3558 3200 3628 cujusmodi
3229 3557 3444 3614 fuerunt
3463 3558 3746 3629 propheta

2155 3665 2210 3712 et
2234 3655 2482 3726 apostoli.
2535 3652 2666 3709 Cum
2708 3662 2884 3708 autem
2925 3653 3024 3722 ipsi
3069 3654 3176 3708 sint
3205 3652 3479 3723 perversi,
3506 3660 3560 3707 et
3589 3653 3745 3708 omni

2153 3747 2282 3802 vitio
2305 3744 2521 3812 referti,
2549 3743 2819 3815 quomodo
2846 3742 2913 3798 ad
2947 3742 3245 3799 docendum
3273 3743 3422 3800 missi
3448 3743 3608 3799 sunt?
3643 3743 3746 3800 Vi-

2156 3837 2377 3893 deamus
2403 3852 2532 3908 ergo
2561 3836 2730 3906 qualis
2764 3851 2950 3891 eorum
2981 3835 3141 3892 fuerit
3167 3837 3271 3892 vita
3297 3852 3415 3906 qua
3443 3839 3744 3907 praeessit.

2156 3931 2490 3986 Inveniemus
2515 3929 2656 3984 enim
2686 3943 2780 3984 eos
2809 3927 3002 3985 belluis
3023 3927 3186 3984 fuisse
3211 3928 3574 3984 immaniores.
3600 3929 3746 3986 Nam

2155 4030 2211 4078 et
2239 4021 2533 4090 parricida,
2563 4028 2617 4075 et
2646 4020 2934 4075 liberorum
2952 4017 3338 4082 interfectores,
3367 4017 3747 4090 idolorumque

2157 4114 2407 4178 cultores,
2442 4121 2496 4166 et
2524 4111 2818 4167 alienorum
2852 4099 3113 4165 bonorum
3153 4117 3502 4178 occupatores
3547 4110 3747 4179 fuere;

2157 4220 2340 4260 eorum
2369 4213 2545 4260 autem
2576 4213 2700 4258 sunt
2721 4203 2891 4272 plena
2922 4200 3232 4271 prophetia.
3253 4204 3331 4254 Ac
3360 4209 3594 4256 vestram
3621 4205 3747 4272 qui-

2157 4297 2277 4354 dem
2305 4296 2577 4351 libidinem
2608 4293 2908 4365 signiﬁcans
2934 4291 3214 4357 Jeremias,
3242 4291 3452 4347 dicebat
3482 4310 3497 4346 :
3529 4292 3663 4364 Equi
3691 4297 3743 4350 in

2158 4405 2308 4457 equas
2339 4389 2641 4441 insanientes
2665 4385 2790 4453 [acti
2829 4392 2946 4438 sunt
2975 4399 2994 4436 :
3023 4383 3364 4452 unusquisque
3392 4384 3648 4438 [tinniebat
3675 4387 3746 4439 ad

2158 4498 2365 4540 uxorem
2417 4480 2632 4552 proximi
2685 4476 2817 4545 (Jer.
2849 4478 2903 4532 5.
2929 4477 3009 4547 8).
3066 4476 3202 4544 Quid
3249 4476 3351 4532 hac
3386 4477 3546 4533 fuerit
3591 4481 3745 4551 pejus

2159 4573 2536 4630 immunditia?
2577 4572 2688 4626 Non
2718 4572 2860 4626 enim
2883 4581 2941 4625 ut
2969 4571 3210 4626 homines
3235 4587 3355 4626 cum
3379 4574 3492 4628 suis
3515 4574 3742 4630 invicem

2161 4669 2414 4723 tutoribus
2443 4666 2691 4722 coibant:
2723 4673 2778 4720 et
2815 4664 2933 4719 ideo
2962 4679 3147 4720 eorum
3195 4663 3428 4720 furorem
3457 4666 3743 4735 appellavit

2161 4761 2444 4816 hinnitum.
2463 4759 2571 4814 Nec
2600 4773 2693 4814 eos
2723 4757 2895 4812 solum
2919 4758 3092 4827 arguit
3121 4756 3501 4823 fornicationis,
3527 4758 3621 4814 sed
3650 4774 3742 4814 eos

2159 4853 2318 4908 etiam
2343 4863 2557 4906 accusat
2576 4849 2843 4914 adulterii,
2874 4849 3016 4918 quod
3037 4851 3196 4903 etiam
3217 4849 3284 4904 ab
3305 4852 3383 4906 eis
3406 4850 3739 4922 impudenter

2158 4943 2541 5000 admittebatur
2568 4982 2584 5008 ,
2611 4940 3055 5012 quemadmodum
3078 4941 3130 4995 in
3161 4941 3353 4996 brutis.
3387 4943 3537 4998 Alius
3563 4953 3736 4998 autem

2159 5036 2418 5109 propheta
2440 5035 2568 5090 dicit
2600 5052 2613 5090 :
2644 5032 2869 5102 Ingressi
2893 5041 3008 5084 sunt
3025 5032 3091 5084 ad
3113 5031 3371 5087 mulierem
3392 5034 3628 5104 facientes
3643 5051 3738 5086 au-

2159 5130 2274 5193 lma,
2307 5128 2442 5196 ﬁlius
2463 5136 2510 5180 et
2540 5135 2681 5195 pater
2704 5123 2772 5176 ad
2792 5122 3016 5176 eamdem
3045 5123 3268 5187 puellam
3293 5123 3570 5196 (a)(Amos.
3587 5127 3641 5179 2.
3658 5125 3732 5192 7).

2159 5221 2446 5290 Propterea
2501 5231 2649 5286 ergo,
2679 5215 2785 5279 die,
2809 5229 3013 5283 quaso,
3046 5229 3142 5268 vos
3189 5216 3334 5270 misit
3387 5216 3651 5280 doctores,
3683 5222 3734 5268 ut
3779 5247 3782 5250 ~

2157 5310 2535 5366 fornicationes
2559 5316 2615 5363 et
2654 5305 2916 5360 adulteria
2949 5303 3297 5371 disceremus,
3329 5307 3549 5376 etquod
3583 5321 3733 5376 opor»

2157 5413 2266 5457 teat
2295 5411 2498 5472 patrem
2531 5407 2586 5454 et
2622 5398 2787 5452 ﬁlium
2825 5397 2962 5452 idem
2989 5398 3125 5453 inire
3155 5398 3373 5452 cubile?
3426 5398 3560 5464 Quid
3613 5411 3732 5452 vero

2157 5493 2448 5549 Ezechiel?
2488 5489 2571 5545 Ne
2603 5489 2879 5544 secundum
2907 5491 3128 5561 gentium
3175 5489 3372 5558 quidem
3409 5491 3632 5560 legitima
3657 5490 3727 5556 [c-

2219 5609 2292 5672 (α)
2326 5613 2439 5657 Hac
2470 5606 2672 5672 omnino
2694 5602 2894 5672 diverse
2915 5601 3210 5672 referuntur
3235 5615 3281 5650 ιιι
3306 5609 3442 5654 textu
3467 5611 3607 5654 Amos
3630 5615 3727 5665 In»

2159 5663 2338 5738 pheta,
2360 5677 2412 5720 ut
2435 5669 2600 5718 videas
2618 5666 2664 5715 in
2689 5671 2890 5716 Romana
2914 5663 3146 5713 Editioue.
