4112 6214
351 317 444 370 ιιι

346 429 411 482 πέ
452 445 563 498 μοι.
609 428 700 500 Μὴ
729 429 836 502 γάρ
865 431 959 486 νῦν
999 430 1213 502 πρῶτον
1236 433 1624 505 ήμαρτήκατες
1659 437 1772 489 Νῦν
1819 438 1916 505 μὲν

342 515 434 573 οὖν
473 519 569 573 καὶ
599 521 993 591 ἐπιεικέστεροι
1032 524 1310 591 γεγόνατε.
1351 525 1508 581 Ἀλλὰ
1549 529 1715 598 μήπω
1742 526 1916 580 τοῦτο’

343 610 457 663 ἀλλ’
497 613 671 665 ἐκεῖνο
701 610 767 665 ἀν
791 613 935 683 ὑμᾶς
972 614 1218 686 ἐροίμην·
1239 617 1392 680 Τίνος
1414 617 1599 671 ἕνεκεν
1633 619 1719 671 ἀεὶ
1743 621 1918 689 ἀμαρ-

343 703 594 765 τάνοντες
635 704 899 774 πρότερον
938 707 1259 776 ἐτυγχάνετε
1313 708 1722 780 φιλανθρωπίας
1766 710 1921 782 παρά

345 791 481 846 Θεοῦ
508 804 558 855 ι,
587 793 682 846 νῦν
710 793 766 846 δὲ
801 793 1002 858 οὐκέτι,
1033 797 1125 848 καὶ
1155 795 1214 849 τὸ
1250 795 1311 868 δὴ
1345 797 1788 870 παραδοξότερον,
1837 799 1921 852 ὅτι

350 885 610 937 ἐλάττονα
645 884 740 937 νῦν
781 884 1214 956 ἀμαρτάνοντες;
1257 889 1389 941 Τότε
1422 888 1523 959 μὲν
1559 889 1668 961 γὰρ
1705 891 1798 942 καὶ
1846 889 1925 959 τῷ

352 972 670 1044 Βεελφεγὼρ
723 974 1009 1040 ἐτελεῖσθε,
1066 977 1159 1029 καὶ
1219 978 1416 1048 μόσχον
1458 979 1924 1050 προσεκυνήσατε,

351 1067 445 1118 καὶ
499 1066 624 1126 τοὺς
667 1065 816 1128 υίοὺς
857 1067 1143 1136 ἐσφάξατε,
1191 1067 1309 1140 [82]
1345 1069 1437 1122 καὶ
1477 1070 1576 1134 τὰς
1623 1070 1928 1142 θυγατέρας

354 1157 508 1228 ὑμῶν
545 1157 800 1216 ἀνείλετε.
836 1158 1118 1212 καὶταῦτα
1148 1162 1389 1230 σημείων
1421 1162 1802 1225 ἀπολαύοντες·
1834 1163 1929 1216 νῦν

353 1248 411 1301 δέ
432 1248 492 1300 ού
516 1243 778 1301 θάλατταν
801 1249 1032 1319 ὁρῶντες
1056 1250 1399 1321 σχιζομένην,
1423 1254 1481 1304 οὐ
1509 1253 1712 1324 πέτραν
1735 1255 1931 1324 ῥηγνυ-

360 1339 548 1409 μένην,
593 1341 652 1393 ού
700 1344 984 1412 προφήτας
1034 1345 1524 1414 παραγινομένους,
1561 1345 1622 1398 ού
1667 1345 1763 1414 τῆς
1809 1362 1932 1398 συν-

359 1429 521 1500 ήθους
561 1431 920 1497 ἀπολαύοντες
972 1435 1252 1504 προνοίας,
1295 1435 1442 1504 ὅμως
1485 1436 1702 1504 μείζονα
1734 1436 1932 1490 ἐπιδεί-

363 1523 557 1576 κνυσθε
610 1524 708 1595 τὴν
745 1526 1066 1579 ἐπιείκειαν·
1100 1526 1152 1578 τί
1197 1526 1395 1596 δήποτε
1453 1524 1560 1591 οῦν,
1610 1529 1697 1581 ὅτε
1733 1530 1825 1582 καὶ
1863 1527 1933 1582 τὰ

364 1615 732 1685 ἁμαρτήματα
761 1614 1064 1686 ,ὶέλάττονα,
1107 1617 1199 1670 καὶ
1252 1619 1284 1688 ή
1343 1617 1657 1689 σωφροσύνη
1704 1618 1927 1682 πλείων,

365 1707 564 1774 μείζων
598 1708 631 1777 ή
667 1707 886 1770 κόλασις
920 1707 1011 1760 καὶ
1059 1709 1089 1777 ή
1131 1709 1397 1778 τιμωρία;
1433 1711 1546 1763 υύκ
1572 1709 1792 1780 εῦδηλον
1837 1711 1932 1764 καὶ

359 1801 468 1859 τοῖς
504 1799 708 1868 σφόδρα
740 1800 1002 1869 ἀνοήτοις,
1026 1800 1108 1852 ὅτι
1133 1800 1316 1871 ἐπειδὴ
1340 1801 1520 1870 μεῖζον
1549 1803 1610 1856 τὸ
1636 1801 1730 1855 νῦν
1751 1803 1932 1873 ἀμάρο

358 1906 544 1960 τημα;
583 1890 728 1954 Ἕως
771 1891 872 1961 μὲν
911 1890 1020 1963 γάρ
1045 1893 1124 1955 είς
1159 1893 1283 1956 τοὺς
1309 1892 1524 1956 δούλους
1565 1893 1931 1964 ήμαρτάνετε,

359 1983 677 2051 ἐτυγχάνετε
721 1982 1067 2053 συγγνώμης,
1123 1986 1408 2054 προφήτας
1444 1984 1794 2056 ἀναιροῦντες
1841 1985 1935 2038 καὶ

359 2076 685 2139 λιθάζοντες·
713 2077 899 2148 ἐπειδὴ
943 2077 1001 2130 δέ
1039 2079 1120 2141 είς
1159 2077 1250 2130 τὸν
1295 2077 1572 2147 Δεσπότην
1609 2078 1706 2141 τὰς
1750 2079 1936 2148 χεῖρας

363 2169 682 2232 ἐξετείνατε,
737 2169 952 2222 ἀνίατον
1001 2169 1222 2238 γέγονεν
1262 2171 1389 2239 ὑμῖν
1435 2170 1496 2223 τὸ
1527 2169 1683 2235 ἕλκος
1728 2171 1933 2227 λοιπόν.

363 2259 452 2311 Διὸ
491 2262 814 2330 τετρακόσια
851 2258 1036 2314 λοιπὸν
1097 2259 1190 2331 ἐτη
1243 2261 1542 2332 παρῆλθον,
1590 2263 1681 2332 ἀφ’
1740 2254 1802 2314 οὗ
1843 2262 1936 2315 καὶ

366 2350 496 2401 αὐτὸ
529 2349 626 2417 τῆς
658 2349 865 2412 πόλεως
892 2350 954 2403 τὸ
993 2350 1187 2418 ἔδαφος
1219 2350 1534 2420 ἠφάνισται,
1581 2353 1616 2422 ἡ
1669 2350 1936 2422 ἱερωσύνη

371 2441 655 2511 ἀνῄρηται,
700 2445 734 2511 ἡ
785 2441 1029 2510 βασιλεία
1065 2443 1300 2505 λέλυται,
1347 2442 1416 2496 τὰ
1454 2443 1562 2496 τῶν
1589 2445 1768 2511 φυλῶν
1807 2461 1938 2511 συγ·-

376 2533 619 2601 κέχυται,
654 2533 828 2586 πάντα
856 2533 926 2585 τά
953 2533 1125 2603 σεμνά
1155 2535 1336 2586 ἐκεῖνα.
1374 2535 1470 2586 καὶ
1497 2535 1726 2604 λαμπρά
1752 2536 1944 2602 ὴφάνι·

381 2639 522 2678 σται.
551 2623 645 2675 καὶ
672 2623 792 2676 ούδέ
823 2624 965 2694 ῐχνος
1003 2626 1129 2695 παρ’
1157 2624 1302 2693 ὑμῖν·
1333 2623 1470 2693 ὅπερ
1496 2623 1751 2676 οὐδέποτε
1789 2623 1947 2691 γέγο-

379 2732 486 2768 νεν.
526 2714 663 2768 Ἀλλ’
693 2715 752 2768 ἐν
783 2718 923 2786 ἀρχῇ
957 2715 1078 2786 μὲν,
1109 2717 1200 2770 καὶ
1243 2715 1338 2769 τοῦ
1373 2715 1502 2769 ναοῦ
1541 2715 1946 2787 καθῃρημένου,

379 2805 425 2856 οἱ
459 2807 729 2874 προφῆται
775 2805 1102 2876 παρέμενον,
1162 2807 1254 2859 καὶ
1303 2804 1620 2876 Πνεύματος
1673 2805 1944 2875 χορηγίαι,

379 2895 468 2947 καὶ
499 2892 770 2963 θαύματα·
800 2895 916 2947 νυνὶ
947 2893 1025 2958 δέ,
1065 2894 1146 2947 ἴνα
1183 2895 1366 2964 σαφῶς
1406 2894 1612 2965 μάθητε
1641 2897 1723 2948 ὅτι
1759 2898 1787 2949 ό
1817 2896 1948 2960 Θεὸς

383 2985 524 3054 ὑμᾶς
556 2985 932 3056 ἀπέστραπται
986 2985 1266 3055 διηνεκῶς,
1311 2987 1402 3039 καὶ⁵
1439 2985 1610 3040 ταῦτα
1655 2986 1944 3058 ἀνῄρηται’

382 3080 472 3131 καὶ
503 3077 736 3141 δουλεία,
779 3078 875 3131 καὶ
903 3076 1270 3148 αίχμαλωσία,
1301 3078 1395 3131 καὶ
1424 3080 1638 3133 πάντων
1680 3079 1950 3142 ἔκπτωσις

381 3169 670 3235 κατέλαϐε,
693 3169 786 3223 καὶ
814 3169 874 3223 τὸ
898 3169 1110 3224 πάντων
1133 3169 1531 3241 χαλεπώτερον,
1555 3169 1690 3225 Θεοῦ
1717 3172 1951 3241 ἐγκατά-

382 3261 576 3331 λειψις.

451 3373 514 3426 δ’.
553 3373 662 3426 Καὶ
683 3371 880 3426 ταύτὸν
910 3371 1204 3445 πεποίηκεν
1226 3376 1254 3428 ὁ
1272 3373 1403 3438 Θεὸς
1419 3415 1434 3441 ,
1459 3367 1570 3428 οἷον
1589 3373 1655 3427 ἀν
1673 3373 1820 3437 είτις
1837 3372 1955 3426 δοῦ-

384 3466 474 3518 λον
502 3464 793 3536 ἀγνώμονα
817 3465 1072 3530 πολλάκις
1109 3466 1473 3536 μαστιχθὲντα
1500 3467 1591 3518 καὶ
1629 3465 1703 3536 μὴ
1731 3464 1955 3536 διορθω-

387 3561 547 3613 θέντα
574 3559 849 3621 ἀποδύσας
877 3559 983 3613 τῶν
1024 3559 1272 3630 ίματίων,
1304 3557 1528 3629 γυμνὸν,
1569 3558 1794 3628 ἔρημον,
1828 3556 1955 3628 ἀλή-

388 3669 486 3723 την
512 3653 623 3723 ἀφῇ
664 3650 993 3714 πλανᾶσθαι,
1040 3651 1433 3722 προσαιτοῦντα
1469 3650 1564 3704 καὶ
1601 3649 1955 3719 ἐλαυνόμενον

390 3741 689 3812 πανταχοῦ.
722 3741 991 3812 Πρότερον
1017 3741 1074 3794 δὲ
1102 3742 1162 3797 ού
1185 3740 1408 3795 τοιαῦτα
1433 3743 1500 3794 τά
1531 3741 1792 3812 ὑμέτερα,
1818 3739 1954 3793 ἀλλά

389 3835 485 3888 καὶ
519 3833 792 3905 προφῆται
839 3834 967 3904 παρ’
1013 3833 1172 3902 ὑμῖν,
1213 3834 1306 3886 καὶ
1349 3835 1406 3888 ἐν
1439 3831 1730 3903 Αίγύπτῳ,
1767 3833 1858 3885 καὶ
1900 3833 1958 3884 ἐν

392 3924 704 3989 Βαϐυλῶνι,
735 3924 830 3976 καὶ
871 3924 930 3976 ἐν
959 3924 1149 3994 ἐρήμῳ
1169 3937 1185 3952 ο
1222 3924 1459 3992 Μωῦσῆς
1489 3925 1546 3975 ἐν
1572 3922 1829 3992 Αἰγύπτῳ
1851 3961 1866 3984 ,
1897 3923 1956 3974 ἐν

394 4015 667 4070 Βαϐυλῶνι
711 4014 907 4085 Δανιὴλ
957 4013 1050 4066 καὶ
1095 4013 1387 4084 Ἰεζεκιὴλ,
1426 4015 1482 4066 ἐν
1513 4013 1771 4083 Αἰγύπτῳ
1801 4013 1960 4066 πάλιν

407 4108 698 4178 Ἱερεμίας-ο
726 4110 820 4161 καὶ
855 4104 1108 4176 θαύματα
1147 4105 1240 4157 ἐπὶ
1283 4103 1553 4174 θαύμασι,
1583 4106 1676 4158 καὶ
1713 4103 1963 4174 λαμπρό-

396 4216 553 4269 τερον
582 4199 644 4252 τὸ
682 4198 831 4262 ἔθνος
867 4199 1079 4266 ἐγίνετο
1098 4236 1114 4261 ,
1154 4195 1263 4249 τῶν
1301 4196 1430 4266 παρ’
1456 4197 1581 4265 ύμῖν
1605 4195 1963 4265 αἰχμαλώτων

400 4291 660 4360 βασιλέων
701 4290 1049 4361 ὑψηλοτέρων
1085 4289 1409 4359 γενομένων.
1454 4287 1615 4340 Ἀλλά
1658 4286 1751 4339 νῦν
1789 4287 1965 4340 πάντα

400 4387 585 4438 ἐκεῖνα
648 4384 883 4453 οἴχεται,
941 4383 1036 4435 καὶ
1079 4383 1113 4452 ὴ
1165 4379 1402 4452 τιμωρία
1453 4377 1808 4449 χαλεπωτέρα
1861 4376 1968 4430 τῶν

405 4477 706 4546 προτέρων,
730 4475 790 4527 οὐ
830 4474 987 4544 μόνον
1019 4471 1098 4543 τῷ
1125 4474 1286 4544 μήκει
1313 4471 1404 4524 τοῦ
1445 4471 1637 4542 χρόνου
1657 4511 1672 4537 ,
1696 4469 1833 4524 ἀλλά
1876 4468 1970 4523 καὶ

401 4571 468 4638 τῇ
501 4565 669 4636 πολλῇ
709 4564 1111 4634 ἐγκαταλείψει.
1151 4563 1306 4627 Τίνος
1338 4559 1430 4617 οὖν
1459 4563 1665 4626 ἕνεκεν,
1706 4560 1826 4614 είπέ
1857 4576 1967 4631 μοι,

401 4659 488 4710 ὅτε
526 4656 745 4727 μείζονα
787 4656 1125 4726 ήμαρτάνετε
1150 4692 1165 4718 ,
1201 4653 1463 4724 τοσαύτης
1501 4651 1801 4707 ἀπελαύετε
1833 4668 1967 4722 προς

403 4747 549 4809 νοίας
570 4761 584 4775 ο
621 4745 708 4798 ὅτε
751 4744 842 4809 δέ,
876 4743 950 4807 ὥς
983 4761 1153 4812 φατε,
1209 4744 1304 4798 καὶ
1347 4742 1655 4814 ἐζηλώσατε
1689 4744 1829 4814 ὺπέρ
1875 4741 1968 4796 τοῦ

403 4839 604 4908 νόμου,
654 4836 874 4908 χείρονα
908 4835 1170 4901 ἐπάθετε;
1236 4836 1367 4890 ’Δπὸ
1397 4835 1506 4906 γὰρ
1539 4833 1730 4888 τούτου
1760 4833 1970 4888 ἀδικίαν

405 4927 841 4997 καταγινώσκετε
887 4925 981 4980 τοῦ
1041 4925 1176 4980 Θεοῦ
1197 4965 1213 4991 ,
1265 4926 1346 4980 ὅτι
1401 4926 1811 4997 ἁμαρτάνοντας
1875 4925 1972 4994 μὲν

405 5022 598 5092 ἐτίμα,
641 5018 1038 5091 κατορθοῦντας
1079 5019 1137 5073 δέ
1168 5018 1452 5090 ἠτίμασεν.
1501 5019 1565 5070 Et
1614 5017 1723 5087 γὰρ
1772 5015 1972 5070 πλάνον

405 5112 663 5175 ἀνείλετε,
687 5111 760 5175 ὥς
787 5127 943 5179 φατε,
969 5111 1064 5165 καὶ
1093 5109 1520 5182 κατωρθώσατεο
1553 5109 1609 5179 ἢ,
1640 5109 1688 5161 εί
1717 5107 1924 5172 δίκαιος
1945 5110 1976 5160 ὁ

406 5204 556 5268 Θεὸς,
590 5202 777 5274 ὥσπερ
801 5198 894 5257 οῦν
923 5204 1017 5258 καὶ
1053 5203 1280 5269 δίκαιος,
1313 5203 1476 5272 τιμᾷν
1505 5201 1648 5271 ὑμᾶς
1680 5199 1786 5252 ἔδει
1807 5241 1821 5266 ,
1856 5199 1978 5270 οὐχὶ

410 5294 659 5360 κολάζειν
678 5313 691 5327 ⁸
727 5297 775 5348 εί
797 5294 853 5348 δὲ
903 5293 1142 5358 κολάζει,
1165 5293 1388 5364 εὔδηλον
1410 5293 1492 5346 ὅτι
1519 5291 1588 5345 τά
1613 5290 1708 5346 νῦν
1731 5291 1980 5363 ἁμαρτή-

413 5403 558 5457 ματα
588 5385 744 5458 ὑμῶν
778 5384 1152 5457 χαλεπώτερα.
1207 5386 1272 5438 Et
1299 5385 1357 5438 δὲ
1403 5383 1528 5437 οὕτε
1574 5383 1819 5436 ἀσεϐεῖτε
1861 5381 1978 5446 νῦν,

409 5476 534 5534 οὕτε
567 5478 731 5533 τέκνα
762 5477 940 5542 θύετε,
988 5476 1064 5540 ώς
1095 5475 1201 5547 πρὸ
1222 5475 1432 5539 τούτου,
1464 5477 1613 5528 ποῖον
1633 5473 1760 5530 ἄλλο
1791 5473 1976 5545 ἀμάρ-

417 5725 434 5767 ι
473 5657 502 5726 _'
527 5655 838 5707 Scultennam
871 5656 922 5706 in
944 5654 1092 5703 editis
1111 5666 1328 5701 mancam
1353 5653 1420 5703 sic
1440 5666 1502 5704 ex
1525 5666 1623 5702 uno
1647 5655 1813 5704 codice
1836 5657 1984 5704 resu-

439 5732 611 5767 ιιιωιιιι.

439 5732 611 5769 minus.

1449 322 1807 380 EXI’OSITIO
1841 322 1910 378 1N
1951 321 2279 380 PSALMUM
2325 324 2455 379 VIII.

3477 329 3587 386 “‘2

2024 438 2175 508 τημά
2208 439 2323 491 ἐστι
2357 439 2424 491 δι’
2465 438 2493 490 ὃ
2533 438 2888 510 χαλεπώτερα
2917 438 3183 505 ἐπάθετες
3237 441 3306 494 ’Ῑί
3347 440 3592 513 εὔδηλον,

2023 533 2103 586 δτι
2133 533 2193 586 τὸ
2223 533 2318 586 τοῦ
2355 533 2585 604 σταυροῦ
2625 533 2878 605 τόλμημα
2902 536 2930 588 ό
2961 534 3202 604 κολοφὼν
3232 535 3339 588 τῶν
3371 539 3590 608 κακῶνς

2024 627 2193 681 Τοῦτο
2222 630 2314 682 καὶ
2341 628 2793 699 είδωλολατρείας,
2828 628 2940 701 [85]
2974 631 3068 684 καὶ
3100 632 3474 701 μοσχοποιίας,
3501 636 3595 689 καὶ

2025 725 2400 786 παιδοκτονίας
2437 725 2632 795 μᾶλλον
2666 727 2807 796 ὑμᾶς
2854 727 3148 782 ἀπώλεσεν.
3200 731 3274 782 Οὐ
3318 731 3426 801 γάρ
3452 733 3598 786 ἐστιν

2029 819 2164 881 ίσον,
2215 821 2328 874 υίὸν
2384 821 2583 890 σφάξαι
2617 821 2705 873 τὸν
2748 822 2978 885 ἐαυτοῦ,
3029 825 3122 877 καὶ
3170 827 3445 897 Δεσπότην
3507 831 3598 882 τὸν

2035 911 2227 964 ἐαυτοῦ
2279 912 2606 982 σταυρῶσαι.
2656 913 2754 965 Διά
2780 913 2953 975 τοῦτο,
3000 915 3086 967 ὅτε
3139 917 3234 986 μὲν
3279 920 3402 981 τοὺς
3448 921 3598 984 υίοὺς

2029 1007 2308 1074 ἐσφαττες,
2343 1006 2746 1076 φιλανθρωπίας
2780 1007 3078 1070 ἀπέλαυες·
3116 1012 3200 1062 ὅτε
3247 1012 3304 1065 δὲ
3340 1013 3431 1065 τοῦ
3461 1015 3598 1068 Θεοῦ

2028 1102 2121 1154 τὸν
2154 1102 2280 1154 Υἱὸν
2311 1103 2404 1154 καὶ
2438 1102 2527 1153 σὸν
2557 1102 2864 1170 Δεσπότην,
2906 1102 3262 1170 ἀσύγγνωστα
3294 1107 3476 1163 λοιπὸν
3503 1128 3598 1164 κο-

2033 1196 2187 1268 λάζῃ.

2101 1305 2249 1358 Πόσα
2279 1303 2370 1373 ἔτη
2412 1303 2520 1356 ἀπὸ
2557 1304 2655 1374 τῆς
2688 1303 2867 1367 ἐξόδου
2899 1305 2998 1372 τῆς
3030 1306 3148 1359 κατ’
3195 1310 3468 1376 Αἴγυπτον
3497 1313 3603 1376 ἕως

2031 1401 2128 1468 τῆς
2157 1399 2248 1452 τοῦ
2279 1398 2515 1469 Χριστοῦ
2544 1400 2872 1469 παρουσίσς;
2900 1397 3066 1470 Οἶμαι
3094 1403 3239 1471 χίλια
3273 1406 3606 1460 πεντακόσια

2031 1489 2170 1548 εἶναι
2205 1496 2296 1547 καὶ
2326 1493 2564 1549 πλείονα.
2594 1494 2719 1557 Πῶς
2756 1491 2848 1548 οὖν
2877 1497 2934 1548 ἐν
2963 1496 3169 1562 τούτοις
3202 1500 3404 1553 ἅπασιν
3427 1502 3610 1573 ἀμαρ-

2031 1588 2290 1651 τάνοντας
2332 1589 2474 1658 ὑμᾶς
2501 1588 2682 1660 ἔφερε,
2714 1591 2807 1643 νῦν
2834 1591 2891 1644 δὲ
2931 1592 3074 1662 ὑμᾶς
3102 1594 3347 1664 ἔρριψεν,
3380 1597 3466 1649 ὅτε
3501 1597 3610 1666 μά*

2032 1679 2186 1738 λιστα
2246 1684 2583 1753 στεφανῶσαι
2645 1686 2779 1754 ἔδει,
2836 1686 2937 1740 κᾶν
2988 1689 3157 1743 πολλὰ
3223 1692 3609 1762 ἡμαρτηκότες

2032 1777 2164 1852 ﬁte;
2211 1781 2284 1832 Τὸ
2329 1780 2438 1850 γὰρ
2479 1780 2810 1851 κατόρθωμα
2859 1782 3010 1853 ὑμῶν
3054 1784 3186 1837 πολὺ
3231 1786 3483 1854 μέγιστον
3514 1781 3606 1858 ἦν,

2035 1879 2150 1947 εἴτε
2179 1877 2375 1931 πλάνον
2415 1877 2714 1947 ἐσφάξατε.
2745 1878 2900 1931 Μετά
2925 1879 2981 1931 δὲ
3020 1880 3210 1933 τούτου
3240 1882 3331 1934 καὶ
3364 1881 3610 1937 σάϐϐατα

2035 1974 2238 2028 δοκεῖτε
2279 1973 2566 2044 φυλάττειν
2594 1972 2709 2036 νῦν,
2743 1976 2836 2026 καὶ
2873 1973 3067 2029 εἴδωλα
3112 1977 3174 2030 ού
3219 1979 3571 2048 προσκυνεῖτε
3593 2014 3608 2042 ,

2037 2071 2131 2124 καὶ
2163 2069 2232 2123 τά
2267 2069 2400 2124 ἀλλα
2440 2069 2788 2139 φιλονεικεῖτε
2816 2069 3108 2140 διατηρεῖν.
3149 2071 3276 2125 Ὅτε
3304 2071 3484 2124 τοίνυν
3519 2072 3614 2125 καὶ

2037 2169 2065 2220 ό
2093 2165 2206 2238 βίος
2242 2165 2395 2238 ὑμῶν
2437 2165 2687 2236 βελτίων,
2719 2167 2813 2219 καὶ
2847 2165 2907 2218 τὸ
2937 2167 3265 2238 κατόρθωμα
3288 2210 3304 2233 ,
3335 2167 3410 2232 ὥς
3439 2185 3574 2238 φατε
3594 2210 3610 2234 ,

2037 2265 2321 2330 τοσοῦτον,
2352 2264 2471 2318 τότε
2511 2262 2580 2316 τά
2624 2263 2826 2334 ἔσχατα
2870 2264 3124 2334 πάσχετε.
3163 2265 3227 2318 Τί
3272 2266 3473 2337 ταύτης
3515 2267 3613 2336 τῆς

2042 2363 2236 2432 μανίας
2255 2361 2445 2430 γένοιτ’
2472 2360 2537 2414 ἂν
2552 2364 2760 2432 χεῖρον;
2786 2361 2836 2414 τί
2858 2361 2955 2432 τῆς
2973 2362 3128 2415 ἀνοία
3140 2381 3179 2426 _:,
3197 2363 3278 2416 ὅτι
3299 2363 3439 2433 ὑπὲρ
3461 2361 3614 2433 ὑμῶν

2041 2459 2218 2513 αὐτῶν
2250 2457 2688 2527 ἀπολογήσασθαι
2730 2458 3059 2529 βουλόμενοι,
3105 2462 3184 2522 είς
3211 2460 3300 2512 τὸν
3329 2459 3460 2512 Θεὸν
3489 2459 3616 2528 βλα-

2047 2555 2345 2624 σφημεῖτε;
2381 2553 2444 2605 Εἰ
2477 2557 2584 2624 γάρ
2621 2555 2680 2606 οὑ
2731 2554 2910 2624 μεῖζον
2951 2555 3012 2607 τὸ
3053 2555 3356 2625 ἁμάρτημα
3385 2555 3444 2607 τὸ
3478 2553 3618 2606 κατά

2047 2647 2284 2718 Χριστοῦ
2331 2648 2547 2700 πάντων
2589 2650 2848 2710 ἐκείνων,
2889 2649 3026 2702 ἀλλά
3075 2652 3168 2702 καὶ
3203 2651 3506 2719 δικαίωμα,
3542 2648 3618 2711 ῶς

2053 2760 2188 2814 φατε
2209 2783 2224 2806 ,
2268 2745 2361 2796 καὶ
2394 2743 2754 2813 κατόρθωμα,
2780 2744 2831 2796 τί
2865 2744 3062 2813 δήποτε
3097 2743 3488 2814 κατορθοῦντας
3525 2745 3621 2812 μὲν

2052 2840 2306 2904 κολάζει,
2337 2839 2755 2910 ἁμαρτανόντων
2787 2839 2843 2891 δέ
2875 2838 3143 2906 ἐφείδετο;
3173 2837 3342 2890 Τοῦτο
3374 2839 3481 2908 γὰρ
3525 2839 3624 2906 οὺχ

2051 2940 2079 2991 ὁ
2111 2938 2278 3002 Θεὸς,
2310 2936 2424 2990 ἀλλ’
2454 2935 2574 2989 οὐδὲ
2606 2933 2891 3006 ἄνθρωπος
2920 2934 3068 2997 ὅστις
3106 2933 3305 3003 δήποτε
3333 2933 3455 2987 νοῦν
3489 2934 3626 3002 ἔχων

2050 3034 2338 3104 ἀνάσχοιτο
2367 3029 2434 3086 ἀν
2481 3031 2720 3102 ποιῆσαι.
2772 3029 2929 3083 Ἀλλά
2966 3029 3018 3081 τί
3075 3045 3206 3099 φασι
3251 3027 3382 3099 πρὸς
3419 3026 3623 3092 ταύτας

2065 3130 2424 3201 Ἐῥρίφημεν,
2475 3130 2557 3184 ἵνα
2604 3129 2699 3181 καὶ
2741 3125 3048 3180 διδάσκαλοι
3091 3125 3378 3196 γενώμεθα
3420 3125 3517 3194 τῆς
3551 3126 3627 3175 ol-

2055 3227 2345 3298 κουμένης.
2394 3226 2574 3296 Λῆρος
2612 3223 2809 3290 ταῦτα,
2855 3225 2950 3276 καί⁵
2996 3221 3273 3294 φλυαρίαι.
3333 3221 3472 3284 Τοὺς
3523 3221 3629 3289 γὰρ

2058 3323 2349 3394 μέλλοντας
2380 3317 2518 3374 εἶναι
2539 3321 2889 3385 διδασκάλους
2913 3319 3174 3391 πρότερον
3201 3319 3395 3381 αὐτοὺς
3419 3335 3632 3387 κατωρ-

2057 3421 2290 3474 θωκέναι
2335 3420 2446 3486 δεῖ,
2501 3420 2594 3472 καὶ
2644 3419 2762 3472 τότε
2809 3417 3137 3490 πέμπεσθαι,
3171 3417 3250 3479 είς
3302 3415 3491 3467 τοῦτο·
3529 3409 3628 3467 οἷοι

2056 3514 2194 3590 ἦσαν
2223 3520 2272 3572 οί
2311 3517 2618 3590 προφῆται,
2649 3517 2697 3568 οί
2749 3515 3053 3568 ἀπόστολοι.
3089 3514 3257 3567 Ὀταν
3285 3512 3340 3566 δὲ
3372 3513 3521 3564 αὐτοὶ
3549 3510 3629 3562 δι-

2058 3616 2421 3688 εστραμμένοι
2449 3609 2571 3678 ὦσι,
2614 3614 2706 3666 καὶ
2749 3613 2928 3684 πάσης
2949 3613 3207 3683 γέμοντες
3252 3610 3481 3672 κακίας,
3516 3608 3632 3671 πῶς

2060 3715 2126 3768 ἂν
2153 3715 2232 3776 είς
2255 3712 2313 3765 τὸ
2343 3711 2610 3764 διδάσκειν
2633 3709 3030 3780 ἐξηνέχθησανς
3060 3709 3287 3780 Ἱδωμεν
3323 3707 3500 3760 τοίνυν
3522 3701 3632 3768 οἷος

2059 3810 2240 3863 αὐτῶν
2267 3811 2359 3862 καὶ
2386 3809 2413 3860 ὁ
2439 3808 2544 3879 πρὸ
2574 3808 2761 3862 τούτου
2789 3807 2921 3877 βίος.
2955 3807 3274 3878 Εὑρήσομεν
3299 3806 3406 3876 γὰρ
3431 3803 3635 3876 θηρίων

2059 3908 2216 3969 δντας
2259 3905 2690 3976 χαλεπωτέρους.
2725 3904 2834 3956 Καὶ
2862 3903 2972 3972 γάρ
3011 3902 3354 3972 πατραλοῖαι,
3384 3901 3475 3953 καὶ
3510 3915 3637 3952 παι-

2061 4002 2320 4060 δοκτόνοι,
2347 4000 2439 4052 καὶ
2462 3998 2864 4066 εἰδωλολάτραι,
2889 3998 2983 4048 καὶ
3008 3997 3322 4049 πλεονεκται
3349 3997 3604 4064 γεγόνασι
3621 4009 3634 4024 ·

2067 4095 2385 4152 καὶτούτων
2416 4095 2552 4145 εἰσιν
2592 4093 2648 4143 αί
2684 4093 3008 4160 προφητεῖαι
3036 4091 3280 4160 πλήρεις.
3313 4091 3419 4142 Καὶ
3451 4089 3512 4140 τὸ
3541 4088 3638 4156 μέν

2067 4195 2262 4263 λάγνον
2291 4190 2444 4261 ὑμῶν
2485 4188 2752 4260 Ἱερεμίας
2779 4185 2974 4256 δηλῶν,
3008 4186 3207 4254 ἑλεγεν·
3234 4186 3426 4239 Ἵπποι
3459 4188 3642 4250 θηλυ-

2064 4288 2276 4361 μανεῖς
2317 4288 2719 4357 ἐγενήθησαν·
2778 4285 3037 4350 ἕκαστος
3074 4283 3172 4337 ἐπὶ
3235 4282 3350 4350 τὴν
3389 4280 3644 4347 γυναῖκα

2069 4388 2176 4441 τοῦ
2209 4387 2477 4454 πλησίον
2516 4382 2864 4454 ἐχρεμέτιζε.
2900 4383 2966 4434 Τί
3013 4381 3215 4450 ταύτης
3273 4380 3370 4450 τῆς
3398 4378 3643 4450 ἀκαθαρ-

2072 4486 2193 4550 σίας
2223 4487 2433 4556 χείρον;
2473 4485 2545 4537 Οὐ
2579 4484 2688 4553 γάρ
2729 4482 2805 4544 ὡς
2837 4480 3112 4552 ἄνθρωποι
3157 4478 3496 4546 συνεγίνοντο
3524 4479 3641 4540 ταῖς

2071 4582 2314 4654 ἀλλήλων
2359 4577 2598 4650 γυναιξί·
2632 4579 2712 4632 διὸ
2750 4579 2841 4631 καὶ¹
2868 4581 2965 4648 τὴν
3001 4577 3195 4648 μανίαν
3228 4575 3405 4629 αὐτῶν
3435 4591 3638 4647 χρεμε-

2069 4675 2262 4746 τισμὸν
2292 4676 2536 4730 ἐκάλεσε.
2572 4675 2679 4725 Καὶ
2721 4673 2842 4742 οὐχὶ
2885 4671 3140 4742 πορνείαν
3169 4671 3348 4742 μόνον,
3380 4670 3514 4723 ἀλλὰ
3548 4670 3644 4724 καὶ

2073 4773 2323 4846 μοιχείαν
2357 4772 2538 4834 αὐτοῖς
2575 4769 2814 4838 ἐγκαλεῖ,
2856 4769 2948 4820 καί¹
2977 4768 3182 4839 ταύτην
3208 4768 3400 4839 ἀνέδην
3425 4767 3646 4836 γινομέ-

2072 4891 2192 4944 νην,
2223 4869 2474 4938 καθάπερ
2500 4868 2592 4920 ἐπὶ
2617 4866 2722 4920 τῶν
2752 4865 2981 4932 ἀλόγων.
3017 4865 3241 4936 Ἕτερος
3261 4865 3316 4918 δέ
3358 4865 3646 4936 προφήτης

2076 4977 2272 5042 φησίν·
2316 4968 2623 5036 Είσῆλθον
2671 4965 2820 5032 πρὸς
2869 4962 2985 5031 τὴν
3037 4962 3290 5032 γυναῖκα
3333 4961 3646 5024 ποιοῦντες

2078 5068 2604 5138 παραπετάσματα,
2636 5067 2764 5128 υίὸς
2789 5063 2887 5117 καί
2919 5062 3116 5129 πατὴρ
3138 5061 3286 5128 πρὸς
3310 5058 3424 5124 τὴν
3453 5055 3646 5120 αὐτὴν

2079 5169 2427 5234 παιδίσκην.
2475 5163 2570 5217 Διά
2613 5163 2768 5217 τοῦτο
2811 5157 2903 5214 οὖν
2947 5156 3318 5217 διδασκάλους,
3359 5150 3482 5204 είπέ
3525 5166 3644 5220 μοι,

2081 5265 2325 5336 ἐπεμψεν
2347 5262 2510 5334 ὑμᾶς,
2539 5261 2627 5314 ίνα
2657 5257 2918 5331 μάθωμεν
2948 5253 3219 5324 πορνείας,
3251 5247 3345 5302 καὶ
3375 5246 3644 5318 μοιχείας,

2082 5365 2178 5419 καὶ
2196 5366 2277 5418 ὄτι
2298 5362 2378 5415 δεῖ
2404 5361 2503 5432 τὴν
2529 5358 2697 5428 αὐτὴν
2717 5355 2874 5426 εὐνὴν
2899 5354 3039 5424 ἔχειν
3069 5347 3281 5418 πατέρα
3305 5345 3398 5399 καὶ
3419 5343 3531 5397 υἱόν
3549 5361 3564 5412 ;
3583 5340 3650 5398 Τί

2084 5465 2140 5518 δέ
2175 5466 2203 5518 ὁ
2248 5460 2538 5530 ’Ῑεζεκιήλ;
2577 5455 2730 5510 Οὐδὲ
2762 5452 2910 5531 κατὰ
2935 5449 3006 5506 τὰ
3029 5447 3245 5516 νόμιμα
3273 5441 3392 5498 τῶν
3419 5440 3653 5498 ἐθνῶν)

2147 5642 2176 5682 ὶο
2202 5641 2255 5689 In
2298 5636 2557 5689 Ezechiele
2601 5631 2787 5694 legitur
2816 5627 2924 5676 οὐδὲ
2965 5625 3088 5674 κατά
3126 5623 3186 5670 τὰ
3228 5621 3525 5673 δικαιώματα
3564 5616 3658 5664 tiu

2092 5705 2234 5753 ἐθνῶν
2244 5740 2253 5750 .
