4112 6214
349 511 516 570 riores
537 512 804 584 gentibus,
836 511 924 568 dic
947 511 1101 579 mihi,
1127 510 1372 568 doctores
1401 510 1586 566 misit?
1616 511 1804 566 Factas
1839 523 1936 564 au-

349 617 454 663 tem
483 607 550 663 ab
579 607 656 663 eis
693 605 870 662 cardes
899 605 1018 678 quis
1037 605 1180 662 ferre
1203 605 1414 677 possit?
1464 603 1630 660 Filios
1681 603 1824 660 enim
1877 609 1933 658 et

349 702 484 756 filias
513 709 813 756 mactarunt
841 700 1138 767 daemoniis,
1170 709 1224 754 et
1247 715 1340 756 eos
1360 698 1787 755 combusserunt.
1817 696 1930 752 Hoc

347 801 523 846 autem
557 791 721 846 David
750 805 962 861 quoque
995 789 1248 856 oetendit,
1287 790 1471 845 dicens
1502 787 1610 843 :Et
1639 795 1927 842 mactarunt

350 884 483 950 filios
501 899 618 937 suos
643 892 689 936 et
708 883 844 950 ﬁlias
867 899 985 936 suas
1013 881 1270 936 dwmoniis
1299 879 1468 951 (Psal.
1503 880 1624 936 105.
1659 879 1769 950 37).
1794 877 1930 934 Pro-

350 985 531 1048 pterea
557 990 685 1046 ergo
729 975 892 1038 misit,
929 983 985 1030 ut
1010 973 1111 1030 hoc
1135 973 1369 1029 disceret
1397 981 1586 1026 natura
1629 971 1930 1037 hominum,

347 1067 491 1138 quod
517 1075 759 1135 aperteat
785 1067 919 1122 ﬁlios
948 1076 999 1122 et
1023 1067 1158 1122 tilias
1184 1075 1420 1121 mactare
1449 1063 1776 1120 dmmoniis?
1813 1062 1930 1118 Non

348 1156 683 1224 erubescitis,
706 1172 802 1212 nec
828 1157 1026 1226 pudore
1053 1157 1237 1212 sull’usi
1259 1172 1355 1213 vos
1376 1157 1572 1228 tegitis,
1604 1170 1726 1211 cum
1750 1153 1932 1224 hujus-

349 1247 493 1302 modi
553 1263 718 1317 nugas
772 1249 1287 1304 comminiscimini?
1332 1249 1480 1303 Alius
1533 1247 1677 1302 enim
1721 1245 1848 1301 dicit
1908 1259 1924 1300 :

350 1338 662 1409 Sanguinem
686 1340 892 1393 miscent
924 1341 1162 1411 sanguini
1192 1355 1210 1394 :
1235 1350 1280 1394 et
1306 1341 1583 1395 exsecratio
1605 1381 1619 1406 ,
1653 1350 1698 1392 et
1727 1339 1930 1394 menda-

348 1432 507 1494 cium,
529 1440 574 1484 et
596 1434 816 1495 furtum,
845 1441 892 1484 et
923 1432 1231 1486 adulterium
1261 1434 1432 1503 fusum
1459 1441 1530 1486 est
1559 1448 1711 1501 super
1739 1441 1925 1487 terram

352 1523 523 1592 (Osee.
554 1523 606 1578 4.
633 1524 688 1594 2)
707 1523 808 1595 (α).
821 1524 969 1579 Alius
988 1533 1164 1580 autem
1196 1543 1210 1579 :
1245 1524 1408 1581 Facta
1419 1535 1488 1579 est
1508 1526 1595 1579 tibi
1605 1525 1755 1597 facies
1771 1542 1929 1581 mere-

351 1614 508 1679 tricis,
544 1630 664 1685 erga
687 1630 859 1672 omnes
891 1615 1032 1686 fuisti
1056 1615 1320 1686 impudens
1369 1615 1499 1685 (Jer.
1543 1617 1597 1670 3.
1641 1615 1720 1685 3).
1777 1617 1929 1674 Alius

347 1719 532 1759 rursus
586 1721 600 1757 :
652 1704 918 1776 Principes
969 1708 1120 1761 vestri
1173 1717 1428 1776 tamquam
1454 1708 1563 1778 lupi
1604 1708 1803 1764 Arabia:
1847 1709 1922 1781 (b)

346 1795 556 1865 μέλει-11.
577 1794 664 1850 22.
697 1796 812 1867 27).
837 1797 985 1852 Alius
1009 1813 1226 1853 rursus:
1257 1797 1378 1853 Non
1406 1809 1478 1854 est
1502 1799 1804 1871 intelligens,
1824 1816 1927 1854 non
1967 1851 1972 1856 .

343 1895 415 1942 est
467 1889 720 1955 requirens
768 1887 930 1942 Deum
973 1889 1161 1962 (Soph.
1209 1893 1262 1947 3.
1309 1892 1385 1962 3).
1436 1890 1622 1948 Omnes
1643 1892 1928 1948 declinave-

342 1987 482 2043 runt,
503 1979 655 2032 simul
679 1979 879 2034 inutiles
905 1982 1028 2052 facti
1054 1991 1172 2036 sunt
1194 1981 1365 2055 (Psal.
1397 1984 1483 2039 l3.
1508 1985 1564 2039 2.
1591 1985 1672 2055 3).

409 2070 465 2126 5.
509 2071 720 2142 Egressi
759 2088 886 2144 ergo
928 2074 1058 2130 estis
1089 2083 1146 2129 ut
1175 2075 1290 2138 haec
1319 2075 1619 2141 doceretis,
1647 2078 1930 2147 impuden-

342 2160 493 2226 tiam,
549 2163 876 2228 amentiam,
927 2165 1340 2231 fornicationes,
1370 2166 1658 2234 adulteria,
1711 2169 1923 2237 caedes,

343 2265 559 2306 omnem
581 2253 720 2308 viam
748 2254 1102 2324 improbitatis
1119 2257 1142 2310 ἲ
1158 2256 1272 2312 Non
1296 2259 1520 2314 cessatis
1544 2275 1643 2316 nos
1661 2276 1851 2331 cogere
1872 2272 1929 2318 ut

345 2350 523 2396 vestra
551 2342 686 2397 mala
716 2344 1089 2402 traducamus?
1143 2348 1250 2405 Vos
1270 2351 1400 2406 estis
1428 2350 1528 2416 Qui
1551 2354 1823 2422 portantini
1866 2371 1929 2410 ea:

347 2440 520 2494 utero,
551 2443 597 2485 et
623 2433 868 2490 docemini
911 2453 1068 2506 usque
1107 2439 1176 2492 ad
1215 2450 1514 2495 senectutem
1537 2441 1688 2512 (Isai.
1719 2445 1809 2499 46.
1834 2445 1925 2515 3);

351 2534 450 2574 vos
476 2523 603 2577 estis
653 2525 778 2579 czeci
801 2566 818 2592 ,
853 2527 943 2595 qui
989 2542 1088 2582 vos
1114 2528 1344 2584 invicem
1385 2530 1439 2585 in
1483 2531 1689 2586 foveam
1741 2535 1931 2602 princi-

351 2611 554 2680 pitatis.
590 2612 764 2668 Caecus
799 2617 940 2670 enim
964 2656 982 2684 ,
1013 2617 1215 2687 inquit,
1237 2621 1282 2674 si
1307 2635 1498 2674 caecum
1517 2621 1687 2687 ducat,
1719 2623 1862 2678 amba
1881 2625 1934 2679 in

349 2702 546 2773 foveam
578 2706 755 2760 cadent
793 2705 1004 2780 (Matth.
1052 2711 1140 2766 15.
1167 2711 1412 2776 14;Luc.
1449 2713 1502 2768 6.
1534 2714 1648 2786 39).
1681 2714 1780 2783 Qui
1813 2731 1936 2786 pro-

348 2795 538 2866 phetas
563 2813 777 2870 semper
795 2801 1054 2858 habuistis
1071 2843 1089 2869 ,
1120 2813 1174 2860 et
1199 2821 1486 2877 numquam
1513 2807 1634 2864 facti
1659 2811 1790 2866 estis
1817 2826 1934 2867 me-

347 2887 528 2952 liores.
563 2889 726 2948 futuri
772 2893 899 2949 estis
939 2895 1163 2952 aliorum
1203 2897 1499 2954 doctores?
1547 2900 1665 2956 Non
1709 2905 1931 2960 cessatis

349 2979 464 3036 hare
514 2983 721 3053 nugari,
755 2999 854 3042 nec
905 2995 1139 3044 vestram
1178 2991 1467 3060 agnoscitis
1516 2994 1771 3064 culpam?
1815 2995 1930 3052 Hoc

346 3070 490 3126 enim
518 3089 731 3143 semper
757 3090 849 3131 vos
879 3077 1128 3147 perdidit,
1161 3080 1301 3150 quod
1328 3093 1626 3140 vestrorum
1663 3087 1924 3144 malorum

348 3163 526 3220 nolitis
555 3164 958 3224 fundamentum
983 3185 1325 3241 cognoscere.
1355 3174 1663 3246 Propterea,
1693 3179 1834 3249 quod
1856 3180 1933 3235 fa-

348 3255 497 3312 ciunt
519 3257 748 3326 iudices,
778 3262 867 3330 qui
893 3261 1082 3332 jubent
1111 3275 1229 3333 post
1254 3281 1368 3333 eos,
1393 3269 1480 3337 qui
1507 3268 1687 3339 ﬂagris
1713 3273 1931 3329 czedun-

351 3356 456 3411 tur,
486 3351 634 3419 sequi
661 3351 794 3407 alios
821 3354 908 3423 qui
939 3355 1168 3411 clament
1189 3367 1244 3413 et
1271 3359 1468 3426 dicant,
1503 3377 1601 3418 cur
1620 3365 1926 3437 cmdantur,

348 3454 475 3494 num
528 3439 694 3508 fures,
725 3460 848 3497 num
881 3455 1118 3514 raptores
1141 3449 1247 3502 sint
1276 3465 1289 3502 :
1319 3450 1389 3504 ita
1432 3453 1592 3509 etiam
1648 3456 1784 3512 Deus
1832 3473 1929 3514 vos

345 3547 750 3603 quoquoversus
783 3537 1117 3600 traducens.
1138 3541 1298 3608 jussit
1321 3545 1471 3614 sequi
1500 3546 1803 3616 prophetas,
1836 3551 1926 3620 qui

347 3638 558 3678 causam
590 3624 827 3679 dicerent
853 3629 1115 3696 supplicii.
1143 3629 1346 3700 Ubique
1371 3636 1514 3689 enim
1534 3646 1794 3693 terrarum
1825 3657 1925 3696 una

348 3715 620 3768 vobiscum
654 3717 813 3770 vincti
861 3729 1021 3787 sunt,
1053 3723 1142 3790 qui
1180 3725 1340 3778 etiam
1382 3743 1523 3782 nunc
1559 3729 1736 3785 adhuc
1776 3733 1927 3788 vobis

347 3807 649 3862 inclamant.
682 3810 747 3864 Et
776 3811 819 3864 si
855 3811 908 3864 in
936 3828 1228 3884 synagogas
1257 3816 1570 3887 ingrediaris
1589 3863 1604 3886 ,
1632 3823 1817 3878 audies
1842 3839 1929 3879 as-

348 3899 499 3954 sidue
520 3915 614 3954 eos
640 3899 753 3955 haec
777 3902 938 3956 verba
969 3903 1167 3959 dicere.
1193 3906 1258 3960 Et
1289 3907 1451 3963 David
1481 3911 1695 3979 quidem
1726 3915 1928 3970 descri-

351 3990 480 4044 hens
507 3992 655 4055 illud,
681 3993 820 4062 quod
855 3994 1122 4050 latrocinii
1153 3997 1321 4052 instar
1343 3999 1572 4056 habebat
1599 4004 1814 4074 Caiphae
1835 4009 1929 4077 ju-

347 4082 565 4150 dicium,
592 4085 720 4140 dicit
742 4101 838 4141 vos
863 4098 1142 4157 propterea
1167 4091 1409 4160 periisse.
1439 4093 1572 4149 Cum
1603 4098 1742 4152 enim
1766 4100 1933 4154 ἀίκὶς-

349 4185 449 4238 set,
476 4174 845 4246 Dirumpamus
870 4181 1072 4235 uincula
1098 4199 1271 4237 eorum
1297 4226 1311 4250 ,
1336 4194 1384 4240 et
1407 4185 1710 4258 abjieiamus
1730 4209 1761 4244 a
1788 4195 1932 4248 nobis

350 4267 525 4336 iugum
559 4269 788 4336 ipsorum
828 4269 998 4342 (Psal.
1028 4273 1083 4328 2.
1116 4275 1194 4344 3),
1227 4276 1541 4346 subjunxit:
1577 4277 1718 4334 Tunc
1758 4283 1932 4354 loque-

351 4366 434 4410 tur
457 4357 526 4410 ad
551 4374 634 4412 eos
655 4359 708 4413 in
744 4360 822 4415 ira
846 4379 938 4416 sua
958 4403 971 4428 ,
1000 4373 1048 4418 et
1076 4364 1127 4418 in
1157 4367 1332 4437 furore
1369 4385 1466 4423 suo
1495 4370 1816 4426 conturbabit
1849 4391 1934 4429 eos

355 4449 372 4517 (
393 4445 526 4501 Ibid.
555 4465 602 4503 υ.
626 4448 715 4518 5).
774 4452 934 4508 Isaias
974 4464 1152 4510 autem
1201 4473 1320 4514 cum
1351 4459 1603 4528 dixisset,
1631 4479 1751 4518 eum
1796 4466 1934 4522 sicut

351 4553 506 4593 ovem
533 4538 750 4596 ductum
775 4557 896 4599 esse
923 4547 990 4600 ad
1016 4547 1336 4605 occisionem
1355 4591 1371 4618 ,
1399 4553 1669 4624 subjunxit
1696 4571 1710 4608 :
1742 4555 1809 4611 Et
1835 4558 1932 4612 da-

353 4629 694 4702 boimprobos
732 4651 826 4704 pro
869 4639 1136 4706 sepultura
1175 4643 1312 4721 ejus,
1338 4656 1385 4698 et
1428 4647 1607 4702 diuites
1639 4666 1732 4718 pro
1776 4663 1935 4707 morte

352 4725 464 4812 ejus
503 4723 657 4792 (Isai.
686 4727 776 4782 53.
801 4727 892 4798 9);
922 4739 979 4785 et
1012 4747 1198 4788 rursus
1227 4736 1351 4790 alibi
1379 4736 1446 4792 de
1475 4738 1632 4795 vinea
1663 4741 1885 4812 loquens
1916 4762 1928 4798 :

355 4811 659 4884 Exspectavi
678 4859 693 4882 ,
727 4828 783 4871 ut
802 4819 988 4889 faceret
1017 4822 1274 4893 justitiam
1302 4843 1320 4880 :
1353 4829 1472 4898 fecit
1506 4841 1674 4884 autem
1703 4811 1938 4901 iniquin

354 4914 476 4970 tem,
501 4916 550 4960 et
568 4924 666 4962 non
681 4909 958 4980 justitiam,
1000 4914 1089 4968 sed
1118 4916 1390 4971 clamorem
1424 4919 1536 4989 (Id.
1565 4922 1617 4976 5.
1639 4923 1717 4982 7).
1737 4925 1938 4991 Quem-

354 5012 478 5053 nam
507 5009 684 5056 autem
713 5002 1001 5060 clamorem
1025 5005 1048 5059 ἲ
1071 5005 1324 5079 Crueiﬁge
1345 5051 1360 5074 ,
1388 5012 1628 5082 cruciﬁge
1656 5013 1808 5084 (Luc.
1842 5017 1936 5072 23.

353 5088 469 5162 2|).
500 5092 566 5146 Et
604 5094 876 5165 subjungit
903 5114 917 5149 :
946 5097 1226 5170 Propterea
1266 5101 1467 5156 diruunt
1507 5121 1675 5174 sepem
1715 5109 1827 5178 ejus
1847 5150 1862 5175 ,
1893 5118 1939 5163 et

355 5185 449 5237 erit
494 5185 549 5240 in
597 5191 1026 5246 conculcationem
1058 5208 1077 5246 :
1098 5202 1144 5246 et
1190 5195 1444 5250 mandabo
1483 5198 1726 5263 nubibus,
1756 5210 1810 5254 ut
1841 5218 1940 5257 non

358 5275 538 5345 pltttmt
579 5294 732 5349 strper
751 5281 919 5348 ipsum
957 5283 1181 5354 pluvium
1206 5284 1357 5357 (lsai.
1390 5288 1443 5344 5.
1472 5291 1524 5344 5.
1549 5289 1626 5361 6).
1659 5291 1774 5346 Non
1821 5293 1942 5350 ideo

360 5380 489 5438 ergo
513 5369 742 5440 dispersi
765 5373 922 5440 estis,
961 5374 1054 5429 sed
1080 5388 1298 5446 propter
1321 5394 1384 5435 ea
1417 5397 1535 5452 qua:
1561 5383 1613 5438 in
1638 5399 1797 5440 cruce
1827 5387 1942 5444 ausi

1414 303 1774 362 EXPOSITIO
1811 302 1878 360 IN
1916 302 2241 361 PSALMUM
2283 302 2416 361 Vill.

245 444 250 452 -
349 421 488 477 ristis
512 417 725 492 (Esech.
755 419 810 476 5.
838 417 920 491 7),
952 416 1142 490 inquit.
1170 416 1278 474 Eos
1305 429 1432 488 ergo
1473 416 1562 487 qui
1601 425 1754 472 erant
1776 414 1929 472 dcte-

3531 318 3629 376 1H

2043 415 2208 481 estis;
2242 415 2399 485 idque
2427 415 2768 472 manifestum
2801 426 2972 474 estex
3000 418 3295 490 prophetis.
3331 420 3398 478 Et
3420 435 3474 479 ut
3493 427 3631 482 scias

2039 505 2236 563 Christi
2259 509 2533 575 virtutem,
2557 519 2716 581 atque
2741 520 2796 566 ut
2815 525 2883 567 ex
2906 511 3058 567 vobis
3083 513 3210 583 ipsis
3245 515 3486 584 discatis,
3513 534 3630 590 qua:

2037 613 2144 654 non
2169 599 2430 655 didicistis
2455 603 2801 672 aprophetis,
2845 601 2966 660 vide
3006 619 3096 662 res
3137 621 3350 676 quoque
3389 608 3534 680 ipsas
3578 609 3632 667 id

2037 699 2313 748 testantes.
2341 692 2494 761 Quod
2517 696 2657 748 enim
2681 709 2774 748 vos
2804 695 2885 750 lex
2909 710 3016 750 non
3046 695 3248 763 docuit,
3278 697 3378 753 hoc
3399 717 3462 754 ex
3502 699 3630 756 red-

2038 781 2259 837 undanti
2297 782 2423 838 fecit
2461 783 2662 838 Christi
2705 786 2962 855 potentia.
2994 786 3256 856 Quamdiu
3277 790 3418 844 enim
3449 790 3626 862 legem

2039 873 2321 942 habuistis,
2347 875 2674 932 occidebatis
2694 917 2707 940 ,
2736 877 2873 934 filios
2901 880 3214 936 mactabatis
3233 921 3248 947 ,
3279 890 3334 936 et
3357 881 3626 937 adultera-

2037 963 2177 1019 batis
2203 981 2217 1017 :
2243 973 2520 1036 postquam
2547 975 2721 1021 autem
2753 967 2926 1023 illuxit
2951 970 3033 1024 sol
3057 969 3274 1039 justitize
3293 1013 3308 1035 ,
3343 971 3410 1028 de
3431 973 3622 1032 vestri!

2037 1057 2196 1112 malis
2211 1058 2433 1112 multum
2449 1059 2695 1124 decessit,
2713 1067 2769 1114 ct
2784 1060 3105 1116 moderatius
3117 1065 3277 1118 vitam
3296 1065 3623 1134 instituistis,

2037 1150 2263 1204 correcti
2286 1165 2385 1220 per
2409 1162 2641 1206 vestram
2667 1152 2722 1206 in
2751 1167 2850 1206 nos
2875 1154 3293 1210 aemulationem.

2106 1242 2280 1299 λιιάωὶ
2318 1261 2409 1298 cur
2450 1245 3083 1316 dispersi.—Pr0pterea
3119 1263 3215 1303 vos
3255 1248 3526 1316 dispersit,
3568 1258 3632 1306 ut

2033 1339 2242 1394 sciretis
2279 1349 2530 1410 quantam
2561 1341 2612 1394 in
2660 1341 2814 1395 terris
2841 1340 3092 1410 plantarit
3119 1341 3541 1412 rempublicam;
3569 1350 3624 1400 et

2034 1435 2287 1504 templum
2325 1437 2517 1502 solvit,
2549 1451 2644 1490 vos
2687 1435 2768 1491 vel
2799 1411 2993 1490 invitos
3018 1452 3048 1490 a
3077 1437 3206 1491 vitio
3233 1436 3524 1491 abducens.
3559 1436 3625 1491 Et

2033 1527 2122 1582 ubi
2164 1527 2418 1596 templum
2457 1526 2556 1581 fuit
2595 1527 2870 1593 solutum,
2915 1527 3023 1582 illic
3059 1527 3218 1581 etiam
3255 1526 3498 1582 Christus
3538 1541 3624 1582 sc-

2033 1618 2211 1688 pultus
2254 1627 2365 1682 est,
2395 1627 2451 1672 ut
2498 1626 2714 1688 propter
2751 1618 2892 1674 illius
2936 1617 3240 1688 sepulcrum
3285 1618 3622 1684 recedentes,

2035 1709 2276 1765 viderent
2320 1710 2482 1764 etiam
2519 1721 2775 1780 tropaeum
2816 1710 2959 1766 illius
2998 1711 3268 1780 potentias,
3299 1721 3356 1770 et
3397 1711 3619 1766 verbum

2031 1807 2176 1856 stare
2195 1798 2336 1868 quod
2362 1800 2486 1856 dicit
2514 1818 2526 1854 :
2559 1799 2681 1855 Non
2711 1801 2926 1856 manebit
2953 1801 3035 1854 hic
3064 1801 3195 1872 lapis
3217 1817 3369 1872 super
3397 1799 3620 1872 lapident

2036 1889 2383 1962 (Mattlt..2l).
2413 1892 2619 1962 Ubique
2654 1893 2798 1949 enim
2840 1903 2965 1949 sunt
2989 1893 3106 1964 ejus
3133 1903 3331 1964 troptna
3358 1903 3414 1950 et
3450 1893 3623 1950 moni-

2033 1993 2211 2038 menta
2237 1985 2503 2053 potentiae.
2531 1985 2624 2041 Sin
2651 1995 2829 2040 autem
2857 1995 2990 2048 erat.
3020 1995 3076 2040 ut
3105 1985 3300 2051 dicitis,
3330 1985 3545 2054 impius,
3565 1993 3624 2042 et

2034 2073 2127 2130 Dei
2155 2074 2514 2143 adversarius,
2541 2077 2639 2130 etsi
2663 2076 3066 2132 innumerabilia
3092 2086 3308 2146 peccata
3337 2075 3619 2143 fecissetis,

2033 2181 2101 2220 ne
2121 2165 2198 2221 sic
2218 2165 2430 2236 quidem
2459 2166 2628 2236 puniri
2650 2167 2927 2236 oportebat
2948 2184 2961 2220 :
2989 2168 3089 2222 etsi
3115 2166 3412 2236 oportebat,
3435 2174 3486 2220 at
3513 2180 3620 2221 non

2034 2267 2192 2314 tunc:
2234 2273 2302 2314 nc
2329 2259 2447 2328 quis
2483 2258 2812 2314 existimaret
2844 2272 2939 2314 vos
2969 2273 3066 2328 pro
3108 2259 3197 2313 illo
3221 2272 3406 2328 pmnas
3446 2257 3616 2312 luere.

2031 2349 2223 2405 Annon
2258 2349 2482 2405 audistis
2526 2350 2694 2406 Deum
2737 2351 3039 2415 dicentem,
3088 2350 3301 2420 quando
3349 2349 3512 2405 eratis
3563 2347 3616 2404 in

2032 2442 2372 2509 captivitate:
2407 2440 2526 2496 Non
2556 2450 2761 2510 propter
2785 2456 2871 2495 vos
2899 2442 3053 2512 facio,
3075 2433 3169 2494 sed
3194 2451 3403 2509 propter
3432 2455 3529 2506 me,
3557 2453 3621 2494 ne

2034 2547 2200 2586 meum
2225 2548 2403 2586 nomen
2430 2536 2724 2604 profanetur
2763 2533 2974 2605 (Ezech.
3004 2533 3092 2592 36.
3124 2533 3260 2602 22)?
3289 2532 3447 2601 Atqui
3490 2539 3618 2586 tunc

2037 2631 2152 2676 erat
2175 2621 2345 2691 major
2369 2631 2544 2677 vestra
2573 2624 2899 2693 improbitas.
2928 2624 3033 2682 Sed
3063 2636 3237 2679 tamen
3263 2665 3279 2689 ,
3310 2624 3476 2694 inquit
3501 2664 3518 2688 ,
3550 2639 3619 2680 nc

2037 2712 2342 2768 existiment
2366 2712 2572 2768 barbari
2595 2729 2680 2768 me
2701 2729 2820 2769 esse
2844 2715 3188 2778 imbecillum,
3210 2715 3419 2769 dimitto
3440 2722 3619 2769 vestra

2038 2812 2274 2874 peccata,
2299 2813 2352 2858 et
2379 2818 2638 2859 conservo
2663 2818 2778 2858 vos.
2810 2803 2952 2858 Itane
2974 2813 3098 2860 tunc
3123 2803 3334 2873 quidem
3364 2817 3481 2868 vos,
3514 2801 3618 2856 ini-

2035 2910 2142 2966 que
2169 2909 2266 2950 vos
2289 2901 2555 2964 gerentes,
2582 2895 2832 2959 servavit,
2863 2910 2930 2950 ne
2953 2895 3071 2962 ejus
3097 2909 3287 2948 nomen
3315 2893 3622 2962 profanare-

2035 2996 2157 3045 tur:
2207 3001 2348 3044 nunc
2385 2998 2561 3042 autem
2608 2986 2708 3042 hoc
2758 3003 2862 3042 non
2917 2987 3164 3043 fecisset?
3201 2986 3312 3044 Etsi
3352 2985 3492 3040 enim
3535 2983 3620 3042 vel

2034 3081 2310 3136 innumera
2333 3090 2548 3150 peccata
2576 3079 2943 3157 admisissctis,
2974 3095 3068 3133 vos
3095 3078 3222 3157 nihil
3249 3078 3484 3148 oportuit
3511 3078 3616 3148 pati

2031 3171 2328 3243 ejusmodi,
2357 3172 2400 3226 si
2433 3171 2617 3227 fuisset
2644 3155 2904 3241 impostor
2929 3155 3174 3227 Christus
3198 3213 3213 3238 ,
3244 3187 3312 3227 ne
3351 3170 3471 3242 quis
3499 3169 3614 3230 cxi-

2033 3264 2276 3320 stimaret
2292 3278 2388 3318 vos
2415 3263 2500 3319 illa
2523 3273 2741 3334 propter
2763 3268 2933 3332 ipsum
2961 3277 3079 3320 esse
3106 3278 3310 3332 passos,
3340 3262 3433 3317 sed
3457 3265 3617 3318 etiam

2033 3365 2374 3412 conservatos
2397 3370 2491 3410 vos
2513 3371 2633 3410 esse
2659 3356 2917 3425 oportuit;
2949 3366 3003 3410 et
3031 3356 3072 3407 si
3093 3396 3111 3422 ,
3143 3366 3196 3408 nt
3218 3355 3326 3422 jam
3357 3353 3489 3419 dixi,
3519 3366 3616 3408 vos

2034 3447 2142 3517 pati
2184 3447 2450 3516 oportuit,
2487 3457 2542 3499 at
2571 3462 2676 3500 non
2710 3456 2852 3500 tunc.
2893 3445 3042 3500 Nunc
3080 3455 3258 3501 autem
3299 3445 3411 3500 haec
3457 3443 3618 3500 simul

2032 3539 2170 3593 facta
2192 3547 2334 3592 sunt.
2379 3536 2604 3606 Quando
2638 3538 2780 3592 enim
2811 3553 2938 3592 crux
2969 3538 3264 3607 processit,
3309 3539 3466 3606 paulo
3494 3546 3616 3606 post

2031 3631 2275 3686 exierunt
2304 3631 2562 3700 apostoli,
2593 3640 2648 3685 et
2689 3630 2904 3686 diflicile
2944 3631 3136 3685 bellum
3173 3631 3428 3684 adversus
3473 3627 3617 3684 illaut

2032 3723 2299 3777 civitatem
2331 3724 2640 3777 suscitatum
2667 3733 2785 3781 est:
2814 3736 2866 3777 et
2893 3724 3031 3792 quod
3065 3733 3145 3777 est
3185 3725 3234 3776 in
3270 3722 3570 3792 Evangeliis
3602 3742 3616 3777 :

2041 3811 2129 3868 Va:
2152 3813 2449 3867 lactantibus
2470 3824 2514 3866 et
2536 3814 2910 3883 praegnantibus
2929 3813 3134 3884 (Matth.
3160 3815 3250 3868 2L
3281 3814 3390 3883 l9),
3415 3813 3621 3866 otnnia-

2033 3918 2136 3972 que
2165 3905 2250 3956 illa
2290 3905 2488 3957 exitum
2517 3905 2705 3956 sortita
2734 3913 2858 3956 sunt
2883 3923 2894 3957 :
2923 3913 2976 3957 et
3005 3905 3150 3964 illud.
3181 3903 3323 3956 Tum:
3348 3905 3437 3956 erit
3461 3901 3616 3956 tribu-

2037 3994 2157 4050 latio
2179 4035 2192 4056 ,
2220 3994 2383 4062 qualis
2409 4009 2679 4060 numquam
2708 4002 2824 4046 ante
2850 3995 2942 4059 fuit
2976 3995 3125 4064 (Luc.
3157 3995 3247 4048 21.
3276 3995 3373 4062 23)
3395 4035 3410 4060 ,
3434 3995 3622 4064 imple-

2038 4095 2147 4139 tum
2176 4091 2283 4138 est.
2314 4083 2444 4138 Nam
2479 4091 2533 4137 et
2577 4083 2825 4136 mulieres
2864 4083 3002 4138 tilias
3030 4087 3406 4150 comederunt,
3441 4088 3622 4142 hostes

2038 4175 2406 4248 perfregerunt
2430 4183 2646 4230 ventres
2676 4182 3005 4230 mortuorum
3027 4217 3041 4238 ,
3073 4185 3128 4231 et
3154 4176 3290 4245 ignis
3315 4177 3620 4232 barbaricus

2037 4277 2119 4322 est
2163 4266 2339 4320 omnia
2387 4265 2754 4337 depopulatus,
2785 4266 3070 4336 omniaque
3109 4277 3256 4321 erant
3304 4265 3454 4336 plena
3497 4281 3625 4321 san-

2037 4360 2216 4429 guine,
2237 4368 2292 4413 et
2318 4375 2467 4413 novze
2491 4357 2779 4428 tragmdite,
2806 4369 2860 4413 et
2886 4359 3166 4414 universus
3193 4357 3336 4413 orbis
3363 4367 3623 4416 terrarum

2039 4451 2266 4508 refertus
2277 4451 2801 4508 eratmalislndaicis
2827 4451 3056 4523 (Ioseph.
3074 4451 3136 4506 de
3153 4451 3282 4506 Bell.
3304 4449 3479 4516 Jud.).
3501 4450 3626 4508 ητα

2037 4561 2166 4616 ergo
2206 4543 2347 4616 apud
2378 4559 2471 4599 vos
2500 4545 2794 4615 cogitantes
2818 4585 2834 4610 ,
2865 4554 3100 4598 vestrum
3135 4544 3413 4599 Dominum
3452 4557 3621 4614 agno-

2003 4629 2190 4694 ‘scite.
2233 4641 2425 4693 Annon
2472 4639 2757 4708 prophetas
2804 4637 3117 4692 occidistis?
3163 4651 3289 4691 num
3345 4635 3450 4692 tale
3498 4634 3624 4706 quid

2038 4730 2181 4803 passi
2223 4730 2390 4786 estis?
2416 4729 2602 4784 Nonne
2649 4728 2833 4783 altaria
2881 4729 3164 4785 diruistis?
3210 4727 3462 4799 numquid
3505 4727 3627 4782 talis

2036 4825 2190 4880 Vobis
2233 4823 2456 4893 contigit
2507 4822 2822 4877 calamitas?
2864 4821 3050 4877 Nonne
3097 4821 3319 4876 vitulum
3363 4819 3628 4876 adorastis

2040 4915 2234 4984 (Exod.
2263 4913 2378 4982 32),
2406 4923 2460 4966 et
2483 4912 2812 4982 Beelphegor
2836 4915 2964 4967 estis
2993 4913 3178 4968 initiati
3199 4912 3390 4980 (Num.
3421 4913 3513 4966 25.
3543 4910 3627 4977 3),

2040 5015 2390 5074 naturamque
2414 5003 2694 5073 ignorastis
2719 5005 2742 5060 ?
2772 5006 3021 5074 numquid
3056 5008 3186 5060 tales
3215 5005 3396 5060 hostes
3421 5001 3630 5070 experti

2042 5096 2214 5153 estis?
2239 5097 2428 5150 Annon
2469 5096 2550 5151 vel
2595 5097 2646 5151 in
2691 5098 2879 5153 mediis
2907 5098 3176 5153 beneficiis
3204 5098 3545 5151 immemores
3579 5103 3630 5149 et

2043 5188 2234 5258 ingrati
2260 5188 2452 5241 servati
2477 5188 2643 5244 estis?
2670 5188 2819 5244 Unde
2845 5204 2974 5258 ergo
2997 5190 3270 5244 innumera
3294 5185 3346 5238 in
3372 5199 3469 5238 vos
3494 5184 3631 5237 mala

2046 5277 2277 5349 profecta
2298 5277 2464 5331 sunt?
2489 5276 2672 5334 Nonne
2691 5280 2892 5334 clarum
2914 5286 2998 5334 est
3016 5293 3079 5331 ex
3103 5292 3186 5337 eo,
3211 5275 3351 5345 quod
3380 5275 3430 5329 in
3457 5275 3635 5331 Domi.

2049 5387 2171 5427 num
2198 5370 2312 5424 ausi
2340 5369 2467 5425 estis
2498 5385 2736 5442 peccare,
2771 5385 2876 5425 non
2908 5369 2960 5422 in
2991 5367 3216 5422 servos?
3245 5365 3396 5422 Unde
3427 5371 3525 5424 nec
3553 5375 3637 5423 est

2049 5465 2198 5518 vobis
2229 5478 2259 5517 a
2287 5462 2458 5529 malis,
2489 5479 2607 5534 quae
2636 5477 2732 5516 vos
2773 5462 3045 5523 invasere,
3079 5460 3319 5516 liberatio
3343 5503 3359 5528 ,
3389 5478 3487 5517 nec
3512 5463 3634 5520 erit.

421 5551 498 5627 (α)
529 5558 640 5603 Haec
661 5553 780 5604 item
805 5553 1000 5604 inverso
1020 5554 1164 5605 modo
1200 5556 1496 5612 referuntur.
1522 5563 1639 5613 Vide
1661 5563 1790 5615 hunc
1809 5571 1948 5617 Osca:
2052 5559 2108 5615 Si
2139 5559 2280 5614 enim
2307 5565 2470 5623 esset,
2504 5571 2621 5610 eam
2649 5553 3023 5627 pra-dixissent
3044 5555 3334 5626 prophetae.
3365 5555 3513 5611 Nunc
3538 5571 3637 5609 au-

357 5612 538 5666 locum.

425 5675 640 5750 (b)}tzec
663 5678 832 5750 verba.
857 5683 1101 5750 tamquam
1136 5677 1489 5750 lupi__.trnbite.
1514 5694 1628 5750 sunt
1665 5686 1712 5750 in
1737 5689 1941 5750 εοβιιοη.

365 5734 412 5787 5.
429 5734 485 5801 δέ
505 5740 568 5788 ita
585 5746 637 5788 ut
661 5743 808 5804 prima
833 5755 942 5804 pars
966 5734 1028 5790 sit
1050 5734 1327 5804 Ezechielis,
1353 5734 1563 5796 secunda
1583 5734 1848 5816 sophoniie:

2055 5660 2160 5706 tem
2189 5649 2435 5704 dixerunt
2455 5647 2668 5720 quidem
2697 5647 3075 5719 captivitatem,
3107 5651 3202 5705 sed
3231 5665 3336 5705 non
3367 5647 3596 5704 reditum
3615 5661 3638 5704 ε

2057 5744 2182 5800 licet
2212 5742 2345 5798 bona
2377 5739 2647 5813 suppliciis
2689 5738 2900 5798 assidue
2924 5739 3282 5807 admisceant,
3311 5747 3367 5794 et
3398 5751 3637 5808 tempora
