4112 6214
454 378 553 432 11Ῑὶ

440 492 710 548 definiant.
745 489 948 544 Etenim
986 485 1242 543 Jeremias
1285 484 1520 539 definivit
1548 483 1874 554 septuaginta
1915 496 2012 533 an-

441 601 540 640 nos
565 583 700 655 (Jer.
730 581 822 637 29.
851 577 975 652 10),
1005 589 1058 634 et
1100 577 1283 634 Daniel
1322 573 1957 644 sitnilitertresannos(a)
1971 580 2022 626 et

441 675 723 732 dimidium
799 675 975 747 (Dan.
1032 677 1088 734 9.
1150 670 1239 726 25.
1269 669 1444 739 sqq.);
1487 669 1610 737 quin
1638 667 1796 722 etiam
1831 665 2023 735 pra-di-

441 777 584 826 ctum
640 777 722 822 est
769 781 862 822 eos
909 763 1308 836 quadringentis
1373 771 1426 815 et
1481 759 1693 828 triginta
1763 757 1916 810 annis
1971 758 2020 810 in

440 857 672 930 Egypto
700 858 989 912 servituros
1018 852 1169 928 (Gen.
1201 852 1286 907 15.
1323 849 1431 922 15).
1463 849 1628 915 Hujus
1654 860 1827 902 autem
1855 847 2024 916 capti-

441 951 618 1006 vitatis
636 964 892 1019 nusquam
915 947 1072 1003 situm
1099 953 1180 1000 est
1202 953 1431 1011 tempus,
1457 957 1552 995 nec
1570 939 1708 1005 finis,
1737 940 1827 992 sed
1845 939 2024 992 relicta

442 1051 525 1097 est
556 1051 728 1094 vestra
764 1040 952 1094 domus
992 1037 1223 1099 deserta,
1257 1043 1311 1088 et
1331 1032 1565 1103 quotidie
1607 1045 1693 1084 res
1735 1039 1922 1083 vestr-.e
1973 1030 2022 1082 in

443 1133 679 1188 deterius
709 1129 1006 1201 procedunt
1035 1127 1246 1196 (Matth.
1279 1125 1368 1181 23.
1399 1123 1510 1194 58).

514 1222 566 1277 6.
609 1222 733 1276 llaec
771 1220 946 1275 omnia
976 1226 1179 1272 attente
1220 1215 1359 1285 apud
1387 1230 1480 1270 vos
1509 1213 1939 1276 considerantes,
1973 1223 2026 1266 et

442 1328 561 1384 qua:
601 1312 834 1366 breviter
873 1310 1011 1364 dicta
1055 1317 1180 1363 sunt
1218 1307 1385 1363 fusius
1428 1314 1713 1360 tractantes
1743 1304 1847 1376 (Da
1885 1305 2027 1358 enim

439 1404 654 1476 sapienti
686 1403 1027 1467 occasionem,
1064 1409 1110 1454 et
1153 1401 1246 1454 erit
1291 1399 1564 1468 sapientior
1591 1396 1770 1469 [Prov.
1808 1396 1861 1450 9.
1889 1393 2019 1466 9]),

442 1495 650 1549 illorum
693 1492 1072 1563 impudentiam
1103 1491 1469 1559 ingratumque
1509 1489 1740 1540 animum
1789 1485 2027 1553 poteritis

441 1584 707 1640 refellere.
735 1583 788 1638 -1,
815 1582 1066 1648 Quoniam
1086 1579 1256 1634 videbo
1277 1579 1424 1632 calas
1447 1588 1556 1630 tuos
1585 1593 1735 1646 apera
1757 1565 2027 1645 digitorum

442 1687 662 1730 tuorum.
686 1673 854 1739 Alius,
890 1672 1046 1727 Video
1071 1672 1201 1725 enim
1223 1669 1390 1724 ctelos.
1419 1668 1616 1720 Lunam
1638 1675 1681 1720 et
1709 1667 1898 1730 stellas,
1917 1681 2028 1734 qua:

444 1776 498 1820 tu
524 1767 766 1838 fundasti.
792 1765 938 1819 Alius
958 1805 973 1829 ,
1008 1761 1231 1816 Parasti.
1261 1762 1407 1814 Alius
1427 1802 1440 1826 ,
1473 1759 1742 1815 Stabiliisti
1774 1758 1866 1826 (b).
1896 1757 2024 1810 Cum

445 1857 684 1920 dixisset,
703 1853 1015 1910 Destruxisti
1037 1852 1296 1917 inimicos,
1313 1849 1600 1919 splendida:
1621 1848 1774 1916 hujus
1796 1847 2027 1903 victoria:

444 1946 597 2002 affert
614 1945 1000 2015 probationem.
1025 1942 1102 1997 Tu
1125 1943 1288 2005 enim,
1317 1942 1503 2010 inquit,
1527 1940 1614 2008 qui
1638 1938 1924 1995 crucifixus
1945 1953 2024 2002 es,

443 2037 533 2106 qui
562 2035 630 2090 de
663 2034 842 2089 medio
881 2033 1119 2089 sublatus
1141 2048 1199 2087 es
1219 2073 1233 2098 ,
1265 2031 1552 2100 apparuisti
1580 2030 1724 2084 orbis
1770 2041 2026 2082 terrarum

442 2126 662 2183 Creator
681 2134 736 2182 et
758 2126 964 2196 Opifex.
989 2126 1276 2195 Propterea
1299 2123 1426 2178 dicit
1449 2141 1462 2176 :
1506 2121 1687 2176 Videbo
1708 2121 1857 2175 cadas
1877 2132 1988 2174 tuos
2007 2136 2027 2174 :

443 2219 749 2289 significans
775 2219 970 2273 multos
999 2232 1102 2271 non
1142 2227 1297 2272 antea
1324 2217 1635 2283 cognovisse
1654 2257 1668 2277 ,
1704 2224 1881 2284 postea
1913 2217 2029 2284 qui-

443 2307 567 2364 dem
593 2317 739 2364 certe
776 2322 963 2362 omnes
993 2308 1182 2362 scient.
1213 2307 1276 2361 Et
1304 2322 1398 2360 cur
1437 2322 1540 2360 non
1581 2306 1854 2360 universas
1883 2307 2027 2360 orbis

445 2407 602 2454 terrae
630 2411 806 2469 partes
831 2408 1182 2470 persequutus
1204 2397 1320 2452 eSt?
1343 2398 1493 2466 Quod
1523 2413 1706 2453 eorum
1735 2414 1852 2467 qua:
1883 2399 2026 2452 vide-

445 2492 639 2546 bantur
662 2493 1041 2561 Opportuniora
1072 2499 1440 2561 persequutus,
1468 2489 1536 2545 de
1567 2490 1685 2544 aliis
1709 2490 1900 2545 docere
1923 2492 2026 2545 mi-

445 2583 590 2637 nime
612 2596 747 2652 opus
770 2581 1030 2636 habuerit.
1060 2581 1210 2636 Adeo
1229 2597 1355 2652 ergo
1378 2581 1632 2636 destructi
1659 2590 1783 2634 sunt
1804 2581 2022 2644 inimici,

445 2682 504 2727 ut
526 2672 614 2743 qui
641 2673 708 2726 ab
727 2673 805 2728 eis
828 2673 1210 2743 expellebatur,
1234 2672 1374 2728 etab
1401 2677 1479 2728 eis
1501 2673 1570 2729 de
1594 2671 1768 2728 medio
1789 2672 2027 2727 sublatus

444 2773 544 2828 est,
589 2762 824 2817 omnium
849 2778 968 2832 quae
1002 2761 1315 2817 videbantur
1355 2764 1660 2832 apparuerit
1699 2760 1906 2833 Opifex.
1961 2762 2028 2815 Et

444 2871 609 2926 quare
639 2871 741 2908 non
789 2855 948 2922 dicit,
995 2854 1241 2910 Mannum
1287 2865 1528 2922 tuarum,
1566 2855 1661 2912 sed
1683 2897 1698 2922 ,
1734 2855 2026 2928 Digitorum

441 2947 682 3000 tuorum?
707 2946 934 3000 Minima:
971 2946 1293 3014 operationis
1335 2963 1466 3016 Opus
1493 2947 1780 3002 ostendens
1816 2963 1876 3002 ea
1907 2964 2024 3018 qua:

443 3039 722 3102 videntur,
775 3046 829 3092 et
878 3036 1188 3091 admirabile
1231 3036 1519 3105 opificium,
1561 3037 1703 3106 quod
1753 3051 2025 3107 suspensae

443 3128 610 3183 stella:
631 3144 736 3183 non
757 3127 948 3184 cadant
971 3145 987 3183 :
1013 3127 1112 3182 etsi
1138 3135 1325 3183 natura
1347 3127 1808 3182 fundamentorum
1827 3129 2020 3198 exigat,

444 3229 502 3273 ut
529 3217 754 3284 inferne,
786 3233 891 3272 non
917 3231 1150 3285 superne
1168 3217 1434 3286 jaciantur
1457 3235 1470 3270 :
1501 3215 1593 3270 sed
1623 3217 1854 3286 optimus
1881 3219 2026 3272 Arti-

443 3310 550 3374 fex,
583 3311 671 3380 qui
696 3309 819 3364 facit
847 3307 1178 3362 admirabilia
1198 3349 1212 3373 ,
1245 3309 1298 3361 in
1326 3308 1406 3361 his
1435 3323 1554 3377 qua:
1593 3318 1848 3376 apparent
1873 3309 2022 3379 plura

445 3401 566 3455 fecit
591 3416 752 3470 supra
780 3408 982 3454 natura:
1007 3399 1466 3469 consequentiam.
1505 3400 1568 3452 Et
1593 3415 1755 3469 quare
1787 3401 1913 3454 nihil
1940 3400 2022 3454 di-

441 3493 512 3546 cit
539 3491 605 3546 de
633 3491 981 3560 potestatibus
1003 3491 1346 3560 incorporcis,
1380 3501 1437 3544 ut
1462 3492 1583 3546 inde
1607 3507 1816 3562 quoque
1844 3503 2024 3547 osten-

441 3583 530 3636 dat
565 3581 681 3650 ejus
709 3581 1076 3636 creationem?
1103 3580 1254 3649 Quod
1303 3581 1551 3636 nimirum
1594 3587 1694 3637 hoc
1733 3583 1941 3637 interim
1973 3583 2022 3638 ei

442 3675 494 3728 in
523 3673 795 3743 praposito
825 3672 1000 3739 fuerit,
1027 3682 1084 3727 ut
1111 3673 1208 3742 ipsi
1239 3673 1506 3727 discerent
1536 3675 1602 3728 de
1631 3675 1693 3728 iis
1716 3690 1834 3744 qum
1861 3690 2024 3744 appa-

441 3767 650 3821 rebant.
679 3766 744 3820 Et
785 3775 1061 3836 propterea
1092 3766 1208 3834 ejus
1237 3781 1448 3836 quoque
1482 3766 1638 3820 Pater
1665 3782 1786 3821 cum
1828 3781 2023 3838 susque

440 3859 613 3926 deque
652 3873 772 3912 cum
818 3856 1015 3912 Judzeis
1053 3857 1379 3927 loqueretur,
1419 3873 1521 3911 non
1551 3859 1716 3912 dicit:
1764 3860 1873 3927 Ego
1921 3859 2022 3914 feci

438 3949 658 4019 angelos
686 3959 740 4003 et
769 3947 1057 4003 Cherubim
1082 3964 1097 4013 ;
1129 3947 1246 4015 sed,
1295 3947 1409 4019 Ego
1436 3948 1612 4002 celum
1643 3949 1838 4002 extendi
1864 3965 1884 4003 :
1909 3965 2020 4003 ma-

439 4057 534 4093 nus
559 4057 666 4093 utea
691 4050 875 4094 terram
899 4041 1150 4109 fundavit,
1176 4041 1353 4095 dextra
1373 4057 1482 4096 mea
1511 4043 1730 4110 ﬁrmavit
1753 4041 1903 4112 (Isai.
1927 4043 2016 4098 48.

440 4136 528 4206 15)
559 4153 571 4189 :
603 4147 656 4190 et
675 4150 886 4190 omnem
909 4149 1122 4204 semper
1140 4135 1432 4190 orationem
1453 4135 1717 4190 consumit
1739 4136 1788 4189 in
1819 4136 1882 4189 iis
1900 4151 2021 4205 quas

439 4238 716 4296 apparent,
747 4227 924 4280 omnia
963 4239 1127 4296 agens
1154 4225 1221 4280 ad
1267 4226 1491 4280 salutem
1537 4226 1856 4280 auditorum.
1886 4227 2017 4281 Cum

440 4317 582 4370 enim
613 4325 794 4370 essent
821 4317 1146 4380 crassiores,
1177 4315 1344 4385 magis
1375 4314 1706 4370 ducebantur
1725 4315 1793 4369 ab
1817 4317 1880 4370 iis
1901 4333 2020 4386 qua:

437 4409 706 4475 videntur,
748 4423 906 4478 quam
951 4408 1020 4462 ab
1061 4407 1126 4462 iis
1150 4423 1269 4478 quae
1311 4408 1409 4462 sub
1437 4408 1608 4462 visum
1654 4423 1758 4463 non
1800 4410 2014 4464 cadunt.

438 4501 727 4571 Propterea
768 4501 962 4556 Paulus
983 4515 1196 4571 quoque
1235 4515 1447 4569 semper
1482 4501 1781 4570 ingrediens
1809 4511 1864 4556 et
1891 4517 2019 4557 con-

437 4594 656 4647 cionans
679 4635 693 4659 ,
724 4592 870 4646 ducit
897 4593 1174 4646 exordium
1218 4607 1247 4645 a
1273 4604 1516 4646 creatura
1559 4608 1677 4661 quin
1707 4592 1913 4647 videtur
1939 4592 2022 4646 di-

440 4699 603 4740 cens:
635 4685 766 4738 Deus
789 4684 876 4752 qui
897 4684 1012 4754 fecit
1037 4683 1214 4737 uelum
1241 4692 1286 4736 et
1311 4693 1498 4738 terram
1523 4693 1570 4736 et
1599 4699 1758 4748 mare,
1777 4693 1821 4736 et
1850 4685 2019 4737 omnia

438 4793 552 4847 qua:
567 4777 618 4829 in
641 4777 712 4829 eis
736 4786 854 4828 sunt
881 4775 1013 4846 (Act.
1041 4776 1125 4830 17.
1152 4774 1243 4844 24)
1267 4792 1281 4841 ;
1310 4784 1364 4830 et
1383 4791 1412 4830 a
1441 4776 1627 4844 pluviis
1653 4776 1841 4829 annuis
1861 4787 2020 4845 atque

437 4883 468 4919 a
489 4882 683 4936 genere
713 4868 987 4921 hominum
1015 4881 1232 4936 semper
1259 4866 1405 4922 ducit
1433 4867 1711 4922 exordium
1742 4867 2014 4922 orationis.

439 4959 494 5011 Si
525 4958 668 5011 enim
690 4957 876 5012 dixero
895 4972 1018 5012 eum
1040 4956 1230 5013 fecisse
1252 4957 1562 5022 Cherubim,
1585 4958 1692 5012 duo
1716 4968 1870 5013 erunt
1892 4959 2019 5013 inibi

438 5048 730 5117 probanda,
761 5047 900 5120 quod
924 5047 1031 5104 sint
1053 5048 1338 5104 Cberubim
1358 5089 1374 5115 ,
1404 5058 1462 5104 et
1485 5046 1626 5117 quod
1650 5063 1712 5104 ea
1739 5048 1849 5118 ipse
1875 5046 2022 5104 fece-

437 5143 538 5193 rit:
572 5139 624 5193 in
647 5139 712 5194 iis
739 5145 916 5194 autem
946 5154 1064 5210 qua:
1085 5139 1332 5195 videntur
1353 5153 1516 5208 cogor
1540 5138 1712 5195 solum
1738 5139 2021 5196 ostendere

435 5246 557 5284 enm
598 5230 688 5286 illa
727 5230 936 5288 fecisse.
968 5231 1226 5300 Quocirca
1254 5238 1338 5286 est
1372 5232 1536 5286 etiam
1574 5229 1746 5285 oratio
1772 5229 2016 5297 facilior;

509 5329 582 5391 ta)
607 5327 690 5378 Sic
717 5341 849 5391 unus
875 5329 922 5384 (ὁ
943 5327 994 5391 δὲ
1018 5325 1190 5391 ΔοξνήλΔ
1217 5325 1326 5391 τρέξι
1352 5324 1456 5391 ἔτῃ)
1474 5336 1488 5383 ;
1506 5384 1514 5391 _
1535 5319 1622 5391 alii
1645 5335 1820 5370 omnes
1843 5327 1895 5369 et
1937 5321 2029 5370 Sa-

445 5383 680 5447 vil.,'tres
709 5383 1212 5452 Itedetnada§_(rpeic
1235 5383 1540 5452 ἕϐδομᾴδας).
1570 5383 2028 5452 Νθυιτυῐηλδραμιῃ-

449 5460 528 5500 tus
559 5458 646 5514 est
691 5452 985 5514 tientiauus
1009 5447 1278 5514 flervetus,
1303 5447 1436 5514 sed
1470 5449 1662 5514 posuit,
1719 5447 2029 5514 septuaginta

446 5511 772 5562 hebdomadas
796 5516 840 5560 et
862 5508 1140 5559 dimidium.
1172 5509 1364 5566 Omnia,
1391 5513 1448 5557 ut
1468 5506 1699 5564 diximus,
1721 5506 2030 5568 exemplaria

446 5575 779 5630 Cbrysostomi
817 5572 984 5620 Graeca
1018 5573 1204 5620 habent
1248 5570 1371 5633 τρεῖς
1415 5571 1605 5628 ἐϐδομ.,
1635 5582 1753 5633 _uno
1787 5575 2023 5633 excepto,

446 5637 495 5683 iu
536 5629 650 5700 quo_
675 5635 876 5700 legitur,
916 5637 1016 5700 tres
1041 5645 1232 5700 annos:
1259 5629 1426 5681 utrum
1461 5644 1579 5680 vero
1607 5629 1673 5680 sit
1715 5642 1854 5679 error
1875 5629 2029 5690 Chry-

448 5692 652 5745 sostivmi
675 5692 747 5744 an'
773 5692 980 5756 librarii,
1005 5692 1260 5756 qua'ritur.

511 5756 581 5820 (b)
602 5757 736 5826 Y0},
746 5754 959 5826 parasti,
981 5751 1062 5826 est
1077 5757 1217 5826 juxta
1237 5751 2028 5826 ltt_terpretati_g_ttem_Symmachi;

449 5815 572 5880 vnit,
595 5815 858 5880 stabiliisti,
883 5815 1024 5878 juxta
1052 5815 1516 5879 interpretationem
1541 5815 1916 5864 Theodotionis.

1153 370 1210 424 S.
1256 367 1532 425 iOANNlS
1565 355 2030 424 Clll‘tYSOSTmll
2074 363 2388 420 ARClllEP.
2429 347 2965 423 CONSTXNTINOP.

3611 372 3709 426 116

2133 480 2290 536 habet
2327 481 2519 551 quippe
2561 481 2780 547 visum,
2811 491 2999 536 testem
3048 497 3234 537 eorum
3279 499 3396 554 quae
3444 483 3710 543 dicuntur.

2130 571 2286 627 Videt
2330 579 2471 628 enim
2506 575 2716 629 auditor
2752 573 3190 644 magnitudinem,
3235 574 3705 643 pulchritudinem,
3761 596 3764 604 ί

2128 679 2280 721 usum
2310 674 2364 721 et
2395 668 2706 735 positionem
2734 709 2748 730 ,
2788 677 3228 735 constantemque
3264 683 3328 721 ac
3367 685 3707 726 numerosutn

2129 771 2364 810 cursum.
2397 757 2450 811 lu
2483 757 2582 811 hoc
2609 758 2784 827 itaque
2812 773 2918 812 nuo
2957 769 3036 812 est
3067 759 3200 813 milti
3237 760 3464 814 studium
3506 776 3708 830 ponen-

2129 848 2277 913 dum,
2309 858 2367 902 ut
2391 850 2667 905 ostendam
2693 851 2743 904 id
2775 851 2935 904 Deum
2967 851 3155 906 fecisse
3203 853 3266 906 Et
3287 868 3449 921 quare
3473 869 3573 908 non
3599 870 3708 909 me-

2132 940 2281 993 minit
2305 941 2435 994 solis
2456 982 2470 1006 ,
2515 941 2605 995 sed
2637 943 2795 1006 lunae,
2820 951 2874 995 et
2906 943 3216 996 stellarum?
3245 943 3354 997 lloc
3388 959 3504 997 cum
3533 943 3667 998 dixit
3693 985 3710 1012 ,

2131 1031 2256 1085 illud
2298 1047 2507 1101 quoque
2543 1031 2876 1103 significavit.
2923 1033 3183 1098 Quoniam
3216 1034 3357 1086 enim
3403 1034 3640 1087 nonnulli
3680 1051 3710 1088 a

2131 1123 2224 1177 Dei
2254 1123 2463 1191 opilicio
2490 1135 2697 1178 noetem
2728 1133 3009 1192 separant,
3054 1139 3147 1192 per
3176 1125 3350 1176 lunam
3380 1139 3496 1178 eam
3531 1135 3710 1179 osten-

2129 1212 2239 1278 dit,
2271 1213 2456 1266 dit-ens
2484 1229 2604 1267 eum
2645 1214 2801 1268 etiam
2837 1214 2994 1282 hujus
3033 1227 3152 1267 esse
3185 1213 3458 1281 Opificem.
3493 1213 3607 1267 Non
3631 1223 3714 1268 est

2071 1301 2082 1308 ’
2130 1315 2304 1358 autem
2330 1319 2486 1372 parva
2509 1307 2780 1360 stellarum
2815 1307 3062 1370 varietas,
3095 1315 3149 1359 et
3171 1305 3432 1358 lunarium
3458 1319 3710 1359 cursuum

2130 1395 2532 1453 demonstratio.
2561 1398 2612 1452 5.
2646 1397 2783 1464 Quid
2811 1407 2882 1450 est
2921 1398 3068 1450 homo
3110 1397 3243 1466 quod
3269 1413 3461 1450 memor
3487 1415 3537 1450 es
3567 1399 3708 1464 ejus,

2131 1499 2216 1540 aut
2242 1489 2379 1553 ﬁlius
2422 1489 2638 1541 hominis
2674 1489 2806 1557 quod
2839 1489 3010 1541 visitus
3052 1487 3210 1540 eum?
3255 1487 3437 1552 Alius,
3479 1487 3617 1553 Quid
3643 1496 3714 1541 est

2130 1579 2465 1647 unusquisque
2507 1577 2676 1644 homo,
2722 1578 2856 1649 quod
2899 1578 3008 1647 ejus
3047 1576 3369 1629 recordaris?
3410 1576 3559 1630 Alius
3591 1592 3711 1646 pro,

2142 1667 2325 1722 Visitas
2350 1685 2500 1734 eum,
2532 1669 2690 1733 dicit,
2734 1667 2988 1722 Visitabis.
3022 1667 3304 1736 Postquam
3344 1667 3479 1720 dixit
3507 1667 3574 1721 de
3599 1668 3714 1736 opi-

2132 1760 2270 1826 licio,
2303 1768 2358 1814 et
2385 1762 2690 1816 universum
2719 1776 2784 1816 ex
2813 1771 2960 1829 parte
2990 1759 3321 1830 significavit,
3356 1761 3538 1814 inserit
3563 1761 3712 1815 deiu-

2131 1867 2256 1921 ceps
2303 1867 2604 1907 sermonem
2652 1852 2720 1907 de
2761 1851 3085 1920 providentia
3136 1851 3426 1904 hominum.
3455 1849 3582 1904 Nam
3625 1850 3709 1904 illa

2131 1947 2288 2001 etiam
2314 1987 2330 2011 ,
2358 1961 2475 2016 qua:
2503 1944 2642 1998 dicta
2676 1952 2800 1998 sunt
2821 1983 2837 2008 ,
2861 1954 2979 1998 sunt
3007 1952 3219 2012 promer
3255 1956 3420 2012 genus
3448 1952 3707 2006 nostrum,

2130 2039 2540 2113 quinetiam-ea,
2572 2051 2690 2105 quin
2725 2035 2790 2090 ad
2833 2034 3212 2104 providentiam
3252 2034 3366 2100 ejus
3409 2033 3707 2100 pertinent:

2131 2131 2376 2184 universa
2422 2128 2563 2182 enim
2609 2135 2850 2182 creatura
2899 2137 3116 2195 promer
3159 2125 3447 2179 hominem.
3511 2123 3709 2178 Verum

2129 2222 2271 2276 aliud
2298 2236 2505 2291 quoque
2528 2235 2696 2289 genus
2718 2227 3005 2287 pertractat
3031 2216 3395 2286 providentiae,
3426 2225 3478 2270 et
3506 2231 3610 2269 non
3637 2224 3710 2270 te-

2131 2329 2278 2368 mere
2301 2313 2469 2367 dehis
2494 2311 2672 2366 dicere
2697 2309 3022 2380 aggreditur,
3055 2311 3148 2364 sed
3169 2307 3322 2362 valde
3352 2309 3635 2374 prudenter
3658 2315 3710 2362 et

2132 2407 2316 2475 probe,
2345 2420 2439 2474 pro
2463 2413 2574 2458 toto
2595 2403 2724 2458 orbe
2755 2413 3012 2455 terrarum
3051 2415 3212 2470 agens
3244 2400 3463 2470 gratias,
3493 2403 3708 2454 univer-

2129 2511 2246 2549 sum
2292 2509 2595 2548 memorans
2625 2492 2936 2547 beneficium
2957 2533 2972 2556 ,
3003 2500 3053 2546 et
3082 2491 3368 2545 ostendens
3396 2489 3708 2560 magnitudi-

2130 2602 2250 2641 nem
2286 2587 2400 2655 ejus
2434 2585 2846 2654 dispensationis
2872 2585 2924 2638 iu
2970 2583 3262 2638 hominem.
3303 2582 3357 2639 Si
3397 2584 3537 2638 enim
3580 2582 3708 2640 nihil

2128 2687 2245 2734 erat
2271 2688 2445 2741 antea,
2471 2677 2637 2732 multo
2657 2676 2824 2746 magis
2845 2675 3057 2746 quando
3082 2674 3326 2729 Christus
3345 2677 3571 2730 accessit
3593 2684 3710 2745 post

2131 2778 2207 2824 tot
2229 2779 2282 2823 et
2304 2777 2444 2823 tanta
2469 2777 2700 2837 peccata.
2733 2766 2798 2820 Et
2819 2765 3050 2820 ostendit
3075 2766 3270 2821 Christi
3298 2767 3578 2850 adventum
3602 2781 3707 2820 non

2129 2875 2159 2914 a
2188 2860 2340 2915 venia
2366 2859 2595 2913 alienum
2635 2857 2816 2923 fuisse,
2848 2858 2954 2912 imo
2981 2872 3010 2910 a
3039 2871 3244 2911 summa
3269 2856 3562 2927 profectum
3589 2870 3707 2912 esse

2127 2949 2431 3008 clementia.
2468 2946 2599 3002 Nam
2633 2957 2900 3018 tamquam
2933 2948 3162 3016 optimus
3205 2947 3393 3016 aliquis
3430 2946 3666 3001 medicus
3688 2987 3705 3014 ,

2126 3043 2272 3098 sanis
2300 3041 2518 3105 relictis,
2548 3041 2692 3094 venit
2711 3041 2776 3093 ad
2807 3054 2935 3106 nos,
2963 3039 3053 3109 qui
3081 3037 3268 3093 morbo
3294 3039 3663 3094 laborabamus
3688 3081 3704 3106 ,

2127 3137 2214 3206 qui
2241 3135 2370 3189 nihil
2397 3146 2630 3190 eramus.
2665 3131 2776 3186 lloc
2802 3145 2930 3201 ergo
2957 3130 3264 3196 ostendens,
3295 3130 3536 3187 dicebat:
3573 3131 3708 3199 Quid

2127 3237 2196 3282 est
2213 3227 2406 3282 homo?
2436 3241 2530 3296 pro
2560 3239 2626 3282 eo
2645 3222 2786 3292 quod
2807 3235 2908 3288 est,
2934 3221 3070 3276 Nihil
3095 3231 3196 3290 est,
3224 3231 3306 3278 est
3330 3223 3454 3292 quid
3482 3223 3603 3277 vile.
3628 3221 3708 3276 Ad

2129 3328 2325 3374 tantam
2351 3319 2492 3373 enim
2529 3316 2822 3388 respiciens
2859 3314 2950 3368 Dei
2979 3329 3158 3369 curam
3198 3323 3252 3368 et
3283 3313 3666 3384 providentiam
3691 3354 3706 3378 ,

2126 3419 2180 3464 et
2207 3409 2273 3464 ad
2307 3425 2367 3464 ea
2393 3425 2512 3478 quae
2547 3409 2670 3463 fecit
2699 3423 2794 3478 pro
2822 3405 2993 3463 salute
3020 3405 3322 3469 hominum,
3355 3405 3508 3460 valde
3533 3414 3709 3474 stupet

2126 3511 2180 3555 et
2230 3500 2540 3562 admiratur,
2579 3515 2674 3554 cur
2707 3515 2827 3552 eum
2880 3507 3023 3553 tanta
3056 3497 3125 3548 sit
3167 3495 3493 3564 providentia
3523 3495 3708 3564 digna-

2128 3601 2230 3646 tus.
2254 3591 2436 3660 Cogita
2463 3590 2603 3644 enim
2625 3630 2638 3654 ,
2669 3599 2884 3660 propter
2917 3589 3092 3659 ipsum
3123 3599 3242 3639 esse
3269 3585 3446 3638 omnia
3481 3600 3600 3654 qua:
3628 3585 3706 3638 vi-

2125 3682 2333 3737 dentur.
2365 3682 2588 3750 Propter
2614 3683 2816 3750 ipsum,
2847 3696 2963 3750 qu;c
2992 3681 3058 3732 ab
3088 3676 3256 3733 Adam
3291 3689 3459 3744 usque
3496 3673 3560 3728 ad
3585 3673 3704 3744 ejus

2125 3773 2404 3828 adventum
2443 3773 2744 3840 dispensata
2789 3780 2842 3826 et
2883 3771 3247 3825 administrata
3295 3775 3454 3833 sunt;
3488 3774 3704 3836 propter

2126 3865 2320 3934 ipsum,
2351 3865 2622 3933 paradisus
2661 3871 2716 3920 et
2761 3874 3046 3934 praecepta,
3093 3879 3266 3934 paena:
3314 3871 3369 3916 et
3407 3859 3660 3916 miracula
3684 3900 3699 3925 ,
3741 3895 3754 3908 .

2125 3957 2486 4028 suppliciaque
2515 3966 2568 4012 et
2598 3955 2852 4013 beneficia
2897 3967 3018 4027 post
3055 3957 3260 4028 legem;
3291 3967 3508 4025 propter
3531 3953 3703 4023 ipsum

2126 4049 2219 4103 Dei
2249 4049 2410 4102 Filius
2449 4047 2610 4103 homo
2635 4047 2806 4104 factus
2845 4055 2947 4104 est.
2987 4048 3118 4103 Nam
3155 4046 3276 4117 quid
3307 4047 3495 4099 attinet
3522 4044 3704 4098 dicere

2124 4137 2344 4194 futura?
2380 4139 2504 4193 Haec
2535 4153 2665 4210 ergo
2702 4140 2880 4194 omnia
2909 4148 3176 4208 reputans,
3217 4136 3382 4190 dicit:
3415 4133 3550 4198 Quid
3593 4143 3703 4186 tam

2124 4244 2372 4299 magnum
2402 4238 2484 4284 est
2525 4229 2723 4298 homo,
2755 4229 2894 4301 quod
2939 4239 3014 4283 tot
3043 4239 3096 4282 et
3123 4227 3281 4280 tantis
3314 4223 3468 4279 bonis
3511 4223 3700 4294 dignus

2121 4318 2280 4375 fuerit
2308 4319 2556 4376 habitus?
2673 4383 2692 4394 δ

2193 4413 2244 4468 7.
2262 4412 2314 4469 Si
2338 4413 2454 4483 quis
2479 4413 2617 4468 enim
2634 4412 3049 4468 cnnsideraverit
3067 4419 3194 4480 quot
3206 4419 3260 4465 et
3275 4419 3466 4480 quanta
3485 4419 3702 4480 propter

2124 4504 2296 4574 ipsum
2325 4504 2456 4559 facta
2485 4513 2606 4558 sunt
2632 4513 2686 4558 et
2720 4504 2875 4564 fiant,
2904 4513 2956 4557 et
2984 4511 3176 4572 quanta
3209 4501 3276 4555 sit
3304 4515 3483 4569 postea
3512 4515 3700 4569 perce-

2121 4605 2326 4666 pturus,
2357 4597 2522 4650 multo
2543 4595 2760 4648 horrore
2787 4593 3105 4663 implebitur,
3131 4602 3184 4646 et
3201 4603 3325 4646 tunc
3339 4593 3481 4646 clare
3502 4591 3700 4646 videbit

2121 4694 2330 4756 quantae
2346 4700 2487 4738 cura:
2512 4684 2617 4737 Deo
2643 4685 2708 4738 sit
2733 4685 2832 4737 hoc
2856 4683 3070 4737 animal.
3091 4682 3143 4736 6.
3163 4681 3389 4736 Minuiin
3409 4697 3520 4735 eum
3545 4680 3698 4752 paulo

2123 4779 2285 4832 minus
2327 4777 2389 4830 ab
2435 4778 2648 4849 angelis.
2695 4775 2867 4840 Alius,
2906 4774 3074 4830 Paulo
3113 4775 3276 4828 minus
3299 4791 3334 4827 α
3357 4773 3484 4827 Deo.
3527 4773 3697 4836 Alius.

2127 4867 2662 4938 Paululunuquiddam
2681 4886 2714 4921 α
2737 4866 2860 4921 Deo.
2891 4867 3144 4921 Hebrzeus
3166 4874 3366 4929 autem,
3389 4861 3704 4920 Outltasreou

2123 4969 2225 5013 mat
2251 4977 2328 5013 me
2356 4959 2523 5014 efoim.
2551 4958 2648 5014 Hic
2675 4957 2915 5014 meminit
2933 4954 3408 5020 condetnuationis,
3430 4961 3487 5010 et
3506 4955 3704 5010 veteris

2125 5050 2347 5120 peccati,
2372 5061 2596 5106 mortem
2622 5051 2676 5104 in
2704 5049 2934 5104 medium
2956 5048 3242 5103 adducens.
3269 5048 3334 5100 At
3355 5062 3472 5100 eam
3493 5061 3703 5117 quoque
3733 5062 3736 5066 '

2122 5139 2317 5206 solvit,
2345 5154 2463 5196 cum
2493 5141 2721 5196 venisset
2755 5138 3083 5208 Unigenitus.
3133 5136 3308 5191 Gloria
3327 5146 3374 5191 et
3403 5139 3594 5193 honore
3619 5152 3702 5191 eoo

2121 5233 2311 5285 ronasti
2334 5248 2466 5286 eum.
2499 5232 2669 5296 Alius,
2697 5229 2872 5285 Gloria
2893 5240 2938 5284 et
2962 5231 3207 5300 dignitate
3234 5229 3495 5284 coronabis
3518 5230 3700 5299 ipsum.

2124 5322 2273 5378 Licet
2299 5321 2512 5392 quidem
2540 5321 2655 5377 haec
2677 5331 2731 5377 et
2761 5321 3042 5387 historice,
3075 5321 3198 5375 licet
3222 5328 3279 5374 et
3304 5320 3591 5390 anagogice
3616 5333 3696 5373 ae-

2124 5416 2321 5484 cipere.
2353 5413 2486 5468 Dicit
2512 5413 2652 5468 enim
2683 5421 2737 5468 et
2765 5411 2878 5482 ejus
2910 5413 3210 5482 imperium,
3235 5411 3378 5482 quod
3405 5411 3454 5464 ei
3479 5424 3600 5464 cum
3627 5407 3703 5465 fa-

2123 5517 2242 5562 ctus
2277 5515 2387 5571 est,
2423 5505 2672 5560 traditum
2704 5515 2818 5570 est;
2861 5504 2990 5560 dicit
3013 5506 3173 5560 etiam
3202 5519 3321 5574 quae
3349 5502 3484 5555 bona
3512 5513 3703 5554 conse-

2123 5606 2316 5668 quutus
2343 5597 2414 5651 sit
2440 5605 2558 5666 post
2580 5595 2869 5652 adventum
2906 5595 3120 5652 Christi.
3172 5595 3227 5650 ln
3268 5591 3526 5662 principio
3559 5589 3703 5646 enim

2122 5689 2324 5744 audivit
2381 5688 2586 5743 Tremor
2603 5699 2652 5744 et
2681 5699 2839 5743 metus
2861 5690 3007 5743 vestri
3026 5688 3119 5741 erit
3147 5699 3299 5754 super
3325 5697 3496 5736 omnes
3526 5680 3706 5734 bestias

2127 5795 2271 5840 tet-rw
2297 5778 2448 5855 (Gen.
2476 5781 2528 5838 9.
2557 5781 2646 5853 2);
2675 5791 2746 5848 et,
2774 5781 3029 5852 [raperent
3053 5777 3268 5850 piscibus
3294 5775 3446 5831 utaris
3474 5771 3626 5848 (Gen.
3652 5773 3704 5830 1.
