  <div class='ocr_page' id='page_1' title='image "/cluster/home/n/w/nwhite01/storage/ocr_20150623/55/hvd.32044054086814/114.png"; bbox 0 0 4064 6206; ppageno 0'>
   <div class='ocr_carea' id='block_1_1' title="bbox 369 234 458 290">
    <p class='ocr_par' dir='ltr' id='par_1_1' title="bbox 369 234 458 290">
     <span class='ocr_line' id='line_1_1' title="bbox 369 234 458 290; baseline -0.067 1"><span class='ocrx_word' id='word_1_1' title='bbox 369 234 458 290; x_wconf 81' lang='grc'><strong>117</strong></span> 
     </span>
    </p>
   </div>
   <div class='ocr_carea' id='block_1_2' title="bbox 316 337 1947 415">
    <p class='ocr_par' dir='ltr' id='par_1_2' title="bbox 316 337 1947 415">
     <span class='ocr_line' id='line_1_2' title="bbox 316 337 1947 415; baseline -0.007 -17"><span class='ocrx_word' id='word_1_2' title='bbox 316 374 333 384; x_wconf 71' lang='lat'><strong>~</strong></span> <span class='ocrx_word' id='word_1_3' title='bbox 359 345 464 415; x_wconf 78' lang='lat'><strong>26).</strong></span> <span class='ocrx_word' id='word_1_4' title='bbox 500 342 629 397; x_wconf 77' lang='lat' dir='ltr'><strong>l‘ost</strong></span> <span class='ocrx_word' id='word_1_5' title='bbox 654 338 781 396; x_wconf 67' lang='lat' dir='ltr'><strong>lucc</strong></span> <span class='ocrx_word' id='word_1_6' title='bbox 809 350 996 397; x_wconf 84' lang='lat' dir='ltr'><strong>autem</strong></span> <span class='ocrx_word' id='word_1_7' title='bbox 1026 356 1039 393; x_wconf 92' lang='lat'>:</span> <span class='ocrx_word' id='word_1_8' title='bbox 1070 337 1270 395; x_wconf 71' lang='lat' dir='ltr'><strong>Calculo</strong></span> <span class='ocrx_word' id='word_1_9' title='bbox 1290 353 1442 407; x_wconf 72' lang='lat' dir='ltr'><strong>super</strong></span> <span class='ocrx_word' id='word_1_10' title='bbox 1463 345 1713 406; x_wconf 80' lang='lat' dir='ltr'><strong>serpentes</strong></span> <span class='ocrx_word' id='word_1_11' title='bbox 1732 344 1779 389; x_wconf 83' lang='lat' dir='ltr'><strong>et</strong></span> <span class='ocrx_word' id='word_1_12' title='bbox 1806 350 1947 389; x_wconf 82' lang='lat' dir='ltr'><strong>scor-</strong></span> 
     </span>
    </p>
   </div>
   <div class='ocr_carea' id='block_1_3' title="bbox 359 427 1947 507">
    <p class='ocr_par' dir='ltr' id='par_1_3' title="bbox 359 427 1947 507">
     <span class='ocr_line' id='line_1_3' title="bbox 359 427 1947 507; baseline -0.005 -20"><span class='ocrx_word' id='word_1_13' title='bbox 359 437 523 507; x_wconf 75' lang='lat' dir='ltr'><strong>piones</strong></span> <span class='ocrx_word' id='word_1_14' title='bbox 541 431 703 505; x_wconf 80' lang='lat' dir='ltr'><strong>(Luc.</strong></span> <span class='ocrx_word' id='word_1_15' title='bbox 732 432 829 490; x_wconf 87' lang='grc'><strong>10.</strong></span> <span class='ocrx_word' id='word_1_16' title='bbox 855 430 972 502; x_wconf 86' lang='grc'><strong>19).</strong></span> <span class='ocrx_word' id='word_1_17' title='bbox 1013 430 1119 487; x_wconf 79' lang='lat' dir='ltr'><strong>Sed</strong></span> <span class='ocrx_word' id='word_1_18' title='bbox 1145 429 1230 484; x_wconf 86' lang='lat' dir='ltr'><strong>his</strong></span> <span class='ocrx_word' id='word_1_19' title='bbox 1263 429 1494 485; x_wconf 81' lang='lat' dir='ltr'><strong>dimissis</strong></span> <span class='ocrx_word' id='word_1_20' title='bbox 1513 467 1529 491; x_wconf 89' lang='lat'><strong>,</strong></span> <span class='ocrx_word' id='word_1_21' title='bbox 1557 427 1795 482; x_wconf 78' lang='lat' dir='ltr'><strong>contexit</strong></span> <span class='ocrx_word' id='word_1_22' title='bbox 1824 440 1947 480; x_wconf 83' lang='lat' dir='ltr'><strong>ora-</strong></span> 
     </span>
    </p>
   </div>
   <div class='ocr_carea' id='block_1_4' title="bbox 357 518 1949 591">
    <p class='ocr_par' dir='ltr' id='par_1_4' title="bbox 357 518 1949 591">
     <span class='ocr_line' id='line_1_4' title="bbox 357 518 1949 591; baseline -0.005 -9"><span class='ocrx_word' id='word_1_23' title='bbox 357 528 549 582; x_wconf 83' lang='lat' dir='ltr'><strong>tionem</strong></span> <span class='ocrx_word' id='word_1_24' title='bbox 579 540 649 579; x_wconf 78' lang='lat' dir='ltr'><strong>ex</strong></span> <span class='ocrx_word' id='word_1_25' title='bbox 677 523 1095 587; x_wconf 80' lang='lat' dir='ltr'><strong>humilioribus,</strong></span> <span class='ocrx_word' id='word_1_26' title='bbox 1126 522 1429 591; x_wconf 84' lang='lat' dir='ltr'><strong>relinquens</strong></span> <span class='ocrx_word' id='word_1_27' title='bbox 1454 519 1539 574; x_wconf 85' lang='lat' dir='ltr'><strong>illa</strong></span> <span class='ocrx_word' id='word_1_28' title='bbox 1562 518 1949 575; x_wconf 82' lang='lat' dir='ltr'><strong>consideranda</strong></span> 
     </span>
    </p>
   </div>
   <div class='ocr_carea' id='block_1_5' title="bbox 357 610 1951 689">
    <p class='ocr_par' dir='ltr' id='par_1_5' title="bbox 357 610 1951 689">
     <span class='ocr_line' id='line_1_5' title="bbox 357 610 1951 689; baseline -0.006 -16"><span class='ocrx_word' id='word_1_29' title='bbox 357 620 417 674; x_wconf 73' lang='lat' dir='ltr'><strong>iis</strong></span> <span class='ocrx_word' id='word_1_30' title='bbox 438 619 527 689; x_wconf 98' lang='lat' dir='ltr'><strong>qui</strong></span> <span class='ocrx_word' id='word_1_31' title='bbox 555 626 783 688; x_wconf 84' lang='lat' dir='ltr'><strong>possunt</strong></span> <span class='ocrx_word' id='word_1_32' title='bbox 812 617 1026 673; x_wconf 76' lang='lat' dir='ltr'><strong>acutius</strong></span> <span class='ocrx_word' id='word_1_33' title='bbox 1047 628 1286 669; x_wconf 87' lang='lat' dir='ltr'><strong>cernere.</strong></span> <span class='ocrx_word' id='word_1_34' title='bbox 1320 611 1499 668; x_wconf 80' lang='lat' dir='ltr'><strong>Gloria</strong></span> <span class='ocrx_word' id='word_1_35' title='bbox 1530 611 1672 667; x_wconf 87' lang='lat' dir='ltr'><strong>enim</strong></span> <span class='ocrx_word' id='word_1_36' title='bbox 1700 610 1869 682; x_wconf 77' lang='lat' dir='ltr'><strong>major</strong></span> <span class='ocrx_word' id='word_1_37' title='bbox 1895 620 1951 666; x_wconf 89' lang='lat' dir='ltr'><strong>et</strong></span> 
     </span>
    </p>
   </div>
   <div class='ocr_carea' id='block_1_6' title="bbox 357 703 1949 778">
    <p class='ocr_par' dir='ltr' id='par_1_6' title="bbox 357 703 1949 778">
     <span class='ocr_line' id='line_1_6' title="bbox 357 703 1949 778; baseline -0.006 -13"><span class='ocrx_word' id='word_1_38' title='bbox 357 712 523 765; x_wconf 85' lang='lat' dir='ltr'><strong>honor</strong></span> <span class='ocrx_word' id='word_1_39' title='bbox 541 724 605 764; x_wconf 85' lang='lat' dir='ltr'><strong>ea</strong></span> <span class='ocrx_word' id='word_1_40' title='bbox 632 718 784 771; x_wconf 80' lang='lat' dir='ltr'><strong>sunt,</strong></span> <span class='ocrx_word' id='word_1_41' title='bbox 812 724 937 778; x_wconf 74' lang='lat' dir='ltr'><strong>qua:</strong></span> <span class='ocrx_word' id='word_1_42' title='bbox 957 706 1087 761; x_wconf 83' lang='lat' dir='ltr'><strong>ﬁunt</strong></span> <span class='ocrx_word' id='word_1_43' title='bbox 1114 706 1171 759; x_wconf 88' lang='lat' dir='ltr'><strong>in</strong></span> <span class='ocrx_word' id='word_1_44' title='bbox 1189 704 1337 759; x_wconf 83' lang='lat' dir='ltr'><strong>Novo</strong></span> <span class='ocrx_word' id='word_1_45' title='bbox 1356 704 1717 768; x_wconf 85' lang='lat' dir='ltr'><strong>Testamento,</strong></span> <span class='ocrx_word' id='word_1_46' title='bbox 1734 703 1949 772; x_wconf 78' lang='lat' dir='ltr'><strong>quando</strong></span> 
     </span>
    </p>
   </div>
   <div class='ocr_carea' id='block_1_7' title="bbox 359 794 1944 868">
    <p class='ocr_par' dir='ltr' id='par_1_7' title="bbox 359 794 1944 868">
     <span class='ocr_line' id='line_1_7' title="bbox 359 794 1944 868; baseline -0.005 -13"><span class='ocrx_word' id='word_1_47' title='bbox 359 804 508 856; x_wconf 79' lang='lat' dir='ltr'><strong>habet</strong></span> <span class='ocrx_word' id='word_1_48' title='bbox 548 800 832 855; x_wconf 74' lang='lat' dir='ltr'><strong>Christum</strong></span> <span class='ocrx_word' id='word_1_49' title='bbox 870 805 1063 868; x_wconf 84' lang='lat' dir='ltr'><strong>caput,</strong></span> <span class='ocrx_word' id='word_1_50' title='bbox 1103 796 1314 866; x_wconf 80' lang='lat' dir='ltr'><strong>quando</strong></span> <span class='ocrx_word' id='word_1_51' title='bbox 1335 795 1452 863; x_wconf 87' lang='lat' dir='ltr'><strong>ejus</strong></span> <span class='ocrx_word' id='word_1_52' title='bbox 1475 808 1669 862; x_wconf 88' lang='lat' dir='ltr'><strong>corpus</strong></span> <span class='ocrx_word' id='word_1_53' title='bbox 1697 794 1944 859; x_wconf 85' lang='lat' dir='ltr'><strong>efﬁcitur,</strong></span> 
     </span>
    </p>
   </div>
   <div class='ocr_carea' id='block_1_8' title="bbox 356 884 1947 963">
    <p class='ocr_par' dir='ltr' id='par_1_8' title="bbox 356 884 1947 963">
     <span class='ocr_line' id='line_1_8' title="bbox 356 884 1947 963; baseline -0.004 -17"><span class='ocrx_word' id='word_1_54' title='bbox 356 892 567 963; x_wconf 83' lang='lat' dir='ltr'><strong>quando</strong></span> <span class='ocrx_word' id='word_1_55' title='bbox 610 890 672 945; x_wconf 87' lang='lat' dir='ltr'><strong>ﬁt</strong></span> <span class='ocrx_word' id='word_1_56' title='bbox 719 892 888 945; x_wconf 86' lang='lat' dir='ltr'><strong>frater</strong></span> <span class='ocrx_word' id='word_1_57' title='bbox 931 898 985 943; x_wconf 90' lang='lat' dir='ltr'><strong>et</strong></span> <span class='ocrx_word' id='word_1_58' title='bbox 1022 886 1263 952; x_wconf 78' lang='lat' dir='ltr'><strong>coheres,</strong></span> <span class='ocrx_word' id='word_1_59' title='bbox 1294 895 1349 941; x_wconf 87' lang='lat' dir='ltr'><strong>et</strong></span> <span class='ocrx_word' id='word_1_60' title='bbox 1374 884 1662 939; x_wconf 79' lang='lat' dir='ltr'><strong>conformis</strong></span> <span class='ocrx_word' id='word_1_61' title='bbox 1684 887 1801 954; x_wconf 83' lang='lat' dir='ltr'>ejus</span> <span class='ocrx_word' id='word_1_62' title='bbox 1824 900 1947 939; x_wconf 84' lang='lat' dir='ltr'><strong>cor-</strong></span> 
     </span>
    </p>
   </div>
   <div class='ocr_carea' id='block_1_9' title="bbox 358 970 1944 1055">
    <p class='ocr_par' dir='ltr' id='par_1_9' title="bbox 358 970 1944 1055">
     <span class='ocr_line' id='line_1_9' title="bbox 358 970 1944 1055; baseline -0.008 -13"><span class='ocrx_word' id='word_1_63' title='bbox 358 986 493 1055; x_wconf 86' lang='lat' dir='ltr'><strong>pori,</strong></span> <span class='ocrx_word' id='word_1_64' title='bbox 520 982 739 1055; x_wconf 80' lang='lat' dir='ltr'><strong>quando</strong></span> <span class='ocrx_word' id='word_1_65' title='bbox 769 982 1029 1049; x_wconf 82' lang='lat' dir='ltr'><strong>majorem</strong></span> <span class='ocrx_word' id='word_1_66' title='bbox 1064 993 1223 1048; x_wconf 89' lang='lat' dir='ltr'><strong>quam</strong></span> <span class='ocrx_word' id='word_1_67' title='bbox 1260 978 1435 1033; x_wconf 62' lang='lat' dir='ltr'><strong>Moses</strong></span> <span class='ocrx_word' id='word_1_68' title='bbox 1469 977 1663 1046; x_wconf 79' lang='lat' dir='ltr'><strong>accipit</strong></span> <span class='ocrx_word' id='word_1_69' title='bbox 1698 970 1944 1047; x_wconf 80' lang='lat' dir='ltr'><strong>gloriam,</strong></span> 
     </span>
    </p>
   </div>
   <div class='ocr_carea' id='block_1_10' title="bbox 356 1072 1946 1147">
    <p class='ocr_par' dir='ltr' id='par_1_10' title="bbox 356 1072 1946 1147">
     <span class='ocr_line' id='line_1_10' title="bbox 356 1072 1946 1147; baseline -0.006 -14"><span class='ocrx_word' id='word_1_70' title='bbox 356 1079 491 1132; x_wconf 85' lang='lat' dir='ltr'><strong>sicut</strong></span> <span class='ocrx_word' id='word_1_71' title='bbox 513 1074 831 1147; x_wconf 73' lang='lat' dir='ltr'><strong>significavit</strong></span> <span class='ocrx_word' id='word_1_72' title='bbox 867 1073 1059 1127; x_wconf 83' lang='lat' dir='ltr'><strong>Paulus</strong></span> <span class='ocrx_word' id='word_1_73' title='bbox 1081 1112 1096 1135; x_wconf 86' lang='lat'><strong>,</strong></span> <span class='ocrx_word' id='word_1_74' title='bbox 1122 1072 1438 1136; x_wconf 85' lang='lat' dir='ltr'><strong>ostendens,</strong></span> <span class='ocrx_word' id='word_1_75' title='bbox 1479 1086 1579 1124; x_wconf 84' lang='lat' dir='ltr'><strong>nos</strong></span> <span class='ocrx_word' id='word_1_76' title='bbox 1610 1085 1715 1124; x_wconf 91' lang='lat' dir='ltr'><strong>non</strong></span> <span class='ocrx_word' id='word_1_77' title='bbox 1756 1084 1946 1138; x_wconf 79' lang='lat' dir='ltr'><strong>quem-</strong></span> 
     </span>
    </p>
   </div>
   <div class='ocr_carea' id='block_1_11' title="bbox 356 1162 1949 1234">
    <p class='ocr_par' dir='ltr' id='par_1_11' title="bbox 356 1162 1949 1234">
     <span class='ocr_line' id='line_1_11' title="bbox 356 1162 1949 1234; baseline -0.006 -9"><span class='ocrx_word' id='word_1_78' title='bbox 356 1169 642 1225; x_wconf 79' lang='lat' dir='ltr'><strong>admodum</strong></span> <span class='ocrx_word' id='word_1_79' title='bbox 682 1167 865 1221; x_wconf 81' lang='lat' dir='ltr'><strong>Moses</strong></span> <span class='ocrx_word' id='word_1_80' title='bbox 902 1165 1207 1234; x_wconf 79' lang='lat' dir='ltr'><strong>imponebat</strong></span> <span class='ocrx_word' id='word_1_81' title='bbox 1239 1164 1501 1228; x_wconf 82' lang='lat' dir='ltr'><strong>velamen,</strong></span> <span class='ocrx_word' id='word_1_82' title='bbox 1531 1162 1627 1217; x_wconf 85' lang='lat' dir='ltr'><strong>sed</strong></span> <span class='ocrx_word' id='word_1_83' title='bbox 1653 1177 1841 1217; x_wconf 86' lang='lat' dir='ltr'><strong>omnes</strong></span> <span class='ocrx_word' id='word_1_84' title='bbox 1866 1177 1949 1216; x_wconf 75' lang='lat' dir='ltr'><strong>re-</strong></span> 
     </span>
    </p>
   </div>
   <div class='ocr_carea' id='block_1_12' title="bbox 358 1254 1943 1328">
    <p class='ocr_par' dir='ltr' id='par_1_12' title="bbox 358 1254 1943 1328">
     <span class='ocr_line' id='line_1_12' title="bbox 358 1254 1943 1328; baseline -0.003 -15"><span class='ocrx_word' id='word_1_85' title='bbox 358 1263 532 1317; x_wconf 78' lang='lat' dir='ltr'><strong>velata</strong></span> <span class='ocrx_word' id='word_1_86' title='bbox 574 1261 703 1315; x_wconf 82' lang='lat' dir='ltr'><strong>facie</strong></span> <span class='ocrx_word' id='word_1_87' title='bbox 745 1259 956 1313; x_wconf 83' lang='lat' dir='ltr'><strong>Domini</strong></span> <span class='ocrx_word' id='word_1_88' title='bbox 989 1258 1209 1328; x_wconf 75' lang='lat' dir='ltr'><strong>gloriam</strong></span> <span class='ocrx_word' id='word_1_89' title='bbox 1239 1257 1692 1326; x_wconf 83' lang='lat' dir='ltr'><strong>contemplaturos</strong></span> <span class='ocrx_word' id='word_1_90' title='bbox 1718 1270 1837 1311; x_wconf 81' lang='lat' dir='ltr'><strong>esse</strong></span> <span class='ocrx_word' id='word_1_91' title='bbox 1866 1254 1943 1324; x_wconf 72' lang='grc'><strong>(2.</strong></span> 
     </span>
    </p>
   </div>
   <div class='ocr_carea' id='block_1_13' title="bbox 357 1348 1946 1419">
    <p class='ocr_par' dir='ltr' id='par_1_13' title="bbox 357 1348 1946 1419">
     <span class='ocr_line' id='line_1_13' title="bbox 357 1348 1946 1419; baseline -0.004 -11"><span class='ocrx_word' id='word_1_92' title='bbox 357 1351 479 1408; x_wconf 85' lang='lat' dir='ltr'><strong>Cor.</strong></span> <span class='ocrx_word' id='word_1_93' title='bbox 503 1354 557 1408; x_wconf 73' lang='lat'><strong>5.</strong></span> <span class='ocrx_word' id='word_1_94' title='bbox 588 1353 674 1408; x_wconf 78' lang='grc'><strong>15.</strong></span> <span class='ocrx_word' id='word_1_95' title='bbox 702 1351 792 1418; x_wconf 81' lang='grc'><strong>18)</strong></span> <span class='ocrx_word' id='word_1_96' title='bbox 822 1366 838 1403; x_wconf 90' lang='lat'><strong>:</strong></span> <span class='ocrx_word' id='word_1_97' title='bbox 867 1360 923 1405; x_wconf 91' lang='lat' dir='ltr'><strong>et</strong></span> <span class='ocrx_word' id='word_1_98' title='bbox 948 1350 1068 1405; x_wconf 85' lang='lat' dir='ltr'><strong>ideo</strong></span> <span class='ocrx_word' id='word_1_99' title='bbox 1092 1349 1219 1404; x_wconf 84' lang='lat' dir='ltr'><strong>dicit</strong></span> <span class='ocrx_word' id='word_1_100' title='bbox 1249 1367 1261 1409; x_wconf 87' lang='lat'><strong>;</strong></span> <span class='ocrx_word' id='word_1_101' title='bbox 1294 1348 1414 1402; x_wconf 74' lang='lat' dir='ltr'><strong>Non</strong></span> <span class='ocrx_word' id='word_1_102' title='bbox 1449 1349 1582 1403; x_wconf 81' lang='lat' dir='ltr'><strong>enim</strong></span> <span class='ocrx_word' id='word_1_103' title='bbox 1608 1350 1946 1419; x_wconf 74' lang='lat' dir='ltr'><strong>glori/iratum</strong></span> 
     </span>
    </p>
   </div>
   <div class='ocr_carea' id='block_1_14' title="bbox 357 1440 1947 1514">
    <p class='ocr_par' dir='ltr' id='par_1_14' title="bbox 357 1440 1947 1514">
     <span class='ocr_line' id='line_1_14' title="bbox 357 1440 1947 1514; baseline -0.005 -15"><span class='ocrx_word' id='word_1_104' title='bbox 357 1454 447 1507; x_wconf 83' lang='lat' dir='ltr'><strong>est,</strong></span> <span class='ocrx_word' id='word_1_105' title='bbox 475 1442 609 1514; x_wconf 71' lang='lat' dir='ltr'><strong>quod</strong></span> <span class='ocrx_word' id='word_1_106' title='bbox 633 1442 973 1513; x_wconf 71' lang='lat' dir='ltr'><strong>gloriﬁcatur»</strong></span> <span class='ocrx_word' id='word_1_107' title='bbox 1002 1450 1075 1495; x_wconf 80' lang='lat' dir='ltr'><strong>est</strong></span> <span class='ocrx_word' id='word_1_108' title='bbox 1093 1442 1146 1494; x_wconf 81' lang='lat' dir='ltr'><strong>iu</strong></span> <span class='ocrx_word' id='word_1_109' title='bbox 1166 1442 1263 1493; x_wconf 79' lang='lat' dir='ltr'><strong>hac</strong></span> <span class='ocrx_word' id='word_1_110' title='bbox 1288 1450 1450 1509; x_wconf 81' lang='lat' dir='ltr'><strong>parte,</strong></span> <span class='ocrx_word' id='word_1_111' title='bbox 1475 1450 1683 1508; x_wconf 80' lang='lat' dir='ltr'><strong>propter</strong></span> <span class='ocrx_word' id='word_1_112' title='bbox 1708 1440 1947 1493; x_wconf 66' lang='lat' dir='ltr'><strong>excellen-</strong></span> 
     </span>
    </p>
   </div>
   <div class='ocr_carea' id='block_1_15' title="bbox 356 1529 1944 1604">
    <p class='ocr_par' dir='ltr' id='par_1_15' title="bbox 356 1529 1944 1604">
     <span class='ocr_line' id='line_1_15' title="bbox 356 1529 1944 1604; baseline -0.002 -17"><span class='ocrx_word' id='word_1_113' title='bbox 356 1545 452 1587; x_wconf 78' lang='lat' dir='ltr'><strong>tem</strong></span> <span class='ocrx_word' id='word_1_114' title='bbox 476 1534 691 1604; x_wconf 74' lang='lat' dir='ltr'><strong>glorians</strong></span> <span class='ocrx_word' id='word_1_115' title='bbox 719 1530 884 1598; x_wconf 84' lang='lat' dir='ltr'><strong>(Ibid.</strong></span> <span class='ocrx_word' id='word_1_116' title='bbox 909 1547 955 1585; x_wconf 79' lang='grc' dir='ltr'><strong>υ.</strong></span> <span class='ocrx_word' id='word_1_117' title='bbox 978 1529 1087 1597; x_wconf 86' lang='grc'><strong>10).</strong></span> <span class='ocrx_word' id='word_1_118' title='bbox 1122 1531 1268 1584; x_wconf 87' lang='lat' dir='ltr'><strong>Hanc</strong></span> <span class='ocrx_word' id='word_1_119' title='bbox 1284 1545 1415 1601; x_wconf 80' lang='lat' dir='ltr'><strong>ergo</strong></span> <span class='ocrx_word' id='word_1_120' title='bbox 1431 1530 1653 1601; x_wconf 79' lang='lat' dir='ltr'><strong>gloriam</strong></span> <span class='ocrx_word' id='word_1_121' title='bbox 1672 1529 1802 1587; x_wconf 85' lang='lat' dir='ltr'><strong>dicit</strong></span> <span class='ocrx_word' id='word_1_122' title='bbox 1822 1545 1944 1599; x_wconf 85' lang='lat' dir='ltr'><strong>pro-</strong></span> 
     </span>
    </p>
   </div>
   <div class='ocr_carea' id='block_1_16' title="bbox 358 1622 1948 1695">
    <p class='ocr_par' dir='ltr' id='par_1_16' title="bbox 358 1622 1948 1695">
     <span class='ocr_line' id='line_1_16' title="bbox 358 1622 1948 1695; baseline -0.002 -16"><span class='ocrx_word' id='word_1_123' title='bbox 358 1625 513 1694; x_wconf 83' lang='lat' dir='ltr'><strong>pheta</strong></span> <span class='ocrx_word' id='word_1_124' title='bbox 538 1639 638 1695; x_wconf 84' lang='lat' dir='ltr'><strong>per</strong></span> <span class='ocrx_word' id='word_1_125' title='bbox 660 1639 955 1694; x_wconf 76' lang='lat' dir='ltr'><strong>anagogen.</strong></span> <span class='ocrx_word' id='word_1_126' title='bbox 986 1622 1122 1689; x_wconf 88' lang='lat' dir='ltr'><strong>Quid</strong></span> <span class='ocrx_word' id='word_1_127' title='bbox 1147 1623 1289 1677; x_wconf 72' lang='lat' dir='ltr'><strong>enim</strong></span> <span class='ocrx_word' id='word_1_128' title='bbox 1318 1632 1401 1677; x_wconf 83' lang='lat' dir='ltr'><strong>est</strong></span> <span class='ocrx_word' id='word_1_129' title='bbox 1428 1637 1549 1676; x_wconf 87' lang='lat' dir='ltr'><strong>cum</strong></span> <span class='ocrx_word' id='word_1_130' title='bbox 1576 1636 1641 1677; x_wconf 83' lang='lat' dir='ltr'><strong>ea</strong></span> <span class='ocrx_word' id='word_1_131' title='bbox 1664 1626 1948 1677; x_wconf 87' lang='lat' dir='ltr'><strong>conteren-</strong></span> 
     </span>
    </p>
   </div>
   <div class='ocr_carea' id='block_1_17' title="bbox 362 1714 1938 1787">
    <p class='ocr_par' dir='ltr' id='par_1_17' title="bbox 362 1714 1938 1787">
     <span class='ocr_line' id='line_1_17' title="bbox 362 1714 1938 1787; baseline -0.002 -16"><span class='ocrx_word' id='word_1_132' title='bbox 362 1719 499 1782; x_wconf 78' lang='lat' dir='ltr'><strong>inm,</strong></span> <span class='ocrx_word' id='word_1_133' title='bbox 545 1717 759 1787; x_wconf 77' lang='lat' dir='ltr'><strong>quando</strong></span> <span class='ocrx_word' id='word_1_134' title='bbox 796 1717 955 1772; x_wconf 86' lang='lat' dir='ltr'><strong>simul</strong></span> <span class='ocrx_word' id='word_1_135' title='bbox 1001 1732 1122 1771; x_wconf 89' lang='lat' dir='ltr'><strong>cum</strong></span> <span class='ocrx_word' id='word_1_136' title='bbox 1171 1715 1376 1786; x_wconf 75' lang='lat' dir='ltr'><strong>angelis</strong></span> <span class='ocrx_word' id='word_1_137' title='bbox 1424 1714 1618 1770; x_wconf 85' lang='lat' dir='ltr'><strong>choros</strong></span> <span class='ocrx_word' id='word_1_138' title='bbox 1662 1715 1938 1779; x_wconf 84' lang='lat' dir='ltr'><strong>ducimus,</strong></span> 
     </span>
    </p>
   </div>
   <div class='ocr_carea' id='block_1_18' title="bbox 354 1806 1943 1881">
    <p class='ocr_par' dir='ltr' id='par_1_18' title="bbox 354 1806 1943 1881">
     <span class='ocr_line' id='line_1_18' title="bbox 354 1806 1943 1881; baseline -0.002 -17"><span class='ocrx_word' id='word_1_139' title='bbox 354 1810 567 1881; x_wconf 84' lang='lat' dir='ltr'><strong>quando</strong></span> <span class='ocrx_word' id='word_1_140' title='bbox 614 1811 666 1864; x_wconf 90' lang='lat' dir='ltr'><strong>itt</strong></span> <span class='ocrx_word' id='word_1_141' title='bbox 714 1810 852 1864; x_wconf 84' lang='lat' dir='ltr'><strong>filios</strong></span> <span class='ocrx_word' id='word_1_142' title='bbox 893 1809 1227 1879; x_wconf 65' lang='lat' dir='ltr'><strong>adoptantur,</strong></span> <span class='ocrx_word' id='word_1_143' title='bbox 1261 1807 1474 1875; x_wconf 80' lang='lat' dir='ltr'><strong>quando</strong></span> <span class='ocrx_word' id='word_1_144' title='bbox 1514 1822 1613 1862; x_wconf 84' lang='lat' dir='ltr'><strong>nec</strong></span> <span class='ocrx_word' id='word_1_145' title='bbox 1654 1806 1943 1879; x_wconf 83' lang='lat' dir='ltr'><strong>Unigenito</strong></span> 
     </span>
    </p>
   </div>
   <div class='ocr_carea' id='block_1_19' title="bbox 355 1901 1947 1975">
    <p class='ocr_par' dir='ltr' id='par_1_19' title="bbox 355 1901 1947 1975">
     <span class='ocr_line' id='line_1_19' title="bbox 355 1901 1947 1975; baseline -0.003 -16"><span class='ocrx_word' id='word_1_146' title='bbox 355 1904 565 1975; x_wconf 78' lang='lat' dir='ltr'><strong>quidem</strong></span> <span class='ocrx_word' id='word_1_147' title='bbox 607 1918 705 1973; x_wconf 87' lang='lat' dir='ltr'><strong>pro</strong></span> <span class='ocrx_word' id='word_1_148' title='bbox 740 1902 896 1957; x_wconf 84' lang='lat' dir='ltr'><strong>nobis</strong></span> <span class='ocrx_word' id='word_1_149' title='bbox 944 1901 1213 1972; x_wconf 74' lang='lat' dir='ltr'><strong>parcitur?</strong></span> <span class='ocrx_word' id='word_1_150' title='bbox 1259 1902 1371 1969; x_wconf 83' lang='lat' dir='ltr'><strong>Qua</strong></span> <span class='ocrx_word' id='word_1_151' title='bbox 1411 1914 1517 1956; x_wconf 88' lang='lat' dir='ltr'><strong>non</strong></span> <span class='ocrx_word' id='word_1_152' title='bbox 1557 1912 1812 1971; x_wconf 89' lang='lat' dir='ltr'><strong>purpura,</strong></span> <span class='ocrx_word' id='word_1_153' title='bbox 1833 1913 1947 1969; x_wconf 83' lang='lat' dir='ltr'><strong>quo</strong></span> 
     </span>
    </p>
   </div>
   <div class='ocr_carea' id='block_1_20' title="bbox 358 1990 1941 2065">
    <p class='ocr_par' dir='ltr' id='par_1_20' title="bbox 358 1990 1941 2065">
     <span class='ocr_line' id='line_1_20' title="bbox 358 1990 1941 2065; baseline 0.001 -18"><span class='ocrx_word' id='word_1_154' title='bbox 358 2010 458 2049; x_wconf 87' lang='lat' dir='ltr'><strong>non</strong></span> <span class='ocrx_word' id='word_1_155' title='bbox 500 1993 806 2049; x_wconf 79' lang='lat' dir='ltr'><strong>diademate</strong></span> <span class='ocrx_word' id='word_1_156' title='bbox 830 2001 957 2048; x_wconf 89' lang='lat' dir='ltr'><strong>sunt</strong></span> <span class='ocrx_word' id='word_1_157' title='bbox 982 1993 1095 2048; x_wconf 61' lang='lat' dir='ltr'><strong>hac</strong></span> <span class='ocrx_word' id='word_1_158' title='bbox 1121 1994 1276 2065; x_wconf 80' lang='lat' dir='ltr'><strong>longe</strong></span> <span class='ocrx_word' id='word_1_159' title='bbox 1304 1990 1665 2062; x_wconf 81' lang='lat' dir='ltr'><strong>splendidiora</strong></span> <span class='ocrx_word' id='word_1_160' title='bbox 1685 2034 1700 2057; x_wconf 94' lang='lat'><strong>,</strong></span> <span class='ocrx_word' id='word_1_161' title='bbox 1727 1992 1941 2063; x_wconf 87' lang='lat' dir='ltr'><strong>quando</strong></span> 
     </span>
    </p>
   </div>
   <div class='ocr_carea' id='block_1_21' title="bbox 356 2083 1939 2155">
    <p class='ocr_par' dir='ltr' id='par_1_21' title="bbox 356 2083 1939 2155">
     <span class='ocr_line' id='line_1_21' title="bbox 356 2083 1939 2155; baseline -0.001 -16"><span class='ocrx_word' id='word_1_162' title='bbox 356 2094 578 2139; x_wconf 84' lang='lat' dir='ltr'><strong>mortem</strong></span> <span class='ocrx_word' id='word_1_163' title='bbox 606 2084 929 2149; x_wconf 85' lang='lat' dir='ltr'><strong>irridemus,</strong></span> <span class='ocrx_word' id='word_1_164' title='bbox 954 2084 1168 2155; x_wconf 86' lang='lat' dir='ltr'><strong>quando</strong></span> <span class='ocrx_word' id='word_1_165' title='bbox 1208 2084 1275 2138; x_wconf 86' lang='lat' dir='ltr'><strong>ad</strong></span> <span class='ocrx_word' id='word_1_166' title='bbox 1318 2092 1640 2154; x_wconf 82' lang='lat' dir='ltr'><strong>potestatum</strong></span> <span class='ocrx_word' id='word_1_167' title='bbox 1689 2083 1939 2153; x_wconf 78' lang='lat' dir='ltr'><strong>incorpo-</strong></span> 
     </span>
    </p>
   </div>
   <div class='ocr_carea' id='block_1_22' title="bbox 356 2173 1939 2245">
    <p class='ocr_par' dir='ltr' id='par_1_22' title="bbox 356 2173 1939 2245">
     <span class='ocr_line' id='line_1_22' title="bbox 356 2173 1939 2245; baseline -0.002 -14"><span class='ocrx_word' id='word_1_168' title='bbox 356 2189 564 2231; x_wconf 80' lang='lat' dir='ltr'><strong>rearum</strong></span> <span class='ocrx_word' id='word_1_169' title='bbox 586 2175 1037 2245; x_wconf 84' lang='lat' dir='ltr'><strong>impatibiiitatem</strong></span> <span class='ocrx_word' id='word_1_170' title='bbox 1057 2174 1279 2229; x_wconf 83' lang='lat' dir='ltr'><strong>traducti</strong></span> <span class='ocrx_word' id='word_1_171' title='bbox 1307 2187 1511 2239; x_wconf 87' lang='lat' dir='ltr'><strong>sumus,</strong></span> <span class='ocrx_word' id='word_1_172' title='bbox 1532 2173 1625 2243; x_wconf 87' lang='lat' dir='ltr'><strong>qui</strong></span> <span class='ocrx_word' id='word_1_173' title='bbox 1655 2174 1804 2243; x_wconf 90' lang='lat' dir='ltr'><strong>prius</strong></span> <span class='ocrx_word' id='word_1_174' title='bbox 1828 2187 1939 2228; x_wconf 84' lang='lat' dir='ltr'><strong>era-</strong></span> 
     </span>
    </p>
   </div>
   <div class='ocr_carea' id='block_1_23' title="bbox 353 2265 1935 2339">
    <p class='ocr_par' dir='ltr' id='par_1_23' title="bbox 353 2265 1935 2339">
     <span class='ocr_line' id='line_1_23' title="bbox 353 2265 1935 2339; baseline -0.004 -14"><span class='ocrx_word' id='word_1_175' title='bbox 353 2284 469 2325; x_wconf 85' lang='lat' dir='ltr'><strong>mus</strong></span> <span class='ocrx_word' id='word_1_176' title='bbox 493 2269 827 2338; x_wconf 86' lang='lat' dir='ltr'><strong>contempti,</strong></span> <span class='ocrx_word' id='word_1_177' title='bbox 856 2268 1065 2339; x_wconf 87' lang='lat' dir='ltr'><strong>inglorii</strong></span> <span class='ocrx_word' id='word_1_178' title='bbox 1089 2309 1106 2334; x_wconf 96' lang='lat'><strong>,</strong></span> <span class='ocrx_word' id='word_1_179' title='bbox 1137 2278 1188 2323; x_wconf 89' lang='lat' dir='ltr'><strong>et</strong></span> <span class='ocrx_word' id='word_1_180' title='bbox 1217 2267 1569 2322; x_wconf 80' lang='lat' dir='ltr'><strong>exsecrandi?</strong></span> <span class='ocrx_word' id='word_1_181' title='bbox 1608 2265 1775 2320; x_wconf 84' lang='lat' dir='ltr'><strong>Adam</strong></span> <span class='ocrx_word' id='word_1_182' title='bbox 1812 2279 1935 2321; x_wconf 88' lang='lat' dir='ltr'><strong>cum</strong></span> 
     </span>
    </p>
   </div>
   <div class='ocr_carea' id='block_1_24' title="bbox 353 2357 1938 2429">
    <p class='ocr_par' dir='ltr' id='par_1_24' title="bbox 353 2357 1938 2429">
     <span class='ocr_line' id='line_1_24' title="bbox 353 2357 1938 2429; baseline -0.001 -15"><span class='ocrx_word' id='word_1_183' title='bbox 353 2375 448 2416; x_wconf 89' lang='lat' dir='ltr'><strong>nec</strong></span> <span class='ocrx_word' id='word_1_184' title='bbox 475 2359 602 2416; x_wconf 89' lang='lat' dir='ltr'><strong>boni</strong></span> <span class='ocrx_word' id='word_1_185' title='bbox 633 2375 732 2416; x_wconf 87' lang='lat' dir='ltr'><strong>nec</strong></span> <span class='ocrx_word' id='word_1_186' title='bbox 753 2359 878 2413; x_wconf 83' lang='lat' dir='ltr'><strong>mali</strong></span> <span class='ocrx_word' id='word_1_187' title='bbox 904 2358 1032 2429; x_wconf 88' lang='lat' dir='ltr'><strong>quid</strong></span> <span class='ocrx_word' id='word_1_188' title='bbox 1056 2358 1267 2414; x_wconf 79' lang='lat' dir='ltr'><strong>fecisset</strong></span> <span class='ocrx_word' id='word_1_189' title='bbox 1285 2400 1300 2421; x_wconf 88' lang='lat'><strong>,</strong></span> <span class='ocrx_word' id='word_1_190' title='bbox 1330 2359 1507 2413; x_wconf 86' lang='lat' dir='ltr'><strong>statim</strong></span> <span class='ocrx_word' id='word_1_191' title='bbox 1536 2357 1828 2412; x_wconf 84' lang='lat' dir='ltr'><strong>honoratus</strong></span> <span class='ocrx_word' id='word_1_192' title='bbox 1854 2367 1938 2412; x_wconf 87' lang='lat' dir='ltr'><strong>est</strong></span> 
     </span>
    </p>
   </div>
   <div class='ocr_carea' id='block_1_25' title="bbox 352 2448 1936 2520">
    <p class='ocr_par' dir='ltr' id='par_1_25' title="bbox 352 2448 1936 2520">
     <span class='ocr_line' id='line_1_25' title="bbox 352 2448 1936 2520; baseline -0.001 -16"><span class='ocrx_word' id='word_1_193' title='bbox 352 2466 469 2506; x_wconf 85' lang='lat' dir='ltr'><strong>eum</strong></span> <span class='ocrx_word' id='word_1_194' title='bbox 498 2452 729 2520; x_wconf 83' lang='lat' dir='ltr'><strong>primum</strong></span> <span class='ocrx_word' id='word_1_195' title='bbox 763 2450 932 2505; x_wconf 88' lang='lat' dir='ltr'><strong>factus</strong></span> <span class='ocrx_word' id='word_1_196' title='bbox 956 2458 1059 2505; x_wconf 89' lang='lat' dir='ltr'><strong>est.</strong></span> <span class='ocrx_word' id='word_1_197' title='bbox 1089 2448 1369 2517; x_wconf 83' lang='lat' dir='ltr'><strong>Quomodo</strong></span> <span class='ocrx_word' id='word_1_198' title='bbox 1396 2449 1539 2504; x_wconf 89' lang='lat' dir='ltr'><strong>enim</strong></span> <span class='ocrx_word' id='word_1_199' title='bbox 1568 2448 1778 2503; x_wconf 81' lang='lat' dir='ltr'><strong>fecisset</strong></span> <span class='ocrx_word' id='word_1_200' title='bbox 1802 2489 1818 2514; x_wconf 93' lang='lat'><strong>,</strong></span> <span class='ocrx_word' id='word_1_201' title='bbox 1844 2448 1936 2517; x_wconf 89' lang='lat' dir='ltr'><strong>qui</strong></span> 
     </span>
    </p>
   </div>
   <div class='ocr_carea' id='block_1_26' title="bbox 352 2538 1932 2611">
    <p class='ocr_par' dir='ltr' id='par_1_26' title="bbox 352 2538 1932 2611">
     <span class='ocr_line' id='line_1_26' title="bbox 352 2538 1932 2611; baseline -0.003 -14"><span class='ocrx_word' id='word_1_202' title='bbox 352 2554 453 2597; x_wconf 87' lang='lat' dir='ltr'><strong>non</strong></span> <span class='ocrx_word' id='word_1_203' title='bbox 490 2540 642 2597; x_wconf 77' lang='lat' dir='ltr'><strong>erat?</strong></span> <span class='ocrx_word' id='word_1_204' title='bbox 683 2541 795 2596; x_wconf 84' lang='lat' dir='ltr'><strong>Nos</strong></span> <span class='ocrx_word' id='word_1_205' title='bbox 832 2552 1010 2595; x_wconf 81' lang='lat' dir='ltr'><strong>autem</strong></span> <span class='ocrx_word' id='word_1_206' title='bbox 1056 2541 1147 2611; x_wconf 87' lang='lat' dir='ltr'><strong>qui</strong></span> <span class='ocrx_word' id='word_1_207' title='bbox 1190 2538 1328 2595; x_wconf 84' lang='lat' dir='ltr'><strong>mala</strong></span> <span class='ocrx_word' id='word_1_208' title='bbox 1374 2539 1596 2594; x_wconf 87' lang='lat' dir='ltr'><strong>fecimus</strong></span> <span class='ocrx_word' id='word_1_209' title='bbox 1635 2542 1932 2603; x_wconf 86' lang='lat' dir='ltr'><strong>innumera,</strong></span> 
     </span>
    </p>
   </div>
   <div class='ocr_carea' id='block_1_27' title="bbox 349 2631 1934 2705">
    <p class='ocr_par' dir='ltr' id='par_1_27' title="bbox 349 2631 1934 2705">
     <span class='ocr_line' id='line_1_27' title="bbox 349 2631 1934 2705; baseline -0.003 -16"><span class='ocrx_word' id='word_1_210' title='bbox 349 2635 503 2704; x_wconf 74' lang='lat' dir='ltr'><strong>longe</strong></span> <span class='ocrx_word' id='word_1_211' title='bbox 540 2650 731 2689; x_wconf 87' lang='lat' dir='ltr'><strong>sumus</strong></span> <span class='ocrx_word' id='word_1_212' title='bbox 770 2633 1025 2705; x_wconf 77' lang='lat' dir='ltr'><strong>majorem</strong></span> <span class='ocrx_word' id='word_1_213' title='bbox 1069 2633 1326 2688; x_wconf 79' lang='lat' dir='ltr'><strong>honorem</strong></span> <span class='ocrx_word' id='word_1_214' title='bbox 1355 2633 1645 2702; x_wconf 86' lang='lat' dir='ltr'><strong>asscquuti.</strong></span> <span class='ocrx_word' id='word_1_215' title='bbox 1677 2631 1795 2686; x_wconf 86' lang='lat' dir='ltr'><strong>Non</strong></span> <span class='ocrx_word' id='word_1_216' title='bbox 1818 2648 1934 2685; x_wconf 83' lang='lat' dir='ltr'><strong>am—</strong></span> 
     </span>
    </p>
   </div>
   <div class='ocr_carea' id='block_1_28' title="bbox 348 2723 1934 2798">
    <p class='ocr_par' dir='ltr' id='par_1_28' title="bbox 348 2723 1934 2798">
     <span class='ocr_line' id='line_1_28' title="bbox 348 2723 1934 2798; baseline -0.003 -16"><span class='ocrx_word' id='word_1_217' title='bbox 348 2729 508 2796; x_wconf 75' lang='lat' dir='ltr'><strong>plius,</strong></span> <span class='ocrx_word' id='word_1_218' title='bbox 538 2728 743 2798; x_wconf 86' lang='lat' dir='ltr'><strong>inquit,</strong></span> <span class='ocrx_word' id='word_1_219' title='bbox 770 2728 883 2781; x_wconf 81' lang='lat' dir='ltr'><strong>dico</strong></span> <span class='ocrx_word' id='word_1_220' title='bbox 908 2740 995 2780; x_wconf 78' lang='lat' dir='ltr'><strong>vos</strong></span> <span class='ocrx_word' id='word_1_221' title='bbox 1020 2741 1186 2780; x_wconf 78' lang='lat' dir='ltr'><strong>servos</strong></span> <span class='ocrx_word' id='word_1_222' title='bbox 1214 2741 1233 2780; x_wconf 91' lang='lat'><strong><em>:</em></strong></span> <span class='ocrx_word' id='word_1_223' title='bbox 1259 2741 1347 2779; x_wconf 83' lang='lat' dir='ltr'><strong>vos</strong></span> <span class='ocrx_word' id='word_1_224' title='bbox 1365 2725 1498 2778; x_wconf 82' lang='lat' dir='ltr'><strong>enim</strong></span> <span class='ocrx_word' id='word_1_225' title='bbox 1522 2723 1676 2777; x_wconf 83' lang='lat' dir='ltr'><strong>amici</strong></span> <span class='ocrx_word' id='word_1_226' title='bbox 1695 2724 1793 2777; x_wconf 85' lang='lat' dir='ltr'><strong>mei</strong></span> <span class='ocrx_word' id='word_1_227' title='bbox 1815 2724 1934 2777; x_wconf 81' lang='lat' dir='ltr'><strong>estis</strong></span> 
     </span>
    </p>
   </div>
   <div class='ocr_carea' id='block_1_29' title="bbox 349 2814 1934 2890">
    <p class='ocr_par' dir='ltr' id='par_1_29' title="bbox 349 2814 1934 2890">
     <span class='ocr_line' id='line_1_29' title="bbox 349 2814 1934 2890; baseline -0.001 -18"><span class='ocrx_word' id='word_1_228' title='bbox 349 2817 522 2890; x_wconf 76' lang='lat' dir='ltr'><strong>(loca.</strong></span> <span class='ocrx_word' id='word_1_229' title='bbox 547 2819 639 2873; x_wconf 79' lang='grc'><strong>15.</strong></span> <span class='ocrx_word' id='word_1_230' title='bbox 673 2819 761 2874; x_wconf 82' lang='grc'><strong>15.</strong></span> <span class='ocrx_word' id='word_1_231' title='bbox 792 2817 908 2889; x_wconf 64' lang='lat' dir='ltr'><strong>is).</strong></span> <span class='ocrx_word' id='word_1_232' title='bbox 950 2817 1065 2872; x_wconf 80' lang='lat' dir='ltr'><strong>Non</strong></span> <span class='ocrx_word' id='word_1_233' title='bbox 1093 2816 1322 2886; x_wconf 86' lang='lat' dir='ltr'><strong>amplius</strong></span> <span class='ocrx_word' id='word_1_234' title='bbox 1345 2815 1511 2870; x_wconf 85' lang='lat' dir='ltr'><strong>nostri</strong></span> <span class='ocrx_word' id='word_1_235' title='bbox 1541 2828 1699 2869; x_wconf 80' lang='lat' dir='ltr'><strong>causa</strong></span> <span class='ocrx_word' id='word_1_236' title='bbox 1731 2814 1934 2884; x_wconf 84' lang='lat' dir='ltr'><strong>pudore</strong></span> 
     </span>
    </p>
   </div>
   <div class='ocr_carea' id='block_1_30' title="bbox 345 2908 1930 2982">
    <p class='ocr_par' dir='ltr' id='par_1_30' title="bbox 345 2908 1930 2982">
     <span class='ocr_line' id='line_1_30' title="bbox 345 2908 1930 2982; baseline -0.002 -16"><span class='ocrx_word' id='word_1_237' title='bbox 345 2912 726 2968; x_wconf 76' lang='lat' dir='ltr'><strong>sun‘tmduntur</strong></span> <span class='ocrx_word' id='word_1_238' title='bbox 749 2912 961 2982; x_wconf 90' lang='lat' dir='ltr'><strong>angeli,</strong></span> <span class='ocrx_word' id='word_1_239' title='bbox 999 2910 1094 2966; x_wconf 85' lang='lat' dir='ltr'><strong>sed</strong></span> <span class='ocrx_word' id='word_1_240' title='bbox 1128 2911 1292 2966; x_wconf 85' lang='lat' dir='ltr'><strong>etiam</strong></span> <span class='ocrx_word' id='word_1_241' title='bbox 1334 2916 1531 2963; x_wconf 75' lang='lat' dir='ltr'><strong>nostrte</strong></span> <span class='ocrx_word' id='word_1_242' title='bbox 1559 2908 1715 2963; x_wconf 83' lang='lat' dir='ltr'><strong>saluti</strong></span> <span class='ocrx_word' id='word_1_243' title='bbox 1744 2908 1930 2963; x_wconf 90' lang='lat' dir='ltr'><strong>deser-</strong></span> 
     </span>
    </p>
   </div>
   <div class='ocr_carea' id='block_1_31' title="bbox 346 2999 1933 3073">
    <p class='ocr_par' dir='ltr' id='par_1_31' title="bbox 346 2999 1933 3073">
     <span class='ocr_line' id='line_1_31' title="bbox 346 2999 1933 3073; baseline -0.001 -19"><span class='ocrx_word' id='word_1_244' title='bbox 346 3003 509 3057; x_wconf 88' lang='lat' dir='ltr'><strong>viunt.</strong></span> <span class='ocrx_word' id='word_1_245' title='bbox 539 3003 673 3058; x_wconf 79' lang='lat' dir='ltr'><strong>Nam</strong></span> <span class='ocrx_word' id='word_1_246' title='bbox 696 3012 750 3058; x_wconf 87' lang='lat' dir='ltr'><strong>et</strong></span> <span class='ocrx_word' id='word_1_247' title='bbox 776 3002 843 3056; x_wconf 88' lang='lat' dir='ltr'><strong>ad</strong></span> <span class='ocrx_word' id='word_1_248' title='bbox 868 3002 1168 3073; x_wconf 78' lang='lat' dir='ltr'><strong>Philippum</strong></span> <span class='ocrx_word' id='word_1_249' title='bbox 1190 3000 1332 3057; x_wconf 82' lang='lat' dir='ltr'><strong>venit</strong></span> <span class='ocrx_word' id='word_1_250' title='bbox 1372 3000 1610 3070; x_wconf 77' lang='lat' dir='ltr'><strong>angelus,</strong></span> <span class='ocrx_word' id='word_1_251' title='bbox 1630 3010 1686 3055; x_wconf 89' lang='lat' dir='ltr'><strong>et</strong></span> <span class='ocrx_word' id='word_1_252' title='bbox 1706 2999 1769 3054; x_wconf 81' lang='lat' dir='ltr'><strong>ad</strong></span> <span class='ocrx_word' id='word_1_253' title='bbox 1794 3001 1933 3053; x_wconf 87' lang='lat' dir='ltr'><strong>mul-</strong></span> 
     </span>
    </p>
   </div>
   <div class='ocr_carea' id='block_1_32' title="bbox 344 3093 1929 3167">
    <p class='ocr_par' dir='ltr' id='par_1_32' title="bbox 344 3093 1929 3167">
     <span class='ocr_line' id='line_1_32' title="bbox 344 3093 1929 3167; baseline -0.003 -15"><span class='ocrx_word' id='word_1_254' title='bbox 344 3106 424 3152; x_wconf 88' lang='lat' dir='ltr'><strong>tos</strong></span> <span class='ocrx_word' id='word_1_255' title='bbox 451 3095 588 3151; x_wconf 85' lang='lat' dir='ltr'><strong>alios</strong></span> <span class='ocrx_word' id='word_1_256' title='bbox 620 3095 757 3166; x_wconf 73' lang='lat' dir='ltr'><strong>(Act.</strong></span> <span class='ocrx_word' id='word_1_257' title='bbox 793 3094 847 3150; x_wconf 91' lang='lat'><strong>8.</strong></span> <span class='ocrx_word' id='word_1_258' title='bbox 873 3094 1000 3167; x_wconf 74' lang='lat'><strong>25).</strong></span> <span class='ocrx_word' id='word_1_259' title='bbox 1029 3103 1084 3151; x_wconf 88' lang='lat' dir='ltr'><strong>ct</strong></span> <span class='ocrx_word' id='word_1_260' title='bbox 1110 3093 1451 3164; x_wconf 78' lang='lat' dir='ltr'><strong>Evangeiium</strong></span> <span class='ocrx_word' id='word_1_261' title='bbox 1482 3093 1793 3148; x_wconf 81' lang='lat' dir='ltr'><strong>nuntiabant</strong></span> <span class='ocrx_word' id='word_1_262' title='bbox 1831 3093 1929 3148; x_wconf 64' lang='grc' dir='ltr'>Ιιοι</span> 
     </span>
    </p>
   </div>
   <div class='ocr_carea' id='block_1_33' title="bbox 341 3184 1928 3259">
    <p class='ocr_par' dir='ltr' id='par_1_33' title="bbox 341 3184 1928 3259">
     <span class='ocr_line' id='line_1_33' title="bbox 341 3184 1928 3259; baseline -0.001 -18"><span class='ocrx_word' id='word_1_263' title='bbox 341 3187 574 3242; x_wconf 83' lang='lat' dir='ltr'><strong>minibus</strong></span> <span class='ocrx_word' id='word_1_264' title='bbox 598 3185 749 3259; x_wconf 75' lang='lat' dir='ltr'><strong>(Lac.</strong></span> <span class='ocrx_word' id='word_1_265' title='bbox 771 3186 826 3240; x_wconf 73' lang='lat'><strong>2.</strong></span> <span class='ocrx_word' id='word_1_266' title='bbox 850 3185 966 3257; x_wconf 89' lang='grc'><strong>10).</strong></span> <span class='ocrx_word' id='word_1_267' title='bbox 992 3184 1109 3240; x_wconf 84' lang='lat' dir='ltr'><strong>Non</strong></span> <span class='ocrx_word' id='word_1_268' title='bbox 1129 3200 1183 3239; x_wconf 86' lang='lat' dir='ltr'><strong>tn</strong></span> <span class='ocrx_word' id='word_1_269' title='bbox 1206 3194 1345 3240; x_wconf 88' lang='lat' dir='ltr'><strong>terra</strong></span> <span class='ocrx_word' id='word_1_270' title='bbox 1367 3196 1545 3240; x_wconf 84' lang='lat' dir='ltr'><strong>autem</strong></span> <span class='ocrx_word' id='word_1_271' title='bbox 1569 3184 1812 3249; x_wconf 80' lang='lat' dir='ltr'><strong>heredes,</strong></span> <span class='ocrx_word' id='word_1_272' title='bbox 1835 3185 1928 3240; x_wconf 89' lang='lat' dir='ltr'><strong>sed</strong></span> 
     </span>
    </p>
   </div>
   <div class='ocr_carea' id='block_1_34' title="bbox 342 3273 1931 3344">
    <p class='ocr_par' dir='ltr' id='par_1_34' title="bbox 342 3273 1931 3344">
     <span class='ocr_line' id='line_1_34' title="bbox 342 3273 1931 3344; baseline -0.002 -12"><span class='ocrx_word' id='word_1_273' title='bbox 342 3278 606 3332; x_wconf 90' lang='lat' dir='ltr'><strong>bonorum</strong></span> <span class='ocrx_word' id='word_1_274' title='bbox 635 3276 926 3332; x_wconf 63' lang='lat' dir='ltr'><strong>caiestium</strong></span> <span class='ocrx_word' id='word_1_275' title='bbox 964 3288 1150 3331; x_wconf 90' lang='lat' dir='ltr'><strong>sumus</strong></span> <span class='ocrx_word' id='word_1_276' title='bbox 1171 3316 1188 3341; x_wconf 95' lang='lat'><strong>,</strong></span> <span class='ocrx_word' id='word_1_277' title='bbox 1218 3286 1273 3330; x_wconf 88' lang='lat' dir='ltr'><strong>et</strong></span> <span class='ocrx_word' id='word_1_278' title='bbox 1298 3273 1495 3330; x_wconf 83' lang='lat' dir='ltr'><strong>Christi</strong></span> <span class='ocrx_word' id='word_1_279' title='bbox 1525 3276 1809 3344; x_wconf 75' lang='lat' dir='ltr'><strong>participes</strong></span> <span class='ocrx_word' id='word_1_280' title='bbox 1829 3317 1845 3338; x_wconf 89' lang='lat'><strong>,</strong></span> <span class='ocrx_word' id='word_1_281' title='bbox 1875 3283 1931 3329; x_wconf 90' lang='lat' dir='ltr'><strong>et</strong></span> 
     </span>
    </p>
   </div>
   <div class='ocr_carea' id='block_1_35' title="bbox 341 3366 1924 3441">
    <p class='ocr_par' dir='ltr' id='par_1_35' title="bbox 341 3366 1924 3441">
     <span class='ocr_line' id='line_1_35' title="bbox 341 3366 1924 3441; baseline -0.001 -17"><span class='ocrx_word' id='word_1_282' title='bbox 341 3383 599 3424; x_wconf 84' lang='lat' dir='ltr'><strong>vocamur</strong></span> <span class='ocrx_word' id='word_1_283' title='bbox 617 3367 683 3424; x_wconf 87' lang='lat' dir='ltr'><strong>ad</strong></span> <span class='ocrx_word' id='word_1_284' title='bbox 706 3367 1138 3425; x_wconf 79' lang='lat' dir='ltr'><strong>contmunionem</strong></span> <span class='ocrx_word' id='word_1_285' title='bbox 1178 3367 1446 3438; x_wconf 82' lang='lat' dir='ltr'><strong>Unigeniti</strong></span> <span class='ocrx_word' id='word_1_286' title='bbox 1474 3368 1497 3441; x_wconf 91' lang='lat'>(</span> <span class='ocrx_word' id='word_1_287' title='bbox 1522 3369 1567 3422; x_wconf 89' lang='lat' dir='ltr'><strong>t.</strong></span> <span class='ocrx_word' id='word_1_288' title='bbox 1594 3367 1711 3424; x_wconf 85' lang='lat' dir='ltr'><strong>Car.</strong></span> <span class='ocrx_word' id='word_1_289' title='bbox 1744 3369 1795 3423; x_wconf 92' lang='grc'><strong>1.</strong></span> <span class='ocrx_word' id='word_1_290' title='bbox 1826 3366 1924 3440; x_wconf 88' lang='lat'><strong>9).</strong></span> 
     </span>
    </p>
   </div>
   <div class='ocr_carea' id='block_1_36' title="bbox 339 3460 1929 3534">
    <p class='ocr_par' dir='ltr' id='par_1_36' title="bbox 339 3460 1929 3534">
     <span class='ocr_line' id='line_1_36' title="bbox 339 3460 1929 3534; baseline -0.002 -17"><span class='ocrx_word' id='word_1_291' title='bbox 339 3461 467 3517; x_wconf 64' lang='lat' dir='ltr'><strong>Haec</strong></span> <span class='ocrx_word' id='word_1_292' title='bbox 487 3462 663 3516; x_wconf 83' lang='lat' dir='ltr'><strong>omnia</strong></span> <span class='ocrx_word' id='word_1_293' title='bbox 688 3476 786 3534; x_wconf 89' lang='lat' dir='ltr'><strong>per</strong></span> <span class='ocrx_word' id='word_1_294' title='bbox 808 3460 1035 3533; x_wconf 83' lang='lat' dir='ltr'><strong>gloriam</strong></span> <span class='ocrx_word' id='word_1_295' title='bbox 1057 3469 1111 3516; x_wconf 90' lang='lat' dir='ltr'><strong>et</strong></span> <span class='ocrx_word' id='word_1_296' title='bbox 1132 3460 1388 3516; x_wconf 88' lang='lat' dir='ltr'><strong>honorem</strong></span> <span class='ocrx_word' id='word_1_297' title='bbox 1416 3460 1699 3530; x_wconf 87' lang='lat' dir='ltr'><strong>signiﬁcat.</strong></span> <span class='ocrx_word' id='word_1_298' title='bbox 1730 3460 1929 3528; x_wconf 82' lang='lat' dir='ltr'><strong>Quatu-</strong></span> 
     </span>
    </p>
   </div>
   <div class='ocr_carea' id='block_1_37' title="bbox 337 3550 1927 3623">
    <p class='ocr_par' dir='ltr' id='par_1_37' title="bbox 337 3550 1927 3623">
     <span class='ocr_line' id='line_1_37' title="bbox 337 3550 1927 3623; baseline -0.002 -15"><span class='ocrx_word' id='word_1_299' title='bbox 337 3552 523 3608; x_wconf 80' lang='lat' dir='ltr'><strong>obrem</strong></span> <span class='ocrx_word' id='word_1_300' title='bbox 547 3553 677 3608; x_wconf 87' lang='lat' dir='ltr'><strong>dicit</strong></span> <span class='ocrx_word' id='word_1_301' title='bbox 702 3553 864 3608; x_wconf 87' lang='lat' dir='ltr'><strong>etiam</strong></span> <span class='ocrx_word' id='word_1_302' title='bbox 889 3550 1028 3606; x_wconf 88' lang='lat' dir='ltr'><strong>alius</strong></span> <span class='ocrx_word' id='word_1_303' title='bbox 1056 3551 1156 3623; x_wconf 77' lang='grc' dir='ltr'><strong>(α),</strong></span> <span class='ocrx_word' id='word_1_304' title='bbox 1182 3551 1361 3606; x_wconf 77' lang='lat' dir='ltr'><strong>Gloria</strong></span> <span class='ocrx_word' id='word_1_305' title='bbox 1384 3561 1431 3605; x_wconf 82' lang='lat' dir='ltr'><strong>et</strong></span> <span class='ocrx_word' id='word_1_306' title='bbox 1453 3552 1641 3605; x_wconf 72' lang='lat' dir='ltr'><strong>[tonare</strong></span> <span class='ocrx_word' id='word_1_307' title='bbox 1664 3551 1927 3605; x_wconf 83' lang='lat' dir='ltr'><strong>coronabis</strong></span> 
     </span>
    </p>
   </div>
   <div class='ocr_carea' id='block_1_38' title="bbox 337 3641 1926 3715">
    <p class='ocr_par' dir='ltr' id='par_1_38' title="bbox 337 3641 1926 3715">
     <span class='ocr_line' id='line_1_38' title="bbox 337 3641 1926 3715; baseline -0.001 -17"><span class='ocrx_word' id='word_1_308' title='bbox 337 3660 468 3710; x_wconf 69' lang='lat' dir='ltr'><strong>eam,</strong></span> <span class='ocrx_word' id='word_1_309' title='bbox 498 3644 798 3715; x_wconf 63' lang='lat' dir='ltr'><strong>praedicens</strong></span> <span class='ocrx_word' id='word_1_310' title='bbox 831 3642 977 3715; x_wconf 89' lang='lat' dir='ltr'><strong>quod</strong></span> <span class='ocrx_word' id='word_1_311' title='bbox 1018 3643 1249 3699; x_wconf 87' lang='lat' dir='ltr'><strong>futurum</strong></span> <span class='ocrx_word' id='word_1_312' title='bbox 1279 3652 1414 3699; x_wconf 88' lang='lat' dir='ltr'><strong>erat.</strong></span> <span class='ocrx_word' id='word_1_313' title='bbox 1445 3645 1499 3698; x_wconf 89' lang='lat'><strong>7.</strong></span> <span class='ocrx_word' id='word_1_314' title='bbox 1532 3642 1599 3696; x_wconf 85' lang='lat' dir='ltr'><strong>Et</strong></span> <span class='ocrx_word' id='word_1_315' title='bbox 1626 3641 1926 3697; x_wconf 76' lang='lat' dir='ltr'><strong>constituisti</strong></span> 
     </span>
    </p>
   </div>
   <div class='ocr_carea' id='block_1_39' title="bbox 338 3732 1925 3808">
    <p class='ocr_par' dir='ltr' id='par_1_39' title="bbox 338 3732 1925 3808">
     <span class='ocr_line' id='line_1_39' title="bbox 338 3732 1925 3808; baseline -0.003 -16"><span class='ocrx_word' id='word_1_316' title='bbox 338 3752 450 3791; x_wconf 77' lang='lat' dir='ltr'><strong>eam</strong></span> <span class='ocrx_word' id='word_1_317' title='bbox 474 3752 632 3808; x_wconf 71' lang='lat' dir='ltr'><strong>super</strong></span> <span class='ocrx_word' id='word_1_318' title='bbox 649 3752 806 3807; x_wconf 81' lang='lat' dir='ltr'><strong>opera</strong></span> <span class='ocrx_word' id='word_1_319' title='bbox 828 3750 1071 3791; x_wconf 72' lang='lat' dir='ltr'><strong>maneant</strong></span> <span class='ocrx_word' id='word_1_320' title='bbox 1099 3743 1321 3789; x_wconf 79' lang='lat' dir='ltr'><strong>tuarum.</strong></span> <span class='ocrx_word' id='word_1_321' title='bbox 1351 3733 1501 3789; x_wconf 74' lang='lat' dir='ltr'><strong>Alius</strong></span> <span class='ocrx_word' id='word_1_322' title='bbox 1529 3733 1624 3804; x_wconf 74' lang='grc' dir='ltr'><strong>(ὁ),</strong></span> <span class='ocrx_word' id='word_1_323' title='bbox 1659 3732 1848 3788; x_wconf 81' lang='lat' dir='ltr'><strong>Fecisti</strong></span> <span class='ocrx_word' id='word_1_324' title='bbox 1870 3742 1925 3787; x_wconf 82' lang='lat' dir='ltr'><strong>ut</strong></span> 
     </span>
    </p>
   </div>
   <div class='ocr_carea' id='block_1_40' title="bbox 338 3822 1926 3897">
    <p class='ocr_par' dir='ltr' id='par_1_40' title="bbox 338 3822 1926 3897">
     <span class='ocr_line' id='line_1_40' title="bbox 338 3822 1926 3897; baseline -0.002 -14"><span class='ocrx_word' id='word_1_325' title='bbox 338 3827 536 3883; x_wconf 67' lang='lat' dir='ltr'><strong>habere!</strong></span> <span class='ocrx_word' id='word_1_326' title='bbox 564 3835 859 3896; x_wconf 78' lang='lat' dir='ltr'><strong>potestatem</strong></span> <span class='ocrx_word' id='word_1_327' title='bbox 891 3841 1099 3897; x_wconf 77' lang='lat' dir='ltr'><strong>operum</strong></span> <span class='ocrx_word' id='word_1_328' title='bbox 1133 3840 1377 3879; x_wconf 69' lang='lat' dir='ltr'><strong>ouantium</strong></span> <span class='ocrx_word' id='word_1_329' title='bbox 1402 3833 1624 3878; x_wconf 75' lang='lat' dir='ltr'><strong>tuarum.</strong></span> <span class='ocrx_word' id='word_1_330' title='bbox 1652 3824 1709 3879; x_wconf 88' lang='lat'><strong>8.</strong></span> <span class='ocrx_word' id='word_1_331' title='bbox 1740 3822 1926 3880; x_wconf 83' lang='lat' dir='ltr'><strong>Omnia</strong></span> 
     </span>
    </p>
   </div>
   <div class='ocr_carea' id='block_1_41' title="bbox 336 3917 1925 3991">
    <p class='ocr_par' dir='ltr' id='par_1_41' title="bbox 336 3917 1925 3991">
     <span class='ocr_line' id='line_1_41' title="bbox 336 3917 1925 3991; baseline -0.004 -17"><span class='ocrx_word' id='word_1_332' title='bbox 336 3920 593 3991; x_wconf 68' lang='lat' dir='ltr'><strong>subjeeisti</strong></span> <span class='ocrx_word' id='word_1_333' title='bbox 612 3919 705 3973; x_wconf 78' lang='lat' dir='ltr'><strong>sub</strong></span> <span class='ocrx_word' id='word_1_334' title='bbox 719 3918 930 3991; x_wconf 71' lang='lat' dir='ltr'><strong>pedibus</strong></span> <span class='ocrx_word' id='word_1_335' title='bbox 949 3919 1092 3988; x_wconf 77' lang='lat' dir='ltr'><strong>ejus;</strong></span> <span class='ocrx_word' id='word_1_336' title='bbox 1118 3932 1233 3972; x_wconf 74' lang='lat' dir='ltr'><strong>oves</strong></span> <span class='ocrx_word' id='word_1_337' title='bbox 1256 3926 1303 3971; x_wconf 82' lang='lat' dir='ltr'><strong>et</strong></span> <span class='ocrx_word' id='word_1_338' title='bbox 1324 3917 1467 3971; x_wconf 76' lang='lat' dir='ltr'><strong>boves</strong></span> <span class='ocrx_word' id='word_1_339' title='bbox 1487 3917 1761 3978; x_wconf 77' lang='lat' dir='ltr'><strong>uniuersas,</strong></span> <span class='ocrx_word' id='word_1_340' title='bbox 1780 3917 1925 3970; x_wconf 83' lang='lat' dir='ltr'><strong>insu-</strong></span> 
     </span>
    </p>
   </div>
   <div class='ocr_carea' id='block_1_42' title="bbox 340 4006 1925 4084">
    <p class='ocr_par' dir='ltr' id='par_1_42' title="bbox 340 4006 1925 4084">
     <span class='ocr_line' id='line_1_42' title="bbox 340 4006 1925 4084; baseline -0.006 -15"><span class='ocrx_word' id='word_1_341' title='bbox 340 4030 431 4084; x_wconf 71' lang='lat' dir='ltr'><strong>per</strong></span> <span class='ocrx_word' id='word_1_342' title='bbox 468 4021 517 4068; x_wconf 83' lang='lat' dir='ltr'><strong>et</strong></span> <span class='ocrx_word' id='word_1_343' title='bbox 558 4028 740 4084; x_wconf 77' lang='lat' dir='ltr'><strong>pecora</strong></span> <span class='ocrx_word' id='word_1_344' title='bbox 776 4012 964 4082; x_wconf 77' lang='lat' dir='ltr'><strong>campi.</strong></span> <span class='ocrx_word' id='word_1_345' title='bbox 1008 4010 1159 4067; x_wconf 80' lang='lat' dir='ltr'><strong>Alius</strong></span> <span class='ocrx_word' id='word_1_346' title='bbox 1189 4007 1286 4080; x_wconf 84' lang='lat' dir='ltr'><strong>(c),</strong></span> <span class='ocrx_word' id='word_1_347' title='bbox 1314 4008 1566 4079; x_wconf 66' lang='lat' dir='ltr'><strong>Agnalia.</strong></span> <span class='ocrx_word' id='word_1_348' title='bbox 1588 4007 1642 4062; x_wconf 89' lang='lat'><strong>9.</strong></span> <span class='ocrx_word' id='word_1_349' title='bbox 1682 4006 1925 4062; x_wconf 79' lang='lat' dir='ltr'><strong>Volucres</strong></span> 
     </span>
    </p>
   </div>
   <div class='ocr_carea' id='block_1_43' title="bbox 336 4101 1921 4175">
    <p class='ocr_par' dir='ltr' id='par_1_43' title="bbox 336 4101 1921 4175">
     <span class='ocr_line' id='line_1_43' title="bbox 336 4101 1921 4175; baseline -0.004 -15"><span class='ocrx_word' id='word_1_350' title='bbox 336 4106 470 4170; x_wconf 72' lang='grc' dir='ltr'><strong>ωε.</strong></span> <span class='ocrx_word' id='word_1_351' title='bbox 498 4115 547 4159; x_wconf 83' lang='lat' dir='ltr'><strong>et</strong></span> <span class='ocrx_word' id='word_1_352' title='bbox 580 4105 742 4175; x_wconf 81' lang='lat' dir='ltr'><strong>pisces</strong></span> <span class='ocrx_word' id='word_1_353' title='bbox 774 4104 953 4169; x_wconf 69' lang='lat' dir='ltr'><strong>avaris,</strong></span> <span class='ocrx_word' id='word_1_354' title='bbox 991 4103 1079 4173; x_wconf 84' lang='lat' dir='ltr'><strong>qui</strong></span> <span class='ocrx_word' id='word_1_355' title='bbox 1122 4102 1471 4171; x_wconf 66' lang='lat' dir='ltr'><strong>perambulavit</strong></span> <span class='ocrx_word' id='word_1_356' title='bbox 1511 4101 1713 4155; x_wconf 79' lang='lat' dir='ltr'><strong>semitas</strong></span> <span class='ocrx_word' id='word_1_357' title='bbox 1746 4102 1921 4155; x_wconf 85' lang='lat' dir='ltr'><strong>maris.</strong></span> 
     </span>
    </p>
   </div>
   <div class='ocr_carea' id='block_1_44' title="bbox 338 4193 1922 4264">
    <p class='ocr_par' dir='ltr' id='par_1_44' title="bbox 338 4193 1922 4264">
     <span class='ocr_line' id='line_1_44' title="bbox 338 4193 1922 4264; baseline -0.003 -14"><span class='ocrx_word' id='word_1_358' title='bbox 338 4195 426 4251; x_wconf 89' lang='grc'><strong>10.</strong></span> <span class='ocrx_word' id='word_1_359' title='bbox 455 4194 950 4261; x_wconf 74' lang='lat' dir='ltr'><strong>Domine,Dominus</strong></span> <span class='ocrx_word' id='word_1_360' title='bbox 983 4205 1189 4260; x_wconf 71' lang='lat' dir='ltr'><strong>noster,</strong></span> <span class='ocrx_word' id='word_1_361' title='bbox 1220 4210 1376 4264; x_wconf 71' lang='grc' dir='ltr'><strong>ςυαηι</strong></span> <span class='ocrx_word' id='word_1_362' title='bbox 1413 4193 1710 4247; x_wconf 79' lang='lat' dir='ltr'><strong>admirabile</strong></span> <span class='ocrx_word' id='word_1_363' title='bbox 1731 4204 1801 4246; x_wconf 84' lang='lat' dir='ltr'><strong>est</strong></span> <span class='ocrx_word' id='word_1_364' title='bbox 1826 4209 1922 4246; x_wconf 83' lang='lat' dir='ltr'><strong>uo-</strong></span> 
     </span>
    </p>
   </div>
   <div class='ocr_carea' id='block_1_45' title="bbox 336 4284 1927 4355">
    <p class='ocr_par' dir='ltr' id='par_1_45' title="bbox 336 4284 1927 4355">
     <span class='ocr_line' id='line_1_45' title="bbox 336 4284 1927 4355; baseline -0.001 -14"><span class='ocrx_word' id='word_1_365' title='bbox 336 4304 450 4343; x_wconf 78' lang='lat' dir='ltr'><strong>men</strong></span> <span class='ocrx_word' id='word_1_366' title='bbox 487 4298 628 4342; x_wconf 72' lang='lat' dir='ltr'><strong>tuum</strong></span> <span class='ocrx_word' id='word_1_367' title='bbox 670 4288 724 4341; x_wconf 89' lang='lat' dir='ltr'><strong>in</strong></span> <span class='ocrx_word' id='word_1_368' title='bbox 753 4289 985 4342; x_wconf 72' lang='lat' dir='ltr'><strong>uniuersa</strong></span> <span class='ocrx_word' id='word_1_369' title='bbox 1022 4286 1194 4341; x_wconf 82' lang='lat' dir='ltr'><strong>terra!</strong></span> <span class='ocrx_word' id='word_1_370' title='bbox 1226 4285 1684 4355; x_wconf 81' lang='lat' dir='ltr'><strong>Quemadmodum</strong></span> <span class='ocrx_word' id='word_1_371' title='bbox 1710 4299 1830 4339; x_wconf 86' lang='lat' dir='ltr'><strong>cum</strong></span> <span class='ocrx_word' id='word_1_372' title='bbox 1858 4284 1927 4340; x_wconf 87' lang='lat' dir='ltr'><strong>de</strong></span> 
     </span>
    </p>
   </div>
   <div class='ocr_carea' id='block_1_46' title="bbox 335 4376 1924 4450">
    <p class='ocr_par' dir='ltr' id='par_1_46' title="bbox 335 4376 1924 4450">
     <span class='ocr_line' id='line_1_46' title="bbox 335 4376 1924 4450; baseline -0.004 -15"><span class='ocrx_word' id='word_1_373' title='bbox 335 4381 609 4435; x_wconf 83' lang='lat' dir='ltr'><strong>creatione</strong></span> <span class='ocrx_word' id='word_1_374' title='bbox 640 4380 892 4450; x_wconf 89' lang='lat' dir='ltr'><strong>loquitur,</strong></span> <span class='ocrx_word' id='word_1_375' title='bbox 918 4390 1028 4434; x_wconf 86' lang='lat' dir='ltr'><strong>non</strong></span> <span class='ocrx_word' id='word_1_376' title='bbox 1047 4378 1221 4434; x_wconf 87' lang='lat' dir='ltr'><strong>solum</strong></span> <span class='ocrx_word' id='word_1_377' title='bbox 1241 4391 1500 4447; x_wconf 70' lang='lat' dir='ltr'><strong>supernas</strong></span> <span class='ocrx_word' id='word_1_378' title='bbox 1526 4376 1735 4446; x_wconf 82' lang='lat' dir='ltr'><strong>attingit</strong></span> <span class='ocrx_word' id='word_1_379' title='bbox 1773 4384 1924 4447; x_wconf 90' lang='lat' dir='ltr'><strong>pote-</strong></span> 
     </span>
    </p>
   </div>
   <div class='ocr_carea' id='block_1_47' title="bbox 334 4465 1925 4536">
    <p class='ocr_par' dir='ltr' id='par_1_47' title="bbox 334 4465 1925 4536">
     <span class='ocr_line' id='line_1_47' title="bbox 334 4465 1925 4536; baseline -0.002 -13"><span class='ocrx_word' id='word_1_380' title='bbox 334 4478 521 4536; x_wconf 75' lang='lat' dir='ltr'><strong>states,</strong></span> <span class='ocrx_word' id='word_1_381' title='bbox 549 4468 642 4523; x_wconf 85' lang='lat' dir='ltr'><strong>sed</strong></span> <span class='ocrx_word' id='word_1_382' title='bbox 668 4471 829 4524; x_wconf 87' lang='lat' dir='ltr'><strong>etiam</strong></span> <span class='ocrx_word' id='word_1_383' title='bbox 847 4469 1146 4524; x_wconf 89' lang='lat' dir='ltr'><strong>orationem</strong></span> <span class='ocrx_word' id='word_1_384' title='bbox 1176 4467 1389 4523; x_wconf 83' lang='lat' dir='ltr'><strong>deducit</strong></span> <span class='ocrx_word' id='word_1_385' title='bbox 1418 4467 1484 4521; x_wconf 89' lang='lat' dir='ltr'><strong>ad</strong></span> <span class='ocrx_word' id='word_1_386' title='bbox 1509 4465 1779 4521; x_wconf 74' lang='lat' dir='ltr'><strong>sensibilis</strong></span> <span class='ocrx_word' id='word_1_387' title='bbox 1808 4482 1823 4520; x_wconf 90' lang='lat'><strong>:</strong></span> <span class='ocrx_word' id='word_1_388' title='bbox 1855 4466 1925 4520; x_wconf 84' lang='lat' dir='ltr'><strong>ita</strong></span> 
     </span>
    </p>
   </div>
   <div class='ocr_carea' id='block_1_48' title="bbox 336 4558 1924 4624">
    <p class='ocr_par' dir='ltr' id='par_1_48' title="bbox 336 4558 1924 4624">
     <span class='ocr_line' id='line_1_48' title="bbox 336 4558 1924 4624; baseline -0.003 -8"><span class='ocrx_word' id='word_1_389' title='bbox 336 4562 497 4616; x_wconf 82' lang='lat' dir='ltr'><strong>etiam</strong></span> <span class='ocrx_word' id='word_1_390' title='bbox 528 4575 654 4616; x_wconf 78' lang='lat' dir='ltr'><strong>curn</strong></span> <span class='ocrx_word' id='word_1_391' title='bbox 682 4561 837 4616; x_wconf 87' lang='lat' dir='ltr'><strong>docet</strong></span> <span class='ocrx_word' id='word_1_392' title='bbox 866 4559 933 4616; x_wconf 87' lang='lat' dir='ltr'><strong>de</strong></span> <span class='ocrx_word' id='word_1_393' title='bbox 960 4559 1165 4614; x_wconf 83' lang='lat' dir='ltr'><strong>honore</strong></span> <span class='ocrx_word' id='word_1_394' title='bbox 1199 4559 1505 4614; x_wconf 77' lang='lat' dir='ltr'><strong>hominibus</strong></span> <span class='ocrx_word' id='word_1_395' title='bbox 1537 4558 1764 4624; x_wconf 86' lang='lat' dir='ltr'><strong>collato,</strong></span> <span class='ocrx_word' id='word_1_396' title='bbox 1802 4574 1924 4614; x_wconf 91' lang='lat' dir='ltr'><strong>cum</strong></span> 
     </span>
    </p>
   </div>
   <div class='ocr_carea' id='block_1_49' title="bbox 340 4651 1926 4720">
    <p class='ocr_par' dir='ltr' id='par_1_49' title="bbox 340 4651 1926 4720">
     <span class='ocr_line' id='line_1_49' title="bbox 340 4651 1926 4720; baseline -0.001 -14"><span class='ocrx_word' id='word_1_397' title='bbox 340 4663 546 4709; x_wconf 83' lang='lat' dir='ltr'><strong>tantum</strong></span> <span class='ocrx_word' id='word_1_398' title='bbox 595 4651 985 4708; x_wconf 84' lang='lat' dir='ltr'><strong>subindicasset</strong></span> <span class='ocrx_word' id='word_1_399' title='bbox 1007 4651 1094 4707; x_wconf 80' lang='lat' dir='ltr'><strong>illa</strong></span> <span class='ocrx_word' id='word_1_400' title='bbox 1122 4664 1314 4707; x_wconf 83' lang='lat' dir='ltr'><strong>arcana</strong></span> <span class='ocrx_word' id='word_1_401' title='bbox 1356 4661 1411 4707; x_wconf 88' lang='lat' dir='ltr'><strong>et</strong></span> <span class='ocrx_word' id='word_1_402' title='bbox 1457 4651 1767 4720; x_wconf 80' lang='lat' dir='ltr'><strong>incorporea</strong></span> <span class='ocrx_word' id='word_1_403' title='bbox 1804 4665 1926 4720; x_wconf 66' lang='lat' dir='ltr'><strong>qua:</strong></span> 
     </span>
    </p>
   </div>
   <div class='ocr_carea' id='block_1_50' title="bbox 336 4743 1920 4814">
    <p class='ocr_par' dir='ltr' id='par_1_50' title="bbox 336 4743 1920 4814">
     <span class='ocr_line' id='line_1_50' title="bbox 336 4743 1920 4814; baseline -0.004 -12"><span class='ocrx_word' id='word_1_404' title='bbox 336 4746 701 4811; x_wconf 81' lang='lat' dir='ltr'><strong>cnumeravit,</strong></span> <span class='ocrx_word' id='word_1_405' title='bbox 734 4761 875 4801; x_wconf 89' lang='lat' dir='ltr'><strong>nunc</strong></span> <span class='ocrx_word' id='word_1_406' title='bbox 896 4745 1125 4814; x_wconf 85' lang='lat' dir='ltr'><strong>amplius</strong></span> <span class='ocrx_word' id='word_1_407' title='bbox 1145 4745 1456 4800; x_wconf 88' lang='lat' dir='ltr'><strong>immoratur</strong></span> <span class='ocrx_word' id='word_1_408' title='bbox 1485 4746 1537 4798; x_wconf 93' lang='lat' dir='ltr'><strong>in</strong></span> <span class='ocrx_word' id='word_1_409' title='bbox 1561 4743 1920 4809; x_wconf 83' lang='lat' dir='ltr'><strong>settsibilibus,</strong></span> 
     </span>
    </p>
   </div>
   <div class='ocr_carea' id='block_1_51' title="bbox 337 4836 1923 4907">
    <p class='ocr_par' dir='ltr' id='par_1_51' title="bbox 337 4836 1923 4907">
     <span class='ocr_line' id='line_1_51' title="bbox 337 4836 1923 4907; baseline -0.002 -13"><span class='ocrx_word' id='word_1_410' title='bbox 337 4852 456 4907; x_wconf 77' lang='lat' dir='ltr'><strong>qua:</strong></span> <span class='ocrx_word' id='word_1_411' title='bbox 479 4836 787 4893; x_wconf 86' lang='lat' dir='ltr'><strong>rudioribus</strong></span> <span class='ocrx_word' id='word_1_412' title='bbox 805 4836 1033 4892; x_wconf 81' lang='lat' dir='ltr'><strong>clariora</strong></span> <span class='ocrx_word' id='word_1_413' title='bbox 1052 4843 1201 4893; x_wconf 88' lang='lat' dir='ltr'><strong>sunt.</strong></span> <span class='ocrx_word' id='word_1_414' title='bbox 1216 4836 1470 4905; x_wconf 73' lang='lat' dir='ltr'><strong>Qumnam</strong></span> <span class='ocrx_word' id='word_1_415' title='bbox 1491 4844 1666 4892; x_wconf 86' lang='lat' dir='ltr'><strong>autem</strong></span> <span class='ocrx_word' id='word_1_416' title='bbox 1682 4850 1746 4891; x_wconf 87' lang='lat' dir='ltr'><strong>ea</strong></span> <span class='ocrx_word' id='word_1_417' title='bbox 1761 4837 1923 4891; x_wconf 73' lang='lat' dir='ltr'><strong>sunt?</strong></span> 
     </span>
    </p>
   </div>
   <div class='ocr_carea' id='block_1_52' title="bbox 339 4929 1278 5001">
    <p class='ocr_par' dir='ltr' id='par_1_52' title="bbox 339 4929 1278 5001">
     <span class='ocr_line' id='line_1_52' title="bbox 339 4929 1278 5001; baseline -0.003 -16"><span class='ocrx_word' id='word_1_418' title='bbox 339 4930 633 4985; x_wconf 72' lang='lat' dir='ltr'><strong>Terrenum</strong></span> <span class='ocrx_word' id='word_1_419' title='bbox 663 4930 740 4985; x_wconf 88' lang='lat' dir='ltr'><strong>illi</strong></span> <span class='ocrx_word' id='word_1_420' title='bbox 766 4929 949 4985; x_wconf 84' lang='lat' dir='ltr'><strong>datum</strong></span> <span class='ocrx_word' id='word_1_421' title='bbox 975 4929 1278 5001; x_wconf 87' lang='lat' dir='ltr'><strong>imperium.</strong></span> 
     </span>
    </p>
   </div>
   <div class='ocr_carea' id='block_1_53' title="bbox 410 5020 1924 5094">
    <p class='ocr_par' dir='ltr' id='par_1_53' title="bbox 410 5020 1924 5094">
     <span class='ocr_line' id='line_1_53' title="bbox 410 5020 1924 5094; baseline 0.001 -18"><span class='ocrx_word' id='word_1_422' title='bbox 410 5022 534 5078; x_wconf 81' lang='lat' dir='ltr'><strong>Post</strong></span> <span class='ocrx_word' id='word_1_423' title='bbox 557 5032 823 5094; x_wconf 73' lang='lat' dir='ltr'><strong>peccatum</strong></span> <span class='ocrx_word' id='word_1_424' title='bbox 859 5020 999 5077; x_wconf 80' lang='lat' dir='ltr'><strong>Deus</strong></span> <span class='ocrx_word' id='word_1_425' title='bbox 1037 5023 1212 5077; x_wconf 74' lang='lat' dir='ltr'><strong>datum</strong></span> <span class='ocrx_word' id='word_1_426' title='bbox 1244 5023 1435 5078; x_wconf 77' lang='lat' dir='ltr'><strong>homini</strong></span> <span class='ocrx_word' id='word_1_427' title='bbox 1467 5023 1731 5094; x_wconf 76' lang='lat' dir='ltr'><strong>imperiam</strong></span> <span class='ocrx_word' id='word_1_428' title='bbox 1751 5023 1924 5077; x_wconf 80' lang='lat' dir='ltr'><strong>immi-</strong></span> 
     </span>
    </p>
   </div>
   <div class='ocr_carea' id='block_1_54' title="bbox 340 5113 1922 5185">
    <p class='ocr_par' dir='ltr' id='par_1_54' title="bbox 340 5113 1922 5185">
     <span class='ocr_line' id='line_1_54' title="bbox 340 5113 1922 5185; baseline 0.001 -20"><span class='ocrx_word' id='word_1_429' title='bbox 340 5114 463 5179; x_wconf 70' lang='lat' dir='ltr'><strong>nuit,</strong></span> <span class='ocrx_word' id='word_1_430' title='bbox 486 5131 587 5170; x_wconf 77' lang='lat' dir='ltr'><strong>non</strong></span> <span class='ocrx_word' id='word_1_431' title='bbox 612 5114 869 5185; x_wconf 75' lang='lat' dir='ltr'><strong>abrogat;</strong></span> <span class='ocrx_word' id='word_1_432' title='bbox 893 5129 986 5167; x_wconf 77' lang='lat' dir='ltr'><strong>cur</strong></span> <span class='ocrx_word' id='word_1_433' title='bbox 1009 5113 1225 5167; x_wconf 73' lang='lat' dir='ltr'><strong>hominis</strong></span> <span class='ocrx_word' id='word_1_434' title='bbox 1246 5114 1589 5184; x_wconf 68' lang='lat' dir='ltr'><strong>imperiumin</strong></span> <span class='ocrx_word' id='word_1_435' title='bbox 1616 5113 1798 5168; x_wconf 78' lang='lat' dir='ltr'><strong>bestias</strong></span> <span class='ocrx_word' id='word_1_436' title='bbox 1821 5115 1922 5167; x_wconf 86' lang='lat' dir='ltr'><strong>im-</strong></span> 
     </span>
    </p>
   </div>
   <div class='ocr_carea' id='block_1_55' title="bbox 342 5204 1923 5277">
    <p class='ocr_par' dir='ltr' id='par_1_55' title="bbox 342 5204 1923 5277">
     <span class='ocr_line' id='line_1_55' title="bbox 342 5204 1923 5277; baseline 0.002 -18"><span class='ocrx_word' id='word_1_437' title='bbox 342 5206 583 5261; x_wconf 69' lang='lat' dir='ltr'><strong>minutum</strong></span> <span class='ocrx_word' id='word_1_438' title='bbox 612 5208 700 5262; x_wconf 85' lang='lat' dir='ltr'><strong>sit.</strong></span> <span class='ocrx_word' id='word_1_439' title='bbox 723 5204 971 5272; x_wconf 87' lang='lat' dir='ltr'><strong>—Qnod</strong></span> <span class='ocrx_word' id='word_1_440' title='bbox 1011 5213 1187 5261; x_wconf 88' lang='lat' dir='ltr'><strong>autem</strong></span> <span class='ocrx_word' id='word_1_441' title='bbox 1227 5216 1313 5260; x_wconf 84' lang='lat' dir='ltr'><strong>est</strong></span> <span class='ocrx_word' id='word_1_442' title='bbox 1347 5205 1678 5271; x_wconf 82' lang='lat' dir='ltr'><strong>admirabile,</strong></span> <span class='ocrx_word' id='word_1_443' title='bbox 1706 5216 1764 5260; x_wconf 89' lang='lat' dir='ltr'><strong>et</strong></span> <span class='ocrx_word' id='word_1_444' title='bbox 1782 5208 1923 5277; x_wconf 88' lang='lat' dir='ltr'><strong>quod</strong></span> 
     </span>
    </p>
   </div>
   <div class='ocr_carea' id='block_1_56' title="bbox 335 5296 1927 5368">
    <p class='ocr_par' dir='ltr' id='par_1_56' title="bbox 335 5296 1927 5368">
     <span class='ocr_line' id='line_1_56' title="bbox 335 5296 1927 5368; baseline 0 -15"><span class='ocrx_word' id='word_1_445' title='bbox 335 5300 559 5357; x_wconf 79' lang='lat' dir='ltr'><strong>maxime</strong></span> <span class='ocrx_word' id='word_1_446' title='bbox 580 5296 970 5360; x_wconf 80' lang='lat' dir='ltr'><strong>subiudieavit,</strong></span> <span class='ocrx_word' id='word_1_447' title='bbox 999 5312 1119 5350; x_wconf 88' lang='lat' dir='ltr'><strong>eum</strong></span> <span class='ocrx_word' id='word_1_448' title='bbox 1147 5296 1461 5351; x_wconf 84' lang='lat' dir='ltr'><strong>honoratum</strong></span> <span class='ocrx_word' id='word_1_449' title='bbox 1485 5305 1608 5352; x_wconf 83' lang='lat' dir='ltr'><strong>ante</strong></span> <span class='ocrx_word' id='word_1_450' title='bbox 1627 5305 1927 5368; x_wconf 83' lang='lat' dir='ltr'><strong>transgres-</strong></span> 
     </span>
    </p>
   </div>
   <div class='ocr_carea' id='block_1_57' title="bbox 326 5387 1919 5460">
    <p class='ocr_par' dir='ltr' id='par_1_57' title="bbox 326 5387 1919 5460">
     <span class='ocr_line' id='line_1_57' title="bbox 326 5387 1919 5460; baseline -0.003 -12"><span class='ocrx_word' id='word_1_451' title='bbox 326 5393 550 5457; x_wconf 76' lang='lat' dir='ltr'><strong>sionem,</strong></span> <span class='ocrx_word' id='word_1_452' title='bbox 586 5406 659 5447; x_wconf 89' lang='lat' dir='ltr'><strong>ne</strong></span> <span class='ocrx_word' id='word_1_453' title='bbox 699 5396 829 5459; x_wconf 89' lang='lat' dir='ltr'><strong>post</strong></span> <span class='ocrx_word' id='word_1_454' title='bbox 873 5396 1144 5458; x_wconf 83' lang='lat' dir='ltr'><strong>peccatum</strong></span> <span class='ocrx_word' id='word_1_455' title='bbox 1184 5387 1396 5460; x_wconf 84' lang='lat' dir='ltr'><strong>quidem</strong></span> <span class='ocrx_word' id='word_1_456' title='bbox 1436 5389 1660 5459; x_wconf 83' lang='lat' dir='ltr'><strong>privavit</strong></span> <span class='ocrx_word' id='word_1_457' title='bbox 1698 5388 1919 5446; x_wconf 87' lang='lat' dir='ltr'><strong>honore.</strong></span> 
     </span>
    </p>
   </div>
   <div class='ocr_carea' id='block_1_58' title="bbox 373 5545 787 5673">
    <p class='ocr_par' dir='ltr' id='par_1_58' title="bbox 373 5545 787 5673">
     <span class='ocr_line' id='line_1_58' title="bbox 373 5545 787 5673; baseline -0.024 -13"><span class='ocrx_word' id='word_1_458' title='bbox 479 5545 787 5673; x_wconf 47' lang='lat' dir='ltr'><strong>mﬁotio.</strong></span> 
     </span>
    </p>
   </div>
   <div class='ocr_carea' id='block_1_59' title="bbox 370 5669 834 5739">
    <p class='ocr_par' dir='ltr' id='par_1_59' title="bbox 370 5669 834 5739">
     <span class='ocr_line' id='line_1_59' title="bbox 370 5669 834 5739; baseline -0.017 -17"><span class='ocrx_word' id='word_1_459' title='bbox 370 5669 445 5739; x_wconf 74' lang='grc' dir='ltr'><strong>(ε)</strong></span> <span class='ocrx_word' id='word_1_460' title='bbox 483 5669 834 5739; x_wconf 56' lang='lat' dir='ltr'><strong>Symmachus.</strong></span> 
     </span>
    </p>
   </div>
   <div class='ocr_carea' id='block_1_60' title="bbox 1496 218 2493 281">
    <p class='ocr_par' dir='ltr' id='par_1_60' title="bbox 1496 218 2493 281">
     <span class='ocr_line' id='line_1_60' title="bbox 1496 218 2493 281; baseline -0.004 0"><span class='ocrx_word' id='word_1_461' title='bbox 1496 220 1851 281; x_wconf 74' lang='lat' dir='ltr'><strong>EXPOSITIO</strong></span> <span class='ocrx_word' id='word_1_462' title='bbox 1888 218 1955 277; x_wconf 83' lang='lat' dir='ltr'><strong>IN</strong></span> <span class='ocrx_word' id='word_1_463' title='bbox 1994 219 2314 277; x_wconf 74' lang='lat' dir='ltr'><strong>PSALMUM</strong></span> <span class='ocrx_word' id='word_1_464' title='bbox 2359 221 2493 277; x_wconf 82' lang='lat' dir='ltr'>VIII.</span> 
     </span>
    </p>
   </div>
   <div class='ocr_carea' id='block_1_61' title="bbox 3540 231 3642 289">
    <p class='ocr_par' dir='ltr' id='par_1_61' title="bbox 3540 231 3642 289">
     <span class='ocr_line' id='line_1_61' title="bbox 3540 231 3642 289; baseline 0.029 -4"><span class='ocrx_word' id='word_1_465' title='bbox 3540 231 3642 289; x_wconf 70' lang='grc'><strong>118</strong></span> 
     </span>
    </p>
   </div>
   <div class='ocr_carea' id='block_1_62' title="bbox 2058 333 3641 420">
    <p class='ocr_par' dir='ltr' id='par_1_62' title="bbox 2058 333 3641 420">
     <span class='ocr_line' id='line_1_62' title="bbox 2058 333 3641 420; baseline 0.012 -32"><span class='ocrx_word' id='word_1_466' title='bbox 2058 333 2290 390; x_wconf 72' lang='lat' dir='ltr'><strong>Hinuisti</strong></span> <span class='ocrx_word' id='word_1_467' title='bbox 2315 337 2481 403; x_wconf 87' lang='lat' dir='ltr'><strong>enim.</strong></span> <span class='ocrx_word' id='word_1_468' title='bbox 2509 339 2698 410; x_wconf 84' lang='lat' dir='ltr'><strong>inquit,</strong></span> <span class='ocrx_word' id='word_1_469' title='bbox 2724 357 2839 401; x_wconf 69' lang='lat' dir='ltr'><strong>eum</strong></span> <span class='ocrx_word' id='word_1_470' title='bbox 2864 345 3021 411; x_wconf 70' lang='lat' dir='ltr'><strong>paulo</strong></span> <span class='ocrx_word' id='word_1_471' title='bbox 3039 346 3205 403; x_wconf 63' lang='lat' dir='ltr'><strong>mium</strong></span> <span class='ocrx_word' id='word_1_472' title='bbox 3221 347 3286 402; x_wconf 68' lang='lat' dir='ltr'><strong>ab</strong></span> <span class='ocrx_word' id='word_1_473' title='bbox 3309 349 3519 420; x_wconf 68' lang='lat' dir='ltr'><strong>angelis.</strong></span> <span class='ocrx_word' id='word_1_474' title='bbox 3537 349 3641 406; x_wconf 78' lang='lat' dir='ltr'><strong>hoc</strong></span> 
     </span>
    </p>
   </div>
   <div class='ocr_carea' id='block_1_63' title="bbox 2055 433 3637 507">
    <p class='ocr_par' dir='ltr' id='par_1_63' title="bbox 2055 433 3637 507">
     <span class='ocr_line' id='line_1_63' title="bbox 2055 433 3637 507; baseline 0.008 -24"><span class='ocrx_word' id='word_1_475' title='bbox 2055 437 2157 496; x_wconf 89' lang='lat' dir='ltr'><strong>est,</strong></span> <span class='ocrx_word' id='word_1_476' title='bbox 2187 441 2360 487; x_wconf 88' lang='lat' dir='ltr'><strong>morte</strong></span> <span class='ocrx_word' id='word_1_477' title='bbox 2398 433 2767 491; x_wconf 80' lang='lat' dir='ltr'><strong>condemnasti</strong></span> <span class='ocrx_word' id='word_1_478' title='bbox 2813 450 2934 493; x_wconf 84' lang='lat' dir='ltr'><strong>cum</strong></span> <span class='ocrx_word' id='word_1_479' title='bbox 2979 450 3278 507; x_wconf 79' lang='lat' dir='ltr'><strong>peccasset;</strong></span> <span class='ocrx_word' id='word_1_480' title='bbox 3320 455 3427 499; x_wconf 77' lang='lat' dir='ltr'><strong>non</strong></span> <span class='ocrx_word' id='word_1_481' title='bbox 3460 450 3637 499; x_wconf 67' lang='lat' dir='ltr'><strong>nmen</strong></span> 
     </span>
    </p>
   </div>
   <div class='ocr_carea' id='block_1_64' title="bbox 2056 527 3636 602">
    <p class='ocr_par' dir='ltr' id='par_1_64' title="bbox 2056 527 3636 602">
     <span class='ocr_line' id='line_1_64' title="bbox 2056 527 3636 602; baseline 0.004 -24"><span class='ocrx_word' id='word_1_482' title='bbox 2056 530 2331 592; x_wconf 80' lang='lat' dir='ltr'><strong>postquam</strong></span> <span class='ocrx_word' id='word_1_483' title='bbox 2368 540 2489 580; x_wconf 90' lang='lat' dir='ltr'><strong>cum</strong></span> <span class='ocrx_word' id='word_1_484' title='bbox 2534 535 2710 583; x_wconf 84' lang='lat' dir='ltr'><strong>morte</strong></span> <span class='ocrx_word' id='word_1_485' title='bbox 2754 527 3154 593; x_wconf 67' lang='lat' dir='ltr'><strong>condemnati,</strong></span> <span class='ocrx_word' id='word_1_486' title='bbox 3195 529 3339 587; x_wconf 87' lang='lat' dir='ltr'><strong>dono</strong></span> <span class='ocrx_word' id='word_1_487' title='bbox 3362 546 3482 591; x_wconf 80' lang='lat' dir='ltr'><strong>eutn</strong></span> <span class='ocrx_word' id='word_1_488' title='bbox 3508 547 3636 602; x_wconf 64' lang='lat' dir='ltr'><strong>Spe-</strong></span> 
     </span>
    </p>
   </div>
   <div class='ocr_carea' id='block_1_65' title="bbox 2055 615 3635 692">
    <p class='ocr_par' dir='ltr' id='par_1_65' title="bbox 2055 615 3635 692">
     <span class='ocr_line' id='line_1_65' title="bbox 2055 615 3635 692; baseline 0.005 -22"><span class='ocrx_word' id='word_1_489' title='bbox 2055 615 2193 671; x_wconf 87' lang='lat' dir='ltr'><strong>liain</strong></span> <span class='ocrx_word' id='word_1_490' title='bbox 2229 635 2242 672; x_wconf 94' lang='lat'>:</span> <span class='ocrx_word' id='word_1_491' title='bbox 2270 628 2325 673; x_wconf 89' lang='lat' dir='ltr'><strong>et</strong></span> <span class='ocrx_word' id='word_1_492' title='bbox 2352 629 2631 687; x_wconf 84' lang='lat' dir='ltr'><strong>propterea</strong></span> <span class='ocrx_word' id='word_1_493' title='bbox 2656 630 2935 691; x_wconf 85' lang='lat' dir='ltr'><strong>postquam</strong></span> <span class='ocrx_word' id='word_1_494' title='bbox 2966 622 3095 676; x_wconf 88' lang='lat' dir='ltr'><strong>illud</strong></span> <span class='ocrx_word' id='word_1_495' title='bbox 3123 622 3279 686; x_wconf 73' lang='lat' dir='ltr'><strong>dixit,</strong></span> <span class='ocrx_word' id='word_1_496' title='bbox 3315 624 3416 680; x_wconf 90' lang='lat' dir='ltr'><strong>hoc</strong></span> <span class='ocrx_word' id='word_1_497' title='bbox 3449 626 3594 692; x_wconf 83' lang='lat' dir='ltr'><strong>ponit</strong></span> <span class='ocrx_word' id='word_1_498' title='bbox 3618 666 3635 689; x_wconf 85' lang='lat'><strong><em>.</em></strong></span> 
     </span>
    </p>
   </div>
   <div class='ocr_carea' id='block_1_66' title="bbox 2053 709 3635 793">
    <p class='ocr_par' dir='ltr' id='par_1_66' title="bbox 2053 709 3635 793">
     <span class='ocr_line' id='line_1_66' title="bbox 2053 709 3635 793; baseline 0.006 -31"><span class='ocrx_word' id='word_1_499' title='bbox 2053 709 2341 793; x_wconf 66' lang='lat' dir='ltr'><strong>ostepdens</strong></span> <span class='ocrx_word' id='word_1_500' title='bbox 2383 711 2794 767; x_wconf 77' lang='lat' dir='ltr'><strong>inenarrabilem</strong></span> <span class='ocrx_word' id='word_1_501' title='bbox 2844 712 2939 767; x_wconf 85' lang='lat' dir='ltr'><strong>Dei</strong></span> <span class='ocrx_word' id='word_1_502' title='bbox 2981 713 3339 780; x_wconf 73' lang='lat' dir='ltr'><strong>clementiam,</strong></span> <span class='ocrx_word' id='word_1_503' title='bbox 3368 717 3508 785; x_wconf 88' lang='lat' dir='ltr'><strong>quod</strong></span> <span class='ocrx_word' id='word_1_504' title='bbox 3553 717 3635 771; x_wconf 71' lang='lat' dir='ltr'><strong>vel</strong></span> 
     </span>
    </p>
   </div>
   <div class='ocr_carea' id='block_1_67' title="bbox 2053 801 3638 877">
    <p class='ocr_par' dir='ltr' id='par_1_67' title="bbox 2053 801 3638 877">
     <span class='ocr_line' id='line_1_67' title="bbox 2053 801 3638 877; baseline 0.005 -21"><span class='ocrx_word' id='word_1_505' title='bbox 2053 801 2371 858; x_wconf 87' lang='lat' dir='ltr'><strong>diminutum</strong></span> <span class='ocrx_word' id='word_1_506' title='bbox 2418 815 2632 874; x_wconf 88' lang='lat' dir='ltr'><strong>propter</strong></span> <span class='ocrx_word' id='word_1_507' title='bbox 2677 822 2826 863; x_wconf 81' lang='lat' dir='ltr'><strong>suam</strong></span> <span class='ocrx_word' id='word_1_508' title='bbox 2874 809 3345 877; x_wconf 63' lang='lat' dir='ltr'><strong>transgresdtmem</strong></span> <span class='ocrx_word' id='word_1_509' title='bbox 3394 810 3638 877; x_wconf 81' lang='lat' dir='ltr'><strong>permisit</strong></span> 
     </span>
    </p>
   </div>
   <div class='ocr_carea' id='block_1_68' title="bbox 2053 897 3636 970">
    <p class='ocr_par' dir='ltr' id='par_1_68' title="bbox 2053 897 3636 970">
     <span class='ocr_line' id='line_1_68' title="bbox 2053 897 3636 970; baseline 0.003 -19"><span class='ocrx_word' id='word_1_510' title='bbox 2053 910 2173 952; x_wconf 78' lang='lat' dir='ltr'><strong>esse</strong></span> <span class='ocrx_word' id='word_1_511' title='bbox 2210 898 2393 967; x_wconf 71' lang='lat' dir='ltr'><strong>gloria:</strong></span> <span class='ocrx_word' id='word_1_512' title='bbox 2418 897 2622 952; x_wconf 83' lang='lat' dir='ltr'><strong>honore</strong></span> <span class='ocrx_word' id='word_1_513' title='bbox 2652 908 2961 953; x_wconf 86' lang='lat' dir='ltr'><strong>coronatum</strong></span> <span class='ocrx_word' id='word_1_514' title='bbox 2981 938 2995 962; x_wconf 91' lang='lat'><strong>,</strong></span> <span class='ocrx_word' id='word_1_515' title='bbox 3027 915 3124 954; x_wconf 87' lang='lat' dir='ltr'><strong>nec</strong></span> <span class='ocrx_word' id='word_1_516' title='bbox 3149 900 3198 954; x_wconf 90' lang='lat' dir='ltr'><strong>ei</strong></span> <span class='ocrx_word' id='word_1_517' title='bbox 3227 900 3499 970; x_wconf 72' lang='lat' dir='ltr'><strong>abrogavit</strong></span> <span class='ocrx_word' id='word_1_518' title='bbox 3533 902 3636 957; x_wconf 79' lang='lat' dir='ltr'><strong>itu-</strong></span> 
     </span>
    </p>
   </div>
   <div class='ocr_carea' id='block_1_69' title="bbox 2056 989 3635 1059">
    <p class='ocr_par' dir='ltr' id='par_1_69' title="bbox 2056 989 3635 1059">
     <span class='ocr_line' id='line_1_69' title="bbox 2056 989 3635 1059; baseline 0.003 -18"><span class='ocrx_word' id='word_1_519' title='bbox 2056 989 2279 1057; x_wconf 90' lang='lat' dir='ltr'><strong>perium.</strong></span> <span class='ocrx_word' id='word_1_520' title='bbox 2307 989 2365 1043; x_wconf 88' lang='lat' dir='ltr'><strong>Si</strong></span> <span class='ocrx_word' id='word_1_521' title='bbox 2393 998 2569 1044; x_wconf 85' lang='lat' dir='ltr'><strong>autem</strong></span> <span class='ocrx_word' id='word_1_522' title='bbox 2595 1006 2774 1058; x_wconf 84' lang='lat' dir='ltr'><strong>parum</strong></span> <span class='ocrx_word' id='word_1_523' title='bbox 2801 990 2924 1059; x_wconf 86' lang='lat' dir='ltr'><strong>quid</strong></span> <span class='ocrx_word' id='word_1_524' title='bbox 2955 990 3211 1057; x_wconf 78' lang='lat' dir='ltr'><strong>detraxit,</strong></span> <span class='ocrx_word' id='word_1_525' title='bbox 3242 991 3342 1047; x_wconf 87' lang='lat' dir='ltr'><strong>hoc</strong></span> <span class='ocrx_word' id='word_1_526' title='bbox 3365 1001 3446 1046; x_wconf 81' lang='lat' dir='ltr'><strong>est.</strong></span> <span class='ocrx_word' id='word_1_527' title='bbox 3474 993 3635 1048; x_wconf 75' lang='lat' dir='ltr'><strong>etiam</strong></span> 
     </span>
    </p>
   </div>
   <div class='ocr_carea' id='block_1_70' title="bbox 2052 1079 3637 1150">
    <p class='ocr_par' dir='ltr' id='par_1_70' title="bbox 2052 1079 3637 1150">
     <span class='ocr_line' id='line_1_70' title="bbox 2052 1079 3637 1150; baseline 0.005 -17"><span class='ocrx_word' id='word_1_528' title='bbox 2052 1079 2170 1149; x_wconf 88' lang='lat' dir='ltr'><strong>ejus</strong></span> <span class='ocrx_word' id='word_1_529' title='bbox 2195 1081 2558 1150; x_wconf 57' lang='lat' dir='ltr'><strong>providentiae.</strong></span> <span class='ocrx_word' id='word_1_530' title='bbox 2588 1082 2716 1135; x_wconf 81' lang='lat' dir='ltr'><strong>Nam</strong></span> <span class='ocrx_word' id='word_1_531' title='bbox 2741 1091 2864 1137; x_wconf 83' lang='lat' dir='ltr'><strong>ante</strong></span> <span class='ocrx_word' id='word_1_532' title='bbox 2889 1081 3299 1137; x_wconf 86' lang='lat' dir='ltr'><strong>iaohcdientiam</strong></span> <span class='ocrx_word' id='word_1_533' title='bbox 3325 1083 3608 1141; x_wconf 62' lang='lat' dir='ltr'><strong>dominam</strong></span> <span class='ocrx_word' id='word_1_534' title='bbox 3625 1114 3637 1125; x_wconf 79' lang='grc' dir='ltr'><strong><em>ο</em></strong></span> 
     </span>
    </p>
   </div>
   <div class='ocr_carea' id='block_1_71' title="bbox 2054 1174 3635 1247">
    <p class='ocr_par' dir='ltr' id='par_1_71' title="bbox 2054 1174 3635 1247">
     <span class='ocr_line' id='line_1_71' title="bbox 2054 1174 3635 1247; baseline 0.004 -21"><span class='ocrx_word' id='word_1_535' title='bbox 2054 1182 2138 1226; x_wconf 90' lang='lat' dir='ltr'><strong>tur</strong></span> <span class='ocrx_word' id='word_1_536' title='bbox 2168 1174 2535 1244; x_wconf 57' lang='grc' dir='ltr'><strong>ὺθειὶίςερυςι</strong></span> <span class='ocrx_word' id='word_1_537' title='bbox 2560 1175 2972 1230; x_wconf 80' lang='lat' dir='ltr'><strong>inobcdientiam</strong></span> <span class='ocrx_word' id='word_1_538' title='bbox 3012 1187 3191 1230; x_wconf 82' lang='lat' dir='ltr'><strong>autem</strong></span> <span class='ocrx_word' id='word_1_539' title='bbox 3235 1177 3305 1232; x_wconf 85' lang='lat' dir='ltr'><strong>de</strong></span> <span class='ocrx_word' id='word_1_540' title='bbox 3346 1177 3444 1232; x_wconf 81' lang='lat' dir='ltr'><strong>hac</strong></span> <span class='ocrx_word' id='word_1_541' title='bbox 3486 1187 3635 1247; x_wconf 72' lang='lat' dir='ltr'><strong>mte-</strong></span> 
     </span>
    </p>
   </div>
   <div class='ocr_carea' id='block_1_72' title="bbox 2051 1259 3634 1328">
    <p class='ocr_par' dir='ltr' id='par_1_72' title="bbox 2051 1259 3634 1328">
     <span class='ocr_line' id='line_1_72' title="bbox 2051 1259 3634 1328; baseline 0.003 -17"><span class='ocrx_word' id='word_1_542' title='bbox 2051 1268 2188 1312; x_wconf 87' lang='lat' dir='ltr'><strong>state</strong></span> <span class='ocrx_word' id='word_1_543' title='bbox 2234 1259 2560 1328; x_wconf 84' lang='lat' dir='ltr'><strong>aiiqnantunt</strong></span> <span class='ocrx_word' id='word_1_544' title='bbox 2610 1259 2900 1313; x_wconf 85' lang='lat' dir='ltr'><strong>detractum</strong></span> <span class='ocrx_word' id='word_1_545' title='bbox 2956 1269 3056 1314; x_wconf 88' lang='lat' dir='ltr'><strong>est.</strong></span> <span class='ocrx_word' id='word_1_546' title='bbox 3105 1260 3239 1317; x_wconf 81' lang='lat' dir='ltr'><strong>Nam</strong></span> <span class='ocrx_word' id='word_1_547' title='bbox 3287 1276 3431 1317; x_wconf 84' lang='lat' dir='ltr'><strong>nune</strong></span> <span class='ocrx_word' id='word_1_548' title='bbox 3473 1264 3634 1317; x_wconf 72' lang='lat' dir='ltr'><strong>etiam</strong></span> 
     </span>
    </p>
   </div>
   <div class='ocr_carea' id='block_1_73' title="bbox 2048 1349 3633 1420">
    <p class='ocr_par' dir='ltr' id='par_1_73' title="bbox 2048 1349 3633 1420">
     <span class='ocr_line' id='line_1_73' title="bbox 2048 1349 3633 1420; baseline 0.004 -17"><span class='ocrx_word' id='word_1_549' title='bbox 2048 1349 2352 1404; x_wconf 80' lang='lat' dir='ltr'><strong>dominatur</strong></span> <span class='ocrx_word' id='word_1_550' title='bbox 2394 1351 2473 1405; x_wconf 85' lang='lat' dir='ltr'><strong>eis</strong></span> <span class='ocrx_word' id='word_1_551' title='bbox 2509 1351 2770 1420; x_wconf 84' lang='lat' dir='ltr'><strong>aliquibus</strong></span> <span class='ocrx_word' id='word_1_552' title='bbox 2814 1350 3035 1418; x_wconf 84' lang='lat' dir='ltr'><strong>artibus,</strong></span> <span class='ocrx_word' id='word_1_553' title='bbox 3063 1351 3156 1407; x_wconf 87' lang='lat' dir='ltr'><strong>sed</strong></span> <span class='ocrx_word' id='word_1_554' title='bbox 3195 1367 3315 1407; x_wconf 89' lang='lat' dir='ltr'><strong>eum</strong></span> <span class='ocrx_word' id='word_1_555' title='bbox 3358 1354 3548 1409; x_wconf 83' lang='lat' dir='ltr'><strong>timore</strong></span> <span class='ocrx_word' id='word_1_556' title='bbox 3569 1369 3633 1409; x_wconf 82' lang='lat' dir='ltr'><strong>sc</strong></span> 
     </span>
    </p>
   </div>
   <div class='ocr_carea' id='block_1_74' title="bbox 2051 1440 3633 1512">
    <p class='ocr_par' dir='ltr' id='par_1_74' title="bbox 2051 1440 3633 1512">
     <span class='ocr_line' id='line_1_74' title="bbox 2051 1440 3633 1512; baseline 0.004 -19"><span class='ocrx_word' id='word_1_557' title='bbox 2051 1450 2302 1495; x_wconf 82' lang='lat' dir='ltr'><strong>tremore.</strong></span> <span class='ocrx_word' id='word_1_558' title='bbox 2348 1440 2527 1511; x_wconf 85' lang='lat' dir='ltr'><strong>Neque</strong></span> <span class='ocrx_word' id='word_1_559' title='bbox 2565 1442 2706 1497; x_wconf 90' lang='lat' dir='ltr'><strong>enim</strong></span> <span class='ocrx_word' id='word_1_560' title='bbox 2745 1452 2909 1498; x_wconf 91' lang='lat' dir='ltr'><strong>totum</strong></span> <span class='ocrx_word' id='word_1_561' title='bbox 2951 1443 3232 1512; x_wconf 80' lang='lat' dir='ltr'><strong>imperium</strong></span> <span class='ocrx_word' id='word_1_562' title='bbox 3257 1445 3502 1511; x_wconf 78' lang='lat' dir='ltr'><strong>sustu’it,</strong></span> <span class='ocrx_word' id='word_1_563' title='bbox 3531 1460 3633 1500; x_wconf 80' lang='lat' dir='ltr'><strong>nec</strong></span> 
     </span>
    </p>
   </div>
   <div class='ocr_carea' id='block_1_75' title="bbox 2050 1533 3629 1606">
    <p class='ocr_par' dir='ltr' id='par_1_75' title="bbox 2050 1533 3629 1606">
     <span class='ocr_line' id='line_1_75' title="bbox 2050 1533 3629 1606; baseline 0.003 -19"><span class='ocrx_word' id='word_1_564' title='bbox 2050 1542 2215 1587; x_wconf 80' lang='lat' dir='ltr'><strong>totum</strong></span> <span class='ocrx_word' id='word_1_565' title='bbox 2244 1533 2475 1603; x_wconf 86' lang='lat' dir='ltr'><strong>reliquit,</strong></span> <span class='ocrx_word' id='word_1_566' title='bbox 2502 1533 2595 1590; x_wconf 89' lang='lat' dir='ltr'><strong>sed</strong></span> <span class='ocrx_word' id='word_1_567' title='bbox 2623 1549 2977 1605; x_wconf 65' lang='lat' dir='ltr'><strong>quaecumque</strong></span> <span class='ocrx_word' id='word_1_568' title='bbox 3011 1546 3167 1589; x_wconf 84' lang='lat' dir='ltr'><strong>erant</strong></span> <span class='ocrx_word' id='word_1_569' title='bbox 3194 1536 3259 1590; x_wconf 80' lang='lat' dir='ltr'><strong>ei</strong></span> <span class='ocrx_word' id='word_1_570' title='bbox 3300 1535 3517 1606; x_wconf 78' lang='lat' dir='ltr'><strong>quidem</strong></span> <span class='ocrx_word' id='word_1_571' title='bbox 3560 1537 3629 1592; x_wconf 78' lang='lat' dir='ltr'><strong>ad</strong></span> 
     </span>
    </p>
   </div>
   <div class='ocr_carea' id='block_1_76' title="bbox 2045 1625 3634 1696">
    <p class='ocr_par' dir='ltr' id='par_1_76' title="bbox 2045 1625 3634 1696">
     <span class='ocr_line' id='line_1_76' title="bbox 2045 1625 3634 1696; baseline 0.004 -18"><span class='ocrx_word' id='word_1_572' title='bbox 2045 1625 2355 1680; x_wconf 85' lang='lat' dir='ltr'><strong>alimentum</strong></span> <span class='ocrx_word' id='word_1_573' title='bbox 2401 1637 2455 1681; x_wconf 91' lang='lat' dir='ltr'><strong>et</strong></span> <span class='ocrx_word' id='word_1_574' title='bbox 2496 1625 2563 1680; x_wconf 89' lang='lat' dir='ltr'><strong>ad</strong></span> <span class='ocrx_word' id='word_1_575' title='bbox 2617 1641 2751 1695; x_wconf 88' lang='lat' dir='ltr'><strong>opus</strong></span> <span class='ocrx_word' id='word_1_576' title='bbox 2793 1627 3147 1693; x_wconf 70' lang='lat' dir='ltr'><strong>necessariae,</strong></span> <span class='ocrx_word' id='word_1_577' title='bbox 3193 1627 3461 1696; x_wconf 71' lang='lat' dir='ltr'><strong>suhjrctas</strong></span> <span class='ocrx_word' id='word_1_578' title='bbox 3511 1642 3634 1684; x_wconf 80' lang='lat' dir='ltr'><strong>esse</strong></span> 
     </span>
    </p>
   </div>
   <div class='ocr_carea' id='block_1_77' title="bbox 2049 1718 3629 1789">
    <p class='ocr_par' dir='ltr' id='par_1_77' title="bbox 2049 1718 3629 1789">
     <span class='ocr_line' id='line_1_77' title="bbox 2049 1718 3629 1789; baseline 0 -15"><span class='ocrx_word' id='word_1_579' title='bbox 2049 1720 2287 1788; x_wconf 85' lang='lat' dir='ltr'><strong>permisit</strong></span> <span class='ocrx_word' id='word_1_580' title='bbox 2316 1737 2329 1771; x_wconf 90' lang='lat'><strong>:</strong></span> <span class='ocrx_word' id='word_1_581' title='bbox 2357 1736 2476 1789; x_wconf 74' lang='lat' dir='ltr'><strong>quae</strong></span> <span class='ocrx_word' id='word_1_582' title='bbox 2515 1728 2693 1774; x_wconf 84' lang='lat' dir='ltr'><strong>autem</strong></span> <span class='ocrx_word' id='word_1_583' title='bbox 2734 1728 2860 1774; x_wconf 88' lang='lat' dir='ltr'><strong>sunt</strong></span> <span class='ocrx_word' id='word_1_584' title='bbox 2897 1718 3248 1785; x_wconf 78' lang='lat' dir='ltr'><strong>etferstiores,</strong></span> <span class='ocrx_word' id='word_1_585' title='bbox 3278 1733 3381 1773; x_wconf 80' lang='lat' dir='ltr'><strong>non</strong></span> <span class='ocrx_word' id='word_1_586' title='bbox 3423 1719 3629 1785; x_wconf 84' lang='lat' dir='ltr'><strong>itidem,</strong></span> 
     </span>
    </p>
   </div>
   <div class='ocr_carea' id='block_1_78' title="bbox 2048 1810 3633 1881">
    <p class='ocr_par' dir='ltr' id='par_1_78' title="bbox 2048 1810 3633 1881">
     <span class='ocr_line' id='line_1_78' title="bbox 2048 1810 3633 1881; baseline -0.001 -13"><span class='ocrx_word' id='word_1_587' title='bbox 2048 1823 2104 1868; x_wconf 92' lang='lat' dir='ltr'><strong>ut</strong></span> <span class='ocrx_word' id='word_1_588' title='bbox 2149 1830 2212 1869; x_wconf 79' lang='lat' dir='ltr'><strong>ex</strong></span> <span class='ocrx_word' id='word_1_589' title='bbox 2253 1830 2347 1868; x_wconf 79' lang='lat' dir='ltr'><strong>sua</strong></span> <span class='ocrx_word' id='word_1_590' title='bbox 2384 1828 2507 1868; x_wconf 91' lang='lat' dir='ltr'><strong>cum</strong></span> <span class='ocrx_word' id='word_1_591' title='bbox 2549 1813 2651 1868; x_wconf 85' lang='lat' dir='ltr'><strong>illis</strong></span> <span class='ocrx_word' id='word_1_592' title='bbox 2683 1812 3026 1867; x_wconf 83' lang='lat' dir='ltr'><strong>contentione</strong></span> <span class='ocrx_word' id='word_1_593' title='bbox 3051 1812 3207 1881; x_wconf 87' lang='lat' dir='ltr'><strong>primi</strong></span> <span class='ocrx_word' id='word_1_594' title='bbox 3238 1811 3472 1881; x_wconf 81' lang='lat' dir='ltr'><strong>parentis</strong></span> <span class='ocrx_word' id='word_1_595' title='bbox 3498 1810 3633 1867; x_wconf 74' lang='lat' dir='ltr'><strong>Adae</strong></span> 
     </span>
    </p>
   </div>
   <div class='ocr_carea' id='block_1_79' title="bbox 2046 1902 3632 1977">
    <p class='ocr_par' dir='ltr' id='par_1_79' title="bbox 2046 1902 3632 1977">
     <span class='ocr_line' id='line_1_79' title="bbox 2046 1902 3632 1977; baseline -0.003 -14"><span class='ocrx_word' id='word_1_596' title='bbox 2046 1907 2243 1963; x_wconf 84' lang='lat' dir='ltr'><strong>veteris</strong></span> <span class='ocrx_word' id='word_1_597' title='bbox 2272 1909 2474 1977; x_wconf 83' lang='lat' dir='ltr'><strong>peccati</strong></span> <span class='ocrx_word' id='word_1_598' title='bbox 2504 1905 2901 1961; x_wconf 85' lang='lat' dir='ltr'><strong>admoneretur.</strong></span> <span class='ocrx_word' id='word_1_599' title='bbox 2934 1903 3086 1960; x_wconf 89' lang='lat' dir='ltr'><strong>Unde</strong></span> <span class='ocrx_word' id='word_1_600' title='bbox 3111 1904 3272 1959; x_wconf 83' lang='lat' dir='ltr'><strong>etiam</strong></span> <span class='ocrx_word' id='word_1_601' title='bbox 3292 1919 3356 1959; x_wconf 81' lang='lat' dir='ltr'><strong>ex</strong></span> <span class='ocrx_word' id='word_1_602' title='bbox 3378 1917 3467 1968; x_wconf 88' lang='lat' dir='ltr'><strong>eo,</strong></span> <span class='ocrx_word' id='word_1_603' title='bbox 3484 1902 3632 1973; x_wconf 68' lang='lat' dir='ltr'><strong>quod</strong></span> 
     </span>
    </p>
   </div>
   <div class='ocr_carea' id='block_1_80' title="bbox 2044 1999 3632 2072">
    <p class='ocr_par' dir='ltr' id='par_1_80' title="bbox 2044 1999 3632 2072">
     <span class='ocr_line' id='line_1_80' title="bbox 2044 1999 3632 2072; baseline -0.003 -13"><span class='ocrx_word' id='word_1_604' title='bbox 2044 2020 2150 2060; x_wconf 88' lang='lat' dir='ltr'><strong>non</strong></span> <span class='ocrx_word' id='word_1_605' title='bbox 2181 2005 2333 2059; x_wconf 89' lang='lat' dir='ltr'><strong>valde</strong></span> <span class='ocrx_word' id='word_1_606' title='bbox 2361 2003 2515 2059; x_wconf 86' lang='lat' dir='ltr'><strong>nobis</strong></span> <span class='ocrx_word' id='word_1_607' title='bbox 2540 2002 2892 2072; x_wconf 82' lang='lat' dir='ltr'><strong>subjiciuntur</strong></span> <span class='ocrx_word' id='word_1_608' title='bbox 2913 2041 2928 2066; x_wconf 89' lang='lat'><strong>,</strong></span> <span class='ocrx_word' id='word_1_609' title='bbox 2966 2014 3216 2071; x_wconf 88' lang='lat' dir='ltr'><strong>maguum</strong></span> <span class='ocrx_word' id='word_1_610' title='bbox 3243 1999 3449 2054; x_wconf 80' lang='lat' dir='ltr'><strong>lucrum</strong></span> <span class='ocrx_word' id='word_1_611' title='bbox 3473 2013 3632 2054; x_wconf 74' lang='lat' dir='ltr'><strong>acca-</strong></span> 
     </span>
    </p>
   </div>
   <div class='ocr_carea' id='block_1_81' title="bbox 2043 2093 3628 2166">
    <p class='ocr_par' dir='ltr' id='par_1_81' title="bbox 2043 2093 3628 2166">
     <span class='ocr_line' id='line_1_81' title="bbox 2043 2093 3628 2166; baseline -0.003 -14"><span class='ocrx_word' id='word_1_612' title='bbox 2043 2097 2141 2153; x_wconf 86' lang='lat' dir='ltr'><strong>dit.</strong></span> <span class='ocrx_word' id='word_1_613' title='bbox 2186 2096 2323 2166; x_wconf 89' lang='lat' dir='ltr'><strong>Quid</strong></span> <span class='ocrx_word' id='word_1_614' title='bbox 2362 2096 2507 2151; x_wconf 82' lang='lat' dir='ltr'><strong>enim</strong></span> <span class='ocrx_word' id='word_1_615' title='bbox 2535 2111 2635 2150; x_wconf 86' lang='lat' dir='ltr'><strong>nus</strong></span> <span class='ocrx_word' id='word_1_616' title='bbox 2654 2095 2867 2165; x_wconf 86' lang='lat' dir='ltr'><strong>juvaret</strong></span> <span class='ocrx_word' id='word_1_617' title='bbox 2890 2136 2906 2159; x_wconf 95' lang='lat'><strong>,</strong></span> <span class='ocrx_word' id='word_1_618' title='bbox 2937 2093 2981 2148; x_wconf 87' lang='lat' dir='ltr'><strong>si</strong></span> <span class='ocrx_word' id='word_1_619' title='bbox 3012 2093 3220 2149; x_wconf 82' lang='lat' dir='ltr'><strong>leonem</strong></span> <span class='ocrx_word' id='word_1_620' title='bbox 3248 2098 3446 2147; x_wconf 68' lang='lat' dir='ltr'><strong>nostrai</strong></span> <span class='ocrx_word' id='word_1_621' title='bbox 3477 2099 3628 2161; x_wconf 81' lang='lat' dir='ltr'><strong>poto-</strong></span> 
     </span>
    </p>
   </div>
   <div class='ocr_carea' id='block_1_82' title="bbox 2041 2185 3635 2256">
    <p class='ocr_par' dir='ltr' id='par_1_82' title="bbox 2041 2185 3635 2256">
     <span class='ocr_line' id='line_1_82' title="bbox 2041 2185 3635 2256; baseline -0.004 -10"><span class='ocrx_word' id='word_1_622' title='bbox 2041 2192 2163 2246; x_wconf 88' lang='lat' dir='ltr'><strong>stati</strong></span> <span class='ocrx_word' id='word_1_623' title='bbox 2210 2190 2496 2245; x_wconf 83' lang='lat' dir='ltr'><strong>obnoxium</strong></span> <span class='ocrx_word' id='word_1_624' title='bbox 2541 2200 2596 2244; x_wconf 89' lang='lat' dir='ltr'><strong>et</strong></span> <span class='ocrx_word' id='word_1_625' title='bbox 2636 2187 3056 2245; x_wconf 80' lang='lat' dir='ltr'><strong>mansuefactum</strong></span> <span class='ocrx_word' id='word_1_626' title='bbox 3103 2186 3459 2243; x_wconf 80' lang='lat' dir='ltr'><strong>habereums?</strong></span> <span class='ocrx_word' id='word_1_627' title='bbox 3496 2185 3635 2256; x_wconf 81' lang='lat' dir='ltr'><strong>quid</strong></span> 
     </span>
    </p>
   </div>
   <div class='ocr_carea' id='block_1_83' title="bbox 2040 2277 3627 2352">
    <p class='ocr_par' dir='ltr' id='par_1_83' title="bbox 2040 2277 3627 2352">
     <span class='ocr_line' id='line_1_83' title="bbox 2040 2277 3627 2352; baseline -0.003 -14"><span class='ocrx_word' id='word_1_628' title='bbox 2040 2283 2195 2338; x_wconf 87' lang='lat' dir='ltr'><strong>nobis</strong></span> <span class='ocrx_word' id='word_1_629' title='bbox 2248 2282 2560 2352; x_wconf 81' lang='lat' dir='ltr'><strong>prodesset,</strong></span> <span class='ocrx_word' id='word_1_630' title='bbox 2606 2281 2653 2335; x_wconf 90' lang='lat' dir='ltr'><strong>si</strong></span> <span class='ocrx_word' id='word_1_631' title='bbox 2704 2281 2929 2351; x_wconf 88' lang='lat' dir='ltr'><strong>pardum</strong></span> <span class='ocrx_word' id='word_1_632' title='bbox 2978 2279 3299 2334; x_wconf 84' lang='lat' dir='ltr'><strong>haberemus</strong></span> <span class='ocrx_word' id='word_1_633' title='bbox 3347 2277 3627 2333; x_wconf 74' lang='lat' dir='ltr'><strong>cicurem?</strong></span> 
     </span>
    </p>
   </div>
   <div class='ocr_carea' id='block_1_84' title="bbox 2037 2370 3621 2446">
    <p class='ocr_par' dir='ltr' id='par_1_84' title="bbox 2037 2370 3621 2446">
     <span class='ocr_line' id='line_1_84' title="bbox 2037 2370 3621 2446; baseline -0.004 -14"><span class='ocrx_word' id='word_1_634' title='bbox 2037 2376 2181 2432; x_wconf 78' lang='lat' dir='ltr'><strong>Nihil</strong></span> <span class='ocrx_word' id='word_1_635' title='bbox 2210 2377 2310 2432; x_wconf 91' lang='lat' dir='ltr'><strong>nisi</strong></span> <span class='ocrx_word' id='word_1_636' title='bbox 2336 2374 2403 2431; x_wconf 91' lang='lat' dir='ltr'><strong>ad</strong></span> <span class='ocrx_word' id='word_1_637' title='bbox 2432 2376 2789 2446; x_wconf 81' lang='lat' dir='ltr'><strong>arrogantiam</strong></span> <span class='ocrx_word' id='word_1_638' title='bbox 2818 2380 3019 2427; x_wconf 81' lang='lat' dir='ltr'><strong>tantum</strong></span> <span class='ocrx_word' id='word_1_639' title='bbox 3046 2381 3103 2427; x_wconf 90' lang='lat' dir='ltr'><strong>et</strong></span> <span class='ocrx_word' id='word_1_640' title='bbox 3125 2371 3451 2441; x_wconf 82' lang='lat' dir='ltr'><strong>superbiam.</strong></span> <span class='ocrx_word' id='word_1_641' title='bbox 3485 2370 3621 2425; x_wconf 74' lang='grc' dir='ltr'><strong>Ρωο</strong></span> 
     </span>
    </p>
   </div>
   <div class='ocr_carea' id='block_1_85' title="bbox 2041 2462 3627 2538">
    <p class='ocr_par' dir='ltr' id='par_1_85' title="bbox 2041 2462 3627 2538">
     <span class='ocr_line' id='line_1_85' title="bbox 2041 2462 3627 2538; baseline -0.004 -15"><span class='ocrx_word' id='word_1_642' title='bbox 2041 2476 2221 2538; x_wconf 87' lang='lat' dir='ltr'><strong>pterea</strong></span> <span class='ocrx_word' id='word_1_643' title='bbox 2252 2467 2347 2522; x_wconf 86' lang='lat' dir='ltr'><strong>has</strong></span> <span class='ocrx_word' id='word_1_644' title='bbox 2375 2467 2588 2537; x_wconf 86' lang='lat' dir='ltr'><strong>quidem</strong></span> <span class='ocrx_word' id='word_1_645' title='bbox 2620 2466 2863 2537; x_wconf 85' lang='lat' dir='ltr'><strong>permisit</strong></span> <span class='ocrx_word' id='word_1_646' title='bbox 2888 2480 3008 2521; x_wconf 84' lang='lat' dir='ltr'><strong>esse</strong></span> <span class='ocrx_word' id='word_1_647' title='bbox 3034 2473 3311 2534; x_wconf 74' lang='lat' dir='ltr'><strong>exemptos</strong></span> <span class='ocrx_word' id='word_1_648' title='bbox 3347 2462 3416 2518; x_wconf 88' lang='lat' dir='ltr'><strong>ah</strong></span> <span class='ocrx_word' id='word_1_649' title='bbox 3454 2463 3627 2533; x_wconf 84' lang='lat' dir='ltr'><strong>impe-</strong></span> 
     </span>
    </p>
   </div>
   <div class='ocr_carea' id='block_1_86' title="bbox 2041 2555 3621 2629">
    <p class='ocr_par' dir='ltr' id='par_1_86' title="bbox 2041 2555 3621 2629">
     <span class='ocr_line' id='line_1_86' title="bbox 2041 2555 3621 2629; baseline -0.004 -17"><span class='ocrx_word' id='word_1_650' title='bbox 2041 2561 2119 2614; x_wconf 90' lang='lat' dir='ltr'><strong>rio</strong></span> <span class='ocrx_word' id='word_1_651' title='bbox 2151 2576 2165 2612; x_wconf 92' lang='lat'><strong>:</strong></span> <span class='ocrx_word' id='word_1_652' title='bbox 2193 2575 2314 2629; x_wconf 79' lang='lat' dir='ltr'><strong>qua:</strong></span> <span class='ocrx_word' id='word_1_653' title='bbox 2338 2567 2463 2613; x_wconf 87' lang='lat' dir='ltr'><strong>sunt</strong></span> <span class='ocrx_word' id='word_1_654' title='bbox 2486 2567 2662 2614; x_wconf 83' lang='lat' dir='ltr'><strong>autem</strong></span> <span class='ocrx_word' id='word_1_655' title='bbox 2690 2557 2844 2612; x_wconf 78' lang='lat' dir='ltr'><strong>nobis</strong></span> <span class='ocrx_word' id='word_1_656' title='bbox 2867 2558 3019 2612; x_wconf 86' lang='lat' dir='ltr'><strong>utiles</strong></span> <span class='ocrx_word' id='word_1_657' title='bbox 3038 2598 3053 2623; x_wconf 89' lang='lat'><strong>,</strong></span> <span class='ocrx_word' id='word_1_658' title='bbox 3083 2555 3257 2611; x_wconf 79' lang='lat' dir='ltr'><strong>cﬂ&#39;cclt</strong></span> <span class='ocrx_word' id='word_1_659' title='bbox 3283 2562 3585 2610; x_wconf 75' lang='lat' dir='ltr'><strong>mansuetas</strong></span> <span class='ocrx_word' id='word_1_660' title='bbox 3605 2595 3621 2620; x_wconf 86' lang='lat'><strong>,</strong></span> 
     </span>
    </p>
   </div>
   <div class='ocr_carea' id='block_1_87' title="bbox 2037 2644 3622 2716">
    <p class='ocr_par' dir='ltr' id='par_1_87' title="bbox 2037 2644 3622 2716">
     <span class='ocr_line' id='line_1_87' title="bbox 2037 2644 3622 2716; baseline -0.004 -10"><span class='ocrx_word' id='word_1_661' title='bbox 2037 2651 2225 2706; x_wconf 90' lang='lat' dir='ltr'><strong>bovem</strong></span> <span class='ocrx_word' id='word_1_662' title='bbox 2257 2658 2492 2705; x_wconf 81' lang='lat' dir='ltr'><strong>orantem</strong></span> <span class='ocrx_word' id='word_1_663' title='bbox 2514 2692 2529 2716; x_wconf 88' lang='lat'><strong>,</strong></span> <span class='ocrx_word' id='word_1_664' title='bbox 2566 2659 2621 2704; x_wconf 87' lang='lat' dir='ltr'><strong>et</strong></span> <span class='ocrx_word' id='word_1_665' title='bbox 2658 2664 2812 2704; x_wconf 87' lang='lat' dir='ltr'><strong>ovem</strong></span> <span class='ocrx_word' id='word_1_666' title='bbox 2851 2649 3184 2704; x_wconf 87' lang='lat' dir='ltr'><strong>amicientem</strong></span> <span class='ocrx_word' id='word_1_667' title='bbox 3212 2644 3380 2702; x_wconf 76' lang='lat' dir='ltr'><strong>nostri</strong></span> <span class='ocrx_word' id='word_1_668' title='bbox 3411 2645 3622 2700; x_wconf 61' lang='lat' dir='ltr'><strong>audita.</strong></span> 
     </span>
    </p>
   </div>
   <div class='ocr_carea' id='block_1_88' title="bbox 2038 2724 3687 2812">
    <p class='ocr_par' dir='ltr' id='par_1_88' title="bbox 2038 2724 3687 2812">
     <span class='ocr_line' id='line_1_88' title="bbox 2038 2724 3687 2812; baseline -0.004 -13"><span class='ocrx_word' id='word_1_669' title='bbox 2038 2752 2144 2799; x_wconf 83' lang='lat' dir='ltr'><strong>tem</strong></span> <span class='ocrx_word' id='word_1_670' title='bbox 2186 2744 2445 2812; x_wconf 79' lang='lat' dir='ltr'><strong>corporis,</strong></span> <span class='ocrx_word' id='word_1_671' title='bbox 2485 2752 2538 2796; x_wconf 85' lang='lat' dir='ltr'><strong>ct</strong></span> <span class='ocrx_word' id='word_1_672' title='bbox 2571 2742 2807 2812; x_wconf 88' lang='lat' dir='ltr'><strong>jumenta</strong></span> <span class='ocrx_word' id='word_1_673' title='bbox 2849 2750 2968 2811; x_wconf 80' lang='lat' dir='ltr'><strong>apta</strong></span> <span class='ocrx_word' id='word_1_674' title='bbox 3012 2742 3078 2794; x_wconf 85' lang='lat' dir='ltr'><strong>ad</strong></span> <span class='ocrx_word' id='word_1_675' title='bbox 3124 2755 3187 2795; x_wconf 85' lang='lat' dir='ltr'><strong>ea</strong></span> <span class='ocrx_word' id='word_1_676' title='bbox 3217 2738 3456 2795; x_wconf 70' lang='lat' dir='ltr'><strong>vehenda</strong></span> <span class='ocrx_word' id='word_1_677' title='bbox 3501 2752 3621 2809; x_wconf 70' lang='lat' dir='ltr'><strong>quae</strong></span> <span class='ocrx_word' id='word_1_678' title='bbox 3680 2724 3687 2731; x_wconf 59' lang='grc'><strong>’</strong></span> 
     </span>
    </p>
   </div>
   <div class='ocr_carea' id='block_1_89' title="bbox 2037 2831 3622 2905">
    <p class='ocr_par' dir='ltr' id='par_1_89' title="bbox 2037 2831 3622 2905">
     <span class='ocr_line' id='line_1_89' title="bbox 2037 2831 3622 2905; baseline -0.003 -15"><span class='ocrx_word' id='word_1_679' title='bbox 2037 2835 2311 2905; x_wconf 87' lang='lat' dir='ltr'><strong>importari</strong></span> <span class='ocrx_word' id='word_1_680' title='bbox 2358 2843 2449 2888; x_wconf 88' lang='lat' dir='ltr'><strong>aut</strong></span> <span class='ocrx_word' id='word_1_681' title='bbox 2491 2833 2757 2903; x_wconf 75' lang='lat' dir='ltr'><strong>exportari</strong></span> <span class='ocrx_word' id='word_1_682' title='bbox 2804 2840 3047 2902; x_wconf 90' lang='lat' dir='ltr'><strong>possunt,</strong></span> <span class='ocrx_word' id='word_1_683' title='bbox 3073 2842 3200 2885; x_wconf 81' lang='lat' dir='ltr'><strong>aves</strong></span> <span class='ocrx_word' id='word_1_684' title='bbox 3237 2838 3295 2886; x_wconf 86' lang='lat' dir='ltr'><strong>et</strong></span> <span class='ocrx_word' id='word_1_685' title='bbox 3337 2831 3531 2900; x_wconf 81' lang='lat' dir='ltr'><strong>pisces,</strong></span> <span class='ocrx_word' id='word_1_686' title='bbox 3563 2838 3622 2886; x_wconf 90' lang='lat' dir='ltr'><strong>ut</strong></span> 
     </span>
    </p>
   </div>
   <div class='ocr_carea' id='block_1_90' title="bbox 2034 2925 2809 2984">
    <p class='ocr_par' dir='ltr' id='par_1_90' title="bbox 2034 2925 2809 2984">
     <span class='ocr_line' id='line_1_90' title="bbox 2034 2925 2809 2984; baseline -0.006 0"><span class='ocrx_word' id='word_1_687' title='bbox 2034 2937 2178 2984; x_wconf 85' lang='lat' dir='ltr'><strong>esset</strong></span> <span class='ocrx_word' id='word_1_688' title='bbox 2207 2927 2362 2983; x_wconf 90' lang='lat' dir='ltr'><strong>nobis</strong></span> <span class='ocrx_word' id='word_1_689' title='bbox 2385 2942 2569 2982; x_wconf 86' lang='lat' dir='ltr'><strong>mensa</strong></span> <span class='ocrx_word' id='word_1_690' title='bbox 2597 2925 2809 2981; x_wconf 87' lang='lat' dir='ltr'><strong>lautior.</strong></span> 
     </span>
    </p>
   </div>
   <div class='ocr_carea' id='block_1_91' title="bbox 2104 3014 3612 3091">
    <p class='ocr_par' dir='ltr' id='par_1_91' title="bbox 2104 3014 3612 3091">
     <span class='ocr_line' id='line_1_91' title="bbox 2104 3014 3612 3091; baseline -0.006 -12"><span class='ocrx_word' id='word_1_691' title='bbox 2104 3020 2157 3079; x_wconf 88' lang='lat'><strong>8.</strong></span> <span class='ocrx_word' id='word_1_692' title='bbox 2186 3020 2643 3091; x_wconf 85' lang='lat' dir='ltr'><strong>Quemadmodum</strong></span> <span class='ocrx_word' id='word_1_693' title='bbox 2664 3019 2804 3074; x_wconf 84' lang='lat' dir='ltr'><strong>enim</strong></span> <span class='ocrx_word' id='word_1_694' title='bbox 2829 3032 2949 3073; x_wconf 89' lang='lat' dir='ltr'><strong>cum</strong></span> <span class='ocrx_word' id='word_1_695' title='bbox 2969 3016 3088 3087; x_wconf 85' lang='lat' dir='ltr'><strong>quis</strong></span> <span class='ocrx_word' id='word_1_696' title='bbox 3108 3014 3398 3073; x_wconf 82' lang='lat' dir='ltr'><strong>exheredat</strong></span> <span class='ocrx_word' id='word_1_697' title='bbox 3423 3015 3612 3082; x_wconf 80' lang='lat' dir='ltr'><strong>illium,</strong></span> 
     </span>
    </p>
   </div>
   <div class='ocr_carea' id='block_1_92' title="bbox 2035 3104 3614 3185">
    <p class='ocr_par' dir='ltr' id='par_1_92' title="bbox 2035 3104 3614 3185">
     <span class='ocr_line' id='line_1_92' title="bbox 2035 3104 3614 3185; baseline -0.006 -16"><span class='ocrx_word' id='word_1_698' title='bbox 2035 3132 2137 3170; x_wconf 89' lang='lat' dir='ltr'><strong>non</strong></span> <span class='ocrx_word' id='word_1_699' title='bbox 2166 3116 2339 3185; x_wconf 84' lang='lat' dir='ltr'><strong>privat</strong></span> <span class='ocrx_word' id='word_1_700' title='bbox 2363 3126 2485 3168; x_wconf 83' lang='lat' dir='ltr'><strong>eum</strong></span> <span class='ocrx_word' id='word_1_701' title='bbox 2515 3111 2782 3175; x_wconf 86' lang='lat' dir='ltr'><strong>omnibus,</strong></span> <span class='ocrx_word' id='word_1_702' title='bbox 2804 3109 2900 3166; x_wconf 88' lang='lat' dir='ltr'><strong>sed</strong></span> <span class='ocrx_word' id='word_1_703' title='bbox 2921 3118 3071 3179; x_wconf 83' lang='lat' dir='ltr'><strong>parte</strong></span> <span class='ocrx_word' id='word_1_704' title='bbox 3093 3104 3290 3178; x_wconf 84' lang='lat' dir='ltr'><strong>aliqua,</strong></span> <span class='ocrx_word' id='word_1_705' title='bbox 3319 3117 3377 3162; x_wconf 83' lang='lat' dir='ltr'><strong>ut</strong></span> <span class='ocrx_word' id='word_1_706' title='bbox 3404 3122 3467 3163; x_wconf 86' lang='lat' dir='ltr'><strong>se</strong></span> <span class='ocrx_word' id='word_1_707' title='bbox 3488 3118 3614 3163; x_wconf 57' lang='lat' dir='ltr'><strong>eor.</strong></span> 
     </span>
    </p>
   </div>
   <div class='ocr_carea' id='block_1_93' title="bbox 2034 3197 3611 3276">
    <p class='ocr_par' dir='ltr' id='par_1_93' title="bbox 2034 3197 3611 3276">
     <span class='ocr_line' id='line_1_93' title="bbox 2034 3197 3611 3276; baseline -0.005 -16"><span class='ocrx_word' id='word_1_708' title='bbox 2034 3208 2188 3276; x_wconf 87' lang='lat' dir='ltr'><strong>rigat,</strong></span> <span class='ocrx_word' id='word_1_709' title='bbox 2218 3206 2286 3260; x_wconf 82' lang='lat' dir='ltr'><strong>ita</strong></span> <span class='ocrx_word' id='word_1_710' title='bbox 2314 3203 2473 3260; x_wconf 86' lang='lat' dir='ltr'><strong>etiam</strong></span> <span class='ocrx_word' id='word_1_711' title='bbox 2500 3203 2640 3258; x_wconf 88' lang='lat' dir='ltr'><strong>Deus</strong></span> <span class='ocrx_word' id='word_1_712' title='bbox 2663 3218 2678 3257; x_wconf 90' lang='lat'><strong>:</strong></span> <span class='ocrx_word' id='word_1_713' title='bbox 2700 3202 2807 3255; x_wconf 90' lang='lat' dir='ltr'><strong>imo</strong></span> <span class='ocrx_word' id='word_1_714' title='bbox 2832 3212 2938 3254; x_wconf 81' lang='lat' dir='ltr'><strong>non</strong></span> <span class='ocrx_word' id='word_1_715' title='bbox 2964 3200 3061 3266; x_wconf 88' lang='lat' dir='ltr'><strong>sic,</strong></span> <span class='ocrx_word' id='word_1_716' title='bbox 3084 3198 3178 3253; x_wconf 85' lang='lat' dir='ltr'><strong>sed</strong></span> <span class='ocrx_word' id='word_1_717' title='bbox 3200 3206 3384 3253; x_wconf 81' lang='lat' dir='ltr'><strong>contra</strong></span> <span class='ocrx_word' id='word_1_718' title='bbox 3416 3197 3611 3268; x_wconf 82' lang='lat' dir='ltr'><strong>potius.</strong></span> 
     </span>
    </p>
   </div>
   <div class='ocr_carea' id='block_1_94' title="bbox 2031 3289 3614 3366">
    <p class='ocr_par' dir='ltr' id='par_1_94' title="bbox 2031 3289 3614 3366">
     <span class='ocr_line' id='line_1_94' title="bbox 2031 3289 3614 3366; baseline -0.006 -14"><span class='ocrx_word' id='word_1_719' title='bbox 2031 3298 2202 3352; x_wconf 81' lang='lat' dir='ltr'><strong>llotno</strong></span> <span class='ocrx_word' id='word_1_720' title='bbox 2223 3299 2384 3360; x_wconf 88' lang='lat' dir='ltr'><strong>enim,</strong></span> <span class='ocrx_word' id='word_1_721' title='bbox 2414 3295 2503 3366; x_wconf 86' lang='lat' dir='ltr'><strong>qui</strong></span> <span class='ocrx_word' id='word_1_722' title='bbox 2530 3293 2850 3356; x_wconf 78' lang='lat' dir='ltr'><strong>exheredat,</strong></span> <span class='ocrx_word' id='word_1_723' title='bbox 2884 3291 3070 3361; x_wconf 87' lang='lat' dir='ltr'><strong>majori</strong></span> <span class='ocrx_word' id='word_1_724' title='bbox 3096 3297 3245 3360; x_wconf 85' lang='lat' dir='ltr'><strong>parte</strong></span> <span class='ocrx_word' id='word_1_725' title='bbox 3269 3290 3440 3360; x_wconf 74' lang='lat' dir='ltr'><strong>privat</strong></span> <span class='ocrx_word' id='word_1_726' title='bbox 3463 3329 3477 3354; x_wconf 92' lang='lat'><strong>,</strong></span> <span class='ocrx_word' id='word_1_727' title='bbox 3508 3289 3614 3344; x_wconf 82' lang='lat' dir='ltr'><strong>mi-</strong></span> 
     </span>
    </p>
   </div>
   <div class='ocr_carea' id='block_1_95' title="bbox 2031 3381 3611 3456">
    <p class='ocr_par' dir='ltr' id='par_1_95' title="bbox 2031 3381 3611 3456">
     <span class='ocr_line' id='line_1_95' title="bbox 2031 3381 3611 3456; baseline -0.004 -14"><span class='ocrx_word' id='word_1_728' title='bbox 2031 3402 2218 3443; x_wconf 84' lang='lat' dir='ltr'><strong>norem</strong></span> <span class='ocrx_word' id='word_1_729' title='bbox 2261 3400 2390 3442; x_wconf 89' lang='lat' dir='ltr'><strong>vcro</strong></span> <span class='ocrx_word' id='word_1_730' title='bbox 2435 3385 2686 3456; x_wconf 86' lang='lat' dir='ltr'><strong>relinquit</strong></span> <span class='ocrx_word' id='word_1_731' title='bbox 2719 3401 2734 3437; x_wconf 92' lang='lat'><strong>:</strong></span> <span class='ocrx_word' id='word_1_732' title='bbox 2768 3384 2905 3439; x_wconf 88' lang='lat' dir='ltr'><strong>Deus</strong></span> <span class='ocrx_word' id='word_1_733' title='bbox 2940 3391 3117 3439; x_wconf 89' lang='lat' dir='ltr'><strong>autem</strong></span> <span class='ocrx_word' id='word_1_734' title='bbox 3158 3381 3347 3452; x_wconf 71' lang='lat' dir='ltr'><strong>majori</strong></span> <span class='ocrx_word' id='word_1_735' title='bbox 3387 3381 3571 3436; x_wconf 82' lang='lat' dir='ltr'><strong>relicta</strong></span> <span class='ocrx_word' id='word_1_736' title='bbox 3597 3414 3611 3443; x_wconf 65' lang='grc' dir='ltr'><strong><em>ο</em></strong></span> 
     </span>
    </p>
   </div>
   <div class='ocr_carea' id='block_1_96' title="bbox 2029 3475 3611 3553">
    <p class='ocr_par' dir='ltr' id='par_1_96' title="bbox 2029 3475 3611 3553">
     <span class='ocr_line' id='line_1_96' title="bbox 2029 3475 3611 3553; baseline -0.007 -15"><span class='ocrx_word' id='word_1_737' title='bbox 2029 3484 2215 3553; x_wconf 75' lang='lat' dir='ltr'><strong>exigua</strong></span> <span class='ocrx_word' id='word_1_738' title='bbox 2250 3480 2469 3551; x_wconf 86' lang='lat' dir='ltr'><strong>privavit</strong></span> <span class='ocrx_word' id='word_1_739' title='bbox 2500 3477 2854 3549; x_wconf 84' lang='lat' dir='ltr'><strong>portiuncula,</strong></span> <span class='ocrx_word' id='word_1_740' title='bbox 2884 3475 3042 3547; x_wconf 86' lang='lat' dir='ltr'><strong>idque</strong></span> <span class='ocrx_word' id='word_1_741' title='bbox 3070 3475 3136 3530; x_wconf 83' lang='lat' dir='ltr'><strong>ad</strong></span> <span class='ocrx_word' id='word_1_742' title='bbox 3161 3478 3280 3545; x_wconf 83' lang='lat' dir='ltr'><strong>ejus</strong></span> <span class='ocrx_word' id='word_1_743' title='bbox 3307 3475 3611 3539; x_wconf 74' lang='lat' dir='ltr'><strong>utiliiatem,</strong></span> 
     </span>
    </p>
   </div>
   <div class='ocr_carea' id='block_1_97' title="bbox 2030 3572 3615 3646">
    <p class='ocr_par' dir='ltr' id='par_1_97' title="bbox 2030 3572 3615 3646">
     <span class='ocr_line' id='line_1_97' title="bbox 2030 3572 3615 3646; baseline -0.008 -10"><span class='ocrx_word' id='word_1_744' title='bbox 2030 3594 2097 3636; x_wconf 88' lang='lat' dir='ltr'><strong>ne</strong></span> <span class='ocrx_word' id='word_1_745' title='bbox 2134 3582 2236 3636; x_wconf 84' lang='lat' dir='ltr'><strong>alia</strong></span> <span class='ocrx_word' id='word_1_746' title='bbox 2275 3579 2450 3635; x_wconf 86' lang='lat' dir='ltr'><strong>omnia</strong></span> <span class='ocrx_word' id='word_1_747' title='bbox 2498 3572 2653 3634; x_wconf 87' lang='lat' dir='ltr'><strong>facile</strong></span> <span class='ocrx_word' id='word_1_748' title='bbox 2686 3584 2981 3646; x_wconf 86' lang='lat' dir='ltr'><strong>superaret.</strong></span> <span class='ocrx_word' id='word_1_749' title='bbox 3027 3573 3133 3630; x_wconf 85' lang='lat' dir='ltr'><strong>Sed</strong></span> <span class='ocrx_word' id='word_1_750' title='bbox 3179 3574 3278 3627; x_wconf 89' lang='lat' dir='ltr'><strong>hoc</strong></span> <span class='ocrx_word' id='word_1_751' title='bbox 3316 3572 3488 3642; x_wconf 86' lang='lat' dir='ltr'><strong>ipsum</strong></span> <span class='ocrx_word' id='word_1_752' title='bbox 3530 3579 3615 3626; x_wconf 86' lang='lat' dir='ltr'><strong>est</strong></span> 
     </span>
    </p>
   </div>
   <div class='ocr_carea' id='block_1_98' title="bbox 2028 3660 3615 3743">
    <p class='ocr_par' dir='ltr' id='par_1_98' title="bbox 2028 3660 3615 3743">
     <span class='ocr_line' id='line_1_98' title="bbox 2028 3660 3615 3743; baseline -0.009 -13"><span class='ocrx_word' id='word_1_753' title='bbox 2028 3675 2186 3730; x_wconf 86' lang='lat' dir='ltr'><strong>etiam</strong></span> <span class='ocrx_word' id='word_1_754' title='bbox 2214 3673 2305 3729; x_wconf 88' lang='lat' dir='ltr'><strong>Dei</strong></span> <span class='ocrx_word' id='word_1_755' title='bbox 2334 3670 2677 3743; x_wconf 77' lang='lat' dir='ltr'><strong>providentia:</strong></span> <span class='ocrx_word' id='word_1_756' title='bbox 2696 3710 2710 3734; x_wconf 91' lang='lat'><strong>,</strong></span> <span class='ocrx_word' id='word_1_757' title='bbox 2743 3667 2833 3740; x_wconf 91' lang='lat' dir='ltr'><strong>qui</strong></span> <span class='ocrx_word' id='word_1_758' title='bbox 2874 3665 3104 3721; x_wconf 87' lang='lat' dir='ltr'><strong>hominis</strong></span> <span class='ocrx_word' id='word_1_759' title='bbox 3128 3664 3441 3735; x_wconf 85' lang='lat' dir='ltr'><strong>sapientiam</strong></span> <span class='ocrx_word' id='word_1_760' title='bbox 3465 3660 3615 3717; x_wconf 77' lang='lat' dir='ltr'><strong>exci-</strong></span> 
     </span>
    </p>
   </div>
   <div class='ocr_carea' id='block_1_99' title="bbox 2030 3755 3611 3836">
    <p class='ocr_par' dir='ltr' id='par_1_99' title="bbox 2030 3755 3611 3836">
     <span class='ocr_line' id='line_1_99' title="bbox 2030 3755 3611 3836; baseline -0.009 -14"><span class='ocrx_word' id='word_1_761' title='bbox 2030 3777 2168 3834; x_wconf 87' lang='lat' dir='ltr'><strong>tans,</strong></span> <span class='ocrx_word' id='word_1_762' title='bbox 2188 3764 2546 3836; x_wconf 85' lang='lat' dir='ltr'><strong>arrogantiam</strong></span> <span class='ocrx_word' id='word_1_763' title='bbox 2572 3761 2899 3833; x_wconf 88' lang='lat' dir='ltr'><strong>deprimens,</strong></span> <span class='ocrx_word' id='word_1_764' title='bbox 2922 3770 2976 3815; x_wconf 91' lang='lat' dir='ltr'><strong>et</strong></span> <span class='ocrx_word' id='word_1_765' title='bbox 2996 3756 3423 3827; x_wconf 84' lang='lat' dir='ltr'><strong>intempestivqu</strong></span> <span class='ocrx_word' id='word_1_766' title='bbox 3444 3755 3611 3808; x_wconf 82' lang='lat' dir='ltr'><strong>otium</strong></span> 
     </span>
    </p>
   </div>
   <div class='ocr_carea' id='block_1_100' title="bbox 2029 3848 3601 3927">
    <p class='ocr_par' dir='ltr' id='par_1_100' title="bbox 2029 3848 3601 3927">
     <span class='ocr_line' id='line_1_100' title="bbox 2029 3848 3601 3927; baseline -0.008 -14"><span class='ocrx_word' id='word_1_767' title='bbox 2029 3860 2421 3927; x_wconf 83' lang='lat' dir='ltr'><strong>interrumpens</strong></span> <span class='ocrx_word' id='word_1_768' title='bbox 2450 3856 2521 3926; x_wconf 88' lang='lat' dir='ltr'><strong>(si</strong></span> <span class='ocrx_word' id='word_1_769' title='bbox 2550 3855 2691 3910; x_wconf 89' lang='lat' dir='ltr'><strong>enim</strong></span> <span class='ocrx_word' id='word_1_770' title='bbox 2711 3853 2761 3909; x_wconf 92' lang='lat' dir='ltr'><strong>ei</strong></span> <span class='ocrx_word' id='word_1_771' title='bbox 2790 3850 2968 3907; x_wconf 89' lang='lat' dir='ltr'><strong>omnia</strong></span> <span class='ocrx_word' id='word_1_772' title='bbox 2993 3864 3116 3906; x_wconf 91' lang='lat' dir='ltr'><strong>cum</strong></span> <span class='ocrx_word' id='word_1_773' title='bbox 3146 3848 3401 3904; x_wconf 85' lang='lat' dir='ltr'><strong>facilitate</strong></span> <span class='ocrx_word' id='word_1_774' title='bbox 3427 3858 3601 3902; x_wconf 85' lang='lat' dir='ltr'><strong>succc-</strong></span> 
     </span>
    </p>
   </div>
   <div class='ocr_carea' id='block_1_101' title="bbox 2026 3935 3611 4019">
    <p class='ocr_par' dir='ltr' id='par_1_101' title="bbox 2026 3935 3611 4019">
     <span class='ocr_line' id='line_1_101' title="bbox 2026 3935 3611 4019; baseline -0.012 -12"><span class='ocrx_word' id='word_1_775' title='bbox 2026 3951 2235 4014; x_wconf 85' lang='lat' dir='ltr'><strong>dcrent,</strong></span> <span class='ocrx_word' id='word_1_776' title='bbox 2269 3947 2491 4019; x_wconf 88' lang='lat' dir='ltr'><strong>supinus</strong></span> <span class='ocrx_word' id='word_1_777' title='bbox 2518 3954 2570 4001; x_wconf 90' lang='lat' dir='ltr'><strong>et</strong></span> <span class='ocrx_word' id='word_1_778' title='bbox 2596 3945 2886 4000; x_wconf 83' lang='lat' dir='ltr'><strong>dissolutus</strong></span> <span class='ocrx_word' id='word_1_779' title='bbox 2911 3940 3222 4009; x_wconf 77' lang='lat' dir='ltr'><strong>evasisset),</strong></span> <span class='ocrx_word' id='word_1_780' title='bbox 3249 3935 3611 4008; x_wconf 85' lang='lat' dir='ltr'><strong>comparando</strong></span> 
     </span>
    </p>
   </div>
   <div class='ocr_carea' id='block_1_102' title="bbox 2026 4032 3611 4106">
    <p class='ocr_par' dir='ltr' id='par_1_102' title="bbox 2026 4032 3611 4106">
     <span class='ocr_line' id='line_1_102' title="bbox 2026 4032 3611 4106; baseline -0.011 -7"><span class='ocrx_word' id='word_1_781' title='bbox 2026 4057 2208 4099; x_wconf 88' lang='lat' dir='ltr'><strong>rerum</strong></span> <span class='ocrx_word' id='word_1_782' title='bbox 2236 4041 2354 4096; x_wconf 89' lang='lat' dir='ltr'><strong>usui</strong></span> <span class='ocrx_word' id='word_1_783' title='bbox 2379 4037 2661 4094; x_wconf 83' lang='lat' dir='ltr'><strong>admiscuit</strong></span> <span class='ocrx_word' id='word_1_784' title='bbox 2687 4034 2971 4106; x_wconf 87' lang='lat' dir='ltr'><strong>quamdam</strong></span> <span class='ocrx_word' id='word_1_785' title='bbox 2997 4032 3361 4088; x_wconf 86' lang='lat' dir='ltr'><strong>difficultatem</strong></span> <span class='ocrx_word' id='word_1_786' title='bbox 3381 4072 3397 4098; x_wconf 93' lang='lat'><strong>,</strong></span> <span class='ocrx_word' id='word_1_787' title='bbox 3430 4038 3486 4083; x_wconf 87' lang='lat' dir='ltr'><strong>et</strong></span> <span class='ocrx_word' id='word_1_788' title='bbox 3512 4040 3611 4082; x_wconf 88' lang='lat' dir='ltr'><strong>nec</strong></span> 
     </span>
    </p>
   </div>
   <div class='ocr_carea' id='block_1_103' title="bbox 2027 4119 3608 4193">
    <p class='ocr_par' dir='ltr' id='par_1_103' title="bbox 2027 4119 3608 4193">
     <span class='ocr_line' id='line_1_103' title="bbox 2027 4119 3608 4193; baseline -0.012 -2"><span class='ocrx_word' id='word_1_789' title='bbox 2027 4134 2276 4192; x_wconf 88' lang='lat' dir='ltr'><strong>omnibus</strong></span> <span class='ocrx_word' id='word_1_790' title='bbox 2304 4147 2425 4187; x_wconf 92' lang='lat' dir='ltr'><strong>cum</strong></span> <span class='ocrx_word' id='word_1_791' title='bbox 2453 4130 2667 4193; x_wconf 87' lang='lat' dir='ltr'><strong>labore,</strong></span> <span class='ocrx_word' id='word_1_792' title='bbox 2712 4142 2813 4183; x_wconf 89' lang='lat' dir='ltr'><strong>nec</strong></span> <span class='ocrx_word' id='word_1_793' title='bbox 2850 4124 3099 4180; x_wconf 84' lang='lat' dir='ltr'><strong>omnibus</strong></span> <span class='ocrx_word' id='word_1_794' title='bbox 3131 4124 3248 4178; x_wconf 83' lang='lat' dir='ltr'><strong>sine</strong></span> <span class='ocrx_word' id='word_1_795' title='bbox 3284 4123 3466 4176; x_wconf 83' lang='lat' dir='ltr'><strong>labore</strong></span> <span class='ocrx_word' id='word_1_796' title='bbox 3506 4119 3608 4173; x_wconf 84' lang='lat' dir='ltr'><strong>frui</strong></span> 
     </span>
    </p>
   </div>
   <div class='ocr_carea' id='block_1_104' title="bbox 2028 4211 3610 4299">
    <p class='ocr_par' dir='ltr' id='par_1_104' title="bbox 2028 4211 3610 4299">
     <span class='ocr_line' id='line_1_104' title="bbox 2028 4211 3610 4299; baseline -0.012 -16"><span class='ocrx_word' id='word_1_797' title='bbox 2028 4226 2270 4299; x_wconf 85' lang='lat' dir='ltr'><strong>permisit</strong></span> <span class='ocrx_word' id='word_1_798' title='bbox 2312 4225 2388 4280; x_wconf 88' lang='lat' dir='ltr'><strong>illi</strong></span> <span class='ocrx_word' id='word_1_799' title='bbox 2416 4239 2430 4279; x_wconf 93' lang='lat'>:</span> <span class='ocrx_word' id='word_1_800' title='bbox 2462 4222 2558 4279; x_wconf 91' lang='lat' dir='ltr'><strong>sed</strong></span> <span class='ocrx_word' id='word_1_801' title='bbox 2595 4237 2715 4293; x_wconf 79' lang='lat' dir='ltr'><strong>qua:</strong></span> <span class='ocrx_word' id='word_1_802' title='bbox 2740 4219 2807 4274; x_wconf 90' lang='lat' dir='ltr'><strong>ad</strong></span> <span class='ocrx_word' id='word_1_803' title='bbox 2836 4233 2990 4274; x_wconf 90' lang='lat' dir='ltr'><strong>usum</strong></span> <span class='ocrx_word' id='word_1_804' title='bbox 3025 4214 3241 4287; x_wconf 88' lang='lat' dir='ltr'><strong>quidem</strong></span> <span class='ocrx_word' id='word_1_805' title='bbox 3279 4221 3405 4269; x_wconf 84' lang='lat' dir='ltr'><strong>sunt</strong></span> <span class='ocrx_word' id='word_1_806' title='bbox 3423 4213 3464 4277; x_wconf 75' lang='grc'><strong>⁸,</strong></span> <span class='ocrx_word' id='word_1_807' title='bbox 3492 4211 3610 4265; x_wconf 85' lang='lat' dir='ltr'><strong>sine</strong></span> 
     </span>
    </p>
   </div>
   <div class='ocr_carea' id='block_1_105' title="bbox 2027 4302 3606 4383">
    <p class='ocr_par' dir='ltr' id='par_1_105' title="bbox 2027 4302 3606 4383">
     <span class='ocr_line' id='line_1_105' title="bbox 2027 4302 3606 4383; baseline -0.015 -5"><span class='ocrx_word' id='word_1_808' title='bbox 2027 4322 2211 4378; x_wconf 88' lang='lat' dir='ltr'><strong>labore</strong></span> <span class='ocrx_word' id='word_1_809' title='bbox 2236 4328 2290 4376; x_wconf 89' lang='lat' dir='ltr'><strong>et</strong></span> <span class='ocrx_word' id='word_1_810' title='bbox 2313 4317 2510 4375; x_wconf 89' lang='lat' dir='ltr'><strong>sudore</strong></span> <span class='ocrx_word' id='word_1_811' title='bbox 2539 4314 2737 4370; x_wconf 83' lang='lat' dir='ltr'><strong>habere</strong></span> <span class='ocrx_word' id='word_1_812' title='bbox 2764 4311 3005 4383; x_wconf 90' lang='lat' dir='ltr'><strong>permisit</strong></span> <span class='ocrx_word' id='word_1_813' title='bbox 3036 4324 3049 4363; x_wconf 88' lang='lat'><strong>:</strong></span> <span class='ocrx_word' id='word_1_814' title='bbox 3077 4322 3197 4379; x_wconf 63' lang='lat' dir='ltr'><strong>quae</strong></span> <span class='ocrx_word' id='word_1_815' title='bbox 3224 4320 3355 4362; x_wconf 80' lang='lat' dir='ltr'><strong>vero</strong></span> <span class='ocrx_word' id='word_1_816' title='bbox 3382 4309 3508 4358; x_wconf 86' lang='lat' dir='ltr'><strong>sunt</strong></span> <span class='ocrx_word' id='word_1_817' title='bbox 3539 4302 3606 4356; x_wconf 85' lang='lat' dir='ltr'><strong>ad</strong></span> 
     </span>
    </p>
   </div>
   <div class='ocr_carea' id='block_1_106' title="bbox 2026 4400 3606 4481">
    <p class='ocr_par' dir='ltr' id='par_1_106' title="bbox 2026 4400 3606 4481">
     <span class='ocr_line' id='line_1_106' title="bbox 2026 4400 3606 4481; baseline -0.013 -9"><span class='ocrx_word' id='word_1_818' title='bbox 2026 4417 2245 4472; x_wconf 87' lang='lat' dir='ltr'><strong>delicias</strong></span> <span class='ocrx_word' id='word_1_819' title='bbox 2266 4457 2282 4481; x_wconf 91' lang='lat'><strong>,</strong></span> <span class='ocrx_word' id='word_1_820' title='bbox 2314 4430 2433 4470; x_wconf 91' lang='lat' dir='ltr'><strong>cum</strong></span> <span class='ocrx_word' id='word_1_821' title='bbox 2461 4411 2642 4468; x_wconf 91' lang='lat' dir='ltr'><strong>labore</strong></span> <span class='ocrx_word' id='word_1_822' title='bbox 2665 4418 2720 4466; x_wconf 90' lang='lat' dir='ltr'><strong>et</strong></span> <span class='ocrx_word' id='word_1_823' title='bbox 2745 4407 2939 4463; x_wconf 88' lang='lat' dir='ltr'><strong>sudore</strong></span> <span class='ocrx_word' id='word_1_824' title='bbox 2967 4423 2981 4460; x_wconf 92' lang='lat'>:</span> <span class='ocrx_word' id='word_1_825' title='bbox 3011 4405 3197 4460; x_wconf 83' lang='lat' dir='ltr'><strong>volens</strong></span> <span class='ocrx_word' id='word_1_826' title='bbox 3226 4400 3369 4457; x_wconf 86' lang='lat' dir='ltr'><strong>hanc</strong></span> <span class='ocrx_word' id='word_1_827' title='bbox 3399 4410 3606 4470; x_wconf 80' lang='lat' dir='ltr'><strong>quoque</strong></span> 
     </span>
    </p>
   </div>
   <div class='ocr_carea' id='block_1_107' title="bbox 2028 4500 3049 4575">
    <p class='ocr_par' dir='ltr' id='par_1_107' title="bbox 2028 4500 3049 4575">
     <span class='ocr_line' id='line_1_107' title="bbox 2028 4500 3049 4575; baseline -0.013 -10"><span class='ocrx_word' id='word_1_828' title='bbox 2028 4509 2181 4565; x_wconf 89' lang='lat' dir='ltr'><strong>nobis</strong></span> <span class='ocrx_word' id='word_1_829' title='bbox 2204 4508 2419 4564; x_wconf 90' lang='lat' dir='ltr'><strong>nimiam</strong></span> <span class='ocrx_word' id='word_1_830' title='bbox 2450 4501 2665 4575; x_wconf 66' lang='lat' dir='ltr'><strong>praecidi</strong></span> <span class='ocrx_word' id='word_1_831' title='bbox 2687 4500 3049 4557; x_wconf 88' lang='lat' dir='ltr'><strong>securitatem.</strong></span> 
     </span>
    </p>
   </div>
   <div class='ocr_carea' id='block_1_108' title="bbox 2098 4580 3612 4668">
    <p class='ocr_par' dir='ltr' id='par_1_108' title="bbox 2098 4580 3612 4668">
     <span class='ocr_line' id='line_1_108' title="bbox 2098 4580 3612 4668; baseline -0.015 -9"><span class='ocrx_word' id='word_1_832' title='bbox 2098 4601 2349 4658; x_wconf 82' lang='lat' dir='ltr'><strong>Ferarum</strong></span> <span class='ocrx_word' id='word_1_833' title='bbox 2372 4612 2496 4654; x_wconf 83' lang='lat' dir='ltr'><strong>usus</strong></span> <span class='ocrx_word' id='word_1_834' title='bbox 2521 4597 2654 4668; x_wconf 86' lang='lat' dir='ltr'><strong>quis.</strong></span> <span class='ocrx_word' id='word_1_835' title='bbox 2671 4624 2745 4635; x_wconf 94' lang='lat'><strong>—</strong></span> <span class='ocrx_word' id='word_1_836' title='bbox 2766 4592 2821 4649; x_wconf 88' lang='lat' dir='ltr'><strong>Si</strong></span> <span class='ocrx_word' id='word_1_837' title='bbox 2847 4591 2965 4661; x_wconf 89' lang='lat' dir='ltr'><strong>quis</strong></span> <span class='ocrx_word' id='word_1_838' title='bbox 2987 4598 3164 4644; x_wconf 88' lang='lat' dir='ltr'><strong>autem</strong></span> <span class='ocrx_word' id='word_1_839' title='bbox 3190 4586 3331 4641; x_wconf 90' lang='lat' dir='ltr'><strong>dicat</strong></span> <span class='ocrx_word' id='word_1_840' title='bbox 3358 4601 3372 4639; x_wconf 89' lang='lat'><strong>:</strong></span> <span class='ocrx_word' id='word_1_841' title='bbox 3399 4582 3469 4639; x_wconf 85' lang='lat' dir='ltr'><strong>Et</strong></span> <span class='ocrx_word' id='word_1_842' title='bbox 3492 4580 3612 4653; x_wconf 88' lang='lat' dir='ltr'><strong>quis</strong></span> 
     </span>
    </p>
   </div>
   <div class='ocr_carea' id='block_1_109' title="bbox 2025 4675 3609 4752">
    <p class='ocr_par' dir='ltr' id='par_1_109' title="bbox 2025 4675 3609 4752">
     <span class='ocr_line' id='line_1_109' title="bbox 2025 4675 3609 4752; baseline -0.015 0"><span class='ocrx_word' id='word_1_843' title='bbox 2025 4706 2107 4752; x_wconf 90' lang='lat' dir='ltr'><strong>est</strong></span> <span class='ocrx_word' id='word_1_844' title='bbox 2149 4695 2304 4750; x_wconf 89' lang='lat' dir='ltr'><strong>nobis</strong></span> <span class='ocrx_word' id='word_1_845' title='bbox 2342 4705 2471 4749; x_wconf 90' lang='lat' dir='ltr'><strong>usus</strong></span> <span class='ocrx_word' id='word_1_846' title='bbox 2516 4686 2783 4745; x_wconf 86' lang='lat' dir='ltr'><strong>ferarum?</strong></span> <span class='ocrx_word' id='word_1_847' title='bbox 2810 4685 3048 4740; x_wconf 87' lang='lat' dir='ltr'><strong>dicemus</strong></span> <span class='ocrx_word' id='word_1_848' title='bbox 3080 4699 3095 4737; x_wconf 92' lang='lat'><strong>:</strong></span> <span class='ocrx_word' id='word_1_849' title='bbox 3128 4679 3362 4736; x_wconf 85' lang='lat' dir='ltr'><strong>Primum</strong></span> <span class='ocrx_word' id='word_1_850' title='bbox 3394 4675 3609 4749; x_wconf 89' lang='lat' dir='ltr'><strong>quidem</strong></span> 
     </span>
    </p>
   </div>
   <div class='ocr_carea' id='block_1_110' title="bbox 2026 4771 3610 4843">
    <p class='ocr_par' dir='ltr' id='par_1_110' title="bbox 2026 4771 3610 4843">
     <span class='ocr_line' id='line_1_110' title="bbox 2026 4771 3610 4843; baseline -0.013 -1"><span class='ocrx_word' id='word_1_851' title='bbox 2026 4771 2217 4843; x_wconf 65' lang='lat' dir='ltr'><strong>ammte</strong></span> <span class='ocrx_word' id='word_1_852' title='bbox 2248 4784 2597 4840; x_wconf 87' lang='lat' dir='ltr'><strong>humilitatem</strong></span> <span class='ocrx_word' id='word_1_853' title='bbox 2620 4777 2878 4842; x_wconf 83' lang='lat' dir='ltr'><strong>efficiunt,</strong></span> <span class='ocrx_word' id='word_1_854' title='bbox 2908 4784 2964 4830; x_wconf 90' lang='lat' dir='ltr'><strong>et</strong></span> <span class='ocrx_word' id='word_1_855' title='bbox 2989 4780 3048 4830; x_wconf 92' lang='lat' dir='ltr'><strong>ut</strong></span> <span class='ocrx_word' id='word_1_856' title='bbox 3070 4772 3234 4828; x_wconf 88' lang='lat' dir='ltr'><strong>homo</strong></span> <span class='ocrx_word' id='word_1_857' title='bbox 3255 4785 3315 4827; x_wconf 89' lang='lat' dir='ltr'><strong>se</strong></span> <span class='ocrx_word' id='word_1_858' title='bbox 3337 4777 3610 4833; x_wconf 79' lang='lat' dir='ltr'><strong>exerceat,</strong></span> 
     </span>
    </p>
   </div>
   <div class='ocr_carea' id='block_1_111' title="bbox 2027 4862 3613 4941">
    <p class='ocr_par' dir='ltr' id='par_1_111' title="bbox 2027 4862 3613 4941">
     <span class='ocr_line' id='line_1_111' title="bbox 2027 4862 3613 4941; baseline -0.015 -6"><span class='ocrx_word' id='word_1_859' title='bbox 2027 4888 2082 4935; x_wconf 90' lang='lat' dir='ltr'><strong>et</strong></span> <span class='ocrx_word' id='word_1_860' title='bbox 2109 4878 2176 4933; x_wconf 89' lang='lat' dir='ltr'><strong>ad</strong></span> <span class='ocrx_word' id='word_1_861' title='bbox 2203 4887 2474 4932; x_wconf 88' lang='lat' dir='ltr'><strong>certamen</strong></span> <span class='ocrx_word' id='word_1_862' title='bbox 2502 4878 2797 4941; x_wconf 80' lang='lat' dir='ltr'><strong>comparet,</strong></span> <span class='ocrx_word' id='word_1_863' title='bbox 2826 4867 2879 4921; x_wconf 93' lang='lat' dir='ltr'><strong>in</strong></span> <span class='ocrx_word' id='word_1_864' title='bbox 2905 4880 3061 4921; x_wconf 87' lang='lat' dir='ltr'><strong>causa</strong></span> <span class='ocrx_word' id='word_1_865' title='bbox 3084 4872 3230 4928; x_wconf 88' lang='lat' dir='ltr'><strong>sunt,</strong></span> <span class='ocrx_word' id='word_1_866' title='bbox 3261 4876 3324 4917; x_wconf 80' lang='lat' dir='ltr'><strong>ac</strong></span> <span class='ocrx_word' id='word_1_867' title='bbox 3349 4862 3500 4914; x_wconf 86' lang='lat' dir='ltr'><strong>valde</strong></span> <span class='ocrx_word' id='word_1_868' title='bbox 3525 4873 3613 4912; x_wconf 85' lang='lat' dir='ltr'><strong>ar-</strong></span> 
     </span>
    </p>
   </div>
   <div class='ocr_carea' id='block_1_112' title="bbox 2027 4950 3609 5040">
    <p class='ocr_par' dir='ltr' id='par_1_112' title="bbox 2027 4950 3609 5040">
     <span class='ocr_line' id='line_1_112' title="bbox 2027 4950 3609 5040; baseline -0.013 -17"><span class='ocrx_word' id='word_1_869' title='bbox 2027 4977 2301 5040; x_wconf 88' lang='lat' dir='ltr'><strong>rogantem</strong></span> <span class='ocrx_word' id='word_1_870' title='bbox 2326 4964 2553 5036; x_wconf 69' lang='lat' dir='ltr'><strong>propriae</strong></span> <span class='ocrx_word' id='word_1_871' title='bbox 2579 4972 2780 5016; x_wconf 80' lang='lat' dir='ltr'><strong>natura:</strong></span> <span class='ocrx_word' id='word_1_872' title='bbox 2801 4958 3091 5014; x_wconf 86' lang='lat' dir='ltr'><strong>admonent</strong></span> <span class='ocrx_word' id='word_1_873' title='bbox 3111 4997 3129 5023; x_wconf 93' lang='lat'><strong>,</strong></span> <span class='ocrx_word' id='word_1_874' title='bbox 3158 4953 3372 5026; x_wconf 82' lang='lat' dir='ltr'><strong>quando</strong></span> <span class='ocrx_word' id='word_1_875' title='bbox 3396 4950 3609 5006; x_wconf 87' lang='lat' dir='ltr'><strong>brutum</strong></span> 
     </span>
    </p>
   </div>
   <div class='ocr_carea' id='block_1_113' title="bbox 2027 5044 3611 5121">
    <p class='ocr_par' dir='ltr' id='par_1_113' title="bbox 2027 5044 3611 5121">
     <span class='ocr_line' id='line_1_113' title="bbox 2027 5044 3611 5121; baseline -0.015 -1"><span class='ocrx_word' id='word_1_876' title='bbox 2027 5072 2110 5121; x_wconf 87' lang='lat' dir='ltr'><strong>est</strong></span> <span class='ocrx_word' id='word_1_877' title='bbox 2161 5064 2212 5118; x_wconf 90' lang='lat' dir='ltr'><strong>ei</strong></span> <span class='ocrx_word' id='word_1_878' title='bbox 2256 5059 2511 5116; x_wconf 84' lang='lat' dir='ltr'><strong>terribile.</strong></span> <span class='ocrx_word' id='word_1_879' title='bbox 2564 5056 2682 5113; x_wconf 85' lang='lat' dir='ltr'><strong>Jam</strong></span> <span class='ocrx_word' id='word_1_880' title='bbox 2721 5069 2848 5110; x_wconf 87' lang='lat' dir='ltr'><strong>vero</strong></span> <span class='ocrx_word' id='word_1_881' title='bbox 2892 5049 3255 5108; x_wconf 86' lang='lat' dir='ltr'><strong>laborantibus</strong></span> <span class='ocrx_word' id='word_1_882' title='bbox 3296 5044 3611 5116; x_wconf 83' lang='lat' dir='ltr'><strong>corporibus</strong></span> 
     </span>
    </p>
   </div>
   <div class='ocr_carea' id='block_1_114' title="bbox 2029 5135 3606 5211">
    <p class='ocr_par' dir='ltr' id='par_1_114' title="bbox 2029 5135 3606 5211">
     <span class='ocr_line' id='line_1_114' title="bbox 2029 5135 3606 5211; baseline -0.016 1"><span class='ocrx_word' id='word_1_883' title='bbox 2029 5156 2194 5211; x_wconf 81' lang='lat' dir='ltr'><strong>multa</strong></span> <span class='ocrx_word' id='word_1_884' title='bbox 2229 5169 2295 5208; x_wconf 84' lang='lat' dir='ltr'><strong>ex</strong></span> <span class='ocrx_word' id='word_1_885' title='bbox 2331 5151 2413 5206; x_wconf 87' lang='lat' dir='ltr'><strong>his</strong></span> <span class='ocrx_word' id='word_1_886' title='bbox 2450 5149 2582 5204; x_wconf 88' lang='lat' dir='ltr'><strong>ﬁunt</strong></span> <span class='ocrx_word' id='word_1_887' title='bbox 2619 5147 3024 5204; x_wconf 85' lang='lat' dir='ltr'><strong>medicamenta.</strong></span> <span class='ocrx_word' id='word_1_888' title='bbox 3056 5141 3158 5209; x_wconf 82' lang='lat' dir='ltr'><strong>Qui</strong></span> <span class='ocrx_word' id='word_1_889' title='bbox 3185 5141 3298 5195; x_wconf 62' lang='lat' dir='ltr'><strong>haec</strong></span> <span class='ocrx_word' id='word_1_890' title='bbox 3324 5144 3503 5192; x_wconf 88' lang='lat' dir='ltr'><strong>autem</strong></span> <span class='ocrx_word' id='word_1_891' title='bbox 3530 5135 3606 5189; x_wconf 81' lang='lat' dir='ltr'><strong>in-</strong></span> 
     </span>
    </p>
   </div>
   <div class='ocr_carea' id='block_1_115' title="bbox 2028 5228 3602 5317">
    <p class='ocr_par' dir='ltr' id='par_1_115' title="bbox 2028 5228 3602 5317">
     <span class='ocr_line' id='line_1_115' title="bbox 2028 5228 3602 5317; baseline -0.015 -13"><span class='ocrx_word' id='word_1_892' title='bbox 2028 5255 2262 5317; x_wconf 83' lang='lat' dir='ltr'><strong>terrogat</strong></span> <span class='ocrx_word' id='word_1_893' title='bbox 2280 5286 2295 5310; x_wconf 88' lang='lat'><strong>,</strong></span> <span class='ocrx_word' id='word_1_894' title='bbox 2324 5258 2420 5298; x_wconf 89' lang='lat' dir='ltr'><strong>cur</strong></span> <span class='ocrx_word' id='word_1_895' title='bbox 2446 5242 2571 5297; x_wconf 66' lang='lat' dir='ltr'><strong>fera:</strong></span> <span class='ocrx_word' id='word_1_896' title='bbox 2592 5243 2742 5295; x_wconf 62' lang='lat' dir='ltr'><strong>factae</strong></span> <span class='ocrx_word' id='word_1_897' title='bbox 2771 5239 2897 5302; x_wconf 90' lang='lat' dir='ltr'><strong>sint,</strong></span> <span class='ocrx_word' id='word_1_898' title='bbox 2927 5231 3273 5303; x_wconf 83' lang='lat' dir='ltr'><strong>interrogabit</strong></span> <span class='ocrx_word' id='word_1_899' title='bbox 3298 5228 3481 5293; x_wconf 88' lang='lat' dir='ltr'><strong>etiam,</strong></span> <span class='ocrx_word' id='word_1_900' title='bbox 3512 5241 3602 5282; x_wconf 79' lang='lat' dir='ltr'><strong>cur</strong></span> 
     </span>
    </p>
   </div>
   <div class='ocr_carea' id='block_1_116' title="bbox 2028 5318 3602 5402">
    <p class='ocr_par' dir='ltr' id='par_1_116' title="bbox 2028 5318 3602 5402">
     <span class='ocr_line' id='line_1_116' title="bbox 2028 5318 3602 5402; baseline -0.013 -8"><span class='ocrx_word' id='word_1_901' title='bbox 2028 5341 2082 5394; x_wconf 93' lang='lat' dir='ltr'><strong>in</strong></span> <span class='ocrx_word' id='word_1_902' title='bbox 2113 5338 2266 5393; x_wconf 87' lang='lat' dir='ltr'><strong>nobis</strong></span> <span class='ocrx_word' id='word_1_903' title='bbox 2294 5337 2362 5391; x_wconf 87' lang='lat' dir='ltr'><strong>sit</strong></span> <span class='ocrx_word' id='word_1_904' title='bbox 2391 5334 2511 5389; x_wconf 85' lang='lat' dir='ltr'><strong>bilis</strong></span> <span class='ocrx_word' id='word_1_905' title='bbox 2539 5344 2592 5388; x_wconf 91' lang='lat' dir='ltr'><strong>et</strong></span> <span class='ocrx_word' id='word_1_906' title='bbox 2622 5329 2846 5402; x_wconf 82' lang='lat' dir='ltr'><strong>pituita?</strong></span> <span class='ocrx_word' id='word_1_907' title='bbox 2886 5327 3017 5383; x_wconf 83' lang='lat' dir='ltr'><strong>Nam</strong></span> <span class='ocrx_word' id='word_1_908' title='bbox 3042 5339 3107 5381; x_wconf 85' lang='lat' dir='ltr'><strong>ea</strong></span> <span class='ocrx_word' id='word_1_909' title='bbox 3131 5334 3365 5395; x_wconf 84' lang='lat' dir='ltr'><strong>quoque,</strong></span> <span class='ocrx_word' id='word_1_910' title='bbox 3388 5321 3433 5376; x_wconf 86' lang='lat' dir='ltr'><strong>si</strong></span> <span class='ocrx_word' id='word_1_911' title='bbox 3454 5318 3602 5377; x_wconf 80' lang='lat' dir='ltr'><strong>exci-</strong></span> 
     </span>
    </p>
   </div>
   <div class='ocr_carea' id='block_1_117' title="bbox 2030 5414 3610 5493">
    <p class='ocr_par' dir='ltr' id='par_1_117' title="bbox 2030 5414 3610 5493">
     <span class='ocr_line' id='line_1_117' title="bbox 2030 5414 3610 5493; baseline -0.008 -9"><span class='ocrx_word' id='word_1_912' title='bbox 2030 5440 2136 5486; x_wconf 86' lang='lat' dir='ltr'><strong>tata</strong></span> <span class='ocrx_word' id='word_1_913' title='bbox 2159 5428 2375 5493; x_wconf 88' lang='lat' dir='ltr'><strong>fuerint,</strong></span> <span class='ocrx_word' id='word_1_914' title='bbox 2396 5436 2594 5482; x_wconf 77' lang='lat' dir='ltr'><strong>exeunt</strong></span> <span class='ocrx_word' id='word_1_915' title='bbox 2624 5425 2735 5479; x_wconf 84' lang='lat' dir='ltr'><strong>fera</strong></span> <span class='ocrx_word' id='word_1_916' title='bbox 2762 5417 3149 5485; x_wconf 85' lang='lat' dir='ltr'><strong>vehementius,</strong></span> <span class='ocrx_word' id='word_1_917' title='bbox 3173 5416 3374 5488; x_wconf 84' lang='lat' dir='ltr'><strong>totique</strong></span> <span class='ocrx_word' id='word_1_918' title='bbox 3398 5414 3610 5486; x_wconf 84' lang='lat' dir='ltr'><strong>corpori</strong></span> 
     </span>
    </p>
   </div>
   <div class='ocr_carea' id='block_1_118' title="bbox 2028 5510 3615 5584">
    <p class='ocr_par' dir='ltr' id='par_1_118' title="bbox 2028 5510 3615 5584">
     <span class='ocr_line' id='line_1_118' title="bbox 2028 5510 3615 5584; baseline -0.01 -6"><span class='ocrx_word' id='word_1_919' title='bbox 2028 5523 2248 5579; x_wconf 78' lang='lat' dir='ltr'><strong>exitium</strong></span> <span class='ocrx_word' id='word_1_920' title='bbox 2275 5519 2521 5574; x_wconf 83' lang='lat' dir='ltr'><strong>afferunt.</strong></span> <span class='ocrx_word' id='word_1_921' title='bbox 2552 5517 2719 5572; x_wconf 82' lang='lat' dir='ltr'><strong>Porro</strong></span> <span class='ocrx_word' id='word_1_922' title='bbox 2749 5512 2900 5568; x_wconf 88' lang='lat' dir='ltr'><strong>nobis</strong></span> <span class='ocrx_word' id='word_1_923' title='bbox 2923 5526 3133 5584; x_wconf 86' lang='lat' dir='ltr'><strong>quoque</strong></span> <span class='ocrx_word' id='word_1_924' title='bbox 3160 5511 3295 5567; x_wconf 87' lang='lat' dir='ltr'><strong>inest</strong></span> <span class='ocrx_word' id='word_1_925' title='bbox 3330 5510 3408 5566; x_wconf 79' lang='lat' dir='ltr'><strong>ira</strong></span> <span class='ocrx_word' id='word_1_926' title='bbox 3435 5515 3491 5564; x_wconf 88' lang='lat' dir='ltr'><strong>et</strong></span> <span class='ocrx_word' id='word_1_927' title='bbox 3519 5523 3615 5563; x_wconf 90' lang='lat' dir='ltr'><strong>eu-</strong></span> 
     </span>
    </p>
   </div>
   <div class='ocr_carea' id='block_1_119' title="bbox 2093 5645 3084 5722">
    <p class='ocr_par' dir='ltr' id='par_1_119' title="bbox 2093 5645 3084 5722">
     <span class='ocr_line' id='line_1_119' title="bbox 2093 5645 3084 5722; baseline -0.014 -11"><span class='ocrx_word' id='word_1_928' title='bbox 2093 5663 2110 5695; x_wconf 79' lang='grc' dir='ltr'><strong>ι</strong></span> <span class='ocrx_word' id='word_1_929' title='bbox 2148 5667 2290 5718; x_wconf 78' lang='lat' dir='ltr'><strong>L‘nus,</strong></span> <span class='ocrx_word' id='word_1_930' title='bbox 2314 5652 2402 5708; x_wconf 79' lang='lat' dir='ltr'><strong>ser!</strong></span> <span class='ocrx_word' id='word_1_931' title='bbox 2425 5664 2534 5722; x_wconf 67' lang='lat' dir='ltr'><strong>qua:</strong></span> <span class='ocrx_word' id='word_1_932' title='bbox 2555 5653 2618 5703; x_wconf 82' lang='lat' dir='ltr'><strong>ad</strong></span> <span class='ocrx_word' id='word_1_933' title='bbox 2638 5648 2811 5700; x_wconf 70' lang='grc' dir='ltr'>νὶσιιιηι</span> <span class='ocrx_word' id='word_1_934' title='bbox 2830 5645 3084 5716; x_wconf 65' lang='lat' dir='ltr'><strong>nminem.</strong></span> 
     </span>
    </p>
   </div>
  </div>
