4064 6206
433 247 532 304 Il!)

428 361 650 432 piditas,
678 374 797 430 quae
835 357 964 429 ipsis
996 369 1207 428 quoque
1233 355 1359 411 feris
1390 353 1600 425 gravius
1626 350 1778 406 nobis
1804 348 2006 403 incom—

427 454 644 508 modum
677 451 937 516 all‘erunt,
967 448 1066 504 nisi
1093 462 1186 503 eas
1208 459 1549 502 coerceamus
1577 452 1631 498 et
1654 441 2002 496 refrenemus.

427 546 565 614 Quid
610 553 788 599 autem
825 542 946 597 dico
981 540 1214 594 animum
1248 547 1304 594 et
1346 539 1654 604 iram,'cum
1699 533 1813 602 ipse
1845 530 2003 585 etiam

427 646 607 690 noster
633 633 819 690 oculus
860 632 912 686 in
956 630 1184 701 pejores,
1214 643 1370 700 quam
1397 626 1544 691 ferte,
1571 623 1878 678 all‘ectiones
1908 634 2004 674 nos

426 727 739 797 prmcipitet,
770 735 826 780 ut
853 724 940 795 qui
971 738 1070 778 nos
1096 723 1147 776 in
1175 735 1409 774 amorem
1433 717 1680 772 acerbum
1711 722 1848 768 totos
1871 727 2005 767 eon-

427 819 587 888 ligat?
613 817 715 874 Sed
743 831 849 872 non
880 815 999 870 ideo
1023 815 1282 882 dicemus,
1309 811 1417 865 Cur
1438 809 1550 862 haec
1571 807 1703 862 facta
1721 804 1882 861 sunt?
1910 802 2002 858 sed

423 911 584 966 etiam
631 924 728 980 pro
767 908 1013 963 omnibus
1062 905 1285 960 Domino
1328 903 1525 973 gratias
1569 913 1805 970 agemus.
1852 896 2001 964 Quod

425 1002 567 1056 enim
593 1012 674 1056 est
702 1015 867 1072 puero
893 998 1126 1062 scutica,
1159 995 1260 1050 hoc
1304 1005 1386 1049 est
1427 992 1536 1046 fera
1579 989 1900 1045 hominibus.
1947 986 2002 1042 Si

423 1093 566 1148 enim
596 1107 716 1147 cum
743 1092 824 1145 vel
852 1099 928 1146 tot
955 1089 1112 1144 rebus
1134 1087 1335 1157 asperis
1354 1086 1746 1149 contineantur,
1770 1079 2005 1151 plerique

424 1191 603 1238 tamen
652 1184 704 1237 in
752 1191 950 1236 tantam
995 1178 1321 1234 extolluntur
1362 1176 1717 1247 arrogantiam
1757 1190 1771 1227 :
1814 1172 1858 1227 si
1901 1171 2004 1225 hoc

421 1274 580 1330 etiam
625 1274 831 1329 frenum
881 1271 1166 1336 ademeris,
1205 1268 1486 1324 considera
1527 1282 1636 1338 quo
1682 1266 1752 1319 sit
1790 1262 2002 1318 tandem

425 1379 736 1434 processura
780 1362 1109 1432 improbitas.
1153 1360 1226 1415 Ea
1257 1359 1323 1414 de
1351 1373 1507 1414 causa
1536 1357 1714 1410 datum
1741 1363 1823 1408 est
1851 1353 2004 1408 nobis

422 1469 614 1524 corpus
641 1453 775 1508 adeo
805 1452 1006 1507 morbis
1030 1449 1338 1513 obnoxium,
1371 1447 1604 1518 patibile,
1631 1443 1772 1514 quod
1793 1441 2004 1498 obside-

423 1554 509 1599 tur
532 1561 560 1599 a
592 1545 745 1600 malis
774 1541 1248 1598 innumerabilibus
1277 1557 1291 1593 :
1315 1548 1368 1594 ct
1399 1549 1557 1605 terra,
1590 1553 1708 1606 quae
1734 1550 1828 1589 sua
1854 1542 2000 1602 sunt,

425 1635 668 1704 producit
707 1649 830 1688 cum
875 1632 1182 1686 laboribus:
1211 1639 1266 1685 et
1308 1630 1548 1683 universa
1586 1629 1690 1680 vita
1732 1625 1884 1696 plena
1921 1632 2005 1679 est

421 1725 728 1780 sudoribus.
765 1724 1024 1791 Quoniam
1047 1735 1282 1792 przesens
1312 1720 1414 1773 vita
1437 1729 1522 1774 est
1547 1717 1707 1772 veluti
1735 1715 2002 1787 quodnam

421 1816 777 1888 gymnasium,
823 1816 1097 1882 otiumque
1130 1821 1185 1866 ct
1226 1811 1469 1866 remissio
1516 1809 1794 1878 plerosque
1831 1805 2005 1876 perdit

423 1907 666 1963 homines
685 1949 699 1974 ,
739 1915 1016 1977 propterea
1046 1902 1310 1972 negotium
1341 1911 1394 1954 et
1424 1900 1657 1954 laborem
1682 1897 2001 1960 admiscuit,

423 2007 480 2052 ut
517 2007 782 2068 tamquam
808 2012 840 2050 a
867 1994 1179 2067 quibusdam
1207 1991 1367 2047 frenis
1391 1992 1678 2061 castigetur
1710 1987 2000 2043 acrimonia

421 2088 636 2142 mentis.
683 2086 760 2142 Tu
802 2098 980 2140 autem
1011 2083 1286 2140 considera
1313 2081 1582 2153 quomodo
1607 2095 1670 2135 ea
1698 2079 1857 2136 etiam
1885 2093 2004 2148 qua:

423 2188 606 2234 natant
628 2195 722 2249 per
741 2176 1150 2249 profunditatem
1177 2191 1452 2246 aquarum,
1469 2183 1530 2230 et
1550 2189 1666 2245 qua:
1691 2174 1747 2228 in
1776 2173 2003 2228 sublime

423 2269 710 2334 tolluntur,
755 2285 848 2338 per
885 2277 1054 2323 artem
1085 2267 1176 2322 tibi
1209 2267 1460 2321 Dominus
1484 2265 1788 2335 subjecerit.
1815 2265 1882 2320 Et
1907 2279 2004 2319 cur

422 2373 528 2412 non
540 2359 717 2414 omnia
733 2375 852 2430 qua:
879 2358 1146 2425 videntur,
1162 2365 1509 2428 persequutus
1536 2365 1638 2426 est,
1659 2356 1883 2427 plantas,
1910 2371 2000 2411 ar-

420 2451 600 2518 bores,
617 2459 672 2506 et
697 2451 940 2506 semina?
977 2451 1054 2506 Ex
1085 2460 1232 2521 parte
1253 2459 1418 2505 totum
1446 2449 1780 2521 significavit,
1812 2457 1866 2504 et
1891 2459 1997 2504 stu-

421 2541 586 2595 diosis
610 2549 802 2596 extera
828 2540 1051 2596 dicenda
1081 2541 1316 2612 reliquit.
1359 2541 1429 2596 Et
1464 2556 1649 2596 rursus
1675 2541 1725 2595 in
1753 2539 2000 2595 eumdem

419 2631 615 2687 desinit
641 2632 819 2698 finem,
851 2648 914 2688 ex
945 2648 1050 2704 quo
1075 2643 1310 2703 ccepcrat
1337 2651 1350 2687 :
1385 2632 1598 2688 Domine
1635 2632 1883 2688 Dominus
1904 2649 2000 2687 no-

418 2732 521 2776 ster
542 2737 562 2777 :
576 2731 630 2778 et
649 2733 775 2779 ante
794 2724 1176 2793 probationem,
1200 2736 1254 2780 et
1283 2734 1397 2794 post
1419 2725 1787 2796 probationem
1811 2725 2000 2781 eadem

419 2817 580 2872 verba
606 2832 831 2887 ponens.
865 2817 1276 2875 Perseveremus
1303 2834 1431 2891 ergo
1457 2835 1555 2874 nos
1573 2835 1785 2892 quoque
1811 2821 1998 2876 eadem

415 2909 630 2966 assidue
656 2910 853 2977 dicere,
876 2910 1200 2967 admirantes
1226 2912 1342 2982 ejus
1371 2913 1801 2979 sollicitudinem,
1827 2914 2000 2984 suspi-

417 3001 618 3057 cientes
663 3003 1015 3074 sapientiam,
1061 3004 1438 3071 clementiam,
1482 3014 1536 3060 et
1580 3005 1695 3074 ejus
1737 3020 1862 3076 erga
1902 3021 2000 3060 nos

419 3091 823 3161 providentiam.
881 3094 948 3148 Et
992 3093 1107 3148 hate
1142 3094 1356 3164 quidem
1385 3109 1414 3147 a
1443 3094 1594 3150 nobis
1619 3095 1757 3150 dicta
1783 3105 1906 3150 sunt
1931 3096 1998 3151 ad

419 3183 925 3255 interpretationem.
957 3186 1012 3242 Si
1043 3195 1220 3241 autem
1243 3187 1419 3253 vultis,
1443 3202 1557 3242 rem
1579 3188 1766 3258 majori
1789 3205 2002 3264 quoque

419 3276 760 3332 contentione
783 3291 1022 3346 agamus,
1047 3286 1102 3332 et
1123 3277 1336 3332 Judzeos
1369 3293 1632 3348 rogemus,
1664 3279 1881 3339 ttbinam
1909 3301 2002 3338 vo-

419 3380 539 3421 cem
561 3367 722 3436 puelli
741 3367 1053 3422 emiserint?
1079 3368 1164 3424 ubi
1189 3368 1460 3426 inimicum
1482 3370 1602 3428 talis
1615 3390 1718 3429 vox
1735 3375 2004 3431 destruxe-

420 3460 530 3515 rit?
557 3461 770 3530 quando
796 3461 914 3532 ejus
939 3475 1133 3520 nomen
1164 3465 1318 3521 fuerit
1343 3465 1694 3522 admirabile?
1728 3466 1834 3523 Sed
1859 3467 2002 3524 aliud

421 3561 628 3622 tempus
651 3594 668 3620 ,
707 3569 868 3626 quam
902 3556 1002 3611 hoc
1026 3597 1041 3620 ,
1075 3572 1178 3610 non
1218 3566 1466 3626 poterunt
1493 3557 1692 3626 dicere,
1723 3559 1864 3629 quod
1891 3561 2005 3616 sole

421 3643 611 3700 clarius
637 3647 868 3702 ostendit
891 3649 994 3702 vim
1015 3648 1268 3702 veritatis.
1295 3648 1363 3702 Et
1383 3648 1504 3704 ideo
1525 3649 1673 3716 dicit,
1688 3649 1877 3706 Videbo
1901 3669 1996 3706 ca?-

424 3739 501 3794 los
523 3757 678 3810 opera
699 3741 972 3812 digitorum
1000 3752 1198 3796 tuorum
1226 3758 1244 3796 :
1273 3751 1328 3798 et
1349 3751 1523 3797 tamen
1545 3742 1656 3812 jam
1677 3742 1882 3799 dixerat
1897 3743 2008 3799 Mo-

422 3847 508 3888 ses
532 3831 628 3888 :ln
641 3834 890 3905 principio
903 3835 1019 3906 fecit
1050 3834 1184 3889 Deus
1209 3835 1388 3889 cwlum
1415 3844 1462 3888 et
1491 3845 1676 3889 terram
1711 3835 2003 3910 (Gen.l.l).

494 3924 716 3980 Paulum
743 3927 1127 3982 Samosatenum
1146 3928 1393 3982 adoritur.
1414 3959 1487 3968 —
1505 3928 1610 3983 Sed
1631 3927 1886 3986 adversus
1907 3931 2004 3987 Ju-

424 4016 571 4072 dazos
599 4019 812 4088 quidem
837 4019 1104 4074 sufficiunt
1133 4020 1276 4083 haec,
1306 4030 1360 4075 et
1379 4037 1497 4092 qua:
1517 4029 1642 4076 ante
1667 4021 1809 4077 dicta
1839 4033 1960 4078 sunt
1989 4043 2004 4080 :

423 4109 518 4166 sed
561 4111 811 4180 quoniam
854 4112 942 4181 qui
989 4112 1198 4167 illorum
1242 4112 1518 4183 dogmata,
1551 4113 1596 4167 si
1635 4112 1878 4168 dematur
1898 4117 2007 4170 cir-

424 4203 712 4266 cumcisio,
754 4203 1104 4270 aemulantur,
1139 4203 1283 4259 Pauli
1313 4203 1646 4259 Samosateui
1681 4207 1900 4262 asseclae
1929 4207 2011 4260 di-

423 4304 550 4350 cunt
575 4294 844 4350 Christum
867 4295 1027 4351 fuisse
1047 4296 1114 4350 ab
1140 4309 1206 4350 eo
1231 4305 1468 4364 tempore
1486 4337 1500 4357 .
1533 4311 1594 4349 ex
1627 4311 1733 4366 quo
1758 4313 1820 4352 ex
1848 4297 2007 4352 Maria

429 4385 688 4454 processit
720 4384 942 4456 (a),illos
967 4385 1126 4440 etiam
1159 4400 1406 4454 rogemus
1431 4403 1444 4440 :
1471 4385 1748 4451 Quomodo
1777 4387 1821 4440 si
1851 4387 1918 4441 ab
1945 4403 2011 4443 eo

431 4488 670 4548 tempore
695 4486 811 4532 erat
829 4477 1096 4544 Christus,
1120 4477 1282 4532 cxelos
1299 4476 1586 4532 fabricatus
1611 4487 1693 4532 est
1712 4477 1735 4530 7
1753 4477 2008 4542 Eumdem

434 4569 570 4623 enim
619 4569 705 4623 hic
743 4583 861 4624 esse
899 4568 1056 4634 dicit,
1089 4568 1176 4638 qui
1207 4583 1276 4622 ex
1308 4583 1402 4622 ore
1428 4567 1703 4622 infantium
1729 4578 1783 4624 et
1807 4569 2014 4624 lacteu-

434 4661 560 4713 timn
591 4659 802 4714 laudem
834 4658 1094 4728 perfecit,
1127 4666 1181 4712 et
1209 4658 1296 4728 qui
1325 4658 1484 4713 czelos
1514 4657 1800 4713 fabricatus
1825 4670 1925 4714 est.
1956 4660 2011 4716 Si

433 4761 606 4805 autem
647 4757 729 4804 est
765 4749 1018 4803 caelorum
1060 4750 1263 4818 opifex,
1303 4757 1470 4803 restat
1496 4757 1552 4802 ut
1579 4747 1738 4802 fuerit
1765 4758 1888 4805 ante
1912 4766 2014 4805 cae-

433 4845 550 4899 los:
595 4857 693 4899 ncc
729 4843 878 4898 duxit
915 4841 1119 4896 initium
1156 4858 1218 4897 ex
1246 4841 1440 4909 Maria,
1483 4843 1590 4896 imo
1619 4844 1732 4897 erat
1761 4854 1885 4898 ante
1907 4843 2019 4898 Ma-

433 4939 586 4994 riam.
632 4937 921 4994 Considera
973 4945 1148 4991 at'tem
1199 4936 1470 5005 propheta:
1519 4936 1852 5006 sapientiam.
1900 4937 2013 4992 Non

434 5034 575 5089 enim
622 5047 744 5087 eum
784 5030 1120 5087 solummodo
1161 5029 1358 5083 inducit
1399 5029 1642 5098 opificem
1669 5070 1683 5091 ,
1725 5027 1819 5084 sed
1856 5030 2014 5084 etiam

436 5125 783 5182 fabricantem
814 5139 934 5178 cum
967 5137 1156 5192 magna
1178 5120 1449 5175 facilitate.
1479 5121 1542 5174 Et
1567 5120 1688 5175 ideo
1715 5121 1842 5175 dicit
1871 5137 1884 5173 :
1929 5120 2018 5175 Vi-

435 5217 558 5272 debo
597 5216 746 5272 caelos
783 5230 938 5285 Opera
965 5214 1234 5285 digitorum
1263 5220 1462 5265 tuorum
1481 5252 1496 5277 ,
1527 5225 1630 5265 non
1659 5211 1797 5280 quod
1831 5211 2020 5266 haheat

438 5310 576 5364 Deus
597 5309 830 5380 digitos,
859 5307 951 5363 sed
980 5307 1214 5360 minium
1235 5318 1356 5360 esse
1384 5303 1708 5373 operationis
1735 5303 2022 5360 ostendens

503 5439 579 5502 (a)
611 5438 784 5502 Paulus
804 5445 1143 5489 Samosatenus
1161 5435 1360 5502 dicebat
1386 5433 1642 5502 Christum,
1681 5435 1828 5482 etiam
1846 5439 2023 5502 quate-

437 5496 532 5550 nus
557 5496 713 5551 'Filius
735 5508 841 5550 erat
857 5502 959 5558 Dei,
983 5507 1101 5549 tunc
1123 5499 1371 5548 exsistere
1395 5496 1603 5557 cmpisse
1649 5509 1760 5544 cum
1795 5508 1860 5545 ex
1882 5496 2024 5558 plaria

438 5562 692 5626 processit,
719 5565 777 5626 et
795 5561 860 5609 ita
891 5556 1353 5626 consubstantialem,
1361 5622 1371 5626 _
1396 5556 1577 5626 graece,
1624 5569 1833 5619 sponsam,
1874 5556 2025 5605 fuisse

439 5619 583 5684 i'atri,
607 5630 662 5674 ut
683 5619 813 5674 nulla
833 5630 968 5671 esset
990 5634 1302 5684 personarum
1325 5619 1598 5684 distinctio;
1623 5632 1721 5682 quo
1741 5632 1886 5668 sensu
1911 5630 2025 5678 vox,

440 5681 650 5751 Wa...
673 5685 893 5736 damnata
920 5681 1059 5732 estin
1083 5682 1266 5747 synodo
1282 5681 1592 5731 Antiochena.

1169 240 1227 296 S.
1253 236 1531 297 JOANNIS
1558 230 2028 292 CllRYSOSTOMl
2067 231 2386 288 ARCIIIEP.
2413 230 2944 288 CONSTANTINOP.

3590 231 3694 288 120

2117 359 2236 414 qum
2260 345 2532 411 videntur,
2577 345 2922 400 familiaribus
2948 341 3102 399 nobis
3131 343 3430 398 nominibus
3457 344 3654 399 docens
3671 386 3692 410 ,

2114 445 2539 504 quaisuntsupra
2566 450 2682 489 nos.
2701 434 2832 489 Nam
2849 434 3008 488 etiam
3034 434 3243 504 quando
3265 433 3394 488 dicit
3425 451 3438 486 :
3461 433 3560 500 Qui
3591 452 3695 487 meo

2114 524 2236 578 titur
2277 525 2456 578 cretum
2492 525 2690 596 palmo,
2725 533 2776 578 et
2815 534 3000 577 terram
3027 524 3219 594 pugillo
3247 523 3398 594 (Isai.
3431 524 3521 578 40.
3553 525 3673 596 12):

2113 630 2218 668 non
2259 617 2511 685 pugillum
2541 626 2595 669 et
2625 615 2857 684 palmum
2887 613 3191 694 significans
3211 655 3226 681 ,
3257 615 3372 668 hmo
3399 613 3566 679 dicit,
3597 615 3688 672 sed

2113 704 2297 758 volens
2348 706 2445 760 Dei
2491 705 2747 760 infinitam
2778 703 3691 773 ostenderepotentiam.Quomodo

2112 809 2239 864 ergo
2286 794 2486 850 audent
2535 795 2773 850 nonnulli
2820 795 3010 850 Filium
3055 794 3236 848 dicere
3281 795 3692 854 administrant?

2111 874 2211 952 Qui
2241 887 2381 940 enim
2412 902 2479 940 ne
2509 887 2807 941 universam
2835 887 3048 958 quidem
3071 901 3218 940 suam
3243 889 3692 957 movitoperatio-

2113 991 2234 1028 nem
2255 1015 2270 1038 ,
2311 977 2523 1045 quando
2566 979 2754 1032 czelum
2797 976 2972 1033 facere
2999 979 3233 1046 oportuit
3265 995 3279 1031 :
3309 979 3434 1047 quid
3463 979 3582 1034 dico
3607 990 3690 1035 to-

2112 1074 2218 1119 tam
2243 1066 2266 1119 ?
2287 1066 2380 1122 sed
2401 1069 2489 1136 qui
2523 1084 2588 1122 ne
2613 1069 2884 1123 minimam
2908 1069 3119 1139 quidem
3147 1111 3162 1136 ,
3191 1069 3284 1123 sed
3310 1070 3450 1140 quod
3474 1082 3588 1125 erat
3607 1075 3692 1127 vel

2111 1159 2342 1212 maxime
2387 1159 2632 1228 pusillum
2670 1177 2684 1214 :
2723 1159 2989 1230 quomodo
3015 1160 3172 1215 fuerit
3190 1160 3538 1215 administer?
3561 1180 3694 1232 quo-

2109 1250 2269 1305 modo
2297 1251 2608 1306 administer
2626 1292 2641 1317 ,
2667 1252 2712 1306 si
2743 1252 2870 1318 Qua:
2898 1254 3019 1323 facit
3049 1251 3235 1318 Pater,
3262 1269 3323 1306 ea
3351 1269 3545 1322 quoque
3567 1257 3690 1325 facit

2111 1342 2280 1397 Filius
2320 1344 2550 1398 similiter
2590 1344 2767 1415 (Joan.
2809 1346 2863 1400 5.
2893 1345 3023 1414 l9)?
3054 1343 3151 1400 Ubi
3182 1355 3264 1399 est
3286 1345 3428 1399 enim
3457 1346 3584 1400 illud
3608 1348 3695 1402 Si-

2109 1435 2322 1498 militer,
2369 1435 2413 1489 si
2459 1434 2545 1489 hic
2582 1434 2793 1504 quidem
2821 1443 2902 1488 est
2928 1434 3268 1498 administer,
3303 1435 3388 1490 ille
3418 1451 3544 1490 vero
3573 1438 3691 1505 cpi-

2110 1525 2237 1580 fex?
2263 1525 2542 1591 Quomodo
2571 1535 2747 1580 autem
2778 1525 2906 1580 dicit
2933 1525 3049 1594 ejus
3067 1540 3186 1580 esse
3205 1541 3388 1595 opera,
3409 1526 3693 1597 aliquando

2108 1615 2320 1686 quidem
2348 1616 2532 1672 dicens
2555 1657 2570 1680 ,
2603 1617 2816 1670 Domine
2833 1659 2849 1684 ,
2883 1627 2936 1671 tu
2964 1617 3026 1670 ab
3046 1617 3189 1671 initio
3216 1627 3400 1672 terram
3430 1620 3658 1689 fundasti
3674 1662 3690 1682 ,

2109 1716 2155 1760 et
2191 1723 2346 1777 opera
2375 1723 2614 1760 manuum
2638 1717 2838 1761 tuarum
2864 1718 2982 1762 sunt
3007 1709 3116 1762 creti
3145 1724 3164 1763 :
3195 1708 3280 1763 hic
3309 1725 3434 1763 vero
3453 1751 3468 1772 ,
3505 1709 3691 1765 Videbo

2107 1801 2260 1851 δίεισι
2304 1813 2458 1867 opera
2498 1797 2772 1869 digitorum
2816 1807 3018 1852 tuorum
3051 1798 3222 1868 (Psal.
3268 1799 3386 1854 lOI.
3415 1799 3690 1872 ‘26)?Non

2108 1889 2253 1944 enim
2293 1887 2724 1943 administrorum
2745 1897 2872 1943 sunt
2893 1903 3052 1957 Opera
3075 1929 3089 1954 ,
3120 1889 3213 1943 sed
3238 1888 3484 1958 opificum
3519 1907 3533 1942 :
3563 1899 3619 1947 et
3646 1893 3690 1946 si

2108 1983 2228 2054 quis
2269 1982 2336 2036 sit
2377 1981 2721 2046 administer,
2751 1997 2856 2036 non
2887 1982 2959 2036 illi
2989 1981 3295 2036 attribuitur
3319 1997 3454 2051 opus
3477 2024 3494 2047 ,
3519 1983 3612 2037 sed
3640 1985 3689 2039 ei

2107 2074 2199 2146 qui
2243 2073 2548 2128 fabricatur.
2575 2073 2714 2143 Ergo
2742 2086 2804 2128 ea
2835 2072 2996 2127 etiam
3027 2087 3144 2142 quae
3169 2080 3292 2126 ante
3320 2088 3351 2126 a
3379 2072 3523 2128 Mose
3549 2073 3690 2128 dicta
3725 2129 3728 2131 Α

2108 2174 2234 2221 sunt
2263 2165 2330 2220 de
2366 2165 2536 2231 Filio,
2582 2178 2774 2234 nempe
2811 2162 2981 2217 illud:
3015 2161 3079 2216 In
3117 2163 3366 2234 principio
3411 2163 3527 2231 fecit
3553 2162 3692 2218 Deus

2107 2257 2288 2311 cazlum
2322 2267 2368 2310 et
2412 2265 2625 2318 terram,
2656 2263 2710 2308 et
2737 2253 2864 2308 illud
2894 2273 2906 2306 :
2938 2252 3274 2308 Dominentur
3299 2253 3514 2322 piscibus
3537 2256 3694 2312 maris

2109 2345 2262 2419 (Gen.
2309 2347 2361 2400 1.
2408 2346 2456 2400 1.
2493 2353 2540 2399 et
2580 2343 2695 2414 2f»).
2739 2342 2789 2397 ls
2816 2342 2991 2407 enim,
3029 2343 3116 2412 qui
3147 2342 3364 2412 perfecit
3389 2344 3598 2401 laudem
3625 2364 3691 2403 ex

2107 2451 2203 2492 ore
2218 2435 2496 2490 infantium
2521 2442 2575 2490 et
2595 2433 2902 2490 lactentium
2919 2473 2934 2498 ,
2968 2434 3011 2487 is
3036 2431 3266 2488 visitavit
3293 2419 3582 2492 hominem.

2178 2528 2234 2583 9.
2259 2525 2509 2598 quuales
2528 2535 2710 2579 natura
2735 2523 2886 2578 Pater
2906 2534 2950 2577 et
2966 2521 3152 2581 Filius.
3176 2523 3342 2582 Filius
3362 2544 3393 2580 a
3416 2527 3569 2582 Patre
3583 2529 3690 2583 dis-

2107 2621 2350 2692 tinguitur
2375 2617 2858 2690 hypostasia—Qua:
2879 2632 3004 2692 ergo
3019 2618 3086 2674 de
3114 2621 3269 2676 Patre
3282 2620 3611 2684 dicitMoses,
3629 2636 3692 2676 ea

2108 2714 2303 2769 Paulus
2326 2713 2397 2768 de
2425 2712 2562 2770 Filio
2589 2715 2784 2784 accipit
2802 2754 2816 2778 ,
2845 2728 3090 2784 magnam
3117 2715 3474 2783 aequalitatem
3503 2725 3692 2768 osten-

2106 2805 2262 2860 dens.
2307 2804 2444 2861 Cum
2471 2821 2601 2877 ergo
2625 2807 2781 2861 liceat
2818 2806 3014 2860 sanctis
3034 2846 3050 2871 ,
3080 2820 3199 2875 quae
3225 2805 3294 2860 de
3319 2806 3477 2860 Patre
3501 2804 3691 2870 dicun-

2105 2907 2225 2964 tur,
2249 2897 2708 2955 iudiscriminatim
2740 2897 2878 2952 Filio
2903 2898 3134 2952 tribuere
3156 2937 3172 2962 ,
3203 2906 3256 2951 et
3285 2913 3402 2966 qua:
3429 2897 3496 2952 de
3523 2896 3688 2958 Filio,

2105 2989 2250 3046 Patri
2281 2989 2492 3061 (Omnia
2519 2991 2661 3044 enim
2689 3005 2778 3058 per
2801 2988 2967 3058 ipsum
2996 2991 3131 3057 facta
3157 2996 3271 3040 sunt
3302 2985 3481 3059 [Joan.
3515 2989 3567 3042 1.
3587 2988 3689 3059 3]).

2108 3085 2198 3138 ubi
2243 3080 2544 3136 administri
2587 3094 2784 3134 nomen
2827 3078 3044 3134 omnino
3073 3079 3232 3132 situm
3271 3079 3393 3132 est?
3425 3078 3536 3132 l-loc
3563 3095 3692 3132 nus-

2107 3190 2266 3246 quam
2291 3173 2485 3229 viderit
2507 3171 2789 3243 quispiam.
2823 3170 2932 3224 lmo
2952 3211 2967 3236 ,
2991 3169 3189 3239 inquit,
3219 3169 3416 3224 dictum
3443 3180 3554 3236 est,
3588 3168 3695 3224 Per

2105 3267 2288 3336 ipsum.
2321 3264 2457 3332 Quid
2479 3305 2494 3328 ,
2525 3262 2667 3334 quod
2693 3262 2794 3316 hoc
2820 3262 2990 3332 ipsum
3017 3261 3177 3315 etiam
3207 3260 3274 3314 de
3299 3260 3456 3315 Patre
3484 3261 3687 3315 dictum

2107 3358 2234 3412 est?
2272 3355 2408 3411 Audi
2449 3364 2628 3408 autem
2663 3351 2952 3422 quomodo.
2997 3349 3191 3405 Fidele
3227 3350 3363 3405 Deus
3395 3367 3412 3404 :
3440 3369 3528 3421 per
3550 3369 3697 3422 quem

2108 3450 2270 3505 vocati
2284 3449 2402 3502 estis
2417 3449 2470 3500 in
2489 3447 2770 3500 societatem
2788 3442 2912 3496 Filii
2927 3444 3004 3497 sui
3021 3443 3095 3510 (1.
3110 3441 3260 3498 Cor.l
3273 3484 3286 3498 .
3306 3443 3381 3513 9).
3396 3443 3464 3497 Et
3481 3458 3692 3498 rursus:

2109 3541 2308 3596 Paulus
2335 3539 2594 3610 apostolus
2627 3535 2751 3590 Jesu
2794 3534 2978 3590 Christi
3020 3551 3108 3604 per
3147 3535 3452 3590 voluntatem
3483 3535 3575 3590 Dei
3602 3537 3692 3608 (2.

2113 3634 2244 3690 Tim.
2273 3635 2324 3689 1.
2356 3631 2430 3704 1).
2463 3632 2528 3686 Et
2555 3643 2776 3686 rursus:
2804 3629 3057 3696 Quoniam
3093 3647 3180 3698 per
3199 3631 3449 3700 ipsum,et
3477 3647 3538 3683 ex
3557 3631 3687 3701 ipso,

2111 3739 2156 3782 et
2198 3730 2250 3781 in
2290 3727 2398 3798 ipso
2435 3726 2604 3780 omnia
2649 3723 2833 3795 (Rom.
2871 3723 2959 3778 11.
2991 3721 3118 3790 56).
3186 3723 3424 3790 Quanam
3461 3738 3587 3792 ergo
3626 3723 3696 3778 de

2110 3833 2268 3872 causa
2297 3830 2418 3872 eum
2457 3815 2633 3870 dicitis
2659 3813 3072 3867 administrum?
3111 3810 3180 3868 Ut
3225 3812 3435 3867 Patrem
3468 3814 3698 3868 honore-

2111 3925 2263 3975 mus,
2303 3907 2568 3978 inquiunt.
2599 3906 2755 3976 Atqui
2777 3904 2904 3959 dicit
2927 3904 3095 3960 Filius
3125 3922 3138 3957 :
3170 3903 3238 3959 Ut
3263 3921 3433 3959 omnes
3453 3905 3697 3960 honorent

2114 4003 2326 4067 Filium,
2350 4001 2476 4054 sicut
2505 4003 2754 4053 honorant
2784 3996 2989 4052 Patrem
3018 3996 3193 4070 (Joan.
3220 3997 3273 4053 5.
3316 3997 3434 4068 25).
3466 3998 3566 4065 Qui
3595 4012 3696 4052 au-

2115 4107 2219 4152 tem
2248 4110 2354 4148 non
2375 4093 2606 4146 honorat
2629 4089 3057 4155 Filium,clarum
3073 4096 3155 4142 est
3172 4086 3312 4156 quod
3343 4101 3440 4140 nec
3460 4087 3697 4142 Patrem.

2113 4187 2250 4255 Quid
2291 4201 2451 4256 ergo,
2511 4183 2712 4254 inquit,
2755 4181 2968 4236 Patrem
3013 4178 3187 4233 dicam
3230 4176 3700 4248 Filium‘lNequa-

2114 4295 2293 4351 quam.
2336 4277 2450 4332 Non
2488 4275 2630 4330 enim
2671 4271 2842 4327 dicit:
2875 4269 2946 4326 Ut
2988 4284 3073 4324 me
3097 4267 3284 4323 dicatis
3313 4269 3523 4324 Patrem
3561 4270 3698 4325 :sed

2114 4371 2280 4443 quid?
2303 4369 2372 4424 Ut
2393 4367 2582 4422 Filium
2606 4373 2906 4418 manentem
2931 4359 3202 4414 honoretis
3219 4367 3280 4413 ut
3297 4359 3525 4414 Patrem.
3544 4361 3700 4426 Quod

2117 4465 2162 4518 si
2184 4463 2394 4518 Patrem
2424 4457 2628 4514 dixeris
2652 4454 2868 4516 Filium,
2897 4451 3074 4506 omnia
3097 4448 3426 4506 confoderis.
3453 4451 3700 4508 Manente

2116 4573 2244 4627 ergo
2275 4555 2372 4608 hac
2399 4550 2723 4621 proprietate
2739 4587 2755 4614 ,
2775 4555 2858 4601 est
2880 4545 3052 4599 honor
3075 4545 3391 4598 communis.
3413 4543 3700 4613 Propterea

2117 4650 2257 4705 enim
2287 4646 2419 4700 dixit
2443 4641 2634 4696 Filium
2658 4647 2712 4693 et
2739 4637 2951 4692 Patrem
2977 4674 2992 4700 ,
3023 4649 3091 4689 ne
3114 4633 3508 4689 confunderetis
3529 4634 3702 4705 hypo-

2118 4750 2308 4796 stases.
2359 4735 2414 4791 Si
2459 4742 2638 4788 autem
2682 4745 2787 4784 non
2831 4734 2975 4782 esset
3008 4724 3191 4780 eadem
3219 4724 3539 4788 substantia,
3572 4739 3707 4792 quo-

2121 4830 2280 4887 modo
2309 4829 2566 4897 aequalem
2596 4823 2852 4877 honorem
2880 4815 3186 4887 exegisset?
3215 4814 3452 4883 Quanam
3482 4830 3610 4884 ergo
3637 4815 3708 4871 de

2121 4937 2281 4979 causa
2329 4920 2456 4974 dicit
2502 4915 2747 4972 Christus
2788 4909 2952 4966 multa
3001 4907 3208 4976 abjecta
3239 4916 3292 4960 et
3319 4905 3574 4960 humilia?
3599 4905 3708 4960 Nos

2123 5016 2324 5070 docens
2355 5008 2707 5064 humilitatem
2733 5044 2750 5068 ,
2777 5009 2832 5057 et
2861 5007 3078 5070 propter
3103 4997 3470 5051 indumentum
3491 4998 3667 5051 carnis
3687 5038 3706 5065 ,

2123 5123 2185 5162 ac
2236 5115 2451 5175 prepter
2494 5109 2763 5168 stuporem
2811 5092 3155 5182 Judmorum,
3187 5099 3242 5144 et
3275 5089 3425 5182 quod
3459 5099 3706 5182 roporte'at

2124 5211 2291 5270 genus
2331 5192 2606 5248 hominum
2643 5185 2907 5241 deducere
2939 5181 3187 5251 paulatim
3223 5179 3291 5234 ad
3318 5179 3707 5249 cognitionem,

2126 5302 2180 5348 et
2217 5287 2358 5360 quod
2387 5291 2571 5342 essent
2607 5275 2901 5347 imperfecti
2930 5273 3236 5338 auditores,
3268 5281 3322 5326 et
3345 5272 3541 5339 alioqui
3567 5288 3713 5342 saepe

2127 5383 2361 5454 loquitur
2399 5377 2466 5434 ad
2509 5373 2810 5430 auditorum
2850 5367 3178 5439 opinionem.
3227 5365 3544 5421 Sublimiora
3570 5369 3714 5424 enim

2131 5483 2254 5532 sunt
2282 5488 2346 5529 ea
2385 5484 2505 5542 quae
2549 5472 2674 5522 sunt
2698 5461 2864 5518 solius
2890 5458 3198 5530 dignitatis;
3230 5457 3314 5512 vel
3346 5458 3520 5528 potius
3546 5460 3716 5528 quod-

2131 5582 2360 5638 cumque
2378 5563 2446 5621 de
2471 5562 2580 5616 Deo
2596 5556 2798 5612 dixeris
2817 5596 2833 5622 ,
2855 5563 2937 5610 est
2964 5553 3119 5621 longe
3141 5550 3228 5604 illa
3255 5549 3548 5605 substantia
3578 5552 3714 5608 infe-

2134 5664 2246 5721 rius
2269 5701 2284 5730 ,
2314 5667 2370 5714 et
2399 5655 2464 5711 ad
2490 5650 2790 5708 auditorum
2819 5653 3031 5718 captum
3058 5642 3270 5697 dicitur.
3303 5639 3439 5708 Quid
3466 5641 3546 5696 vis
3570 5656 3714 5699 entm
