4064 6206
279 468 379 525 Πθ

280 583 408 636 ὅπου
435 596 497 650 γε
519 580 623 635 καῖ
642 579 940 653 ὀφθαλμός
962 583 991 635 6
1012 580 1272 653 ἡμέτερος
1293 579 1497 652 θηρίων
1522 583 1701 652 χεῖρον
1723 594 1873 651 περι·
1970 576 2213 643 δεικνὺς,

286 671 438 727 έδαλε
471 671 741 737 πάθεσιν,
774 674 859 736 είς
888 672 1065 743 ἔρωτα
1104 671 1298 741 πικρὸν
1329 669 1695 742 περιπείρας;
1733 670 1874 723 Ἀλλ’

288 767 347 820 o6
367 765 456 819 διά
478 764 643 817 τοῦτο
666 763 934 834 ἐροῦμεν·
967 761 1067 815 Διά
1091 761 1144 814 τί
1187 759 1358 815 ταῦτα
1404 763 1667 829 γέγονεν;
1712 761 1877 815 Ἀλλά

294 858 380 909 καὶ
401 855 561 925 χάριν
583 853 861 924 εἰσόμεθα
882 852 1095 906 πάντων
1113 853 1295 906 ἕνεκεν
1320 850 1396 922 τῷ
1417 851 1681 922 Δεσπότῃ.
1700 852 1876 924 Ὅπερ

297 948 400 1019 γάρ
435 948 587 1000 ιστιν
626 944 764 1015 ἱμάς
802 943 883 1015 τῷ
916 943 1097 1008 παιδὶ,
1127 941 1283 996 τοῦτο
1324 942 1510 1014 θηρίον
1546 941 1875 1015 ἀνθρώποις.

303 1040 363 1093 El
400 1038 507 1110 γάρ
536 1037 825 1101 τοσούτοις
857 1036 1202 1106 συνεχόμενοι
1254 1035 1444 1100 δεινοῖς
1487 1037 1568 1100 είς
1611 1034 1879 1106 τοσαύτην

305 1132 555 1187 ἀπόνοιαν
580 1130 634 1182 οί
658 1127 883 1191 πλείους
910 1127 1173 1197 αίρονται,
1196 1124 1261 1180 ἀν
1289 1126 1384 1180 καὶ
1408 1125 1597 1179 τοῦτον
1625 1123 1880 1197 περιέλῃς

309 1228 395 1278 τὸν
417 1221 649 1292 χαλινὸν.
672 1219 930 1290 ἐννόησον
950 1216 1055 1271 πού
1081 1215 1151 1270 τά
1171 1217 1273 1288 τῆς
1297 1216 1498 1280 κακίας
1522 1215 1877 1288 προϐήσεται.

310 1315 412 1369 Διά
447 1314 599 1369 τοῦτο
640 1312 736 1366 καὶ
767 1311 832 1364 τὸ
874 1310 1034 1382 σῶμα
1076 1312 1206 1382 ἡμῖν
1242 1308 1385 1363 οὕτω
1426 1307 1877 1371 κατεσκεύασται,

312 1408 574 1468 ὲπίνοσον.
608 1404 869 1476 παθητὸν,
907 1403 1012 1456 ὑπὸ
1043 1403 1252 1474 μυρίων
1288 1399 1740 1472 πολιορκούμενον
1781 1414 1882 1452 κα-

312 1499 424 1552 κῶν
443 1516 457 1529 -
488 1498 580 1551 καῖ.
609 1499 643 1568 ἡ
677 1497 751 1567 γῆ
787 1495 933 1567 μετά
964 1495 1141 1549 πόνων
1181 1492 1251 1547 τά
1295 1492 1464 1563 αὐτῆς
1496 1491 1709 1545 δίδωσιο
1730 1489 1826 1544 καὶ
1852 1490 1881 1542 6

313 1591 423 1661 βίος
464 1590 610 1653 ἄπας
667 1586 910 1660 ἱδρώτων
947 1586 1129 1658 γέμει.
1170 1584 1388 1656 Ἐπειδὴ
1435 1582 1812 1652 παιδευτήριον
1851 1582 1881 1634 6

312 1680 497 1752 παρὼν
527 1680 642 1751 βίος
670 1679 809 1743 ἐστὶ,
830 1676 929 1732 καὶ
951 1677 1135 1741 άνεσις
1162 1677 1256 1731 καὶ
1284 1676 1447 1746 σχολὴ
1467 1676 1595 1739 τοὺς
1630 1672 1881 1736 πλείονας

309 1774 414 1827 τῶν
434 1771 736 1843 ἀνθρώπων
764 1768 1050 1834 ἀπόλλυσι,
1076 1769 1165 1823 διά
1188 1766 1347 1821 τοῦτο
1374 1766 1468 1821 καὶ
1505 1764 1760 1837 ἀσχολίαν
1786 1764 1883 1818 καὶ

313 1865 469 1917 πόνον
503 1864 635 1933 ἡμῖν
672 1861 948 1929 ἀνέμιξεν,
978 1861 1065 1914 ἵνα
1089 1859 1276 1930 ὥσπερ
1305 1858 1410 1912 ύπό
1446 1875 1605 1912 τινων
1649 1855 1881 1929 χαλινῶν

309 1958 368 2010 :6
395 1954 764 2027 ἐγηγερμένον
792 1955 892 2024 τῆς
915 1952 1151 2017 διανοίας
1170 1952 1483 2023 κολάζηται.
1511 1951 1584 2005 Σὺ
1607 1950 1666 2005 δὲ
1689 1950 1881 2004 σκόπει

312 2046 402 2098 καὶ
422 2046 492 2098 τά
521 2044 799 2115 νηχόμενα
828 2042 917 2097 διὰ
948 2040 1044 2096 τοῦ
1080 2040 1277 2113 βάθους
1295 2039 1403 2095 τῶν
1426 2039 1657 2108 ὑδάτων,
1685 2039 1780 2094 καὶ⁸
1810 2038 1882 2094 :6

311 2137 386 2199 είς
407 2136 541 2205 ὕψος
575 2135 840 2206 αἰρόμενα
871 2131 1105 2198 ύπέταξέ
1128 2149 1212 2186 σοι
1251 2130 1343 2186 διά
1378 2132 1478 2203 τῆς
1502 2130 1699 2204 τέχνης
1727 2132 1756 2185 6
1780 2131 1879 2185 Δε-

313 2228 531 2298 σπότης.
562 2225 674 2281 Καὶ
701 2224 754 2278 τί
784 2224 985 2296 δήποτε
1009 2224 1070 2277 οὐ
1093 2223 1269 2277 πάντα
1292 2221 1491 2293 ἐπῆλθε
1514 2222 1583 2276 τά
1603 2222 1630 2275 6
1638 2222 1877 2293 ρώμενα,

311 2319 401 2371 καὶ
425 2316 569 2386 φυτά
599 2315 696 2369 καὶ
723 2315 1017 2386 σπέρματα
1043 2314 1136 2369 καὶ
1160 2313 1351 2385 δένδρα
1373 2328 1388 2378 ;
1427 2313 1558 2367 Ἀπὸ
1593 2313 1789 2385 μέρους
1818 2313 1881 2369 τὸ

311 2409 417 2462 πᾶν
458 2407 702 2479 ᾐνίξατο,
736 2407 833 2461 καὶ
870 2408 982 2471 τοῖς
1015 2403 1335 2476 φιλομαθέσι
1370 2405 1463 2459 τὸν
1502 2405 1631 2478 περὶ
1675 2404 1880 2460 τούτων

309 2499 488 2570 ἀφῆκε
515 2499 695 2568 λόγον.
734 2499 847 2553 K61
871 2498 1035 2553 πάλιν
1063 2499 1145 2562 είς
1168 2498 1229 2552 :6
1256 2497 1389 2552 66:6
1420 2496 1678 2553 καταλύει
1706 2499 1878 2565 τέλος,

308 2592 430 2646 ὃθεν
470 2592 567 2646 καὶ
595 2588 835 2663 ἤρξατο·
890 2590 1068 2659 Κύριε
1094 2594 1128 2646 6
1159 2591 1377 2660 Κύριος
1415 2590 1615 2661 ἡμῶνο
1648 2591 1744 2645 καὶ
1772 2591 1882 2664 πρὸ

310 2684 407 2753 τῆς
451 2682 812 2749 ἀποδείξεως,
856 2682 952 2736 καὶ
991 2680 1130 2753 μετά
1172 2682 1272 2754 τὴν
1316 2680 1589 2748 ἀπόδειξιν
1638 2680 1711 2736 :6
1741 2681 1882 2737 66:6

312 2773 476 2836 τιθεὶς
514 2775 756 2845 ῥήματα.
786 2773 1057 2844 Μένωμεν
1091 2772 1270 2827 τοίνυν
1304 2771 1567 2844 διηνεκῶς
1593 2772 1689 2826 καὶ
1719 2773 1880 2845 ἡμεῖς

311 2864 379 2918 τά
416 2863 559 2918 αὐτά
603 2863 876 2933 λέγοντες,
915 2861 1285 2934 θαυμάζοντες
1323 2860 1490 2916 αὐτοῦ
1520 2862 1620 2936 τὴν
1650 2862 1882 2935 κηδεμο-

312 2959 446 3024 νίαν,
473 2956 901 3027 ἱκπληττόμενοι
936 2954 1035 3027 τὴν
1070 2955 1284 3024 σοφίαν,
1310 2953 1408 3027 τὴν
1446 2954 1878 3027 φιλανθρωπίαν,

309 3050 405 3121 τὴν
432 3049 575 3118 ὑπὲρ
621 3047 781 3120 ἡμῶν
825 3045 1099 3119 πρόνοιαν.
1138 3047 1250 3101 K61
1285 3045 1457 3101 ταῦτα
1480 3045 1583 3118 μὲν
1624 3047 1758 3119 ἡμῖν
1798 3047 1880 3111 είς

310 3139 605 3212 ἑρμηνείαν
633 3139 870 3210 εἴρηται.
896 3137 961 3193 Et
985 3136 1044 3192 δὲ
1075 3135 1351 3208 βούλεσθε,
1387 3137 1483 3192 καὶ
1509 3136 1881 3207 ἀγωνιστικῶ-

307 3248 465 3304 τερον
492 3231 585 3284 τὸν
611 3229 770 3297 λόγον
801 3226 1292 3299 μεταχειρίσωμεν,
1331 3227 1427 3281 καὶ
1463 3224 1717 3300 ἐρώμεθα
1751 3228 1881 3283 Ἰου-

304 3325 514 3388 δαίους,
551 3320 649 3375 ποῦ
690 3319 880 3375 παιδία
922 3319 1105 3392 φωνὴν
1137 3315 1238 3395 ᾖσε
1259 3331 1287 3360 ι
1311 3336 1327 3383 ;
1354 3320 1458 3375 ποῦ
1494 3320 1552 3375 δὲ
1585 3321 1879 3377 κατέλυσεν

305 3412 507 3485 ἐχθρὸν
533 3413 567 3482 ή
597 3408 812 3481 τοιαύτη
842 3409 993 3479 φωνή
1016 3425 1032 3473 ;
1056 3408 1187 3462 πότε
1225 3408 1282 3463 δὲ
1315 3408 1627 3481 θαυμαστὸν
1658 3410 1880 3482 γέγονεν

305 3502 474 3560 αὐτοῦ
499 3502 561 3557 τὸ
592 3500 799 3573 δνομας
854 3498 997 3552 Ἀλλ’
1020 3499 1120 3552 οὐκ
1146 3498 1217 3553 ἂν
1246 3498 1417 3570 ἔχοιεν
1461 3496 1647 3571 ἕτερον
1686 3499 1878 3573 καιρὸν

306 3596 501 3656 είπεῐν,
541 3593 577 3665 ἢ
622 3591 835 3656 τοῦτον,
864 3588 926 3653 δς
965 3589 1116 3662 ἡλίου
1159 3589 1454 3662 φανότερον
1504 3589 1741 3645 δείκνυσι
1779 3591 1880 3664 τῆς

303 3687 560 3760 ἀληθείας
587 3686 693 3757 τὴν
731 3683 982 3755 δύναμιν.
1038 3682 1138 3736 Διά
1175 3681 1332 3737 τοῦτό
1381 3699 1580 3755 φησιν·
1616 3685 1879 3754 Ὄψομαι

302 3781 445 3849 τοὺς
464 3779 765 3850 οὐρανοὺς
796 3778 941 3847 ἔργα
961 3774 1079 3830 τῶν
1097 3775 1409 3831 δακτύλων
1430 3791 1548 3832 σου
1564 3793 1578 3808 ·
1612 3777 1786 3832 καίτοι
1812 3794 1877 3848 γε

303 3871 548 3942 Morbo-77;
584 3871 687 3943 ἤδη
715 3864 891 3934 εἶπεν,
921 3869 1004 3923 ὃτι
1044 3868 1141 3921 Ἐν
1164 3865 1323 3937 ἀρχῇ
1358 3867 1647 3939 ἐποίησεν
1674 3872 1709 3925 6
1733 3868 1878 3936 Θεὸς

304 3964 412 4021 τόν
435 3965 700 4031 οὐρανὸν
719 3961 819 4017 καί
842 3960 958 4028 τὴν
987 3956 1121 4032 γῆν.

375 4118 490 4194 [9|]
508 4119 671 4175 ’Δλλά
693 4116 831 4191 πρὸς
849 4116 951 4190 μιν
964 4116 1252 4181 Ἰουδαίους
1269 4117 1433 4188 ἀρκεῖ
1457 4118 1554 4172 καὶ
1567 4115 1764 4182 ταῦτα,
1781 4119 1877 4173 καὶ

302 4213 372 4268 τά
393 4210 703 4285 ἔμπροσθεν
734 4209 1027 4281 εἰρημένα·
1062 4207 1249 4281 ἐπειδὴ
1284 4208 1343 4262 δὲ
1371 4210 1422 4263 οἱ
1465 4210 1631 4281 χωρὶς
1662 4226 1878 4281 περιτο-

307 4304 414 4376 μῆς
431 4303 504 4359 :6
524 4303 754 4357 ἐκείνων
782 4300 1113 4373 μιμούμενοι
1135 4300 1229 4354 καὶ
1252 4299 1565 4372 ζηλοῦντες,
1586 4302 1638 4354 οί
1664 4299 1876 4357 Παύλου

302 4395 397 4449 τοῦ
433 4393 815 4467 Σομοσατέως.
848 4393 915 4445 ἐκ
943 4391 1066 4445 τότε
1116 4392 1280 4461 φασὶν
1320 4386 1461 4446 εἶναι
1494 4392 1587 4447 τὸν
1617 4392 1875 4464 Χριστὸν,

303 4487 362 4554 ἐξ
400 4482 469 4544 οὗ
507 4486 621 4540 ἀπὸ
668 4484 890 4558 Μαρίας
933 4484 1235 4556 προῆλθεν,
1267 4482 1522 4556 ἐρώμεθα
1552 4483 1874 4549 κάκείνους,

305 4579 440 4643 πῶς,
469 4580 521 4632 εί
551 4581 620 4632 ἑκ
660 4577 783 4631 τότε
814 4573 886 4649 ἦν
921 4579 952 4631 6
992 4575 1246 4649 Χριστὸς,
1286 4576 1412 4641 τούς
1451 4577 1713 4648 οὐρανοὺς
1755 4576 1877 4647 ὲδη-

307 4671 639 4744 μιούργησε;
662 4669 765 4723 Τὸν
784 4668 895 4741 γάρ
935 4669 1096 4723 αὐτόν
1127 4685 1291 4741 φησιν
1322 4663 1462 4722 εἴναι
1487 4667 1739 4733 ἐνταῦθα,
1784 4667 1876 4723 τὸν

302 4764 369 4817 ἐκ
394 4762 662 4834 στόματος
698 4760 908 4831 νηπίων
948 4762 1041 4815 καὶ
1086 4758 1424 4830 θηλαζόντων
1473 4761 1877 4833 καταρτίσαντα

302 4853 469 4920 αἶνον,
515 4854 612 4908 καὶ
650 4852 744 4907 τὸν
785 4852 1159 4924 ἀργασάμενον
1200 4853 1327 4918 τοὺς
1375 4852 1655 4924 οὐρανούς.
1700 4854 1764 4909 Ει
1818 4853 1876 4908 δι

302 4944 629 5017 δημιουργὸς
672 4944 783 4998 τῶν
825 4943 1100 5014 οὐρανῶν,
1134 4944 1399 5017 πρότερος
1433 4944 1499 4998 ἀν
1529 4945 1613 5017 εἴη
1644 4944 1753 4999 τῶν
1781 4945 1874 4999 οὐ-

305 5035 481 5105 ρανῶν
536 5035 723 5088 λοιπόν
743 5050 762 5068 ο
841 5035 935 5087 x61
984 5034 1085 5088 οὐκ
1144 5034 1255 5089 ἀπὸ
1309 5033 1528 5107 Μαρίας
1601 5035 1726 5107 ἔσχε
1773 5037 1874 5108 τὴν

296 5126 475 5199 ἀρχὴν
504 5129 555 5195 δ,
592 5125 727 5181 ἀλλά
754 5125 855 5179 καὶ
896 5124 1002 5196 πρὸ
1038 5125 1138 5196 τῆς
1167 5125 1382 5197 Μαρίας
1419 5123 1508 5199 ἦν.
1540 5128 1651 5182 K61
1683 5127 1876 5183 σκόπει

300 5215 395 5269 τοῦ
420 5214 703 5286 Προφήτου
727 5215 830 5286 τὴν
862 5215 1073 5284 σοφίαν.
1101 5216 1176 5270 Οὐ
1200 5216 1308 5288 γὰρ
1335 5216 1521 5282 ἁπλῶς
1544 5217 1874 5291 δημιουργὸν

300 5308 462 5362 αὐτὸν
504 5309 738 5376 είσάγει,
783 5305 922 5360 ἀλλά
951 5307 1045 5360 καὶ
1083 5308 1224 5379 μετά
1259 5307 1460 5380 πολλῆς
1488 5312 1588 5381 τῆς
1625 5311 1874 5376 εὐκολίας

299 5398 751 5471 δημιουργούντα.
784 5397 877 5451 Διό
912 5414 1074 5470 φησιν
1092 5417 1105 5431 ·
1142 5401 1389 5469 ὀψομαι
1413 5401 1557 5469 τοὺς
1574 5404 1874 5473 οὐρανοὺς

300 5490 441 5560 ἔργα
480 5492 597 5547 τῶν
638 5490 965 5548 δακτύλων
993 5504 1138 5545 σου·
1183 5494 1283 5563 οὐχ
1311 5493 1394 5548 ὅτι
1428 5493 1735 5562 δακτύλους
1759 5496 1872 5569 ἔχει

299 5579 329 5633 ὁ
371 5579 519 5647 Θεὸς,
552 5581 695 5636 ἀλλά
724 5578 834 5650 τῆς
877 5578 1160 5652 ἐλαχίστης
1200 5581 1564 5654 ἐνεργείαςτά
1577 5587 1868 5662 ἀρώμεναο

356 5753 384 5782 ³
410 5751 541 5804 Unus
559 5751 726 5812 φωνὴν
744 5747 949 5812 ἀφίησιί
965 5746 1071 5799 Non
1091 5748 1238 5800 male.

352 5812 380 5851 ει
404 5816 525 5879 nec.
550 5809 670 5879 ξσκι

351 5879 375 5907 ⁸
398 5870 520 5941 Rei.
547 5870 793 5939 ἂνεργείας
809 5870 872 5919 τὸ
891 5870 1164 5934 ιιιιιρότατσν
1185 5871 1379 5931 δεικνύς.

1470 465 1837 525 ΕΧΡΟδΙΤΙυ
1876 464 1943 522 IN
1981 463 2317 523 PSALWM
2350 463 2483 522 VIII.

3440 466 3544 525 1‘20

2319 579 2432 643 τοῖς
2469 576 2785 648 συντρόφοις
2835 579 2970 650 ἡμῖν
3020 578 3245 651 ὀνόμασι
3292 578 3358 635 τά
3399 579 3546 653 ὑπὲρ

1971 668 2121 740 ἡμᾶς
2161 668 2445 724 διδάσκων.
2480 668 2635 723 Ἐπεὶ
2693 668 2790 724 καὶ
2830 668 2962 724 ὅταν
3012 670 3167 744 λέγῃ,
3221 670 3277 724 ’0
3309 670 3545 742 μετρῶν

1972 761 2081 816 τὸν
2118 761 2377 831 οὐρανόν
2416 759 2708 832 σπιθαμῇ,
2755 761 2854 817 καί
2899 761 3013 831 τὴν
3058 761 3176 833 γῆν
3222 763 3428 832 ὸῖιακίι
3479 763 3541 818 οὐ

1971 853 2149 926 δράκα
2193 853 2288 909 καὶ
2336 852 2615 925 σπιθαμὴν
2665 853 2840 923 δηλῶν
2882 856 3057 910 ταῦτα
3103 855 3271 926 λέγει,
3297 855 3433 910 ἀλλά
3480 854 3545 909 τὸ

1975 944 2277 1018 ἀπέραντον
2311 945 2412 1016 τῆς
2440 944 2543 999 τοῦ·
2558 946 2695 1000 Θεοῦ
2728 946 3012 1019 δυνάμεως
3040 948 3385 1021 παραστῆσαι
3415 945 3542 1019 βου-

1975 1035 2220 1109 λόμενος.
2250 1037 2376 1102 Πῶς
2421 1032 2515 1092 οὖν
2564 1037 2802 1109 τολμῶσί
2851 1057 2995 1104 τινες
3045 1039 3317 1113 ύπουργὸν
3360 1040 3543 1109 λέγειν

1973 1131 2067 1185 τὸν
2113 1129 2278 1196 Υἱόν;
2315 1130 2375 1183 Ὀ
2414 1129 2524 1202 769
2571 1129 2704 1201 μηδὲ
2749 1130 2877 1203 ὃλην
2909 1131 3073 1185 αὐτοῦ
3121 1130 3218 1202 τὴν
3260 1131 3544 1204 ἐνέργειαν

1976 1219 2223 1290 κινήσας,
2248 1220 2337 1273 ὅτε
2354 1217 2455 1297 ⁸τὸν
2481 1218 2708 1292 οὐρανὸν
2732 1218 2837 1272 ἔδει
2861 1218 3078 1289 ποιῆσαι
3094 1235 3110 1250 ο
3136 1219 3190 1272 τί
3215 1218 3359 1288 λέγω
3385 1219 3543 1290 ὅλην;

1976 1309 2092 1365 ἀλλ’
2132 1309 2255 1363 οὐδὲ
2279 1307 2376 1380 τὴν
2417 1308 2726 1381 ἐλαχίστην,
2758 1308 2892 1363 6116
2916 1309 2979 1363 :6
3027 1309 3386 1380 μικρότατον·
3427 1307 3545 1372 πῶς

1976 1400 2044 1456 ἂν
2075 1401 2160 1474 εῐη
2191 1400 2463 1472 ὑπουργὸς
2508 1393 2692 1469 οὗτοςς
2741 1399 2858 1464 πῶς
2907 1400 3194 1472 ὑπουργὸς.
3231 1401 3279 1453 εί
3308 1399 3484 1468 Ἄπερ
3512 1400 3546 1451 6

1976 1491 2180 1562 Πατὴρ
2209 1491 2383 1557 ποιεῖ,
2417 1490 2605 1546 ταῦτα
2633 1491 2731 1546 καί
2756 1493 2788 1546 ὁ
2823 1490 2956 1557 Υἱὸς
2982 1492 3197 1561 ὁμοίως
3222 1492 3407 1555 ποιεῖ;
3431 1486 3549 1545 Ποῦ

1977 1582 2087 1656 769
2109 1582 2191 1648 :6,
2207 1582 2534 1654 Ὀμοίως,εί
2558 1581 2587 1635 6
2618 1580 2717 1653 μὲν
2746 1580 3041 1653 ὑπουργὸς.
3057 1581 3087 1634 6
3104 1581 3159 1635 δὲ
3182 1580 3542 1653 δημιουργός;

1978 1676 2098 1740 πιῖις
2127 1675 2183 1730 δὲ
2211 1673 2376 1729 αὐτοῦ
2418 1674 2488 1728 :6
2512 1672 2652 1746 ἔργα
2683 1669 2822 1728 εἷναί
2861 1690 3014 1745 φησι,
3043 1673 3175 1728 ποτὲ
3216 1672 3316 1744 μὲν
3349 1671 3546 1741 λέγων,

1978 1769 2118 1823 Κατ’
2138 1768 2329 1838 ἀρχὰς
2347 1767 2452 1831 σὺ,
2477 1768 2673 1837 Κύριε,
2705 1765 2825 1836 τὴν
2845 1765 2966 1837 γῆν
2987 1765 3407 1836 ἐθεμελίωσας.
3446 1764 3549 1820 καὶ

1975 1859 2120 1929 ἔργα
2138 1855 2260 1912 τῶν
2285 1857 2499 1928 χειρῶν
2513 1872 2629 1912 σου
2652 1856 2812 1912 είσίν
2830 1858 2885 1911 οί
2911 1855 3157 1926 οὐρανοί
3172 1872 3186 1887 ο
3210 1854 3442 1908 ἐνταῦθα
3467 1853 3546 1917 δὲ,

1976 1951 2059 2006 δτι
2093 1952 2344 2021 "Ov-opm
2379 1948 2522 2015 τοὺς
2565 1947 2861 2018 οὐρανοὺς
2909 1946 3052 2015 ἔργα
3089 1942 3208 1999 τῶν
3232 1944 3549 1999 δακτύλων

1976 2056 2130 2105 σου;
2164 2041 2241 2095 Οὐ
2270 2039 2380 2114 769
2409 2040 2520 2094 τῶν
2552 2039 2860 2112 ὑπουργῶν.
2898 2037 3035 2093 ἀλλὰ
3066 2038 3175 2091 τῶν
3201 2035 3548 2108 δημιουργῶν

1975 2133 2044 2188 τά
2078 2133 2215 2206 ἔργα
2233 2147 2248 2161 ⁶
2303 2132 2408 2188 κᾶν
2437 2131 2707 2204 ὑπουργὸς
2801 2149 2903 2195 τις,
2927 2131 3029 2184 οὐκ
3053 2130 3245 2200 ἐκείνῳ
3274 2127 3549 2196 λογίζεται

1975 2224 2038 2279 τὸ
2066 2224 2246 2297 ἔργον,
2280 2223 2418 2278 ἀλλά
2454 2221 2533 2294 τῷ
2571 2220 3012 2295 δημιουργοῦντι.
3035 2221 3180 2293 "A96
3220 2219 3321 2275 καὶ·
3344 2217 3416 2273 τά
3444 2218 3548 2290 έμ-

1975 2316 2215 2389 προσθεν
2256 2315 2524 2388 εἰρημένα
2554 2314 2632 2387 τῷ
2671 2316 2915 2379 Μωύσεῑ,
2948 2311 3199 2388 περὶτοῦ
3225 2312 3359 2367 Υίού
3397 2310 3552 2385 εἴρη-

1976 2427 2088 2474 ται,
2133 2408 2213 2474 τὸ,
2253 2408 2351 2462 Ἑν
2377 2406 2536 2478 ἀρχῇ
2574 2406 2865 2476 ἐποίησεν
2897 2409 2932 2461 6
2964 2407 3109 2474 Θεὸς
3149 2405 3260 2461 τὸν
3288 2404 3552 2474 οὐρανὸν

1976 2501 2077 2556 καί
2133 2500 2251 2569 τὴν
2281 2498 2432 2571 τῆν’
2471 2500 2568 2556 καὶ
2617 2499 2698 2567 τὸ,
2738 2499 3106 2571 Ἀρχέτωσαν
3153 2498 3276 2553 τῶν
3330 2497 3550 2567 ίχθύων

1977 2592 2087 2663 τῆς
2123 2591 2459 2662 θαλάσσης.
2495 2586 2662 2657 06:0;
2706 2590 2833 2665 769,
2881 2593 2911 2646 6
2955 2591 3287 2664 καταρτίσας
3331 2592 3396 2644 ἐκ
3429 2588 3551 2643 στό-

1981 2699 2151 2753 ματος
2193 2682 2403 2754 νηπίων
2443 2683 2539 2737 καὶ
2576 2680 2915 2753 θηλαζόντων
2943 2677 3112 2746 αἶνον,
3138 2681 3300 2744 αὐτὸς
3321 2680 3414 2734 τὸν
3450 2678 3547 2734 άν-

1979 2773 2196 2845 θρωπον
2229 2773 2590 2845 ἐπεσκέψατο.

2046 2864 2113 2922 θ’.
2154 2865 2221 2918 ’Δ
2250 2863 2348 2936 μὶν
2371 2859 2468 2920 οὖν
2518 2864 2648 2937 περὶ
2683 2863 2778 2919 τοῦ
2812 2862 3025 2936 Πατρὸς
3050 2863 3079 2917 6
3103 2862 3344 2934 Μωύσῆς
3374 2860 3546 2931 λέγει,

1975 2955 2189 3022 Παῦλος
2215 2958 2297 3021 είς
2324 2955 2417 3011 τὸν
2442 2955 2569 3012 Υἱὸν
2595 2955 2944 3028 ἐκλαμϐάνει,
2977 2954 3174 3028 πολλὴν
3199 2954 3297 3027 τὴν
3329 2952 3549 3026 ίσότητα

1974 3048 2206 3114 δεικνύς.
2239 3048 2408 3103 Ὅταν
2441 3042 2536 3103 οὖν
2570 3043 2919 3121 ἀδιάφορονῇ
2960 3050 3073 3112 τοῖς
3108 3046 3284 3117 ἁγίοις
3319 3045 3389 3100 :6
3417 3045 3548 3118 περὶ

1975 3142 2069 3197 τοῦ
2112 3142 2326 3216 Πατρὸς
2370 3141 2638 3213 λεγόμενα
2667 3140 2746 3214 τῷ
2791 3141 2907 3213 Υίῷ
2948 3140 3287 3211 λογίζεσθαι,
3328 3137 3425 3195 καὶ
3477 3137 3550 3193 τά

1977 3234 2106 3308 περὶ
2132 3233 2228 3289 τού
2254 3233 2386 3289 Υίοῦ
2409 3233 2489 3306 τῷ
2510 3233 2686 3305 Πατρὶ
2707 3232 2932 3306 (Πάντα
2969 3231 3084 3303 γὰρ
3113 3231 3189 3286 δι’
3208 3228 3396 3287 αὑτοῦ
3421 3227 3537 3301 ἑτέ·

1974 3326 2155 3396 νετο),
2199 3325 2304 3380 ποῦ
2350 3316 2488 3392 δλως
2537 3325 2599 3380 :6
2637 3325 2806 3398 ὄνομα
2861 3324 2954 3380 τοῦ
3005 3322 3277 3397 ὐπουργοῦ
3336 3325 3544 3390 κεῖταις

1977 3415 2228 3489 Οὐδαμοῦ
2266 3414 2425 3471 τοῦτο
2462 3415 2561 3470 ίδοι
2587 3433 2671 3481 τις
2698 3415 2784 3471 άν.
2821 3415 2950 3477 Ναὶ,
2985 3415 3169 3488 φησὶν,
3201 3413 3437 3487 εἴρηται,
3466 3415 3531 3468 Δι

1975 3509 2183 3566 αὐτοῦ.
2231 3509 2298 3564 Τί
2351 3504 2468 3575 οὖν,
2496 3510 2579 3565 δτι
2611 3511 2705 3565 καὶ
2750 3510 2879 3583 περὶ
2928 3506 3021 3564 τοῦ
3068 3508 3283 3582 Πατρὸς
3319 3507 3381 3563 τὸ
3415 3506 3551 3562 αὐτὸ

1975 3605 2223 3679 είρηται;
2254 3604 2366 3660 K61
2405 3604 2636 3660 άκουσον
2666 3601 2804 3667 πῶς.
2837 3599 3061 3667 Πιστὸς
3093 3601 3127 3654 6
3170 3598 3336 3666 Θεὸς,
3371 3596 3448 3652 δι’
3471 3591 3545 3653 οὗ

1975 3697 2267 3766 ἐκλήθητε
2293 3697 2381 3763 είς
2417 3693 2736 3750 κοινωνίαν
2759 3691 2867 3748 τοῦ
2901 3691 3041 3748 Υίοῦ
3064 3689 3271 3746 αὐτοῦ.
3302 3687 3414 3744 K61
3439 3688 3548 3744 1:6-

1972 3786 2088 3840 λιν·
2131 3784 2375 3852 Παῦλος
2426 3783 2770 3850 ἀπόστολος
2810 3781 3009 3850 Ἰησοῦ
3045 3778 3303 3850 Χριστοῦ
3327 3775 3427 3833 διὰ
3452 3780 3549 3833 θε-

1973 3878 2244 3947 λήματος
2273 3875 2442 3932 Θεοῦ.
2478 3876 2588 3930 K61
2618 3873 2782 3929 πάλιν
2800 3890 2815 3905 ⁸
2859 3875 2981 3927 Ὅτι
3008 3871 3084 3928 δι’
3114 3871 3323 3934 αὐτοῦ,
3355 3870 3456 3927 καί
3477 3870 3549 3935 ἐξ

1973 3969 2187 4033 αὐτοῦ,
2224 3967 2325 4022 καί
2364 3968 2454 4034 εις
2484 3965 2673 4021 αὐτὸν
2713 3961 2787 4018 τὰ
2820 3963 3036 4019 πάντα.
3069 3963 3228 4029 Τίνος
3264 3962 3323 4017 δὲ
3363 3961 3550 4019 ῑνεκεν

1974 4057 2139 4114 αὐτὸν
2164 4055 2438 4127 ὐπουργόν
2481 4071 2649 4125 φατε;
2682 4053 2802 4108 Ἵνα
2836 4056 3157 4126 τιμήσωμεν
3191 4053 3284 4108 τὸν
3308 4054 3547 4125 Πατέρα.

1974 4145 2094 4221 [92]
2116 4146 2228 4202 K61
2261 4145 2368 4218 μὴν
2390 4145 2421 4199 6
2450 4144 2580 4209 Υίός
2608 4161 2799 4217 φησιν·
2817 4144 2945 4200 ἰνα
2957 4141 3180 4212 πάντες
3208 4143 3418 4216 τιμῶσι
3442 4145 3550 4201 τὸν

1985 4239 2144 4305 Υιὸν,
2176 4236 2372 4303 καθὼς
2406 4234 2617 4307 τιμῶσι
2642 4235 2750 4291 τὸν
2772 4233 3025 4305 Πατέρα.
3063 4234 3122 4289 Ὀ
3160 4234 3218 4290 δὲ
3261 4232 3337 4307 μὴ
3372 4234 3550 4306 τιμῶν

1971 4331 2065 4386 τὸν
2100 4329 2252 4392 Υίὸν,
2285 4326 2508 4400 εὔδηλον
2536 4328 2616 4382 ὅτι
2639 4326 2762 4382 οὐδὲ
2782 4326 2874 4381 τὸν
2900 4324 3140 4399 Πατέρα.
3165 4325 3232 4381 Τί
3255 4321 3370 4389 οὖν,
3392 4327 3547 4397 φησὶ,

1973 4421 2194 4493 Πατέρα
2247 4418 2339 4474 τὸν
2381 4419 2511 4473 Υἱὸν
2551 4417 2694 4491 έρῶς
2751 4417 2905 4489 Οὐχί.
2945 4417 3020 4471 Οὐ
3071 4416 3184 4489 769
3231 4411 3548 4471 εἶπενοἽνα

1975 4513 2197 4583 Πατέρα
2227 4528 2297 4584 με
2336 4509 2531 4582 λέγητε
2552 4526 2567 4543 ⁸
2598 4509 2735 4566 6116
2761 4510 2811 4564 τί
2831 4528 2846 4577 ;
2870 4511 2990 4564 Ἵνα
3032 4510 3159 4565 Υίὸν
3208 4510 3436 4581 μένοντα
3471 4507 3548 4573 ὡς

1972 4607 2065 4661 τὸν
2096 4606 2315 4679 Πατέρα
2361 4606 2581 4678 τιμᾶτε.
2604 4606 2703 4660 “Av
2729 4604 2786 4660 δὲ
2820 4603 3041 4678 Πατέρα
3074 4606 3245 4677 εἴπης
3268 4604 3360 4658 τὸν
3394 4603 3546 4669 Υίὸν,

1975 4700 2153 4753 πάντα
2184 4696 2460 4770 συνέχεας.
2491 4694 2776 4768 Μενούσης
2818 4696 2995 4751 τοίνυν
3034 4696 3239 4768 ταύτης
3273 4697 3373 4768 τῆς
3416 4695 3548 4750 [616-

1973 4807 2155 4861 τητος.
2191 4788 2261 4843 :6
2288 4789 2388 4860 τῆς
2409 4787 2578 4859 τιμῆς
2615 4788 2771 4842 κοινά
2808 4789 2946 4845 ἐστι.
2978 4788 3077 4844 Διά
3100 4787 3209 4860 769
3237 4787 3396 4843 τοῦτο
3416 4788 3546 4843 Υίὸν

1973 4875 2094 4935 εἷπε
2133 4879 2227 4934 καὶ
2271 4880 2511 4952 Πατέρα,
2551 4878 2639 4932 ἴνα
2694 4877 2770 4949 μὴ
2821 4879 3089 4951 συγχέητε
3148 4880 3246 4943 :6;
3308 4880 3548 4934 ὐποστά-

1975 4987 2106 5035 σεις.
2135 4969 2201 5023 Εί
2253 4969 2312 5023 δὲ
2352 4968 2428 5040 μὴ
2465 4964 2534 5041 ἦν
2561 4971 2595 5041 ἠ
2629 4968 2773 5041 αὐτὴ
2794 4968 2971 5032 οὐσία,
3023 4968 3139 5033 πῶς
3189 4970 3254 5023 ἂν
3290 4971 3412 5040 ἴσην
3447 4971 3548 5041 τὴν

1971 5059 2136 5132 τιμὴν
2161 5056 2438 5131 ἀπῄτησε;
2488 5059 2645 5122 Τίνος
2686 5055 2781 5113 οὖν
2813 5059 3020 5124 ἕνεκεν,
3062 5061 3215 5130 φησὶ,
3246 5060 3416 5113 πολλά
3451 5078 3549 5113 τα-

1974 5149 2134 5207 πεινά
2183 5151 2478 5221 φθέγγεται
2521 5152 2551 5205 ό
2590 5151 2853 5221 Χριστόςς
2895 5153 3005 5206 K61
3053 5149 3548 5221 ταπεινοφροσύνην

1973 5243 2263 5305 παιδεύων,
2289 5243 2385 5296 καὶ
2403 5241 2493 5296 διὰ
2514 5242 2614 5314 τὴν
2642 5241 2744 5312 τῆς
2773 5242 2974 5313 σαρκὸς
3003 5241 3317 5314 περιῆολὴν,
3340 5240 3435 5295 καὶ
3459 5241 3548 5297 διὰ

1969 5335 2070 5406 τὴν
2096 5334 2203 5389 τῶν
2230 5333 2501 5387 Ἰουδαίων
2530 5332 2908 5404 ἀναισθησίαν,
2933 5333 3026 5386 καὶ
3046 5332 3134 5386 διά
3170 5331 3232 5385 :6
3255 5331 3366 5385 δεῖν
3403 5335 3547 5388 κατὰ

1975 5423 2171 5496 μικρὸν
2198 5423 2409 5491 ἐνάγειν
2442 5424 2522 5487 εἰς
2565 5421 2766 5491 γνῶσιν
2793 5421 2854 5474 :6
2886 5420 2996 5474 τῶν
3031 5419 3332 5492 ἀνθρώπιον
3364 5422 3541 5492 γένος.

1972 5515 2067 5570 καὶ
2094 5513 2181 5567 διὰ
2201 5512 2264 5566 :6
2285 5511 2472 5576 ἀτελὲς
2498 5511 2607 5564 τῶν
2629 5510 2933 5565 ἀκουόντων
2952 5526 2965 5541 '
2994 5510 3169 5576 ἄλλως
3198 5529 3260 5579 τε
3287 5513 3379 5566 καὶ
3408 5515 3546 5587 πρὸς

1969 5604 2069 5676 τὴν
2102 5602 2356 5658 ὐπόνοιαν
2383 5599 2641 5664 πολλάκις
2680 5597 2799 5655 τῶν.
2833 5599 3198 5673 ἀκροωμένων
3226 5600 3543 5673 φθέγγεται.

1968 5695 2053 5749 Τά
2096 5695 2206 5767 γὰρ
2253 5693 2582 5766 ὑψηλότερα,
2619 5692 2719 5764 τῆς
2750 5690 2907 5759 ἀξίας
2953 5692 3121 5765 μόνης
3145 5692 3295 5748 ἐστί·
3343 5693 3546 5765 μᾶλλον

1966 5785 2045 5852 δὲ,
2083 5786 2220 5857 ὅπερ
2250 5785 2317 5841 ἂν
2351 5784 2516 5860 λέγῃς
2545 5785 2674 5858 περὶ
2706 5784 2870 5851 Θεοῦ,
2907 5785 3084 5859 πολλῷ
3121 5786 3327 5859 σφόδρα
3369 5806 3542 5844 κατα-

1968 5877 2247 5949 δεέστερον
2292 5878 2393 5950 τῆς
2428 5876 2614 5944 οὐσίας
2657 5876 2895 5951 ἐκείνης,
2941 5879 3036 5934 καὶ
3080 5878 3561 5950 συγκαταδάσεώς.
