4112 6214
436 430 526 484 121

430 540 610 597 dicere
630 575 649 605 ,
693 534 915 606 Magnus
954 529 1096 596 Datis
1113 528 1141 582 ἵ
1174 524 1335 596 Atqui
1359 523 1461 579 hoc
1486 530 1569 578 est
1587 534 1805 593 parvum
1825 559 1840 582 ,
1866 517 1910 574 si
1939 516 2008 572 de

434 633 543 688 Deo
588 629 834 691 dicatur;
881 636 1131 693 magnum
1171 619 1352 683 enim,
1402 612 1740 688 quantumvis
1785 612 1855 667 sit
1900 623 2018 665 ma-

429 737 625 791 gnum,
668 728 753 775 est
793 715 1001 772 ﬁnitum
1036 729 1054 767 :
1093 698 1187 768 sed
1227 710 1369 769 Deus
1407 716 1491 764 est
1527 705 1784 769 inﬁnitus.
1816 701 1883 757 Et
1909 699 2012 756 hoc

430 813 594 870 etiam
630 824 853 882 panum
880 814 998 874 est,
1025 803 1071 861 si
1112 803 1180 860 de
1208 803 1317 859 Deo
1338 800 1564 856 dicatur.
1596 795 1749 866 Quod
1772 794 1915 850 enim
1944 792 2009 847 ﬁ-

435 920 557 960 nem
580 917 685 959 non
714 899 941 965 habeat,
971 896 1083 953 scio
1109 912 1125 949 :
1153 891 1396 964 sedqaid
1422 890 1530 958 sit,
1552 898 1647 945 aut
1673 888 1762 943 ubi
1786 886 1885 947 sit,
1920 899 2014 938 ne-

433 997 568 1053 scio.
615 993 683 1050 Et
718 991 764 1049 si
807 990 1095 1062 sapientem
1116 1029 1133 1055 ,
1163 994 1219 1043 et
1244 986 1290 1042 si
1319 984 1517 1040 bonum
1556 981 1789 1045 dixeris,
1822 987 1877 1034 et
1901 976 2017 1032 haec

436 1087 641 1147 inﬁnita
662 1126 679 1151 ,
710 1083 845 1142 nihil
866 1082 935 1139 de
959 1082 1047 1137 illa
1069 1079 1368 1138 substantia
1396 1075 1575 1132 dixisti
1606 1088 1702 1143 pro
1728 1070 2015 1142 dignitate,

435 1182 530 1241 sed
561 1182 727 1238 verbo
750 1180 937 1236 adesse
963 1186 1173 1248 oportet
1200 1188 1418 1230 sensum
1441 1172 1555 1226 Deo
1570 1169 1803 1238 dignum.
1824 1164 1882 1221 Si
1904 1162 2017 1217 haec

432 1291 566 1346 ergo
604 1275 740 1331 adeo
778 1287 965 1343 magna
1009 1270 1320 1342 dignitatem
1359 1280 1471 1320 non
1501 1260 1792 1318 ostendunt
1830 1275 1843 1311 :
1887 1269 2018 1326 quo-

441 1367 600 1423 modo
635 1367 783 1422 venia
828 1364 973 1436 digni
1018 1362 1251 1425 fuerint,
1281 1358 1371 1429 qui
1397 1356 1515 1411 hinc
1535 1367 1747 1426 quoque
1771 1349 2016 1405 mutilare

441 1458 739 1515 conantur?
782 1456 1069 1526 Fugiamus
1110 1465 1243 1521 ergo
1283 1462 1467 1504 eorum
1494 1441 1857 1502 conventicula
1878 1440 1895 1473 ³
1921 1480 1936 1504 ,
1962 1447 2019 1493 et

440 1566 560 1605 eum
606 1547 951 1603 didicerimus
995 1540 1265 1612 linigeniti
1303 1547 1425 1593 ante
1466 1534 1658 1593 saecula
1686 1531 1973 1588 essentiam
1997 1570 2013 1594 ,

434 1641 653 1697 .t-roandi
679 1640 1018 1703 facultatem,
1046 1632 1361 1691 auctoritate
1386 1629 1656 1702 pneditam
1679 1632 2014 1695 potestatem,

441 1747 539 1787 nec
580 1731 739 1785 ullam
763 1729 878 1799 ejus
903 1742 1025 1784 esse
1044 1741 1076 1780 a
1102 1725 1260 1779 Patre
1281 1720 1636 1777 diversitatem
1655 1758 1671 1783 ,
1704 1714 2017 1771 oeconomia:

436 1821 836 1883 demissionem,
866 1815 1212 1886 multiplicem
1235 1812 1351 1881 ejus
1374 1810 1424 1865 iu
1446 1822 1543 1864 nos
1562 1822 1707 1863 curae.
1728 1803 2017 1876 providen-

438 1912 558 1967 tiam
605 1910 744 1979 (time
789 1908 933 1963 enim
961 1904 1140 1961 otnnia
1170 1912 1226 1958 et
1250 1901 1336 1957 his
1360 1900 1541 1970 plura,
1580 1898 1892 1959 thesaurus,
1923 1893 2013 1964 qui

438 2004 488 2057 in
536 2001 747 2056 Psalin
792 1998 928 2053 sitos
953 2005 1037 2053 est
1057 2036 1073 2063 ,
1109 2008 1207 2050 eos
1232 1992 1388 2048 docet
1413 1991 1501 2062 qui
1530 1988 1816 2057 diligenter
1841 1993 2017 2041 atten-

430 2091 585 2162 dunt)
603 2131 620 2157 ,
663 2090 911 2161 dogmata
940 2096 1126 2144 exacte
1150 2082 1515 2141 custodiamus
1532 2121 1548 2147 ,
1577 2090 1633 2135 et
1660 2076 2021 2134 conversatio-

436 2200 558 2241 nem
584 2183 648 2238 iis
673 2182 887 2252 dignam
913 2178 1259 2234 ostendamus
1275 2215 1291 2241 ,
1324 2184 1382 2229 ut
1400 2173 1539 2229 bona
1560 2171 1737 2225 futura
1761 2181 2020 2239 assequa-

439 2293 558 2337 tnur
607 2294 619 2328 ε
667 2275 859 2345 quibus
902 2286 1003 2327 nos
1027 2270 1216 2341 dignos
1245 2282 1366 2321 esse
1390 2264 1715 2321 concedatur
1736 2302 1751 2326 ,
1777 2260 1945 2331 gratia
1967 2267 2022 2313 et

442 2367 761 2437 benignitate
790 2364 997 2419 Domini
1024 2359 1195 2416 nostri
1222 2359 1349 2415 Jesu
1375 2355 1608 2421 Christi,
1635 2369 1758 2410 cum
1783 2366 1889 2423 quo
1913 2351 2018 2405 Pa-

443 2460 512 2513 tri
539 2473 643 2513 una
666 2472 786 2513 cum
813 2464 1000 2509 sancto
1019 2454 1217 2523 Spiritu
1237 2492 1253 2516 ,
1283 2450 1455 2504 honor
1472 2456 1527 2503 et
1550 2446 1715 2517 gloria
1746 2446 1799 2499 in
1826 2444 2021 2501 saecula
2078 2456 2081 2457 '

446 2547 785 2607 “oculorum.
813 2548 1008 2600 Amen.

724 2696 1087 2765 EXPOSITIO
1116 2696 1185 2752 lN
1210 2693 1527 2752 PSALMUM
1558 2692 1628 2748 ιχ
1658 2691 1751 2763 (α).

450 2841 501 2893 Ι.
545 2836 609 2891 In
645 2837 798 2907 ﬁnem
840 2851 934 2907 pro
964 2833 1176 2888 occultis
1198 2831 1296 2901 ﬁlii
1313 2873 1328 2897 ,
1362 2830 1600 2884 Psalmus
1626 2827 1807 2881 David.
1841 2826 1992 2881 Alius
2012 2867 2026 2892 ,

519 2927 845 2996 Triumphalia
879 2941 973 2996 pro
1014 2933 1170 2979 morte
1204 2923 1301 2991 ﬁlii
1340 2921 1591 2975 canticum
1622 2918 1808 2972 David.
1839 2916 1990 2994 Alius
2008 2957 2023 2983 ,

512 3018 795 3075 Juvatutttt'a
814 3017 929 3086 filii.

445 3135 497 3190 Ξ.
532 3131 818 3201 Conﬁtebor
847 3129 968 3190 tibi,
994 3126 1239 3190 Domine,
1270 3126 1323 3179 in
1347 3133 1449 3178 toto
1471 3121 1620 3177 corde
1638 3136 1777 3186 meo,
1809 3117 2025 3174 narrabo

513 3226 682 3281 omnia
710 3221 961 3276 mirabilia
985 3230 1092 3274 tua.

516 3363 542 3416 1
555 3399 569 3413 .
593 3357 852 3431 Confessio
871 3354 1079 3424 duplex.
1101 3353 1303 3420 Quanta
1323 3367 1402 3407 res
1416 3351 1481 3407 sit
1498 3350 1689 3422 gratias
1710 3364 1860 3423 agere
1875 3349 2025 3407 etiam

440 3471 537 3525 pro
554 3449 1086 3517 aduersu—Longus
1103 3454 1184 3500 est
1213 3444 1299 3500 hic
1319 3444 1578 3503 Psalmus.
1602 3441 1714 3497 lloc
1739 3450 1915 3496 autem
1941 3450 2026 3497 est

440 3546 600 3607 etiam
627 3541 901 3613 sapientia:
919 3538 1164 3608 Spiritus.
1179 3538 1360 3606 Nectue
1385 3536 1527 3593 enim
1550 3534 1674 3590 fecit
1696 3547 1882 3588 omnes
1896 3531 2022 3589 brev

445 3652 559 3703 ves,
587 3649 758 3705 neque
777 3646 964 3689 omnes
994 3629 1118 3691 fecit
1145 3629 1398 3699 prolixos.
1425 3625 1520 3682 sed
1553 3624 1827 3695 multiplici
1867 3637 2022 3679 men.

445 3742 568 3784 sura
590 3726 730 3787 hunc
751 3724 939 3785 librum
967 3721 1215 3787 variavit,
1250 3718 1573 3789 longitudine
1598 3716 1809 3788 quidem
1837 3730 2024 3775 socors-

444 3819 587 3879 diam
603 3818 840 3875 excitans
854 3856 870 3880 ,
894 3813 1151 3875 brevitate
1171 3821 1347 3868 autem
1374 3812 1556 3873 levans
1583 3810 1840 3877 laborem.
1853 3807 2028 3878 Conﬁ-

445 3911 582 3969 tebor
610 3908 732 3977 tibi,
757 3906 1008 3971 Domine,
1054 3905 1107 3959 in
1137 3913 1240 3963 toto
1265 3904 1416 3958 corde
1440 3919 1550 3959 meo
1567 3942 1585 3969 ,
1610 3900 1828 3963 narrabo
1857 3901 2027 3959 cautio

444 4001 701 4059 mirabilia
743 4009 849 4057 tua.
888 3996 1091 4066 Duplex
1118 4002 1197 4057 eat
1232 4010 1400 4066 genus
1424 3993 1798 4053 confessionis.
1822 3994 1919 4057 Vel
1944 4003 2027 4051 est

447 4094 590 4151 enim
634 4090 969 4162 propriorum
1012 4095 1352 4159 peccatorum
1389 4087 1761 4147 condemnatio
1782 4130 1799 4156 ,
1840 4089 1925 4143 vel
1973 4088 2025 4141 ia

457 4184 619 4245 Deum
652 4182 937 4253 gratiarum
974 4179 1138 4241 actio.
1180 4178 1280 4237 Hic
1311 4178 1525 4249 quidem
1551 4178 1815 4248 signiﬁcat
1837 4179 2031 4248 gratia:-

452 4292 568 4335 rum
616 4275 903 4333 actionem.
942 4272 1080 4340 Quid
1118 4281 1203 4329 est
1240 4281 1454 4338 autem.
1482 4269 1551 4331 In
1576 4280 1680 4326 toto
1703 4270 1853 4327 corde
1872 4272 2033 4326 meo?

448 4368 584 4429 Cum
614 4366 759 4425 omni
788 4365 1062 4425 alacritate
1088 4363 1289 4430 animi,
1316 4378 1438 4419 eum
1463 4362 1670 4428 studio,
1695 4361 1887 4432 inquit.
1914 4361 2031 4417 Non

448 4475 551 4528 pro
576 4475 754 4521 rerum
779 4471 1035 4527 prospero
1057 4471 1309 4515 successu
1326 4498 1347 4524 ,
1369 4456 1465 4513 sed
1491 4457 1652 4514 etiam
1674 4465 1889 4527 propter
1906 4470 2034 4515 con-

448 4550 636 4609 traria.
682 4548 800 4607 Hoc
840 4547 981 4607 enim
1011 4556 1093 4607 est
1128 4547 1360 4607 maxime
1401 4546 1540 4617 grati
1580 4547 1785 4613 animi,
1816 4545 1917 4603 hoc
1941 4562 2031 4602 sa—

453 4641 665 4711 pientia:
702 4637 964 4703 studiosi,
1008 4638 1061 4697 in
1106 4638 1263 4697 rebus
1297 4638 1456 4695 etiam
1485 4644 1691 4711 asperis
1714 4649 1769 4696 et
1790 4639 2032 4697 adversis

450 4734 652 4803 gratias
700 4746 895 4801 agere,
942 4746 1040 4799 pro
1083 4732 1330 4789 omnibus
1375 4731 1545 4802 gloria
1589 4732 1756 4789 Deum
1781 4732 2030 4800 allicere,

457 4840 561 4885 non
603 4823 776 4883 solum
821 4837 918 4891 pro.
960 4823 1232 4881 beneﬁciis
1256 4864 1275 4889 ,
1312 4823 1407 4879 sed
1431 4823 1590 4878 etiam
1613 4838 1712 4895 pro
1736 4825 2029 4895 suppliciis.

458 4916 572 4970 lloc
610 4914 754 4970 enim
782 4912 1039 4984 majorem
1077 4914 1375 4973 mercedem
1404 4915 1671 4989 conciliat.
1704 4916 1833 4972 Nam
1863 4919 1913 4972 in
1942 4917 2035 4973 bo-

458 5007 543 5065 nis
557 5005 771 5077 quidam
794 5005 995 5076 gratias
1018 5020 1202 5076 agens,
1227 5005 1503 5063 reddidisti
1532 5007 1769 5064 debitum
1803 5029 1818 5065 :
1846 5011 1897 5065 in
1918 5027 2035 5067 ma-

519 5100 535 5131 ι
562 5095 907 5172 'Iiarberlnusn
929 5096 1073 5172 apud.
1100 5097 1337 5172 Saviliu‘m
1363 5136 1397 5160 ,,
1424 5101 1735 5172 syllogismos
1780 5104 2040 5172 (συλᾈογι-

454 5158 645 5221 epotis).
674 5158 844 5229 Lectio
873 5158 1128 5229 Barberini
1153 5158 1390 5229 praestare
1428 5158 1598 5229 statim
1640 5158 1860 5229 videtur.
1896 5158 2039 5219 Δείδ-

451 5232 591 5284 πιειιη
611 5225 872 5271 curventur
913 5224 1128 5281 retinui,
1156 5224 1273 5284 quia
1306 5225 1580 5284 lncaeteris
1603 5226 1834 5276 omnibus
1863 5241 2036 5277 exem-

454 5282 673 5355 plaribus
702 5289 805 5355 est,
848 5284 1049 5355 el:_quia
1089 5282 1252 5346 aptius
1289 5282 1503 5348 dicitur,
1542 5288 1715 5355 fugere
1757 5296 2036 5351 conventis,

451 5341 619 5406 Quam,
641 5341 810 5406 [agere
832 5341 1157 5406 syllogismos.

517 5404 595 5478 (ι)
627 5411 676 5478 tu
696 5404 828 5478 hunc
864 5405 1107 5478 Psalmum
1119 5407 1224 5455 solo
1245 5408 1321 5456 usi
1360 5420 1530 5458 smnus
1567 5411 1741 5478 codice
1763 5409 2041 5461 Colbertino

458 5465 535 5521 lo.
562 5465 673 5518 Post
709 5465 973 5521 lectionem
1002 5472 1131 5525 cxx,
1164 5479 1275 5529 quae
1304 5481 1419 5518 mox
1455 5471 1679 5534 sequitur
1713 5478 1794 5537 est
1833 5481 2042 5537 symma-

455 5547 563 5608 chi;
597 5546 752 5638 altera
796 5547 1271 5638 Aquilae-.MHebraica
1300 5550 1372 5600 sic
1409 5531 1636 5615 leguntur
1786 5531 2038 5622 ῂπιὸ-Βν,

453 5649 568 5710 quae
578 5635 681 5710 alii,
778 5643 930 5710 morte
951 5634 1059 5710 lilii,
1072 5636 1495 5710 aliquo-occultis
1509 5642 1602 5703 ﬁlii
1613 5683 1626 5705 ,
1652 5634 1747 5710 alii,
1773 5660 1862 5709 pro
1872 5647 2043 5710 juven-

457 5696 557 5766 z'uzg
564 5697 785 5766 μέλπω,
799 5696 1048 5766 άεποήάᾳ
1062 5696 1204 5766 ωιαῴ
1224 5699 1332 5766 ﬁlii,
1353 5696 1564 5756 vertunt.
1578 5696 2043 5766 ﬂammasin.

460 5758 578 5829 nulli
599 5772 744 5822 supra
787 5762 1069 5829 memoratis
1103 5758 1355 5813 Hebraicis
1377 5766 1543 5829 verbis
1563 5776 1647 5819 aut
1669 5758 2041 5829 malimali};

456 5823 695 5872 musictun
717 5830 801 5873 aut
823 5822 1082 5875 cantilena:
1103 5835 1265 5888 genus
1283 5826 1545 5890 srgnilicari
1572 5822 1759 5895 putant.

1583 403 1939 465 EXPOSITIO
1977 401 2038 458 IN
2079 402 2398 461 PSALMUM
2440 403 2529 460 IX.

3594 409 3696 466 1'22

2122 515 2189 573 iis
2212 526 2413 582 autem,
2432 519 2595 575 Deum
2623 518 2940 576 constituisti
2967 520 3285 578 debitorem.
3315 522 3415 593 Qui
3440 525 3582 581 enim
3601 525 3698 582 be-

2119 609 2311 666 ncllcio
2348 610 2568 667 affectus
2591 620 2673 667 est
2690 651 2707 678 ,
2734 619 2790 667 et
2812 616 2922 683 agit
2947 614 3145 682 gratias
3166 655 3183 680 ,
3210 613 3387 670 reddit
3414 614 3650 672 debitum
3680 635 3694 672 :

2118 702 2210 773 qui
2249 711 2426 757 autem
2466 701 2605 757 male
2627 702 2847 759 aﬂectus
2873 714 2955 760 est
2976 746 2993 773 ,
3024 713 3080 760 et
3106 705 3270 775 gloria
3299 704 3467 763 afﬁcit
3490 750 3506 772 .
3539 708 3584 764 is
3604 707 3700 765 de-

2119 795 2286 850 bitum
2326 794 2575 865 acquirit.
2603 792 2708 850 Pro
2736 795 2821 849 illa
2848 796 3138 866 gratiarum
3166 796 3376 854 aetione
3404 798 3568 854 multa
3594 799 3699 856 alia

2122 887 2260 943 bona
2300 887 2446 944 Deus
2479 896 2534 942 et
2564 896 2688 942 tunc
2714 894 2771 942 et
2794 901 2937 942 unite
2965 887 3138 943 reddit
3168 904 3183 955 ;
3210 903 3375 960 quare
3401 903 3502 946 nec
3528 891 3699 947 malo-

2122 996 2240 1034 rum
2265 980 2480 1051 quidem
2506 994 2696 1035 sensus
2722 979 2788 1034 ad
2817 994 2917 1035 nos
2941 981 3236 1051 perveniet.
3265 981 3433 1039 Nemo
3460 983 3603 1039 enim
3629 980 3699 1038 dc

2124 1072 2192 1128 iis
2215 1073 2402 1128 dolore
2426 1072 2685 1137 afﬁcitur,
2716 1088 2812 1142 pro
2833 1073 3024 1143 quibus
3050 1074 3158 1130 Deo
3178 1076 3284 1146 agit
3310 1077 3507 1145 gratias
3531 1094 3544 1130 :
3567 1091 3702 1148 quo-

2124 1165 2264 1220 circa
2296 1163 2437 1219 aliud
2463 1178 2672 1235 quoque
2712 1162 2838 1220 hinc
2863 1163 3250 1220 lucrifaciemus
3276 1207 3292 1233 ,
3322 1181 3519 1237 nempe
3541 1168 3699 1243 aegri-

2125 1259 2359 1314 tudinem
2405 1258 2565 1313 animi
2606 1256 2969 1313 discutiemus.
3019 1256 3239 1326 Quando
3284 1257 3426 1312 enim
3470 1260 3703 1328 privatus

2123 1351 2288 1407 fueris
2335 1351 2615 1421 pecuniis,
2661 1358 2716 1405 et
2758 1350 2958 1418 gratias
3000 1349 3206 1421 egeris,
3252 1365 3360 1405 non
3405 1358 3607 1407 tantum
3652 1361 3704 1407 te

2123 1443 2370 1507 mordere
2395 1453 2569 1512 potest
2596 1441 2845 1497 damnum
2870 1482 2886 1507 ,
2912 1452 3166 1513 quantum
3195 1442 3374 1497 laetitia
3402 1441 3567 1499 afﬁcit
3584 1458 3705 1514 gra-

2122 1535 2311 1589 tiarmn
2352 1535 2511 1589 actio.
2555 1533 2667 1591 Hoc
2709 1534 2920 1591 diabolo
2948 1535 3107 1591 letale
3127 1535 3318 1591 vulnus
3345 1535 3576 1609 inﬂigit:
3605 1535 3707 1593 hoc

2123 1626 2295 1692 redst
2332 1627 2566 1681 animam
2611 1626 2786 1682 studio
2822 1628 3097 1698 sapientia:
3128 1627 3408 1699 praeditam
3451 1646 3466 1683 :
3500 1628 3602 1684 hoc
3638 1629 3707 1695 de

2122 1718 2284 1773 rebus
2334 1718 2682 1787 praesentibus
2717 1733 2899 1773 verum
2943 1727 3219 1789 comparat
3237 1718 3519 1789 judicium.
3549 1719 3701 1776 Multi

2121 1811 2262 1865 enim
2290 1810 2534 1866 homines
2559 1826 2665 1865 non
2694 1809 2890 1867 habent
2919 1826 3097 1866 veram
3125 1811 3193 1867 do
3219 1811 3302 1867 his
3326 1827 3448 1885 quae
3474 1810 3561 1869 hic
3577 1821 3707 1868 sunt

2124 1905 2439 1960 sententiam
2465 1946 2480 1969 ,
2525 1914 2581 1961 et
2627 1906 2748 1960 ideo
2788 1914 3073 1977 anguntur.
3104 1907 3174 1962 Ita
3201 1909 3361 1962 etiam
3381 1906 3470 1977 qui
3504 1906 3706 1963 insani-

2126 2007 2248 2062 unt,
2280 2013 2341 2052 ea
2370 2012 2513 2067 saepe
2537 1997 2952 2069 pertimescunt,
2982 2013 3103 2068 qum
3131 2013 3240 2053 non
3267 2007 3391 2053 sunt
3417 1997 3666 2054 terribilia
3688 2040 3705 2065 ,

2122 2099 2178 2142 et
2206 2104 2349 2157 smpe
2378 2087 2661 2144 formidant
2688 2103 2750 2145 ea
2778 2104 2898 2161 quae
2926 2106 3030 2144 non
3058 2088 3386 2157 subsistunt,
3414 2100 3466 2144 et
3491 2089 3708 2159 umbras

2122 2182 2347 2252 fugiunt.
2382 2180 2475 2237 His
2498 2191 2620 2236 sunt
2641 2181 2844 2238 similes
2874 2182 2908 2235 ii
2936 2183 3023 2253 qui
3048 2182 3300 2237 damnum
3329 2182 3568 2255 pecunia:
3586 2196 3704 2238 me-

2125 2283 2303 2329 tuunt.

2196 2366 2363 2420 Metus
2402 2382 2501 2419 non
2544 2375 2738 2420 natura:
2782 2375 2888 2429 est,
2933 2367 3022 2420 sed
3059 2363 3350 2420 voluntatis.
3372 2392 3441 2406 —-
3470 2362 3587 2419 Non
3622 2371 3706 2418 cst

2124 2460 2267 2513 enim
2312 2470 2513 2514 natura:
2546 2470 2756 2526 metus,
2800 2458 2896 2515 sed
2926 2457 3112 2515 liberte
3137 2456 3446 2515 voluntatis.
3476 2456 3534 2513 Si
3564 2456 3706 2514 enim

2127 2558 2269 2603 esset
2311 2564 2398 2603 res
2420 2547 2668 2609 molesta.
2684 2559 2954 2618 oporteret
2975 2564 3165 2606 omnes
3186 2548 3372 2606 dolere
3396 2548 3484 2619 qui
3513 2547 3703 2619 privati

2131 2651 2254 2694 sunt
2272 2646 2323 2707 ις
2350 2640 2392 2695 si
2416 2650 2588 2695 autem
2610 2657 2716 2695 nou
2736 2655 2923 2698 omnes
2936 2642 3027 2713 qui
3047 2641 3112 2697 iis
3136 2642 3425 2712 privamur,
3438 2638 3704 2703 dolemus,

2132 2750 2239 2789 non
2266 2743 2350 2787 cst
2376 2733 2475 2788 hoc
2505 2734 2683 2803 utique
2710 2732 2786 2787 rei
2816 2741 3019 2787 natura:
3037 2773 3055 2799 ,
3083 2732 3178 2787 sed
3206 2730 3498 2802 imperfecti
3520 2729 3705 2785 animi.

2131 2823 2587 2894 Quemadmodum
2615 2823 2757 2879 enim
2776 2823 2829 2878 in
2857 2822 3091 2878 tenebris
3113 2835 3257 2891 saepe
3281 2821 3399 2892 quis
3420 2819 3506 2876 vel
3525 2818 3706 2875 funem

2133 2920 2317 2987 timet,
2363 2930 2664 2988 serpentem
2694 2930 2818 2973 esse
2843 2924 3021 2982 ratus,
3054 2923 3110 2972 et
3134 2915 3312 2970 omnia
3339 2913 3498 2971 habet
3524 2927 3711 2987 suspe-

2128 3020 2214 3066 cta
2233 3051 2249 3075 ,
2288 3018 2343 3064 et
2379 3009 2579 3065 amicos
2605 3008 2785 3063 hostes
2813 3020 2935 3063 esse
2961 3004 3227 3062 existimat
3255 3022 3271 3060 :
3297 3003 3371 3060 ita
3396 3005 3554 3060 etiam
3578 3018 3712 3074 quo-

2128 3117 2247 3158 rum
2270 3102 2407 3156 ratio
2426 3099 2627 3167 deﬁcit,
2650 3108 2919 3170 tamquam
2939 3095 3213 3168 profundis
3235 3094 3548 3167 quibusdam
3568 3095 3708 3166 capti

2130 3192 2364 3249 tenebris
2387 3233 2402 3259 ,
2446 3206 2624 3248 rerum
2665 3200 2906 3245 naturam
2949 3205 3055 3245 non
3085 3197 3413 3260 cognoscunt
3433 3228 3448 3252 ,
3474 3186 3572 3245 sed
3598 3187 3716 3241 vol-

2127 3296 2326 3341 vuntur
2364 3285 2417 3340 in
2442 3284 2590 3351 luto,
2622 3274 2721 3339 nec
2746 3281 2948 3341 ftenum
2977 3280 3286 3337 existimant
3308 3294 3430 3337 esse
3457 3278 3659 3338 iteitqu
3691 3294 3709 3338 :

2128 3388 2184 3435 et
2211 3378 2353 3449 pleni
2377 3377 2597 3433 avaritia
2618 3419 2633 3441 ,
2669 3385 2860 3431 tetrum
2885 3373 3108 3431 odorem
3135 3390 3241 3428 non
3263 3373 3502 3429 sentiunt
3527 3389 3541 3425 :
3562 3370 3706 3443 quod

2128 3475 2173 3528 si
2218 3471 2354 3527 forte
2391 3469 2747 3536 recesserint,
2778 3476 2903 3523 tunc
2928 3468 3120 3525 scient.
3150 3464 3219 3521 Et
3242 3464 3381 3520 sicut
3407 3464 3498 3535 qui
3526 3463 3705 3518 defero

2124 3564 2229 3618 mis
2267 3560 2507 3618 mulieris
2541 3575 2724 3616 amore
2765 3560 2903 3631 capti
2945 3566 3104 3625 sunt,
3148 3566 3430 3629 postquam
3463 3569 3494 3611 a
3520 3553 3712 3610 morbo

2128 3651 2531 3721 convaluerint,
2576 3661 2701 3707 tunc
2741 3648 2916 3707 sciunt
2961 3647 3355 3705 deformitatem
3395 3663 3411 3700 :
3451 3646 3521 3701 ita
3548 3644 3708 3701 etiam

2125 3746 2219 3817 qui
2263 3753 2511 3802 tenentur
2547 3758 2729 3800 amore
2764 3744 3024 3814 pecunia).
3068 3741 3136 3798 Et
3160 3739 3430 3813 quomodo
3453 3780 3469 3807 ,
3501 3737 3670 3809 inquit
3691 3778 3706 3803 ,

2128 3848 2318 3911 potero
2355 3853 2566 3896 cessare
2608 3839 2677 3894 ab
2697 3836 2919 3893 amore?
2946 3836 3079 3894 Utar
3102 3850 3289 3892 rursus
3312 3833 3500 3891 eodem
3525 3846 3708 3888 exem—

2132 3935 2239 4005 plo.
2284 3931 2740 4000 Quemadmodum
2787 3931 2877 4003 qui
2899 3930 3194 3985 deformem
3224 3938 3368 3984 amat
3393 3927 3666 3983 mulierem
3693 3968 3710 3996 ,

2132 4029 2176 4083 si
2217 4026 2430 4080 assidue
2466 4039 2588 4079 cum
2631 4037 2692 4076 ea
2732 4022 2926 4076 habeat
2963 4020 3438 4087 consuetudinem,
3469 4019 3714 4076 accendit

2134 4121 2401 4176 fornacem
2434 4133 2447 4170 :
2475 4115 2556 4170 sin
2576 4125 2753 4169 autem
2779 4127 2960 4181 parum
2987 4111 3219 4187 seipsum
3248 4112 3561 4182 sejunxcrit,
3585 4127 3716 4184 pau-

2135 4212 2284 4266 latim
2321 4206 2492 4264 eil'luit
2527 4206 2737 4263 aﬂ'ectio
2765 4224 2780 4262 :
2806 4205 2876 4262 ita
2903 4203 3063 4261 etiam
3093 4212 3146 4259 tu
3175 4218 3461 4275 parumper
3488 4198 3713 4270 secede,

2138 4301 2404 4374 paululum
2443 4300 2675 4357 concede
2698 4341 2714 4367 ,
2755 4308 2810 4354 et
2844 4312 3064 4369 parvum
3095 4295 3226 4353 illud
3252 4295 3354 4353 erit
3380 4295 3604 4351 multum
3631 4295 3716 4351 in-

2138 4394 2437 4451 tervallum.
2470 4392 2645 4463 Incipe
2674 4400 2873 4453 tantum
2899 4398 3044 4447 recte
3068 4391 3265 4448 facere.
3298 4388 3477 4453 Habes
3498 4388 3715 4447 domum

2135 4483 2504 4556 superﬂuam?
2531 4482 2712 4540 Vende
2734 4523 2751 4549 ,
2794 4493 2848 4538 et
2880 4481 2949 4537 da
2975 4481 3041 4539 iis
3058 4481 3150 4557 qui
3178 4479 3413 4553 indigeant
3434 4522 3452 4553 ,
3479 4495 3585 4537 non
3614 4478 3719 4539 hoc

2138 4589 2391 4652 reputans
2410 4621 2425 4647 ,
2468 4590 2519 4636 te
2559 4594 2678 4634 eam
2698 4578 2977 4643 amittere,
3005 4576 3101 4635 sed
3130 4575 3225 4634 tibi
3253 4575 3423 4655 magis
3449 4575 3715 4653 propriam

2136 4675 2370 4734 efﬁcere.
2418 4673 2533 4731 Non
2573 4682 2843 4743 sumptum
2887 4672 3166 4731 considera
3191 4713 3208 4743 ,
3250 4669 3346 4727 sed
3387 4669 3720 4731 emolumen-

2139 4778 2249 4825 tum
2271 4810 2288 4833 ,
2335 4782 2442 4821 non
2470 4765 2611 4838 quod
2658 4779 2719 4822 ea
2760 4764 2845 4821 hic
2881 4762 3107 4837 privaris
3128 4804 3145 4831 ,
3174 4763 3270 4821 sed
3298 4764 3440 4836 quod
3466 4763 3583 4843 ejus
3612 4764 3720 4821 illic

2137 4860 2385 4915 dominus
2420 4856 2671 4914 efliccris.
2705 4856 2778 4912 ita
2806 4857 2964 4915 etiam
2993 4864 3248 4927 perpetuo
3278 4856 3476 4929 poteris
3500 4852 3720 4911 narrare

2141 4956 2231 5010 Dei
2259 4953 2532 5010 miracula.
2564 4952 2679 5008 Hoc
2704 4953 2846 5007 enim
2875 4950 3004 5008 dicit
3030 4950 3273 5009 Psalmus
3294 4951 3363 5007 ab
3388 4949 3560 5007 initio.
3585 4947 3718 5002 Nam

2140 5049 2228 5119 qui
2257 5055 2466 5102 tenetur
2489 5060 2674 5101 amore
2694 5046 2931 5116 pecunia:
2951 5087 2969 5113 ,
2994 5061 3099 5103 non
3130 5047 3283 5103 value
3304 5052 3478 5116 potest
3499 5042 3554 5097 in
3576 5055 3644 5101 ea
3664 5056 3723 5096 re

2141 5139 2341 5195 versari
2368 5157 2381 5193 :
2409 5154 2528 5193 nam
2558 5148 2811 5211 perpetuo
2829 5140 3119 5199 meditatur
3144 5151 3350 5198 usuras,
3377 5140 3685 5191 contractus
3706 5172 3723 5198 .

2143 5233 2473 5305 syngraphas
2504 5272 2519 5295 .
2559 5232 3199 5311 venaliantestamenta,
3246 5240 3496 5303 agrorum
3539 5224 3729 5287 domo-

2145 5341 2369 5395 rumque
2397 5327 2565 5395 pretia
2588 5366 2604 5392 ,
2633 5327 2777 5385 lucra
2798 5367 2814 5393 ,
2846 5338 3116 5393 cauponas
3132 5362 3151 5393 ,
3178 5328 3236 5387 et
3260 5333 3482 5381 narrare
3501 5332 3565 5381 ac
3581 5319 3725 5399 cogi-

2149 5430 2258 5473 tare
2301 5435 2407 5477 non
2447 5428 2647 5479 cessat.
2693 5420 2792 5479 Ubi
2830 5428 2912 5479 eSt
2940 5426 3120 5481 autem
3148 5414 3432 5479 thesaurus
3456 5412 3722 5487 hominis,

2149 5512 2254 5566 illic
2274 5519 2356 5567 est
2379 5511 2537 5571 etiam
2566 5526 2661 5567 cor
2686 5512 2800 5580 ejus
2831 5509 3042 5580 (Matth.
3066 5507 3121 5567 Β»
3147 5507 3263 5583 21).
3294 5507 3421 5571 llaec
3450 5509 3685 5582 loquitur
3710 5548 3726 5575 .

2150 5604 2263 5661 haec
2298 5603 2615 5671 meditatur,
2657 5612 2710 5661 et
2733 5602 3176 5676 quemadmodum
3200 5605 3342 5669 servi
3366 5619 3432 5667 ea
3456 5620 3577 5678 qua:
3604 5612 3734 5665 sunt

2213 5780 2230 5811 ι
2266 5777 2485 5845 tn_t;oib.,
2508 5779 2593 5845 qui
2634 5780 2811 5845 privati
2839 5786 2964 5842 stud,
2995 5779 3155 5835 deest.
3192 5777 3291 5831 sed
3307 5780 3435 5841 hanc
3469 5779 3733 5835 lectionem

2158 5842 2286 5893 bene
2309 5841 2498 5896 habere
2520 5841 2653 5909 puto.
