4112 6214
436 421 536 476 123

428 535 764 590 dominorum
805 528 1159 591 meditantur,
1192 528 1264 582 ita
1293 527 1379 582 hic
1404 527 1563 582 etiam
1593 541 1654 580 ea
1683 525 1971 580 meditatur
1993 565 2008 588 ,

428 640 550 695 quae
585 633 710 678 sunt
753 619 959 676 Domini
991 632 1006 676 :
1039 618 1176 686 Quid
1201 617 1403 688 jussit?
1429 615 1553 686 quid
1581 615 1868 685 perfectum
1895 617 2014 671 est?

431 715 556 781 quid
606 713 839 769 nondmn
880 710 1170 782 perlectum
1209 719 1326 771 est,
1365 707 1458 763 sed
1489 716 1572 763 est
1596 707 2016 778 perliciendum?

431 806 691 875 Quocirca
720 815 771 860 te
799 803 1088 867 adhortor,
1111 811 1167 855 ut
1190 801 1258 855 ab
1286 801 1369 854 illa
1399 799 1710 854 obsessione
1738 799 2012 863 liberatus,

433 895 666 952 verset-is
692 895 746 950 iu
777 895 859 949 bis
890 892 1282 948 narrationibus
1307 933 1321 957 ,
1365 906 1588 945 narrans
1631 890 1723 945 Dei
1763 891 2014 946 miracula

430 1006 550 1059 qua:
581 988 714 1043 fiunt
736 987 973 1058 quotidie
997 1027 1012 1051 ,
1045 1001 1162 1055 qua:
1185 985 1426 1054 privatim
1449 1025 1463 1048 ,
1495 999 1614 1053 quae
1643 984 2014 1050 communiter,

428 1097 548 1151 quae
579 1081 633 1134 in
659 1095 866 1145 omnes,
893 1093 1010 1149 quas
1042 1078 1092 1130 in
1117 1090 1567 1146 unumquemque.
1591 1075 1753 1131 Plena
1773 1085 1854 1131 est
1875 1077 2016 1131 enim

431 1173 535 1226 vita
559 1171 643 1226 his
673 1169 1104 1233 narrationibus;
1135 1178 1190 1223 et
1216 1167 1585 1236 undecumque
1611 1167 1875 1236 inceperis
1895 1208 1909 1234 ,
1940 1169 2020 1222 vi-

429 1263 582 1318 debis
628 1261 952 1316 luculentum
997 1274 1248 1314 emanare
1275 1259 1588 1327 precantium
1610 1301 1625 1324 ,
1657 1258 1770 1312 sive
1793 1273 1824 1312 a
1851 1258 1980 1312 czclo
1998 1299 2014 1324 ,

430 1359 543 1410 sive
561 1370 591 1409 a
621 1365 758 1412 terra
784 1395 799 1417 .
830 1354 943 1412 sive
970 1353 1037 1407 ab
1058 1368 1182 1408 acre
1201 1393 1216 1418 ,
1248 1353 1360 1406 sive
1381 1367 1410 1405 a
1441 1351 1609 1406 brutis
1629 1392 1646 1417 ,
1673 1351 1785 1406 sive
1805 1367 1834 1404 a
1861 1353 2022 1406 semi-

431 1449 588 1502 nibus
607 1489 623 1514 ,
666 1448 778 1503 sive
820 1463 849 1502 a
879 1447 1074 1517 plantis
1100 1457 1154 1501 et
1183 1445 1497 1512 arboribus;
1529 1447 1571 1499 si
1606 1445 1735 1499 velis
1761 1445 1896 1499 dona
1924 1461 2021 1499 an-

433 1541 575 1611 tiqua
655 1555 974 1603 recensere,
1023 1541 1067 1593 si
1111 1553 1231 1609 quae
1275 1538 1444 1608 legem
1487 1546 1922 1598 antecesserunt,
1975 1538 2018 1590 si

431 1650 552 1704 qum
595 1634 806 1688 fuerunt
847 1633 898 1687 in
939 1632 1054 1701 lege
1076 1672 1092 1695 ,
1143 1631 1186 1684 si
1216 1645 1334 1700 qua:
1362 1638 1486 1684 sunt
1515 1629 1569 1682 in
1595 1628 1759 1697 gratia
1785 1669 1800 1692 ,
1834 1628 1876 1681 si
1903 1643 2018 1697 qua)

431 1732 554 1790 post
590 1739 874 1777 excessum
916 1738 980 1776 ex
1015 1721 1120 1775 vita
1148 1762 1162 1784 ,
1195 1721 1237 1774 si
1268 1735 1386 1789 qua:
1415 1720 1466 1772 in
1495 1719 1605 1789 ipsa
1635 1727 1838 1784 morte,
1871 1719 2018 1770 inve-

433 1817 551 1870 nies
603 1815 919 1869 immensum
973 1813 1188 1884 pelagus
1240 1811 1623 1866 narrationum.
1673 1809 1894 1875 Quanta:
1937 1820 2020 1863 cst

432 1923 560 1977 ergo
585 1907 826 1962 stultitia:
845 1949 860 1972 ,
894 1921 1013 1960 cum
1043 1913 1121 1960 tot
1147 1903 1346 1959 narrari
1379 1903 1584 1972 possint
1613 1918 1706 1972 per
1731 1919 1847 1972 (pne
1874 1902 2020 1956 volu

436 2013 555 2070 ptas
573 2043 587 2064 ,
617 2000 822 2054 lucrum
849 2006 904 2054 et
933 1997 1133 2052 utilitas
1161 1996 1366 2066 possint
1393 1995 1584 2049 animae
1610 1993 1886 2058 accedere,
1913 1993 2022 2047 luto

434 2093 694 2146 rationem
730 2089 1007 2161 inquinare
1025 2129 1041 2154 ,
1071 2087 1137 2142 de
1157 2086 1378 2141 avaritia
1401 2094 1453 2139 et
1473 2085 1655 2154 rapina
1679 2093 1980 2138 narrantem
2006 2084 2018 2137 !

510 2186 566 2240 2.
619 2183 808 2239 Rerum
835 2182 1145 2237 naturalium
1171 2179 1460 2246 descriptio.
1495 2208 1562 2217 —
1587 2176 1738 2244 Quod
1767 2177 1810 2230 si
1841 2177 1971 2230 velis
2001 2215 2016 2242 ,

435 2277 680 2347 supernis
702 2274 921 2341 relictis,
954 2273 1022 2328 de
1053 2282 1189 2328 terra
1212 2271 1559 2334 disseramus,
1589 2269 1656 2324 de
1677 2269 1792 2338 ejus
1821 2269 2025 2338 magni-

437 2367 644 2434 tudine,
675 2366 958 2436 positione,
991 2380 1110 2428 ttsu,
1137 2371 1347 2429 natura,
1397 2361 1611 2414 assiduo
1651 2368 1835 2428 partu,
1867 2359 2024 2414 rebus

437 2459 600 2513 variis
624 2467 676 2514 et
704 2456 930 2512 diversis
960 2471 1079 2526 qure
1121 2471 1187 2509 ex
1235 2469 1297 2509 ea
1346 2455 1654 2523 gignuntur.
1687 2452 1981 2506 seminibus
2005 2493 2020 2516 ,

439 2553 638 2618 herbis,
671 2551 886 2622 plantis,
919 2549 1162 2615 ﬂoribus,
1199 2547 1382 2617 pratis,
1415 2546 1606 2600 hortis.
1638 2545 1721 2600 Ab
1743 2545 1824 2600 his
1840 2559 2024 2599 rursus

437 2648 644 2704 arboris
665 2645 1080 2715 uniuscujusque
1105 2642 1326 2713 ﬁguram
1357 2641 1564 2695 ratione
1589 2639 1904 2703 dividamus,
1932 2654 2026 2708 po-

439 2740 708 2803 sitionem,
736 2736 1091 2800 altitudinem,
1116 2733 1310 2788 bonum
1337 2732 1578 2798 odorem,
1605 2730 1852 2792 fructum,
1888 2739 2024 2783 tem-

441 2846 573 2900 pus,
621 2829 1007 2894 ministerium,
1052 2825 1155 2880 alia
1203 2825 1380 2879 omnia
1419 2833 1598 2879 mente
1646 2823 2022 2888 revolventes,

442 2923 714 2992 ipsamque
739 2931 931 2974 terram
983 2933 1078 2972 seu
1123 2915 1390 2980 feracem,
1442 2929 1538 2970 seu
1585 2913 1867 2968 sterilem:
1910 2915 2026 2980 ejus

439 3014 580 3068 enim
623 3013 755 3068 nihil
797 3022 879 3068 est
908 3012 1113 3066 inutile.
1159 3010 1367 3064 Etenim
1398 3014 1513 3062 haec
1549 3006 1762 3076 quidem
1793 3004 2022 3069 ferrum,

442 3106 532 3160 illa
559 3119 688 3161 vero
717 3119 828 3167 tes;
860 3102 973 3156 haec
1011 3116 1231 3164 aurum,
1276 3099 1365 3154 illa
1410 3098 1528 3153 tulit
1572 3106 1884 3168 argentum;
1914 3095 2027 3150 hinc

441 3205 702 3260 aromata,
732 3194 822 3248 illa
851 3208 980 3248 vero
1007 3191 1390 3246 medicamenta
1420 3189 1564 3243 varia
1594 3197 1647 3241 et
1667 3187 1842 3241 omnis
1865 3201 2028 3256 gene-

445 3290 538 3343 ris.
557 3287 693 3356 Quid
710 3287 898 3342 altinet
912 3285 1092 3339 dicere
1104 3282 1382 3336 utilitatem
1398 3295 1674 3350 aquarum,
1691 3278 2024 3348 potabiliutn,

444 3379 728 3440 salsarum,
782 3392 934 3432 usum
983 3375 1264 3440 montium,
1306 3372 1518 3427 metalla
1563 3371 1834 3426 variorum
1884 3384 2028 3424 mar-

445 3487 677 3535 morum,
710 3469 886 3524 fontes
930 3468 1020 3539 qui
1051 3476 1175 3522 sunt
1201 3467 1251 3521 in
1279 3465 1428 3534 ipsis,
1475 3464 1696 3520 arbores
1739 3479 1858 3535 quae
1907 3471 2030 3517 sunt

446 3572 584 3630 apta:
608 3561 675 3614 ad
707 3568 842 3615 tecta
865 3569 920 3614 et
959 3557 1222 3614 aedilicia?
1265 3557 1390 3611 Hree
1431 3555 1610 3610 omnia
1655 3563 1783 3610 sunt
1829 3555 2030 3609 fructus

443 3653 773 3719 solitudinis;
804 3652 920 3709 haec
945 3661 1000 3709 et
1025 3650 1273 3706 animalia
1300 3658 1353 3704 et
1376 3663 1562 3704 omnes
1589 3647 1728 3703 feras
1751 3648 1862 3702 alit.
1900 3646 2030 3701 Nam

446 3747 574 3818 quid
603 3748 791 3802 attinet
811 3746 992 3801 dicere
1017 3745 1185 3808 lacus,
1213 3742 1407 3808 fontes,
1435 3741 1656 3796 ﬂuvios?
1678 3739 2031 3806 Quemadmo-

444 3841 571 3892 dum
598 3838 739 3892 enim
763 3838 1014 3893 mulieres
1033 3851 1150 3906 quae
1171 3843 1511 3905 pepererunt,
1529 3833 1725 3888 fontem
1749 3832 1900 3886 lactis
1921 3847 2034 3901 pro-

448 3928 750 3995 fundentes,
774 3928 911 3982 natis
939 3925 1178 3997 prmbent
1201 3925 1514 3979 alimentum
1543 3941 1556 3978 :
1585 3923 1654 3977 ita
1689 3923 1848 3977 etiam
1884 3931 2023 3976 terra

449 4019 618 4074 hortis
657 4027 711 4075 et
741 4018 1000 4074 viridariis
1043 4017 1231 4072 ﬂuvios
1259 4025 1312 4071 et
1339 4015 1512 4070 fontes
1553 4024 1819 4085 tamquam
1861 4027 2034 4067 mam-

452 4127 568 4168 mas
612 4111 908 4181 porrigens,
941 4125 1003 4164 ea
1029 4107 1228 4163 affatim
1278 4108 1478 4178 irrigat.
1509 4105 1614 4162 Sed
1641 4105 1694 4160 in
1725 4103 2034 4160 mulieribus

447 4203 660 4274 quidem
692 4211 902 4272 Oportet
931 4199 1184 4255 infantem
1206 4197 1272 4256 ad
1295 4214 1578 4253 mammam
1594 4197 1887 4254 accedere:
1920 4195 2034 4250 haec

449 4304 624 4351 autem
649 4295 758 4366 ipsa
787 4292 1024 4350 extendit
1057 4293 1242 4358 ubera,
1275 4291 1508 4360 undique
1533 4305 1595 4344 ea
1621 4303 1684 4344 ex
1713 4291 1820 4345 alto
1845 4289 2036 4345 demit-

450 4397 588 4441 lens.

525 4474 828 4532 Solitudiuis
856 4489 1154 4527 encomtum.
1176 4502 1246 4510 —
1279 4471 1375 4524 Est
1402 4471 1560 4524 etiam
1591 4470 1725 4524 alius
1749 4485 1875 4524 usus
1905 4472 2035 4526 soli-

455 4566 675 4621 tudinis.
705 4566 802 4620 Est
827 4568 987 4619 etiam
1031 4565 1204 4634 aptior
1249 4564 1316 4616 ad
1359 4562 1638 4616 sanitatem
1684 4563 1945 4632 corporis,
1978 4572 2034 4616 ιιι

453 4673 574 4730 qua:
616 4657 816 4726 praebet
861 4655 1126 4726 puriorem
1169 4653 1538 4724 respirandum
1582 4668 1783 4720 aerem,
1828 4663 1882 4708 et
1920 4655 2037 4707 uni-

454 4763 664 4804 versum
693 4749 874 4802 orbem
899 4755 1054 4802 terrae
1080 4762 1146 4801 ex
1171 4747 1279 4802 alto
1317 4745 1873 4817 circumspiciendum,
1904 4754 1959 4800 et
1985 4747 2035 4800 in

455 4840 742 4895 solitudine
770 4839 1116 4910 philosophia:
1136 4837 1473 4903 exercitium,
1497 4845 1594 4890 eta
1612 4837 1731 4891 vita:
1752 4837 1894 4892 curis
1927 4847 2040 4891 tan-

459 4934 622 4988 tillam
641 4931 1063 5002 respirationem.
1083 4929 1217 4997 Quid
1232 4946 1364 5000 opus
1381 4938 1462 4984 est
1477 4943 1899 4984 commemorare
1915 4943 2041 4984 aves

454 5040 574 5095 qua:
598 5032 813 5085 canunt,
833 5032 886 5077 et
909 5022 1234 5087 animalium,
1258 5037 1378 5092 qua:
1405 5029 1594 5075 venatu
1623 5021 1928 5092 capiuntur,
1957 5021 2039 5074 vi-

458 5116 600 5170 tam?
626 5115 793 5170 llahet
829 5115 988 5168 etiam
1031 5114 1195 5167 alium
1241 5127 1394 5166 usum
1441 5111 1691 5167 solitudo.
1723 5113 1875 5182 Stepe
1897 5113 2039 5168 enim

460 5207 674 5276 prmdiis
701 5221 969 5260 murorum
1017 5204 1190 5258 vicem
1220 5202 1476 5272 prtebuit,
1505 5202 1704 5256 habens
1757 5211 1963 5257 montes
1989 5203 2038 5255 in

460 5301 626 5352 altum
667 5307 897 5360 erectos,
949 5294 1246 5364 Voragincs,
1273 5304 1327 5348 et
1365 5294 1674 5364 praecipitia.
1717 5293 1854 5362 Quid
1899 5295 2041 5349 enim

459 5389 657 5442 dixeris
685 5389 751 5442 de
780 5387 959 5441 herbis
985 5401 1105 5456 quae
1133 5386 1186 5440 in
1218 5385 1347 5456 ipsis
1392 5394 1701 5452 nascuntur,
1734 5402 1851 5454 qua:
1892 5385 2042 5440 labu-

460 5480 700 5534 rantibus
721 5479 1033 5549 corporibus
1058 5493 1301 5549 magnam
1328 5493 1483 5548 opem
1509 5477 1765 5532 alferunt?
1779 5477 1832 5532 Si
1867 5488 2044 5532 autem

463 5571 797 5626 desertorum
825 5579 880 5623 et
907 5572 1164 5625 montium
1212 5580 1388 5624 tantus
1409 5579 1492 5625 est
1519 5585 1670 5634 usus,
1705 5580 1956 5639 tantaque
1979 5585 2044 5624 ex

465 5665 544 5718 eis
576 5663 832 5716 bonorum
859 5671 943 5717 est
983 5663 1134 5732 copia
1169 5681 1182 5716 :
1214 5663 1258 5717 si
1289 5662 1353 5718 ad
1386 5673 1582 5718 terram
1625 5662 1834 5717 veneris
1872 5662 2045 5716 arabi-

464 5755 594 5819 lem,
622 5762 678 5808 et
703 5755 922 5822 supinos
966 5768 1204 5822 campos,
1249 5755 1527 5809 considera
1572 5764 1798 5824 quantos
1844 5754 2046 5811 videbis

464 5845 641 5904 fontes
685 5845 1070 5903 narrationum.
1111 5845 1260 5902 Sicut
1301 5845 1445 5902 enim
1486 5845 1541 5902 iu
1590 5855 1771 5902 nostro
1817 5861 2043 5917 corpore

1138 417 1193 471 S.
1234 413 1510 471 JOANNIS
1547 410 2020 468 CllliYSOSTOMl
2060 410 2377 468 ARCHIEP.
2417 414 2949 474 CUNSTANTINOP.

3603 427 3700 484 1‘34

2125 520 2239 578 haec
2269 524 2480 594 quidem
2508 535 2633 582 sunt
2655 542 2797 595 ossa,
2816 529 2905 584 illa
2931 544 3056 585 vero
3083 532 3366 590 nervidtlia
3391 546 3569 590 autem
3588 553 3702 592 car.

2123 629 2218 669 nes
2247 632 2259 667 :
2292 617 2362 671 ita
2391 618 2549 672 etiam
2577 619 2629 674 in
2653 622 2930 687 terra,alia
2956 623 3167 692 quidem
3195 636 3319 680 sunt
3344 638 3572 693 montes,
3605 632 3706 686 alia

2122 706 2423 776 voragines,
2452 709 2554 762 alia
2578 710 2786 781 pinguia
2826 713 3025 781 praldia
3053 732 3069 771 ;
3095 724 3219 769 sunt
3244 715 3360 772 hme
3385 728 3564 774 autem
3586 737 3672 776 om
3687 755 3705 764 ~-

2123 795 2208 848 nia
2238 797 2402 850 utilia.
2435 798 2538 852 Sed
2567 800 2690 868 quid
2719 800 2838 856 dico
2863 811 3078 869 terram,
3101 820 3218 872 qua:
3249 815 3454 862 tantum
3481 817 3561 863 est
3589 811 3702 866 ele-

2125 900 2362 944 mentum
2379 893 2402 944 ?
2421 891 2476 946 Si
2494 893 2648 948 unius
2671 894 2878 949 arboris
2899 895 3029 950 velis
3055 895 3233 952 dicere
3259 897 3502 968 figuram.
3529 917 3702 966 nsum,

2123 980 2374 1050 fructum,
2408 983 2551 1048 folia,
2591 996 2816 1058 tempus,
2843 988 2941 1042 alia
2988 990 3182 1054 omnia,
3215 1006 3460 1061 magnam
3505 994 3702 1050 videbis

2123 1076 2371 1130 narrandi
2419 1079 2734 1144 materiam;
2778 1079 2904 1135 item
2941 1081 2984 1134 si
3023 1084 3280 1137 montium
3324 1086 3504 1149 situm,
3534 1089 3576 1141 si
3605 1087 3704 1140 alia

2124 1167 2301 1221 omnia
2332 1185 2345 1222 :
2376 1169 2421 1221 si
2451 1179 2626 1223 autem
2658 1170 2799 1226 hunc
2828 1172 2998 1240 ipsum
3026 1172 3295 1229 hominem
3323 1178 3562 1232 oratione
3589 1195 3701 1248 per-

2125 1257 2385 1326 sequaris,
2413 1268 2467 1312 et
2491 1260 2657 1328 ipsius
2685 1263 2925 1331 corporis
2950 1261 3341 1330 formationem,
3372 1267 3497 1321 hinc
3524 1285 3707 1326 rursus

2125 1347 2366 1404 invenies
2395 1351 2711 1406 immensum
2741 1355 2956 1424 pelagus
2978 1359 3361 1413 narrationum.
3391 1359 3446 1414 In
3473 1361 3553 1416 his
3579 1379 3709 1433 ergo

2125 1456 2418 1506 versemur,
2442 1444 2564 1500 hinc
2604 1447 2706 1502 erit
2737 1447 2890 1502 nobis
2933 1450 3174 1520 voluptas
3205 1453 3456 1516 maxima,
3482 1454 3604 1509 hinc
3627 1455 3709 1508 Iu-

2125 1548 2308 1599 crum,
2355 1534 2480 1590 hinc
2531 1537 2811 1592 iuell‘abilis
2852 1539 3203 1610 philosophia.
3254 1542 3366 1608 Qua
3414 1544 3481 1598 de
3507 1561 3566 1599 re
3610 1545 3710 1600 hoc

2125 1623 2451 1693 significans,
2497 1627 2767 1698 subjunxit
2797 1672 2812 1698 ,
2842 1632 2896 1685 5.
2931 1631 3164 1686 Lwtabor
3186 1643 3231 1687 et
3271 1636 3530 1688 exsultabo
3563 1637 3614 1690 in
3640 1647 3705 1692 te.

2127 1716 2275 1770 Alius
2309 1735 2322 1770 :
2352 1716 2418 1770 Et
2445 1720 2671 1788 guudrbo
2696 1721 2795 1789 (a).
2821 1721 3053 1776 Psallam
3081 1725 3272 1778 nomini
3295 1735 3402 1792 tuo,
3434 1726 3706 1782 Altissime.

2127 1807 2296 1872 Alius,
2332 1807 2524 1862 Canam
2572 1827 2752 1865 nomen
2795 1823 2954 1866 tuum.
2982 1814 3095 1868 Non
3127 1825 3203 1870 est
3238 1815 3338 1870 hoc
3366 1831 3584 1886 parvum
3609 1834 3706 1888 ge.

2127 1912 2229 1951 nus
2272 1897 2644 1970 philosophiae,
2676 1901 2844 1957 laetari
2875 1904 2924 1957 in
2953 1904 3081 1960 Deo.
3112 1905 3211 1974 Qui
3237 1907 3376 1960 enim
3415 1909 3465 1961 in
3493 1891 3628 1975 .Dco,
3653 1919 3708 1964 ut

2129 1997 2363 2057 oportet,
2392 1989 2619 2054 lzetatur.
2645 2007 2858 2048 omnem
2887 1996 3195 2051 saecularem
3223 1998 3444 2067 expellit
3465 2000 3710 2070 voluptas-

2130 2088 2252 2134 tem.
2285 2079 2420 2147 Quid
2464 2091 2546 2138 est
2569 2094 2768 2151 autem,
2800 2084 3035 2140 Lwtnbor
3059 2089 3110 2140 in
3144 2089 3227 2142 te?
3255 2091 3387 2144 Cum
3416 2090 3595 2158 talem,
3625 2095 3709 2147 iu-

2127 2173 2260 2240 quit,
2290 2171 2515 2229 habeam
2561 2175 2862 2244 Dominum,
2895 2177 2996 2233 huc
3025 2188 3108 2233 est
3147 2180 3277 2234 mihi
3319 2183 3581 2250 voluptas,
3610 2183 3712 2241 hoc

2128 2277 2210 2318 est
2239 2265 2542 2320 exsultatio.
2583 2266 2637 2322 Si
2659 2267 2780 2337 quis
2819 2269 2954 2324 hanc
2981 2271 3126 2326 novit
3155 2272 3224 2326 ita
3257 2283 3314 2326 ut
3346 2289 3503 2330 nosse
3549 2291 3709 2346 opor-

2131 2363 2225 2420 tet,
2255 2373 2361 2411 non
2385 2357 2549 2413 sentit
2585 2359 2743 2413 aliam
2781 2360 3122 2430 voluptatem.
3154 2363 3267 2418 lloc
3296 2365 3439 2419 enim
3465 2376 3548 2420 est
3591 2383 3708 2436 pro

2131 2449 2246 2520 prie
2281 2451 2561 2522 voluptas:
2589 2452 2690 2507 alia
2735 2469 2864 2508 vero
2890 2455 3067 2522 omnia
3117 2457 3227 2510 sola
3255 2467 3381 2512 sunt
3423 2459 3710 2530 voluptatis

2129 2545 2365 2612 nomina,
2397 2561 2458 2601 re
2479 2545 2591 2614 ipsa
2633 2545 2882 2601 destituta
2903 2547 2942 2601 ί.
2972 2549 3094 2603 Ilmc
3115 2549 3394 2606 sublimem
3440 2551 3710 2608 hominem

2130 2637 2324 2703 ellicit;
2363 2635 2480 2692 lucc
2522 2635 2752 2691 animam
2799 2637 3042 2693 liberata
3075 2654 3330 2710 corpore;
3373 2643 3487 2698 haec
3526 2643 3708 2712 efficit,

2130 2737 2189 2783 ut
2211 2729 2277 2782 ad
2297 2728 2484 2783 ca'lum
2521 2729 2753 2799 aspiret;
2785 2728 2900 2783 hzec
2947 2732 3193 2798 terrenis,
3225 2743 3279 2787 et
3303 2733 3367 2787 iis
3397 2749 3516 2804 qua:
3543 2735 3608 2788 ad
3636 2737 3712 2790 vi-

2129 2826 2274 2874 ctum
2302 2819 2568 2888 pertinent
2597 2819 2840 2874 altiorem
2879 2821 3186 2888 constituit;
3219 2822 3332 2878 haec
3359 2840 3387 2876 a
3417 2825 3557 2880 vitiis
3578 2825 3711 2881 libe-

2129 2919 2212 2966 rat
2244 2929 2258 2964 :
2279 2921 2333 2965 et
2362 2911 2644 2967 merito.Si
2670 2913 2810 2967 enim
2829 2915 2918 2984 qui
2943 2914 3159 2970 oulchra
3178 2931 3240 2968 ac
3258 2918 3507 2987 prmclara
3530 2929 3712 2973 amant

2129 3002 2517 3071 corpora,nihi|
2540 3018 2722 3058 eorum
2739 3006 3128 3077 sentiunt,qu:r.
3144 3007 3209 3062 ad
3239 2989 3396 3062 vitam
3427 3010 3708 3078 pertinent,

2131 3095 2224 3149 sed
2254 3095 2305 3148 in
2338 3111 2444 3149 uno
2470 3096 2586 3148 solo
2608 3097 2795 3152 amicae
2820 3111 3038 3167 aspccm
3079 3111 3358 3156 versantur
3391 3120 3404 3156 :
3433 3103 3522 3172 qui
3547 3103 3710 3158 Deum

2131 3197 2271 3241 amat
2302 3197 2360 3241 ut
2382 3195 2613 3257 oportet,
2640 3187 2888 3258 quidnam
2912 3189 3164 3262 deinceps
3200 3193 3280 3247 vel
3309 3193 3432 3247 boni
3463 3193 3546 3249 vel
3588 3194 3712 3248 mali

2132 3280 2330 3334 sentiet
2370 3294 2577 3344 eorum,
2609 3296 2726 3349 qua:
2753 3288 2880 3334 sunt
2909 3282 2958 3336 in
2988 3283 3128 3336 vita?
3151 3283 3323 3350 Nihil;
3351 3285 3446 3339 sed
3471 3286 3573 3340 erit
3592 3300 3712 3338 om-

2134 3372 2290 3428 nibus
2320 3374 2581 3442 superior,
2612 3373 2994 3428 immortalium
3016 3377 3285 3446 voluptate
3311 3379 3576 3446 perlusus,
3593 3394 3714 3433 eum

2137 3465 2255 3519 talis
2279 3465 2350 3519 sit
2379 3466 2444 3530 is,
2473 3465 2560 3535 qui
2586 3465 2652 3519 ab
2669 3465 2746 3520 eis
2765 3475 2992 3520 amatur.
3010 3467 3110 3532 Qui
3131 3468 3272 3521 enim
3296 3481 3473 3524 autaut
3492 3469 3716 3536 alia,vel
3797 3481 3800 3484 ’

2136 3553 2284 3609 inviti
2327 3555 2434 3609 cito
2473 3555 2819 3610 traducuntur
2839 3556 2904 3610 ad
2933 3556 3274 3623 oblivionem,
3305 3574 3425 3613 cum
3452 3560 3716 3616 intereant

2135 3657 2188 3702 et
2211 3646 2525 3702 flaccescaut
2559 3663 2678 3718 qua:
2719 3659 2966 3702 amantur
2993 3665 3005 3701 :
3037 3648 3122 3703 hic
3166 3663 3318 3702 amor
3343 3660 3426 3704 est
3455 3651 3712 3718 infinitus,

2137 3739 2226 3809 qui
2257 3754 2363 3794 non
2395 3749 2569 3808 potest
2595 3739 2863 3805 desinere,
2892 3740 2980 3808 qui
3011 3750 3065 3796 et
3091 3740 3343 3810 majorem
3369 3740 3526 3798 habet
3552 3743 3704 3795 Volu-

2138 3839 2358 3902 ptatem,
2391 3841 2444 3886 et
2469 3832 2584 3901 plus
2610 3832 2741 3888 lucri
2773 3850 2784 3885 :
2814 3843 2863 3888 et
2894 3832 2996 3888 hoc
3033 3833 3151 3902 ipso
3175 3844 3442 3890 amantem
3486 3833 3714 3888 delectat

2138 3934 2192 3978 et
2217 3933 2440 3990 recreat,
2464 3923 2604 3994 quod
2625 3941 2912 3996 numquam
2934 3925 3262 3982 dissolvitur.
3284 3926 3508 3981 Psallam
3529 3927 3718 3981 nomini

2139 4029 2247 4082 tuo,
2275 4019 2544 4074 Altissime.
2571 4017 2683 4072 Hoc
2707 4019 2843 4073 solet
2865 4019 3094 4074 maxime
3126 4019 3241 4074 ﬁeri
3270 4018 3340 4072 ab
3367 4027 3598 4072 amante.
3619 4017 3720 4085 Qui

2139 4111 2282 4165 enim
2326 4119 2528 4178 antant,
2559 4121 2758 4165 canunt
2787 4111 2839 4164 in
2865 4127 2958 4164 eos
2985 4126 3120 4180 quos
3141 4118 3322 4163 amant
3347 4110 3584 4173 cantica;
3618 4111 3718 4163 etsi

2141 4202 2258 4256 illos
2282 4216 2385 4255 non
2412 4203 2644 4268 videant,
2669 4216 2763 4270 per
2804 4200 3067 4254 canticum
3110 4197 3315 4266 seipsos
3351 4197 3717 4252 consolantur.

2141 4293 2215 4348 Ita
2239 4297 2397 4350 etiam
2437 4292 2562 4347 facit
2610 4290 2867 4362 propheta
2896 4308 2908 4342 :
2937 4289 3185 4358 quoniatn
3218 4288 3356 4341 Deus
3396 4288 3565 4342 videri
3612 4303 3719 4343 non

2141 4393 2334 4454 potest,
2362 4384 2488 4438 facit
2516 4384 2567 4436 in
2597 4383 2766 4450 ipsum
2815 4379 3040 4442 cantica,
3074 4393 3167 4446 per
3208 4387 3397 4431 cautus
3437 4393 3558 4432 cum
3605 4379 3722 4448 ipso

2139 4475 2509 4545 congrediens,
2551 4471 2874 4528 desiderium
2918 4468 3238 4535 accendens,
3277 4479 3326 4522 et
3357 4469 3529 4538 ipsum
3559 4485 3618 4525 se
3641 4469 3720 4524 vi-

2141 4567 2269 4621 dere
2293 4565 2604 4620 existimans
2631 4580 2643 4616 :
2669 4563 2748 4617 vel
2794 4563 2969 4631 potius
3006 4572 3165 4615 cantu
3195 4570 3248 4616 et
3276 4560 3486 4631 hymnis
3531 4563 3722 4617 multo-

2141 4675 2260 4714 rum
2287 4657 2574 4713 inllammat
2611 4655 2957 4710 desiderium.
2985 4653 3436 4720 Quemadmodum
3466 4655 3608 4709 enim
3633 4655 3723 4724 qui

2141 4757 2344 4812 amant,
2362 4761 2547 4803 eorum
2573 4761 2706 4816 quos
2731 4752 2912 4799 amant
2936 4745 3206 4800 celebrant
3229 4743 3491 4806 encomia,
3510 4753 3563 4798 et
3583 4743 3725 4812 ipso-

2144 4857 2264 4896 rum
2300 4840 2513 4895 nomina
2557 4837 3070 4895 circutnferuntzita
3113 4836 3199 4890 hic
3243 4835 3426 4901 etiam,
3469 4834 3724 4902 Psallam,

2149 4935 2338 5006 inquit,
2370 4934 2560 4988 nomini
2590 4944 2697 4999 tuo,
2728 4932 2999 4986 Altissime.

2217 5030 2272 5084 5.
2308 5026 2436 5082 Vide
2456 5026 2723 5096 quomodo
2765 5025 2995 5093 seipsum
3017 5037 3047 5077 e
3075 5032 3211 5076 terra
3238 5023 3482 5086 erexerit,
3501 5031 3554 5077 et
3579 5038 3726 5077 suam

2149 5131 2312 5176 totam
2338 5120 2402 5174 ad
2431 5119 2574 5173 illam
2619 5115 2904 5172 essentiam
2935 5107 3212 5176 cxtuleril,
3239 5113 3471 5182 seipsum
3504 5113 3610 5167 Deo
3637 5113 3725 5166 de-

2147 5216 2352 5269 dicans.
2380 5213 2445 5266 Et
2471 5210 2588 5265 ideo
2608 5217 2784 5262 versat
2813 5208 2927 5275 ejus
2955 5221 3146 5260 nomen
3165 5205 3405 5261 assidue:
3430 5206 3475 5259 is
3491 5214 3568 5259 est
3589 5205 3726 5258 enim

2151 5321 2267 5360 tuos
2314 5302 2561 5356 amantis.
2587 5301 2640 5354 4.
2671 5301 2796 5352 Cum
2832 5314 3098 5350 conversus
3142 5298 3292 5368 fuerit
3329 5297 3562 5350 inimicus
3593 5310 3726 5346 metu

2149 5406 2442 5458 retrorsum,
2473 5391 2880 5460 inﬁrmabuntur,
2903 5399 2949 5441 et
2967 5389 3197 5459 peribunt
3237 5405 3267 5440 a
3283 5387 3418 5457 facie
3441 5385 3728 5447 taa.Alius,

2151 5486 2411 5544 Conversis
2433 5483 2646 5537 inimicis
2677 5481 2796 5534 meis
2822 5490 2977 5536 retro.
3006 5496 3065 5532 ac
3088 5479 3276 5533 collisis
3301 5489 3450 5548 atque
3471 5475 3676 5546 perditis
3702 5491 3730 5528 ι

2217 5648 2233 5680 ¹
2270 5654 2350 5696 Hae
2373 5655 2538 5700 voces,
2563 5657 2616 5694 re
2633 5642 2738 5706 ipsa
2761 5637 3006 5696 destituta,
3030 5635 3210 5685 desunt
3231 5631 3436 5706 iuAColh.

2214 5734 2294 5806 ἀ).
2328 5733 2444 5782 Haec
2487 5703 2661 5806 nepa:
2682 5726 3083 5806 ,(βτλρῄλλτξίν,
3108 5703 3735 5806 Καὶ.-χὲγρξῖῖσξ)...ῐεῑξιξτ
3816 5757 3824 5770 κ

2149 5783 2344 5860 Aquila
2375 5808 2486 5860 esse
2528 5796 2576 5841 in
2627 5783 2755 5860 lidit.
2787 5789 2962 5846 Savil.,
2995 5789 3105 5860 sed“
3132 5783 3417 5860 Aquila-get
3452 5783 3733 5845 Symmachi

2150 5846 2462 5921 iu'llesaplis
2488 5855 2669 5906 nostris
2691 5869 2702 5902 :
2729 5865 2948 5916 sequens
2972 5855 3052 5899 est
3074 5846 3369 5909 Symmachi.
