  <div class='ocr_page' id='page_1' title='image "/cluster/home/n/w/nwhite01/storage/ocr_20150623/55/hvd.32044054086814/120.png"; bbox 0 0 4112 6214; ppageno 0'>
   <div class='ocr_carea' id='block_1_1' title="bbox 394 350 497 408">
    <p class='ocr_par' dir='ltr' id='par_1_1' title="bbox 394 350 497 408">
     <span class='ocr_line' id='line_1_1' title="bbox 394 350 497 408; baseline 0.01 -1"><span class='ocrx_word' id='word_1_1' title='bbox 394 350 497 408; x_wconf 67' lang='grc'><strong>123</strong></span> 
     </span>
    </p>
   </div>
   <div class='ocr_carea' id='block_1_2' title="bbox 390 468 1961 544">
    <p class='ocr_par' dir='ltr' id='par_1_2' title="bbox 390 468 1961 544">
     <span class='ocr_line' id='line_1_2' title="bbox 390 468 1961 544; baseline 0 -18"><span class='ocrx_word' id='word_1_2' title='bbox 390 470 513 527; x_wconf 79' lang='grc' dir='ltr'><strong>καθ’</strong></span> <span class='ocrx_word' id='word_1_3' title='bbox 541 469 776 541; x_wconf 72' lang='grc' dir='ltr'><strong>ἑκάστην</strong></span> <span class='ocrx_word' id='word_1_4' title='bbox 803 469 1020 544; x_wconf 75' lang='grc' dir='ltr'><strong>ἡμέραν</strong></span> <span class='ocrx_word' id='word_1_5' title='bbox 1065 468 1325 543; x_wconf 85' lang='grc' dir='ltr'><strong>γινόμενα</strong></span> <span class='ocrx_word' id='word_1_6' title='bbox 1373 470 1650 543; x_wconf 77' lang='grc' dir='ltr'><strong>θαυμάσια</strong></span> <span class='ocrx_word' id='word_1_7' title='bbox 1687 472 1780 526; x_wconf 88' lang='grc' dir='ltr'><strong>τοῦ</strong></span> <span class='ocrx_word' id='word_1_8' title='bbox 1825 470 1961 527; x_wconf 89' lang='grc' dir='ltr'><strong>Θεοῦ</strong></span> 
     </span>
    </p>
   </div>
   <div class='ocr_carea' id='block_1_3' title="bbox 389 556 1962 631">
    <p class='ocr_par' dir='ltr' id='par_1_3' title="bbox 389 556 1962 631">
     <span class='ocr_line' id='line_1_3' title="bbox 389 556 1962 631; baseline 0.001 -19"><span class='ocrx_word' id='word_1_9' title='bbox 389 557 776 630; x_wconf 81' lang='grc' dir='ltr'><strong>διηγούμενον,</strong></span> <span class='ocrx_word' id='word_1_10' title='bbox 808 557 878 611; x_wconf 89' lang='grc' dir='ltr'><strong>τά</strong></span> <span class='ocrx_word' id='word_1_11' title='bbox 910 556 1017 629; x_wconf 67' lang='grc' dir='ltr'><strong>ἰδία</strong></span> <span class='ocrx_word' id='word_1_12' title='bbox 1053 558 1150 612; x_wconf 73' lang='grc' dir='ltr'><strong>καὶ</strong></span> <span class='ocrx_word' id='word_1_13' title='bbox 1201 556 1271 611; x_wconf 81' lang='grc' dir='ltr'><strong>τά</strong></span> <span class='ocrx_word' id='word_1_14' title='bbox 1307 562 1458 631; x_wconf 77' lang='grc' dir='ltr'><strong>κοινῇ</strong></span> <span class='ocrx_word' id='word_1_15' title='bbox 1478 601 1494 624; x_wconf 93' lang='grc'><strong>,</strong></span> <span class='ocrx_word' id='word_1_16' title='bbox 1522 560 1592 614; x_wconf 84' lang='grc' dir='ltr'><strong>τά</strong></span> <span class='ocrx_word' id='word_1_17' title='bbox 1624 561 1705 622; x_wconf 81' lang='grc' dir='ltr'><strong>εἰς</strong></span> <span class='ocrx_word' id='word_1_18' title='bbox 1753 559 1962 625; x_wconf 82' lang='grc' dir='ltr'><strong>πάντας</strong></span> 
     </span>
    </p>
   </div>
   <div class='ocr_carea' id='block_1_4' title="bbox 390 644 1960 718">
    <p class='ocr_par' dir='ltr' id='par_1_4' title="bbox 390 644 1960 718">
     <span class='ocr_line' id='line_1_4' title="bbox 390 644 1960 718; baseline 0 -18"><span class='ocrx_word' id='word_1_19' title='bbox 390 645 485 700; x_wconf 77' lang='grc' dir='ltr'><strong>καὶ</strong></span> <span class='ocrx_word' id='word_1_20' title='bbox 506 646 574 699; x_wconf 85' lang='grc' dir='ltr'><strong>τά</strong></span> <span class='ocrx_word' id='word_1_21' title='bbox 605 646 685 708; x_wconf 88' lang='grc' dir='ltr'><strong>είς</strong></span> <span class='ocrx_word' id='word_1_22' title='bbox 704 644 801 699; x_wconf 73' lang='grc' dir='ltr'><strong>ἕνα</strong></span> <span class='ocrx_word' id='word_1_23' title='bbox 831 644 1081 705; x_wconf 71' lang='grc' dir='ltr'><strong>ἕκαστον.</strong></span> <span class='ocrx_word' id='word_1_24' title='bbox 1109 644 1273 715; x_wconf 84' lang='grc' dir='ltr'><strong>Γέμει</strong></span> <span class='ocrx_word' id='word_1_25' title='bbox 1304 644 1412 716; x_wconf 81' lang='lat'><strong>7&amp;9</strong></span> <span class='ocrx_word' id='word_1_26' title='bbox 1437 646 1505 699; x_wconf 89' lang='grc' dir='ltr'><strong>τά</strong></span> <span class='ocrx_word' id='word_1_27' title='bbox 1533 647 1591 699; x_wconf 87' lang='grc' dir='ltr'><strong>ἐν</strong></span> <span class='ocrx_word' id='word_1_28' title='bbox 1614 644 1695 716; x_wconf 79' lang='grc' dir='ltr'><strong>τῷ</strong></span> <span class='ocrx_word' id='word_1_29' title='bbox 1720 645 1821 718; x_wconf 78' lang='grc' dir='ltr'><strong>βίῳ</strong></span> <span class='ocrx_word' id='word_1_30' title='bbox 1840 646 1960 700; x_wconf 81' lang='grc' dir='ltr'><strong>τού⁴</strong></span> 
     </span>
    </p>
   </div>
   <div class='ocr_carea' id='block_1_5' title="bbox 389 730 1963 811">
    <p class='ocr_par' dir='ltr' id='par_1_5' title="bbox 389 730 1963 811">
     <span class='ocr_line' id='line_1_5' title="bbox 389 730 1963 811; baseline 0.002 -27"><span class='ocrx_word' id='word_1_31' title='bbox 389 748 498 786; x_wconf 79' lang='grc' dir='ltr'><strong>των</strong></span> <span class='ocrx_word' id='word_1_32' title='bbox 522 730 631 785; x_wconf 87' lang='grc' dir='ltr'><strong>τῶν</strong></span> <span class='ocrx_word' id='word_1_33' title='bbox 662 730 1016 811; x_wconf 68' lang='grc' dir='ltr'><strong>διηγημάτων</strong></span> <span class='ocrx_word' id='word_1_34' title='bbox 1034 747 1048 761; x_wconf 86' lang='grc'><strong>·</strong></span> <span class='ocrx_word' id='word_1_35' title='bbox 1079 733 1174 786; x_wconf 69' lang='grc' dir='ltr'><strong>καλ⁸</strong></span> <span class='ocrx_word' id='word_1_36' title='bbox 1204 731 1326 786; x_wconf 78' lang='grc' dir='ltr'><strong>ὅθεν</strong></span> <span class='ocrx_word' id='word_1_37' title='bbox 1357 732 1424 786; x_wconf 82' lang='grc' dir='ltr'><strong>ἀν</strong></span> <span class='ocrx_word' id='word_1_38' title='bbox 1453 732 1625 807; x_wconf 80' lang='grc' dir='ltr'><strong>ἄρξῃ,</strong></span> <span class='ocrx_word' id='word_1_39' title='bbox 1656 733 1963 807; x_wconf 79' lang='grc' dir='ltr'><strong>λαμπρότεο</strong></span> 
     </span>
    </p>
   </div>
   <div class='ocr_carea' id='block_1_6' title="bbox 393 817 1962 893">
    <p class='ocr_par' dir='ltr' id='par_1_6' title="bbox 393 817 1962 893">
     <span class='ocr_line' id='line_1_6' title="bbox 393 817 1962 893; baseline 0.002 -22"><span class='ocrx_word' id='word_1_40' title='bbox 393 835 486 891; x_wconf 93' lang='grc' dir='ltr'><strong>ρον</strong></span> <span class='ocrx_word' id='word_1_41' title='bbox 507 818 627 888; x_wconf 61' lang='grc' dir='ltr'><strong>ὄψει</strong></span> <span class='ocrx_word' id='word_1_42' title='bbox 654 817 715 872; x_wconf 81' lang='grc' dir='ltr'><strong>τὸ</strong></span> <span class='ocrx_word' id='word_1_43' title='bbox 744 818 1026 889; x_wconf 90' lang='grc' dir='ltr'><strong>προοίμιον</strong></span> <span class='ocrx_word' id='word_1_44' title='bbox 1045 817 1310 891; x_wconf 79' lang='grc' dir='ltr'><strong>ἀναδρύον</strong></span> <span class='ocrx_word' id='word_1_45' title='bbox 1327 861 1343 885; x_wconf 92' lang='grc'><strong>,</strong></span> <span class='ocrx_word' id='word_1_46' title='bbox 1368 819 1433 874; x_wconf 77' lang='grc' dir='ltr'><strong>ἄν</strong></span> <span class='ocrx_word' id='word_1_47' title='bbox 1455 836 1516 872; x_wconf 92' lang='grc' dir='ltr'><strong>τε</strong></span> <span class='ocrx_word' id='word_1_48' title='bbox 1547 820 1655 873; x_wconf 80' lang='grc' dir='ltr'><strong>ἀπὸ</strong></span> <span class='ocrx_word' id='word_1_49' title='bbox 1680 821 1775 873; x_wconf 85' lang='grc' dir='ltr'><strong>τοῦ</strong></span> <span class='ocrx_word' id='word_1_50' title='bbox 1800 821 1962 893; x_wconf 88' lang='grc' dir='ltr'><strong>ούρα-</strong></span> 
     </span>
    </p>
   </div>
   <div class='ocr_carea' id='block_1_7' title="bbox 392 905 1962 979">
    <p class='ocr_par' dir='ltr' id='par_1_7' title="bbox 392 905 1962 979">
     <span class='ocr_line' id='line_1_7' title="bbox 392 905 1962 979; baseline 0 -19"><span class='ocrx_word' id='word_1_51' title='bbox 392 905 507 967; x_wconf 82' lang='grc' dir='ltr'><strong>νοῦ,</strong></span> <span class='ocrx_word' id='word_1_52' title='bbox 529 907 594 961; x_wconf 82' lang='grc' dir='ltr'><strong>ἀν</strong></span> <span class='ocrx_word' id='word_1_53' title='bbox 619 922 681 958; x_wconf 87' lang='grc' dir='ltr'><strong>τε</strong></span> <span class='ocrx_word' id='word_1_54' title='bbox 713 905 821 958; x_wconf 81' lang='grc' dir='ltr'><strong>ἀπὸ</strong></span> <span class='ocrx_word' id='word_1_55' title='bbox 842 908 941 977; x_wconf 76' lang='grc' dir='ltr'><strong>τῆς</strong></span> <span class='ocrx_word' id='word_1_56' title='bbox 963 906 1097 978; x_wconf 82' lang='grc' dir='ltr'><strong>γῆς,</strong></span> <span class='ocrx_word' id='word_1_57' title='bbox 1129 905 1272 960; x_wconf 76' lang='grc' dir='ltr'><strong>ἄντε</strong></span> <span class='ocrx_word' id='word_1_58' title='bbox 1304 907 1414 961; x_wconf 73' lang='grc' dir='ltr'><strong>ἀπὸ</strong></span> <span class='ocrx_word' id='word_1_59' title='bbox 1440 907 1535 961; x_wconf 90' lang='grc' dir='ltr'><strong>τοῦ</strong></span> <span class='ocrx_word' id='word_1_60' title='bbox 1573 909 1762 979; x_wconf 86' lang='grc' dir='ltr'><strong>ἀέρος,</strong></span> <span class='ocrx_word' id='word_1_61' title='bbox 1805 908 1872 962; x_wconf 81' lang='grc' dir='ltr'><strong>ἀν</strong></span> <span class='ocrx_word' id='word_1_62' title='bbox 1902 924 1962 961; x_wconf 84' lang='grc' dir='ltr'><strong>τε</strong></span> 
     </span>
    </p>
   </div>
   <div class='ocr_carea' id='block_1_8' title="bbox 391 990 1961 1066">
    <p class='ocr_par' dir='ltr' id='par_1_8' title="bbox 391 990 1961 1066">
     <span class='ocr_line' id='line_1_8' title="bbox 391 990 1961 1066; baseline 0 -19"><span class='ocrx_word' id='word_1_63' title='bbox 391 992 502 1047; x_wconf 77' lang='grc' dir='ltr'><strong>ἀπὸ</strong></span> <span class='ocrx_word' id='word_1_64' title='bbox 528 992 640 1045; x_wconf 87' lang='grc' dir='ltr'><strong>τῶν</strong></span> <span class='ocrx_word' id='word_1_65' title='bbox 666 990 894 1061; x_wconf 79' lang='grc' dir='ltr'><strong>ἀλόγων,</strong></span> <span class='ocrx_word' id='word_1_66' title='bbox 927 991 992 1046; x_wconf 78' lang='grc' dir='ltr'><strong>ἀν</strong></span> <span class='ocrx_word' id='word_1_67' title='bbox 1017 993 1123 1046; x_wconf 80' lang='grc' dir='ltr'><strong>ἀπὸ</strong></span> <span class='ocrx_word' id='word_1_68' title='bbox 1156 993 1507 1066; x_wconf 85' lang='grc' dir='ltr'><strong>σπερμάτων,</strong></span> <span class='ocrx_word' id='word_1_69' title='bbox 1533 994 1600 1049; x_wconf 79' lang='grc' dir='ltr'><strong>ἂν</strong></span> <span class='ocrx_word' id='word_1_70' title='bbox 1620 995 1728 1048; x_wconf 81' lang='grc' dir='ltr'><strong>ἀπὸ</strong></span> <span class='ocrx_word' id='word_1_71' title='bbox 1757 995 1961 1065; x_wconf 87' lang='grc' dir='ltr'><strong>φυτῶν·</strong></span> 
     </span>
    </p>
   </div>
   <div class='ocr_carea' id='block_1_9' title="bbox 392 1078 1966 1153">
    <p class='ocr_par' dir='ltr' id='par_1_9' title="bbox 392 1078 1966 1153">
     <span class='ocr_line' id='line_1_9' title="bbox 392 1078 1966 1153; baseline 0.001 -20"><span class='ocrx_word' id='word_1_72' title='bbox 392 1079 461 1133; x_wconf 82' lang='grc' dir='ltr'><strong>ἀν</strong></span> <span class='ocrx_word' id='word_1_73' title='bbox 486 1078 587 1143; x_wconf 85' lang='grc' dir='ltr'><strong>τὰς</strong></span> <span class='ocrx_word' id='word_1_74' title='bbox 616 1079 845 1142; x_wconf 87' lang='grc' dir='ltr'><strong>παλαιάς</strong></span> <span class='ocrx_word' id='word_1_75' title='bbox 892 1079 1052 1152; x_wconf 79' lang='grc' dir='ltr'><strong>θέλῃς</strong></span> <span class='ocrx_word' id='word_1_76' title='bbox 1077 1079 1439 1151; x_wconf 84' lang='grc' dir='ltr'><strong>διηγήσασθαι</strong></span> <span class='ocrx_word' id='word_1_77' title='bbox 1480 1081 1690 1153; x_wconf 82' lang='grc' dir='ltr'><strong>δωρεάς</strong></span> <span class='ocrx_word' id='word_1_78' title='bbox 1713 1120 1730 1146; x_wconf 90' lang='grc'><strong>,</strong></span> <span class='ocrx_word' id='word_1_79' title='bbox 1770 1080 1839 1134; x_wconf 85' lang='grc' dir='ltr'><strong>ἀν</strong></span> <span class='ocrx_word' id='word_1_80' title='bbox 1865 1080 1966 1145; x_wconf 85' lang='grc' dir='ltr'><strong>τάς</strong></span> 
     </span>
    </p>
   </div>
   <div class='ocr_carea' id='block_1_10' title="bbox 393 1166 1964 1239">
    <p class='ocr_par' dir='ltr' id='par_1_10' title="bbox 393 1166 1964 1239">
     <span class='ocr_line' id='line_1_10' title="bbox 393 1166 1964 1239; baseline -0.001 -18"><span class='ocrx_word' id='word_1_81' title='bbox 393 1166 501 1239; x_wconf 75' lang='grc' dir='ltr'><strong>πρὸ</strong></span> <span class='ocrx_word' id='word_1_82' title='bbox 525 1166 618 1221; x_wconf 90' lang='grc' dir='ltr'><strong>τοῦ</strong></span> <span class='ocrx_word' id='word_1_83' title='bbox 650 1167 834 1236; x_wconf 83' lang='grc' dir='ltr'><strong>νόμου,</strong></span> <span class='ocrx_word' id='word_1_84' title='bbox 865 1166 931 1221; x_wconf 79' lang='grc' dir='ltr'><strong>ἂν</strong></span> <span class='ocrx_word' id='word_1_85' title='bbox 958 1167 1056 1231; x_wconf 86' lang='grc' dir='ltr'><strong>τὰς</strong></span> <span class='ocrx_word' id='word_1_86' title='bbox 1085 1169 1142 1220; x_wconf 90' lang='grc' dir='ltr'><strong>ἐν</strong></span> <span class='ocrx_word' id='word_1_87' title='bbox 1168 1166 1244 1238; x_wconf 82' lang='grc' dir='ltr'><strong>τῷ</strong></span> <span class='ocrx_word' id='word_1_88' title='bbox 1270 1168 1441 1239; x_wconf 83' lang='grc' dir='ltr'><strong>νόμῳ,</strong></span> <span class='ocrx_word' id='word_1_89' title='bbox 1469 1168 1535 1222; x_wconf 82' lang='grc' dir='ltr'><strong>ἀν</strong></span> <span class='ocrx_word' id='word_1_90' title='bbox 1568 1167 1638 1221; x_wconf 85' lang='grc' dir='ltr'><strong>τά</strong></span> <span class='ocrx_word' id='word_1_91' title='bbox 1665 1170 1724 1222; x_wconf 76' lang='grc' dir='ltr'><strong>ἐν</strong></span> <span class='ocrx_word' id='word_1_92' title='bbox 1755 1170 1821 1239; x_wconf 79' lang='grc' dir='ltr'><strong>τῇ</strong></span> <span class='ocrx_word' id='word_1_93' title='bbox 1862 1167 1964 1237; x_wconf 67' lang='grc' dir='ltr'><strong>χάα</strong></span> 
     </span>
    </p>
   </div>
   <div class='ocr_carea' id='block_1_11' title="bbox 395 1250 1964 1327">
    <p class='ocr_par' dir='ltr' id='par_1_11' title="bbox 395 1250 1964 1327">
     <span class='ocr_line' id='line_1_11' title="bbox 395 1250 1964 1327; baseline 0.002 -21"><span class='ocrx_word' id='word_1_94' title='bbox 395 1271 505 1327; x_wconf 83' lang='grc' dir='ltr'><strong>ριτι</strong></span> <span class='ocrx_word' id='word_1_95' title='bbox 527 1293 543 1318; x_wconf 95' lang='grc'><strong>,</strong></span> <span class='ocrx_word' id='word_1_96' title='bbox 573 1252 638 1307; x_wconf 78' lang='grc' dir='ltr'><strong>ἀν</strong></span> <span class='ocrx_word' id='word_1_97' title='bbox 663 1253 732 1307; x_wconf 80' lang='grc' dir='ltr'><strong>τά</strong></span> <span class='ocrx_word' id='word_1_98' title='bbox 760 1250 895 1324; x_wconf 85' lang='grc' dir='ltr'><strong>μετά</strong></span> <span class='ocrx_word' id='word_1_99' title='bbox 921 1254 1020 1323; x_wconf 80' lang='grc' dir='ltr'><strong>τὴν</strong></span> <span class='ocrx_word' id='word_1_100' title='bbox 1052 1253 1302 1308; x_wconf 85' lang='grc' dir='ltr'><strong>ἐντεῦθεν</strong></span> <span class='ocrx_word' id='word_1_101' title='bbox 1337 1254 1650 1326; x_wconf 78' lang='grc' dir='ltr'><strong>ἀποδημίαν</strong></span> <span class='ocrx_word' id='word_1_102' title='bbox 1674 1294 1690 1320; x_wconf 93' lang='grc'><strong>,</strong></span> <span class='ocrx_word' id='word_1_103' title='bbox 1720 1254 1786 1309; x_wconf 82' lang='grc' dir='ltr'><strong>ἀν</strong></span> <span class='ocrx_word' id='word_1_104' title='bbox 1810 1255 1879 1308; x_wconf 87' lang='grc' dir='ltr'><strong>τά</strong></span> <span class='ocrx_word' id='word_1_105' title='bbox 1906 1255 1964 1309; x_wconf 90' lang='grc' dir='ltr'><strong>ἐν</strong></span> 
     </span>
    </p>
   </div>
   <div class='ocr_carea' id='block_1_12' title="bbox 393 1344 1963 1418">
    <p class='ocr_par' dir='ltr' id='par_1_12' title="bbox 393 1344 1963 1418">
     <span class='ocr_line' id='line_1_12' title="bbox 393 1344 1963 1418; baseline 0.001 -20"><span class='ocrx_word' id='word_1_106' title='bbox 393 1345 543 1416; x_wconf 87' lang='grc' dir='ltr'><strong>αύτῷ</strong></span> <span class='ocrx_word' id='word_1_107' title='bbox 571 1345 650 1416; x_wconf 82' lang='grc' dir='ltr'><strong>τῷ</strong></span> <span class='ocrx_word' id='word_1_108' title='bbox 674 1344 883 1418; x_wconf 83' lang='grc' dir='ltr'><strong>θανάτῳ</strong></span> <span class='ocrx_word' id='word_1_109' title='bbox 905 1385 921 1411; x_wconf 92' lang='grc'><strong>,</strong></span> <span class='ocrx_word' id='word_1_110' title='bbox 977 1346 1148 1418; x_wconf 87' lang='grc' dir='ltr'><strong>μυρία</strong></span> <span class='ocrx_word' id='word_1_111' title='bbox 1181 1344 1349 1417; x_wconf 75' lang='grc' dir='ltr'><strong>εὕρῃς</strong></span> <span class='ocrx_word' id='word_1_112' title='bbox 1413 1345 1625 1416; x_wconf 78' lang='grc' dir='ltr'><strong>πελάγη</strong></span> <span class='ocrx_word' id='word_1_113' title='bbox 1671 1345 1842 1400; x_wconf 89' lang='grc' dir='ltr'><strong>ταῦτα</strong></span> <span class='ocrx_word' id='word_1_114' title='bbox 1882 1345 1963 1399; x_wconf 88' lang='grc' dir='ltr'><strong>δι-</strong></span> 
     </span>
    </p>
   </div>
   <div class='ocr_carea' id='block_1_13' title="bbox 392 1428 1964 1504">
    <p class='ocr_par' dir='ltr' id='par_1_13' title="bbox 392 1428 1964 1504">
     <span class='ocr_line' id='line_1_13' title="bbox 392 1428 1964 1504; baseline -0.001 -16"><span class='ocrx_word' id='word_1_115' title='bbox 392 1432 710 1503; x_wconf 82' lang='grc' dir='ltr'><strong>ηγημάτων.</strong></span> <span class='ocrx_word' id='word_1_116' title='bbox 746 1433 926 1504; x_wconf 86' lang='grc' dir='ltr'><strong>Πόσης</strong></span> <span class='ocrx_word' id='word_1_117' title='bbox 969 1428 1063 1486; x_wconf 78' lang='grc' dir='ltr'><strong>οὖν</strong></span> <span class='ocrx_word' id='word_1_118' title='bbox 1105 1433 1206 1487; x_wconf 87' lang='grc' dir='ltr'><strong>ούκ</strong></span> <span class='ocrx_word' id='word_1_119' title='bbox 1249 1432 1316 1486; x_wconf 80' lang='grc' dir='ltr'><strong>ἂν</strong></span> <span class='ocrx_word' id='word_1_120' title='bbox 1340 1432 1424 1504; x_wconf 86' lang='grc' dir='ltr'><strong>εῖη</strong></span> <span class='ocrx_word' id='word_1_121' title='bbox 1477 1434 1683 1501; x_wconf 87' lang='grc' dir='ltr'><strong>ἀνοίας,</strong></span> <span class='ocrx_word' id='word_1_122' title='bbox 1730 1433 1964 1487; x_wconf 87' lang='grc' dir='ltr'><strong>τοσαῦτα</strong></span> 
     </span>
    </p>
   </div>
   <div class='ocr_carea' id='block_1_14' title="bbox 395 1513 1962 1593">
    <p class='ocr_par' dir='ltr' id='par_1_14' title="bbox 395 1513 1962 1593">
     <span class='ocr_line' id='line_1_14' title="bbox 395 1513 1962 1593; baseline 0.003 -22"><span class='ocrx_word' id='word_1_123' title='bbox 395 1519 611 1589; x_wconf 78' lang='grc' dir='ltr'><strong>ἔχοντας</strong></span> <span class='ocrx_word' id='word_1_124' title='bbox 632 1519 934 1590; x_wconf 78' lang='grc' dir='ltr'><strong>διηγεῖσθαι</strong></span> <span class='ocrx_word' id='word_1_125' title='bbox 951 1560 967 1585; x_wconf 93' lang='grc'><strong>,</strong></span> <span class='ocrx_word' id='word_1_126' title='bbox 1008 1519 1077 1573; x_wconf 81' lang='grc' dir='ltr'><strong>δι’</strong></span> <span class='ocrx_word' id='word_1_127' title='bbox 1105 1513 1181 1573; x_wconf 81' lang='grc' dir='ltr'><strong>ὧν</strong></span> <span class='ocrx_word' id='word_1_128' title='bbox 1211 1519 1307 1573; x_wconf 75' lang='grc' dir='ltr'><strong>καὶ</strong></span> <span class='ocrx_word' id='word_1_129' title='bbox 1337 1520 1496 1592; x_wconf 81' lang='grc' dir='ltr'><strong>ήδονὴ</strong></span> <span class='ocrx_word' id='word_1_130' title='bbox 1523 1521 1616 1574; x_wconf 76' lang='grc' dir='ltr'><strong>καὶ</strong></span> <span class='ocrx_word' id='word_1_131' title='bbox 1656 1521 1842 1593; x_wconf 86' lang='grc' dir='ltr'><strong>κέρδος</strong></span> <span class='ocrx_word' id='word_1_132' title='bbox 1867 1522 1962 1575; x_wconf 79' lang='grc' dir='ltr'><strong>καὶ</strong></span> 
     </span>
    </p>
   </div>
   <div class='ocr_carea' id='block_1_15' title="bbox 392 1607 1963 1681">
    <p class='ocr_par' dir='ltr' id='par_1_15' title="bbox 392 1607 1963 1681">
     <span class='ocr_line' id='line_1_15' title="bbox 392 1607 1963 1681; baseline 0.001 -21"><span class='ocrx_word' id='word_1_133' title='bbox 392 1607 628 1677; x_wconf 87' lang='grc' dir='ltr'><strong>ὠφέλεια</strong></span> <span class='ocrx_word' id='word_1_134' title='bbox 653 1609 753 1680; x_wconf 81' lang='grc' dir='ltr'><strong>τῆς</strong></span> <span class='ocrx_word' id='word_1_135' title='bbox 781 1607 961 1679; x_wconf 72' lang='grc' dir='ltr'><strong>ψυχῆς</strong></span> <span class='ocrx_word' id='word_1_136' title='bbox 1003 1609 1319 1677; x_wconf 84' lang='grc' dir='ltr'><strong>ἐγγίνεται,</strong></span> <span class='ocrx_word' id='word_1_137' title='bbox 1362 1609 1439 1680; x_wconf 81' lang='grc' dir='ltr'><strong>τῷ</strong></span> <span class='ocrx_word' id='word_1_138' title='bbox 1475 1608 1716 1681; x_wconf 80' lang='grc' dir='ltr'><strong>βορϐόρῳ</strong></span> <span class='ocrx_word' id='word_1_139' title='bbox 1752 1610 1844 1663; x_wconf 74' lang='grc' dir='ltr'><strong>τὸν</strong></span> <span class='ocrx_word' id='word_1_140' title='bbox 1874 1608 1963 1662; x_wconf 86' lang='grc' dir='ltr'><strong>λο-</strong></span> 
     </span>
    </p>
   </div>
   <div class='ocr_carea' id='block_1_16' title="bbox 392 1694 1964 1769">
    <p class='ocr_par' dir='ltr' id='par_1_16' title="bbox 392 1694 1964 1769">
     <span class='ocr_line' id='line_1_16' title="bbox 392 1694 1964 1769; baseline 0.002 -21"><span class='ocrx_word' id='word_1_141' title='bbox 392 1695 590 1765; x_wconf 83' lang='grc' dir='ltr'><strong>γισμὸν</strong></span> <span class='ocrx_word' id='word_1_142' title='bbox 620 1694 936 1769; x_wconf 84' lang='grc' dir='ltr'><strong>ἀναφύρειν,</strong></span> <span class='ocrx_word' id='word_1_143' title='bbox 960 1696 1088 1767; x_wconf 76' lang='grc' dir='ltr'><strong>περὶ</strong></span> <span class='ocrx_word' id='word_1_144' title='bbox 1127 1694 1432 1761; x_wconf 78' lang='grc' dir='ltr'><strong>πλεονεξίας</strong></span> <span class='ocrx_word' id='word_1_145' title='bbox 1462 1697 1556 1750; x_wconf 79' lang='grc' dir='ltr'><strong>καὶ</strong></span> <span class='ocrx_word' id='word_1_146' title='bbox 1603 1695 1861 1769; x_wconf 79' lang='grc' dir='ltr'><strong>ἁρπαγῆς</strong></span> <span class='ocrx_word' id='word_1_147' title='bbox 1888 1698 1964 1751; x_wconf 87' lang='grc' dir='ltr'><strong>δι-</strong></span> 
     </span>
    </p>
   </div>
   <div class='ocr_carea' id='block_1_17' title="bbox 389 1781 728 1855">
    <p class='ocr_par' dir='ltr' id='par_1_17' title="bbox 389 1781 728 1855">
     <span class='ocr_line' id='line_1_17' title="bbox 389 1781 728 1855; baseline -0.018 0"><span class='ocrx_word' id='word_1_148' title='bbox 389 1781 693 1855; x_wconf 76' lang='grc' dir='ltr'><strong>ηγούμενον</strong></span> <span class='ocrx_word' id='word_1_149' title='bbox 713 1798 728 1849; x_wconf 87' lang='lat'><strong>;</strong></span> 
     </span>
    </p>
   </div>
   <div class='ocr_carea' id='block_1_18' title="bbox 458 1908 1952 1983">
    <p class='ocr_par' dir='ltr' id='par_1_18' title="bbox 458 1908 1952 1983">
     <span class='ocr_line' id='line_1_18' title="bbox 458 1908 1952 1983; baseline -0.001 -18"><span class='ocrx_word' id='word_1_150' title='bbox 458 1909 524 1981; x_wconf 88' lang='grc' dir='ltr'><strong>β’.</strong></span> <span class='ocrx_word' id='word_1_151' title='bbox 544 1912 654 1965; x_wconf 81' lang='lat' dir='ltr'><strong><em>Kal</em></strong></span> <span class='ocrx_word' id='word_1_152' title='bbox 669 1912 719 1965; x_wconf 88' lang='grc' dir='ltr'><strong>εί</strong></span> <span class='ocrx_word' id='word_1_153' title='bbox 739 1908 939 1980; x_wconf 88' lang='grc' dir='ltr'><strong>βούλει,</strong></span> <span class='ocrx_word' id='word_1_154' title='bbox 961 1911 1031 1966; x_wconf 87' lang='grc' dir='ltr'><strong>τά</strong></span> <span class='ocrx_word' id='word_1_155' title='bbox 1045 1908 1158 1965; x_wconf 78' lang='grc' dir='ltr'><strong>ἀνω</strong></span> <span class='ocrx_word' id='word_1_156' title='bbox 1182 1910 1432 1980; x_wconf 81' lang='grc' dir='ltr'><strong>ἀφέντες,</strong></span> <span class='ocrx_word' id='word_1_157' title='bbox 1451 1910 1582 1983; x_wconf 75' lang='grc' dir='ltr'><strong>περὶ</strong></span> <span class='ocrx_word' id='word_1_158' title='bbox 1602 1912 1703 1983; x_wconf 76' lang='grc' dir='ltr'><strong>τῆς</strong></span> <span class='ocrx_word' id='word_1_159' title='bbox 1722 1911 1823 1981; x_wconf 82' lang='grc' dir='ltr'><strong>γῆς</strong></span> <span class='ocrx_word' id='word_1_160' title='bbox 1838 1909 1952 1964; x_wconf 76' lang='grc' dir='ltr'><strong>διαο</strong></span> 
     </span>
    </p>
   </div>
   <div class='ocr_carea' id='block_1_19' title="bbox 384 1996 1962 2070">
    <p class='ocr_par' dir='ltr' id='par_1_19' title="bbox 384 1996 1962 2070">
     <span class='ocr_line' id='line_1_19' title="bbox 384 1996 1962 2070; baseline 0.012 -19"><span class='ocrx_word' id='word_1_161' title='bbox 384 1998 683 2070; x_wconf 86' lang='grc' dir='ltr'><strong>λεχθῶμεν,</strong></span> <span class='ocrx_word' id='word_1_162' title='bbox 704 1998 798 2053; x_wconf 89' lang='grc' dir='ltr'><strong>τοῦ</strong></span> <span class='ocrx_word' id='word_1_163' title='bbox 825 1998 1088 2070; x_wconf 88' lang='grc' dir='ltr'><strong>μεγέθους</strong></span> <span class='ocrx_word' id='word_1_164' title='bbox 1106 1997 1277 2069; x_wconf 78' lang='grc' dir='ltr'><strong>αὐτῆς</strong></span> <span class='ocrx_word' id='word_1_165' title='bbox 1295 2037 1312 2062; x_wconf 92' lang='grc'><strong>,</strong></span> <span class='ocrx_word' id='word_1_166' title='bbox 1336 1999 1435 2070; x_wconf 86' lang='grc' dir='ltr'><strong>τῆς</strong></span> <span class='ocrx_word' id='word_1_167' title='bbox 1455 1996 1656 2060; x_wconf 84' lang='grc' dir='ltr'><strong>θέσεως</strong></span> <span class='ocrx_word' id='word_1_168' title='bbox 1671 2037 1687 2062; x_wconf 94' lang='grc'><strong>,</strong></span> <span class='ocrx_word' id='word_1_169' title='bbox 1709 1998 1808 2069; x_wconf 80' lang='grc' dir='ltr'><strong>τῆς</strong></span> <span class='ocrx_word' id='word_1_170' title='bbox 1831 1998 1962 2069; x_wconf 73' lang='grc' dir='ltr'><strong>Χρή·</strong></span> 
     </span>
    </p>
   </div>
   <div class='ocr_carea' id='block_1_20' title="bbox 386 2083 1959 2158">
    <p class='ocr_par' dir='ltr' id='par_1_20' title="bbox 386 2083 1959 2158">
     <span class='ocr_line' id='line_1_20' title="bbox 386 2083 1959 2158; baseline -0.003 -16"><span class='ocrx_word' id='word_1_171' title='bbox 386 2105 526 2152; x_wconf 89' lang='grc' dir='ltr'><strong>σεως</strong></span> <span class='ocrx_word' id='word_1_172' title='bbox 549 2127 564 2150; x_wconf 92' lang='grc'><strong>,</strong></span> <span class='ocrx_word' id='word_1_173' title='bbox 591 2088 694 2158; x_wconf 80' lang='grc' dir='ltr'><strong>τῆς</strong></span> <span class='ocrx_word' id='word_1_174' title='bbox 724 2087 937 2157; x_wconf 89' lang='grc' dir='ltr'><strong>φύσεως</strong></span> <span class='ocrx_word' id='word_1_175' title='bbox 960 2125 977 2150; x_wconf 89' lang='grc'><strong>,</strong></span> <span class='ocrx_word' id='word_1_176' title='bbox 1003 2086 1113 2141; x_wconf 88' lang='grc' dir='ltr'><strong>τῶν</strong></span> <span class='ocrx_word' id='word_1_177' title='bbox 1141 2087 1347 2141; x_wconf 84' lang='grc' dir='ltr'><strong>ὠδίνων</strong></span> <span class='ocrx_word' id='word_1_178' title='bbox 1384 2086 1492 2140; x_wconf 88' lang='grc' dir='ltr'><strong>τῶν</strong></span> <span class='ocrx_word' id='word_1_179' title='bbox 1523 2084 1817 2157; x_wconf 88' lang='grc' dir='ltr'><strong>διηνεκῶν,</strong></span> <span class='ocrx_word' id='word_1_180' title='bbox 1848 2083 1959 2139; x_wconf 89' lang='grc' dir='ltr'><strong>τῶν</strong></span> 
     </span>
    </p>
   </div>
   <div class='ocr_carea' id='block_1_21' title="bbox 385 2171 1961 2248">
    <p class='ocr_par' dir='ltr' id='par_1_21' title="bbox 385 2171 1961 2248">
     <span class='ocr_line' id='line_1_21' title="bbox 385 2171 1961 2248; baseline -0.003 -18"><span class='ocrx_word' id='word_1_181' title='bbox 385 2175 739 2248; x_wconf 79' lang='grc' dir='ltr'><strong>γεννημάτων</strong></span> <span class='ocrx_word' id='word_1_182' title='bbox 768 2174 876 2229; x_wconf 89' lang='grc' dir='ltr'><strong>τῶν</strong></span> <span class='ocrx_word' id='word_1_183' title='bbox 907 2174 966 2242; x_wconf 83' lang='grc' dir='ltr'><strong>ἐξ</strong></span> <span class='ocrx_word' id='word_1_184' title='bbox 999 2175 1167 2246; x_wconf 79' lang='grc' dir='ltr'><strong>αὐτῆς</strong></span> <span class='ocrx_word' id='word_1_185' title='bbox 1192 2173 1302 2226; x_wconf 86' lang='grc' dir='ltr'><strong>τῶν</strong></span> <span class='ocrx_word' id='word_1_186' title='bbox 1347 2173 1602 2228; x_wconf 81' lang='grc' dir='ltr'><strong>ποικίλων</strong></span> <span class='ocrx_word' id='word_1_187' title='bbox 1650 2173 1745 2226; x_wconf 77' lang='grc' dir='ltr'><strong>καὶ</strong></span> <span class='ocrx_word' id='word_1_188' title='bbox 1772 2171 1961 2242; x_wconf 65' lang='grc' dir='ltr'><strong>διαφόα</strong></span> 
     </span>
    </p>
   </div>
   <div class='ocr_carea' id='block_1_22' title="bbox 391 2259 1960 2335">
    <p class='ocr_par' dir='ltr' id='par_1_22' title="bbox 391 2259 1960 2335">
     <span class='ocr_line' id='line_1_22' title="bbox 391 2259 1960 2335; baseline -0.001 -20"><span class='ocrx_word' id='word_1_189' title='bbox 391 2280 519 2335; x_wconf 88' lang='grc' dir='ltr'><strong>ρων,</strong></span> <span class='ocrx_word' id='word_1_190' title='bbox 548 2262 655 2315; x_wconf 89' lang='grc' dir='ltr'><strong>τῶν</strong></span> <span class='ocrx_word' id='word_1_191' title='bbox 687 2262 1038 2333; x_wconf 74' lang='grc' dir='ltr'><strong>σπερμάτων,</strong></span> <span class='ocrx_word' id='word_1_192' title='bbox 1061 2261 1172 2314; x_wconf 88' lang='grc' dir='ltr'><strong>τῶν</strong></span> <span class='ocrx_word' id='word_1_193' title='bbox 1193 2260 1426 2331; x_wconf 82' lang='grc' dir='ltr'><strong>βοτανῶν</strong></span> <span class='ocrx_word' id='word_1_194' title='bbox 1449 2300 1464 2322; x_wconf 88' lang='grc'><strong>,</strong></span> <span class='ocrx_word' id='word_1_195' title='bbox 1493 2262 1600 2314; x_wconf 89' lang='grc' dir='ltr'><strong>τῶν</strong></span> <span class='ocrx_word' id='word_1_196' title='bbox 1623 2259 1825 2330; x_wconf 88' lang='grc' dir='ltr'><strong>φυτῶν,</strong></span> <span class='ocrx_word' id='word_1_197' title='bbox 1848 2259 1960 2314; x_wconf 88' lang='grc' dir='ltr'><strong>τῶν</strong></span> 
     </span>
    </p>
   </div>
   <div class='ocr_carea' id='block_1_23' title="bbox 389 2345 1958 2418">
    <p class='ocr_par' dir='ltr' id='par_1_23' title="bbox 389 2345 1958 2418">
     <span class='ocr_line' id='line_1_23' title="bbox 389 2345 1958 2418; baseline 0 -18"><span class='ocrx_word' id='word_1_198' title='bbox 389 2346 740 2407; x_wconf 85' lang='grc' dir='ltr'><strong>ἀνθέων.τῶν</strong></span> <span class='ocrx_word' id='word_1_199' title='bbox 762 2345 1062 2417; x_wconf 83' lang='grc' dir='ltr'><strong>λειμώνων,</strong></span> <span class='ocrx_word' id='word_1_200' title='bbox 1090 2346 1201 2401; x_wconf 86' lang='grc' dir='ltr'><strong>τῶν</strong></span> <span class='ocrx_word' id='word_1_201' title='bbox 1228 2345 1585 2418; x_wconf 86' lang='grc' dir='ltr'><strong>παραδείσων.</strong></span> <span class='ocrx_word' id='word_1_202' title='bbox 1603 2345 1735 2399; x_wconf 75' lang='grc' dir='ltr'><strong>Ἀπὸ</strong></span> <span class='ocrx_word' id='word_1_203' title='bbox 1753 2345 1958 2400; x_wconf 90' lang='grc' dir='ltr'><strong>τούτων</strong></span> 
     </span>
    </p>
   </div>
   <div class='ocr_carea' id='block_1_24' title="bbox 392 2429 1955 2504">
    <p class='ocr_par' dir='ltr' id='par_1_24' title="bbox 392 2429 1955 2504">
     <span class='ocr_line' id='line_1_24' title="bbox 392 2429 1955 2504; baseline 0.001 -19"><span class='ocrx_word' id='word_1_204' title='bbox 392 2432 553 2485; x_wconf 89' lang='grc' dir='ltr'><strong>πάλιν</strong></span> <span class='ocrx_word' id='word_1_205' title='bbox 575 2432 828 2502; x_wconf 78' lang='grc' dir='ltr'><strong>τέμωμεν</strong></span> <span class='ocrx_word' id='word_1_206' title='bbox 858 2429 936 2501; x_wconf 80' lang='grc' dir='ltr'><strong>τῷ</strong></span> <span class='ocrx_word' id='word_1_207' title='bbox 962 2431 1105 2502; x_wconf 82' lang='grc' dir='ltr'><strong>λόγῳ</strong></span> <span class='ocrx_word' id='word_1_208' title='bbox 1145 2432 1373 2486; x_wconf 75' lang='grc' dir='ltr'><strong>ἑκάστου</strong></span> <span class='ocrx_word' id='word_1_209' title='bbox 1401 2433 1620 2504; x_wconf 76' lang='grc' dir='ltr'><strong>δένδρου</strong></span> <span class='ocrx_word' id='word_1_210' title='bbox 1650 2433 1712 2487; x_wconf 78' lang='grc' dir='ltr'><strong>τὸ</strong></span> <span class='ocrx_word' id='word_1_211' title='bbox 1750 2433 1955 2503; x_wconf 81' lang='grc' dir='ltr'><strong>σχῆμα,</strong></span> 
     </span>
    </p>
   </div>
   <div class='ocr_carea' id='block_1_25' title="bbox 395 2516 1959 2591">
    <p class='ocr_par' dir='ltr' id='par_1_25' title="bbox 395 2516 1959 2591">
     <span class='ocr_line' id='line_1_25' title="bbox 395 2516 1959 2591; baseline 0 -18"><span class='ocrx_word' id='word_1_212' title='bbox 395 2517 511 2591; x_wconf 85' lang='lat'><strong>[95]</strong></span> <span class='ocrx_word' id='word_1_213' title='bbox 538 2518 639 2589; x_wconf 82' lang='grc' dir='ltr'><strong>τὴν</strong></span> <span class='ocrx_word' id='word_1_214' title='bbox 667 2516 849 2581; x_wconf 80' lang='grc' dir='ltr'><strong>θέσιν,</strong></span> <span class='ocrx_word' id='word_1_215' title='bbox 877 2517 939 2570; x_wconf 79' lang='grc' dir='ltr'><strong>τὸ</strong></span> <span class='ocrx_word' id='word_1_216' title='bbox 970 2516 1133 2586; x_wconf 79' lang='grc' dir='ltr'><strong>ὕψος,</strong></span> <span class='ocrx_word' id='word_1_217' title='bbox 1162 2516 1260 2588; x_wconf 75' lang='grc' dir='ltr'><strong>τὴν</strong></span> <span class='ocrx_word' id='word_1_218' title='bbox 1298 2517 1525 2570; x_wconf 83' lang='grc' dir='ltr'><strong>εὐωδίαν</strong></span> <span class='ocrx_word' id='word_1_219' title='bbox 1544 2556 1560 2581; x_wconf 97' lang='grc'><strong>,</strong></span> <span class='ocrx_word' id='word_1_220' title='bbox 1597 2519 1687 2571; x_wconf 86' lang='grc' dir='ltr'><strong>τὸν</strong></span> <span class='ocrx_word' id='word_1_221' title='bbox 1725 2520 1959 2590; x_wconf 79' lang='grc' dir='ltr'><strong>καρπὸν,</strong></span> 
     </span>
    </p>
   </div>
   <div class='ocr_carea' id='block_1_26' title="bbox 394 2601 1965 2676">
    <p class='ocr_par' dir='ltr' id='par_1_26' title="bbox 394 2601 1965 2676">
     <span class='ocr_line' id='line_1_26' title="bbox 394 2601 1965 2676; baseline -0.001 -18"><span class='ocrx_word' id='word_1_222' title='bbox 394 2605 487 2658; x_wconf 76' lang='grc' dir='ltr'><strong>τὸν</strong></span> <span class='ocrx_word' id='word_1_223' title='bbox 518 2605 728 2676; x_wconf 80' lang='grc' dir='ltr'><strong>καιρὸν,</strong></span> <span class='ocrx_word' id='word_1_224' title='bbox 756 2603 856 2675; x_wconf 78' lang='grc' dir='ltr'><strong>τὴν</strong></span> <span class='ocrx_word' id='word_1_225' title='bbox 875 2601 1168 2666; x_wconf 85' lang='grc' dir='ltr'><strong>διακονίαν,</strong></span> <span class='ocrx_word' id='word_1_226' title='bbox 1195 2602 1265 2655; x_wconf 84' lang='grc' dir='ltr'><strong>τά</strong></span> <span class='ocrx_word' id='word_1_227' title='bbox 1295 2602 1432 2657; x_wconf 76' lang='grc' dir='ltr'><strong>ἄλλα</strong></span> <span class='ocrx_word' id='word_1_228' title='bbox 1459 2603 1634 2657; x_wconf 85' lang='grc' dir='ltr'><strong>πάντα</strong></span> <span class='ocrx_word' id='word_1_229' title='bbox 1652 2601 1965 2672; x_wconf 81' lang='grc' dir='ltr'><strong>ἀναλογιζό-</strong></span> 
     </span>
    </p>
   </div>
   <div class='ocr_carea' id='block_1_27' title="bbox 396 2688 1960 2764">
    <p class='ocr_par' dir='ltr' id='par_1_27' title="bbox 396 2688 1960 2764">
     <span class='ocr_line' id='line_1_27' title="bbox 396 2688 1960 2764; baseline -0.001 -18"><span class='ocrx_word' id='word_1_230' title='bbox 396 2709 550 2764; x_wconf 88' lang='grc' dir='ltr'><strong>μενοι</strong></span> <span class='ocrx_word' id='word_1_231' title='bbox 580 2703 629 2755; x_wconf 71' lang='grc' dir='ltr'><strong>ι,</strong></span> <span class='ocrx_word' id='word_1_232' title='bbox 654 2691 822 2760; x_wconf 83' lang='grc' dir='ltr'><strong>αὐτῆς</strong></span> <span class='ocrx_word' id='word_1_233' title='bbox 839 2688 938 2761; x_wconf 84' lang='grc' dir='ltr'><strong>τῆς</strong></span> <span class='ocrx_word' id='word_1_234' title='bbox 971 2689 1075 2761; x_wconf 80' lang='grc' dir='ltr'><strong>γῆς</strong></span> <span class='ocrx_word' id='word_1_235' title='bbox 1095 2688 1194 2762; x_wconf 80' lang='grc' dir='ltr'><strong>τήν</strong></span> <span class='ocrx_word' id='word_1_236' title='bbox 1222 2690 1520 2760; x_wconf 83' lang='grc' dir='ltr'><strong>κάρπιμον,</strong></span> <span class='ocrx_word' id='word_1_237' title='bbox 1545 2689 1643 2760; x_wconf 78' lang='grc' dir='ltr'><strong>τὴν</strong></span> <span class='ocrx_word' id='word_1_238' title='bbox 1673 2689 1921 2762; x_wconf 80' lang='grc' dir='ltr'><strong>ἄκαρπον</strong></span> <span class='ocrx_word' id='word_1_239' title='bbox 1944 2707 1960 2724; x_wconf 78' lang='grc' dir='ltr'><strong><em>ο</em></strong></span> 
     </span>
    </p>
   </div>
   <div class='ocr_carea' id='block_1_28' title="bbox 391 2775 1962 2849">
    <p class='ocr_par' dir='ltr' id='par_1_28' title="bbox 391 2775 1962 2849">
     <span class='ocr_line' id='line_1_28' title="bbox 391 2775 1962 2849; baseline -0.002 -16"><span class='ocrx_word' id='word_1_240' title='bbox 391 2778 543 2833; x_wconf 75' lang='grc' dir='ltr'><strong>οὐδὲν</strong></span> <span class='ocrx_word' id='word_1_241' title='bbox 567 2778 678 2849; x_wconf 82' lang='lat'><strong>7&amp;9</strong></span> <span class='ocrx_word' id='word_1_242' title='bbox 701 2777 872 2848; x_wconf 78' lang='grc' dir='ltr'><strong>αὐτῆς</strong></span> <span class='ocrx_word' id='word_1_243' title='bbox 899 2775 1188 2848; x_wconf 76' lang='grc' dir='ltr'><strong>ἄχρηστον.</strong></span> <span class='ocrx_word' id='word_1_244' title='bbox 1223 2777 1334 2831; x_wconf 80' lang='grc' dir='ltr'><strong>Καὶ</strong></span> <span class='ocrx_word' id='word_1_245' title='bbox 1371 2775 1481 2846; x_wconf 85' lang='lat'><strong>7&amp;9</strong></span> <span class='ocrx_word' id='word_1_246' title='bbox 1516 2778 1548 2848; x_wconf 85' lang='grc' dir='ltr'><strong>ή</strong></span> <span class='ocrx_word' id='word_1_247' title='bbox 1592 2777 1692 2848; x_wconf 81' lang='grc' dir='ltr'><strong>μὲν</strong></span> <span class='ocrx_word' id='word_1_248' title='bbox 1724 2776 1962 2849; x_wconf 79' lang='grc' dir='ltr'><strong>σίδηρον,</strong></span> 
     </span>
    </p>
   </div>
   <div class='ocr_carea' id='block_1_29' title="bbox 391 2864 1961 2940">
    <p class='ocr_par' dir='ltr' id='par_1_29' title="bbox 391 2864 1961 2940">
     <span class='ocr_line' id='line_1_29' title="bbox 391 2864 1961 2940; baseline 0.001 -20"><span class='ocrx_word' id='word_1_249' title='bbox 391 2869 425 2940; x_wconf 77' lang='grc' dir='ltr'><strong>ἡ</strong></span> <span class='ocrx_word' id='word_1_250' title='bbox 452 2867 510 2920; x_wconf 83' lang='grc' dir='ltr'><strong>δὲ</strong></span> <span class='ocrx_word' id='word_1_251' title='bbox 538 2866 758 2938; x_wconf 86' lang='grc' dir='ltr'><strong>χαλκὸν,</strong></span> <span class='ocrx_word' id='word_1_252' title='bbox 790 2868 823 2937; x_wconf 85' lang='grc' dir='ltr'><strong>ἡ</strong></span> <span class='ocrx_word' id='word_1_253' title='bbox 860 2866 917 2919; x_wconf 84' lang='grc' dir='ltr'><strong>δὲ</strong></span> <span class='ocrx_word' id='word_1_254' title='bbox 948 2864 1189 2936; x_wconf 86' lang='grc' dir='ltr'><strong>χρυσίον,</strong></span> <span class='ocrx_word' id='word_1_255' title='bbox 1214 2867 1247 2936; x_wconf 83' lang='grc' dir='ltr'><strong>ή</strong></span> <span class='ocrx_word' id='word_1_256' title='bbox 1290 2864 1349 2918; x_wconf 82' lang='grc' dir='ltr'><strong>δὲ</strong></span> <span class='ocrx_word' id='word_1_257' title='bbox 1380 2864 1618 2936; x_wconf 79' lang='grc' dir='ltr'><strong>ἄργυρον</strong></span> <span class='ocrx_word' id='word_1_258' title='bbox 1641 2866 1899 2936; x_wconf 59' lang='grc' dir='ltr'><strong>ἤνεγκεν</strong></span> <span class='ocrx_word' id='word_1_259' title='bbox 1927 2867 1961 2938; x_wconf 89' lang='grc' dir='ltr'><strong>ή</strong></span> 
     </span>
    </p>
   </div>
   <div class='ocr_carea' id='block_1_30' title="bbox 387 2951 1964 3026">
    <p class='ocr_par' dir='ltr' id='par_1_30' title="bbox 387 2951 1964 3026">
     <span class='ocr_line' id='line_1_30' title="bbox 387 2951 1964 3026; baseline -0.001 -18"><span class='ocrx_word' id='word_1_260' title='bbox 387 2955 445 3008; x_wconf 79' lang='grc' dir='ltr'><strong>δὲ</strong></span> <span class='ocrx_word' id='word_1_261' title='bbox 472 2953 738 3026; x_wconf 77' lang='grc' dir='ltr'><strong>ἀρώματα</strong></span> <span class='ocrx_word' id='word_1_262' title='bbox 757 2990 774 3018; x_wconf 89' lang='grc'><strong>,</strong></span> <span class='ocrx_word' id='word_1_263' title='bbox 814 2954 847 3025; x_wconf 84' lang='grc' dir='ltr'><strong>ή</strong></span> <span class='ocrx_word' id='word_1_264' title='bbox 872 2953 930 3007; x_wconf 76' lang='grc' dir='ltr'><strong>δὲ</strong></span> <span class='ocrx_word' id='word_1_265' title='bbox 971 2952 1237 3023; x_wconf 86' lang='grc' dir='ltr'><strong>φάρμακα</strong></span> <span class='ocrx_word' id='word_1_266' title='bbox 1265 2951 1360 3006; x_wconf 79' lang='grc' dir='ltr'><strong>καὶ</strong></span> <span class='ocrx_word' id='word_1_267' title='bbox 1386 2951 1603 3006; x_wconf 81' lang='grc' dir='ltr'><strong>ποικίλα</strong></span> <span class='ocrx_word' id='word_1_268' title='bbox 1642 2953 1736 3007; x_wconf 77' lang='grc' dir='ltr'><strong>καὶ</strong></span> <span class='ocrx_word' id='word_1_269' title='bbox 1765 2969 1964 3007; x_wconf 82' lang='grc' dir='ltr'><strong>παντο-</strong></span> 
     </span>
    </p>
   </div>
   <div class='ocr_carea' id='block_1_31' title="bbox 387 3037 1961 3111">
    <p class='ocr_par' dir='ltr' id='par_1_31' title="bbox 387 3037 1961 3111">
     <span class='ocr_line' id='line_1_31' title="bbox 387 3037 1961 3111; baseline -0.001 -14"><span class='ocrx_word' id='word_1_270' title='bbox 387 3041 551 3097; x_wconf 84' lang='grc' dir='ltr'><strong>δαπά.</strong></span> <span class='ocrx_word' id='word_1_271' title='bbox 581 3040 647 3095; x_wconf 88' lang='grc' dir='ltr'><strong>Τί</strong></span> <span class='ocrx_word' id='word_1_272' title='bbox 673 3040 738 3095; x_wconf 79' lang='grc' dir='ltr'><strong>ἄν</strong></span> <span class='ocrx_word' id='word_1_273' title='bbox 766 3057 850 3104; x_wconf 87' lang='grc' dir='ltr'><strong>τις</strong></span> <span class='ocrx_word' id='word_1_274' title='bbox 891 3041 1033 3094; x_wconf 87' lang='grc' dir='ltr'><strong>είποι</strong></span> <span class='ocrx_word' id='word_1_275' title='bbox 1070 3039 1178 3093; x_wconf 89' lang='grc' dir='ltr'><strong>τῶν</strong></span> <span class='ocrx_word' id='word_1_276' title='bbox 1211 3037 1420 3093; x_wconf 80' lang='grc' dir='ltr'><strong>ὑδάτων</strong></span> <span class='ocrx_word' id='word_1_277' title='bbox 1454 3038 1555 3110; x_wconf 82' lang='grc' dir='ltr'><strong>τήν</strong></span> <span class='ocrx_word' id='word_1_278' title='bbox 1595 3040 1817 3111; x_wconf 84' lang='grc' dir='ltr'><strong>χρείαν,</strong></span> <span class='ocrx_word' id='word_1_279' title='bbox 1850 3040 1961 3095; x_wconf 87' lang='grc' dir='ltr'><strong>τῶν</strong></span> 
     </span>
    </p>
   </div>
   <div class='ocr_carea' id='block_1_32' title="bbox 391 3124 1960 3201">
    <p class='ocr_par' dir='ltr' id='par_1_32' title="bbox 391 3124 1960 3201">
     <span class='ocr_line' id='line_1_32' title="bbox 391 3124 1960 3201; baseline -0.001 -18"><span class='ocrx_word' id='word_1_280' title='bbox 391 3129 634 3201; x_wconf 76' lang='grc' dir='ltr'><strong>ποτίμων</strong></span> <span class='ocrx_word' id='word_1_281' title='bbox 651 3168 668 3193; x_wconf 92' lang='grc'><strong>,</strong></span> <span class='ocrx_word' id='word_1_282' title='bbox 704 3127 813 3182; x_wconf 91' lang='grc' dir='ltr'><strong>τῶν</strong></span> <span class='ocrx_word' id='word_1_283' title='bbox 849 3125 1135 3198; x_wconf 80' lang='grc' dir='ltr'><strong>ἁλμυρῶν,</strong></span> <span class='ocrx_word' id='word_1_284' title='bbox 1157 3125 1265 3178; x_wconf 88' lang='grc' dir='ltr'><strong>τῶν</strong></span> <span class='ocrx_word' id='word_1_285' title='bbox 1290 3124 1432 3197; x_wconf 84' lang='grc' dir='ltr'><strong>ὀρῶν</strong></span> <span class='ocrx_word' id='word_1_286' title='bbox 1461 3124 1561 3196; x_wconf 80' lang='grc' dir='ltr'><strong>τὴν</strong></span> <span class='ocrx_word' id='word_1_287' title='bbox 1591 3125 1792 3196; x_wconf 80' lang='grc' dir='ltr'><strong>χρῆσιν</strong></span> <span class='ocrx_word' id='word_1_288' title='bbox 1811 3166 1827 3189; x_wconf 94' lang='grc'><strong>,</strong></span> <span class='ocrx_word' id='word_1_289' title='bbox 1849 3126 1960 3181; x_wconf 89' lang='grc' dir='ltr'><strong>τῶν</strong></span> 
     </span>
    </p>
   </div>
   <div class='ocr_carea' id='block_1_33' title="bbox 391 3213 1960 3288">
    <p class='ocr_par' dir='ltr' id='par_1_33' title="bbox 391 3213 1960 3288">
     <span class='ocr_line' id='line_1_33' title="bbox 391 3213 1960 3288; baseline -0.001 -16"><span class='ocrx_word' id='word_1_290' title='bbox 391 3217 649 3272; x_wconf 74' lang='grc' dir='ltr'><strong>ποικίλων</strong></span> <span class='ocrx_word' id='word_1_291' title='bbox 682 3216 986 3288; x_wconf 87' lang='grc' dir='ltr'><strong>μαρμάρων</strong></span> <span class='ocrx_word' id='word_1_292' title='bbox 1013 3214 1082 3269; x_wconf 79' lang='grc' dir='ltr'><strong>τὰ</strong></span> <span class='ocrx_word' id='word_1_293' title='bbox 1115 3214 1346 3286; x_wconf 80' lang='grc' dir='ltr'><strong>μέταλλα</strong></span> <span class='ocrx_word' id='word_1_294' title='bbox 1368 3251 1383 3276; x_wconf 85' lang='grc'><strong>.</strong></span> <span class='ocrx_word' id='word_1_295' title='bbox 1410 3213 1511 3279; x_wconf 77' lang='grc' dir='ltr'><strong>τὰς</strong></span> <span class='ocrx_word' id='word_1_296' title='bbox 1550 3213 1733 3286; x_wconf 84' lang='grc' dir='ltr'><strong>πηγάς</strong></span> <span class='ocrx_word' id='word_1_297' title='bbox 1775 3214 1875 3281; x_wconf 83' lang='grc' dir='ltr'><strong>τάς</strong></span> <span class='ocrx_word' id='word_1_298' title='bbox 1900 3217 1960 3271; x_wconf 88' lang='grc' dir='ltr'><strong>ἐν</strong></span> 
     </span>
    </p>
   </div>
   <div class='ocr_carea' id='block_1_34' title="bbox 391 3301 1961 3373">
    <p class='ocr_par' dir='ltr' id='par_1_34' title="bbox 391 3301 1961 3373">
     <span class='ocr_line' id='line_1_34' title="bbox 391 3301 1961 3373; baseline -0.001 -15"><span class='ocrx_word' id='word_1_299' title='bbox 391 3306 574 3368; x_wconf 81' lang='grc' dir='ltr'><strong>αὐτοῖς</strong></span> <span class='ocrx_word' id='word_1_300' title='bbox 593 3344 609 3367; x_wconf 92' lang='grc'><strong>,</strong></span> <span class='ocrx_word' id='word_1_301' title='bbox 639 3304 707 3357; x_wconf 85' lang='grc' dir='ltr'><strong>τά</strong></span> <span class='ocrx_word' id='word_1_302' title='bbox 734 3302 923 3373; x_wconf 80' lang='grc' dir='ltr'><strong>δένδρα</strong></span> <span class='ocrx_word' id='word_1_303' title='bbox 953 3301 1022 3356; x_wconf 75' lang='grc' dir='ltr'><strong>τά</strong></span> <span class='ocrx_word' id='word_1_304' title='bbox 1051 3302 1186 3371; x_wconf 87' lang='grc' dir='ltr'><strong>πρὸς</strong></span> <span class='ocrx_word' id='word_1_305' title='bbox 1205 3302 1434 3373; x_wconf 81' lang='grc' dir='ltr'><strong>ὀρόφους</strong></span> <span class='ocrx_word' id='word_1_306' title='bbox 1461 3301 1740 3372; x_wconf 77' lang='grc' dir='ltr'><strong>ἐπιτήδεια</strong></span> <span class='ocrx_word' id='word_1_307' title='bbox 1768 3302 1862 3355; x_wconf 78' lang='grc' dir='ltr'><strong>καὶ</strong></span> <span class='ocrx_word' id='word_1_308' title='bbox 1885 3303 1961 3356; x_wconf 79' lang='lat' dir='ltr'><strong>ol-</strong></span> 
     </span>
    </p>
   </div>
   <div class='ocr_carea' id='block_1_35' title="bbox 391 3388 1957 3463">
    <p class='ocr_par' dir='ltr' id='par_1_35' title="bbox 391 3388 1957 3463">
     <span class='ocr_line' id='line_1_35' title="bbox 391 3388 1957 3463; baseline -0.003 -16"><span class='ocrx_word' id='word_1_309' title='bbox 391 3393 657 3463; x_wconf 85' lang='grc' dir='ltr'><strong>κοδομήν;</strong></span> <span class='ocrx_word' id='word_1_310' title='bbox 695 3390 880 3445; x_wconf 85' lang='grc' dir='ltr'><strong>Ταῦτα</strong></span> <span class='ocrx_word' id='word_1_311' title='bbox 929 3391 1104 3444; x_wconf 86' lang='grc' dir='ltr'><strong>πάντα</strong></span> <span class='ocrx_word' id='word_1_312' title='bbox 1155 3389 1254 3460; x_wconf 72' lang='grc' dir='ltr'><strong>τῆς</strong></span> <span class='ocrx_word' id='word_1_313' title='bbox 1292 3390 1500 3461; x_wconf 80' lang='grc' dir='ltr'><strong>ἐρήμου</strong></span> <span class='ocrx_word' id='word_1_314' title='bbox 1533 3388 1745 3461; x_wconf 85' lang='grc' dir='ltr'><strong>καρπός</strong></span> <span class='ocrx_word' id='word_1_315' title='bbox 1771 3407 1785 3420; x_wconf 91' lang='grc'><strong>·</strong></span> <span class='ocrx_word' id='word_1_316' title='bbox 1817 3388 1957 3461; x_wconf 82' lang='grc' dir='ltr'><strong>αὕτη</strong></span> 
     </span>
    </p>
   </div>
   <div class='ocr_carea' id='block_1_36' title="bbox 390 3475 1959 3550">
    <p class='ocr_par' dir='ltr' id='par_1_36' title="bbox 390 3475 1959 3550">
     <span class='ocr_line' id='line_1_36' title="bbox 390 3475 1959 3550; baseline -0.003 -16"><span class='ocrx_word' id='word_1_317' title='bbox 390 3484 484 3534; x_wconf 77' lang='grc' dir='ltr'><strong>καὶ</strong></span> <span class='ocrx_word' id='word_1_318' title='bbox 506 3478 622 3545; x_wconf 80' lang='grc' dir='ltr'><strong>ζῶα</strong></span> <span class='ocrx_word' id='word_1_319' title='bbox 652 3478 747 3532; x_wconf 75' lang='grc' dir='ltr'><strong>καὶ</strong></span> <span class='ocrx_word' id='word_1_320' title='bbox 776 3476 939 3550; x_wconf 82' lang='grc' dir='ltr'><strong>θηρία</strong></span> <span class='ocrx_word' id='word_1_321' title='bbox 958 3477 1136 3532; x_wconf 83' lang='grc' dir='ltr'><strong>πάντα</strong></span> <span class='ocrx_word' id='word_1_322' title='bbox 1156 3476 1364 3548; x_wconf 81' lang='grc' dir='ltr'><strong>τρέφει.</strong></span> <span class='ocrx_word' id='word_1_323' title='bbox 1395 3476 1461 3529; x_wconf 87' lang='grc' dir='ltr'><strong>Τί</strong></span> <span class='ocrx_word' id='word_1_324' title='bbox 1491 3475 1558 3530; x_wconf 81' lang='grc' dir='ltr'><strong>ἄν</strong></span> <span class='ocrx_word' id='word_1_325' title='bbox 1582 3493 1665 3540; x_wconf 87' lang='grc' dir='ltr'><strong>τις</strong></span> <span class='ocrx_word' id='word_1_326' title='bbox 1692 3477 1835 3530; x_wconf 81' lang='grc' dir='ltr'><strong>είποι</strong></span> <span class='ocrx_word' id='word_1_327' title='bbox 1859 3476 1959 3541; x_wconf 85' lang='grc' dir='ltr'><strong>τάς</strong></span> 
     </span>
    </p>
   </div>
   <div class='ocr_carea' id='block_1_37' title="bbox 391 3561 1957 3639">
    <p class='ocr_par' dir='ltr' id='par_1_37' title="bbox 391 3561 1957 3639">
     <span class='ocr_line' id='line_1_37' title="bbox 391 3561 1957 3639; baseline -0.003 -19"><span class='ocrx_word' id='word_1_328' title='bbox 391 3567 616 3639; x_wconf 85' lang='grc' dir='ltr'><strong>λίμνας,</strong></span> <span class='ocrx_word' id='word_1_329' title='bbox 660 3565 761 3629; x_wconf 88' lang='grc' dir='ltr'><strong>τάς</strong></span> <span class='ocrx_word' id='word_1_330' title='bbox 787 3563 1002 3633; x_wconf 80' lang='grc' dir='ltr'><strong>πηγάς,</strong></span> <span class='ocrx_word' id='word_1_331' title='bbox 1032 3565 1158 3628; x_wconf 81' lang='grc' dir='ltr'><strong>τοὺς</strong></span> <span class='ocrx_word' id='word_1_332' title='bbox 1195 3561 1506 3635; x_wconf 75' lang='grc' dir='ltr'><strong>ποταμούςς</strong></span> <span class='ocrx_word' id='word_1_333' title='bbox 1535 3562 1803 3633; x_wconf 80' lang='grc' dir='ltr'><strong>Καθάπερ</strong></span> <span class='ocrx_word' id='word_1_334' title='bbox 1847 3562 1957 3634; x_wconf 92' lang='lat'><strong>7&amp;9</strong></span> 
     </span>
    </p>
   </div>
   <div class='ocr_carea' id='block_1_38' title="bbox 392 3649 1953 3723">
    <p class='ocr_par' dir='ltr' id='par_1_38' title="bbox 392 3649 1953 3723">
     <span class='ocr_line' id='line_1_38' title="bbox 392 3649 1953 3723; baseline -0.004 -15"><span class='ocrx_word' id='word_1_335' title='bbox 392 3656 447 3711; x_wconf 87' lang='grc' dir='ltr'><strong>αἱ</strong></span> <span class='ocrx_word' id='word_1_336' title='bbox 477 3653 732 3707; x_wconf 78' lang='grc' dir='ltr'><strong>τεκοῦσαι</strong></span> <span class='ocrx_word' id='word_1_337' title='bbox 763 3653 1019 3720; x_wconf 87' lang='grc' dir='ltr'><strong>γυναῖκες</strong></span> <span class='ocrx_word' id='word_1_338' title='bbox 1041 3691 1056 3717; x_wconf 93' lang='grc'><strong>,</strong></span> <span class='ocrx_word' id='word_1_339' title='bbox 1086 3650 1267 3723; x_wconf 73' lang='grc' dir='ltr'><strong>πηγήν</strong></span> <span class='ocrx_word' id='word_1_340' title='bbox 1296 3649 1565 3718; x_wconf 88' lang='grc' dir='ltr'><strong>γάλακτος</strong></span> <span class='ocrx_word' id='word_1_341' title='bbox 1605 3650 1953 3721; x_wconf 87' lang='grc' dir='ltr'><strong>προχέουσαι,</strong></span> 
     </span>
    </p>
   </div>
   <div class='ocr_carea' id='block_1_39' title="bbox 392 3735 1953 3810">
    <p class='ocr_par' dir='ltr' id='par_1_39' title="bbox 392 3735 1953 3810">
     <span class='ocr_line' id='line_1_39' title="bbox 392 3735 1953 3810; baseline 0 -20"><span class='ocrx_word' id='word_1_342' title='bbox 392 3743 503 3806; x_wconf 77' lang='grc' dir='ltr'><strong>τοῖς</strong></span> <span class='ocrx_word' id='word_1_343' title='bbox 530 3739 769 3810; x_wconf 72' lang='grc' dir='ltr'><strong>ἐκγόνοις</strong></span> <span class='ocrx_word' id='word_1_344' title='bbox 797 3737 1093 3810; x_wconf 77' lang='grc' dir='ltr'><strong>παρέχουσι</strong></span> <span class='ocrx_word' id='word_1_345' title='bbox 1118 3737 1351 3809; x_wconf 76' lang='grc' dir='ltr'><strong>τροφήν·</strong></span> <span class='ocrx_word' id='word_1_346' title='bbox 1403 3735 1544 3789; x_wconf 80' lang='grc' dir='ltr'><strong>οὕτω</strong></span> <span class='ocrx_word' id='word_1_347' title='bbox 1574 3735 1638 3808; x_wconf 83' lang='grc' dir='ltr'><strong>δὴ</strong></span> <span class='ocrx_word' id='word_1_348' title='bbox 1667 3737 1760 3790; x_wconf 73' lang='grc' dir='ltr'><strong>καὶ</strong></span> <span class='ocrx_word' id='word_1_349' title='bbox 1794 3738 1828 3808; x_wconf 84' lang='grc' dir='ltr'><strong>ή</strong></span> <span class='ocrx_word' id='word_1_350' title='bbox 1858 3735 1953 3806; x_wconf 78' lang='grc' dir='ltr'><strong>γῆ,</strong></span> 
     </span>
    </p>
   </div>
   <div class='ocr_carea' id='block_1_40' title="bbox 393 3822 1959 3901">
    <p class='ocr_par' dir='ltr' id='par_1_40' title="bbox 393 3822 1959 3901">
     <span class='ocr_line' id='line_1_40' title="bbox 393 3822 1959 3901; baseline -0.003 -19"><span class='ocrx_word' id='word_1_351' title='bbox 393 3830 587 3901; x_wconf 85' lang='grc' dir='ltr'><strong>κήποις</strong></span> <span class='ocrx_word' id='word_1_352' title='bbox 629 3828 721 3882; x_wconf 79' lang='grc' dir='ltr'><strong>καὶ</strong></span> <span class='ocrx_word' id='word_1_353' title='bbox 758 3824 1105 3898; x_wconf 88' lang='grc' dir='ltr'><strong>παραδείσοις</strong></span> <span class='ocrx_word' id='word_1_354' title='bbox 1133 3822 1320 3895; x_wconf 84' lang='grc' dir='ltr'><strong>ὥσπερ</strong></span> <span class='ocrx_word' id='word_1_355' title='bbox 1370 3823 1606 3893; x_wconf 79' lang='grc' dir='ltr'><strong>μαστοὺς</strong></span> <span class='ocrx_word' id='word_1_356' title='bbox 1641 3822 1959 3878; x_wconf 78' lang='grc' dir='ltr'><strong>ἐκτείνουσα</strong></span> 
     </span>
    </p>
   </div>
   <div class='ocr_carea' id='block_1_41' title="bbox 393 3911 1957 3988">
    <p class='ocr_par' dir='ltr' id='par_1_41' title="bbox 393 3911 1957 3988">
     <span class='ocr_line' id='line_1_41' title="bbox 393 3911 1957 3988; baseline -0.004 -15"><span class='ocrx_word' id='word_1_357' title='bbox 393 3920 520 3983; x_wconf 78' lang='grc' dir='ltr'><strong>τοὺς</strong></span> <span class='ocrx_word' id='word_1_358' title='bbox 560 3917 835 3988; x_wconf 79' lang='grc' dir='ltr'><strong>ποταμοὺς</strong></span> <span class='ocrx_word' id='word_1_359' title='bbox 858 3916 953 3970; x_wconf 79' lang='grc' dir='ltr'><strong>καὶ</strong></span> <span class='ocrx_word' id='word_1_360' title='bbox 984 3913 1085 3977; x_wconf 87' lang='grc' dir='ltr'><strong>τάς</strong></span> <span class='ocrx_word' id='word_1_361' title='bbox 1116 3913 1331 3985; x_wconf 79' lang='grc' dir='ltr'><strong>πηγάς,</strong></span> <span class='ocrx_word' id='word_1_362' title='bbox 1358 3911 1556 3985; x_wconf 77' lang='grc' dir='ltr'><strong>πολλὴν</strong></span> <span class='ocrx_word' id='word_1_363' title='bbox 1594 3912 1823 3984; x_wconf 84' lang='grc' dir='ltr'><strong>παρέχει</strong></span> <span class='ocrx_word' id='word_1_364' title='bbox 1859 3912 1957 3984; x_wconf 79' lang='grc' dir='ltr'><strong>τὴν</strong></span> 
     </span>
    </p>
   </div>
   <div class='ocr_carea' id='block_1_42' title="bbox 394 3998 1960 4076">
    <p class='ocr_par' dir='ltr' id='par_1_42' title="bbox 394 3998 1960 4076">
     <span class='ocr_line' id='line_1_42' title="bbox 394 3998 1960 4076; baseline -0.003 -18"><span class='ocrx_word' id='word_1_365' title='bbox 394 4004 631 4076; x_wconf 87' lang='grc' dir='ltr'><strong>ἀρδείαν.</strong></span> <span class='ocrx_word' id='word_1_366' title='bbox 671 4001 811 4057; x_wconf 78' lang='grc' dir='ltr'><strong>Ἀλλ’</strong></span> <span class='ocrx_word' id='word_1_367' title='bbox 831 4002 923 4055; x_wconf 83' lang='grc' dir='ltr'><strong>ἐπὶ</strong></span> <span class='ocrx_word' id='word_1_368' title='bbox 960 4000 1056 4071; x_wconf 77' lang='grc' dir='ltr'><strong>μὲν</strong></span> <span class='ocrx_word' id='word_1_369' title='bbox 1087 3999 1196 4054; x_wconf 89' lang='grc' dir='ltr'><strong>τῶν</strong></span> <span class='ocrx_word' id='word_1_370' title='bbox 1216 3998 1487 4069; x_wconf 85' lang='grc' dir='ltr'><strong>γυναικῶν</strong></span> <span class='ocrx_word' id='word_1_371' title='bbox 1507 4040 1522 4066; x_wconf 94' lang='grc'><strong>,</strong></span> <span class='ocrx_word' id='word_1_372' title='bbox 1546 3998 1607 4054; x_wconf 83' lang='grc' dir='ltr'><strong>τὸ</strong></span> <span class='ocrx_word' id='word_1_373' title='bbox 1645 3999 1857 4054; x_wconf 87' lang='grc' dir='ltr'><strong>παιδίον</strong></span> <span class='ocrx_word' id='word_1_374' title='bbox 1879 3999 1960 4053; x_wconf 89' lang='grc' dir='ltr'><strong>δεῖ</strong></span> 
     </span>
    </p>
   </div>
   <div class='ocr_carea' id='block_1_43' title="bbox 397 4086 1960 4166">
    <p class='ocr_par' dir='ltr' id='par_1_43' title="bbox 397 4086 1960 4166">
     <span class='ocr_line' id='line_1_43' title="bbox 397 4086 1960 4166; baseline -0.005 -18"><span class='ocrx_word' id='word_1_375' title='bbox 397 4094 532 4166; x_wconf 74' lang='grc' dir='ltr'><strong>πρὸς</strong></span> <span class='ocrx_word' id='word_1_376' title='bbox 552 4093 651 4166; x_wconf 78' lang='grc' dir='ltr'><strong>τήν</strong></span> <span class='ocrx_word' id='word_1_377' title='bbox 672 4091 839 4164; x_wconf 80' lang='grc' dir='ltr'><strong>θηλὴν</strong></span> <span class='ocrx_word' id='word_1_378' title='bbox 860 4088 1031 4143; x_wconf 87' lang='grc' dir='ltr'><strong>ἐλθεῖν</strong></span> <span class='ocrx_word' id='word_1_379' title='bbox 1049 4105 1066 4120; x_wconf 72' lang='grc' dir='ltr'><strong><em>υ</em></strong></span> <span class='ocrx_word' id='word_1_380' title='bbox 1091 4087 1321 4143; x_wconf 90' lang='grc' dir='ltr'><strong>ἐνταῦθα</strong></span> <span class='ocrx_word' id='word_1_381' title='bbox 1339 4086 1395 4141; x_wconf 79' lang='grc' dir='ltr'><strong>δέ</strong></span> <span class='ocrx_word' id='word_1_382' title='bbox 1416 4088 1553 4158; x_wconf 78' lang='grc' dir='ltr'><strong>αὐτὴ</strong></span> <span class='ocrx_word' id='word_1_383' title='bbox 1571 4087 1695 4150; x_wconf 78' lang='grc' dir='ltr'><strong>τοὺς</strong></span> <span class='ocrx_word' id='word_1_384' title='bbox 1721 4086 1960 4160; x_wconf 75' lang='grc' dir='ltr'><strong>μαστοὺς</strong></span> 
     </span>
    </p>
   </div>
   <div class='ocr_carea' id='block_1_44' title="bbox 396 4174 1707 4250">
    <p class='ocr_par' dir='ltr' id='par_1_44' title="bbox 396 4174 1707 4250">
     <span class='ocr_line' id='line_1_44' title="bbox 396 4174 1707 4250; baseline -0.007 -15"><span class='ocrx_word' id='word_1_385' title='bbox 396 4181 622 4235; x_wconf 77' lang='grc' dir='ltr'><strong>ἐκτείνει</strong></span> <span class='ocrx_word' id='word_1_386' title='bbox 648 4177 920 4250; x_wconf 89' lang='grc' dir='ltr'><strong>πανταχοῦ</strong></span> <span class='ocrx_word' id='word_1_387' title='bbox 944 4176 1052 4233; x_wconf 80' lang='grc' dir='ltr'><strong>ἀπὸ</strong></span> <span class='ocrx_word' id='word_1_388' title='bbox 1077 4174 1282 4246; x_wconf 77' lang='grc' dir='ltr'><strong>ύψηλόῦ</strong></span> <span class='ocrx_word' id='word_1_389' title='bbox 1316 4174 1707 4245; x_wconf 83' lang='grc' dir='ltr'><strong>καταφέρουσα.</strong></span> 
     </span>
    </p>
   </div>
   <div class='ocr_carea' id='block_1_45' title="bbox 467 4259 1963 4339">
    <p class='ocr_par' dir='ltr' id='par_1_45' title="bbox 467 4259 1963 4339">
     <span class='ocr_line' id='line_1_45' title="bbox 467 4259 1963 4339; baseline -0.005 -18"><span class='ocrx_word' id='word_1_390' title='bbox 467 4267 620 4339; x_wconf 77' lang='grc' dir='ltr'><strong>Ἔχει</strong></span> <span class='ocrx_word' id='word_1_391' title='bbox 654 4272 749 4320; x_wconf 75' lang='grc' dir='ltr'><strong>καὶ</strong></span> <span class='ocrx_word' id='word_1_392' title='bbox 774 4266 964 4337; x_wconf 77' lang='grc' dir='ltr'><strong>ἑτέραν</strong></span> <span class='ocrx_word' id='word_1_393' title='bbox 1001 4263 1199 4335; x_wconf 80' lang='grc' dir='ltr'><strong>χρῆσιν</strong></span> <span class='ocrx_word' id='word_1_394' title='bbox 1225 4265 1259 4333; x_wconf 83' lang='grc' dir='ltr'><strong>ή</strong></span> <span class='ocrx_word' id='word_1_395' title='bbox 1289 4261 1514 4334; x_wconf 73' lang='grc' dir='ltr'><strong>ἕρημος.</strong></span> <span class='ocrx_word' id='word_1_396' title='bbox 1547 4261 1657 4315; x_wconf 81' lang='lat' dir='ltr'><strong>Kal</strong></span> <span class='ocrx_word' id='word_1_397' title='bbox 1688 4260 1798 4331; x_wconf 87' lang='lat'><strong>7&amp;9</strong></span> <span class='ocrx_word' id='word_1_398' title='bbox 1826 4259 1963 4332; x_wconf 78' lang='grc' dir='ltr'><strong>πρὸς</strong></span> 
     </span>
    </p>
   </div>
   <div class='ocr_carea' id='block_1_46' title="bbox 393 4346 1963 4427">
    <p class='ocr_par' dir='ltr' id='par_1_46' title="bbox 393 4346 1963 4427">
     <span class='ocr_line' id='line_1_46' title="bbox 393 4346 1963 4427; baseline -0.006 -19"><span class='ocrx_word' id='word_1_399' title='bbox 393 4355 493 4427; x_wconf 78' lang='grc' dir='ltr'><strong>τὴν</strong></span> <span class='ocrx_word' id='word_1_400' title='bbox 518 4353 612 4408; x_wconf 89' lang='grc' dir='ltr'><strong>τοῦ</strong></span> <span class='ocrx_word' id='word_1_401' title='bbox 643 4352 890 4425; x_wconf 79' lang='grc' dir='ltr'><strong>σώματος</strong></span> <span class='ocrx_word' id='word_1_402' title='bbox 925 4352 1137 4420; x_wconf 78' lang='grc' dir='ltr'><strong>ὑγίειαν</strong></span> <span class='ocrx_word' id='word_1_403' title='bbox 1178 4347 1611 4420; x_wconf 81' lang='grc' dir='ltr'><strong>ἐπιτηδειοτέρα,</strong></span> <span class='ocrx_word' id='word_1_404' title='bbox 1649 4346 1963 4418; x_wconf 82' lang='grc' dir='ltr'><strong>καθαρώτε-</strong></span> 
     </span>
    </p>
   </div>
   <div class='ocr_carea' id='block_1_47' title="bbox 394 4432 1962 4512">
    <p class='ocr_par' dir='ltr' id='par_1_47' title="bbox 394 4432 1962 4512">
     <span class='ocr_line' id='line_1_47' title="bbox 394 4432 1962 4512; baseline -0.005 -18"><span class='ocrx_word' id='word_1_405' title='bbox 394 4457 490 4511; x_wconf 88' lang='grc' dir='ltr'><strong>ρον</strong></span> <span class='ocrx_word' id='word_1_406' title='bbox 514 4436 828 4512; x_wconf 78' lang='grc' dir='ltr'><strong>παρέχουσα</strong></span> <span class='ocrx_word' id='word_1_407' title='bbox 853 4439 1111 4491; x_wconf 81' lang='grc' dir='ltr'><strong>ἀναπνεῖν</strong></span> <span class='ocrx_word' id='word_1_408' title='bbox 1140 4434 1233 4488; x_wconf 79' lang='grc' dir='ltr'><strong>τὸν</strong></span> <span class='ocrx_word' id='word_1_409' title='bbox 1251 4435 1387 4507; x_wconf 77' lang='grc' dir='ltr'><strong>ἀέρα</strong></span> <span class='ocrx_word' id='word_1_410' title='bbox 1405 4474 1421 4500; x_wconf 95' lang='grc'><strong>,</strong></span> <span class='ocrx_word' id='word_1_411' title='bbox 1449 4434 1544 4488; x_wconf 83' lang='grc' dir='ltr'><strong>καὶ</strong></span> <span class='ocrx_word' id='word_1_412' title='bbox 1580 4434 1679 4505; x_wconf 82' lang='grc' dir='ltr'><strong>τὴν</strong></span> <span class='ocrx_word' id='word_1_413' title='bbox 1706 4432 1962 4504; x_wconf 76' lang='grc' dir='ltr'><strong>οίκουμέ-</strong></span> 
     </span>
    </p>
   </div>
   <div class='ocr_carea' id='block_1_48' title="bbox 397 4520 1962 4600">
    <p class='ocr_par' dir='ltr' id='par_1_48' title="bbox 397 4520 1962 4600">
     <span class='ocr_line' id='line_1_48' title="bbox 397 4520 1962 4600; baseline -0.005 -18"><span class='ocrx_word' id='word_1_414' title='bbox 397 4546 495 4600; x_wconf 83' lang='grc' dir='ltr'><strong>νην</strong></span> <span class='ocrx_word' id='word_1_415' title='bbox 521 4528 615 4598; x_wconf 89' lang='grc' dir='ltr'><strong>ἀφ’</strong></span> <span class='ocrx_word' id='word_1_416' title='bbox 639 4524 842 4597; x_wconf 70' lang='grc' dir='ltr'><strong>ὑψηλοῦ</strong></span> <span class='ocrx_word' id='word_1_417' title='bbox 892 4526 1070 4579; x_wconf 80' lang='grc' dir='ltr'><strong>πᾶσαν</strong></span> <span class='ocrx_word' id='word_1_418' title='bbox 1115 4526 1466 4595; x_wconf 78' lang='grc' dir='ltr'><strong>περισκοπεῖν</strong></span> <span class='ocrx_word' id='word_1_419' title='bbox 1492 4561 1508 4586; x_wconf 87' lang='grc'><strong>,</strong></span> <span class='ocrx_word' id='word_1_420' title='bbox 1533 4522 1627 4576; x_wconf 76' lang='grc' dir='ltr'><strong>καὶ</strong></span> <span class='ocrx_word' id='word_1_421' title='bbox 1653 4524 1721 4595; x_wconf 67' lang='grc' dir='ltr'><strong>τῇ</strong></span> <span class='ocrx_word' id='word_1_422' title='bbox 1755 4520 1962 4594; x_wconf 77' lang='grc' dir='ltr'><strong>ἐρημίᾳ</strong></span> 
     </span>
    </p>
   </div>
   <div class='ocr_carea' id='block_1_49' title="bbox 394 4607 1959 4688">
    <p class='ocr_par' dir='ltr' id='par_1_49' title="bbox 394 4607 1959 4688">
     <span class='ocr_line' id='line_1_49' title="bbox 394 4607 1959 4688; baseline -0.004 -18"><span class='ocrx_word' id='word_1_423' title='bbox 394 4615 779 4688; x_wconf 78' lang='grc' dir='ltr'><strong>ἐμφιλοσοφεῖν</strong></span> <span class='ocrx_word' id='word_1_424' title='bbox 797 4651 814 4678; x_wconf 94' lang='grc'><strong>,</strong></span> <span class='ocrx_word' id='word_1_425' title='bbox 858 4612 953 4667; x_wconf 76' lang='grc' dir='ltr'><strong>καὶ</strong></span> <span class='ocrx_word' id='word_1_426' title='bbox 990 4611 1096 4666; x_wconf 89' lang='grc' dir='ltr'><strong>τῶν</strong></span> <span class='ocrx_word' id='word_1_427' title='bbox 1123 4611 1181 4664; x_wconf 86' lang='grc' dir='ltr'><strong>ἐν</strong></span> <span class='ocrx_word' id='word_1_428' title='bbox 1204 4609 1283 4682; x_wconf 85' lang='grc' dir='ltr'><strong>τῷ</strong></span> <span class='ocrx_word' id='word_1_429' title='bbox 1314 4608 1414 4682; x_wconf 84' lang='grc' dir='ltr'><strong>βίῳ</strong></span> <span class='ocrx_word' id='word_1_430' title='bbox 1462 4608 1758 4682; x_wconf 83' lang='grc' dir='ltr'><strong>φροντίδων</strong></span> <span class='ocrx_word' id='word_1_431' title='bbox 1781 4607 1959 4677; x_wconf 82' lang='grc' dir='ltr'><strong>ὀλίγον</strong></span> 
     </span>
    </p>
   </div>
   <div class='ocr_carea' id='block_1_50' title="bbox 394 4697 1956 4773">
    <p class='ocr_par' dir='ltr' id='par_1_50' title="bbox 394 4697 1956 4773">
     <span class='ocr_line' id='line_1_50' title="bbox 394 4697 1956 4773; baseline -0.004 -15"><span class='ocrx_word' id='word_1_432' title='bbox 394 4705 675 4760; x_wconf 87' lang='grc' dir='ltr'><strong>ἀναπνεῖν.</strong></span> <span class='ocrx_word' id='word_1_433' title='bbox 710 4702 775 4756; x_wconf 89' lang='grc' dir='ltr'><strong>Τί</strong></span> <span class='ocrx_word' id='word_1_434' title='bbox 799 4703 863 4758; x_wconf 80' lang='grc' dir='ltr'><strong>ἀν</strong></span> <span class='ocrx_word' id='word_1_435' title='bbox 885 4718 969 4765; x_wconf 88' lang='grc' dir='ltr'><strong>τις</strong></span> <span class='ocrx_word' id='word_1_436' title='bbox 995 4701 1137 4755; x_wconf 82' lang='grc' dir='ltr'><strong>είποι</strong></span> <span class='ocrx_word' id='word_1_437' title='bbox 1162 4701 1289 4765; x_wconf 77' lang='grc' dir='ltr'><strong>τοὺς</strong></span> <span class='ocrx_word' id='word_1_438' title='bbox 1315 4698 1532 4773; x_wconf 84' lang='grc' dir='ltr'><strong>δρνιθας</strong></span> <span class='ocrx_word' id='word_1_439' title='bbox 1559 4700 1683 4763; x_wconf 82' lang='grc' dir='ltr'><strong>τοὺς</strong></span> <span class='ocrx_word' id='word_1_440' title='bbox 1711 4697 1956 4770; x_wconf 81' lang='grc' dir='ltr'><strong>ᾠδικοὺς,</strong></span> 
     </span>
    </p>
   </div>
   <div class='ocr_carea' id='block_1_51' title="bbox 393 4783 1958 4863">
    <p class='ocr_par' dir='ltr' id='par_1_51' title="bbox 393 4783 1958 4863">
     <span class='ocr_line' id='line_1_51' title="bbox 393 4783 1958 4863; baseline -0.004 -18"><span class='ocrx_word' id='word_1_441' title='bbox 393 4793 505 4845; x_wconf 89' lang='grc' dir='ltr'><strong>τῶν</strong></span> <span class='ocrx_word' id='word_1_442' title='bbox 527 4789 817 4863; x_wconf 76' lang='grc' dir='ltr'><strong>ἁλωσίμων</strong></span> <span class='ocrx_word' id='word_1_443' title='bbox 846 4788 999 4855; x_wconf 80' lang='grc' dir='ltr'><strong>ζώων</strong></span> <span class='ocrx_word' id='word_1_444' title='bbox 1024 4788 1121 4859; x_wconf 78' lang='grc' dir='ltr'><strong>τὴν</strong></span> <span class='ocrx_word' id='word_1_445' title='bbox 1143 4788 1448 4860; x_wconf 71' lang='grc' dir='ltr'><strong>διαγωγήνς</strong></span> <span class='ocrx_word' id='word_1_446' title='bbox 1479 4786 1631 4856; x_wconf 84' lang='grc' dir='ltr'><strong>Ἔχει</strong></span> <span class='ocrx_word' id='word_1_447' title='bbox 1654 4786 1749 4840; x_wconf 72' lang='grc' dir='ltr'><strong>καὶ</strong></span> <span class='ocrx_word' id='word_1_448' title='bbox 1767 4783 1958 4856; x_wconf 71' lang='grc' dir='ltr'><strong>ἑτέραν</strong></span> 
     </span>
    </p>
   </div>
   <div class='ocr_carea' id='block_1_52' title="bbox 393 4869 1959 4951">
    <p class='ocr_par' dir='ltr' id='par_1_52' title="bbox 393 4869 1959 4951">
     <span class='ocr_line' id='line_1_52' title="bbox 393 4869 1959 4951; baseline -0.006 -18"><span class='ocrx_word' id='word_1_449' title='bbox 393 4879 583 4951; x_wconf 84' lang='grc' dir='ltr'><strong>χρείαν</strong></span> <span class='ocrx_word' id='word_1_450' title='bbox 611 4880 645 4950; x_wconf 82' lang='grc' dir='ltr'>ἠ</span> <span class='ocrx_word' id='word_1_451' title='bbox 675 4877 900 4950; x_wconf 71' lang='grc' dir='ltr'><strong>ἕρημος.</strong></span> <span class='ocrx_word' id='word_1_452' title='bbox 931 4874 1197 4939; x_wconf 83' lang='grc' dir='ltr'><strong>Πολλάκις</strong></span> <span class='ocrx_word' id='word_1_453' title='bbox 1218 4874 1325 4946; x_wconf 84' lang='grc' dir='ltr'><strong>γὰρ</strong></span> <span class='ocrx_word' id='word_1_454' title='bbox 1344 4872 1467 4927; x_wconf 68' lang='grc' dir='ltr'><strong>ἀντὶ</strong></span> <span class='ocrx_word' id='word_1_455' title='bbox 1489 4870 1682 4943; x_wconf 84' lang='grc' dir='ltr'><strong>τειχῶν</strong></span> <span class='ocrx_word' id='word_1_456' title='bbox 1707 4872 1828 4935; x_wconf 88' lang='grc' dir='ltr'><strong>ταῖς</strong></span> <span class='ocrx_word' id='word_1_457' title='bbox 1853 4869 1959 4940; x_wconf 85' lang='grc' dir='ltr'><strong>χὼ-</strong></span> 
     </span>
    </p>
   </div>
   <div class='ocr_carea' id='block_1_53' title="bbox 398 4955 1955 5038">
    <p class='ocr_par' dir='ltr' id='par_1_53' title="bbox 398 4955 1955 5038">
     <span class='ocr_line' id='line_1_53' title="bbox 398 4955 1955 5038; baseline -0.008 -16"><span class='ocrx_word' id='word_1_458' title='bbox 398 4984 518 5038; x_wconf 83' lang='grc' dir='ltr'><strong>ραις</strong></span> <span class='ocrx_word' id='word_1_459' title='bbox 560 4967 751 5035; x_wconf 78' lang='grc' dir='ltr'><strong>γέγονε</strong></span> <span class='ocrx_word' id='word_1_460' title='bbox 774 5005 790 5031; x_wconf 89' lang='grc'><strong>,</strong></span> <span class='ocrx_word' id='word_1_461' title='bbox 839 4961 977 5035; x_wconf 83' lang='grc' dir='ltr'><strong>πρὸς</strong></span> <span class='ocrx_word' id='word_1_462' title='bbox 1019 4961 1151 5032; x_wconf 80' lang='grc' dir='ltr'><strong>ὕψος</strong></span> <span class='ocrx_word' id='word_1_463' title='bbox 1183 4960 1380 5031; x_wconf 72' lang='grc' dir='ltr'><strong>ἔχουσα</strong></span> <span class='ocrx_word' id='word_1_464' title='bbox 1413 4957 1785 5029; x_wconf 75' lang='grc' dir='ltr'><strong>ἀνατεταμένα</strong></span> <span class='ocrx_word' id='word_1_465' title='bbox 1833 4955 1955 5027; x_wconf 73' lang='grc' dir='ltr'><strong>ὅρη,</strong></span> 
     </span>
    </p>
   </div>
   <div class='ocr_carea' id='block_1_54' title="bbox 396 5043 1959 5126">
    <p class='ocr_par' dir='ltr' id='par_1_54' title="bbox 396 5043 1959 5126">
     <span class='ocr_line' id='line_1_54' title="bbox 396 5043 1959 5126; baseline -0.008 -17"><span class='ocrx_word' id='word_1_466' title='bbox 396 5055 491 5109; x_wconf 72' lang='grc' dir='ltr'><strong>καὶ</strong></span> <span class='ocrx_word' id='word_1_467' title='bbox 528 5055 843 5126; x_wconf 81' lang='grc' dir='ltr'><strong>φάραγγας,</strong></span> <span class='ocrx_word' id='word_1_468' title='bbox 886 5047 982 5105; x_wconf 53' lang='lat' dir='ltr'><strong><em>ﬁl</em></strong></span> <span class='ocrx_word' id='word_1_469' title='bbox 1031 5048 1328 5123; x_wconf 84' lang='grc' dir='ltr'><strong>κρημνούς.</strong></span> <span class='ocrx_word' id='word_1_470' title='bbox 1361 5047 1427 5100; x_wconf 90' lang='grc' dir='ltr'><strong>Τί</strong></span> <span class='ocrx_word' id='word_1_471' title='bbox 1461 5047 1526 5099; x_wconf 81' lang='grc' dir='ltr'><strong>ἀν</strong></span> <span class='ocrx_word' id='word_1_472' title='bbox 1556 5062 1640 5109; x_wconf 87' lang='grc' dir='ltr'><strong>τις</strong></span> <span class='ocrx_word' id='word_1_473' title='bbox 1671 5043 1817 5098; x_wconf 76' lang='grc' dir='ltr'><strong>εἴποι</strong></span> <span class='ocrx_word' id='word_1_474' title='bbox 1861 5043 1959 5106; x_wconf 85' lang='grc' dir='ltr'><strong>τάς</strong></span> 
     </span>
    </p>
   </div>
   <div class='ocr_carea' id='block_1_55' title="bbox 398 5130 1959 5211">
    <p class='ocr_par' dir='ltr' id='par_1_55' title="bbox 398 5130 1959 5211">
     <span class='ocr_line' id='line_1_55' title="bbox 398 5130 1959 5211; baseline -0.006 -18"><span class='ocrx_word' id='word_1_475' title='bbox 398 5141 625 5211; x_wconf 79' lang='grc' dir='ltr'><strong>βοτάνας</strong></span> <span class='ocrx_word' id='word_1_476' title='bbox 649 5141 748 5204; x_wconf 73' lang='grc' dir='ltr'><strong>τάς</strong></span> <span class='ocrx_word' id='word_1_477' title='bbox 776 5143 835 5193; x_wconf 88' lang='grc' dir='ltr'><strong>ἐν</strong></span> <span class='ocrx_word' id='word_1_478' title='bbox 862 5139 1049 5200; x_wconf 75' lang='grc' dir='ltr'><strong>αὐταῖς</strong></span> <span class='ocrx_word' id='word_1_479' title='bbox 1068 5136 1423 5206; x_wconf 83' lang='grc' dir='ltr'><strong>τικτομένας,</strong></span> <span class='ocrx_word' id='word_1_480' title='bbox 1450 5130 1664 5202; x_wconf 83' lang='grc' dir='ltr'><strong>σώμασι</strong></span> <span class='ocrx_word' id='word_1_481' title='bbox 1693 5131 1959 5202; x_wconf 86' lang='grc' dir='ltr'><strong>κάμνουσι</strong></span> 
     </span>
    </p>
   </div>
   <div class='ocr_carea' id='block_1_56' title="bbox 396 5217 1961 5300">
    <p class='ocr_par' dir='ltr' id='par_1_56' title="bbox 396 5217 1961 5300">
     <span class='ocr_line' id='line_1_56' title="bbox 396 5217 1961 5300; baseline -0.007 -20"><span class='ocrx_word' id='word_1_482' title='bbox 396 5227 597 5300; x_wconf 82' lang='grc' dir='ltr'><strong>πολλὴν</strong></span> <span class='ocrx_word' id='word_1_483' title='bbox 620 5225 979 5298; x_wconf 72' lang='grc' dir='ltr'><strong>εἰσφερούσας</strong></span> <span class='ocrx_word' id='word_1_484' title='bbox 1012 5223 1113 5295; x_wconf 75' lang='grc' dir='ltr'><strong>τὴν</strong></span> <span class='ocrx_word' id='word_1_485' title='bbox 1152 5220 1530 5293; x_wconf 85' lang='grc' dir='ltr'><strong>λειτουργίαν;</strong></span> <span class='ocrx_word' id='word_1_486' title='bbox 1560 5220 1623 5272; x_wconf 83' lang='grc' dir='ltr'><strong>Εί</strong></span> <span class='ocrx_word' id='word_1_487' title='bbox 1651 5217 1709 5271; x_wconf 80' lang='grc' dir='ltr'><strong>δέ</strong></span> <span class='ocrx_word' id='word_1_488' title='bbox 1737 5217 1961 5290; x_wconf 82' lang='grc' dir='ltr'><strong>ἐρήμων</strong></span> 
     </span>
    </p>
   </div>
   <div class='ocr_carea' id='block_1_57' title="bbox 396 5303 1958 5387">
    <p class='ocr_par' dir='ltr' id='par_1_57' title="bbox 396 5303 1958 5387">
     <span class='ocr_line' id='line_1_57' title="bbox 396 5303 1958 5387; baseline -0.008 -19"><span class='ocrx_word' id='word_1_489' title='bbox 396 5314 487 5368; x_wconf 72' lang='grc' dir='ltr'><strong>καὶ</strong></span> <span class='ocrx_word' id='word_1_490' title='bbox 518 5313 660 5387; x_wconf 83' lang='grc' dir='ltr'><strong>ὀρῶν</strong></span> <span class='ocrx_word' id='word_1_491' title='bbox 704 5312 935 5384; x_wconf 81' lang='grc' dir='ltr'><strong>τοσαύτη</strong></span> <span class='ocrx_word' id='word_1_492' title='bbox 967 5313 1002 5384; x_wconf 89' lang='grc' dir='ltr'><strong>ή</strong></span> <span class='ocrx_word' id='word_1_493' title='bbox 1041 5310 1198 5382; x_wconf 85' lang='grc' dir='ltr'><strong>χρεία</strong></span> <span class='ocrx_word' id='word_1_494' title='bbox 1217 5348 1233 5373; x_wconf 92' lang='grc'><strong>,</strong></span> <span class='ocrx_word' id='word_1_495' title='bbox 1263 5307 1496 5377; x_wconf 88' lang='grc' dir='ltr'><strong>τοσαύτη</strong></span> <span class='ocrx_word' id='word_1_496' title='bbox 1543 5306 1652 5358; x_wconf 85' lang='grc' dir='ltr'><strong>τῶν</strong></span> <span class='ocrx_word' id='word_1_497' title='bbox 1679 5303 1898 5373; x_wconf 89' lang='grc' dir='ltr'><strong>ἀγαθῶν</strong></span> <span class='ocrx_word' id='word_1_498' title='bbox 1927 5305 1958 5373; x_wconf 82' lang='grc' dir='ltr'><strong>ή</strong></span> 
     </span>
    </p>
   </div>
   <div class='ocr_carea' id='block_1_58' title="bbox 395 5391 1962 5473">
    <p class='ocr_par' dir='ltr' id='par_1_58' title="bbox 395 5391 1962 5473">
     <span class='ocr_line' id='line_1_58' title="bbox 395 5391 1962 5473; baseline -0.008 -18"><span class='ocrx_word' id='word_1_499' title='bbox 395 5403 627 5473; x_wconf 80' lang='grc' dir='ltr'><strong>χορηγία</strong></span> <span class='ocrx_word' id='word_1_500' title='bbox 649 5418 662 5432; x_wconf 90' lang='grc'><strong>·</strong></span> <span class='ocrx_word' id='word_1_501' title='bbox 694 5403 742 5454; x_wconf 82' lang='grc' dir='ltr'><strong>εί</strong></span> <span class='ocrx_word' id='word_1_502' title='bbox 770 5399 906 5472; x_wconf 71' lang='grc' dir='ltr'><strong>πρὸς</strong></span> <span class='ocrx_word' id='word_1_503' title='bbox 942 5399 1042 5469; x_wconf 75' lang='grc' dir='ltr'><strong>τὴν</strong></span> <span class='ocrx_word' id='word_1_504' title='bbox 1063 5397 1324 5469; x_wconf 86' lang='grc' dir='ltr'><strong>ἀρόσιμον</strong></span> <span class='ocrx_word' id='word_1_505' title='bbox 1348 5394 1522 5458; x_wconf 71' lang='grc' dir='ltr'><strong>ἔλθοις</strong></span> <span class='ocrx_word' id='word_1_506' title='bbox 1542 5433 1557 5459; x_wconf 96' lang='grc'><strong>,</strong></span> <span class='ocrx_word' id='word_1_507' title='bbox 1577 5392 1670 5447; x_wconf 77' lang='grc' dir='ltr'><strong>καὶ</strong></span> <span class='ocrx_word' id='word_1_508' title='bbox 1701 5391 1770 5445; x_wconf 88' lang='grc' dir='ltr'><strong>τά</strong></span> <span class='ocrx_word' id='word_1_509' title='bbox 1795 5391 1962 5444; x_wconf 87' lang='grc' dir='ltr'><strong>ὕπτια</strong></span> 
     </span>
    </p>
   </div>
   <div class='ocr_carea' id='block_1_59' title="bbox 396 5478 1961 5558">
    <p class='ocr_par' dir='ltr' id='par_1_59' title="bbox 396 5478 1961 5558">
     <span class='ocr_line' id='line_1_59' title="bbox 396 5478 1961 5558; baseline -0.008 -15"><span class='ocrx_word' id='word_1_510' title='bbox 396 5489 575 5551; x_wconf 84' lang='grc' dir='ltr'><strong>πεδία.</strong></span> <span class='ocrx_word' id='word_1_511' title='bbox 610 5487 860 5558; x_wconf 81' lang='grc' dir='ltr'><strong>ἐννόησον</strong></span> <span class='ocrx_word' id='word_1_512' title='bbox 889 5485 1061 5546; x_wconf 82' lang='grc' dir='ltr'><strong>πόσας</strong></span> <span class='ocrx_word' id='word_1_513' title='bbox 1078 5483 1198 5552; x_wconf 79' lang='grc' dir='ltr'><strong>ὕψει</strong></span> <span class='ocrx_word' id='word_1_514' title='bbox 1220 5483 1318 5547; x_wconf 79' lang='grc' dir='ltr'><strong>τάς</strong></span> <span class='ocrx_word' id='word_1_515' title='bbox 1345 5483 1528 5553; x_wconf 84' lang='grc' dir='ltr'><strong>πηγάς</strong></span> <span class='ocrx_word' id='word_1_516' title='bbox 1550 5480 1657 5534; x_wconf 90' lang='grc' dir='ltr'><strong>τῶν</strong></span> <span class='ocrx_word' id='word_1_517' title='bbox 1688 5478 1961 5551; x_wconf 77' lang='grc' dir='ltr'><strong>διηγημά-</strong></span> 
     </span>
    </p>
   </div>
   <div class='ocr_carea' id='block_1_60' title="bbox 396 5564 1962 5645">
    <p class='ocr_par' dir='ltr' id='par_1_60' title="bbox 396 5564 1962 5645">
     <span class='ocr_line' id='line_1_60' title="bbox 396 5564 1962 5645; baseline -0.008 -17"><span class='ocrx_word' id='word_1_518' title='bbox 396 5590 524 5629; x_wconf 89' lang='grc' dir='ltr'><strong>των.</strong></span> <span class='ocrx_word' id='word_1_519' title='bbox 543 5573 810 5645; x_wconf 83' lang='grc' dir='ltr'><strong>Καθάπερ</strong></span> <span class='ocrx_word' id='word_1_520' title='bbox 833 5572 945 5642; x_wconf 82' lang='grc' dir='ltr'><strong>γάρ</strong></span> <span class='ocrx_word' id='word_1_521' title='bbox 964 5571 1022 5623; x_wconf 85' lang='grc' dir='ltr'><strong>ἐν</strong></span> <span class='ocrx_word' id='word_1_522' title='bbox 1044 5568 1122 5641; x_wconf 80' lang='grc' dir='ltr'><strong>τῷ</strong></span> <span class='ocrx_word' id='word_1_523' title='bbox 1147 5567 1357 5641; x_wconf 83' lang='grc' dir='ltr'><strong>σώματι</strong></span> <span class='ocrx_word' id='word_1_524' title='bbox 1381 5567 1460 5639; x_wconf 81' lang='grc' dir='ltr'><strong>τῷ</strong></span> <span class='ocrx_word' id='word_1_525' title='bbox 1485 5567 1739 5640; x_wconf 75' lang='grc' dir='ltr'><strong>ἡμετέρῳ</strong></span> <span class='ocrx_word' id='word_1_526' title='bbox 1771 5565 1839 5619; x_wconf 67' lang='grc' dir='ltr'><strong>τά</strong></span> <span class='ocrx_word' id='word_1_527' title='bbox 1863 5564 1962 5635; x_wconf 81' lang='grc' dir='ltr'><strong>μέν</strong></span> 
     </span>
    </p>
   </div>
   <div class='ocr_carea' id='block_1_61' title="bbox 460 5763 1314 5836">
    <p class='ocr_par' dir='ltr' id='par_1_61' title="bbox 460 5763 1314 5836">
     <span class='ocr_line' id='line_1_61' title="bbox 460 5763 1314 5836; baseline -0.016 -9"><span class='ocrx_word' id='word_1_528' title='bbox 460 5774 485 5807; x_wconf 87' lang='grc'>³</span> <span class='ocrx_word' id='word_1_529' title='bbox 518 5773 926 5836; x_wconf 77' lang='grc' dir='ltr'><strong>Ἀναλογιζόμενοι</strong></span> <span class='ocrx_word' id='word_1_530' title='bbox 944 5768 1084 5820; x_wconf 61' lang='lat' dir='ltr'><strong>dces!</strong></span> <span class='ocrx_word' id='word_1_531' title='bbox 1111 5767 1160 5817; x_wconf 83' lang='lat' dir='ltr'><strong>in</strong></span> <span class='ocrx_word' id='word_1_532' title='bbox 1179 5763 1314 5818; x_wconf 71' lang='lat' dir='ltr'><strong>Coib.</strong></span> 
     </span>
    </p>
   </div>
   <div class='ocr_carea' id='block_1_62' title="bbox 1377 348 2341 413">
    <p class='ocr_par' dir='ltr' id='par_1_62' title="bbox 1377 348 2341 413">
     <span class='ocr_line' id='line_1_62' title="bbox 1377 348 2341 413; baseline 0.006 -7"><span class='ocrx_word' id='word_1_533' title='bbox 1377 348 1742 409; x_wconf 70' lang='grc' dir='ltr'><strong>ΕΧΡΟΒΙΤῙΟ</strong></span> <span class='ocrx_word' id='word_1_534' title='bbox 1773 352 1841 409; x_wconf 74' lang='grc' dir='ltr'><strong>ΙΝ</strong></span> <span class='ocrx_word' id='word_1_535' title='bbox 1876 353 2207 413; x_wconf 65' lang='grc' dir='ltr'><strong>Ρελωιωι</strong></span> <span class='ocrx_word' id='word_1_536' title='bbox 2244 355 2341 412; x_wconf 72' lang='lat' dir='ltr'><strong>IX.</strong></span> 
     </span>
    </p>
   </div>
   <div class='ocr_carea' id='block_1_63' title="bbox 3521 367 3629 422">
    <p class='ocr_par' dir='ltr' id='par_1_63' title="bbox 3521 367 3629 422">
     <span class='ocr_line' id='line_1_63' title="bbox 3521 367 3629 422; baseline 0.019 -2"><span class='ocrx_word' id='word_1_537' title='bbox 3521 367 3629 422; x_wconf 65' lang='lat'><strong>12$</strong></span> 
     </span>
    </p>
   </div>
   <div class='ocr_carea' id='block_1_64' title="bbox 2065 474 3641 551">
    <p class='ocr_par' dir='ltr' id='par_1_64' title="bbox 2065 474 3641 551">
     <span class='ocr_line' id='line_1_64' title="bbox 2065 474 3641 551; baseline 0.005 -24"><span class='ocrx_word' id='word_1_538' title='bbox 2065 492 2208 528; x_wconf 62' lang='grc' dir='ltr'><strong>’στιν</strong></span> <span class='ocrx_word' id='word_1_539' title='bbox 2240 477 2393 540; x_wconf 80' lang='grc' dir='ltr'><strong>ὀστᾶ,</strong></span> <span class='ocrx_word' id='word_1_540' title='bbox 2427 474 2495 530; x_wconf 80' lang='grc' dir='ltr'><strong>τά</strong></span> <span class='ocrx_word' id='word_1_541' title='bbox 2518 475 2576 530; x_wconf 78' lang='grc' dir='ltr'><strong>δὲ</strong></span> <span class='ocrx_word' id='word_1_542' title='bbox 2603 476 2791 549; x_wconf 83' lang='grc' dir='ltr'><strong>νεῦρα,</strong></span> <span class='ocrx_word' id='word_1_543' title='bbox 2819 478 2889 531; x_wconf 81' lang='grc' dir='ltr'><strong>τά</strong></span> <span class='ocrx_word' id='word_1_544' title='bbox 2915 478 2974 532; x_wconf 67' lang='grc' dir='ltr'><strong>δὲ</strong></span> <span class='ocrx_word' id='word_1_545' title='bbox 3004 477 3206 551; x_wconf 85' lang='grc' dir='ltr'><strong>σάρκες</strong></span> <span class='ocrx_word' id='word_1_546' title='bbox 3228 497 3243 512; x_wconf 75' lang='grc' dir='ltr'><strong>ο</strong></span> <span class='ocrx_word' id='word_1_547' title='bbox 3275 481 3417 536; x_wconf 74' lang='grc' dir='ltr'><strong>οὕτω</strong></span> <span class='ocrx_word' id='word_1_548' title='bbox 3456 483 3549 537; x_wconf 76' lang='grc' dir='ltr'><strong>καὶ</strong></span> <span class='ocrx_word' id='word_1_549' title='bbox 3579 487 3641 538; x_wconf 80' lang='grc' dir='ltr'><strong>ἐν</strong></span> 
     </span>
    </p>
   </div>
   <div class='ocr_carea' id='block_1_65' title="bbox 2058 566 3636 653">
    <p class='ocr_par' dir='ltr' id='par_1_65' title="bbox 2058 566 3636 653">
     <span class='ocr_line' id='line_1_65' title="bbox 2058 566 3636 653; baseline 0.006 -35"><span class='ocrx_word' id='word_1_550' title='bbox 2058 569 2127 636; x_wconf 80' lang='grc' dir='ltr'><strong>τῇ</strong></span> <span class='ocrx_word' id='word_1_551' title='bbox 2152 568 2222 635; x_wconf 82' lang='grc' dir='ltr'><strong>γῇ</strong></span> <span class='ocrx_word' id='word_1_552' title='bbox 2246 606 2261 631; x_wconf 88' lang='grc'><strong>,</strong></span> <span class='ocrx_word' id='word_1_553' title='bbox 2301 566 2370 619; x_wconf 78' lang='grc' dir='ltr'><strong>τά</strong></span> <span class='ocrx_word' id='word_1_554' title='bbox 2407 566 2505 638; x_wconf 71' lang='grc' dir='ltr'><strong>μὲν</strong></span> <span class='ocrx_word' id='word_1_555' title='bbox 2534 568 2634 653; x_wconf 67' lang='grc' dir='ltr'><strong>ὅρη</strong></span> <span class='ocrx_word' id='word_1_556' title='bbox 2653 608 2666 628; x_wconf 89' lang='grc'><strong>.</strong></span> <span class='ocrx_word' id='word_1_557' title='bbox 2696 567 2767 621; x_wconf 75' lang='grc' dir='ltr'><strong>τά</strong></span> <span class='ocrx_word' id='word_1_558' title='bbox 2800 568 2858 622; x_wconf 80' lang='grc' dir='ltr'><strong>δὲ</strong></span> <span class='ocrx_word' id='word_1_559' title='bbox 2889 569 3204 640; x_wconf 85' lang='grc' dir='ltr'><strong>φάραγγες,</strong></span> <span class='ocrx_word' id='word_1_560' title='bbox 3235 573 3304 626; x_wconf 83' lang='grc' dir='ltr'><strong>τά</strong></span> <span class='ocrx_word' id='word_1_561' title='bbox 3338 573 3395 626; x_wconf 77' lang='grc' dir='ltr'><strong>δὲ</strong></span> <span class='ocrx_word' id='word_1_562' title='bbox 3430 573 3636 647; x_wconf 87' lang='grc' dir='ltr'><strong>λιπαρά</strong></span> 
     </span>
    </p>
   </div>
   <div class='ocr_carea' id='block_1_66' title="bbox 2060 658 3634 736">
    <p class='ocr_par' dir='ltr' id='par_1_66' title="bbox 2060 658 3634 736">
     <span class='ocr_line' id='line_1_66' title="bbox 2060 658 3634 736; baseline 0.006 -27"><span class='ocrx_word' id='word_1_563' title='bbox 2060 658 2264 728; x_wconf 76' lang='grc' dir='ltr'><strong>χωρίαο</strong></span> <span class='ocrx_word' id='word_1_564' title='bbox 2295 658 2471 713; x_wconf 88' lang='grc' dir='ltr'><strong>πάντα</strong></span> <span class='ocrx_word' id='word_1_565' title='bbox 2505 659 2561 713; x_wconf 87' lang='grc' dir='ltr'><strong>δέ</strong></span> <span class='ocrx_word' id='word_1_566' title='bbox 2588 659 2757 713; x_wconf 91' lang='grc' dir='ltr'><strong>ταῦτα</strong></span> <span class='ocrx_word' id='word_1_567' title='bbox 2794 662 3060 732; x_wconf 83' lang='grc' dir='ltr'><strong>χρήσιμα.</strong></span> <span class='ocrx_word' id='word_1_568' title='bbox 3092 662 3157 715; x_wconf 90' lang='grc' dir='ltr'><strong>Τί</strong></span> <span class='ocrx_word' id='word_1_569' title='bbox 3185 661 3329 732; x_wconf 88' lang='grc' dir='ltr'><strong>λέγω</strong></span> <span class='ocrx_word' id='word_1_570' title='bbox 3372 664 3468 736; x_wconf 77' lang='grc' dir='ltr'><strong>τὴν</strong></span> <span class='ocrx_word' id='word_1_571' title='bbox 3506 664 3634 735; x_wconf 78' lang='grc' dir='ltr'><strong>γῆν,</strong></span> 
     </span>
    </p>
   </div>
   <div class='ocr_carea' id='block_1_67' title="bbox 2058 749 3637 828">
    <p class='ocr_par' dir='ltr' id='par_1_67' title="bbox 2058 749 3637 828">
     <span class='ocr_line' id='line_1_67' title="bbox 2058 749 3637 828; baseline 0.005 -26"><span class='ocrx_word' id='word_1_572' title='bbox 2058 749 2311 803; x_wconf 82' lang='grc' dir='ltr'><strong>τοσοῦτον</strong></span> <span class='ocrx_word' id='word_1_573' title='bbox 2360 754 2648 822; x_wconf 72' lang='grc' dir='ltr'><strong>στοιχεῖονς</strong></span> <span class='ocrx_word' id='word_1_574' title='bbox 2687 752 2833 816; x_wconf 76' lang='grc' dir='ltr'><strong>Ἑνδς</strong></span> <span class='ocrx_word' id='word_1_575' title='bbox 2874 753 3090 826; x_wconf 83' lang='grc' dir='ltr'><strong>δένδρου</strong></span> <span class='ocrx_word' id='word_1_576' title='bbox 3148 754 3308 826; x_wconf 87' lang='grc' dir='ltr'><strong>μόνου</strong></span> <span class='ocrx_word' id='word_1_577' title='bbox 3343 758 3392 809; x_wconf 84' lang='grc' dir='ltr'><strong>εί</strong></span> <span class='ocrx_word' id='word_1_578' title='bbox 3437 756 3637 828; x_wconf 78' lang='grc' dir='ltr'><strong>βουλη-</strong></span> 
     </span>
    </p>
   </div>
   <div class='ocr_carea' id='block_1_68' title="bbox 2061 841 3635 919">
    <p class='ocr_par' dir='ltr' id='par_1_68' title="bbox 2061 841 3635 919">
     <span class='ocr_line' id='line_1_68' title="bbox 2061 841 3635 919; baseline 0.005 -25"><span class='ocrx_word' id='word_1_579' title='bbox 2061 841 2211 911; x_wconf 84' lang='grc' dir='ltr'><strong>θείης</strong></span> <span class='ocrx_word' id='word_1_580' title='bbox 2237 843 2410 895; x_wconf 85' lang='grc' dir='ltr'><strong>είπεῖν</strong></span> <span class='ocrx_word' id='word_1_581' title='bbox 2448 841 2510 895; x_wconf 76' lang='grc' dir='ltr'><strong>τὸ</strong></span> <span class='ocrx_word' id='word_1_582' title='bbox 2540 843 2744 913; x_wconf 82' lang='grc' dir='ltr'><strong>σχῆμα,</strong></span> <span class='ocrx_word' id='word_1_583' title='bbox 2785 842 2882 914; x_wconf 80' lang='grc' dir='ltr'><strong>τὴν</strong></span> <span class='ocrx_word' id='word_1_584' title='bbox 2914 846 3132 913; x_wconf 83' lang='grc' dir='ltr'><strong>χρείαν,</strong></span> <span class='ocrx_word' id='word_1_585' title='bbox 3168 846 3260 899; x_wconf 79' lang='grc' dir='ltr'><strong>τὸν</strong></span> <span class='ocrx_word' id='word_1_586' title='bbox 3292 847 3501 919; x_wconf 73' lang='grc' dir='ltr'><strong>καρπὸν</strong></span> <span class='ocrx_word' id='word_1_587' title='bbox 3520 887 3535 911; x_wconf 97' lang='grc'><strong>,</strong></span> <span class='ocrx_word' id='word_1_588' title='bbox 3565 848 3635 902; x_wconf 70' lang='grc' dir='ltr'><strong>τά</strong></span> 
     </span>
    </p>
   </div>
   <div class='ocr_carea' id='block_1_69' title="bbox 2063 932 3635 1009">
    <p class='ocr_par' dir='ltr' id='par_1_69' title="bbox 2063 932 3635 1009">
     <span class='ocr_line' id='line_1_69' title="bbox 2063 932 3635 1009; baseline 0.005 -24"><span class='ocrx_word' id='word_1_589' title='bbox 2063 932 2254 1001; x_wconf 87' lang='grc' dir='ltr'><strong>φύλλα,</strong></span> <span class='ocrx_word' id='word_1_590' title='bbox 2283 932 2374 986; x_wconf 86' lang='grc' dir='ltr'><strong>τόν</strong></span> <span class='ocrx_word' id='word_1_591' title='bbox 2403 933 2613 1005; x_wconf 81' lang='grc' dir='ltr'><strong>καιρὸν,</strong></span> <span class='ocrx_word' id='word_1_592' title='bbox 2643 932 2713 986; x_wconf 84' lang='grc' dir='ltr'><strong>τά</strong></span> <span class='ocrx_word' id='word_1_593' title='bbox 2740 933 2874 988; x_wconf 86' lang='grc' dir='ltr'><strong>άλλα</strong></span> <span class='ocrx_word' id='word_1_594' title='bbox 2899 936 3096 1001; x_wconf 83' lang='grc' dir='ltr'><strong>πάντα,</strong></span> <span class='ocrx_word' id='word_1_595' title='bbox 3123 937 3254 993; x_wconf 62' lang='grc' dir='ltr'><strong>πολὺ</strong></span> <span class='ocrx_word' id='word_1_596' title='bbox 3302 938 3422 1009; x_wconf 70' lang='grc' dir='ltr'><strong>ὕψει</strong></span> <span class='ocrx_word' id='word_1_597' title='bbox 3451 938 3512 993; x_wconf 79' lang='grc' dir='ltr'><strong>τὸ</strong></span> <span class='ocrx_word' id='word_1_598' title='bbox 3555 939 3635 993; x_wconf 75' lang='grc' dir='ltr'><strong>διο</strong></span> 
     </span>
    </p>
   </div>
   <div class='ocr_carea' id='block_1_70' title="bbox 2064 1024 3630 1096">
    <p class='ocr_par' dir='ltr' id='par_1_70' title="bbox 2064 1024 3630 1096">
     <span class='ocr_line' id='line_1_70' title="bbox 2064 1024 3630 1096; baseline 0.004 -18"><span class='ocrx_word' id='word_1_599' title='bbox 2064 1025 2288 1095; x_wconf 87' lang='grc' dir='ltr'><strong>ήγημα·</strong></span> <span class='ocrx_word' id='word_1_600' title='bbox 2317 1026 2365 1078; x_wconf 89' lang='grc' dir='ltr'><strong>εί</strong></span> <span class='ocrx_word' id='word_1_601' title='bbox 2386 1025 2494 1077; x_wconf 88' lang='grc' dir='ltr'><strong>τῶν</strong></span> <span class='ocrx_word' id='word_1_602' title='bbox 2522 1024 2665 1096; x_wconf 83' lang='grc' dir='ltr'><strong>ὀρῶν</strong></span> <span class='ocrx_word' id='word_1_603' title='bbox 2692 1026 2792 1096; x_wconf 83' lang='grc' dir='ltr'><strong>τὴν</strong></span> <span class='ocrx_word' id='word_1_604' title='bbox 2831 1024 2978 1080; x_wconf 82' lang='grc' dir='ltr'><strong>θέσιν</strong></span> <span class='ocrx_word' id='word_1_605' title='bbox 2998 1068 3015 1093; x_wconf 92' lang='grc'><strong>,</strong></span> <span class='ocrx_word' id='word_1_606' title='bbox 3045 1029 3093 1081; x_wconf 85' lang='grc' dir='ltr'><strong>εἰ</strong></span> <span class='ocrx_word' id='word_1_607' title='bbox 3131 1027 3200 1081; x_wconf 79' lang='grc' dir='ltr'><strong>τά</strong></span> <span class='ocrx_word' id='word_1_608' title='bbox 3223 1028 3358 1084; x_wconf 79' lang='grc' dir='ltr'><strong>ἄλλα</strong></span> <span class='ocrx_word' id='word_1_609' title='bbox 3396 1029 3630 1093; x_wconf 73' lang='grc' dir='ltr'><strong>ἅπαντα,</strong></span> 
     </span>
    </p>
   </div>
   <div class='ocr_carea' id='block_1_71' title="bbox 2063 1116 3631 1194">
    <p class='ocr_par' dir='ltr' id='par_1_71' title="bbox 2063 1116 3631 1194">
     <span class='ocr_line' id='line_1_71' title="bbox 2063 1116 3631 1194; baseline 0.003 -25"><span class='ocrx_word' id='word_1_610' title='bbox 2063 1117 2113 1169; x_wconf 86' lang='grc' dir='ltr'><strong>εἰ</strong></span> <span class='ocrx_word' id='word_1_611' title='bbox 2141 1116 2233 1170; x_wconf 82' lang='grc' dir='ltr'><strong>τὸν</strong></span> <span class='ocrx_word' id='word_1_612' title='bbox 2272 1116 2557 1188; x_wconf 83' lang='grc' dir='ltr'><strong>ἄνθρωπον</strong></span> <span class='ocrx_word' id='word_1_613' title='bbox 2599 1117 2759 1172; x_wconf 76' lang='grc' dir='ltr'><strong>αὑτὸν</strong></span> <span class='ocrx_word' id='word_1_614' title='bbox 2792 1117 3037 1182; x_wconf 84' lang='grc' dir='ltr'><strong>ἐπέλθοις</strong></span> <span class='ocrx_word' id='word_1_615' title='bbox 3068 1119 3143 1189; x_wconf 82' lang='grc' dir='ltr'><strong>τῷ</strong></span> <span class='ocrx_word' id='word_1_616' title='bbox 3186 1120 3362 1190; x_wconf 87' lang='grc' dir='ltr'><strong>λόγῳ,</strong></span> <span class='ocrx_word' id='word_1_617' title='bbox 3401 1121 3497 1175; x_wconf 75' lang='grc' dir='ltr'><strong>καὶ</strong></span> <span class='ocrx_word' id='word_1_618' title='bbox 3534 1121 3631 1194; x_wconf 72' lang='grc' dir='ltr'><strong>τήν</strong></span> 
     </span>
    </p>
   </div>
   <div class='ocr_carea' id='block_1_72' title="bbox 2060 1207 3632 1281">
    <p class='ocr_par' dir='ltr' id='par_1_72' title="bbox 2060 1207 3632 1281">
     <span class='ocr_line' id='line_1_72' title="bbox 2060 1207 3632 1281; baseline 0.002 -18"><span class='ocrx_word' id='word_1_619' title='bbox 2060 1209 2348 1263; x_wconf 89' lang='grc' dir='ltr'><strong>διάπλασιν</strong></span> <span class='ocrx_word' id='word_1_620' title='bbox 2378 1207 2541 1263; x_wconf 82' lang='grc' dir='ltr'><strong>αὐτοῦ</strong></span> <span class='ocrx_word' id='word_1_621' title='bbox 2565 1210 2658 1262; x_wconf 90' lang='grc' dir='ltr'><strong>τοῦ</strong></span> <span class='ocrx_word' id='word_1_622' title='bbox 2690 1208 2959 1280; x_wconf 80' lang='grc' dir='ltr'><strong>σώματος,</strong></span> <span class='ocrx_word' id='word_1_623' title='bbox 2984 1209 3152 1281; x_wconf 88' lang='grc' dir='ltr'><strong>μυρία</strong></span> <span class='ocrx_word' id='word_1_624' title='bbox 3172 1210 3332 1265; x_wconf 82' lang='grc' dir='ltr'><strong>πάλιν</strong></span> <span class='ocrx_word' id='word_1_625' title='bbox 3359 1211 3632 1265; x_wconf 89' lang='grc' dir='ltr'><strong>κάνταῦθα</strong></span> 
     </span>
    </p>
   </div>
   <div class='ocr_carea' id='block_1_73' title="bbox 2061 1298 3629 1372">
    <p class='ocr_par' dir='ltr' id='par_1_73' title="bbox 2061 1298 3629 1372">
     <span class='ocr_line' id='line_1_73' title="bbox 2061 1298 3629 1372; baseline 0.001 -19"><span class='ocrx_word' id='word_1_626' title='bbox 2061 1299 2273 1370; x_wconf 90' lang='grc' dir='ltr'><strong>πελάγη</strong></span> <span class='ocrx_word' id='word_1_627' title='bbox 2301 1298 2479 1370; x_wconf 79' lang='grc' dir='ltr'><strong>εὕροις</strong></span> <span class='ocrx_word' id='word_1_628' title='bbox 2508 1300 2880 1371; x_wconf 87' lang='grc' dir='ltr'><strong>διηγημάτων.</strong></span> <span class='ocrx_word' id='word_1_629' title='bbox 2914 1300 3134 1364; x_wconf 89' lang='grc' dir='ltr'><strong>Τούτοις</strong></span> <span class='ocrx_word' id='word_1_630' title='bbox 3160 1302 3337 1355; x_wconf 90' lang='grc' dir='ltr'><strong>τοίνυν</strong></span> <span class='ocrx_word' id='word_1_631' title='bbox 3364 1302 3629 1372; x_wconf 77' lang='grc' dir='ltr'><strong>ἐνδιατρίο</strong></span> 
     </span>
    </p>
   </div>
   <div class='ocr_carea' id='block_1_74' title="bbox 2063 1391 3634 1464">
    <p class='ocr_par' dir='ltr' id='par_1_74' title="bbox 2063 1391 3634 1464">
     <span class='ocr_line' id='line_1_74' title="bbox 2063 1391 3634 1464; baseline 0 -19"><span class='ocrx_word' id='word_1_632' title='bbox 2063 1392 2268 1462; x_wconf 80' lang='grc' dir='ltr'><strong>δωμεν,</strong></span> <span class='ocrx_word' id='word_1_633' title='bbox 2300 1392 2548 1448; x_wconf 86' lang='grc' dir='ltr'><strong>ἐντεῦθεν</strong></span> <span class='ocrx_word' id='word_1_634' title='bbox 2573 1394 2706 1463; x_wconf 82' lang='grc' dir='ltr'><strong>ἡμῖν</strong></span> <span class='ocrx_word' id='word_1_635' title='bbox 2738 1391 2891 1446; x_wconf 71' lang='grc' dir='ltr'><strong>ἔσται</strong></span> <span class='ocrx_word' id='word_1_636' title='bbox 2912 1392 3073 1464; x_wconf 83' lang='grc' dir='ltr'><strong>ήδονὴ</strong></span> <span class='ocrx_word' id='word_1_637' title='bbox 3104 1393 3355 1464; x_wconf 85' lang='grc' dir='ltr'><strong>μεγίστη,</strong></span> <span class='ocrx_word' id='word_1_638' title='bbox 3386 1392 3634 1447; x_wconf 87' lang='grc' dir='ltr'><strong>ἐντεῦθεν</strong></span> 
     </span>
    </p>
   </div>
   <div class='ocr_carea' id='block_1_75' title="bbox 2059 1481 3635 1553">
    <p class='ocr_par' dir='ltr' id='par_1_75' title="bbox 2059 1481 3635 1553">
     <span class='ocr_line' id='line_1_75' title="bbox 2059 1481 3635 1553; baseline -0.001 -17"><span class='ocrx_word' id='word_1_639' title='bbox 2059 1483 2285 1553; x_wconf 86' lang='grc' dir='ltr'><strong>κέρδος,</strong></span> <span class='ocrx_word' id='word_1_640' title='bbox 2316 1481 2564 1541; x_wconf 78' lang='grc' dir='ltr'><strong>ἐντεῦθεν</strong></span> <span class='ocrx_word' id='word_1_641' title='bbox 2595 1483 2882 1552; x_wconf 84' lang='grc' dir='ltr'><strong>φιλοσοφία</strong></span> <span class='ocrx_word' id='word_1_642' title='bbox 2923 1482 3150 1552; x_wconf 81' lang='grc' dir='ltr'><strong>άφατος.</strong></span> <span class='ocrx_word' id='word_1_643' title='bbox 3194 1482 3286 1536; x_wconf 81' lang='grc' dir='ltr'><strong>Διὸ</strong></span> <span class='ocrx_word' id='word_1_644' title='bbox 3333 1482 3430 1536; x_wconf 58' lang='grc' dir='ltr'><strong>καὶ⁸</strong></span> <span class='ocrx_word' id='word_1_645' title='bbox 3476 1481 3635 1535; x_wconf 89' lang='grc' dir='ltr'><strong>τοῦτο</strong></span> 
     </span>
    </p>
   </div>
   <div class='ocr_carea' id='block_1_76' title="bbox 2057 1571 3632 1645">
    <p class='ocr_par' dir='ltr' id='par_1_76' title="bbox 2057 1571 3632 1645">
     <span class='ocr_line' id='line_1_76' title="bbox 2057 1571 3632 1645; baseline -0.002 -16"><span class='ocrx_word' id='word_1_646' title='bbox 2057 1575 2231 1639; x_wconf 86' lang='grc' dir='ltr'><strong>δηλῶν</strong></span> <span class='ocrx_word' id='word_1_647' title='bbox 2256 1577 2566 1645; x_wconf 82' lang='grc' dir='ltr'><strong>ἐπήγαγεν’</strong></span> <span class='ocrx_word' id='word_1_648' title='bbox 2602 1573 3108 1645; x_wconf 68' lang='grc' dir='ltr'><strong>Εὐφρανθήσομαι</strong></span> <span class='ocrx_word' id='word_1_649' title='bbox 3141 1574 3239 1628; x_wconf 76' lang='grc' dir='ltr'><strong>καὶ</strong></span> <span class='ocrx_word' id='word_1_650' title='bbox 3263 1571 3632 1645; x_wconf 65' lang='grc' dir='ltr'><strong>ἀγαλλιᾶσθε</strong></span> 
     </span>
    </p>
   </div>
   <div class='ocr_carea' id='block_1_77' title="bbox 2052 1662 3633 1739">
    <p class='ocr_par' dir='ltr' id='par_1_77' title="bbox 2052 1662 3633 1739">
     <span class='ocr_line' id='line_1_77' title="bbox 2052 1662 3633 1739; baseline -0.002 -18"><span class='ocrx_word' id='word_1_651' title='bbox 2052 1684 2158 1739; x_wconf 81' lang='grc' dir='ltr'><strong>μαι</strong></span> <span class='ocrx_word' id='word_1_652' title='bbox 2200 1667 2271 1721; x_wconf 83' lang='grc' dir='ltr'><strong>ἐν</strong></span> <span class='ocrx_word' id='word_1_653' title='bbox 2319 1668 2440 1724; x_wconf 87' lang='grc' dir='ltr'><strong>σοί.</strong></span> <span class='ocrx_word' id='word_1_654' title='bbox 2505 1665 2696 1731; x_wconf 78' lang='grc' dir='ltr'><strong>⁸’Λλλος</strong></span> <span class='ocrx_word' id='word_1_655' title='bbox 2719 1706 2739 1731; x_wconf 89' lang='grc'><strong>,</strong></span> <span class='ocrx_word' id='word_1_656' title='bbox 2787 1665 2899 1721; x_wconf 76' lang='grc' dir='ltr'><strong>Καὶ</strong></span> <span class='ocrx_word' id='word_1_657' title='bbox 2950 1665 3269 1736; x_wconf 68' lang='grc' dir='ltr'><strong>ναιφιάσω.</strong></span> <span class='ocrx_word' id='word_1_658' title='bbox 3326 1663 3507 1720; x_wconf 68' lang='grc' dir='ltr'><strong>Ψαλῶ</strong></span> <span class='ocrx_word' id='word_1_659' title='bbox 3553 1662 3633 1730; x_wconf 79' lang='grc' dir='ltr'><strong>τῷ</strong></span> 
     </span>
    </p>
   </div>
   <div class='ocr_carea' id='block_1_78' title="bbox 2059 1753 3629 1828">
    <p class='ocr_par' dir='ltr' id='par_1_78' title="bbox 2059 1753 3629 1828">
     <span class='ocr_line' id='line_1_78' title="bbox 2059 1753 3629 1828; baseline -0.003 -16"><span class='ocrx_word' id='word_1_660' title='bbox 2059 1759 2305 1828; x_wconf 80' lang='grc' dir='ltr'><strong>ὀνόματί</strong></span> <span class='ocrx_word' id='word_1_661' title='bbox 2325 1773 2463 1821; x_wconf 86' lang='grc' dir='ltr'><strong>σου,</strong></span> <span class='ocrx_word' id='word_1_662' title='bbox 2480 1758 2747 1827; x_wconf 57' lang='lat' dir='ltr'><strong>“na-(ate.</strong></span> <span class='ocrx_word' id='word_1_663' title='bbox 2775 1757 2986 1821; x_wconf 76' lang='grc' dir='ltr'><strong>Ἄλλος,</strong></span> <span class='ocrx_word' id='word_1_664' title='bbox 3009 1759 3172 1828; x_wconf 83' lang='grc' dir='ltr'><strong>’ᾼσω</strong></span> <span class='ocrx_word' id='word_1_665' title='bbox 3193 1755 3258 1810; x_wconf 78' lang='grc' dir='ltr'><strong>τὸ</strong></span> <span class='ocrx_word' id='word_1_666' title='bbox 3282 1753 3471 1825; x_wconf 78' lang='grc' dir='ltr'><strong>ὄνομά</strong></span> <span class='ocrx_word' id='word_1_667' title='bbox 3491 1769 3629 1809; x_wconf 86' lang='grc' dir='ltr'><strong>σου.</strong></span> 
     </span>
    </p>
   </div>
   <div class='ocr_carea' id='block_1_79' title="bbox 2058 1844 3630 1921">
    <p class='ocr_par' dir='ltr' id='par_1_79' title="bbox 2058 1844 3630 1921">
     <span class='ocr_line' id='line_1_79' title="bbox 2058 1844 3630 1921; baseline -0.004 -17"><span class='ocrx_word' id='word_1_668' title='bbox 2058 1850 2133 1904; x_wconf 84' lang='grc' dir='ltr'><strong>Ού</strong></span> <span class='ocrx_word' id='word_1_669' title='bbox 2170 1848 2365 1921; x_wconf 83' lang='grc' dir='ltr'><strong>μικρὸν</strong></span> <span class='ocrx_word' id='word_1_670' title='bbox 2390 1847 2549 1902; x_wconf 84' lang='grc' dir='ltr'><strong>τοῦτο</strong></span> <span class='ocrx_word' id='word_1_671' title='bbox 2590 1848 2906 1918; x_wconf 86' lang='grc' dir='ltr'><strong>φιλοσοφίας</strong></span> <span class='ocrx_word' id='word_1_672' title='bbox 2940 1846 3112 1911; x_wconf 81' lang='grc' dir='ltr'><strong>εἶδος,</strong></span> <span class='ocrx_word' id='word_1_673' title='bbox 3142 1846 3205 1901; x_wconf 80' lang='grc' dir='ltr'><strong>τὸ</strong></span> <span class='ocrx_word' id='word_1_674' title='bbox 3244 1844 3630 1920; x_wconf 80' lang='grc' dir='ltr'><strong>εὐφραίνεσθαι</strong></span> 
     </span>
    </p>
   </div>
   <div class='ocr_carea' id='block_1_80' title="bbox 2058 1935 3632 2013">
    <p class='ocr_par' dir='ltr' id='par_1_80' title="bbox 2058 1935 3632 2013">
     <span class='ocr_line' id='line_1_80' title="bbox 2058 1935 3632 2013; baseline -0.004 -18"><span class='ocrx_word' id='word_1_675' title='bbox 2058 1943 2151 1996; x_wconf 75' lang='grc' dir='ltr'><strong>ἐπὶ</strong></span> <span class='ocrx_word' id='word_1_676' title='bbox 2179 1940 2258 2013; x_wconf 80' lang='grc' dir='ltr'><strong>τῷ</strong></span> <span class='ocrx_word' id='word_1_677' title='bbox 2284 1939 2424 2013; x_wconf 82' lang='grc' dir='ltr'><strong>Θεῷ.</strong></span> <span class='ocrx_word' id='word_1_678' title='bbox 2461 1940 2520 1994; x_wconf 87' lang='lat'><strong>&#39;0</strong></span> <span class='ocrx_word' id='word_1_679' title='bbox 2551 1939 2660 2010; x_wconf 83' lang='lat'><strong>7&amp;9</strong></span> <span class='ocrx_word' id='word_1_680' title='bbox 2691 1941 2782 1994; x_wconf 72' lang='grc' dir='ltr'><strong>ἐπὶ</strong></span> <span class='ocrx_word' id='word_1_681' title='bbox 2809 1938 2888 2010; x_wconf 82' lang='grc' dir='ltr'><strong>τῷ</strong></span> <span class='ocrx_word' id='word_1_682' title='bbox 2925 1938 3044 2009; x_wconf 83' lang='grc' dir='ltr'><strong>Θεῷ</strong></span> <span class='ocrx_word' id='word_1_683' title='bbox 3065 1937 3518 2009; x_wconf 85' lang='grc' dir='ltr'><strong>εὐφραινόμενος,</strong></span> <span class='ocrx_word' id='word_1_684' title='bbox 3555 1935 3632 2000; x_wconf 85' lang='grc' dir='ltr'><strong>ὡς</strong></span> 
     </span>
    </p>
   </div>
   <div class='ocr_carea' id='block_1_81' title="bbox 2057 2029 3630 2108">
    <p class='ocr_par' dir='ltr' id='par_1_81' title="bbox 2057 2029 3630 2108">
     <span class='ocr_line' id='line_1_81' title="bbox 2057 2029 3630 2108; baseline -0.004 -21"><span class='ocrx_word' id='word_1_685' title='bbox 2057 2035 2194 2108; x_wconf 79' lang='grc' dir='ltr'><strong>χρὴ,</strong></span> <span class='ocrx_word' id='word_1_686' title='bbox 2228 2035 2409 2089; x_wconf 81' lang='grc' dir='ltr'><strong>πᾶσαν</strong></span> <span class='ocrx_word' id='word_1_687' title='bbox 2438 2032 2686 2087; x_wconf 79' lang='grc' dir='ltr'><strong>ἐκϐάλλει</strong></span> <span class='ocrx_word' id='word_1_688' title='bbox 2727 2031 2980 2104; x_wconf 78' lang='grc' dir='ltr'><strong>βιωτικὴν</strong></span> <span class='ocrx_word' id='word_1_689' title='bbox 3015 2031 3228 2103; x_wconf 80' lang='grc' dir='ltr'><strong>ἡδονήν.</strong></span> <span class='ocrx_word' id='word_1_690' title='bbox 3261 2030 3327 2083; x_wconf 91' lang='grc' dir='ltr'><strong>Τί</strong></span> <span class='ocrx_word' id='word_1_691' title='bbox 3367 2030 3424 2084; x_wconf 83' lang='grc' dir='ltr'><strong>δέ</strong></span> <span class='ocrx_word' id='word_1_692' title='bbox 3461 2029 3630 2093; x_wconf 80' lang='grc' dir='ltr'><strong>ἐστιν,</strong></span> 
     </span>
    </p>
   </div>
   <div class='ocr_carea' id='block_1_82' title="bbox 2057 2118 3633 2201">
    <p class='ocr_par' dir='ltr' id='par_1_82' title="bbox 2057 2118 3633 2201">
     <span class='ocr_line' id='line_1_82' title="bbox 2057 2118 3633 2201; baseline -0.007 -18"><span class='ocrx_word' id='word_1_693' title='bbox 2057 2127 2176 2201; x_wconf 83' lang='grc'><strong>[96]</strong></span> <span class='ocrx_word' id='word_1_694' title='bbox 2205 2126 2705 2196; x_wconf 68' lang='grc' dir='ltr'><strong>Εὐφρανθήσομαι</strong></span> <span class='ocrx_word' id='word_1_695' title='bbox 2726 2123 2795 2178; x_wconf 77' lang='grc' dir='ltr'><strong>ἐν</strong></span> <span class='ocrx_word' id='word_1_696' title='bbox 2831 2124 2932 2178; x_wconf 85' lang='grc' dir='ltr'><strong>σοί</strong></span> <span class='ocrx_word' id='word_1_697' title='bbox 2942 2139 2962 2187; x_wconf 84' lang='grc'><em>;</em></span> <span class='ocrx_word' id='word_1_698' title='bbox 2991 2121 3260 2185; x_wconf 89' lang='grc' dir='ltr'><strong>Τοιοῦτον,</strong></span> <span class='ocrx_word' id='word_1_699' title='bbox 3282 2120 3465 2193; x_wconf 67' lang='grc' dir='ltr'><strong>φησιν,</strong></span> <span class='ocrx_word' id='word_1_700' title='bbox 3494 2118 3633 2191; x_wconf 74' lang='grc' dir='ltr'><strong>ἔχων</strong></span> 
     </span>
    </p>
   </div>
   <div class='ocr_carea' id='block_1_83' title="bbox 2057 2210 3627 2289">
    <p class='ocr_par' dir='ltr' id='par_1_83' title="bbox 2057 2210 3627 2289">
     <span class='ocr_line' id='line_1_83' title="bbox 2057 2210 3627 2289; baseline -0.008 -15"><span class='ocrx_word' id='word_1_701' title='bbox 2057 2220 2364 2289; x_wconf 81' lang='grc' dir='ltr'><strong>Δεσπότην,</strong></span> <span class='ocrx_word' id='word_1_702' title='bbox 2396 2215 2556 2272; x_wconf 84' lang='grc' dir='ltr'><strong>τοῦτὸ</strong></span> <span class='ocrx_word' id='word_1_703' title='bbox 2595 2233 2685 2288; x_wconf 87' lang='grc' dir='ltr'><strong>μοι</strong></span> <span class='ocrx_word' id='word_1_704' title='bbox 2721 2215 2884 2287; x_wconf 73' lang='grc' dir='ltr'><strong>ἡδονὴ</strong></span> <span class='ocrx_word' id='word_1_705' title='bbox 2911 2253 2928 2279; x_wconf 89' lang='grc'><strong>,</strong></span> <span class='ocrx_word' id='word_1_706' title='bbox 2959 2213 3115 2268; x_wconf 86' lang='grc' dir='ltr'><strong>τοῦτό</strong></span> <span class='ocrx_word' id='word_1_707' title='bbox 3163 2230 3253 2285; x_wconf 89' lang='grc' dir='ltr'><strong>μοι</strong></span> <span class='ocrx_word' id='word_1_708' title='bbox 3290 2210 3627 2281; x_wconf 86' lang='grc' dir='ltr'><strong>ἀγαλλίασις.</strong></span> 
     </span>
    </p>
   </div>
   <div class='ocr_carea' id='block_1_84' title="bbox 2055 2302 3631 2381">
    <p class='ocr_par' dir='ltr' id='par_1_84' title="bbox 2055 2302 3631 2381">
     <span class='ocr_line' id='line_1_84' title="bbox 2055 2302 3631 2381; baseline -0.007 -15"><span class='ocrx_word' id='word_1_709' title='bbox 2055 2313 2125 2367; x_wconf 72' lang='lat' dir='ltr'><strong>Et</strong></span> <span class='ocrx_word' id='word_1_710' title='bbox 2148 2327 2235 2375; x_wconf 87' lang='grc' dir='ltr'><strong>τις</strong></span> <span class='ocrx_word' id='word_1_711' title='bbox 2268 2306 2375 2365; x_wconf 70' lang='grc' dir='ltr'><strong>οἶδε</strong></span> <span class='ocrx_word' id='word_1_712' title='bbox 2403 2307 2605 2381; x_wconf 87' lang='grc' dir='ltr'><strong>ταύτην</strong></span> <span class='ocrx_word' id='word_1_713' title='bbox 2651 2308 2750 2379; x_wconf 77' lang='grc' dir='ltr'><strong>τήν</strong></span> <span class='ocrx_word' id='word_1_714' title='bbox 2781 2307 2972 2379; x_wconf 83' lang='grc' dir='ltr'><strong>ήδονὴν</strong></span> <span class='ocrx_word' id='word_1_715' title='bbox 3012 2305 3089 2370; x_wconf 81' lang='grc' dir='ltr'><strong>ὡς</strong></span> <span class='ocrx_word' id='word_1_716' title='bbox 3118 2305 3313 2361; x_wconf 74' lang='grc' dir='ltr'><strong>εἰδέναι</strong></span> <span class='ocrx_word' id='word_1_717' title='bbox 3346 2303 3484 2377; x_wconf 75' lang='grc' dir='ltr'><strong>χρὴ,</strong></span> <span class='ocrx_word' id='word_1_718' title='bbox 3513 2302 3631 2356; x_wconf 71' lang='grc' dir='ltr'><strong>ἐτέ-</strong></span> 
     </span>
    </p>
   </div>
   <div class='ocr_carea' id='block_1_85' title="bbox 2060 2395 3627 2476">
    <p class='ocr_par' dir='ltr' id='par_1_85' title="bbox 2060 2395 3627 2476">
     <span class='ocr_line' id='line_1_85' title="bbox 2060 2395 3627 2476; baseline -0.004 -19"><span class='ocrx_word' id='word_1_719' title='bbox 2060 2421 2156 2476; x_wconf 88' lang='grc' dir='ltr'><strong>ρας</strong></span> <span class='ocrx_word' id='word_1_720' title='bbox 2180 2402 2372 2475; x_wconf 79' lang='grc' dir='ltr'><strong>ἡδονῆς</strong></span> <span class='ocrx_word' id='word_1_721' title='bbox 2395 2402 2496 2456; x_wconf 85' lang='grc' dir='ltr'><strong>ούκ</strong></span> <span class='ocrx_word' id='word_1_722' title='bbox 2526 2398 2857 2455; x_wconf 75' lang='grc' dir='ltr'><strong>αἰσθάνεται.</strong></span> <span class='ocrx_word' id='word_1_723' title='bbox 2889 2396 3060 2453; x_wconf 88' lang='grc' dir='ltr'><strong>Τοῦτο</strong></span> <span class='ocrx_word' id='word_1_724' title='bbox 3082 2398 3191 2468; x_wconf 82' lang='grc' dir='ltr'><strong>γὰρ</strong></span> <span class='ocrx_word' id='word_1_725' title='bbox 3210 2396 3372 2469; x_wconf 76' lang='grc' dir='ltr'><strong>ἡδονὴ</strong></span> <span class='ocrx_word' id='word_1_726' title='bbox 3402 2395 3627 2468; x_wconf 86' lang='grc' dir='ltr'><strong>κυρίως⁶</strong></span> 
     </span>
    </p>
   </div>
   <div class='ocr_carea' id='block_1_86' title="bbox 2057 2486 3627 2561">
    <p class='ocr_par' dir='ltr' id='par_1_86' title="bbox 2057 2486 3627 2561">
     <span class='ocr_line' id='line_1_86' title="bbox 2057 2486 3627 2561; baseline -0.004 -13"><span class='ocrx_word' id='word_1_727' title='bbox 2057 2495 2134 2557; x_wconf 82' lang='grc' dir='ltr'><strong>ὡς</strong></span> <span class='ocrx_word' id='word_1_728' title='bbox 2161 2495 2295 2561; x_wconf 86' lang='grc' dir='ltr'><strong>τάγε</strong></span> <span class='ocrx_word' id='word_1_729' title='bbox 2327 2493 2459 2548; x_wconf 84' lang='grc' dir='ltr'><strong>ἀλλα</strong></span> <span class='ocrx_word' id='word_1_730' title='bbox 2511 2491 2719 2555; x_wconf 85' lang='grc' dir='ltr'><strong>πάντα,</strong></span> <span class='ocrx_word' id='word_1_731' title='bbox 2745 2489 2985 2561; x_wconf 85' lang='grc' dir='ltr'><strong>ὀνόματα</strong></span> <span class='ocrx_word' id='word_1_732' title='bbox 3030 2489 3189 2561; x_wconf 86' lang='grc' dir='ltr'><strong>μόνον</strong></span> <span class='ocrx_word' id='word_1_733' title='bbox 3226 2489 3374 2542; x_wconf 71' lang='grc' dir='ltr'><strong>ἐστὶν</strong></span> <span class='ocrx_word' id='word_1_734' title='bbox 3413 2486 3627 2559; x_wconf 72' lang='grc' dir='ltr'><strong>ἡδονῆς.</strong></span> 
     </span>
    </p>
   </div>
   <div class='ocr_carea' id='block_1_87' title="bbox 2059 2578 3630 2656">
    <p class='ocr_par' dir='ltr' id='par_1_87' title="bbox 2059 2578 3630 2656">
     <span class='ocr_line' id='line_1_87' title="bbox 2059 2578 3630 2656; baseline -0.004 -18"><span class='ocrx_word' id='word_1_735' title='bbox 2059 2583 2382 2656; x_wconf 87' lang='grc' dir='ltr'><strong>πράγματος</strong></span> <span class='ocrx_word' id='word_1_736' title='bbox 2408 2582 2605 2653; x_wconf 70' lang='grc' dir='ltr'><strong>ἔρημα.</strong></span> <span class='ocrx_word' id='word_1_737' title='bbox 2629 2581 2778 2653; x_wconf 76' lang='grc' dir='ltr'><strong>Αὕτη</strong></span> <span class='ocrx_word' id='word_1_738' title='bbox 2806 2580 2897 2634; x_wconf 81' lang='grc' dir='ltr'><strong>τὸν</strong></span> <span class='ocrx_word' id='word_1_739' title='bbox 2925 2579 3209 2651; x_wconf 76' lang='grc' dir='ltr'><strong>ἄνθρωπον</strong></span> <span class='ocrx_word' id='word_1_740' title='bbox 3235 2578 3527 2651; x_wconf 81' lang='grc' dir='ltr'><strong>μετάρσιον</strong></span> <span class='ocrx_word' id='word_1_741' title='bbox 3547 2578 3630 2649; x_wconf 82' lang='grc' dir='ltr'><strong>ἐρ-</strong></span> 
     </span>
    </p>
   </div>
   <div class='ocr_carea' id='block_1_88' title="bbox 2060 2667 3629 2743">
    <p class='ocr_par' dir='ltr' id='par_1_88' title="bbox 2060 2667 3629 2743">
     <span class='ocr_line' id='line_1_88' title="bbox 2060 2667 3629 2743; baseline -0.005 -15"><span class='ocrx_word' id='word_1_742' title='bbox 2060 2671 2287 2743; x_wconf 78' lang='grc' dir='ltr'><strong>γάζεται</strong></span> <span class='ocrx_word' id='word_1_743' title='bbox 2309 2688 2323 2703; x_wconf 79' lang='lat'>&#39;</span> <span class='ocrx_word' id='word_1_744' title='bbox 2361 2670 2499 2742; x_wconf 87' lang='grc' dir='ltr'><strong>αὕτη</strong></span> <span class='ocrx_word' id='word_1_745' title='bbox 2524 2670 2616 2724; x_wconf 89' lang='grc' dir='ltr'><strong>τοῦ</strong></span> <span class='ocrx_word' id='word_1_746' title='bbox 2648 2670 2896 2740; x_wconf 83' lang='grc' dir='ltr'><strong>σώματος</strong></span> <span class='ocrx_word' id='word_1_747' title='bbox 2928 2670 3256 2724; x_wconf 83' lang='grc' dir='ltr'><strong>ἀπαλλάττει</strong></span> <span class='ocrx_word' id='word_1_748' title='bbox 3285 2669 3385 2740; x_wconf 82' lang='grc' dir='ltr'><strong>τὴν</strong></span> <span class='ocrx_word' id='word_1_749' title='bbox 3411 2667 3592 2739; x_wconf 75' lang='grc' dir='ltr'><strong>ψυχήν</strong></span> <span class='ocrx_word' id='word_1_750' title='bbox 3612 2684 3629 2701; x_wconf 80' lang='grc' dir='ltr'><strong><em>ο</em></strong></span> 
     </span>
    </p>
   </div>
   <div class='ocr_carea' id='block_1_89' title="bbox 2061 2755 3630 2833">
    <p class='ocr_par' dir='ltr' id='par_1_89' title="bbox 2061 2755 3630 2833">
     <span class='ocr_line' id='line_1_89' title="bbox 2061 2755 3630 2833; baseline -0.006 -16"><span class='ocrx_word' id='word_1_751' title='bbox 2061 2762 2202 2833; x_wconf 81' lang='grc' dir='ltr'><strong>αὕτη</strong></span> <span class='ocrx_word' id='word_1_752' title='bbox 2235 2762 2370 2833; x_wconf 79' lang='grc' dir='ltr'><strong>πρὸς</strong></span> <span class='ocrx_word' id='word_1_753' title='bbox 2391 2758 2616 2828; x_wconf 76' lang='grc' dir='ltr'><strong>οὐρανὸν</strong></span> <span class='ocrx_word' id='word_1_754' title='bbox 2649 2759 2835 2828; x_wconf 88' lang='grc' dir='ltr'><strong>πτεροῖ</strong></span> <span class='ocrx_word' id='word_1_755' title='bbox 2854 2772 2870 2787; x_wconf 88' lang='grc'><strong>·</strong></span> <span class='ocrx_word' id='word_1_756' title='bbox 2899 2756 3038 2828; x_wconf 88' lang='grc' dir='ltr'><strong>αὕτη</strong></span> <span class='ocrx_word' id='word_1_757' title='bbox 3074 2757 3195 2811; x_wconf 58' lang='grc' dir='ltr'><strong>τῶν</strong></span> <span class='ocrx_word' id='word_1_758' title='bbox 3207 2756 3473 2827; x_wconf 83' lang='grc' dir='ltr'><strong>βιωτικῶν</strong></span> <span class='ocrx_word' id='word_1_759' title='bbox 3502 2755 3630 2826; x_wconf 79' lang='grc' dir='ltr'><strong>ὕψη-</strong></span> 
     </span>
    </p>
   </div>
   <div class='ocr_carea' id='block_1_90' title="bbox 2059 2844 3635 2923">
    <p class='ocr_par' dir='ltr' id='par_1_90' title="bbox 2059 2844 3635 2923">
     <span class='ocr_line' id='line_1_90' title="bbox 2059 2844 3635 2923; baseline -0.006 -15"><span class='ocrx_word' id='word_1_760' title='bbox 2059 2853 2278 2923; x_wconf 83' lang='grc' dir='ltr'><strong>λότερον</strong></span> <span class='ocrx_word' id='word_1_761' title='bbox 2320 2851 2466 2904; x_wconf 90' lang='grc' dir='ltr'><strong>ποιεῖ</strong></span> <span class='ocrx_word' id='word_1_762' title='bbox 2485 2865 2499 2879; x_wconf 86' lang='grc'><strong>·</strong></span> <span class='ocrx_word' id='word_1_763' title='bbox 2530 2847 2670 2919; x_wconf 85' lang='grc' dir='ltr'><strong>αὕτη</strong></span> <span class='ocrx_word' id='word_1_764' title='bbox 2710 2845 2908 2910; x_wconf 85' lang='grc' dir='ltr'><strong>κακίας</strong></span> <span class='ocrx_word' id='word_1_765' title='bbox 2956 2844 3317 2900; x_wconf 79' lang='grc' dir='ltr'><strong>ἀπαλλάττειο</strong></span> <span class='ocrx_word' id='word_1_766' title='bbox 3366 2845 3462 2899; x_wconf 77' lang='grc' dir='ltr'><strong>καὶ</strong></span> <span class='ocrx_word' id='word_1_767' title='bbox 3490 2844 3635 2916; x_wconf 88' lang='grc' dir='ltr'><strong>μάλα</strong></span> 
     </span>
    </p>
   </div>
   <div class='ocr_carea' id='block_1_91' title="bbox 2059 2933 3636 3012">
    <p class='ocr_par' dir='ltr' id='par_1_91' title="bbox 2059 2933 3636 3012">
     <span class='ocr_line' id='line_1_91' title="bbox 2059 2933 3636 3012; baseline -0.006 -14"><span class='ocrx_word' id='word_1_768' title='bbox 2059 2943 2304 3005; x_wconf 88' lang='grc' dir='ltr'><strong>είκότως.</strong></span> <span class='ocrx_word' id='word_1_769' title='bbox 2326 2940 2389 2995; x_wconf 86' lang='grc' dir='ltr'><strong>Εί</strong></span> <span class='ocrx_word' id='word_1_770' title='bbox 2416 2939 2525 3012; x_wconf 82' lang='lat'><strong>7&amp;9</strong></span> <span class='ocrx_word' id='word_1_771' title='bbox 2552 2939 2603 2994; x_wconf 90' lang='grc' dir='ltr'><strong>οί</strong></span> <span class='ocrx_word' id='word_1_772' title='bbox 2633 2936 2860 3009; x_wconf 86' lang='grc' dir='ltr'><strong>σώματα</strong></span> <span class='ocrx_word' id='word_1_773' title='bbox 2887 2933 3116 3007; x_wconf 88' lang='grc' dir='ltr'><strong>λαμπρά</strong></span> <span class='ocrx_word' id='word_1_774' title='bbox 3143 2933 3421 3004; x_wconf 87' lang='grc' dir='ltr'><strong>φιλοῦντες</strong></span> <span class='ocrx_word' id='word_1_775' title='bbox 3442 2975 3458 3001; x_wconf 94' lang='grc'><strong>,</strong></span> <span class='ocrx_word' id='word_1_776' title='bbox 3484 2934 3636 2990; x_wconf 69' lang='grc' dir='ltr'><strong>οὐδὲν</strong></span> 
     </span>
    </p>
   </div>
   <div class='ocr_carea' id='block_1_92' title="bbox 2059 3025 3633 3098">
    <p class='ocr_par' dir='ltr' id='par_1_92' title="bbox 2059 3025 3633 3098">
     <span class='ocr_line' id='line_1_92' title="bbox 2059 3025 3633 3098; baseline -0.003 -13"><span class='ocrx_word' id='word_1_777' title='bbox 2059 3029 2477 3085; x_wconf 85' lang='grc' dir='ltr'><strong>ἐπαισθάνονται</strong></span> <span class='ocrx_word' id='word_1_778' title='bbox 2516 3028 2626 3082; x_wconf 88' lang='grc' dir='ltr'><strong>τῶν</strong></span> <span class='ocrx_word' id='word_1_779' title='bbox 2675 3027 2734 3082; x_wconf 85' lang='grc' dir='ltr'><strong>ἐν</strong></span> <span class='ocrx_word' id='word_1_780' title='bbox 2760 3025 2838 3098; x_wconf 84' lang='grc' dir='ltr'><strong>τῷ</strong></span> <span class='ocrx_word' id='word_1_781' title='bbox 2869 3025 2992 3098; x_wconf 76' lang='grc' dir='ltr'><strong>βίῴ,</strong></span> <span class='ocrx_word' id='word_1_782' title='bbox 3020 3025 3134 3080; x_wconf 88' lang='grc' dir='ltr'><strong>ἀλλ’</strong></span> <span class='ocrx_word' id='word_1_783' title='bbox 3169 3025 3289 3090; x_wconf 79' lang='grc' dir='ltr'><strong>ἐνὸς</strong></span> <span class='ocrx_word' id='word_1_784' title='bbox 3314 3025 3474 3095; x_wconf 82' lang='grc' dir='ltr'><strong>μόνου</strong></span> <span class='ocrx_word' id='word_1_785' title='bbox 3504 3027 3633 3091; x_wconf 78' lang='grc' dir='ltr'><strong>είσὶ,</strong></span> 
     </span>
    </p>
   </div>
   <div class='ocr_carea' id='block_1_93' title="bbox 2055 3117 3637 3195">
    <p class='ocr_par' dir='ltr' id='par_1_93' title="bbox 2055 3117 3637 3195">
     <span class='ocr_line' id='line_1_93' title="bbox 2055 3117 3637 3195; baseline -0.003 -17"><span class='ocrx_word' id='word_1_786' title='bbox 2055 3124 2158 3195; x_wconf 84' lang='grc' dir='ltr'><strong>τῆς</strong></span> <span class='ocrx_word' id='word_1_787' title='bbox 2204 3122 2489 3195; x_wconf 79' lang='grc' dir='ltr'><strong>ἐρωμένης</strong></span> <span class='ocrx_word' id='word_1_788' title='bbox 2515 3119 2718 3190; x_wconf 74' lang='grc' dir='ltr'><strong>ὅψεωςο</strong></span> <span class='ocrx_word' id='word_1_789' title='bbox 2751 3119 2780 3172; x_wconf 85' lang='grc' dir='ltr'><strong>ὁ</strong></span> <span class='ocrx_word' id='word_1_790' title='bbox 2812 3118 2943 3172; x_wconf 83' lang='grc' dir='ltr'><strong>Θεὸν</strong></span> <span class='ocrx_word' id='word_1_791' title='bbox 2980 3117 3149 3188; x_wconf 89' lang='grc' dir='ltr'><strong>φιλῶν</strong></span> <span class='ocrx_word' id='word_1_792' title='bbox 3174 3156 3190 3182; x_wconf 95' lang='grc'><strong>,</strong></span> <span class='ocrx_word' id='word_1_793' title='bbox 3235 3117 3418 3183; x_wconf 87' lang='grc' dir='ltr'><strong>καθὼς</strong></span> <span class='ocrx_word' id='word_1_794' title='bbox 3460 3118 3637 3189; x_wconf 88' lang='grc' dir='ltr'><strong>φιλεῖν</strong></span> 
     </span>
    </p>
   </div>
   <div class='ocr_carea' id='block_1_94' title="bbox 2056 3207 3636 3284">
    <p class='ocr_par' dir='ltr' id='par_1_94' title="bbox 2056 3207 3636 3284">
     <span class='ocr_line' id='line_1_94' title="bbox 2056 3207 3636 3284; baseline -0.003 -15"><span class='ocrx_word' id='word_1_795' title='bbox 2056 3214 2167 3277; x_wconf 85' lang='grc' dir='ltr'><strong>δεῖ,</strong></span> <span class='ocrx_word' id='word_1_796' title='bbox 2200 3212 2347 3277; x_wconf 75' lang='grc' dir='ltr'><strong>τίνος</strong></span> <span class='ocrx_word' id='word_1_797' title='bbox 2389 3209 2707 3284; x_wconf 86' lang='grc' dir='ltr'><strong>αίσθήσεται</strong></span> <span class='ocrx_word' id='word_1_798' title='bbox 2742 3209 2927 3265; x_wconf 68' lang='grc' dir='ltr'><strong>λοιπὸν</strong></span> <span class='ocrx_word' id='word_1_799' title='bbox 2963 3208 2997 3281; x_wconf 77' lang='grc' dir='ltr'><strong>ἢ</strong></span> <span class='ocrx_word' id='word_1_800' title='bbox 3034 3207 3281 3281; x_wconf 84' lang='grc' dir='ltr'><strong>χρηστοῦ</strong></span> <span class='ocrx_word' id='word_1_801' title='bbox 3319 3209 3427 3263; x_wconf 87' lang='grc' dir='ltr'><strong>τῶν</strong></span> <span class='ocrx_word' id='word_1_802' title='bbox 3469 3211 3529 3264; x_wconf 80' lang='grc' dir='ltr'><strong>ἐν</strong></span> <span class='ocrx_word' id='word_1_803' title='bbox 3556 3209 3636 3281; x_wconf 79' lang='grc' dir='ltr'><strong>τῷ</strong></span> 
     </span>
    </p>
   </div>
   <div class='ocr_carea' id='block_1_95' title="bbox 2059 3299 3637 3377">
    <p class='ocr_par' dir='ltr' id='par_1_95' title="bbox 2059 3299 3637 3377">
     <span class='ocr_line' id='line_1_95' title="bbox 2059 3299 3637 3377; baseline -0.004 -18"><span class='ocrx_word' id='word_1_804' title='bbox 2059 3306 2159 3377; x_wconf 83' lang='grc' dir='ltr'><strong>βίῳ</strong></span> <span class='ocrx_word' id='word_1_805' title='bbox 2185 3305 2390 3376; x_wconf 85' lang='grc' dir='ltr'><strong>τούτῳ,</strong></span> <span class='ocrx_word' id='word_1_806' title='bbox 2421 3303 2456 3375; x_wconf 76' lang='grc' dir='ltr'>ἢ</span> <span class='ocrx_word' id='word_1_807' title='bbox 2479 3302 2763 3376; x_wconf 81' lang='grc' dir='ltr'><strong>λυπηροῦ;</strong></span> <span class='ocrx_word' id='word_1_808' title='bbox 2795 3300 3055 3365; x_wconf 80' lang='grc' dir='ltr'><strong>οὐδενός·</strong></span> <span class='ocrx_word' id='word_1_809' title='bbox 3090 3299 3204 3354; x_wconf 80' lang='grc' dir='ltr'><strong>ἀλλ’</strong></span> <span class='ocrx_word' id='word_1_810' title='bbox 3240 3299 3392 3354; x_wconf 66' lang='grc' dir='ltr'><strong>ἔσται</strong></span> <span class='ocrx_word' id='word_1_811' title='bbox 3417 3301 3637 3355; x_wconf 80' lang='grc' dir='ltr'><strong>πάντων</strong></span> 
     </span>
    </p>
   </div>
   <div class='ocr_carea' id='block_1_96' title="bbox 2055 3388 3635 3468">
    <p class='ocr_par' dir='ltr' id='par_1_96' title="bbox 2055 3388 3635 3468">
     <span class='ocr_line' id='line_1_96' title="bbox 2055 3388 3635 3468; baseline -0.005 -17"><span class='ocrx_word' id='word_1_812' title='bbox 2055 3396 2355 3468; x_wconf 85' lang='grc' dir='ltr'><strong>ἀνώτερος,</strong></span> <span class='ocrx_word' id='word_1_813' title='bbox 2385 3394 2629 3449; x_wconf 89' lang='grc' dir='ltr'><strong>ἀθάνατα</strong></span> <span class='ocrx_word' id='word_1_814' title='bbox 2655 3392 2908 3466; x_wconf 86' lang='grc' dir='ltr'><strong>τρυφῶν,</strong></span> <span class='ocrx_word' id='word_1_815' title='bbox 2940 3392 3066 3446; x_wconf 84' lang='grc' dir='ltr'><strong>ἐπεὶ</strong></span> <span class='ocrx_word' id='word_1_816' title='bbox 3101 3392 3196 3445; x_wconf 78' lang='grc' dir='ltr'><strong>καὶ</strong></span> <span class='ocrx_word' id='word_1_817' title='bbox 3239 3391 3269 3445; x_wconf 82' lang='grc' dir='ltr'><strong>δ</strong></span> <span class='ocrx_word' id='word_1_818' title='bbox 3313 3388 3635 3461; x_wconf 79' lang='grc' dir='ltr'><strong>φιλούμενος</strong></span> 
     </span>
    </p>
   </div>
   <div class='ocr_carea' id='block_1_97' title="bbox 2053 3480 3633 3558">
    <p class='ocr_par' dir='ltr' id='par_1_97' title="bbox 2053 3480 3633 3558">
     <span class='ocr_line' id='line_1_97' title="bbox 2053 3480 3633 3558; baseline -0.006 -14"><span class='ocrx_word' id='word_1_819' title='bbox 2053 3486 2310 3552; x_wconf 88' lang='grc' dir='ltr'><strong>τοιοῦτος.</strong></span> <span class='ocrx_word' id='word_1_820' title='bbox 2343 3488 2408 3542; x_wconf 77' lang='lat' dir='ltr'><strong><em>Ol</em></strong></span> <span class='ocrx_word' id='word_1_821' title='bbox 2429 3487 2531 3558; x_wconf 79' lang='grc' dir='ltr'><strong>μὲν</strong></span> <span class='ocrx_word' id='word_1_822' title='bbox 2562 3484 2671 3558; x_wconf 86' lang='lat'><strong>7&amp;9</strong></span> <span class='ocrx_word' id='word_1_823' title='bbox 2693 3483 2765 3538; x_wconf 86' lang='grc' dir='ltr'><strong>τά</strong></span> <span class='ocrx_word' id='word_1_824' title='bbox 2795 3483 2931 3540; x_wconf 82' lang='grc' dir='ltr'><strong>ἀλλα</strong></span> <span class='ocrx_word' id='word_1_825' title='bbox 2953 3480 3235 3553; x_wconf 88' lang='grc' dir='ltr'><strong>φιλοῦντες</strong></span> <span class='ocrx_word' id='word_1_826' title='bbox 3253 3520 3268 3545; x_wconf 90' lang='grc'><strong>,</strong></span> <span class='ocrx_word' id='word_1_827' title='bbox 3297 3481 3510 3553; x_wconf 75' lang='grc' dir='ltr'><strong>ταχέως</strong></span> <span class='ocrx_word' id='word_1_828' title='bbox 3537 3480 3633 3535; x_wconf 84' lang='grc' dir='ltr'><strong>καὶ</strong></span> 
     </span>
    </p>
   </div>
   <div class='ocr_carea' id='block_1_98' title="bbox 2053 3573 3634 3652">
    <p class='ocr_par' dir='ltr' id='par_1_98' title="bbox 2053 3573 3634 3652">
     <span class='ocr_line' id='line_1_98' title="bbox 2053 3573 3634 3652; baseline -0.008 -15"><span class='ocrx_word' id='word_1_829' title='bbox 2053 3578 2278 3646; x_wconf 77' lang='grc' dir='ltr'><strong>ἄκοντες</strong></span> <span class='ocrx_word' id='word_1_830' title='bbox 2301 3582 2383 3646; x_wconf 87' lang='grc' dir='ltr'><strong>εἰς</strong></span> <span class='ocrx_word' id='word_1_831' title='bbox 2407 3578 2581 3652; x_wconf 83' lang='grc' dir='ltr'><strong>λήθην</strong></span> <span class='ocrx_word' id='word_1_832' title='bbox 2616 3577 3040 3650; x_wconf 75' lang='grc' dir='ltr'><strong>μεταϐάλλονται</strong></span> <span class='ocrx_word' id='word_1_833' title='bbox 3056 3615 3072 3641; x_wconf 90' lang='grc'><strong>,</strong></span> <span class='ocrx_word' id='word_1_834' title='bbox 3110 3574 3497 3644; x_wconf 79' lang='grc' dir='ltr'><strong>ἀπολλυμένων</strong></span> <span class='ocrx_word' id='word_1_835' title='bbox 3523 3573 3634 3628; x_wconf 90' lang='grc' dir='ltr'><strong>τῶν</strong></span> 
     </span>
    </p>
   </div>
   <div class='ocr_carea' id='block_1_99' title="bbox 2055 3659 3634 3743">
    <p class='ocr_par' dir='ltr' id='par_1_99' title="bbox 2055 3659 3634 3743">
     <span class='ocr_line' id='line_1_99' title="bbox 2055 3659 3634 3743; baseline -0.006 -18"><span class='ocrx_word' id='word_1_836' title='bbox 2055 3670 2392 3743; x_wconf 82' lang='grc' dir='ltr'><strong>φιλουμένων</strong></span> <span class='ocrx_word' id='word_1_837' title='bbox 2412 3669 2507 3724; x_wconf 80' lang='grc' dir='ltr'><strong>καὶ</strong></span> <span class='ocrx_word' id='word_1_838' title='bbox 2541 3667 2952 3741; x_wconf 84' lang='grc' dir='ltr'><strong>μαραινομένων</strong></span> <span class='ocrx_word' id='word_1_839' title='bbox 2970 3682 2984 3698; x_wconf 91' lang='grc'><strong>·</strong></span> <span class='ocrx_word' id='word_1_840' title='bbox 3009 3659 3161 3730; x_wconf 78' lang='grc' dir='ltr'><strong>οὕτος</strong></span> <span class='ocrx_word' id='word_1_841' title='bbox 3182 3663 3240 3718; x_wconf 82' lang='grc' dir='ltr'><strong>δέ</strong></span> <span class='ocrx_word' id='word_1_842' title='bbox 3260 3665 3289 3717; x_wconf 86' lang='grc' dir='ltr'><strong>ὁ</strong></span> <span class='ocrx_word' id='word_1_843' title='bbox 3316 3662 3456 3735; x_wconf 70' lang='grc' dir='ltr'><strong>ἔρως</strong></span> <span class='ocrx_word' id='word_1_844' title='bbox 3477 3663 3634 3719; x_wconf 78' lang='grc' dir='ltr'><strong>ἀπει-</strong></span> 
     </span>
    </p>
   </div>
   <div class='ocr_carea' id='block_1_100' title="bbox 2055 3753 3633 3838">
    <p class='ocr_par' dir='ltr' id='par_1_100' title="bbox 2055 3753 3633 3838">
     <span class='ocr_line' id='line_1_100' title="bbox 2055 3753 3633 3838; baseline -0.006 -21"><span class='ocrx_word' id='word_1_845' title='bbox 2055 3780 2148 3838; x_wconf 89' lang='grc' dir='ltr'><strong>ρος</strong></span> <span class='ocrx_word' id='word_1_846' title='bbox 2167 3804 2181 3826; x_wconf 94' lang='grc'><strong>,</strong></span> <span class='ocrx_word' id='word_1_847' title='bbox 2206 3761 2558 3833; x_wconf 87' lang='grc' dir='ltr'><strong>ἀτελεύτητος</strong></span> <span class='ocrx_word' id='word_1_848' title='bbox 2574 3800 2590 3827; x_wconf 93' lang='grc'><strong>,</strong></span> <span class='ocrx_word' id='word_1_849' title='bbox 2619 3760 2714 3815; x_wconf 74' lang='lat' dir='ltr'><strong><em>xal</em></strong></span> <span class='ocrx_word' id='word_1_850' title='bbox 2735 3760 2834 3830; x_wconf 78' lang='grc' dir='ltr'><strong>τὴν</strong></span> <span class='ocrx_word' id='word_1_851' title='bbox 2867 3756 3061 3837; x_wconf 79' lang='grc' dir='ltr'><strong>ήδονὴν</strong></span> <span class='ocrx_word' id='word_1_852' title='bbox 3097 3756 3318 3829; x_wconf 79' lang='grc' dir='ltr'><strong>μείζονα</strong></span> <span class='ocrx_word' id='word_1_853' title='bbox 3349 3754 3508 3826; x_wconf 70' lang='grc' dir='ltr'><strong>ἔχων,</strong></span> <span class='ocrx_word' id='word_1_854' title='bbox 3538 3753 3633 3808; x_wconf 79' lang='grc' dir='ltr'><strong>καὶ</strong></span> 
     </span>
    </p>
   </div>
   <div class='ocr_carea' id='block_1_101' title="bbox 2052 3843 3634 3926">
    <p class='ocr_par' dir='ltr' id='par_1_101' title="bbox 2052 3843 3634 3926">
     <span class='ocr_line' id='line_1_101' title="bbox 2052 3843 3634 3926; baseline -0.007 -17"><span class='ocrx_word' id='word_1_855' title='bbox 2052 3854 2115 3909; x_wconf 88' lang='grc' dir='ltr'><strong>τδ</strong></span> <span class='ocrx_word' id='word_1_856' title='bbox 2144 3853 2332 3926; x_wconf 80' lang='grc' dir='ltr'><strong>κέρδος</strong></span> <span class='ocrx_word' id='word_1_857' title='bbox 2381 3851 2575 3906; x_wconf 75' lang='grc' dir='ltr'><strong>πλέον’</strong></span> <span class='ocrx_word' id='word_1_858' title='bbox 2609 3849 2704 3903; x_wconf 65' lang='grc' dir='ltr'><strong>καλ⁸</strong></span> <span class='ocrx_word' id='word_1_859' title='bbox 2757 3848 2933 3919; x_wconf 85' lang='grc' dir='ltr'><strong>τούτῳ</strong></span> <span class='ocrx_word' id='word_1_860' title='bbox 2961 3847 3123 3902; x_wconf 89' lang='grc' dir='ltr'><strong>πάλιν</strong></span> <span class='ocrx_word' id='word_1_861' title='bbox 3169 3844 3512 3917; x_wconf 77' lang='grc' dir='ltr'><strong>ψυχαγωγῶν</strong></span> <span class='ocrx_word' id='word_1_862' title='bbox 3539 3843 3634 3898; x_wconf 87' lang='grc' dir='ltr'><strong>τδν</strong></span> 
     </span>
    </p>
   </div>
   <div class='ocr_carea' id='block_1_102' title="bbox 2055 3934 3630 4016">
    <p class='ocr_par' dir='ltr' id='par_1_102' title="bbox 2055 3934 3630 4016">
     <span class='ocr_line' id='line_1_102' title="bbox 2055 3934 3630 4016; baseline -0.006 -17"><span class='ocrx_word' id='word_1_863' title='bbox 2055 3943 2337 4016; x_wconf 90' lang='grc' dir='ltr'><strong>φιλοῦντα,</strong></span> <span class='ocrx_word' id='word_1_864' title='bbox 2367 3940 2446 4012; x_wconf 85' lang='grc' dir='ltr'><strong>τῷ</strong></span> <span class='ocrx_word' id='word_1_865' title='bbox 2482 3939 2749 4011; x_wconf 84' lang='grc' dir='ltr'><strong>μηδέποτε</strong></span> <span class='ocrx_word' id='word_1_866' title='bbox 2770 3936 3153 3992; x_wconf 88' lang='grc' dir='ltr'><strong>καταλύεσθαι.</strong></span> <span class='ocrx_word' id='word_1_867' title='bbox 3177 3935 3360 3991; x_wconf 58' lang='lat' dir='ltr'><strong><em>Vala”)</em></strong></span> <span class='ocrx_word' id='word_1_868' title='bbox 3387 3934 3468 4001; x_wconf 83' lang='grc' dir='ltr'><strong>τῷ</strong></span> <span class='ocrx_word' id='word_1_869' title='bbox 3495 3934 3630 3989; x_wconf 73' lang='lat' dir='ltr'><strong>(3rd-</strong></span> 
     </span>
    </p>
   </div>
   <div class='ocr_carea' id='block_1_103' title="bbox 2050 4024 3631 4107">
    <p class='ocr_par' dir='ltr' id='par_1_103' title="bbox 2050 4024 3631 4107">
     <span class='ocr_line' id='line_1_103' title="bbox 2050 4024 3631 4107; baseline -0.007 -18"><span class='ocrx_word' id='word_1_870' title='bbox 2050 4034 2195 4107; x_wconf 79' lang='grc' dir='ltr'><strong>μοιτί</strong></span> <span class='ocrx_word' id='word_1_871' title='bbox 2223 4050 2339 4088; x_wconf 88' lang='grc' dir='ltr'><strong>σου</strong></span> <span class='ocrx_word' id='word_1_872' title='bbox 2362 4070 2380 4096; x_wconf 95' lang='grc'><strong>,</strong></span> <span class='ocrx_word' id='word_1_873' title='bbox 2411 4032 2677 4098; x_wconf 70' lang='grc' dir='ltr'><strong>Ὕψιστε.</strong></span> <span class='ocrx_word' id='word_1_874' title='bbox 2717 4027 2887 4080; x_wconf 87' lang='grc' dir='ltr'><strong>Τοῦτο</strong></span> <span class='ocrx_word' id='word_1_875' title='bbox 2918 4026 3150 4098; x_wconf 87' lang='grc' dir='ltr'><strong>μάλιστα</strong></span> <span class='ocrx_word' id='word_1_876' title='bbox 3184 4025 3462 4094; x_wconf 84' lang='grc' dir='ltr'><strong>φιλοῦντος</strong></span> <span class='ocrx_word' id='word_1_877' title='bbox 3490 4024 3631 4090; x_wconf 69' lang='grc' dir='ltr'><strong>ἔθος.</strong></span> 
     </span>
    </p>
   </div>
   <div class='ocr_carea' id='block_1_104' title="bbox 2058 4115 3632 4192">
    <p class='ocr_par' dir='ltr' id='par_1_104' title="bbox 2058 4115 3632 4192">
     <span class='ocr_line' id='line_1_104' title="bbox 2058 4115 3632 4192; baseline -0.008 -13"><span class='ocrx_word' id='word_1_878' title='bbox 2058 4125 2171 4179; x_wconf 82' lang='lat' dir='ltr'><strong><em>Kal</em></strong></span> <span class='ocrx_word' id='word_1_879' title='bbox 2214 4122 2325 4192; x_wconf 78' lang='lat'><strong>7&amp;9</strong></span> <span class='ocrx_word' id='word_1_880' title='bbox 2360 4122 2410 4174; x_wconf 87' lang='grc' dir='ltr'><strong>οἱ</strong></span> <span class='ocrx_word' id='word_1_881' title='bbox 2458 4117 2692 4190; x_wconf 82' lang='grc' dir='ltr'><strong>ἐρῶντες</strong></span> <span class='ocrx_word' id='word_1_882' title='bbox 2722 4117 2803 4181; x_wconf 87' lang='grc' dir='ltr'><strong>είς</strong></span> <span class='ocrx_word' id='word_1_883' title='bbox 2837 4116 2964 4180; x_wconf 79' lang='grc' dir='ltr'><strong>τοὺς</strong></span> <span class='ocrx_word' id='word_1_884' title='bbox 3010 4116 3362 4186; x_wconf 77' lang='grc' dir='ltr'><strong>φιλουμένους</strong></span> <span class='ocrx_word' id='word_1_885' title='bbox 3410 4115 3632 4187; x_wconf 76' lang='grc' dir='ltr'><strong>ᾅσματα</strong></span> 
     </span>
    </p>
   </div>
   <div class='ocr_carea' id='block_1_105' title="bbox 2058 4204 3634 4289">
    <p class='ocr_par' dir='ltr' id='par_1_105' title="bbox 2058 4204 3634 4289">
     <span class='ocr_line' id='line_1_105' title="bbox 2058 4204 3634 4289; baseline -0.008 -21"><span class='ocrx_word' id='word_1_886' title='bbox 2058 4216 2244 4289; x_wconf 69' lang='grc' dir='ltr'><strong>ᾅδουσι</strong></span> <span class='ocrx_word' id='word_1_887' title='bbox 2268 4228 2282 4243; x_wconf 86' lang='grc'><strong>·</strong></span> <span class='ocrx_word' id='word_1_888' title='bbox 2319 4211 2422 4265; x_wconf 79' lang='grc' dir='ltr'><strong>κᾶν</strong></span> <span class='ocrx_word' id='word_1_889' title='bbox 2451 4209 2525 4281; x_wconf 79' lang='grc' dir='ltr'><strong>μὴ</strong></span> <span class='ocrx_word' id='word_1_890' title='bbox 2557 4207 2755 4280; x_wconf 80' lang='grc' dir='ltr'><strong>δρῶσιν</strong></span> <span class='ocrx_word' id='word_1_891' title='bbox 2778 4206 3047 4270; x_wconf 83' lang='grc' dir='ltr'><strong>ἐκείνους,</strong></span> <span class='ocrx_word' id='word_1_892' title='bbox 3073 4205 3162 4259; x_wconf 86' lang='grc' dir='ltr'><strong>διά</strong></span> <span class='ocrx_word' id='word_1_893' title='bbox 3201 4204 3302 4275; x_wconf 81' lang='grc' dir='ltr'><strong>τῆς</strong></span> <span class='ocrx_word' id='word_1_894' title='bbox 3336 4204 3478 4276; x_wconf 79' lang='grc' dir='ltr'><strong>ᾠδῆς</strong></span> <span class='ocrx_word' id='word_1_895' title='bbox 3507 4206 3634 4261; x_wconf 59' lang='lat' dir='ltr'><strong>tau.</strong></span> 
     </span>
    </p>
   </div>
   <div class='ocr_carea' id='block_1_106' title="bbox 2057 4297 3628 4376">
    <p class='ocr_par' dir='ltr' id='par_1_106' title="bbox 2057 4297 3628 4376">
     <span class='ocr_line' id='line_1_106' title="bbox 2057 4297 3628 4376; baseline -0.008 -14"><span class='ocrx_word' id='word_1_896' title='bbox 2057 4308 2187 4370; x_wconf 80' lang='grc' dir='ltr'><strong>τοὺς</strong></span> <span class='ocrx_word' id='word_1_897' title='bbox 2213 4300 2681 4376; x_wconf 87' lang='grc' dir='ltr'><strong>παραμυθοῦνται.</strong></span> <span class='ocrx_word' id='word_1_898' title='bbox 2710 4298 2868 4354; x_wconf 87' lang='grc' dir='ltr'><strong>Οὕτω</strong></span> <span class='ocrx_word' id='word_1_899' title='bbox 2893 4298 2958 4372; x_wconf 78' lang='grc' dir='ltr'><strong>δὴ</strong></span> <span class='ocrx_word' id='word_1_900' title='bbox 2982 4298 3075 4353; x_wconf 78' lang='grc' dir='ltr'><strong>καὶ</strong></span> <span class='ocrx_word' id='word_1_901' title='bbox 3099 4300 3128 4352; x_wconf 85' lang='grc' dir='ltr'>ὀ</span> <span class='ocrx_word' id='word_1_902' title='bbox 3149 4297 3437 4370; x_wconf 85' lang='grc' dir='ltr'><strong>Προφήτης</strong></span> <span class='ocrx_word' id='word_1_903' title='bbox 3468 4298 3628 4350; x_wconf 81' lang='grc' dir='ltr'><strong>ποιεῖ’</strong></span> 
     </span>
    </p>
   </div>
   <div class='ocr_carea' id='block_1_107' title="bbox 2059 4390 3633 4464">
    <p class='ocr_par' dir='ltr' id='par_1_107' title="bbox 2059 4390 3633 4464">
     <span class='ocr_line' id='line_1_107' title="bbox 2059 4390 3633 4464; baseline -0.006 -12"><span class='ocrx_word' id='word_1_904' title='bbox 2059 4398 2182 4453; x_wconf 74' lang='grc' dir='ltr'><strong>ἐπεὶ</strong></span> <span class='ocrx_word' id='word_1_905' title='bbox 2210 4396 2303 4451; x_wconf 73' lang='grc' dir='ltr'><strong>τὸν</strong></span> <span class='ocrx_word' id='word_1_906' title='bbox 2335 4395 2467 4450; x_wconf 80' lang='grc' dir='ltr'><strong>Θεὸν</strong></span> <span class='ocrx_word' id='word_1_907' title='bbox 2504 4394 2633 4449; x_wconf 83' lang='grc' dir='ltr'><strong>ίδεῖν</strong></span> <span class='ocrx_word' id='word_1_908' title='bbox 2682 4393 2744 4447; x_wconf 88' lang='grc' dir='ltr'><strong>ού</strong></span> <span class='ocrx_word' id='word_1_909' title='bbox 2794 4392 3021 4446; x_wconf 75' lang='grc' dir='ltr'><strong>δυνατὸν</strong></span> <span class='ocrx_word' id='word_1_910' title='bbox 3047 4432 3063 4458; x_wconf 95' lang='grc'><strong>,</strong></span> <span class='ocrx_word' id='word_1_911' title='bbox 3102 4390 3328 4464; x_wconf 74' lang='grc' dir='ltr'><strong>ᾅσματα</strong></span> <span class='ocrx_word' id='word_1_912' title='bbox 3359 4391 3505 4443; x_wconf 89' lang='grc' dir='ltr'><strong>ποιεῖ</strong></span> <span class='ocrx_word' id='word_1_913' title='bbox 3550 4390 3633 4453; x_wconf 86' lang='grc' dir='ltr'><strong>είς</strong></span> 
     </span>
    </p>
   </div>
   <div class='ocr_carea' id='block_1_108' title="bbox 2058 4479 3633 4559">
    <p class='ocr_par' dir='ltr' id='par_1_108' title="bbox 2058 4479 3633 4559">
     <span class='ocr_line' id='line_1_108' title="bbox 2058 4479 3633 4559; baseline -0.007 -14"><span class='ocrx_word' id='word_1_914' title='bbox 2058 4489 2248 4551; x_wconf 79' lang='grc' dir='ltr'><strong>αὑτὸν,</strong></span> <span class='ocrx_word' id='word_1_915' title='bbox 2290 4487 2380 4543; x_wconf 82' lang='grc' dir='ltr'><strong>διά</strong></span> <span class='ocrx_word' id='word_1_916' title='bbox 2413 4486 2522 4542; x_wconf 90' lang='grc' dir='ltr'><strong>τῶν</strong></span> <span class='ocrx_word' id='word_1_917' title='bbox 2570 4485 2723 4559; x_wconf 78' lang='grc' dir='ltr'><strong>ᾠδῶν</strong></span> <span class='ocrx_word' id='word_1_918' title='bbox 2768 4483 2918 4555; x_wconf 86' lang='grc' dir='ltr'><strong>αύτῷ</strong></span> <span class='ocrx_word' id='word_1_919' title='bbox 2963 4482 3378 4555; x_wconf 86' lang='grc' dir='ltr'><strong>συγγινόμενος,</strong></span> <span class='ocrx_word' id='word_1_920' title='bbox 3406 4479 3501 4535; x_wconf 79' lang='grc' dir='ltr'><strong>καὶ</strong></span> <span class='ocrx_word' id='word_1_921' title='bbox 3538 4479 3633 4534; x_wconf 82' lang='grc' dir='ltr'><strong>τδν</strong></span> 
     </span>
    </p>
   </div>
   <div class='ocr_carea' id='block_1_109' title="bbox 2057 4569 3634 4645">
    <p class='ocr_par' dir='ltr' id='par_1_109' title="bbox 2057 4569 3634 4645">
     <span class='ocr_line' id='line_1_109' title="bbox 2057 4569 3634 4645; baseline -0.008 -8"><span class='ocrx_word' id='word_1_922' title='bbox 2057 4581 2218 4637; x_wconf 80' lang='grc' dir='ltr'><strong>πόθον</strong></span> <span class='ocrx_word' id='word_1_923' title='bbox 2237 4579 2512 4644; x_wconf 87' lang='grc' dir='ltr'><strong>ἀνάπτων,</strong></span> <span class='ocrx_word' id='word_1_924' title='bbox 2538 4577 2631 4632; x_wconf 76' lang='grc' dir='ltr'><strong>καὶ</strong></span> <span class='ocrx_word' id='word_1_925' title='bbox 2659 4575 2820 4632; x_wconf 78' lang='grc' dir='ltr'><strong>αὐτὸν</strong></span> <span class='ocrx_word' id='word_1_926' title='bbox 2856 4575 3027 4629; x_wconf 88' lang='grc' dir='ltr'><strong>δοκῶν</strong></span> <span class='ocrx_word' id='word_1_927' title='bbox 3050 4574 3182 4645; x_wconf 78' lang='grc' dir='ltr'><strong>όρᾷν</strong></span> <span class='ocrx_word' id='word_1_928' title='bbox 3204 4588 3220 4604; x_wconf 80' lang='grc' dir='ltr'><strong><em>ο</em></strong></span> <span class='ocrx_word' id='word_1_929' title='bbox 3254 4569 3450 4644; x_wconf 74' lang='grc' dir='ltr'><strong>μᾶλλον</strong></span> <span class='ocrx_word' id='word_1_930' title='bbox 3470 4569 3527 4624; x_wconf 75' lang='grc' dir='ltr'><strong>δι</strong></span> <span class='ocrx_word' id='word_1_931' title='bbox 3545 4569 3634 4625; x_wconf 85' lang='grc' dir='ltr'><strong>διά</strong></span> 
     </span>
    </p>
   </div>
   <div class='ocr_carea' id='block_1_110' title="bbox 2054 4659 3629 4744">
    <p class='ocr_par' dir='ltr' id='par_1_110' title="bbox 2054 4659 3629 4744">
     <span class='ocr_line' id='line_1_110' title="bbox 2054 4659 3629 4744; baseline -0.006 -18"><span class='ocrx_word' id='word_1_932' title='bbox 2054 4671 2149 4726; x_wconf 88' lang='grc' dir='ltr'><strong>τοῦ</strong></span> <span class='ocrx_word' id='word_1_933' title='bbox 2192 4670 2337 4744; x_wconf 69' lang='grc' dir='ltr'><strong>ᾄδειν</strong></span> <span class='ocrx_word' id='word_1_934' title='bbox 2387 4670 2481 4725; x_wconf 72' lang='grc' dir='ltr'><strong>καὶ</strong></span> <span class='ocrx_word' id='word_1_935' title='bbox 2534 4669 2720 4739; x_wconf 84' lang='grc' dir='ltr'><strong>ὑμνεῖν</strong></span> <span class='ocrx_word' id='word_1_936' title='bbox 2773 4667 2850 4728; x_wconf 88' lang='grc' dir='ltr'><strong>είς</strong></span> <span class='ocrx_word' id='word_1_937' title='bbox 2895 4664 3059 4718; x_wconf 87' lang='grc' dir='ltr'><strong>πόθον</strong></span> <span class='ocrx_word' id='word_1_938' title='bbox 3108 4662 3338 4717; x_wconf 89' lang='grc' dir='ltr'><strong>ἀνάπτει</strong></span> <span class='ocrx_word' id='word_1_939' title='bbox 3381 4659 3629 4728; x_wconf 87' lang='grc' dir='ltr'><strong>πολλούς.</strong></span> 
     </span>
    </p>
   </div>
   <div class='ocr_carea' id='block_1_111' title="bbox 2059 4751 3632 4835">
    <p class='ocr_par' dir='ltr' id='par_1_111' title="bbox 2059 4751 3632 4835">
     <span class='ocr_line' id='line_1_111' title="bbox 2059 4751 3632 4835; baseline -0.008 -19"><span class='ocrx_word' id='word_1_940' title='bbox 2059 4763 2270 4835; x_wconf 85' lang='grc' dir='ltr'><strong>Ὠσπερ</strong></span> <span class='ocrx_word' id='word_1_941' title='bbox 2303 4761 2411 4833; x_wconf 90' lang='lat'><strong>7&amp;9</strong></span> <span class='ocrx_word' id='word_1_942' title='bbox 2456 4761 2506 4813; x_wconf 86' lang='grc' dir='ltr'><strong>οἱ</strong></span> <span class='ocrx_word' id='word_1_943' title='bbox 2546 4755 2825 4829; x_wconf 88' lang='grc' dir='ltr'><strong>φιλοῦντες</strong></span> <span class='ocrx_word' id='word_1_944' title='bbox 2870 4753 3118 4827; x_wconf 84' lang='grc' dir='ltr'><strong>ἐγκώμια</strong></span> <span class='ocrx_word' id='word_1_945' title='bbox 3146 4752 3254 4808; x_wconf 88' lang='grc' dir='ltr'><strong>τῶν</strong></span> <span class='ocrx_word' id='word_1_946' title='bbox 3295 4751 3632 4824; x_wconf 83' lang='grc' dir='ltr'><strong>φιλουμένων</strong></span> 
     </span>
    </p>
   </div>
   <div class='ocr_carea' id='block_1_112' title="bbox 2054 4840 3632 4921">
    <p class='ocr_par' dir='ltr' id='par_1_112' title="bbox 2054 4840 3632 4921">
     <span class='ocr_line' id='line_1_112' title="bbox 2054 4840 3632 4921; baseline -0.006 -15"><span class='ocrx_word' id='word_1_947' title='bbox 2054 4850 2303 4921; x_wconf 88' lang='grc' dir='ltr'><strong>λέγουσι,</strong></span> <span class='ocrx_word' id='word_1_948' title='bbox 2334 4850 2428 4904; x_wconf 69' lang='grc' dir='ltr'><strong>καὶ</strong></span> <span class='ocrx_word' id='word_1_949' title='bbox 2461 4848 2529 4902; x_wconf 89' lang='grc' dir='ltr'><strong>τά</strong></span> <span class='ocrx_word' id='word_1_950' title='bbox 2558 4848 2797 4917; x_wconf 76' lang='grc' dir='ltr'><strong>ὀνόματα</strong></span> <span class='ocrx_word' id='word_1_951' title='bbox 2827 4844 3006 4899; x_wconf 82' lang='grc' dir='ltr'><strong>αὐτῶν</strong></span> <span class='ocrx_word' id='word_1_952' title='bbox 3042 4842 3425 4916; x_wconf 82' lang='grc' dir='ltr'><strong>περιφέρουσιν</strong></span> <span class='ocrx_word' id='word_1_953' title='bbox 3444 4858 3459 4874; x_wconf 74' lang='grc' dir='ltr'><strong>ο</strong></span> <span class='ocrx_word' id='word_1_954' title='bbox 3489 4840 3632 4896; x_wconf 89' lang='grc' dir='ltr'><strong>οὕτω</strong></span> 
     </span>
    </p>
   </div>
   <div class='ocr_carea' id='block_1_113' title="bbox 2056 4929 3523 5011">
    <p class='ocr_par' dir='ltr' id='par_1_113' title="bbox 2056 4929 3523 5011">
     <span class='ocr_line' id='line_1_113' title="bbox 2056 4929 3523 5011; baseline -0.007 -16"><span class='ocrx_word' id='word_1_955' title='bbox 2056 4941 2123 5011; x_wconf 81' lang='grc' dir='ltr'><strong>δὴ</strong></span> <span class='ocrx_word' id='word_1_956' title='bbox 2149 4940 2243 4995; x_wconf 71' lang='grc' dir='ltr'><strong>καὶ</strong></span> <span class='ocrx_word' id='word_1_957' title='bbox 2270 4929 2424 5001; x_wconf 72' lang='grc' dir='ltr'><strong>οὗτος</strong></span> <span class='ocrx_word' id='word_1_958' title='bbox 2443 4935 2672 5004; x_wconf 59' lang='lat' dir='ltr'><strong>{Tadio</strong></span> <span class='ocrx_word' id='word_1_959' title='bbox 2703 4933 2784 5000; x_wconf 83' lang='grc' dir='ltr'><strong>τῷ</strong></span> <span class='ocrx_word' id='word_1_960' title='bbox 2819 4934 3066 5002; x_wconf 76' lang='grc' dir='ltr'><strong>ὀνόματί</strong></span> <span class='ocrx_word' id='word_1_961' title='bbox 3087 4949 3225 4996; x_wconf 87' lang='grc' dir='ltr'><strong>σου,</strong></span> <span class='ocrx_word' id='word_1_962' title='bbox 3257 4933 3523 4999; x_wconf 48' lang='lat' dir='ltr'><strong>&quot;libate.</strong></span> 
     </span>
    </p>
   </div>
   <div class='ocr_carea' id='block_1_114' title="bbox 2129 5056 3633 5143">
    <p class='ocr_par' dir='ltr' id='par_1_114' title="bbox 2129 5056 3633 5143">
     <span class='ocr_line' id='line_1_114' title="bbox 2129 5056 3633 5143; baseline -0.013 -15"><span class='ocrx_word' id='word_1_963' title='bbox 2129 5081 2200 5143; x_wconf 90' lang='grc' dir='ltr'><strong>γ’.</strong></span> <span class='ocrx_word' id='word_1_964' title='bbox 2214 5072 2355 5143; x_wconf 90' lang='grc' dir='ltr'><strong>Ὅρα</strong></span> <span class='ocrx_word' id='word_1_965' title='bbox 2367 5068 2485 5133; x_wconf 89' lang='grc' dir='ltr'><strong>πῶς</strong></span> <span class='ocrx_word' id='word_1_966' title='bbox 2500 5068 2689 5121; x_wconf 81' lang='grc' dir='ltr'><strong>ἐαυτὸν</strong></span> <span class='ocrx_word' id='word_1_967' title='bbox 2702 5065 2800 5135; x_wconf 76' lang='grc' dir='ltr'><strong>τῆς</strong></span> <span class='ocrx_word' id='word_1_968' title='bbox 2815 5065 2919 5135; x_wconf 80' lang='grc' dir='ltr'><strong>γῆς</strong></span> <span class='ocrx_word' id='word_1_969' title='bbox 2933 5064 3018 5135; x_wconf 82' lang='grc' dir='ltr'><strong>διή</strong></span> <span class='ocrx_word' id='word_1_970' title='bbox 3027 5080 3211 5135; x_wconf 85' lang='grc' dir='ltr'><strong>ρτησε,</strong></span> <span class='ocrx_word' id='word_1_971' title='bbox 3230 5061 3325 5115; x_wconf 72' lang='grc' dir='ltr'><strong>καὶ</strong></span> <span class='ocrx_word' id='word_1_972' title='bbox 3341 5060 3477 5131; x_wconf 82' lang='grc' dir='ltr'><strong>πρὸς</strong></span> <span class='ocrx_word' id='word_1_973' title='bbox 3490 5056 3633 5110; x_wconf 84' lang='grc' dir='ltr'><strong>ἐκεί-</strong></span> 
     </span>
    </p>
   </div>
   <div class='ocr_carea' id='block_1_115' title="bbox 2058 5143 3632 5234">
    <p class='ocr_par' dir='ltr' id='par_1_115' title="bbox 2058 5143 3632 5234">
     <span class='ocr_line' id='line_1_115' title="bbox 2058 5143 3632 5234; baseline -0.015 -16"><span class='ocrx_word' id='word_1_974' title='bbox 2058 5180 2157 5234; x_wconf 91' lang='grc' dir='ltr'><strong>νην</strong></span> <span class='ocrx_word' id='word_1_975' title='bbox 2189 5159 2562 5231; x_wconf 77' lang='grc' dir='ltr'><strong>ἀνεκρέμασεν</strong></span> <span class='ocrx_word' id='word_1_976' title='bbox 2600 5155 2727 5227; x_wconf 84' lang='grc' dir='ltr'><strong>ὄλην</strong></span> <span class='ocrx_word' id='word_1_977' title='bbox 2754 5153 2948 5208; x_wconf 86' lang='grc' dir='ltr'><strong>ἐαυτοῦ</strong></span> <span class='ocrx_word' id='word_1_978' title='bbox 2981 5154 3009 5193; x_wconf 72' lang='grc' dir='ltr'><strong>δ</strong></span> <span class='ocrx_word' id='word_1_979' title='bbox 3041 5152 3139 5221; x_wconf 85' lang='grc' dir='ltr'><strong>τὴν</strong></span> <span class='ocrx_word' id='word_1_980' title='bbox 3167 5149 3383 5209; x_wconf 82' lang='grc' dir='ltr'><strong>οὐσίαν,</strong></span> <span class='ocrx_word' id='word_1_981' title='bbox 3413 5143 3632 5209; x_wconf 78' lang='grc' dir='ltr'><strong>ἀναθεὶς</strong></span> 
     </span>
    </p>
   </div>
   <div class='ocr_carea' id='block_1_116' title="bbox 2059 5234 3632 5321">
    <p class='ocr_par' dir='ltr' id='par_1_116' title="bbox 2059 5234 3632 5321">
     <span class='ocr_line' id='line_1_116' title="bbox 2059 5234 3632 5321; baseline -0.013 -15"><span class='ocrx_word' id='word_1_982' title='bbox 2059 5251 2250 5306; x_wconf 78' lang='grc' dir='ltr'><strong>ἑαυτὸν</strong></span> <span class='ocrx_word' id='word_1_983' title='bbox 2289 5249 2370 5321; x_wconf 82' lang='grc' dir='ltr'><strong>τῷ</strong></span> <span class='ocrx_word' id='word_1_984' title='bbox 2400 5247 2538 5319; x_wconf 81' lang='grc' dir='ltr'><strong>Θεῷ.</strong></span> <span class='ocrx_word' id='word_1_985' title='bbox 2567 5245 2666 5299; x_wconf 87' lang='grc' dir='ltr'><strong>Διά</strong></span> <span class='ocrx_word' id='word_1_986' title='bbox 2692 5244 2850 5298; x_wconf 86' lang='grc' dir='ltr'><strong>τοῦτο</strong></span> <span class='ocrx_word' id='word_1_987' title='bbox 2899 5240 3138 5312; x_wconf 86' lang='grc' dir='ltr'><strong>συνεχῶς</strong></span> <span class='ocrx_word' id='word_1_988' title='bbox 3178 5236 3345 5291; x_wconf 81' lang='grc' dir='ltr'><strong>αὑτοῦ</strong></span> <span class='ocrx_word' id='word_1_989' title='bbox 3373 5235 3435 5288; x_wconf 78' lang='grc' dir='ltr'><strong>τὸ</strong></span> <span class='ocrx_word' id='word_1_990' title='bbox 3464 5234 3632 5305; x_wconf 79' lang='grc' dir='ltr'><strong>δνομα</strong></span> 
     </span>
    </p>
   </div>
   <div class='ocr_carea' id='block_1_117' title="bbox 2061 5323 3630 5413">
    <p class='ocr_par' dir='ltr' id='par_1_117' title="bbox 2061 5323 3630 5413">
     <span class='ocr_line' id='line_1_117' title="bbox 2061 5323 3630 5413; baseline -0.012 -18"><span class='ocrx_word' id='word_1_991' title='bbox 2061 5339 2412 5413; x_wconf 86' lang='grc' dir='ltr'><strong>περιστρέφει</strong></span> <span class='ocrx_word' id='word_1_992' title='bbox 2434 5352 2450 5368; x_wconf 72' lang='grc'><strong><em>⁸</em></strong></span> <span class='ocrx_word' id='word_1_993' title='bbox 2477 5337 2573 5392; x_wconf 73' lang='grc' dir='ltr'><strong>καὶ</strong></span> <span class='ocrx_word' id='word_1_994' title='bbox 2604 5338 2713 5408; x_wconf 85' lang='grc' dir='ltr'><strong>γὰρ</strong></span> <span class='ocrx_word' id='word_1_995' title='bbox 2755 5334 2850 5387; x_wconf 70' lang='grc' dir='ltr'><strong>καὶ</strong></span> <span class='ocrx_word' id='word_1_996' title='bbox 2875 5330 3033 5385; x_wconf 86' lang='grc' dir='ltr'><strong>τοῦτο</strong></span> <span class='ocrx_word' id='word_1_997' title='bbox 3060 5327 3154 5382; x_wconf 90' lang='grc' dir='ltr'><strong>τοῦ</strong></span> <span class='ocrx_word' id='word_1_998' title='bbox 3187 5324 3465 5396; x_wconf 86' lang='grc' dir='ltr'><strong>φιλοῦντος</strong></span> <span class='ocrx_word' id='word_1_999' title='bbox 3490 5323 3630 5388; x_wconf 76' lang='grc' dir='ltr'><strong>ἔθος,</strong></span> 
     </span>
    </p>
   </div>
   <div class='ocr_carea' id='block_1_118' title="bbox 2073 5416 3632 5497">
    <p class='ocr_par' dir='ltr' id='par_1_118' title="bbox 2073 5416 3632 5497">
     <span class='ocr_line' id='line_1_118' title="bbox 2073 5416 3632 5497; baseline -0.01 -12"><span class='ocrx_word' id='word_1_1000' title='bbox 2073 5434 2171 5487; x_wconf 72' lang='grc' dir='ltr'><strong>Ἰἰν</strong></span> <span class='ocrx_word' id='word_1_1001' title='bbox 2214 5430 2295 5497; x_wconf 82' lang='grc' dir='ltr'><strong>τῷ</strong></span> <span class='ocrx_word' id='word_1_1002' title='bbox 2345 5425 2804 5497; x_wconf 62' lang='grc' dir='ltr'><strong>ἀποστραφῆναι</strong></span> <span class='ocrx_word' id='word_1_1003' title='bbox 2855 5422 2965 5476; x_wconf 76' lang='grc' dir='ltr'><strong>τὸν</strong></span> <span class='ocrx_word' id='word_1_1004' title='bbox 3018 5419 3236 5488; x_wconf 78' lang='grc' dir='ltr'><strong>ἐχθρόν</strong></span> <span class='ocrx_word' id='word_1_1005' title='bbox 3261 5433 3380 5487; x_wconf 79' lang='grc' dir='ltr'><strong>μου</strong></span> <span class='ocrx_word' id='word_1_1006' title='bbox 3429 5417 3517 5486; x_wconf 79' lang='grc' dir='ltr'><strong>εις</strong></span> <span class='ocrx_word' id='word_1_1007' title='bbox 3562 5416 3632 5472; x_wconf 83' lang='grc' dir='ltr'><strong>τὰ</strong></span> 
     </span>
    </p>
   </div>
   <div class='ocr_carea' id='block_1_119' title="bbox 2124 5610 3630 5682">
    <p class='ocr_par' dir='ltr' id='par_1_119' title="bbox 2124 5610 3630 5682">
     <span class='ocr_line' id='line_1_119' title="bbox 2124 5610 3630 5682; baseline -0.008 -4"><span class='ocrx_word' id='word_1_1008' title='bbox 2124 5631 2155 5672; x_wconf 75' lang='grc' dir='ltr'><strong>ιι</strong></span> <span class='ocrx_word' id='word_1_1009' title='bbox 2179 5624 2477 5677; x_wconf 73' lang='lat' dir='ltr'><strong>Barbeﬁnus</strong></span> <span class='ocrx_word' id='word_1_1010' title='bbox 2486 5621 2613 5682; x_wconf 80' lang='lat' dir='ltr'><strong>apud</strong></span> <span class='ocrx_word' id='word_1_1011' title='bbox 2624 5618 3099 5682; x_wconf 45' lang='lat' dir='ltr'><strong>Sayilﬁvupéaagtv</strong></span> <span class='ocrx_word' id='word_1_1012' title='bbox 3109 5616 3221 5682; x_wconf 72' lang='grc' dir='ltr'><strong>ὅλῃν</strong></span> <span class='ocrx_word' id='word_1_1013' title='bbox 3230 5610 3630 5682; x_wconf 43' lang='lat' dir='ltr'><strong>malacum.</strong></span> 
     </span>
    </p>
   </div>
   <div class='ocr_carea' id='block_1_120' title="bbox 2064 5673 3632 5762">
    <p class='ocr_par' dir='ltr' id='par_1_120' title="bbox 2064 5673 3632 5762">
     <span class='ocr_line' id='line_1_120' title="bbox 2064 5673 3632 5762; baseline 0.001 0"><span class='ocrx_word' id='word_1_1014' title='bbox 2064 5697 2121 5762; x_wconf 62' lang='grc' dir='ltr'><strong>ρι</strong></span> <span class='ocrx_word' id='word_1_1015' title='bbox 2144 5673 2635 5762; x_wconf 16' lang='grc' dir='ltr'><strong>ιιιῖῐάῖέινιιειεθδίξιν-</strong></span> <span class='ocrx_word' id='word_1_1016' title='bbox 2654 5679 2737 5762; x_wconf 54' lang='grc' dir='ltr'><strong>με</strong></span> <span class='ocrx_word' id='word_1_1017' title='bbox 2759 5673 3632 5762; x_wconf 46' lang='lat' dir='ltr'><strong>9.192.951.5103;‘2ﬂi&#39;lnt‘ﬂtfﬁf&#39;</strong></span> 
     </span>
    </p>
   </div>
   <div class='ocr_carea' id='block_1_121' title="bbox 2067 5731 3625 5813">
    <p class='ocr_par' dir='ltr' id='par_1_121' title="bbox 2067 5731 3625 5813">
     <span class='ocr_line' id='line_1_121' title="bbox 2067 5731 3625 5813; baseline -0.013 -10"><span class='ocrx_word' id='word_1_1018' title='bbox 2067 5731 2733 5813; x_wconf 38' lang='grc' dir='ltr'><strong>ἓξσῶἶιίιῖὂὶιῖνιῖιιῦθεριέηυω</strong></span> <span class='ocrx_word' id='word_1_1019' title='bbox 2758 5748 2811 5792; x_wconf 81' lang='grc' dir='ltr'><strong>ει</strong></span> <span class='ocrx_word' id='word_1_1020' title='bbox 2826 5731 3149 5805; x_wconf 63' lang='grc' dir='ltr'><strong>ίήιέειυυωῖιι</strong></span> <span class='ocrx_word' id='word_1_1021' title='bbox 3170 5731 3409 5800; x_wconf 71' lang='grc' dir='ltr'><strong>Ιίειειὶιίιι</strong></span> <span class='ocrx_word' id='word_1_1022' title='bbox 3430 5731 3625 5785; x_wconf 75' lang='lat' dir='ltr'><strong>nostris.</strong></span> 
     </span>
    </p>
   </div>
  </div>
