4112 6214
438 306 543 361 125

436 421 660 483 ὀπίσω.
694 418 1108 485 ἀσθενήσωσι
1132 456 1149 481 .
1178 419 1276 475 καί
1308 420 1679 476 ἀπολοῦνται
1723 416 1842 474 ἀπὸ
1870 436 2013 486 προσ

435 504 648 560 σώπου
683 520 821 558 σου.
853 502 1046 567 ’Δλλος
1065 543 1081 566 .
1120 503 1607 571 Ἀνατραπέντων
1636 502 1754 557 τῶν
1788 501 2015 572 ἐχθρῶν

433 607 556 659 μου
606 588 798 643 ὀπίσω
818 626 833 651 ,
869 584 1351 655 προσκοψάντων
1392 587 1490 640 καὶ
1528 585 1919 655 ἀπολομένων
1944 585 2014 638 ἐκ

438 670 764 739 προσώπου
795 684 931 723 σου.
968 669 1077 722 Καὶ
1102 666 1261 722 τοῦτο
1289 669 1520 740 μάλιστα
1555 667 1831 739 φιλοῦντός
1875 670 2013 732 ἐστι,

437 761 503 813 τὸ
536 756 636 825 τὰς
660 756 974 828 εὐεργεσίας
1017 754 1198 824 λέγειν
1225 755 1313 809 διὰ
1341 755 1542 819 παντὸς
1562 795 1576 817 ,
1618 756 1715 809 καὶ
1742 754 2016 823 ἐγκαλλω-

439 840 693 907 πίζεσθαι
719 840 943 904 ταύταις
963 858 976 870 ·
1007 838 1117 892 ἀπό
1142 855 1200 892 τε
1225 838 1334 910 γὰρ
1361 837 1582 909 φίλτρου
1609 838 1767 892 τοῦτο
1785 838 2015 907 γίνεται,

441 924 536 978 καὶ
579 924 711 978 αὐτὸ
743 923 905 977 πάλιν
937 921 1163 976 ἀνάπτει
1208 921 1270 974 16
1304 921 1541 993 φίλτρον.
1576 922 1688 976 Οὐκ
1734 921 1801 976 ἂν
1848 921 1905 975 δέ
1933 940 2017 986 τις

442 1008 679 1077 ἁμάρτοι
729 1004 898 1059 είπὼν
940 1005 1036 1058 καὶ
1078 1007 1297 1074 νοητοὺς
1328 1004 1555 1075 ἐχθροὺς
1594 1004 1826 1059 ἐνταῦθα
1855 1005 2017 1058 αὐτὸν

441 1090 640 1160 λέγειν.
683 1088 1137 1159 ’Λποστρέφονται
1178 1086 1287 1158 γάρ
1337 1087 1431 1140 καὶ
1472 1082 1652 1151 οὗτοι,
1685 1088 1813 1141 ὅταν
1840 1086 2017 1157 ψυχὴν

441 1173 697 1240 γενναίαν
742 1170 963 1241 εὐρωσι.
990 1170 1255 1242 Καθάπερ
1295 1170 1403 1242 γὰρ
1446 1171 1526 1234 είς
1554 1169 1756 1224 ἀσπίδα
1779 1169 2019 1240 ἐμπεσὸν

440 1256 568 1327 δόρυ
589 1295 603 1318 ,
640 1253 885 1324 μαλακὴν
907 1254 1004 1324 μὲν
1038 1249 1202 1308 οὖσαν
1229 1252 1375 1306 διατὲ
1384 1269 1504 1322 μνει
1527 1293 1542 1315 ,
1567 1252 1807 1323 σκληρὰν
1834 1252 1893 1306 δὲ
1925 1252 2018 1306 καὶ

442 1336 733 1392 ἀντίτυπον
760 1336 910 1390 οὐδὲν
963 1335 1293 1407 ἐργάζεται,
1335 1333 1471 1390 ἀλλά
1517 1334 1614 1405 τῆς
1649 1334 1852 1404 αἰχμῆς
1892 1335 2022 1388 ἀνα-

444 1418 788 1490 καμφθείσης
839 1417 1092 1471 ἐκπίπτει
1119 1435 1131 1448 ⁸
1161 1414 1304 1470 οῦτω
1352 1417 1417 1485 δὴ
1457 1417 1552 1470 καὶ
1582 1418 1675 1470 ἐπὶ
1704 1418 1801 1487 τῆς
1841 1416 2020 1486 ψυχῆς

443 1503 749 1574 συμσαίνει.
783 1502 880 1553 Ἂν
915 1502 1010 1571 μὲν
1040 1500 1147 1573 γὰρ
1178 1498 1422 1571 μαλακὴν
1453 1498 1589 1572 εῦρῃ
1615 1501 1708 1552 καὶ
1733 1497 1928 1569 χαῦνον
1953 1498 2020 1552 τὰ

442 1587 596 1660 παρά
633 1586 727 1641 τοῦ
762 1585 1007 1639 διαϐόλου
1057 1587 1384 1655 πεμπόμενα
1419 1583 1546 1654 βέλη
1574 1622 1588 1645 ,
1623 1583 1894 1637 διαδύεται
1940 1585 2022 1646 είς

442 1671 504 1725 16
534 1669 725 1740 βάθος’
760 1669 855 1723 ἐὶιν
893 1668 949 1722 δὲ
984 1667 1224 1738 σκληρὰν
1250 1667 1341 1721 καὶ
1373 1667 1742 1738 ἰσχυροτέραν,
1780 1665 1937 1728 αὐτός
1960 1683 2021 1718 τε

443 1755 723 1824 ἄπρακτος
755 1752 970 1813 ἄπεισι,
1011 1750 1104 1804 καὶ
1149 1751 1230 1813 εἰς
1284 1749 1486 1817 ταύτην
1528 1749 1677 1804 οὐδὲν
1730 1749 2021 1820 εἰργάσατο

443 1837 613 1891 δεινόν
636 1852 651 1867 ·
687 1837 781 1889 καὶ
812 1835 905 1887 δύο
935 1833 1140 1900 γίνεται
1173 1832 1339 1904 κέρδη
1359 1875 1372 1893 ,
1407 1832 1603 1903 μᾶλλον
1639 1832 1697 1886 δὲ
1731 1834 1824 1885 καὶ
1853 1833 1978 1904 τρία
2003 1850 2016 1864 ·

445 1920 616 1991 αὐτήν
664 1936 725 1971 τε
755 1917 863 1989 γάρ
892 1916 1044 1970 οὐδὲν
1071 1914 1322 1984 ἐῦλαψεν,
1350 1913 1465 1986 [97]
1509 1913 1645 1968 ἀλλά
1681 1917 1777 1968 καὶ
1805 1916 2019 1985 ἰσχυρο-

444 2002 609 2072 τέραν
629 2001 883 2071 ἐποίησεν
902 2040 917 2065 ,
948 1998 1111 2062 αὐτός
1142 2014 1202 2050 τε
1228 1997 1614 2068 ἀσθενέστερος
1651 1997 1898 2051 ἐντεῦθεν
1928 1997 2020 2065 γέ-

445 2101 589 2153 γονε.
613 2083 808 2137 Σκόπει
833 2082 890 2135 δὲ
916 2081 1033 2144 πῶς
1060 2079 1420 2150 ἀνακηρύττει
1447 2079 1540 2132 τοῦ
1561 2078 1695 2133 Θεοῦ
1715 2080 1814 2149 τὴν
1848 2079 2017 2149 ἰσχύν.

460 2165 912 2231 Ἀσθενήσουσι.
943 2165 1097 2234 φησὶ,
1119 2163 1216 2217 καὶ
1258 2162 1627 2217 ἀπολοῦνται
1681 2163 1802 2217 ἀπὸ
1833 2177 2021 2230 προσ-

447 2253 615 2306 ώπου
636 2267 775 2306 σου.
792 2250 960 2305 Πάλιν
980 2250 1268 2320 πρόσωπον
1283 2247 1514 2311 ἀκούων,
1537 2247 1698 2319 μηδὲν
1716 2246 2023 2318 σωματικὸν

449 2334 815 2409 ὑποπτεύσῃς.
863 2332 1127 2389 Ἐνταῦθα
1155 2332 1263 2404 γὰρ
1290 2332 1389 2402 τὴν
1439 2330 1716 2403 ἐνέργειαν
1739 2373 1753 2392 ,
1782 2332 1882 2402 τὴν
1907 2333 2022 2383 ἐπι-

449 2424 678 2490 φάνειαν
701 2421 866 2479 αὐτοῦ
888 2419 1056 2490 δηλοῖ,
1087 2419 1186 2489 τὴν
1206 2418 1455 2473 εὐκολίαν
1486 2417 1650 2472 αὐτοῦ
1684 2417 1782 2487 τῆς
1822 2416 2021 2488 ἰσχύος.

459 2504 551 2573 Ὠς
573 2503 805 2577 ἀλλαχοῦ
840 2519 1003 2575 φησιν
1021 2520 1036 2533 °
1079 2503 1132 2555 Ὁ
1160 2502 1498 2555 ἐπιϐλέπων
1514 2500 1613 2554 ἐπὶ
1636 2499 1751 2567 τὴν
1778 2499 1910 2571 γῆν,
1928 2500 2025 2555 καί

449 2585 641 2645 ποιῶν
657 2585 853 2649 αὐτὴν
879 2587 1142 2654 τρέμεινο
1177 2584 1318 2639 οὕτω
1344 2583 1408 2655 δὴ
1433 2584 1526 2637 κα)⁸
1551 2583 1784 2636 ἐνταῦθα
1813 2583 1875 2636 τό
1897 2584 2026 2637 αὐτό

449 2688 638 2743 φησιν.
674 2671 860 2741 Ἀρκεῖ
892 2669 999 2739 γὰρ
1033 2668 1169 2739 μόνη
1220 2669 1253 2737 ἡ
1308 2667 1571 2720 ἐποπτεία
1606 2665 1867 2720 ἀπολέσαι
1899 2668 2027 2730 τούς

450 2753 741 2825 πονηρούς.
780 2752 841 2805 Εἰ
884 2751 993 2822 γάρ
1026 2750 1197 2819 ἁγίων
1229 2748 1501 2821 παρουσία
1532 2748 1730 2825 ἀσθενῆ
1760 2749 2026 2819 δαιμόνων

450 2820 721 2909 ποιεῖτὴν
755 2820 906 2905 ἰσχύν
927 2872 942 2897 ,
964 2820 1160 2902 ἠπολλῷ
1207 2820 1406 2902 μᾶλλον
1434 2830 1590 2886 Θεοῦ.
1609 2820 1677 2885 Εἰ
1705 2831 1740 2902 ἡ
1772 2829 2028 2902 ἀστραπὴ

451 2918 614 2976 αὐτοῦ
645 2918 944 2990 φαινομένη
972 2915 1341 2990 καταπλήττει
1373 2913 1582 2979 πάντας
1600 2955 1615 2980 ,
1645 2915 1896 2985 ἐννόησον
1929 2915 2028 2985 τὴν

450 3003 679 3075 δύναμιν
727 3001 826 3073 τὴν
875 2999 1178 3071 ἀνώλεθρον
1212 2998 1448 3068 ἐκείνην,
1483 2997 1602 3062 πῶς
1637 2997 2024 3069 καταπλήττει,

452 3086 572 3151 πῶς
607 3083 870 3139 ἀπόλλυσι
907 3083 1031 3143 τούς
1082 3079 1346 3150 πονηρούς
1372 3093 1418 3132 ι.
1452 3075 1603 3143 Εἶδες
1636 3079 1819 3150 ὕμνων
1856 3075 2027 3146 εῐδοςς

452 3166 594 3233 εἶδες
612 3165 925 3234 δοξολογίας
960 3164 1180 3235 τρόπον,
1206 3160 1301 3215 καὶ
1326 3161 1444 3225 πῶς
1471 3163 1599 3232 περὶ
1624 3161 1723 3232 τῆς
1749 3161 2032 3233 δυνάμεως

453 3250 621 3307 αὐτοῦ
649 3251 948 3319 διηγείται;
971 3247 1044 3301 Οὐ
1077 3244 1270 3315 μικρὸν
1296 3243 1589 3299 κάντεῦθεν
1615 3244 1856 3298 παιδεύει
1882 3243 2032 3314 φιλοο

457 3335 648 3403 σοφίας
674 3332 850 3402 δόγμα
872 3368 887 3392 ,
919 3327 998 3399 τῷ
1040 3330 1246 3391 εἰπεῖν.
1277 3325 1460 3382 Ψαλῶ
1496 3325 1577 3393 τῷ
1606 3327 1848 3396 ι’νόματί
1891 3343 2028 3391 σου,

457 3419 724 3485 Ὕψιστο.
742 3415 845 3469 Ἔν
862 3412 942 3480 τῷ
964 3409 1429 3481 ἀποστραφῆναι
1453 3412 1560 3464 τὸν
1580 3411 1798 3481 ἐχθρόν
1811 3429 1930 3481 μου
1945 3413 2030 3478 είς

455 3500 529 3554 τὰ
555 3499 766 3554 ὀπίσω.
793 3497 950 3553 Ποῖον
974 3494 1040 3566 δὴ
1067 3493 1252 3558 τοῦτο;
1275 3494 1395 3548 ’Ότι
1419 3496 1481 3547 οὐ
1504 3493 1663 3564 μόνον
1690 3496 1749 3547 ἐν
1775 3497 1893 3559 ταῖς
1921 3493 2033 3548 θλί-

455 3580 612 3651 ψεσιν
636 3623 651 3646 ,
680 3577 813 3633 ἀλλά
840 3577 935 3631 καὶ
965 3577 1023 3630 ἐν
1052 3577 1171 3643 ταῖς
1208 3574 1453 3630 ἀνέσεσιν
1492 3575 1677 3648 ἔνηφε.
1708 3576 1900 3631 Πολλοὶ
1932 3576 2031 3649 μὲν

456 3663 566 3736 γὰρ
588 3662 692 3716 ὑπὸ
709 3661 816 3715 τῶν
844 3658 1027 3713 κακῶν
1056 3657 1488 3731 ταπεινούμενοι,
1522 3659 1924 3733 σπουδαιότεροι
1954 3660 2033 3730 γί-

456 3765 638 3802 νονται
658 3765 671 3779 ο
704 3746 808 3801 ὐπὸ
837 3745 895 3801 δὲ
913 3744 1021 3799 τῶν
1057 3745 1297 3815 ἀγαθῶν,
1335 3745 1688 3818 ρᾳθυμότεροι
1721 3747 1815 3801 καὶ
1843 3747 2032 3818 χαυνό-

456 3852 639 3909 τεροι·
673 3835 703 3889 6
748 3835 877 3905 περί¹
926 3832 1037 3889 τῶν
1079 3834 1348 3889 Ἰουδαίων
1395 3834 1599 3907 προῖὼν
1629 3835 1807 3906 λέγει’
1855 3839 2032 3891 Ὅταν

457 3917 809 3974 ἀπέκτεινεν
841 3916 1096 3983 αὐτοὺς,
1138 3917 1270 3972 τότε
1299 3916 1618 3986 ἐξεζῆτουν
1643 3920 1851 3975 αὐτόν.
1890 3918 2028 3972 Ἀλλ’

457 4002 557 4073 οὐχ
600 3993 754 4064 οὗτος
780 3999 1049 4063 τοιοῦτος’
1093 4000 1227 4056 ἀλλά
1273 4003 1367 4056 καὶ
1394 4005 1453 4057 ἐν
1500 4003 1820 4075 εὐημερίαις
1849 4003 2028 4074 νήφει,

459 4086 552 4137 καὶ
581 4083 942 4156 διεγήγερται.
970 4084 1047 4136 Οὐ
1078 4084 1274 4156 μικρὸν
1305 4087 1385 4148 εἰς
1423 4085 1738 4155 φιλοσοφίαν
1771 4085 1830 4139 δὲ
1852 4084 2025 4140 τοῦτο.

459 4171 588 4221 Ὅτι
611 4166 909 4235 ἐποίησας
930 4165 1047 4234 τὴν
1065 4168 1272 4236 κρίσιν
1292 4186 1413 4237 μου
1441 4168 1535 4221 καί
1560 4169 1675 4235 τὴν
1692 4169 1874 4236 δίκην
1887 4187 2026 4238 μου.

460 4247 687 4314 Ἄλλος,
733 4249 1190 4318 ’Υπερεδίιιασάς
1216 4267 1337 4318 μου
1362 4250 1410 4303 ιι.
1449 4249 1757 4317 Ἐκάθισας
1777 4251 1875 4304 ἐπὶ
1905 4253 2033 4320 θρό-

457 4349 570 4391 νον
609 4335 644 4388 ό
671 4333 895 4401 κρίνων
926 4331 1337 4398 δικαιοσύνην.
1381 4331 1774 4400 Ἐπετίμησας
1801 4333 2025 4396 ἔθνεσι,

459 4416 557 4471 καί
576 4415 848 4471 ἀπώλετο
901 4417 935 4469 ὁ
980 4414 1223 4480 ἀσεϐής.
1260 4413 1452 4477 Ἀλλος
1476 4453 1492 4478 ,
1552 4414 1906 4481 Ἀπώλεσας.
1957 4416 2029 4470 Τὸ

458 4500 645 4569 ὄνομα
664 4497 846 4553 αὑτοῦ
871 4494 1201 4564 ἐξήλειψας
1218 4497 1304 4563 είς
1327 4495 1432 4548 τὸν
1455 4493 1641 4551 αἰῶνα
1669 4495 1774 4549 τοῦ
1792 4496 2026 4564 αἰῶνος.

460 4582 601 4650 Ὅρα
632 4579 791 4633 πάλιν
812 4577 912 4648 τὴν
933 4577 1247 4646 φιλοσοφίαν
1271 4576 1366 4629 τοῦ
1397 4577 1586 4650 ἀνδρὸς
1608 4618 1623 4642 ,
1655 4576 1772 4641 πῶς
1798 4579 1898 4632 οὐκ
1932 4581 2029 4631 αὐ·-

456 4666 547 4729 τος
572 4662 833 4734 ἀμύνεται
857 4660 984 4721 τοὺς
1015 4658 1242 4730 ἐχθροὺς
1260 4697 1276 4724 ,
1302 4658 1438 4713 ἀλλά
1468 4659 1546 4729 τῷ
1564 4659 1682 4730 Θεῷ
1713 4662 2032 4732 παραχωρεῖ

456 4746 558 4815 τῆς
582 4745 736 4812 δίκης
757 4781 771 4803 ,
803 4742 865 4794 τὸ
910 4740 1263 4795 ἀποστολικὸν
1289 4742 1470 4812 τηρῶν
1498 4742 1891 4814 παράγγελμαο
1928 4742 2027 4812 Μὴ

457 4824 709 4887 ἑαυτοὺς
728 4823 1125 4889 ἐκδικοῦντες.
1145 4824 1219 4877 Οὐ
1246 4824 1403 4878 τοῦτο
1429 4825 1486 4880 δὲ
1510 4826 1673 4897 μόνον
1706 4826 1853 4880 ἐστιν
1879 4827 2027 4893 ἰδεῖν,

456 4908 573 4962 ἀλλ’
600 4908 682 4961 δτι
712 4904 804 4959 καὶ
828 4906 1028 4970 ἀδίκως
1065 4905 1239 4961 ταῦτα
1266 4906 1520 4978 ἔπασχεν.
1552 4909 1612 4963 Εἰ
1663 4909 1738 4982 μὴ
1770 4911 1878 4984 γὰρ
1917 4911 2032 4967 ἀδί-

458 5007 570 5056 κως
610 4989 844 5060 ἔπασχεν
872 5029 887 5055 ,
922 4989 1021 5043 οὐκ
1049 4990 1115 5045 ἀν
1135 4991 1164 5043 6
1193 4991 1325 5056 Θεὸς
1363 4993 1676 5065 ἐπεξῆλθεν.
1709 4994 2030 5063 Ἐκάθισας

455 5074 555 5129 ἐπὶ
582 5074 798 5144 θρόνου
831 5077 864 5128 ό
890 5074 1111 5143 κρίνων
1135 5073 1546 5139 δικαιοσύνην.
1589 5079 2027 5152 Ἀνθρωπινώτε-

458 5176 551 5229 ρον
589 5156 885 5229 φθέγγεται
904 5198 919 5221 ,
945 5157 1131 5227 θρόνον
1160 5159 1254 5212 καὶ
1292 5159 1559 5231 καθέδραν
1599 5161 1788 5230 λέγων.
1835 5162 1909 5218 Τὸ
1949 5164 2027 5230 δὲ,

466 5241 530 5296 ⁸ο
558 5242 777 5311 κρίνων
795 5240 1214 5309 δικαιοσύνην,
1241 5241 1303 5295 16
1352 5241 1580 5313 σύνηθες
1614 5243 1707 5297 τοῦ
1736 5245 1869 5297 Θεοῦ
1891 5288 1906 5312 ,
1936 5248 2030 5300 καὶ

456 5327 729 5399 ἐξαίρετον
755 5325 921 5381 αὐτοῦ
944 5326 1044 5397 τῆς
1076 5328 1263 5393 οὐσίας
1287 5330 1466 5400 φησίν.
1501 5331 1623 5383 Ἑπί
1657 5332 1754 5402 μὲν
1784 5333 1892 5405 γὰρ
1919 5333 2029 5388 τῶν

455 5408 754 5481 ἀνθρώπων
799 5413 956 5464 τοῦτο
999 5411 1100 5466 οὐκ
1154 5411 1299 5466 ἔστιν
1335 5415 1528 5468 εἰπεῖν.
1561 5416 1637 5468 Οὐ
1673 5416 1780 5490 γὰρ
1813 5418 2029 5484 πάντως

455 5495 698 5565 κρίνουσι
724 5492 1086 5566 δικαιοσύνην,
1115 5496 1218 5551 κᾶν
1248 5497 1507 5568 μυριάκις
1533 5492 1636 5553 ὦσι
1654 5499 1872 5565 δίκαιοι,
1899 5503 2029 5556 ποτέ

459 5576 557 5646 μὲν
585 5575 798 5649 ἀγνοίᾳ,
834 5577 963 5630 ποτέ
982 5577 1041 5631 δὲ
1067 5578 1309 5652 ῥᾳθυμία
1338 5581 1660 5650 ἀγνοοῦντες
1682 5583 1744 5637 16
1779 5585 1984 5639 δίκαιον
2009 5601 2025 5617 ’

454 5663 483 5712 6
511 5659 569 5714 δὲ
601 5658 734 5723 Θεὸς
756 5659 960 5715 τούτων
988 5660 1243 5719 ἁπάντων
1267 5664 1687 5738 ἀπηλλαγμένος
1708 5708 1722 5732 ,
1748 5668 1842 5723 καὶ
1871 5669 2026 5735 εἰδὼς

514 5794 540 5821 ⁸
565 5791 701 5841 Cnlb.
724 5791 834 5847 τούς
858 5793 1105 5849 έναντιους.

513 5854 679 5902 bllu'c
722 5856 888 5911 lectio,
929 5855 1241 5917 ὐπερεδίκασά

728 5862 888 5929 igelio,
913 5862 1269 5929 ῃῡπερεδικασάς
1315 5876 1421 5920 μου,
1469 5868 1543 5912 05'.
1582 5862 1788 5924 Aquiia‘,
1814 5880 2027 5927 sequens

455 5927 618 5967 autem
641 5917 891 5973 ἀπώλεσας
913 5917 1208 5977 Symmachi.

1109 302 1167 358 S.
1199 302 1483 360 JOANNIS
1515 301 2007 361 CHRYSOSTOMI
2043 301 2359 360 ARCIIIEP.
2400 306 2945 368 CONSTANTINOP.

3585 322 3692 382 126

2122 420 2217 474 καὶ
2247 421 2564 493 βουλόμενος
2603 422 2816 480 δικαίαν
2858 423 3082 497 ἐκφέρει
3108 426 3207 500 τὴν
3233 428 3432 502 ψῆφον.
3462 436 3537 491 T6
3575 433 3692 507 οὐν,

2134 511 2451 577 Ἐκιὶθισας
2484 512 2584 566 ἐπί
2612 513 2863 581 θρόνου,
2894 513 3146 577 ἐδίκασας
3171 515 3339 580 ἐστιν,
3373 519 3695 593 ἐιιτεξῆλθεςι

2121 594 2351 663 ἤμυνας.
2394 596 2794 666 Ἐπετίμησας
2826 597 3051 659 ἔθνεσι,
3074 597 3172 652 καί
3203 598 3475 658 ἀπὼὶετο
3501 607 3537 659 ό
3562 605 3705 663 ἀσεο

2123 674 2251 760 ϐῆς.
2290 677 2452 749 Ὁρᾷς
2480 679 2598 742 πῶς
2633 679 2731 750 οὐχ
2756 679 2934 734 ὃπλων
2963 678 3112 752 αὐτῷ
3147 680 3248 741 δεῖ.
3289 683 3352 738 οὐ
3397 685 3696 760 μαχαίρας,

2122 759 2183 814 οὐ
2212 760 2381 827 τόξων
2405 762 2500 815 καὶ
2527 761 2724 832 βελῶν.
2751 762 2866 819 ἀλλ’
2899 763 3378 837 ἀνθρωπινώτερον
3412 759 3595 825 ἐκείνά
3623 774 3701 827 εί.

2127 850 2284 918 mea;
2303 867 2315 880 -
2344 850 2507 921 ἀρκεῖ
2523 849 2632 922 γὰρ
2656 849 2977 922 ἐπιτιμῆσαι
3008 850 3088 923 τῷ
3106 851 3248 924 Θεῷ,
3281 855 3375 907 καὶ
3401 855 3699 912 ἀπολέσθαι

2122 936 2249 999 τούς
2266 936 2602 1001 ,κολάζεσθαι
2631 938 2942 1005 μέλλοντας.
2967 938 3086 992 Ἵνα
3112 939 3171 993 δέ
3204 939 3381 1013 μάθῃς
3405 941 3572 996 αὐτοῦ
3598 943 3698 1012 τὴν

2127 1019 2313 1088 ίσχύν.
2353 1019 2514 1077 ἄκουε
2548 1022 2642 1076 καὶ
2685 1021 2792 1077 τῶν
2825 1021 2974 1091 ἑξῆς·
3015 1022 3088 1076 Τὸ
3131 1022 3319 1091 ὄνομα
3363 1024 3564 1080 αὐτῶν
3603 1026 3701 1091 ἐξ·

2125 1101 2383 1169 ἤλειψας
2406 1106 2494 1170 είς
2508 1104 2616 1161 τὸν
2632 1103 2838 1169 αἰῶνα,
2860 1107 2956 1159 καί
2982 1106 3071 1173 είς
3094 1106 3203 1160 τὸν
3230 1105 3417 1165 αίῶνα
3442 1108 3550 1163 τοῦ
3565 1109 3701 1165 a163-

2124 1204 2246 1252 νος.
2271 1187 2604 1257 Προῤῥίζους
2633 1188 2921 1253 ἀπώλεσας
2938 1232 2954 1254 ,
2978 1190 3290 1253 ἀνέσπασας
3310 1231 3326 1253 ,
3355 1190 3529 1257 οὕτως
3557 1194 3701 1262 ἡφά·

2126 1286 2310 1333 νισας,
2340 1270 2455 1342 [98]
2480 1270 2556 1334 ώς
2578 1271 2673 1326 καὶ
2701 1271 2798 1344 τὴν
2826 1273 3043 1344 μνήμην
3064 1272 3242 1327 αὐτῶν
3268 1275 3701 1345 παραπολέσθαι.

2132 1354 2243 1407 Τοῦ
2272 1353 2489 1422 ἐχθροῦ
2518 1353 2802 1418 ἐξέλιπον
2826 1357 2887 1409 αἱ
2909 1354 3195 1424 ρομςοαῖαι
3228 1358 3318 1422 είς
3345 1356 3537 1425 τέλος.
3569 1358 3699 1417 Ἀλ-

2126 1434 2216 1498 λος
2238 1476 2253 1497 ,
2295 1435 2369 1494 Τὰ
2397 1435 2645 1507 ἐρείπια.
2687 1436 2746 1490 '0
2776 1436 2832 1495 δὲ
2875 1437 3159 1510 Ἐϐραῖος,
3195 1438 3424 1509 Ἄρΰώϐ.
3469 1440 3705 1497 Καίπό-

2125 1521 2255 1583 λεις
2299 1518 2590 1585 καθεῖλες.
2641 1520 2706 1572 Τί
2755 1520 2871 1579 ἐστι
2904 1519 3097 1584 τοῦτος
3131 1519 3254 1577 Ὀτι
3302 1520 3403 1584 τὰς
3455 1521 3703 1593 μηχανὰς

2128 1600 2291 1656 αὐτοῦ
2325 1603 2418 1657 καὶ
2447 1603 2546 1667 τάς
2578 1602 2774 1674 βουλὰς
2803 1602 3087 1669 ἀναλώσας
3105 1645 3120 1668 ,
3150 1606 3335 1674 φησὶν,
3364 1605 3569 1678 ἔρημον
3598 1608 3701 1660 αὐ-

2127 1686 2218 1740 τὸν
2238 1685 2347 1740 τῶν
2365 1687 2579 1741 οἰκείων
2605 1687 2785 1741 ὅπλων
2808 1688 3088 1761 ἐποίησας.
3109 1689 3361 1743 Τοιοῦτον
3378 1690 3486 1763 γὰρ
3505 1690 3540 1762 ἡ
3564 1691 3701 1764 ὀργὴ

2127 1768 2220 1822 τοῦ
2264 1769 2435 1823 Θεοῦο
2464 1769 2642 1825 πάντα
2688 1770 2938 1839 ἀφανίζει
2981 1773 3077 1826 καὶ
3121 1770 3427 1827 ἀπόλλυσιν.
3461 1774 3532 1826 Ἥ
3565 1773 3701 1841 ὅπερ

2127 1853 2313 1923 ἕτερος
2344 1854 2681 1926 ἑρμηνευτὴς
2704 1853 2944 1910 διδάσκει
2966 1894 2982 1917 ,
3016 1857 3268 1924 Ἕρημα,
3300 1855 3489 1911 εἰπών’
3528 1856 3611 1910 δτι
3638 1856 3699 1909 οὐ

2127 1936 2226 2001 τὰς
2254 1937 2437 2001 πόλεις
2458 1936 2635 1992 αὐτῶν
2663 1937 2840 2008 μόνον.
2875 1936 3012 1994 ἀλλά
3042 1938 3258 2003 καὶτὰς
3290 1940 3528 2010 ἐρήμους
3556 1937 3702 2008 ἠφά-

2129 2037 2281 2083 νισας
2297 2059 2312 2083 ,
2346 2022 2442 2075 καὶ
2480 2019 2663 2084 πόλεις
2691 2020 2956 2086 καθεῖλες.
2982 2020 3138 2079 οὓτω
3155 2021 3264 2093 γὰρ
3286 2022 3317 2076 6
3340 2022 3544 2086 δίκαιος
3577 2023 3704 2081 ἐπο-

2129 2104 2284 2174 λέμει
2309 2145 2326 2167 ,
2364 2104 2510 2159 οὐτω
2545 2105 2841 2160 κατέϐαλλε
2885 2106 3009 2169 τοὺς
3053 2105 3357 2173 ἐναντίους,
3384 2106 3483 2176 οὐχ
3521 2106 3705 2170 ὅπλοις

2130 2190 2223 2245 καὶ⁵
2240 2188 2430 2260 δόρασι
2458 2188 2796 2261 κεχρημένος
2813 2227 2831 2252 ,
2852 2187 2987 2245 ἀλλά
3016 2187 3115 2258 τὴν
3142 2189 3296 2260 παρά
3322 2188 3417 2243 τοῦ
3446 2187 3581 2243 θεοῦ
3614 2191 3706 2260 ρο.

2132 2271 2238 2341 πῆν
2270 2271 2426 2343 ἔχων.
2454 2271 2556 2325 Διά
2605 2270 2763 2325 τοῦτο
2793 2270 2888 2325 καὶ
2931 2272 2961 2324 6
2994 2270 3227 2342 πόλεμος
3255 2270 3406 2342 αὐτῷ
3456 2270 3705 2341 λαμπρὸς

2132 2354 2226 2413 καὶ
2250 2354 2551 2427 περιφανὴς
2576 2395 2591 2419 ,
2623 2354 2718 2409 καὶ
2755 2353 2898 2409 κατά
2928 2353 3126 2423 κράτος
3161 2356 3193 2426 ἡ
3230 2353 3376 2429 νίκη.
3413 2352 3706 2411 Ἀπώλετο

2132 2436 2197 2490 τὸ
2217 2439 2615 2505 μνημόσυνον
2636 2437 2822 2493 αὐτοῦ
2840 2438 2967 2507 μετ’
2989 2436 3164 2507 ἤχου.
3198 2437 3389 2501 Ἄλλος
3407 2476 3423 2499 ,
3453 2436 3577 2497 Σὺν
3602 2438 3708 2493 αὐ-

2133 2520 2275 2591 τοῖς.
2323 2521 2383 2573 '0
2431 2520 2488 2575 δὲ
2528 2519 2806 2593 Ἐϐραῖος,
2842 2522 2949 2589 Ἕμ
2982 2532 3030 2575 ο.
3078 2521 3145 2575 τί
3175 2523 3290 2576 ἐστι
3312 2563 3326 2581 .
3359 2523 3497 2576 Μετ’
3517 2519 3707 2591 ἤχους

2137 2604 2207 2656 Ἢ
2239 2603 2337 2673 τὴν
2368 2601 2740 2673 πανωλεθρίαν
2775 2603 2939 2674 φησὶν
2959 2642 2974 2665 ,
3007 2602 3038 2673 ἢ
3077 2602 3138 2656 16
3165 2603 3447 2673 διωλύγιον
3478 2603 3710 2671 τῶνοκα-

2134 2685 2265 2740 κῶν.
2295 2685 2404 2739 Καὶ
2434 2684 2590 2739 τοῦτο
2622 2686 2679 2739 δὲ
2710 2685 2821 2756 τῆς.
2841 2686 2933 2739 τοῦ
2968 2685 3103 2740 Θεοῦ
3145 2686 3469 2759 κηδεμονίας
3491 2729 3505 2752 ,
3538 2687 3600 2741 16
3632 2686 3707 2758 μὴ

2134 2769 2499 2833 λανθανόντως
2519 2770 2693 2824 ταῦτα
2722 2772 2913 2835 ποιεῖν,
2934 2771 3021 2827 ἵνα
3041 2773 3161 2836 ταῖς
3183 2772 3268 2826 ἐτέ
3277 2788 3382 2843 ρων
3406 2773 3710 2843 συμφοραῖς

2137 2855 2232 2908 καὶ
2256 2854 2434 2925 ἕτεροι
2476 2856 2737 2921 γένωνται
2768 2853 3026 2926 βελτίους.
3057 2855 3131 2909 T6
3176 2853 3473 2927 περιφανὲς
3499 2848 3592 2908 οὖν
3616 2853 3711 2925 δη·-

2136 2937 2222 2990 λοί
2251 2936 2349 3005 τῆς
2375 2934 2669 2999 ἀπωλείας.

2206 3018 2249 3071 δ’
2260 3060 2271 3071 .
2292 3017 2402 3071 Καὶ
2418 3020 2451 3071 ό
2468 3020 2681 3086 Κύριος
2695 3021 2783 3086 εἰς
2800 3019 2907 3073 τὸν
2918 3017 3103 3074 αἰῶνα
3117 3019 3302 3089 μένει.
3329 3017 3540 3083 Ἄλλος,
3557 3019 3708 3074 Καθ-

2137 3099 2372 3155 εδεῖται.
2421 3100 2495 3154 T6
2519 3101 2626 3173 γὰρ
2661 3102 2929 3175 καθῆσθαι
2957 3101 3223 3174 πολλαχοῦ
3248 3103 3341 3157 ἐπὶ
3361 3102 3456 3155 τοῦ
3485 3100 3710 3172 μονίμου

2137 3184 2236 3254 τῆς
2262 3183 2448 3249 οὐσίας
2468 3186 2673 3238 κεῖταιο
2702 3185 2778 3249 ώς
2806 3187 2900 3239 καὶ
2944 3186 3212 3256 Ἱερεμίας
3238 3185 3387 3255 δῆλοί
3410 3185 3603 3254 λέγων,
3624 3183 3711 3238 Σὺ

2138 3265 2475 3334 καθήμενος
2502 3269 2590 3333 είς
2611 3266 2722 3321 τὸν
2750 3268 2953 3323 αἰῶνα.
2990 3269 3100 3322 Καὶ
3136 3270 3167 3322 6
3208 3268 3456 3338 Ἐϐραῖος
3485 3267 3715 3323 ἐνταῦθα

2151 3350 2351 3419 Ἰησήϐ
2375 3367 2527 3420 φησι.
2558 3350 2806 3422 Συνεχῶς
2841 3349 2997 3407 τοῦτο
3026 3350 3173 3419 λέγει
3219 3351 3250 3403 6
3288 3352 3572 3422 προφήτης
3619 3350 3715 3404 ἐπὶ

2138 3433 2236 3501 τῆς
2262 3433 2537 3497 ἀπωλείας
2563 3431 2672 3485 τῶν
2706 3429 3024 3504 ἀνθρώπων,
3068 3432 3285 3496 δεικνὺς
3303 3433 3467 3486 αὐτοῦ
3497 3431 3560 3485 16
3585 3433 3713 3486 ἀτε-

2138 3515 2393 3588 λεύτητον
2422 3519 2521 3586 τῆς
2558 3514 2748 3576 οὐσίας
2770 3554 2786 3575 ,
2814 3513 2907 3569 καὶ
2947 3514 3028 3568 ὅτι
3058 3514 3121 3568 16
3149 3514 3250 3584 μὲν
3276 3513 3386 3567 τῶν
3412 3513 3714 3587 ἀνθρώπων

2139 3600 2294 3669 γένος
2330 3598 2609 3668 ἐπίκηρον.
2655 3597 2718 3650 Ἢ
2748 3596 2805 3650 δέ
2837 3596 3046 3651 ἐκείνου
3076 3596 3234 3653 οὐσία
3263 3595 3358 3651 καὶ
3389 3597 3424 3666 ἡ
3466 3595 3714 3667 μεγαλωο

2141 3683 2272 3753 σύνη
2302 3680 2674 3748 ἀτελεύτητος.
2709 3677 2879 3735 Τοῦτο
2916 3679 2973 3736 δέ
3001 3683 3146 3737 ποιεῖ
3190 3679 3283 3737 τὸν
3332 3677 3497 3748 φόϐον
3538 3679 3714 3750 ἐπαρ-

2139 3765 2247 3821 τῶν
2268 3804 2284 3823 .
2311 3763 2395 3817 ίνα
2427 3761 2764 3833 ἑκατέρωθεν
2800 3754 2935 3817 ὦσιν
2972 3762 3132 3818 αὐτὸν
3163 3762 3480 3835 τρέμοντες,
3508 3761 3603 3816 καὶ
3624 3759 3715 3816 διά

2137 3847 2199 3907 τὸ
2247 3844 2473 3916 μέγεθος
2502 3844 2667 3903 αὐτοῦ
2717 3848 2817 3918 τῆς
2852 3844 3040 3917 δόξης,
3072 3847 3169 3901 καὶ
3196 3844 3285 3901 διὰ
3310 3845 3371 3899 16
3399 3843 3586 3908 ἀτελὲς
3613 3843 3715 3912 τῆς

2137 3929 2342 3992 οἰκείας
2370 3927 2559 3990 οὐσίας
2580 3965 2594 3987 ,
2623 3928 2718 3982 καὶ
2744 3929 2821 3993 ὡς
2853 3928 2940 3985 ἀεὶ
2969 3929 3219 4000 μένοντα,
3254 3929 3348 3985 καὶ
3374 3927 3451 3990 ώς
3474 3926 3563 3980 ἀεὶ¹
3596 3924 3717 3996 μεθ’

2139 4011 2442 4087 ὑπερϐολῆς
2470 4011 2785 4079 κολάζοντα.
2814 4015 2878 4073 Εἰ
2906 4013 2962 4069 δὲ
2991 4015 3096 4085 χρή
3126 4030 3180 4068 τι
3211 4012 3305 4067 καὶ
3332 4008 3473 4065 κατά
3497 4009 3714 4076 ἀναγω-

2137 4097 2239 4169 γὴν
2276 4097 2486 4160 εἰπεῖν,
2517 4095 2579 4153 οὐ
2613 4094 2997 4167 παραιτητέον.
3034 4094 3114 4149 Τὰ
3163 4092 3263 4163 μὲν
3300 4091 3406 4162 γὰρ
3461 4090 3576 4145 ἔστι
3620 4089 3715 4143 καὶ

2138 4178 2414 4251 θεωρῆσαι
2435 4194 2451 4211 ο
2479 4179 2549 4233 τὰ
2592 4178 2649 4231 δὲ
2674 4177 2817 4231 οὐτω
2838 4176 2921 4231 δεῖ
2946 4178 3086 4228 νοεῖν
3110 4213 3126 4236 ,
3159 4174 3235 4239 ώς
3276 4172 3487 4242 είρηται
3516 4170 3676 4243 μόνον
3695 4189 3710 4201 ·

2135 4261 2212 4325 ὡς
2237 4262 2317 4324 16.
2349 4262 2444 4317 Ἐν
2470 4259 2629 4331 ἀρχῇ
2652 4260 2940 4327 ἐποίησεν
2962 4260 2995 4311 ό
3016 4256 3159 4322 Θεὸς
3195 4254 3301 4309 τὸν
3330 4253 3591 4324 οὐρανὸν
3614 4251 3715 4308 καί

2136 4344 2251 4412 τὴν
2299 4343 2455 4416 γῆνο
2498 4343 2567 4397 τὰ
2612 4343 2666 4395 δὲ
2722 4339 3048 4403 ἀπεναντίας
3087 4342 3206 4403 ταῖς
3240 4338 3480 4407 λέξεσινο
3521 4338 3597 4403 ὡς
3627 4338 3712 4403 16,

2141 4427 2408 4497 Ἔλαφος
2446 4423 2652 4493 φιλίας
2678 4462 2693 4484 ,
2738 4422 2836 4476 καί
2869 4420 3072 4487 πῶλος
3102 4419 3231 4476 σῶν
3262 4422 3549 4491 χαρίτων,
3590 4423 3715 4490 ὀμι-

2135 4507 2311 4560 λείτω
2329 4522 2449 4559 σοι.
2465 4505 2572 4557 Καὶ
2590 4503 2749 4557 πάλιν
2765 4518 2780 4532 ·
2809 4505 3008 4558 Ἔστω
3036 4517 3135 4556 σοι
3155 4506 3319 4574 μόνῳ
3345 4501 3714 4572 ὑπάρχοντα,

2137 4587 2236 4640 καί
2275 4585 2490 4655 μηδεὶς
2521 4586 2839 4653 ἀλλότριος
2888 4586 3235 4655 μετασχέτω
3287 4586 3409 4641 σοί.
3454 4585 3517 4639 Ἠ
3551 4582 3713 4653 πηγή

2138 4684 2254 4723 σου
2287 4663 2393 4723 τοῦ
2420 4668 2638 4734 ὕδατός
2668 4682 2769 4722 σοι
2793 4668 2950 4722 ἔστω
2981 4668 3165 4735 μόνῳ.
3194 4666 3367 4722 Τοῦτο
3387 4667 3496 4738 γὰρ
3519 4705 3533 4730 ,
3556 4665 3622 4719 ἀν
3652 4665 3715 4719 16

2138 4751 2388 4821 κείμενον
2414 4751 2614 4822 νοήσῃς
2630 4791 2646 4816 ,
2675 4751 2769 4806 καὶ
2803 4751 2876 4823 μὴ
2905 4748 3083 4822 φύγῃς
3110 4752 3208 4822 μέν
3232 4750 3294 4804 16
3317 4750 3485 4821 ῥῆμα,
3512 4746 3716 4820 διιῖικῃς

2134 4834 2195 4888 δὲ
2223 4834 2286 4888 16
2312 4833 2492 4905 νόημα
2514 4874 2530 4897 ,
2566 4834 2662 4887 καὶ
2688 4833 2890 4903 πολλῆς
2910 4832 3303 4904 ἀπανθρωπίας
3329 4832 3468 4896 ἐστὶ,
3491 4831 3553 4885 τὸ
3582 4831 3717 4903 μηδὲ

2139 4917 2329 4982 ὕδατός
2354 4935 2460 4971 τινι
2495 4917 2846 4988 μεταδοῦναιο
2878 4916 2994 4971 ἀλλ’
3028 4915 3263 4973 ἐνταῦθα
3292 4915 3422 4987 περὶ
3458 4913 3716 4983 γυναικὸς

2137 5002 2167 5055 6
2208 4998 2394 5068 λόγος,
2444 4999 2583 5053 ὥστε
2616 5000 2787 5070 αὐτῆς
2816 4998 3111 5055 ἀπολαύειν
3155 4998 3294 5069 μετά
3341 4996 3712 5070 σωφροσύνης,

2138 5083 2320 5153 πηγὴν
2348 5081 2526 5135 καλῶν
2558 5082 2752 5153 αὐτὴν,
2775 5083 2868 5137 καὶ
2899 5081 3119 5151 Ελαφον,
3146 5079 3236 5138 διὰ
3257 5079 3318 5135 16
3345 5079 3586 5152 καθαρὸν
3613 5079 3714 5149 τῆς

2137 5166 2230 5220 τοῦ
2254 5165 2433 5236 γάμου
2465 5164 2768 5228 συνουσίας.
2794 5166 2904 5221 Καὶ
2928 5163 3163 5223 ἐνταῦθα
3195 5162 3295 5235 μέν
3317 5163 3490 5227 οὕτως
3514 5179 3527 5194 ο
3554 5161 3715 5219 ἀλλα-

2202 5305 2225 5333 ο
2252 5302 2368 5364 Ἐμ.
2392 5312 2521 5360 man
2548 5301 2813 5363 legendum
2840 5299 2968 5348 haud
2986 5297 3135 5347 dubie
3157 5297 3304 5362 ἐμμα,
3330 5301 3385 5346 ιιι
3402 5295 3452 5344 in
3476 5291 3716 5364 Hexaplis

2138 5363 2336 5423 nostris.
2382 5372 2570 5421 Savil.:
2604 5385 2622 5417 ι
2648 5369 2923 5431 Διωλύγιον·
2965 5367 3116 5431 ἠχοῦν
3165 5368 3242 5418 ἐπὶ
3278 5364 3437 5431 πολὺ,
3474 5363 3596 5431 μέγα
3632 5366 3715 5431 καῖ

2139 5385 2336 5423 nostris.
2382 5385 2570 5421 manu:
2604 5385 2622 5417 ι
2648 5385 2923 5431 Διωλνγιον·
2965 5385 2996 5426 η
3034 5385 3116 5417 ουν
3165 5385 3242 5418 eti
3295 5385 3437 5425 ποΑυ,
3474 5385 3596 5426 pq:
3632 5385 3715 5412 παι

2139 5434 2342 5497 σφοδρὸν
2365 5433 2713 5497 διατεταμένον.
2740 5430 2955 5497 Hesych,
2972 5385 3062 5497 βξιὶ
3099 5430 3441 5497 ιερεηίὶοηιιιι·
3461 5425 3610 5497 ςιὶοω
3631 5427 3716 5474 alii

2137 5484 2457 5556 gi-am'mauci.
2480 5484 2819 5556 Eijmolpgus,
2842 5484 3174 5556 διωλύγιον,τὸ
3189 5484 3720 5556 διόλου-ἰόνείιιίεζφτεε

2138 5548 2304 5615 Ξιιιθτ,
2343 5548 3230 5616 εεοιιῐιιέιιὶωἱιῖιπιεὶεηίῆὲδιίοοοω
3266 5549 3424 5616 νιενὺίΔ
3439 5548 3717 5616 ιλολαωζ.

2137 5619 2220 5666 Sic
2240 5607 2405 5691 96W,
2425 5618 2576 5691 xor"!
2613 5607 2891 5691 inmte?"
2907 5615 3152 5691 δεῖνεευξ
3168 5607 3719 5691 εξὲὲνηίύεεριξιέξ

2137 5670 2319 5735 κακῶν,
2339 5677 2579 5741 malorum
2602 5670 3008 5741 φοιτώσῃ-αυξτ
3024 5686 3143 5741 sane
3163 5686 3363 5741 squpm
3384 5670 3719 5741 (Σιριςγεοειοιηξ

2141 5753 2234 5787 non
2263 5731 2481 5802 pérfgcic
2508 5739 2809 5802 exprimunt:
2852 5731 2971 5802 Na’m
2994 5737 3208 5797 explicat
3245 5734 3339 5783 ille
3360 5731 3479 5802 Quid
3503 5732 3571 5781 sit
3591 5731 3720 5802 iliud

2134 5796 2456 5855 mm'sonilu.
2508 5796 2715 5849 ui'luce
2766 5799 2948 5848 clarius
2990 5796 3112 5856 est;
3161 5808 3322 5856 quam
3363 5796 3512 5852 longe
3555 5796 3719 5856 aplius

2137 5869 2314 5913 wrlas.
2358 5854 2590 5909 ululaiwn
2635 5859 2694 5909 ob
2740 5857 2958 5911 immissa
3019 5854 3362 5907 malaJI’auio
3412 5859 3521 5914 post
3570 5855 3717 5912 ἰησήὸ

2135 5923 2387 5972 ΙΙιείπειὶιὶς
2407 5923 2584 5972 ιὶιιοτὶς
2607 5927 2679 5970 est
2705 5930 2833 5979 3:137.
