4112 6214
395 380 583 455 παῖε,

394 495 520 566 facie
547 503 654 547 tua.
696 490 793 549 llic
816 503 1029 562 quoque
1053 497 1134 543 est
1160 500 1276 542 mos
1300 487 1545 552 amantis,
1588 494 1842 555 perpetuo
1887 484 1966 539 di—

392 600 515 641 cere
541 581 820 645 beneficia,
869 589 925 635 et
961 580 1014 633 itt
1041 579 1106 643 iis
1150 576 1250 631 sibi
1297 575 1539 646 placere:
1574 575 1676 629 hoc
1717 576 1857 630 enim
1904 574 1972 629 ab

392 689 575 729 amore
601 671 978 746 proficiscitur,
1011 678 1065 724 ct
1091 669 1261 738 ipsum
1292 683 1476 722 rursus
1515 682 1750 720 amorem
1776 681 1969 720 accen-

393 770 490 823 dit.
519 768 635 823 Non
667 764 930 825 aberrarit
956 772 1130 818 autem
1158 762 1437 832 quispiam,
1469 761 1513 815 si
1535 760 1862 814 dixeritemn
1887 758 1973 813 hic

394 863 554 916 etiam
583 859 763 914 dicere
792 857 1054 920 inimicos,
1075 853 1164 924 qui
1193 863 1370 907 mente
1396 852 1567 906 Solum
1591 849 1968 920 percipiuntur.

393 951 526 1006 Nam
545 950 579 1004 ii
597 963 804 1023 quoque
822 953 1148 1007 avertuntur,
1171 942 1381 1023 quando
1401 955 1715 1012 generosam
1742 940 1973 992 animant

397 1016 1197 1104 invenerint:Quemadmodum
1244 1016 1386 1089 enim
1430 1032 1583 1087 basta
1617 1044 1736 1101 qute
1776 1029 1826 1082 in
1866 1032 1976 1097 cly-

398 1148 554 1204 peum
573 1131 777 1196 incidit,
808 1132 853 1184 si
874 1129 1048 1183 mollis
1074 1127 1285 1198 quidem
1309 1127 1399 1191 sit,
1427 1140 1547 1180 eum
1569 1122 1852 1186 exscindit,
1883 1121 1979 1174 du-

398 1242 459 1279 ro
483 1234 660 1278 autem
691 1233 742 1276 et
766 1219 1073 1292 repugnanti
1114 1217 1246 1271 nihil
1270 1215 1413 1280 facit,
1447 1213 1543 1268 sed
1588 1212 1783 1266 reflexa
1822 1212 1936 1265 tri-ie
1957 1252 1971 1275 ,

399 1331 534 1371 vana
559 1324 614 1370 et
642 1314 836 1369 inutilis
856 1312 1052 1368 excidit
1081 1328 1096 1364 :
1126 1311 1196 1365 ita
1224 1311 1385 1364 etiam
1425 1306 1673 1361 usuvenit
1702 1305 1751 1357 in
1779 1305 1975 1357 anima.

400 1407 459 1462 Si
485 1406 696 1461 mollem
726 1405 865 1459 enim
896 1414 950 1459 et
973 1401 1257 1456 delicatam
1287 1398 1585 1453 invenerint
1603 1396 1705 1450 tela
1725 1394 1976 1463 quaeaut-

402 1506 584 1551 tutttur
606 1511 635 1549 a
656 1496 886 1555 diabolo,
913 1494 964 1545 in
989 1488 1306 1561 profundum
1331 1488 1621 1557 pervadunt
1652 1504 1665 1538 :
1697 1486 1776 1539 sin
1799 1492 1976 1538 autem

401 1588 589 1641 duram
616 1594 670 1639 et
696 1584 1031 1648 validiorem,
1064 1589 1117 1635 et
1145 1580 1260 1649 ipse
1284 1578 1392 1631 abit
1421 1593 1478 1631 re
1502 1577 1711 1639 infecta,
1745 1586 1795 1627 et
1818 1577 1864 1627 ei
1899 1577 1972 1627 tti-

400 1680 473 1733 hil
500 1678 623 1732 mali
654 1678 795 1740 facit,
823 1675 1054 1744 duoque,
1105 1674 1212 1725 imo
1236 1685 1361 1727 vero
1390 1670 1485 1725 tria
1511 1683 1577 1723 ex
1606 1684 1670 1722 eo
1697 1666 1977 1734 capiuntur

396 1770 673 1829 commoda
716 1786 729 1820 :
774 1782 895 1820 nam
922 1769 1090 1835 ipsam
1119 1762 1247 1817 nihil
1288 1762 1462 1826 lwdit,
1494 1760 1587 1814 sed
1616 1759 1789 1813 reddit
1814 1769 1973 1812 etiam

395 1863 689 1926 fortiorem,
716 1871 770 1915 et
808 1860 922 1928 ipse
944 1873 1013 1915 cx
1036 1873 1101 1913 eo
1128 1853 1438 1909 imbecillior
1463 1853 1661 1907 evadit.
1689 1850 1976 1906 Considera

394 1966 569 2011 autettt
587 1948 854 2023 quomodo
875 1948 967 2003 Dei
989 1947 1236 2000 virtutem
1257 1943 1525 2013 ptazdicat.
1550 1942 1973 2009 lnﬁrmabnntur,

395 2046 582 2116 inquit,
608 2055 652 2098 et
670 2041 898 2112 peribunt
914 2056 945 2090 a
965 2038 1095 2108 {acie
1110 2044 1214 2088 tua.
1236 2035 1435 2087 ltursus
1449 2048 1568 2087 cum
1588 2030 1740 2085 audis
1755 2031 1939 2084 facient
1956 2069 1975 2095 ρ

397 2139 525 2195 nihil
542 2136 827 2206 suSpiceris
839 2144 1175 2202 corporeum.
1198 2127 1291 2179 Hic
1305 2128 1444 2181 enim
1465 2124 1826 2194 epet'atiouem
1841 2121 1977 2189 ejus,

396 2228 701 2294 adventum,
732 2232 787 2280 et
808 2224 923 2293 ejus
948 2221 1133 2275 virium
1179 2217 1480 2273 facilitatem
1510 2214 1770 2285 significat
1802 2230 1815 2266 :
1843 2214 1980 2269 sicut

398 2320 522 2375 alibi
547 2320 674 2374 dicit
701 2334 717 2372 :
750 2315 849 2382 Qui
891 2312 1089 2382 respicit
1126 2320 1354 2364 terram:
1381 2320 1426 2362 et
1457 2309 1577 2379 facit
1622 2323 1732 2361 eam
1773 2316 1981 2360 tremere

409 2406 721 2481 (l’sal.105.
746 2406 829 2475 2),
855 2406 928 2457 ita
954 2405 1038 2455 hic
1078 2401 1234 2455 etiam
1262 2400 1400 2453 idem
1428 2399 1571 2452 dicit.
1606 2397 1814 2452 Sufficit
1836 2398 1979 2451 enini

414 2499 562 2555 solus
588 2497 805 2553 obtutus
850 2493 917 2547 ad
942 2490 1241 2565 perdendos
1261 2489 1550 2556 improbos.
1577 2488 1633 2541 Si
1675 2488 1814 2540 enim
1854 2503 1980 2541 san-

411 2598 616 2645 ctorum
652 2583 934 2654 praesentia
983 2580 1106 2633 facit
1145 2578 1283 2633 vires
1326 2578 1624 2631 daemonum
1668 2575 1987 2639 imbecillas,

414 2683 576 2739 multo
604 2678 771 2748 magis
799 2676 912 2731 Dei.
944 2674 1001 2729 Si
1027 2674 1141 2743 ejus
1169 2670 1340 2741 fulgur
1366 2682 1627 2738 apparens
1663 2682 1848 2722 omnes
1877 2676 1985 2722 ter~

409 2790 530 2831 rore
549 2772 732 2835 afficit,
758 2766 1033 2825 considera
1060 2765 1201 2819 illam
1224 2762 1513 2833 potentiam
1535 2759 1602 2813 ab
1622 2759 1836 2812 interitu
1856 2759 1984 2812 alie.

409 2880 566 2930 nam,
609 2859 875 2932 quomodo
922 2865 1122 2919 terret,
1172 2851 1438 2924 quomodo
1482 2850 1655 2921 perdit
1696 2849 1986 2916 improbos.

412 2957 597 3017 Vidisti
624 2968 792 3026 genus
837 2948 1204 3021 hymnorum?
1248 2945 1423 3000 vidisti
1466 2942 1679 2997 modum
1720 2941 1987 3013 glorifica-

410 3050 586 3116 tionis,
607 3057 661 3102 et
692 3042 958 3116 quomodo
989 3041 1103 3112 ejus
1142 3046 1322 3093 narrat
1366 3035 1686 3107 potentiam?
1718 3032 1833 3089 Non
1862 3049 1987 3102 par-

408 3158 531 3198 vum
562 3150 739 3195 autem
786 3137 909 3191 ltinc
938 3135 1093 3189 docet
1131 3130 1321 3199 dogma
1366 3125 1732 3199 philosophia},
1760 3139 1880 3179 cum
1908 3125 1987 3179 di-

408 3238 506 3300 xit,
536 3232 766 3289 Psallam
785 3227 975 3282 nomini
1001 3236 1108 3290 tuo,
1138 3222 1409 3283 Altissinte.
1439 3219 1564 3275 Cum
1587 3233 1851 3272 conversus
1878 3221 1988 3287 {ue-

408 3328 475 3381 rit
500 3324 731 3380 inimicus
750 3336 887 3374 meus
907 3328 1197 3371 retrorsum.
1229 3312 1379 3381 Quod
1409 3327 1536 3366 vero
1568 3311 1669 3363 hoc
1694 3310 1811 3363 est?
1835 3307 1985 3375 Quod

410 3434 517 3474 non
556 3415 731 3473 solum
757 3413 812 3467 in
837 3406 1228 3470 afflictionibus,
1256 3404 1349 3459 sed
1375 3401 1611 3458 etiamin
1643 3402 1800 3456 rebus
1840 3410 1987 3452 tran-

408 3506 585 3578 quillis
611 3519 671 3560 se
695 3501 965 3557 moderate
1005 3495 1188 3567 gessit.
1216 3493 1363 3549 Multi
1400 3491 1541 3546 enim
1566 3489 1721 3544 malis
1758 3487 1988 3543 humiles

408 3577 603 3663 effecti,
632 3592 925 3650 redduntur
968 3587 1215 3644 meliores
1248 3603 1260 3638 :
1292 3584 1446 3640 bonis
1486 3592 1685 3648 autent,
1713 3577 1988 3635 socordio-

420 3704 506 3744 res
528 3698 581 3743 et
596 3685 894 3757 ignaviores
917 3698 931 3734 :
953 3679 1093 3751 quod
1122 3677 1333 3748 quidem
1363 3674 1495 3729 infra
1516 3674 1643 3727 dicit
1662 3674 1728 3726 de
1746 3670 1944 3726 Judaeis
1969 3685 1984 3723 :

418 3777 634 3847 Quando
662 3774 915 3829 occidebat
949 3771 1108 3839 ipsos,
1136 3778 1251 3821 tunc
1290 3763 1573 3836 quwrebant
1618 3764 1784 3832 ipsum
1813 3758 1985 3831 (Psal.

416 3874 504 3928 Π.
524 3872 636 3941 54).
652 3869 756 3925 Sed
778 3881 887 3921 non
907 3872 990 3918 est
1011 3863 1095 3916 ltie
1110 3859 1369 3930 ejusmodi
1389 3876 1404 3923 ',
1429 3859 1533 3910 into
1558 3858 1717 3910 etiam
1741 3854 1795 3907 in
1824 3853 1986 3907 rebus

413 3964 658 4022 secundis
704 3962 1008 4016 moderatus
1044 3964 1159 4017 est,
1186 3963 1242 4007 et
1267 3952 1508 4020 vigilans.
1552 3947 1666 4003 Non
1705 3956 1787 4001 est
1811 3954 1988 4000 autem

416 4059 518 4115 hoc
542 4070 724 4126 parum
752 4052 818 4107 ad
846 4047 1254 4122 philosOpbiam.
1278 4044 1331 4098 5.
1365 4042 1611 4109 Quoniam
1657 4038 1816 4112 fecisti
1841 4037 1991 4108 judi-

416 4153 548 4204 u'utn
586 4164 767 4212 meum,
795 4157 841 4200 et
868 4157 1074 4197 causam
1103 4155 1285 4192 meum.
1312 4137 1483 4202 Alius,
1503 4133 1753 4185 Judicasti
1797 4148 1888 4200 pro
1917 4146 1995 4184 me

420 4244 514 4317 (a).
542 4242 731 4297 Sedistt'
757 4254 907 4308 super
933 4236 1169 4288 thronum
1192 4231 1278 4300 qui
1295 4228 1501 4299 judicas
1528 4224 1786 4290 iustitiam.
1816 4224 1864 4276 li.
1899 4219 1995 4273 ln-

417 4311 630 4404 crepusti
657 4344 845 4403 gentes,
869 4337 917 4383 et
933 4326 1076 4397 periit
1102 4324 1310 4386 impius.
1339 4320 1487 4374 Alius
1517 4333 1530 4369 :
1556 4312 1850 4369 Perdidisti.
1880 4311 1992 4363 .κό-

420 4400 531 4481 tneu
556 4400 671 4494 ejus
688 4420 863 4474 delcsti
884 4419 936 4471 in
956 4427 1219 4482 aeternum,
1241 4420 1287 4465 et
1310 4413 1365 4464 in
1387 4408 1626 4464 sazcutunt
1650 4403 1845 4460 steculi.
1868 4400 1998 4455 Vide

421 4534 602 4573 rursus
642 4515 738 4568 viri
773 4507 1180 4582 philosophiam,
1207 4501 1474 4575 quomodo
1503 4513 1609 4553 non
1638 4497 1752 4565 ipse
1782 4494 1995 4548 ulcisci-

421 4623 505 4665 tur
522 4605 785 4668 inimicos,
807 4601 901 4655 sed
927 4600 1036 4655 Deo
1049 4596 1289 4653 concedit
1311 4592 1591 4665 judicium,
1608 4602 1830 4643 servans
1862 4601 1995 4655 pra:-

419 4712 628 4771 coptmn
668 4694 1040 4766 apostolicum,
1069 4687 1190 4743 Non
1236 4703 1318 4740 vos
1347 4686 1480 4755 ipsos
1506 4681 1795 4737 ulciscentes
1815 4678 1994 4748 (Rom.

424 4767 509 4849 1.2.
548 4789 779 4861 l9).l\‘on
810 4787 912 4839 hoc
936 4790 1113 4837 autem
1140 4779 1312 4833 solmn
1337 4775 1517 4830 videre
1557 4786 1868 4842 possumus;
1899 4767 1997 4823 scd

422 4885 565 4956 quial
592 4885 707 4937 haec
730 4881 887 4935 etiam
928 4875 1121 4946 injuste
1168 4885 1350 4942 passus
1369 4870 1455 4923 sit.
1480 4865 1591 4920 Nisi
1616 4862 1759 4919 enim
1802 4861 2000 4930 injuste

424 4955 567 5037 esset
596 4990 803 5047 passus,
832 4987 899 5025 ea
930 4970 1069 5024 Deus
1107 4983 1212 5021 non
1235 4970 1380 5021 esset
1427 4960 1588 5014 ultus.
1617 4955 1807 5012 Sedisti
1852 4970 2003 5023 super

425 5075 659 5128 thronum
681 5069 764 5138 qui
781 5064 986 5137 judicas
1012 5059 1283 5129 iustitiam.
1308 5054 1551 5111 Humano
1574 5064 1723 5104 more
1748 5049 2000 5116 loquitur,

425 5170 611 5224 dicens
634 5163 882 5217 thronum
909 5168 963 5212 et
990 5151 1319 5213 cathedram.
1352 5145 1480 5202 Illud
1503 5156 1701 5208 autem,
1734 5140 1832 5204 Qui
1859 5138 2005 5208 judi-

426 5277 511 5314 cus
530 5255 801 5329 justitiam,
827 5249 879 5303 id
912 5246 1036 5302 dicit
1059 5242 1200 5315 quod
1234 5248 1317 5294 est
1348 5239 1454 5294 Deo
1481 5244 1815 5295 consuetum,
1846 5239 1899 5284 et
1926 5237 2008 5282 est

429 5320 550 5421 ejus
587 5342 897 5402 subsmntiw
942 5338 1285 5411 praecipuum.
1316 5331 1374 5386 in
1397 5325 1705 5383 hominibus
1733 5320 1874 5375 enim
1902 5334 2006 5373 non

430 5411 555 5500 licet
574 5440 675 5494 hoc
694 5437 892 5491 dicere.
917 5430 1031 5485 Non
1050 5426 1290 5496 judicent
1307 5420 1450 5476 enim
1466 5415 1747 5488 justitiam,
1766 5413 1865 5467 etsi
1889 5411 2009 5465 mil-

431 5535 527 5590 lies
541 5529 815 5602 jusdsint,
845 5533 903 5577 ut
925 5519 1015 5590 qui
1044 5511 1325 5585 aliquando
1342 5519 1562 5582 propter
1596 5504 1886 5570 inscitiam,
1906 5501 2009 5556 an-

496 5727 568 5779 la)
596 5725 711 5770 tltec
745 5713 917 5773 lectio,
955 5703 1206 5759 Jttdicasti
1245 5717 1337 5767 pro
1364 5716 1439 5753 me
1484 5696 1850 5771 (ῥπερεδίκασάς
1882 5693 2019 5821 non),

496 5793 525 5821 ιι
564 5779 783 5821 Δαιιίιεη-
832 5786 1051 5821 seuuetts
1091 5775 1262 5820 autem
1286 5803 1301 5821 ,
1347 5762 1627 5816 Perdidisti
1684 5760 1967 5821 (ἀπώλεσας
2006 5791 2019 5816 ,

447 5760 1051 5845 est‘IA'qu‘iistequeus
1091 5760 1301 5829 autem,
1347 5760 1627 5816 Perdidisti
1684 5760 2021 5824 (ἀπώλεσας),

350 5856 363 5869 ’
437 5840 733 5907 Sj‘tttutacbi.

1562 374 1915 433 EXPOSITIO
1953 373 2017 430 IN
2056 363 2372 430 μεελωιωι
2411 375 2500 431 IX.

3553 394 3653 450 136

2076 486 2286 554 quando
2313 498 2527 557 propter
2547 489 2865 557 socordiam,
2886 493 3025 564 quod
3053 494 3251 564 justum
3271 509 3353 555 est
3374 501 3614 573 ignorent
3634 524 3649 559 ;

2077 578 2216 632 Deus
2236 595 2362 634 vero
2380 581 2469 648 qui
2488 581 2556 636 ab
2578 581 2661 637 his
2678 584 2926 640 onmibus
2948 586 3084 643 liber
3101 599 3206 651 est,
3226 603 3283 646 et
3297 595 3471 650 sciens
3485 608 3541 653 et
3560 613 3653 652 vo-

2075 668 2190 723 lens
2212 669 2410 738 justam
2442 670 2543 725 fert
2564 675 2903 729 sentcntiam.
2930 676 3069 735 Illud
3099 696 3247 751 ergo,
3278 682 3469 747 Satist:
3501 704 3653 759 super

2036 802 2040 811 .
2077 761 2334 826 thronum,
2357 762 2908 834 judicasti,siguilicat,
2938 781 3290 840 persequutus
3311 790 3391 838 es,
3413 777 3553 832 ultus
3570 794 3651 833 es.

2078 847 2359 918 lncrepasti
2398 860 2588 921 gentes,
2614 864 2660 906 et
2688 854 2834 921 periit
2862 857 3066 926 impius.
3092 859 3247 915 Vides
3268 865 3535 930 quomodo
3557 882 3651 920 ar-

2079 938 2179 993 mis
2196 938 2304 1018 _Deo
2325 955 2429 994 non
2450 956 2583 1009 opus
2601 951 2702 1006 est,
2722 958 2824 998 non
2842 945 3040 1015 gladio,
3059 964 3162 1004 non
3184 966 3330 1018 arcu,
3356 969 3462 1009 non
3486 957 3649 1025 sagit-

2084 1026 2171 1089 tis,
2186 1028 2280 1081 sed
2310 1028 2395 1082 illa
2420 1028 2650 1087 humano
2681 1048 2827 1089 more
2842 1034 2981 1090 dicta
2996 1048 3152 1093 sunt:
3175 1040 3283 1095 Deo
3304 1043 3443 1096 enim
3459 1046 3655 1102 sufficit

2083 1118 2358 1187 increpare
2378 1130 2431 1175 et
2458 1121 2677 1191 perdere
2705 1138 2798 1181 eos
2813 1127 2901 1195 qui
2923 1128 3171 1194 puniendi
3208 1143 3352 1187 sunt.
3378 1136 3446 1192 Ut
3474 1148 3651 1194 autem

2080 1209 2194 1279 ejus
2219 1211 2508 1281 potentiam
2540 1213 2821 1283 intelligas,
2856 1219 2973 1273 audi
3000 1221 3159 1275 etiam
3178 1238 3298 1292 qua:
3339 1242 3649 1296 sequuntur.

2084 1296 2139 1350 Ν
2140 1315 2284 1351 omen
2310 1317 2480 1353 eorum
2502 1301 2679 1355 ΔελεΜὶ
2694 1304 2744 1356 in
2761 1313 3024 1371 internum,
3051 1319 3098 1361 et
3126 1311 3178 1364 in
3194 1319 3433 1368 saxulum
3456 1320 3650 1373 swculi.

2084 1388 2355 1443 Radicitus
2395 1392 2692 1459 perdidisti,
2730 1397 3062 1462 convulsisti,
3086 1400 3159 1455 ita
3186 1402 3461 1471 delevit-sti,
3479 1419 3534 1462 ut
3558 1425 3659 1463 eo-

2081 1495 2195 1543 rum
2241 1484 2402 1537 etiam
2451 1487 2664 1553 perierit
2702 1491 2978 1545 memoria.
3025 1493 3076 1546 7.
3124 1493 3327 1550 Inimici
3373 1499 3658 1571 defecerunt

2080 1573 2284 1637 [νιιηιεω
2300 1572 2351 1626 in
2367 1574 2537 1640 ﬁnem.
2553 1575 2722 1644 Alius,
2746 1579 2950 1655 Ruinw.
2974 1582 3229 1640 Hebraeus
3245 1597 3444 1655 autem,
3466 1592 3657 1646 ΑιύοιΙι

2081 1660 2180 1763 (a).
2213 1660 2277 1763 fit
2313 1664 2531 1723 civitates
2552 1654 2863 1725 dcstruxisti.
2904 1673 3041 1739 Quid
3075 1674 3176 1732 hoc
3200 1679 3322 1733 est?
3361 1680 3649 1749 Macltinis,

2080 1754 2270 1822 inquit,
2298 1763 2353 1809 et
2393 1759 2631 1815 consiliis
2673 1765 3020 1834 constttttptis,
3061 1784 3182 1823 eum
3230 1773 3460 1840 pr0priis
3491 1779 3656 1831 armis

2080 1844 2384 1901 destituisti.
2410 1848 2552 1905 Talis
2576 1861 2658 1907 est
2684 1854 2824 1909 enim
2849 1856 2923 1911 ira
2952 1857 3041 1915 Dei
3058 1875 3077 1914 :
3101 1863 3274 1915 omnia
3292 1863 3433 1918 delet
3452 1875 3509 1919 et
3534 1880 3653 1935 per-

2081 1937 2177 1993 dit.
2212 1937 2304 1993 Vel
2330 1946 2467 2009 quod
2496 1943 2634 1998 alius
2661 1946 2817 2001 docet
2860 1948 3149 2017 interpres,
3178 1952 3381 2018 dicens,
3410 1953 3655 2021 Deserta;

2082 2027 2135 2082 id
2165 2040 2266 2096 est,
2293 2030 2408 2087 Non
2440 2034 2608 2091 solum
2635 2052 2819 2092 eorum
2847 2039 3113 2108 civitates,
3138 2043 3231 2097 sed
3261 2045 3419 2099 etiam
3445 2046 3656 2104 deserta

2082 2121 2345 2189 delevisti,
2376 2135 2431 2179 et
2471 2127 2629 2182 urbes
2672 2130 2897 2185 diruisti.
2932 2132 3006 2186 ita
3052 2136 3195 2189 enim
3236 2137 3411 2206 justus
3458 2139 3655 2195 bellum

2081 2217 2333 2284 gerebat.
2383 2218 2451 2271 ita
2502 2220 2834 2278 advers;.rius
2889 2227 3298 2295 prosterttebat,
3350 2245 3456 2284 non
3504 2240 3660 2287 utens

2081 2308 2243 2363 armis
2272 2319 2327 2365 ct
2355 2312 2537 2376 hastis,
2581 2313 2674 2368 sed
2725 2315 2815 2371 Dei
2857 2317 3079 2373 auxilio.
3129 2320 3493 2392 Propter-caci
3520 2341 3658 2396 quo-

2083 2414 2186 2466 que
2228 2400 2425 2457 bellum
2454 2411 2537 2457 est
2584 2420 2672 2472 pra
2690 2405 2891 2463 clarum
2916 2421 2966 2463 et
2995 2408 3220 2481 insigne,
3246 2420 3302 2467 et
3328 2413 3380 2468 vi
3409 2425 3556 2484 parte
3577 2425 3665 2472 est

2084 2493 2324 2549 victoria.
2365 2494 2517 2550 Periit
2546 2513 2719 2553 eorum
2748 2503 2987 2555 memoria
3002 2518 3119 2557 cum
3139 2506 3323 2560 sonitu.
3347 2508 3517 2575 Alius,
3532 2507 3660 2563 Cum

2086 2582 2232 2648 ipsis.
2282 2583 2536 2641 llcbrteus
2577 2600 2774 2654 autem,
2804 2590 2922 2645 Em.
2966 2592 3106 2659 Quid
3148 2605 3249 2660 est,
3290 2594 3415 2655 Cum
3456 2600 3664 2652 sonitu?

2095 2670 2189 2725 Vel
2230 2671 2358 2727 dit-it
2408 2674 2842 2741 internecionem,
2880 2682 2967 2735 vel
3009 2683 3262 2738 ululatum
3304 2686 3380 2739 ob
3425 2688 3662 2742 immissa

2092 2762 2249 2819 ntala.
2297 2762 2408 2821 lloc
2444 2775 2527 2819 est
2571 2770 2731 2821 et'am
2762 2769 2851 2823 Dei
2894 2773 3256 2839 providentia,
3286 2776 3425 2844 quod
3453 2793 3558 2834 non
3588 2781 3666 2832 fs-

2092 2853 2325 2911 ciathoc
2374 2857 2614 2920 latenter,
2644 2867 2702 2913 ut
2726 2858 2951 2915 aliorum
2996 2863 3384 2919 calamitatibus
3409 2866 3498 2919 alii
3540 2867 3667 2921 red-

2091 2943 2285 2999 dantur
2308 2945 2579 3003 meliores.
2615 2948 2886 3018 Significat
2911 2964 3037 3019 ergo
3060 2950 3396 3009 manufestum
3423 2955 3664 3010 exitium.

2161 3037 2216 3092 4.
2258 3035 2325 3090 Et
2361 3036 2607 3094 Dominus
2649 3042 2701 3095 in
2732 3052 2973 3099 cateruam
3000 3055 3258 3113 permanet
3282 3046 3355 3115 (υ.
3382 3047 3463 3117 8).
3492 3048 3663 3116 Alius,

2093 3127 2319 3185 Sedebit.
2361 3129 2561 3189 Sedere
2610 3132 2756 3187 enim
2810 3146 2953 3202 sa'pc
2998 3134 3214 3203 punitur
3252 3151 3348 3204 pro
3390 3138 3565 3193 stabili
3610 3148 3665 3195 et

2095 3232 2441 3291 permanente
2469 3224 2802 3291 substantia;
2835 3234 2891 3280 ut
2931 3226 3164 3282 declarat
3199 3228 3359 3284 etiam
3384 3229 3668 3299 Jeremias,

2090 3315 2274 3370 dicens
2306 3333 2321 3370 :
2364 3315 2444 3369 Tu
2482 3316 2621 3372 sedes
2649 3318 2702 3371 in
2731 3320 2975 3372 swculum
2997 3317 3226 3392 (Boruclt
3278 3321 3335 3379 3.
3367 3323 3448 3393 ὅ).
3477 3324 3542 3378 Et
3569 3323 3671 3379 lle-

2094 3407 2267 3462 brutus
2292 3407 2375 3463 hic
2400 3406 2570 3464 Jeseb.
2601 3409 2866 3479 Propheta
2886 3411 3138 3466 hocdicit
3160 3412 3378 3468 assidue
3404 3415 3457 3468 in
3490 3414 3667 3470 homi-

2092 3517 2215 3557 num
2265 3504 2499 3567 tnteritu,
2533 3502 2819 3559 ostendens
2844 3503 3236 3559 interminatam
3262 3504 3379 3575 ejus
3405 3521 3523 3562 esse
3543 3508 3673 3563 sub-

2093 3594 2362 3660 stantiam,
2390 3602 2445 3649 et
2471 3593 2743 3649 hominum
2768 3593 2981 3664 quidem
3007 3609 3174 3665 genus
3192 3609 3315 3651 esse
3336 3595 3591 3650 caducum
3615 3605 3672 3651 et

2092 3693 2521 3739 utomctttaneum
2545 3702 2558 3736 :
2580 3684 2717 3740 illius
2736 3693 2914 3740 autem
2938 3684 3232 3740 substantia
3253 3693 3308 3743 et
3328 3685 3669 3754 magnificen-

2096 3776 2162 3830 tia
2191 3778 2350 3831 linem
2370 3790 2661 3845 numquam
2689 3776 2899 3844 accipit.
2924 3775 3036 3837 Hoc
3057 3785 3237 3831 autem
3266 3774 3396 3831 facit
3420 3775 3666 3830 timorem

2091 3869 2374 3933 incutiens,
2401 3879 2459 3925 ut
2477 3869 2682 3923 (inaltus
2703 3868 2953 3924 decausis
2976 3884 3099 3925 eum
3123 3870 3433 3934 tiuteant,et
3453 3877 3673 3940 propter

2096 3958 2509 4029 magnitudinem
2553 3958 2773 4027 gloriat,
2804 3967 2861 4012 et
2902 3967 3121 4028 propter
3149 3959 3406 4014 vilitatem
3446 3960 3674 4029 proprie

2096 4047 2427 4108 substantiae,
2457 4053 2513 4100 et
2540 4053 2596 4099 ut
2623 4059 2835 4112 semper
2862 4055 3188 4112 manentem,
3214 4056 3373 4115 atque
3393 4056 3453 4101 ut
3476 4049 3678 4102 miran-

2098 4138 2226 4192 dum
2269 4138 2320 4191 itt
2350 4136 2570 4193 modum
2618 4135 2943 4204 punientem.
2992 4136 3143 4200 Quod
3194 4137 3240 4190 si
3275 4136 3472 4206 aliquid
3512 4138 3677 4193 etiam

2100 4239 2308 4302 oportet
2330 4228 2509 4283 dicere
2521 4227 2832 4298 ansgogice,
2857 4226 2908 4282 id
2930 4240 3035 4281 non
3061 4236 3144 4282 est
3171 4227 3540 4282 recusandum.
3562 4229 3681 4285 Alis

2103 4324 2244 4379 enim
2274 4336 2557 4394 possumus
2577 4322 2735 4376 etiam
2760 4320 3109 4390 contemplari
3141 4338 3156 4375 :
3186 4320 3289 4375 alia
3318 4335 3446 4376 vero
3472 4321 3541 4376 ita
3557 4331 3684 4378 sum

2102 4415 2274 4471 solum
2303 4414 2645 4484 intelligenda
2704 4414 2842 4469 sicut
2863 4413 3006 4470 dicta
3038 4422 3165 4468 sunt
3191 4428 3208 4478 ;
3236 4411 3682 4482 quemadmodum

2105 4508 2230 4565 illud
2273 4527 2288 4565 :
2322 4507 2465 4563 Fecit
2507 4506 2647 4563 Deus
2677 4509 2858 4562 cretum
2903 4518 2952 4564 et
2980 4517 3163 4562 terram
3195 4504 3347 4578 (Gen.
3378 4506 3431 4561 l.
3465 4502 3542 4578 1);
3580 4506 3683 4561 alia

2100 4615 2231 4657 vero
2264 4600 2417 4655 aliter
2445 4614 2602 4670 quam
2647 4598 2877 4653 habeant
2925 4597 3218 4663 dictiones,
3271 4595 3419 4651 verbi
3470 4596 3681 4667 gratia:

2103 4694 2260 4751 Cerva
2294 4693 2547 4757 amicitiai,
2581 4701 2629 4746 et
2667 4691 2908 4746 [tinnulas
2940 4691 3230 4766 gratiarum
3260 4699 3482 4757 tuarum,
3522 4698 3684 4745 tecum

2104 4786 2282 4843 habeat
2323 4783 2731 4840 consuetudinem
2774 4781 2955 4854 (Prov.
2976 4782 3033 4838 ὅ.
3064 4782 3174 4849 19).
3204 4782 3270 4836 Ει
3307 4796 3537 4837 rursus:
3570 4781 3690 4836 Sint

2105 4880 2192 4931 tibi
2232 4876 2330 4931 soli
2362 4893 2474 4946 qua:
2514 4876 2664 4929 habes
2685 4915 2701 4939 ,
2729 4853 2789 4927 et
2818 4890 2964 4927 nemo
2990 4874 3186 4931 alienus
3217 4874 3283 4929 sit
3322 4853 3690 4944 tibi'particeps

2107 4970 2270 5039 (Ibid.
2300 4984 2348 5022 υ.
2382 4969 2490 5039 17).
2525 4969 2589 5021 Et
2615 4983 2837 5022 rursus:
2870 4966 3013 5020 Fons
3034 4983 3178 5036 aqua:
3201 4968 3263 5020 sit
3293 4967 3381 5020 tibi
3406 4965 3503 5019 soli
3527 4963 3688 5032 (Ibid.

2107 5080 2154 5115 υ.
2192 5066 2302 5128 18).
2326 5060 2439 5115 Hoc
2468 5059 2696 5122 enim,si
2724 5059 3033 5129 respexeris
3064 5057 3116 5112 id
3143 5056 3284 5127 quod
3304 5057 3566 5123 scriptum
3585 5062 3690 5119 est,

2112 5168 2213 5208 uec
2237 5168 2267 5206 a
2312 5148 2489 5204 verbis
2531 5148 2804 5215 declines,
2846 5160 2905 5202 ut
2932 5161 3150 5202 sensum
3182 5142 3520 5213 persequaris
3546 5181 3562 5205 ,
3591 5142 3695 5197 erit

2112 5250 2265 5307 valde
2292 5248 2660 5313 inhumanum,
2703 5255 2759 5299 ut
2781 5259 2853 5299 ne
2889 5256 3082 5312 aquam
3121 5236 3335 5307 quidem
3365 5234 3456 5289 ulii
3492 5234 3693 5304 impero

2115 5344 2212 5399 tias
2239 5358 2252 5395 :
2278 5340 2373 5395 sed
2400 5340 2484 5395 bic
2500 5338 2717 5409 quidem
2741 5335 2975 5405 loquitur
2997 5331 3065 5384 de
3092 5342 3280 5393 uxore,
3307 5336 3437 5382 utea
3462 5326 3696 5382 fruamur

2113 5452 2237 5491 cum
2281 5434 2650 5503 temperantia,
2700 5428 2900 5482 fontem
2942 5434 3143 5476 vocans
3188 5432 3331 5488 eam,
3362 5429 3416 5475 et
3455 5432 3693 5487 cervam,

2118 5536 2334 5599 propter
2346 5524 2633 5595 puritatem
2660 5530 2982 5587 congressus
3008 5511 3323 5584 eonjugslis.
3355 5512 3424 5569 Et
3447 5511 3535 5568 bic
3567 5510 3693 5583 qui-

2119 5621 2239 5677 dem
2264 5618 2367 5674 boc
2394 5613 2553 5670 modo
2576 5629 2591 5664 :
2619 5607 2811 5665 alicubi
2836 5618 2967 5662 vero
2989 5613 3042 5662 et
3057 5604 3199 5676 quod
3218 5604 3477 5677 scriptum
3498 5609 3584 5658 est
3608 5613 3698 5656 ac-

2198 5797 2277 5871 (ιι)
2310 5801 2498 5863 mw,
2527 5800 2867 5863 desertum-ie
2891 5795 3082 5847 Arabia.

3776 6126 4045 6142 ,_.-—-__
