4064 6206
421 409 520 463 i2?

417 521 716 590 cipientlnm
752 528 854 584 est,
901 528 954 574 et
995 517 1136 587 quod
1165 532 1229 570 ex
1253 531 1319 572 eo
1340 515 1707 584 significatur;
1741 523 1796 567 ut
1819 522 1898 566 est
1927 512 1990 567 il.

420 612 547 666 Iud:
585 611 729 665 Sicut
769 619 1050 665 vet'uentmt
1094 607 1330 661 exultavit
1381 605 1544 658 Moses
1576 603 1752 670 (Joan.
1795 603 1848 656 5.
1888 602 1994 661 14).

421 704 755 760 Credcndum
785 703 1062 766 estenim,
1095 700 1196 755 hoc
1227 701 1418 751 far-tum
1447 713 1564 750 esse
1591 696 1668 764 (ut
1697 709 1876 747 revera
1919 693 1997 746 fa-

421 807 564 850 rtum
597 797 700 865 est)
729 797 991 864 simulque
1019 793 1159 864 quod
1205 808 1270 844 t-o
1317 791 1664 859 signiﬁcatur,
1700 788 1750 840 in
1782 788 1996 854 ligurum

419 889 639 942 Christi.
671 889 740 942 Ita
772 889 857 943 hic
881 889 1038 941 etiam
1071 901 1174 940 non
1201 885 1461 938 aberrarit
1489 882 1774 949 quispiam,
1806 879 1849 932 si
1882 894 2001 947 qua:

422 983 560 1034 dicta
602 990 747 1045 sunt,
785 979 1047 1046 acceperit
1084 977 1152 1032 de
1191 978 1255 1030 iis
1289 992 1409 1044 quae
1446 974 1644 1028 .lntlaeis
1683 976 1999 1033 evenerunt,

426 1071 540 1124 haec
584 1087 772 1137 netnpe
804 1087 815 1119 :
846 1069 1035 1124 Sedisti
1059 1083 1208 1134 super
1237 1066 1473 1118 thronum
1503 1064 1588 1132 qui
1609 1062 1813 1133 judicas
1849 1060 2006 1130 justi-

427 1162 568 1213 tiam.
607 1161 890 1230 Increpain
917 1170 1123 1229 gentes;
1158 1168 1204 1211 et
1235 1158 1384 1225 periit
1411 1156 1595 1224 impius
1627 1173 1644 1218 ;
1678 1171 1857 1206 nomen
1893 1153 2004 1223 ejus

424 1252 600 1306 delcin
627 1253 676 1304 in
702 1251 942 1304 swculum
962 1292 978 1315 ,
1005 1260 1049 1302 (ι
1078 1252 1127 1302 iu
1159 1247 1401 1300 sa'culum
1425 1246 1616 1299 swculi.
1643 1244 1842 1296 Inimici
1869 1243 2008 1312 defe-

427 1355 598 1400 cerunt
639 1345 846 1412 frameae
888 1343 941 1395 in
972 1343 1154 1408 ﬁnem,
1191 1350 1236 1392 et
1265 1339 1488 1392 civitates
1525 1352 1694 1390 eorum
1721 1333 2003 1387 detraxisti.

431 1435 585 1489 Periit
630 1434 872 1486 memoria
918 1449 1092 1486 eorum
1132 1446 1246 1482 cum
1301 1429 1488 1481 sonitu.
1536 1425 1822 1478 Calamitas
1865 1423 2006 1476 enim

425 1542 611 1580 eormn
641 1525 726 1593 qni
768 1523 1037 1576 Christum
1063 1520 1479 1578 crucifixerunt,
1509 1526 1590 1569 est
1615 1517 1861 1569 omnibus
1895 1531 2008 1566 ina-

428 1615 616 1669 nifesta
645 1632 659 1680 ;
711 1624 766 1667 et
810 1613 1052 1666 civitates
1097 1626 1280 1678 eorum
1309 1618 1431 1661 sunt
1461 1607 1650 1660 dirutae
1685 1648 1700 1670 ,
1731 1615 1783 1659 et
1814 1605 2009 1658 diaboli

432 1708 692 1762 machinae
735 1706 1048 1760 defecerunt
1072 1745 1085 1762 .
1115 1719 1235 1756 cuin
1266 1701 1460 1755 Christi
1488 1715 1612 1753 cura
1641 1714 1702 1751 ac
1730 1697 2012 1767 providen-

433 1803 503 1854 tia
528 1800 705 1854 omnia
725 1797 1036 1866 susceperit.
1055 1793 1160 1850 Sed
1184 1794 1295 1846 haec
1327 1793 1688 1861 relinquentes
1716 1787 2010 1857 adaptanda

431 1891 706 1954 studiosis,
754 1905 815 1942 ea
863 1905 980 1954 quae
1025 1896 1148 1940 sunt
1199 1884 1468 1954 proposita
1510 1896 1908 1952 persequamur.
1954 1877 2009 1931 8.

435 1984 646 2038 Paravit
687 1984 736 2034 in
761 1981 957 2052 judicio
989 1980 1220 2031 thronum
1261 1994 1426 2030 suum.
1462 1976 1627 2038 Alius,
1653 1973 1906 2028 Stabilivit
1947 1971 2015 2024 ad

426 2075 696 2143 judicium.
733 2072 785 2125 9.
819 2069 884 2122 Et
917 2071 1023 2138 ipse
1044 2069 1294 2139 judicabit
1321 2069 1488 2119 orbem
1517 2075 1665 2118 terra:
1699 2065 1751 2117 in
1795 2065 2012 2128 ius'itia,

427 2165 676 2237 judicabit
709 2163 922 2231 populos
951 2162 1001 2213 in
1030 2160 1281 2228 a'quitate.
1317 2158 1502 2212 Vidisti
1529 2155 1797 2226 quomodo
1829 2153 2010 2224 paulat-

440 2258 532 2310 tim
560 2256 752 2309 attollit
790 2252 1128 2307 orationem?
1169 2251 1428 2318 Quoniam
1456 2249 1595 2301 enim
1626 2246 1799 2300 throni
1824 2245 2012 2299 tuemi-

439 2349 538 2414 nit,
585 2346 814 2401 ostendit
853 2344 1028 2399 throni
1078 2352 1340 2406 naturatn,
1371 2356 1473 2393 non
1513 2356 1580 2393 ex
1606 2339 1778 2407 lignis.
1810 2353 1905 2392 nec
1949 2352 2014 2390 ex

438 2438 610 2506 aliqua
638 2436 855 2490 materia
881 2435 1250 2503 compositam,
1275 2431 1366 2485 scd
1397 2447 1458 2486 ex
1485 2430 1706 2498 justitia.
1737 2429 1789 2481 In
1811 2427 2014 2496 justitia

440 2528 604 2592 enim,
636 2527 825 2596 inquit,
871 2526 1162 2578 collocatus
1185 2533 1286 2576 est.
1314 2521 1572 2574 .ludicabit
1597 2518 1764 2573 orbem
1795 2528 1939 2571 teme
1964 2518 2017 2571 in

437 2621 650 2690 iustitia.
695 2620 761 2674 Et
799 2618 1098 2688 praesentia,
1126 2625 1179 2670 et
1203 2633 1319 2686 qua:
1361 2616 1531 2669 futura
1576 2625 1720 2677 sunt,
1755 2611 2013 2681 praedicit.

445 2712 706 2767 Generale
728 2711 868 2764 cnim
891 2710 1145 2779 judicimn
1179 2709 1282 2762 illic
1313 2719 1393 2762 est
1421 2715 1749 2761 reservatum
1789 2722 1802 2757 :
1834 2705 2018 2774 singu-

437 2803 548 2856 lare
577 2812 754 2856 autem
781 2802 938 2855 etiam
968 2800 1090 2864 hic;
1120 2801 1282 2854 multa
1305 2799 1499 2868 quippe
1520 2799 1678 2850 etiam
1710 2811 1851 2849 nunc
1871 2794 2014 2862 facit,

440 2909 507 2948 ne
533 2893 707 2948 stolidi
734 2893 1104 2948 existimarent
1128 2906 1188 2943 ea
1209 2907 1326 2960 quae
1355 2897 1477 2944 sunt
1500 2905 1604 2942 non
1635 2888 1744 2958 regi
1773 2887 1866 2941 Dei
1892 2901 2019 2954 pro-

435 2985 688 3039 videntia.
723 2983 872 3053 Quod
903 2983 946 3035 si
980 2997 1083 3035 non
1117 2980 1202 3036 hic
1244 2995 1432 3034 omnes
1472 2993 1701 3035 coronas
1729 2977 2018 3045 accipiunt,

439 3091 506 3130 ne
534 3076 763 3130 mireris.
808 3073 1019 3126 Paravit
1043 3073 1174 3125 enim
1207 3072 1339 3124 diem
1364 3112 1380 3138 ,
1405 3071 1454 3123 in
1482 3087 1580 3141 quo
1600 3080 1671 3124 est
1693 3070 2018 3140 judicaturus

440 3167 608 3220 orbem
644 3177 790 3220 terrm
820 3163 954 3234 (Act.
989 3164 1072 3216 l7.
1101 3161 1216 3232 5|);
1263 3163 1312 3215 in
1365 3162 1646 3230 prarsentia
1694 3170 1868 3214 autem
1913 3171 2022 3214 sta-

437 3259 582 3313 dium
606 3299 620 3322 ,
654 3259 844 3320 luctas,
871 3264 924 3310 et
947 3253 1257 3309 certamina.
1289 3254 1576 3322 Pr0pterca
1607 3270 1714 3307 non
1758 3254 2021 3322 rccipiunt

439 3349 526 3403 hic
553 3363 739 3403 omnes
785 3362 882 3415 pro
928 3345 1155 3409 meritis,
1203 3343 1296 3398 sed
1324 3343 1409 3407 iis,
1442 3346 1528 3412 qui
1557 3358 1615 3396 se
1658 3353 1802 3398 recte
1831 3353 2022 3412 gerunt

441 3439 580 3492 dona
608 3445 733 3490 sunt
755 3435 861 3490 illic
891 3435 1120 3502 reposita
1146 3475 1160 3497 ,
1194 3442 1249 3488 et
1269 3433 1356 3500 iis,
1390 3434 1476 3502 qui
1503 3448 1680 3496 secus,
1713 3433 1971 3500 supplicia
2003 3450 2017 3486 :

445 3528 531 3582 hic
577 3537 754 3580 autem
800 3535 882 3580 est
915 3525 1124 3589 lenitas,
1165 3533 1220 3579 et
1249 3523 1522 3593 patientia,
1554 3534 1610 3577 ut
1639 3539 1732 3592 per
1762 3524 2023 3593 pceuiten-

445 3620 570 3673 tiam
600 3618 967 3687 abstergantus
994 3625 1204 3684 peccata
1238 3633 1250 3668 a
1281 3615 1374 3669 sed
1420 3615 1524 3668 illic
1567 3630 1670 3668 non
1704 3616 1794 3668 ita.
1841 3615 2023 3669 llomi-

445 3710 561 3764 cida
591 3710 731 3764 enim
753 3751 768 3773 ,
799 3707 1051 3777 quamdiu
1092 3717 1174 3760 est
1205 3707 1255 3759 in
1292 3708 1398 3768 via,
1432 3715 1610 3776 potest
1634 3708 1846 3770 mutati,
1875 3718 1928 3761 et
1957 3708 2022 3760 li-

444 3801 618 3856 berari
645 3798 902 3870 supplicio
926 3816 940 3852 a
979 3798 1073 3853 sed
1097 3809 1373 3869 postquam
1401 3798 1661 3853 deductus
1685 3808 1766 3853 est
1789 3799 1855 3853 atl
1884 3801 2024 3854 acci-

447 3893 689 3962 piendam
717 3892 910 3962 jndicis
946 3890 1284 3968 sententiam,
1313 3900 1479 3948 restat
1499 3893 1750 3963 deinceps
1772 3895 1937 3960 ensis,
1969 3904 2025 3949 et

446 3986 600 4040 lictor
625 4026 640 4050 ,
671 3995 726 4039 et
767 3983 1098 4040 barathrum.
1125 3983 1200 4038 lta
1227 3986 1388 4040 etiam
1419 3985 1520 4040 hic.
1551 3985 1813 4053 Quamdiu
1859 3986 2023 4042 fueri-

446 4091 565 4130 mus
588 4075 802 4145 quidem
848 4075 900 4129 in
941 4075 1048 4130 vita
1092 4076 1360 4145 praesenti,
1402 4091 1686 4146 possumus
1712 4079 1878 4132 vitare
1901 4095 2026 4149 sup-

444 4165 681 4236 plicium,
723 4167 767 4220 si
807 4175 1072 4220 mutemur
1101 4183 1116 4222 :
1146 4177 1423 4236 postquam
1449 4178 1627 4222 autem
1661 4168 1787 4223 illuc
1815 4170 2024 4225 disces-

444 4259 690 4324 serimus,
709 4256 898 4312 frustra
913 4257 1322 4328 lacrymabimur
1341 4276 1356 4312 :
1378 4257 1585 4312 Paravit
1605 4260 1745 4313 enim
1765 4261 1814 4313 in
1826 4262 2026 4330 judicio

450 4349 686 4404 thronum
721 4367 889 4402 suum.
937 4349 994 4404 Si
1039 4349 1158 4418 quis
1199 4358 1378 4403 autem
1417 4350 1576 4403 etiam
1595 4351 1757 4418 illud,
1794 4350 2022 4417 Paravit,

447 4441 710 4509 acceperit
755 4449 811 4492 nt
849 4438 1050 4494 dictum
1090 4445 1193 4504 est,
1229 4456 1332 4494 non
1365 4441 1646 4510 peccabit:
1677 4443 1854 4496 omnia
1881 4444 2023 4497 enim

447 4541 568 4585 sunt
615 4540 818 4600 parata,
855 4539 912 4585 et
957 4530 1234 4600 supplicia,
1281 4543 1336 4584 et
1372 4546 1604 4594 coronae,
1643 4541 1695 4586 et
1740 4535 2023 4587 sententia.

445 4621 560 4675 Non
603 4631 684 4676 est
726 4622 1014 4684 cunctatio,
1062 4636 1161 4675 nec
1199 4631 1429 4691 tempus,
1479 4639 1578 4676 nec
1623 4624 1841 4679 tarditas
1886 4626 2027 4695 apud

449 4713 612 4766 Deum
643 4729 656 4764 :
683 4711 1110 4781 quandoquidem
1135 4713 1224 4782 qui
1247 4713 1427 4767 vivunt
1453 4730 1555 4768 non
1583 4717 1912 4784 praevenient
1934 4733 2028 4772 cos

447 4803 535 4871 qui
573 4801 925 4864 dormierunt,
973 4805 1421 4872 quemadmodum
1474 4806 1600 4859 dicit
1633 4806 1826 4861 Paulus
1866 4825 1880 4862 :
1915 4809 2026 4864 Nos

446 4895 532 4966 qui
554 4893 789 4956 vivimus,
841 4895 926 4962 qui
962 4895 1142 4965 reliqui
1173 4913 1346 4949 sumus
1394 4897 1447 4950 in
1485 4898 1754 4952 adventum
1795 4899 2024 4970 Domini,

456 5002 556 5039 non
583 4984 943 5054 pra'veniemus
964 5002 1048 5038 eos
1073 4987 1158 5054 qui
1177 4985 1505 5040 dormierunt.
1529 4986 1787 5044 Judicabit
1813 4995 2027 5064 papulas

446 5077 498 5132 in
523 5077 756 5145 (equitate
793 5077 872 5148 (l.
905 5076 1078 5131 Thess.
1122 5078 1178 5132 4.
1222 5077 1332 5149 16).
1365 5077 1498 5133 Vide
1536 5082 1855 5150 sapientiam
1904 5100 2026 5154 pro-

450 5169 644 5236 pheta,
688 5167 959 5236 quomodo
1004 5166 1133 5221 dicit
1175 5169 1475 5236 praesentia,
1523 5173 1789 5240 quomodo
1829 5173 2024 5230 futura.

451 5262 734 5317 Praesentia
764 5279 779 5315 :
807 5261 1093 5332 Increpain
1103 5272 1292 5332 gentes,
1325 5272 1370 5316 et
1396 5265 1543 5332 periit
1569 5267 1754 5335 impius
1777 5281 1798 5330 ,‘
1829 5267 2022 5336 futura,

452 5351 661 5407 Paravit
690 5354 741 5407 in
762 5355 964 5425 judicio
982 5353 1218 5407 thronum
1246 5371 1413 5408 suum.
1447 5355 1510 5410 Et
1540 5358 1646 5428 ipse.
1659 5359 1911 5428 judicabit
1935 5379 2024 5416 or-

452 5445 558 5497 bem
580 5454 727 5500 teme
751 5447 802 5499 in
817 5448 1036 5515 justitia.
1057 5447 1170 5502 Hoc
1195 5458 1371 5502 autem
1396 5449 1518 5504 facit
1543 5491 1558 5516 ,
1587 5460 1645 5504 ut
1667 5453 1757 5521 qui
1788 5453 1889 5508 illis
1917 5470 2022 5509 noa

449 5534 674 5589 credunt
705 5549 772 5590 ex
807 5539 1158 5605 praesentibus
1185 5551 1494 5609 argumenta
1529 5542 1808 5610 accipiant.
1840 5543 1928 5600 10.
1958 5545 2024 5598 Et

451 5628 615 5694 factus
654 5632 728 5678 est
765 5621 1017 5680 Dominus
1050 5629 1298 5699 refugium
1334 5633 1562 5700 pauperi.
1607 5632 1780 5695 Alius,
1815 5632 2022 5699 Attrito,

446 5718 620 5783 Alius,
674 5718 946 5791 Confracta
977 5722 1012 5778 ί.
1061 5721 1231 5780 Vocat
1270 5725 1480 5780 assidue
1520 5727 1754 5796 seipsum
1798 5737 1853 5782 et
1903 5743 2024 5798 pau-

520 5844 534 5874 ¹
580 5817 685 5913 Ίῆ
721 5839 897 5903 Aquila
922 5877 936 5903 ,
986 5842 1260 5906 ἐπιτρξιτῳ.
1308 5844 1665 5905 Symmachus,
1711 5844 2029 5908 τεθλασμένῳ.

1154 402 1212 460 S.
1250 400 1530 458 JOANNIS
1565 397 2039 454 CllliYSOSTOMI
2078 396 2391 453 ARCIIIEP.
2433 395 2965 454 CONSTANTINOP.

3595 404 3696 462 lE-E8

2107 527 2287 580 perein
2317 520 2370 564 ct
2409 511 2732 575 mendicum,
2775 512 2899 567 licet
2940 511 3144 583 regiam
3164 523 3385 569 teneret.
3421 514 3494 569 Ita
3524 517 3693 572 etiam

2105 603 2262 656 alibi:
2292 602 2397 672 Ego
2414 613 2577 656 autem
2599 604 2856 656 mendicus
2876 620 2987 657 sunt
3011 613 3054 657 et
3074 604 3446 676 pauper(Psal.
3468 607 3559 664 59.
3583 607 3698 678 IS).

2107 693 2319 747 Sciebat
2362 695 2501 748 enim
2529 737 2544 760 ,
2575 704 2628 750 et
2653 696 2796 750 clare
2837 696 3038 751 sciebat
3058 738 3070 760 ,
3099 699 3275 752 omnia
3305 700 3539 754 humana
3573 718 3695 756 esse

2108 785 2293 837 umbra
2322 785 2670 840 imbecilliora
2689 828 2703 853 ,
2737 796 2789 840 et
2817 787 2946 841 nihil
2977 803 3096 843 esse
3122 791 3277 845 nobis
3299 793 3497 846 virtute
3523 795 3698 863 magis

2109 878 2377 944 proprium
2409 917 2423 938 ,
2465 877 2668 945 reliqua
2707 887 2883 932 autem
2933 881 3109 934 omnia
3154 896 3274 936 esse
3315 883 3507 938 similia
3556 884 3698 938 loliis

2108 968 2439 1021 extrinsecus
2489 969 2770 1036 appositis.
2822 969 2974 1037 Quod
3025 971 3167 1025 enim
3218 973 3388 1028 virtus
3429 975 3500 1028 sit
3543 977 3698 1030 nobis

2111 1059 2342 1127 propria,
2387 1073 2452 1111 ex
2503 1059 2603 1114 hoc
2631 1058 2834 1113 clarum
2877 1070 2978 1115 est.
3010 1060 3358 1133 Quocumque
3407 1067 3690 1121 recesseri-

2111 1165 2248 1215 nms,
2270 1165 2385 1203 eam
2413 1150 2835 1206 circumferimus
2859 1169 2876 1205 :
2901 1151 2987 1206 illa
3015 1161 3192 1207 autem
3224 1169 3327 1208 non
3353 1155 3554 1210 itidem.
3586 1156 3698 1212 Hoc

2111 1251 2193 1295 est
2220 1257 2347 1310 ergo
2389 1241 2544 1296 nobis
2581 1243 2748 1311 magis
2777 1245 3045 1312 proprium
3075 1286 3090 1309 ,
3118 1245 3220 1300 alia
3248 1256 3424 1301 autem
3454 1259 3577 1303 sunt
3611 1265 3696 1304 re-

2115 1334 2356 1386 motiora.
2385 1332 2838 1397 Quemadmodum
2867 1350 2994 1405 ergo
3023 1351 3142 1390 eum
3166 1336 3395 1392 dicimus
3419 1340 3693 1409 proprium

2114 1425 2202 1494 qni
2253 1434 2338 1478 est
2377 1425 2530 1480 nobis
2560 1426 2906 1498 propinquior
2938 1445 2950 1479 :
2994 1428 3062 1481 ita
3094 1429 3250 1483 etiam
3291 1429 3427 1485 banc
3461 1433 3700 1501 pecuniis

2115 1517 2340 1571 dicimus
2369 1517 2536 1587 magis
2564 1519 2829 1588 prapriam
2865 1560 2882 1586 ,
2913 1521 3165 1590 quoniam
3197 1523 3351 1577 nobis
3373 1537 3590 1592 setnpcr
3619 1534 3700 1579 cst

2117 1609 2479 1677 pr0pinquior.

2186 1698 2238 1752 5.
2271 1697 2562 1753 Considera
2591 1708 2768 1754 autem
2799 1699 2928 1754 milti
2960 1701 3076 1770 ejus
3105 1711 3312 1770 gratum
3339 1712 3393 1758 et
3423 1705 3701 1774 sapientiae

2117 1787 2412 1842 studiosum
2457 1790 2714 1843 animum.
2756 1789 2889 1844 Cum
2932 1792 3073 1845 enim
3106 1793 3325 1848 haberet
3353 1803 3406 1849 et
3433 1809 3622 1864 equos,
3649 1805 3704 1850 et

2117 1888 2308 1944 castra,
2339 1890 2392 1934 et
2420 1881 2524 1934 alia
2571 1881 2879 1946 innumera,
2908 1882 3014 1937 illis
3040 1885 3288 1938 omnibus
3317 1886 3491 1939 nti-sis
3517 1901 3702 1955 super-

2119 1986 2242 2023 tmm
2286 1973 2514 2026 accersit
2556 1974 2834 2037 auxilium,
2867 1984 2920 2027 et
2969 1990 3120 2028 suam
3150 1975 3197 2029 ei
3226 1977 3449 2030 salutem
3485 1975 3591 2031 fert
3619 1992 3705 2030 ac-

2119 2071 2346 2131 ceptam.
2388 2063 2505 2117 Non
2536 2065 2677 2118 enim
2705 2065 2837 2118 dixit
2866 2081 2879 2120 :
2927 2065 3162 2120 Fuerunt
3193 2067 3319 2120 mihi
3360 2077 3532 2121 castra
3562 2067 3702 2122 refu-

2120 2153 2260 2220 gium
2280 2169 2488 2216 meum,
2519 2169 2618 2208 nec
2650 2155 2868 2224 pecunia
2899 2197 2913 2219 ,
2948 2171 3045 2211 nec
3071 2159 3206 2210 nmri
3232 2174 3248 2210 :
3279 2157 3395 2223 sed,
3425 2156 3614 2210 Factus
3633 2169 3706 2212 est

2120 2241 2370 2297 Dominus
2395 2246 2644 2316 refugium
2671 2247 2900 2315 pauperi.
2932 2246 3048 2316 Ipse
3073 2262 3158 2302 tne
3184 2248 3234 2301 in
3267 2257 3380 2302 tuto
3399 2248 3704 2304 collocavit:

2121 2335 2251 2389 nihil
2277 2337 2418 2389 enim
2459 2337 2690 2391 conferri
2733 2348 2909 2408 potest
2936 2354 3056 2393 cum
3101 2340 3201 2394 hoc
3228 2339 3448 2410 refugio,
3479 2341 3618 2410 quod
3651 2352 3706 2396 et

2121 2425 2186 2480 ad
2210 2425 2474 2480 facilitatis
2496 2437 2549 2481 et
2571 2429 2871 2482 securitatis
2895 2430 3153 2484 rationem
3175 2429 3382 2484 attinet.
3406 2430 3541 2484 Aliis
3561 2432 3700 2486 enim

2122 2517 2340 2588 refngiis
2385 2526 2608 2587 possunt
2648 2518 2826 2574 afferri
2871 2519 3096 2586 insidiae,
3157 2537 3256 2578 nec
3299 2534 3517 2592 possunt
3545 2537 3607 2577 ea
3655 2525 3707 2577 in

2123 2620 2370 2679 promptu
2418 2611 2676 2677 inveniri,
2723 2611 2819 2666 sed
2845 2601 2900 2666 et
2929 2622 3188 2682 tempore,
3223 2623 3277 2669 et
3314 2615 3430 2669 loco
3453 2625 3508 2669 et
3545 2614 3706 2669 innu-

2123 2701 2465 2756 merabilibus
2491 2711 2741 2756 arcentur
2766 2703 3179 2758 circumstantiis
3223 2721 3237 2760 :
3275 2705 3374 2760 hoc
3417 2716 3594 2760 autem
3624 2715 3706 2760 ut-

2125 2802 2246 2861 pote
2283 2794 2426 2862 quod
2475 2809 2638 2862 prope
2675 2794 2774 2860 sit,
2805 2795 3071 2860 invenies,
3099 2796 3145 2852 si
3177 2797 3225 2851 id
3264 2797 3548 2866 diligenter
3569 2815 3715 2868 quae-

2126 2883 2300 2939 sieris.
2343 2883 2416 2937 Te
2453 2885 2594 2938 enim
2623 2885 2792 2937 adhuc
2833 2886 3063 2956 loquente
3105 2887 3271 2940 dicunt
3303 2903 3321 2940 :
3349 2887 3482 2940 Ecce
3523 2888 3711 2941 adsunt

2127 2974 2278 3048 (Isai.
2301 2975 2390 3030 58.
2419 2974 2498 3046 9).
2533 2975 2618 3040 Et,
2649 2975 2786 3029 Dens
2807 2977 3217 3047 appropinquans
3246 2993 3336 3048 ego
3359 2994 3492 3042 sum,
3520 2986 3566 3031 et
3607 2995 3710 3033 non

2125 3067 2261 3122 Deus
2282 3069 2457 3139 procul
2497 3067 2625 3139 (Jer.
2653 3067 2740 3123 25.
2767 3067 2882 3137 25).
2921 3069 3029 3123 Nec
3076 3085 3234 3124 cursu
3265 3086 3414 3140 ergo,
3443 3085 3544 3126 nec
3589 3087 3711 3141 per-

2126 3160 2457 3229 egrinatione
2486 3159 2640 3216 nobis
2665 3176 2800 3229 opus
2822 3171 2923 3228 est,
2943 3161 3035 3216 sed
3062 3163 3142 3216 vel
3171 3161 3314 3218 domi
3336 3163 3583 3218 sedentes
3612 3164 3711 3220 hoc

2128 3267 2408 3320 possumus
2436 3267 2665 3308 evocare
2690 3253 2967 3308 auxilium.
3000 3253 3070 3309 Et
3090 3255 3374 3326 aliquando
3401 3256 3614 3327 quidem
3642 3257 3709 3311 li-

2127 3343 2277 3396 berat
2309 3358 2337 3396 a
2385 3343 2631 3412 periculis
2665 3360 2676 3395 :
2707 3343 2992 3414 aliquando
3031 3355 3206 3400 autem
3244 3361 3338 3401 eos
3364 3347 3508 3417 ipsos
3534 3349 3710 3404 reddit

2128 3436 2435 3504 praeclaros,
2462 3447 2516 3491 et
2543 3437 2866 3506 potentiores
2891 3438 3240 3504 adversariis;
3270 3450 3323 3495 et
3351 3450 3632 3512 utrumque
3658 3444 3708 3496 in

2129 3534 2366 3594 tempore
2382 3527 2737 3582 convenienti.
2755 3527 2979 3596 Quando
3005 3530 3146 3585 enim
3173 3545 3231 3586 se
3259 3531 3498 3588 modeSIe
3518 3543 3711 3604 gerunt

2127 3620 2213 3686 qui
2243 3618 2293 3671 id
2317 3627 2674 3688 assequuntur
2696 3661 2712 3684 ,
2745 3617 2838 3674 dat
2876 3629 3178 3690 utrumque.
3222 3622 3316 3677 Sin
3355 3632 3532 3678 autem
3565 3625 3616 3678 in
3642 3639 3710 3680 eo

2129 3722 2234 3761 non
2260 3724 2318 3762 se
2350 3720 2494 3764 recte
2520 3711 2812 3779 gesserint,
2837 3710 2979 3765 intra
3001 3727 3162 3766 unum
3185 3711 3456 3784 subsistit,
3482 3729 3548 3770 ne
3572 3715 3710 3771 alte—

2128 3800 2240 3853 rius
2285 3799 2648 3855 additamento
2701 3801 2860 3857 nimis
2897 3802 3028 3857 ﬁant
3062 3815 3391 3874 arrogantes.
3419 3804 3490 3861 Ut
3529 3815 3709 3861 autem

2129 3891 2269 3946 scias
2296 3890 2347 3945 id
2373 3906 2516 3960 saepe
2543 3891 2596 3945 in
2627 3906 2786 3946 causa
2811 3907 2931 3948 esse
2959 3903 3015 3948 ut
3041 3893 3093 3948 in
3122 3894 3455 3950 insolentiam
3479 3896 3715 3953 efferan-

2131 3991 2215 4036 tnr
2236 3981 2504 4044 homines,
2527 3981 2790 4038 Ezechias
2812 3999 2874 4039 ea
2901 3983 2970 4040 de
2993 3999 3152 4040 causa
3174 3986 3343 4041 elatus
3371 3998 3490 4052 est;
3521 3987 3615 4042 sed
3644 4003 3714 4044 ne

2129 4072 2206 4127 sic
2248 4070 2460 4140 quidem
2507 4087 2627 4125 eunt
2672 4075 3015 4142 contempsit,
3053 4075 3171 4140 sed,
3198 4077 3444 4146 quoniam
3471 4077 3718 4134 victoria:

2129 4175 2410 4215 successus
2439 4170 2670 4216 mentem
2698 4165 2814 4232 ejus
2839 4165 3107 4219 extulerat
3135 4206 3150 4231 ,
3180 4165 3398 4220 immisit
3425 4166 3712 4222 infirmita-

2131 4261 2237 4307 tem
2265 4294 2277 4317 ,
2309 4269 2426 4321 qua:
2456 4270 2576 4307 cum
2612 4256 2903 4324 corrigeret
2935 4254 3106 4324 (Isai.
3155 4257 3242 4313 59.
3288 4258 3323 4310 2
3345 4257 3388 4329 ).
3416 4259 3633 4330 Adjutor
3658 4259 3716 4314 in

2131 4344 2607 4416 opportunitatibus,
2638 4345 2690 4398 in
2715 4347 3055 4401 tribulatione.
3082 4349 3217 4416 Quid
3246 4358 3346 4415 est,
3373 4348 3439 4403 In
3460 4361 3710 4420 opportu-

2132 4436 2416 4490 nitatibus?
2463 4435 2516 4490 ln
2558 4444 2830 4506 tempore,
2861 4437 3062 4506 inquit,
3091 4451 3410 4508 opportuno.
3440 4441 3711 4511 Duplicem

2132 4529 2261 4584 dicit
2289 4531 2764 4600 opportunitatem,
2789 4529 2930 4599 quod
2953 4540 3009 4585 et
3039 4530 3173 4585 ferat
3198 4532 3475 4599 auxilium,
3494 4542 3549 4588 et
3569 4534 3718 4604 quod

2133 4617 2187 4672 in
2218 4627 2478 4688 tempore.
2509 4617 2976 4688 Opportunitatem
3008 4621 3150 4674 enim
3194 4620 3282 4676 hic
3311 4623 3438 4677 dicit
3476 4623 3711 4678 afflictio-

2132 4724 2276 4764 nem.
2315 4709 2428 4777 Qua
2481 4709 2550 4765 de
2577 4726 2635 4764 re
2658 4711 2686 4762 ἲ
2711 4709 2861 4778 Quod
2891 4716 2960 4764 sit
2989 4721 3161 4766 mater
3188 4711 3558 4784 philosophiae,
3603 4725 3657 4770 et
3681 4732 3717 4769 a

2131 4809 2301 4855 morte
2330 4801 2572 4855 liberabit
2619 4800 2886 4856 hominem
2916 4803 2962 4870 ',
2988 4817 3052 4857 ac
3079 4803 3316 4858 divinum
3363 4807 3592 4860 maxime
3635 4817 3718 4860 at-

2135 4892 2307 4946 trahat
2335 4893 2608 4948 auxilium.
2637 4892 2786 4947 Tunc
2814 4893 3018 4948 sublata
3045 4904 3127 4948 est
3154 4895 3422 4962 socordia,
3454 4905 3510 4951 et
3537 4896 3718 4952 disso-

2133 4983 2294 5047 lntio;
2329 4993 2457 5037 tunc
2502 4984 2980 5052 SUpplieationibns
3010 5000 3260 5041 vacamus
3291 4988 3616 5059 diligentius.
3653 4991 3718 5044 lit

2132 5076 2268 5127 sicut
2297 5075 2484 5144 hyems
2519 5085 2600 5128 est
2631 5084 2838 5143 tempus
2879 5087 3238 5145 opportunum
3277 5079 3341 5134 ad
3388 5089 3546 5135 terrae
3585 5083 3720 5151 agri.

2132 5165 2392 5220 culturam
2437 5184 2450 5219 :
2483 5165 2553 5220 ita
2587 5166 2746 5221 etiam
2779 5166 2996 5221 afflictio
3035 5169 3104 5223 ad
3130 5186 3310 5225 curam
3341 5174 3554 5227 animae.
3590 5174 3717 5242 Ejus

2132 5259 2273 5312 enim
2304 5272 2516 5329 semper
2541 5273 2674 5328 opus
2704 5257 2996 5315 habeamus
3043 5265 3266 5331 auxilio,
3297 5266 3396 5320 etsi
3427 5267 3536 5320 sint
3563 5267 3714 5320 nobis

2132 5364 2220 5404 res
2233 5349 2516 5404 secundae:
2551 5360 2672 5405 tunc
2691 5360 2867 5404 autem
2899 5355 3130 5410 maxime
3155 5359 3414 5413 sentimus
3437 5359 3712 5422 auxiiium.

2131 5442 2342 5512 quando
2360 5459 2633 5498 versamur
2659 5445 2709 5498 in
2736 5444 3138 5516 afﬂictipnibus.
3164 5448 3406 5520 Adjutor.
3436 5450 3533 5506 llic
3552 5451 3715 5506 etiam

2131 5533 2330 5604 aliquid
2368 5534 2510 5588 aliud
2550 5535 2902 5604 signiﬁcavit;
2928 5552 3122 5608 nempe
3162 5539 3304 5610 quod
3335 5550 3582 5610 oporteat
3608 5555 3706 5596 nos

2127 5655 2334 5726 39mins
2358 5659 2686 5726 interpretum
2711 5675 2773 5726 ex
2793 5677 2893 5714 uno
2912 5662 3094 5716 Codice
3115 5663 3270 5726 Regio
3286 5667 3494 5714 mutuati
3517 5679 3707 5714 sumus.

2127 5717 2253 5767 Vide
2280 5717 2330 5768 in
2359 5717 2598 5784 Hexa'plis
2621 5724 2820 5774 nostris.

2195 5788 2382 5856 ⁸⁸111ιις1³
2401 5794 2453 5856 et
2474 5802 2507 5838 a
2527 5796 2676 5856 morte
2697 5789 2917 5856 liberabit
2940 5791 3196 5852 Itomtttem,
3220 5792 3270 5844 in
3292 5803 3390 5843 uno
3431 5791 3568 5844 Colb.
3595 5791 3714 5854 lem-

2133 5849 2232 5899 tur.’
2252 5849 2341 5899 sed
2365 5851 2441 5901 hic
2461 5852 2696 5915 quadrare
2721 5854 2930 5907 videtur.
