4112 6214
370 226 474 284 197

363 347 463 423 χοῦ
491 348 549 404 δέ
574 348 656 403 δεῖ
677 348 771 403 zeal
796 347 859 404 τὸ
895 347 1146 423 κείμενον
1178 347 1448 420 δέχεσθαι,
1482 349 1576 403 zeal
1601 347 1664 401 τὸ
1685 344 1745 411 ἐξ
1773 341 1939 400 αὐτοῦ

361 433 720 505 δηλούμενον*
761 432 837 495 ὡς
868 432 982 503 ἔχει
1011 433 1073 487 τὸ
1096 474 1111 498 ,
1155 432 1361 499 Καθὼς
1398 433 1507 487 τόν
1550 431 1689 501 ὄφιν
1732 429 1944 499 ὕψωσε

359 519 643 591 Μωῠσῆς.
670 520 782 575 Kal
811 521 919 592 γὰρ
965 521 1124 575 τοῦτο
1162 521 1244 575 δεῖ
1283 518 1557 574 πιστεύειν
1592 518 1676 572 ὅτι
1724 517 1942 587 ἐγένετο

362 605 601 675 (ἐγένετο
629 605 758 676 γάρ)
784 645 798 668 ,
835 606 930 658 zeal
955 603 1017 657 τὸ
1051 604 1110 669 ἐξ
1146 602 1334 669 αὐτοῦ,
1360 605 1440 668 είς
1476 602 1645 656 τύπον
1671 600 1765 655 τοῦ
1803 599 1906 672 Χρι
1926 630 1938 640 -

360 686 507 742 στοῦ.
538 685 696 741 οὕτω
725 687 821 741 zeal
853 685 966 760 [99]
1003 687 1234 742 ἐνταῦθα
1259 687 1358 740 οὐκ
1393 685 1459 740 άν
1486 703 1569 748 τις
1597 684 1832 756 ἁμάρτοι
1857 684 1938 748 είς

355 771 423 826 τά
475 770 743 825 Ἰουδαϊκὰ
780 770 1137 840 ἐκλαμϐάνων
1174 771 1242 824 τά
1284 769 1565 842 εἰρημένα.
1614 767 1937 833 Ἐκάθισας

354 856 454 910 ἐπὶ
490 856 709 924 θρόνου
748 857 783 909 ὁ
829 855 1050 921 κρίνων
1088 854 1498 922 δικαιοσύνην.
1540 852 1936 922 Ἐπετίμησας

353 939 561 994 ἔθνεσι
581 983 594 1003 ,
627 938 728 992 zeal
755 936 1025 993 ἀπώλετο
1056 941 1091 992 ὁ
1130 937 1386 1005 ἀσεϐής·
1428 937 1496 992 τὸ
1528 937 1719 1003 ὄνομα
1745 932 1933 990 αὑτοῦ

352 1021 688 1091 έξήλειψας
708 1023 796 1086 εις
823 1019 932 1075 τόν
957 1020 1175 1084 αἰῶνα,
1204 1021 1304 1075 καὶ
1332 1024 1420 1088 είς
1449 1020 1560 1075 τὸν
1596 1018 1784 1073 αἰῶνα
1824 1017 1936 1071 τοῦ

352 1105 589 1171 αἰῶνος.
626 1102 739 1158 Τοῦ
762 1104 977 1172 ἐχθροῦ
1002 1104 1288 1169 ἐξέλιπον
1322 1108 1383 1159 al
1408 1101 1701 1173 ,ρομφαῖαι
1733 1103 1822 1168 είς
1847 1099 1939 1154 τέ-

351 1193 466 1256 λος
485 1229 502 1251 ,
533 1189 631 1242 καί
656 1190 863 1254 πόλεις
883 1188 1171 1252 καθεῖλες.
1215 1187 1505 1243 Ἇπώλετο
1532 1187 1600 1241 τὸ
1621 1187 1937 1256 μνημόσυ-

352 1291 466 1328 νον
496 1272 682 1328 αὐτοῦ
719 1273 847 1342 μετ’
884 1272 1061 1343 ἤχου.
1104 1274 1180 1327 ’Ἡ
1229 1290 1291 1327 τε
1324 1272 1436 1345 γὰρ
1472 1271 1727 1343 συμφορά
1756 1269 1936 1324 αὐτῶν

353 1357 462 1410 τῶν
490 1356 584 1410 τὸν
615 1355 846 1426 Χριστὸν
870 1357 1301 1428 παυρωσάντων
1329 1354 1610 1426 πανταχοῦ
1634 1354 1733 1425 τῆς
1756 1355 1933 1407 οίκουο

357 1440 528 1512 μένης
553 1439 848 1511 κατάδηλος
871 1479 887 1505 ,
917 1440 979 1493 αῖ
1007 1456 1069 1493 τε
1103 1439 1292 1503 πόλεις
1317 1439 1497 1493 αὐτῶν
1530 1437 1929 1512 καθῃρέθησαν,

351 1523 448 1576 τοῦ
485 1540 547 1576 τε
592 1522 836 1576 διαϐόλου
884 1521 1098 1589 ἐξέλιπε
1140 1523 1209 1577 τά
1260 1524 1663 1594 μηχανήματα,
1702 1524 1801 1593 τῆς
1836 1520 1930 1574 τοῦ

353 1605 592 1678 Χριστοῦ
622 1607 948 1678 κηδεμονίας
974 1605 1048 1659 τά
1093 1607 1270 1661 πάντα
1300 1604 1727 1676 καταλαϐούσης.
1768 1603 1930 1658 Ἀλλά

349 1688 526 1745 ταῦτα
571 1692 682 1753 τοῖς
730 1688 1050 1760 φιλομαθὲσι
1084 1690 1471 1751 καταλιπόντες
1506 1687 1795 1761 ἁρμόζειν,
1816 1687 1928 1742 τῶν

348 1772 727 1846 προκειμένων
763 1771 1037 1843 ἐχώμεθα.
1078 1772 1437 1842 Ἠτοίμασεν
1480 1771 1550 1826 ἐν
1585 1772 1781 1840 κρίσει
1819 1771 1928 1826 τὸν

343 1857 563 1925 θρόνον
587 1854 798 1910 αὐτοῦ.
841 1853 1035 1915 Ἀλλος
1053 1892 1070 1918 ,
1101 1853 1398 1922 Ἦδρασεν
1430 1855 1519 1921 εις
1554 1855 1775 1924 κρίσιν.
1815 1853 1925 1910 Kal

339 1941 524 2006 αὐτὸς
553 1938 750 2008 κρινεῖ
765 1937 881 2007 τὴν
904 1937 1266 2008 οίκουμένην
1286 1939 1358 1993 έν
1384 1937 1770 2017 δικαιοσύνῃ,
1798 1957 1924 2008 κρι-

338 2024 439 2079 νεῖ
455 2025 646 2091 λαοὺς
669 2024 741 2079 έν
760 2023 1057 2092 εὑθύτητι.
1076 2018 1230 2086 Εἶδες
1259 2022 1378 2087 πῶς
1407 2022 1551 2077 κατά
1577 2023 1773 2095 μικρὸν
1801 2025 1926 2081 ἀνά-

337 2125 427 2179 γει
452 2109 545 2162 τὸν
572 2108 759 2176 λόγον;
793 2107 1010 2180 Ἐπειδὴ
1038 2107 1149 2178 γὰρ
1172 2106 1363 2179 θρόνου
1391 2107 1788 2179 ἐμνημόνευσε,
1813 2110 1924 2164 δεί-

337 2209 497 2248 κνυσι
520 2192 617 2247 τοῦ
644 2192 836 2265 θρόνου
861 2192 962 2264 τὴν
995 2191 1178 2262 φύσιν,
1223 2192 1326 2246 οὐκ
1354 2192 1463 2247 ἀπὸ
1494 2192 1666 2258 ξύλων
1699 2206 1922 2263 συγκει-

342 2278 535 2350 μένην,
565 2276 689 2331 ούδέ
735 2292 883 2339 τινος
910 2274 1044 2347 ὕλης
1068 2318 1084 2343 ,
1123 2276 1240 2332 ἀλλ’
1275 2276 1384 2331 ἀπὸ
1422 2276 1790 2350 δικαιοσύνης.
1833 2277 1923 2335 Ἐν

339 2363 451 2431 γάρ
506 2364 574 2433 τῇ
621 2359 978 2434 δικαιοσύνῃ,
1030 2362 1230 2433 φησὶν,
1276 2362 1507 2433 ἵδρυται.
1557 2364 1766 2434 Κρινεῖ
1808 2370 1924 2434 τὴν

342 2445 703 2513 οἰκουμένην
719 2444 793 2498 ἐν
816 2444 1192 2514 δικαιοσύνῃ.
1223 2446 1335 2500 Kal
1364 2447 1434 2500 τά
1458 2448 1705 2519 παρόντα
1735 2451 1829 2505 zeal
1853 2449 1923 2505 τά

348 2525 613 2596 μέλλοντα
655 2528 1051 2596 προαναφωνεῖ.
1095 2526 1162 2580 Ἦ
1199 2528 1298 2597 μὲν
1326 2528 1436 2600 γὰρ
1474 2531 1702 2584 καθόλου
1742 2532 1922 2602 κρίσις

345 2610 463 2662 ἐκεῖ
490 2607 841 2679 τεταμίευται
865 2624 878 2636 '
923 2611 957 2679 ἡ
1006 2610 1065 2663 δὲ
1101 2610 1166 2661 ἐκ
1216 2610 1414 2681 μέρους
1450 2613 1547 2666 zeal
1594 2613 1862 2668 ἐνταῦθα’
1893 2628 1920 2657 ι

344 2690 517 2746 πολλά
564 2691 675 2763 γὰρ
723 2691 819 2746 zeal
845 2691 941 2747 νῦν
968 2693 1290 2763 ἐργάζεται,
1321 2693 1461 2748 ὥστε
1493 2694 1569 2767 μὴ
1601 2697 1729 2759 τοὺς
1766 2697 1922 2751 ἀναι-

340 2774 572 2845 σθήτους
608 2773 920 2847 ἀπρονόητα
951 2771 1092 2830 εἶναι
1124 2775 1366 2848 νομίζειν
1394 2777 1464 2832 τὰ
1490 2777 1638 2832 ὄντα.
1668 2779 1730 2834 El
1756 2781 1814 2835 δὲ
1846 2781 1921 2853 μὴ

336 2858 539 2921 πάντες
579 2857 813 2913 ἐνταῦθα
847 2857 971 2923 τοὺς
1007 2859 1303 2930 στεφάνους
1328 2861 1774 2932 ἀπολαμϐάνουσι
1799 2905 1814 2928 ,
1844 2864 1919 2939 μὴ

336 2941 640 3015 θαυμάσῃς.
669 2941 978 3011 Ἠτοίμασε
997 2942 1110 3014 γὰρ
1135 2942 1379 3013 ἡμέραν,
1410 2945 1482 2998 ἐν
1504 2940 1547 3018 ᾖ
1567 2945 1780 3015 μέλλει
1802 2949 1921 3017 κρί-

333 3040 465 3078 νειν
490 3024 606 3093 τὴν
637 3024 1003 3095 οἰκουμένην
1027 3042 1042 3058 °
1080 3028 1143 3081 τὸ
1185 3027 1245 3081 δὲ
1283 3028 1458 3100 παρὸν
1480 3066 1497 3089 .
1548 3029 1792 3097 στάδιον,
1825 3032 1917 3085 zeal

334 3105 519 3176 ἀγὼν,
551 3108 646 3161 καὶ
675 3106 1050 3179 παλαίσματα.
1089 3109 1190 3164 Διά
1234 3109 1299 3181 δὴ
1347 3109 1506 3166 τοῦτο
1527 3114 1589 3167 οὐ
1619 3114 1819 3178 πάντες
1846 3117 1917 3169 τά

333 3193 454 3246 κατ’
475 3191 628 3257 ἀξίαν
656 3193 1155 3265 ἀπολαμϐάνουσιν,
1180 3195 1315 3251 ἀλλά
1336 3200 1450 3261 τοῖς
1471 3215 1531 3252 τε
1557 3198 1914 3272 κατορθοῦσιν

332 3278 451 3332 ἐκεῖ
474 3275 829 3348 τεταμίευται
846 3278 917 3331 τά
944 3278 1095 3351 δῶρα
1112 3322 1128 3347 ,
1162 3284 1278 3345 τοῖς
1306 3299 1365 3336 τε
1387 3286 1826 3339 καταπίπτουσιν
1856 3289 1914 3340 αἱ

330 3368 586 3431 κολάσεις
600 3386 616 3400 ο
639 3367 873 3424 ἐνταῦθα
894 3369 951 3423 δὲ
976 3370 1142 3443 ἀνοχὴ
1166 3372 1262 3426 καὶ
1285 3373 1634 3445 μακροθυμία
1666 3376 1806 3431 ὥστε
1827 3378 1913 3434 διὰ

333 3452 625 3525 μετανοίας
642 3451 1010 3522 ἀπονίψασθαι
1024 3452 1333 3527 τάήμαρτη
1341 3457 1482 3526 μένα
1496 3474 1510 3488 ·
1536 3458 1655 3514 ἀλλ’
1675 3461 1775 3514 οὐκ
1796 3464 1915 3517 ἐκεῖ

329 3535 509 3592 τοῦτο.
557 3536 715 3591 Ἐπεὶ
763 3537 858 3591 zeal
887 3537 1227 3609 ἀνδροφόνος,
1257 3540 1363 3605 ἕως
1395 3541 1494 3612 μὲν
1519 3541 1587 3596 ἂν
1688 3546 1747 3599 ἐν
1789 3549 1912 3610 ταῖς

328 3620 486 3700 ὁδοῖς,
544 3618 734 3691 κύριός
765 3620 879 3673 ἐστι
934 3620 1350 3691 μεταϐαλέσθαι,
1401 3627 1498 3680 zeal
1530 3627 1908 3700 ἀπαλλαγῆναι

330 3699 627 3765 κολάσεως·
658 3701 880 3756 ἐπειδὰν
905 3703 962 3757 δὲ
991 3704 1097 3759 ὑπὸ
1129 3706 1228 3777 τὴν
1260 3708 1444 3778 ψῆφον
1467 3709 1610 3765 ἔλθοι
1641 3712 1737 3766 τοῦ
1762 3699 1910 3768 δικα-

330 3784 478 3870 στοῦ,
514 3785 667 3870 ξίφῳ
703 3786 906 3853 λοιπὸν,
942 3789 1037 3843 καὶ
1078 3789 1290 3861 δήμιος,
1324 3793 1422 3847 zeal
1450 3793 1719 3870 βάραθρα.
1750 3797 1907 3856 Οὕτω

328 3868 422 3923 zeal
451 3868 703 3956 ἐνταῦθα.
736 3871 881 3934 Ἕως
908 3872 1007 3942 μὲν
1030 3871 1096 3925 ἂν
1123 3875 1180 3927 ἐν
1204 3873 1283 3944 τῷ
1318 3875 1418 3947 βίῳ
1448 3868 1799 3954 τούτῳήῶμεν
1828 3884 1907 3956 τῷ

326 3953 575 4025 παρόντι,
600 3954 824 4009 δυνατὸν
854 3956 1137 4025 διαφυγεῖν
1177 3958 1276 4029 τὴν
1305 3962 1576 4034 τιμωρίαν
1610 3953 1907 4036 μεταϐαλοέ

328 4035 522 4123 μένους
543 4053 559 4070 ο
603 4039 721 4091 ἐκεῖ
766 4038 835 4123 δὲ,
869 4038 1215 4105 ἀπελθόντες,
1267 4043 1506 4115 ἀνήνυτα
1556 4035 1862 4123 οἰμώξομεν
1886 4069 1903 4087 ο

336 4121 649 4190 Ἠτοίμασε
674 4124 787 4191 τὰρ
812 4122 883 4176 ἐν
912 4123 1108 4192 κρίσει
1145 4124 1252 4178 τόν
1272 4126 1488 4193 θρόνον
1512 4133 1719 4190 αὐτοῦ.
1753 4121 1816 4190 El
1847 4138 1904 4192 δέ

323 4219 410 4290 τις
436 4205 532 4290 zeal
560 4203 1051 4290 16,A'Htolpa0'sr,
1085 4206 1258 4273 οὕτως
1286 4210 1528 4278 ὲκλάϐοι,
1562 4215 1638 4279 ὼς
1666 4220 1900 4290 εἴρηται,

322 4285 420 4369 ούχ
454 4286 865 4369 ἁμαρτήσεται*
898 4290 1076 4344 πάντα
1104 4290 1214 4363 γὰρ
1245 4285 1784 4369 παρεσκευασμένα.-
1811 4305 1906 4357 zeal

420 4368 529 4422 τῶν
557 4370 850 4459 κολάσεων,
879 4374 973 4459 zeal
1007 4372 1077 4429 τὰ
1104 4374 1212 4428 τῶν
1245 4380 1548 4448 στεφάνων,
1577 4368 1674 4437 zeal
1705 4385 1773 4440 τά
1803 4388 1905 4459 τῆς

318 4450 522 4523 ψήφου.
553 4450 683 4542 ρύκ-
695 4453 823 4542 ἐστι
844 4456 1125 4542 μέλλησις,
1154 4459 1283 4542 οὐδὲ
1314 4462 1526 4533 χρόνος,
1558 4466 1680 4521 οὐδὲ
1705 4450 1904 4542 βραδύξ

316 4551 420 4605 της
616 4537 694 4607 τῷ
714 4536 855 4620 θεῷ,
878 4538 1009 4592 ὅταν
1030 4542 1077 4594 οἱ
1108 4539 1310 4607 ζῶντες
1333 4545 1393 4598 οὐ
1416 4546 1492 4619 μὴ
1513 4535 1756 4619 φθάνωσὶ
1773 4554 1902 4620 τοὺς

318 4618 703 4706 κοιμηθέντας,
735 4618 924 4693 ὥσπερ
950 4623 980 4676 ό
1029 4623 1241 4690 Παῦλος
1272 4627 1440 4698 λέγει,
1482 4618 1567 4686 ὅτι
1609 4634 1797 4706 Ἡμεῖς
1844 4618 1900 4694 ol

318 4699 548 4786 ζῶντες.
581 4705 638 4758 οι
660 4706 1131 4786 περι-λειπόμενοι
1154 4711 1244 4775 είς
1274 4710 1390 4781 τὴν
1424 4699 1898 4786 παρουσίαν-τοῦ

318 4784 666 4875 ΙινειῖρίουφὺΔ
683 4785 771 4857 μὴ
807 4786 1129 4858 φθάσωμεν
1156 4793 1297 4860 τοὺς
1327 4784 1734 4870 κοιμηθέντας.
1761 4807 1897 4875 Κρι-

314 4869 414 4962 νεῖ
430 4872 620 4940 λαοὺς
641 4873 714 4927 ἐν
736 4875 1034 4943 εὐθύτητι.
1060 4877 1202 4951 Ὅρα
1229 4882 1423 4952 σοφίαν
1447 4869 1752 4962 Προφήτου,
1776 4869 1896 4960 πῶς

313 4959 462 5052 λέγει
500 4961 570 5016 τὰ
601 4962 864 5036 παρόντα,
902 4966 1022 5032 πῶς
1056 4967 1126 5023 τά
1172 4971 1451 5041 μέλλοντα.
1485 4977 1564 5030 Τά
1605 4959 1681 5033 πα
1690 4959 1890 5052 ρόνταλ

325 5049 725 5141 ⁹θπετίμηογιις
763 5053 988 5121 ἔθνεσι,
1028 5058 1124 5113 καί
1155 5060 1427 5119 ἀπώλετο
1463 5067 1499 5120 ὁ
1536 5049 1765 5141 ἀσεϐής
1782 5088 1798 5104 ·
1824 5074 1893 5128 τά

314 5138 609 5209 μέλλοντα·
654 5141 1013 5212 Ἠτοίμασεν
1047 5145 1119 5200 ἐν
1153 5150 1350 5216 κρίσει
1391 5152 1499 5207 τὸν
1530 5138 1748 5224 θρόνον
1784 5162 1893 5215 αὐ·-

310 5228 437 5284 τοῦ.
466 5230 577 5285 Kal
608 5231 795 5300 αὐτὸς
821 5234 1016 5303 κρινεῖ
1035 5235 1151 5307 τὴν
1174 5241 1537 5313 οἰκουμένην
1563 5246 1634 5300 ἐν
1665 5246 1891 5307 δικαιο-

306 5317 490 5388 σύνῃ.
525 5318 696 5374 Τοῦτο
724 5320 783 5375 δέ
819 5327 984 5389 ποιεῖ,
1032 5325 1120 5382 ῖνα
1162 5328 1212 5381 οί
1256 5330 1488 5398 ἐκείνοις
1534 5335 1892 5404 ἀπιστοῦντες

306 5405 417 5460 ἀπὸ
442 5408 554 5499 τῶν
581 5409 863 5482 παρόντων
905 5412 1112 5470 λάϐωσι
1139 5417 1240 5490 τὴν
1286 5419 1580 5488 ἀπόδειξιν.
1611 5426 1722 5481 Kal
1760 5427 1889 5499 ἐγέ-

306 5509 445 5550 νετο
464 5497 681 5567 Κύριος
703 5502 1019 5573 καταφυγὴ
1040 5502 1120 5570 τῷ
1142 5505 1371 5577 πένητι.
1395 5507 1545 5585 [100]
1568 5513 1780 5582 Ἄλλος,
1802 5497 1889 5585 Τῷ

367 5626 398 5659 ⁸
416 5626 500 5681 εκ
536 5628 675 5682 Colb.
699 5637 753 5683 et
783 5632 936 5684 Savil.
963 5632 1017 5683 In
1038 5633 1210 5685 Morel.
1237 5644 1404 5689 autem
1431 5640 1537 5692 hac
1558 5646 1728 5696 mutila
1748 5654 1879 5700 sunt.

1499 219 1870 283 EXPOSITIO
1906 216 1973 272 IN
2024 216 2351 276 PSALMUM
2387 223 2477 284 IX.

3522 237 3625 293 128

2046 344 2385 420 ἐπιτριπτφ.
2425 353 2637 419 Ἄλλος,
2675 355 2719 410 Τ
2718 356 2766 423 ᾧ
2796 357 3200 428 τεθλασμένῳ.
3234 358 3479 430 Συνεχῶς
3507 364 3629 420 lau-

2041 439 2132 493 τὸν
2170 441 2266 494 zeal
2293 441 2501 515 πένητα
2528 446 2622 499 καὶ
2649 445 2864 517 πτωχὸν
2894 446 3072 510 καλεῖ,
3101 448 3280 503 καίτοι
3303 465 3366 519 γε
3389 451 3448 504 ἐν
3479 450 3626 522 βασι-

2040 525 2206 594 λείοις
2236 528 2331 586 ὢν.
2365 530 2522 586 υῦτω
2543 535 2638 589 zeal
2666 535 2901 606 ἀλλαχοῦ
2926 552 2941 567 ⁸
2987 536 3128 607 Ἐγὼ
3155 537 3225 592 δὲ
3246 540 3483 607 πτωχός
3507 542 3624 611 ειμι

2038 618 2136 672 καὶ
2165 619 2356 688 πένης
2379 637 2394 652 ⁸
2423 622 2540 694 ᾔδει
2567 623 2695 695 γὰρ,
2725 626 2842 697 ⁴ᾔδει
2873 625 3080 696 σαφῶς,
3102 628 3186 680 ὅτι
3212 626 3282 681 τὰ
3308 629 3625 700 ἀνθρώπινα.

2037 706 2216 761 πάντα
2239 710 2401 773 σκιᾶς
2432 710 2820 783 ἀδρανὲστερα.
2853 713 2950 767 καὶ
2984 714 3068 768 ὃτι
3097 712 3249 768 οὐδὲν
3281 717 3418 787 ἡμῖν
3448 715 3625 780 οὕτως

2035 794 2235 848 οίκεῖον
2262 795 2339 861 ὡς
2388 798 2579 871 ἀρετὴ.
2611 799 2683 853 τὰ
2708 800 2766 854 δὲ
2805 800 2945 855 ἀλλα
2975 803 3155 857 πάντα
3196 801 3415 871 φύλλοις
3447 803 3623 858 ἔοικεν

2036 882 2236 947 ἔξωθεν
2265 887 2703 958 προσκειμένοις.
2724 888 2847 942 Ὀτι
2881 889 2990 962 γάρ
3008 889 3174 962 ἀρετὴ
3207 892 3427 957 οἰκεῖον,
3462 890 3621 962 δῆλον

2036 971 2307 1026 ἐντεῦθεν.
2344 974 2522 1028 Ὅπου
2554 974 2651 1028 ἐὰν
2701 976 3045 1047 ἀπέλθωμεν,
3080 978 3282 1048 ταύτην
3324 979 3622 1052 περιφέρο-

2039 1078 2169 1132 μεν’
2195 1064 2377 1118 ἐκεῖνα
2412 1065 2469 1118 δέ
2494 1066 2594 1119 οὐκ
2629 1065 2730 1120 ἔτι.
2760 1066 2970 1120 Οὐκοῦν
2997 1067 3155 1121 τοῦτο
3201 1070 3331 1139 ἡμῖν
3360 1069 3619 1122 οἰκειότε-

2039 1166 2152 1222 ρον,
2180 1151 2247 1204 τά
2285 1151 2343 1205 δὲ
2382 1151 2517 1205 ἄλλα
2564 1152 2865 1226 πόρρωθεν.
2904 1155 3115 1226 Ὥσπερ
3153 1150 3246 1208 οὖν
3297 1157 3493 1210 οἰκεῖον
3530 1155 3620 1211 λέ-

2032 1254 2205 1308 γομεν
2231 1239 2323 1294 τὸν
2363 1240 2592 1312 πλησίον
2638 1243 2771 1312 ἡμῖν
2805 1242 2962 1296 ὄντα·
2998 1241 3139 1297 οὕτω
3165 1243 3230 1314 δὴ
3281 1242 3376 1296 zeal
3413 1243 3619 1314 ταύτην

2030 1327 2141 1379 τῶν
2166 1328 2465 1398 χρημάτων
2485 1331 2818 1401 οἰκειοτέραν
2845 1331 3140 1404 καλοῦμεν,
3165 1331 3358 1403 ἐπειδὴ
3387 1330 3619 1404 πλησίον

2032 1415 2165 1487 ἡμῖν
2204 1416 2232 1456 ι)
2271 1416 2380 1473 ἀεί.

2098 1579 2156 1633 ε’,
2202 1573 2313 1627 Θέα
2329 1574 2387 1628 δέ
2413 1592 2502 1646 μοι
2517 1574 2681 1629 αὑτοῦ
2704 1575 2799 1629 zeal
2821 1575 2919 1648 τὴν
2938 1575 3380 1647 εὐγνωμοσύνην,
3403 1575 3498 1630 καὶ
3516 1571 3615 1646 τὴν

2029 1664 2319 1737 φιλόσοφον
2343 1666 2544 1738 ψυχήν.
2591 1667 2702 1721 Kal
2738 1667 2846 1741 γὰρ
2881 1669 3081 1732 ἵππους
3116 1667 3275 1737 ἔχων,
3308 1667 3404 1722 zeal
3442 1683 3613 1739 στρα-

2026 1754 2247 1821 τόπεδα,
2294 1755 2389 1809 καὶ
2442 1756 2607 1828 μυρία
2646 1757 2767 1820 ὅσα,
2820 1756 2999 1811 πάντα
3046 1757 3229 1810 ἐκεῖνα
3283 1757 3466 1826 ἀφεὶς,
3510 1755 3612 1827 τὴν

2025 1841 2234 1898 ἀνωθεν
2287 1846 2585 1899 ἐπισπᾶται
2625 1846 2819 1916 ῥοπὴν,
2865 1845 2960 1898 zeal
2997 1843 3146 1916 αύτῷ
3191 1844 3291 1914 τὴν
3334 1842 3610 1915 σωτηρίαν

2025 1935 2359 2007 ἀνατίθησιν.
2408 1936 2484 1991 Οὐ
2521 1936 2631 2009 γὰρ
2659 1933 2834 2001 εἶπεν,
2881 1935 3128 2006 Ἐγένετό
3152 1953 3241 2006 μοι
3271 1933 3611 2008 στρατόπεδα

2027 2025 2322 2097 καταφυγή
2374 2041 2488 2090 σου,
2550 2025 2673 2079 ούδέ
2730 2026 3011 2097 χρήματα,
3065 2023 3184 2077 οὐδὲ
3235 2022 3423 2093 τείχη’
3470 2020 3609 2086 ἀλλ’,

2036 2112 2309 2184 Ἐγένετο
2346 2114 2563 2183 Κύριος
2589 2113 2903 2185 καταφυγὴ
2930 2112 3011 2179 τῷ
3053 2111 3283 2178 πένητι.
3308 2109 3479 2174 Αὐτός
3517 2125 3609 2180 με,

2022 2203 2211 2273 φησὶν,
2257 2202 2318 2256 ἐν
2365 2202 2638 2274 ἀσφαλείᾳ
2669 2201 3004 2273 κατέστησεν
3024 2216 3039 2232 ο
3082 2199 3236 2254 ούδέν
3263 2197 3373 2269 γὰρ
3401 2196 3609 2267 ταύτης

2023 2291 2140 2345 ἴσον
2168 2291 2269 2361 τῆς
2295 2292 2640 2363 καταφυγῆς,
2671 2291 2768 2346 zeal
2802 2291 2884 2354 είς
2911 2287 3159 2352 εὐκολίας
3184 2288 3278 2342 καὶ
3305 2284 3609 2355 ἀσφαλείας

2020 2377 2199 2448 λόγον.
2233 2379 2346 2443 Τὰς
2391 2379 2490 2452 μὲν
2537 2379 2646 2452 γὰρ
2687 2380 2855 2443 άλλας
2888 2376 3212 2448 καταφυγὰς
3241 2376 3337 2431 zeal
3384 2373 3608 2430 ἐπιϐου-

2019 2463 2272 2519 λεύεσθαι
2303 2466 2400 2528 ἐνι.
2432 2468 2527 2521 zeal
2551 2468 2768 2540 ταχέως
2796 2469 2979 2539 εὑρεῖν
3009 2467 3111 2521 οὐκ
3137 2465 3218 2520 ἔνι
3254 2465 3350 2520 zeal
3375 2463 3438 2529 ἐξ
3463 2462 3605 2517 ἐτοί-

2025 2570 2147 2624 μου,
2177 2554 2314 2608 ἀλλά
2334 2556 2429 2609 zeal
2452 2556 2628 2629 χρόνῳ
2648 2559 2742 2612 zeal
2762 2558 2913 2627 τόπῳ
2941 2557 3038 2611 zeal
3063 2556 3283 2627 μυρίαις
3305 2553 3602 2609 κωλύονται

2022 2644 2377 2713 περιστάσεσι
2400 2662 2416 2678 ο
2436 2646 2640 2717 ταύτην
2659 2649 2717 2702 δὲ
2745 2648 2971 2718 πλησίον
2997 2643 3161 2703 οὖσαν
3188 2646 3484 2714 εὑρίσκεις,
3506 2642 3605 2713 μό-

2021 2748 2113 2785 νον
2142 2732 2238 2785 ἐάν
2275 2732 2413 2802 μετά
2452 2735 2740 2805 ἀκριϐείας
2771 2733 3127 2807 ἐπιζητὴσῃς.
3167 2737 3297 2789 Ἔτι
3334 2735 3446 2803 γὰρ
3491 2737 3602 2786 ,ια-

2019 2820 2281 2888 λοῦντός
2311 2837 2428 2877 σου
2454 2821 2587 2892 ἐρῶ,
2626 2822 2781 2878 Ἰδοὺ
2803 2823 3059 2892 πάρειμι.
3103 2823 3235 2887 Kal,
3268 2824 3413 2887 Θεὸς
3450 2821 3600 2890 ἐγγι-

2018 2905 2132 2968 ζων
2156 2907 2272 2975 ἐγώ
2319 2909 2460 2978 ειμι,
2505 2908 2603 2962 καί
2648 2910 2719 2963 οὐ
2759 2908 2905 2975 Θεὸς
2948 2909 3270 2977 πόρρωθεν.
3303 2908 3378 2961 Οὐ
3425 2908 3603 2961 τοίνυν

2017 2993 2101 3048 δεῖ
2135 2995 2340 3066 δρόμου
2390 2998 2544 3067 ἡμῖν,
2593 2997 2713 3051 οὐδὲ
2758 2996 3092 3069 ἀποδημίας,
3142 2995 3279 3051 ἀλλά
3325 2994 3418 3050 zeal
3462 2994 3602 3050 οίκοι

2017 3083 2360 3156 καθημένους
2392 3086 2595 3157 ταύτην
2632 3085 2968 3141 ἐπισπᾶσθαι
3006 3085 3104 3157 τὴν
3132 3083 3452 3156 καταφυγὴν
3499 3085 3597 3138 ἔνι.
3651 3148 3659 3165 .

2013 3173 2124 3228 Kal
2156 3174 2286 3228 ποτέ
2318 3175 2416 3245 μὲν
2443 3175 2651 3246 ἐξαιρεῖ
2683 3176 2794 3231 τῶν
2818 3174 3109 3230 κινδύνοιν⁸
3137 3175 3268 3229 ποτέ
3292 3172 3350 3228 δὲ
3390 3173 3482 3228 zeal
3506 3173 3603 3227 αὐ-

2010 3262 2139 3325 τοὺς
2166 3264 2314 3315 ποιεῖ
2342 3261 2777 3336 λαμπροτέρους.
2805 3264 2900 3317 zeal
2929 3262 3039 3317 τῶν
3067 3261 3279 3334 ἐχθρῶν
3297 3261 3600 3316 δυνατωτέ-

2014 3365 2162 3420 ρους,
2194 3350 2289 3403 zeal
2324 3351 2609 3423 ἀμφότερα
2630 3353 2690 3405 ἐν
2727 3350 2903 3423 καιρῷ
2935 3351 3014 3423 τῷ
3041 3351 3395 3422 προσήκοντι.
3422 3350 3597 3402 Ὅταν

2011 3435 2121 3510 γὰρ
2158 3435 2523 3509 μετριάζωσιν
2549 3440 2600 3493 οί
2625 3439 3011 3504 ἀπολαύοντες,
3045 3438 3332 3511 ἀμφότερα
3358 3436 3593 3492 δίδωσιν.

2009 3524 2074 3578 El
2100 3523 2155 3579 δέ
2192 3525 2266 3596 μὴ
2299 3525 2502 3599 σφόδρα
2537 3527 2696 3583 τοῦτο
2732 3527 2903 3599 ἔχοιεν
2932 3527 2992 3582 τὺ
3030 3526 3377 3598 κατόρθωμα,
3431 3524 3595 3598 μέχρι

2012 3609 2107 3663 τοῦ
2135 3611 2254 3675 ἐνὸς
2278 3614 2510 3679 ἵσταται,
2533 3612 2671 3669 ὥστε
2706 3617 2780 3687 μὴ
2802 3618 2869 3687 τῇ
2901 3615 3188 3689 προσθήκῃ
3215 3613 3310 3668 τοῦ
3336 3614 3593 3685 δευτέρου

2008 3700 2089 3764 είς
2117 3700 2376 3756 ἀπόνοιαν
2403 3703 2599 3768 αὐτοὺς
2624 3703 2818 3758 ἐλθεῖν.
2846 3703 2964 3757 Ἵνα
2996 3704 3053 3757 δὲ
3086 3702 3262 3778 μάθῃς
3287 3703 3367 3756 ὅτι
3401 3700 3593 3755 πολλάο

2007 3805 2095 3852 κις
2126 3787 2283 3843 τοῦτο
2338 3791 2419 3853 είς
2474 3791 2732 3846 ἀπόνοιαν
2769 3792 2932 3864 αίρει,
2968 3793 2999 3846 ὁ
3038 3792 3286 3856 Ἐζεκίας
3338 3787 3591 3842 ἐντεῦθεν

2006 3876 2219 3951 ἐπήρθη
2240 3895 2255 3910 ο
2290 3878 2404 3931 ἀλλ’
2432 3880 2582 3950 ὅμως
2614 3879 2733 3933 οὑδὲ
2773 3878 2943 3942 οὕτως
2974 3877 3135 3933 αὐτὸν
3172 3876 3444 3948 παρεῖδεν,
3473 3875 3589 3929 ἀλλ’

2006 3965 2194 4037 ἐπειδὴ
2224 3967 2258 4036 ἡ
2294 3967 2390 4036 τῆς
2417 3968 2575 4039 νίκης
2618 3968 2889 4038 εὐημερία
2921 3969 3123 4039 ἐπῆρεν
3156 3966 3320 4021 αὐτοῦ
3346 3966 3444 4036 τὴν
3470 3963 3589 4018 διά·

2006 4073 2176 4124 νοιαν,
2209 4056 2310 4126 τὴν
2336 4057 2442 4110 ἀπὸ
2476 4057 2577 4126 τῆς
2604 4056 2915 4126 ἀρρωστίας
2961 4055 3109 4124 αὺτῷ
3159 4054 3443 4127 διόρθωσιν
3493 4056 3590 4108 ἐπ·-

2006 4148 2200 4217 ήγαγε⁸
2225 4144 2447 4213 Βοηθὸς
2466 4145 2537 4199 έν
2562 4143 2907 4212 εὐκαιρίαις,
2939 4142 3010 4196 έν
3036 4145 3301 4210 θλίψεσι.
3330 4142 3395 4193 Τί
3420 4144 3587 4203 ἐστιν,

2019 4235 2118 4287 Ἐν
2167 4234 2535 4301 εὐκαιρίαις;
2588 4232 2682 4296 Εἰς
2736 4230 2947 4301 καιρὸν,
3007 4230 3205 4300 φησὶν,
3263 4228 3586 4299 ἐπικαίρως.

2005 4320 2211 4391 Διπλῆν
2236 4317 2387 4387 λέγει
2417 4319 2515 4391 τὴν
2541 4317 2847 4390 εὐκαιρίαν,
2888 4318 2968 4372 ὅτι
2999 4318 3093 4371 zeal
3136 4316 3336 4385 βοηθεῖ,
3382 4316 3476 4370 zeal
3505 4316 3587 4369 ὅτι

2005 4410 2086 4471 είς
2114 4407 2330 4480 καιρόν.
2357 4407 2655 4479 Εὑκαιρίαν
2683 4405 2791 4479 γὰρ
2821 4406 3053 4461 ἐνταῦθα
3084 4407 3182 4479 τὴν
3209 4404 3387 4472 θλίψιν
3413 4403 3582 4472 λέγει.

2003 4497 2070 4551 Τί
2091 4496 2322 4568 δήποτες
2358 4496 2482 4550 Ὀτι
2513 4495 2832 4565 φιλοσοφίας
2862 4496 3046 4567 μήτηρ
3067 4494 3207 4550 ἐστὶ.
3241 4494 3337 4548 καὶ
3364 4492 3456 4547 τοῦ
3485 4492 3584 4546 θα-

2001 4584 2160 4639 νάτου
2184 4583 2446 4649 ἐξελεῖται
2465 4582 2557 4637 τὸν
2579 4582 2884 4655 ἄνθρωπον,
2903 4584 2994 4638 zeal
3017 4583 3112 4636 τοῦ
3130 4582 3265 4637 Θεοῦ
3292 4592 3315 4621 ο
3349 4581 3584 4653 μάλιστα

1999 4674 2299 4728 ἐπισπᾶται
2335 4672 2433 4742 τὴν
2478 4670 2844 4747 ῥοπήνηΤότε
2884 4670 3127 4743 ῥᾳθυμία
3160 4669 3447 4743 ἀνῄρηται,
3485 4671 3583 4726 zeal

1997 4762 2273 4834 διάχυσιςο
2299 4762 2420 4817 τότε
2453 4759 2861 4832 σπουδαιότεροι
2895 4760 3026 4833 περὶ
3057 4760 3157 4826 τὰς
3195 4759 3476 4832 ἱκετηρίας
3494 4777 3579 4823 γι-

1998 4852 2221 4923 νόμεθα.
2273 4852 2385 4906 Kal
2422 4852 2674 4923 καθάπερ
2720 4852 2748 4904 ό
2784 4848 2993 4921 χειμὼν
3038 4850 3344 4921 ἐπιτήδειος
3389 4850 3580 4923 καιρὸς

1998 4940 2135 5011 πρὸς
2161 4939 2435 5011 γεωργίαν
2467 4940 2584 4993 ἐστὶ
2624 4938 2724 5010 τῆς
2768 4939 2904 5010 γῆς·
2939 4936 3088 5009 [101]
3120 4938 3292 5001 οὕτως
3325 4940 3359 5009 ἠ
3399 4937 3581 5007 θλίψις

1997 5028 2135 5098 πρὸς
2172 5026 2493 5098 ἐπιμέλειαν
2539 5026 2639 5099 τῆς
2664 5026 2865 5098 ψυχῆς.
2909 5026 3020 5080 Ἀεὶ
3067 5027 3166 5097 μὲν
3196 5029 3307 5099 γὰρ
3342 5023 3577 5094 δεόμεθα

1996 5113 2161 5168 αὑτοῦ
2191 5113 2289 5181 τῆς
2341 5112 2612 5182 βοηθείας,
2641 5115 2735 5168 zeal
2778 5116 2836 5169 ἐν
2873 5115 3191 5186 εὐημερίαις
3224 5114 3404 5175 δντες·
3452 5110 3575 5163 τότε

1994 5203 2050 5257 δέ
2075 5203 2329 5272 μάλιστα.
2354 5203 2483 5257 ὅταν
2501 5204 2559 5256 ἐν
2580 5202 2823 5275 θλίψεσιν
2837 5199 3010 5277 ὧμεν.
3031 5204 3279 5271 Βοηθός.
3310 5199 3576 5255 Ἐνταῦθα

1994 5294 2089 5349 zeal
2128 5295 2313 5366 ἔτερόν
2355 5312 2408 5348 τι
2451 5294 2702 5366 ᾐνίξατο·
2742 5296 2823 5350 ὅτι
2870 5296 2952 5350 δεῖ
3001 5295 3095 5348 zeal
3125 5293 3273 5364 ἡμᾶς
3317 5290 3576 5363 ἐνεργοὺς

2053 5475 2080 5504 ο
2105 5460 2345 5525 SicAColb.
2362 5460 2427 5512 At
2447 5463 2568 5512 editi
2583 5466 2739 5525 ἡμῶν.

2055 5527 2079 5557 ε
2100 5523 2237 5589 Οριῒ).
2266 5525 2421 5589 μῄτηρ
2452 5525 2572 5589 ἐστὶ,
2595 5521 2675 5589 καὶ
2713 5524 2925 5589 θανάτου¹
2945 5521 3288 5589 ἐξελεξται-τὸν
3308 5524 3571 5589 ἄνθρωπον,

1988 5584 2177 5653 καὶτοῦ
2202 5584 2345 5653 Θεοῦ.
2381 5584 2524 5653 Illud3
2564 5586 2645 5634 zeal
2684 5585 2770 5634 τοῦ
2814 5586 3014 5634 θανάτου
3051 5586 3271 5641 ἐξελεῖται
3292 5589 3374 5638 τὸν
3390 5584 3569 5653 ἀνθρωὲ

1989 5665 2098 5709 πον,
2121 5649 2264 5698 deest
2287 5648 2338 5697 in
2356 5649 2566 5697 caeteris.
