4112 6214
538 286 638 343 129

540 399 699 457 εἶναι.
741 402 802 456 '0
824 401 934 473 7&9
957 398 1165 470 βοηθῶν
1187 397 1266 469 τῷ
1291 394 1639 468 ἐργαζομένῳ
1669 393 1868 464 βοηθεῖ.
1897 393 1972 445 Οὐ
1996 392 2078 444 τοί

540 511 638 548 νυν
680 494 829 565 ἡμᾶς
881 490 1329 546 ἀναπεπτωκέναι
1362 486 1462 555 δεῖ,
1505 487 1641 541 ἀλλά
1683 487 1777 539 καὶ
1829 482 2108 553 ἱκετηρίαν

541 581 835 653 εἰσφέρειν,
878 582 976 635 καὶ
1024 577 1415 650 ἐλεημοσύνας,
1472 578 1564 629 καὶ
1606 573 1674 627 τά
1725 573 1853 644 παρ’
1900 569 2110 624 ἑαυτῶν

431 714 444 741 .
540 675 775 731 ᾶπαντα.
815 674 969 729 Ἐπεὶ
993 675 1088 729 καὶ
1113 673 1393 744 σύμμαχοι
1420 673 1531 735 τοῖς
1565 667 1857 739 πολεμοῦσι
1888 663 2109 735 βοηθοῦ-

544 786 650 835 σιν,
681 767 803 839 οὐχὶ
838 770 951 832 τοῖς
976 765 1395 822 ἀναπεπτωκόσι
1417 766 1511 817 καὶ
1538 762 1816 833 ἀργοῦσιν.
1847 760 1908 813 El
1930 758 2109 812 τοίνυν

544 858 724 929 βούλει
753 858 852 930 τῆς
872 860 965 912 τοῦ
987 856 1124 913 Θεοῦ
1154 856 1468 928 συμμαχίας
1497 853 1809 910 ἀπολαύειν.
1844 852 2109 922 μηδέποτε

543 948 612 1004 τὰ
635 948 785 1020 παρά
809 949 1034 1003 σεαυτοῦ
1061 947 1289 1020 προδῷς.
1313 946 1468 999 υῦτω
1489 946 1584 999 καὶ
1610 947 1639 999 ὁ
1667 944 1789 998 Ἰὼϐ
1815 943 2108 1013 ἐϐοηθεῖτο,

545 1041 713 1106 ἑστὼς
742 1042 836 1096 καὶ
888 1039 1333 1111 παγκρατιάζων.
1378 1039 1532 1093 Οῦτω
1582 1038 1674 1091 ml
1720 1037 1768 1089 οί
1804 1035 2108 1099 ἀπόστολοι,

545 1134 755 1204 ἐνεργοὶ
781 1134 951 1196 ὄντες.
980 1133 1087 1186 Καὶ
1134 1129 1561 1186 ἐλπισάτωσαν
1605 1130 1703 1183 ἐπὶ
1734 1127 1810 1182 σὲ
1845 1131 1899 1182 οἱ
1942 1129 2111 1197 γινώ-

544 1238 796 1289 σκοντες
823 1224 887 1275 τὸ
917 1220 1101 1291 ὄνομά
1138 1236 1277 1275 σου.
1311 1222 1519 1285 Ἄλλος,
1556 1221 1662 1275 Καὶ
1712 1220 2112 1285 18.1010)?ch-

543 1328 666 1367 σιν.
694 1313 939 1383 Συνεχῶς
959 1313 1117 1366 τοῦτο
1144 1316 1289 1366 ποιεῖ
1313 1316 1341 1367 ὁ
1365 1314 1673 1384 Προφήτης,
1706 1312 1814 1365 ἀπὸ
1842 1310 2006 1382 εὐχῆς
2033 1313 2113 1374 εἰς

544 1406 863 1474 παραίνεσιν
898 1406 1115 1477 τρέπων
1147 1406 1237 1458 τὸν
1277 1405 1453 1472 λόγον,
1487 1404 1662 1469 κοινὸς
1692 1405 2005 1468 διδάσκαλος
2037 1405 2112 1458 ὢν

542 1496 642 1567 τῆς
673 1498 1018 1569 οἰκουμένης,
1054 1501 1147 1552 καὶ
1171 1500 1262 1553 τὸν
1276 1499 1557 1569 θησαυρὸν
1590 1500 1670 1561 είς
1702 1499 1763 1551 τὸ
1798 1497 1961 1568 μέσον
1981 1514 2114 1567 προ-

543 1590 709 1654 τιθεὶς
740 1591 839 1659 τῆς
870 1590 1205 1660 φιλοσοφίας.
1236 1590 1433 1654 Καλῶς
1455 1587 1629 1651 εἶπεν,
1662 1589 2114 1644 Ἐλπισιίτωσαν

544 1683 600 1734 οί
628 1680 1024 1750 γινώσκοντες
1071 1682 1137 1736 τὸ
1160 1681 1347 1751 ὄνομά
1385 1700 1521 1736 σου.
1552 1682 1617 1735 Ol
1637 1682 1748 1751 γὰρ
1790 1682 1988 1746 εἰδότες
2029 1698 2110 1742 σε,

548 1773 701 1840 φησὶ,
725 1774 819 1825 καὶ
838 1772 935 1843 τὴν
964 1773 1245 1843 ἀντίληψίν
1263 1791 1378 1837 σου,
1398 1775 1491 1827 καὶ
1520 1773 1616 1844 τὴν
1639 1774 1971 1843 συμμαχίαν,
1996 1776 2114 1827 ίκα-

546 1859 642 1929 νην
671 1859 915 1932 ἄγκυραν
962 1861 1142 1931 έχουσι
1179 1863 1276 1932 τὴν
1317 1865 1505 1918 ἐλπίδα
1542 1865 1636 1936 τὴν
1679 1866 1772 1919 ἐπὶ
1813 1868 1891 1927 σὲ,
1927 1867 2112 1938 ἱκανὴν

549 1953 881 2023 συμμαχίαν,
915 1954 1010 2007 καὶ
1048 1954 1257 2024 πύργον
1290 1956 1527 2026 ἀρραγῆ,
1564 1957 1623 2008 οὐ
1656 1956 1753 2026 τὴν
1778 1956 1930 2011 λύσιν
1955 1958 2112 2026 μόνον

546 2044 1016 2115 ἐπαγγελλόμενον
1054 2044 1164 2098 τῶν
1191 2045 1400 2109 δεινῶν,
1434 2047 1549 2101 ἀλλ’
1579 2048 1700 2101 οὐδέ
1730 2041 1965 2118 παροῦσι
2003 2051 2113 2111 τοῖς

543 2135 735 2200 δεινοῖς
752 2137 1094 2209 θορυϐεῖσθαι
1118 2139 1518 2211 συγχωροῦντα.
1555 2141 1615 2193 '0
1638 2141 1746 2210 γὰρ
1773 2141 1882 2195 τῶν
1906 2140 2114 2210 ἀνθρω-

545 2227 717 2280 πίνων
736 2226 1183 2297 -ἀπηλλαγμένος,
1207 2230 1302 2282 καὶ
1323 2230 1425 2299 τῆς
1455 2230 1659 2307 ἀνωθεν
1685 2230 1897 2294 ἐλπίδος
1922 2231 2113 2284 ἐαυτὸν

547 2308 826 2388 ἀπαρτῶν,
859 2320 920 2371 οὐ
955 2320 1112 2389 μόνον
1155 2319 1413 2393 ταχίστην
1450 2321 1714 2389 ἐπάγεται
1744 2322 1842 2393 τὴν
1867 2322 2111 2377 ἀπαλλα-

546 2409 649 2481 γὴν
680 2407 789 2463 τῶν
816 2409 1022 2476 δεινῶν,
1043 2411 1140 2465 ἀλλ
1169 2412 1275 2465 οὐδ’
1306 2415 1365 2466 ἐν
1399 2413 1581 2477 αὐτοῖς
1608 2415 1720 2474 τοῖς
1747 2413 1937 2478 δεινοῖς
1957 2414 2114 2481 θορυ-

549 2498 720 2555 ϐεῖται
745 2502 840 2555 καὶ
863 2498 1209 2572 ταράττεται,
1234 2506 1299 2574 τῇ
1321 2500 1492 2557 ἐλπίδι
1516 2506 1613 2575 τῆς
1633 2505 1877 2577 ἀγκύρας
1898 2507 2113 2576 ἐκείνης

550 2591 741 2663 βοηθού
751 2606 926 2661 μενος.
962 2590 1117 2646 Οὕτω
1139 2593 1269 2661 γοῦν
1290 2596 1383 2647 καὶ
1412 2596 1460 2647 οί
1485 2596 1637 2665 τρεῖς
1662 2595 1849 2658 παῖδες
1866 2595 1926 2649 οὐ
1952 2596 2112 2666 μόνον

549 2683 950 2754 ἀπηλλάττοντο
976 2687 1074 2755 τῆς
1112 2686 1363 2755 καμίνου,
1410 2686 1525 2740 ἀλλ’
1553 2687 1674 2740 οὐδὲ
1705 2689 1762 2740 ἐν
1803 2690 1869 2757 τῇ
1899 2688 2113 2759 καμίνῳ

548 2772 913 2844 διατρίϐοντες
957 2772 1329 2844 ἐθορυϐοῦντο.
1384 2777 1638 2848 ᾜδεισαν
1676 2777 1785 2848 γάρ
1829 2777 1928 2848 τὴν
1960 2779 2113 2850 παρά

551 2862 641 2915 τοῦ
669 2864 804 2917 Θεοῦ
838 2866 1172 2936 συμμαχίαν.
1201 2866 1300 2920 Διά
1329 2884 1410 2921 τοι
1440 2866 1597 2921 τοῦτο
1626 2868 1721 2922 καὶ
1746 2868 1933 2939 ἕτερός
1947 2884 2108 2938 φησυ

550 2956 655 3008 Καὶ
684 2957 1140 3024 πεποιθήσουσι,
1159 2958 1279 3012 ἀντὶ
1297 2956 1414 3023 τοῦ,
1437 2959 1791 3031 θαρρήσουσι.
1808 2960 1991 3030 Πολλῷ
2003 2960 2112 3031 γὰρ

552 3045 751 3112 μείζων
782 3047 880 3118 τῆς
911 3048 1083 3119 ἀρχῆς
1117 3061 1141 3089 ι
1177 3048 1276 3119 τῆς
1305 3050 1413 3102 ἀπὸ
1448 3051 1557 3103 τῶν
1587 3049 1828 3123 θορύϐων
1858 3052 1890 3122 η
1933 3051 2111 3121 ἀσφά-

550 3147 667 3192 λεια
699 3140 733 3210 ἡ
763 3138 869 3192 ἀπὸ
892 3138 993 3209 τῆς
1025 3139 1235 3204 ἐλπίδος
1259 3140 1359 3209 τῆς
1384 3143 1463 3204 εἰς
1484 3142 1575 3196 τὸν
1597 3142 1746 3196 Θεόν.
1783 3140 1864 3196 Τά
1890 3143 1987 3213 μὲν
2005 3144 2112 3216 γάρ

543 3228 880 3301 ἀνθρώπινα,
910 3230 944 3299 ἡ
972 3228 1028 3282 δὲ
1058 3228 1175 3283 θεία
1209 3232 1302 3284 καὶ
1326 3229 1556 3302 ἄμαχος.
1593 3232 1809 3304 Ἐπειδὴ
1843 3231 2011 3299 εἶπεν,
2032 3235 2113 3288 δτι

554 3320 768 3388 ἐγένετο
807 3321 1016 3391 βοηθὸς,
1049 3322 1131 3375 ὅτι
1171 3320 1384 3389 ἐγένετο
1415 3323 1726 3394 καταφυγὴ,
1754 3324 1993 3378 δείκνυσι
2020 3326 2114 3379 καὶ

552 3412 668 3477 πῶς
695 3412 922 3480 γίνεται.
956 3414 1078 3477 Πῶς
1123 3409 1216 3467 οὖν
1266 3416 1505 3483 γίνεταις
1539 3414 1707 3469 Ὅταν
1752 3416 2000 3488 μένωμεν
2037 3418 2116 3471 δι-
2148 3438 2165 3445 κ

553 3504 762 3575 ηνεκῶς
788 3507 867 3568 είς
894 3506 1055 3560 αὐτὸν
1094 3506 1423 3571 ἐλπίζοντες.
1459 3508 1521 3562 Et
1551 3506 1608 3561 δὲ
1654 3506 1728 3580 μὴ
1769 3508 1969 3573 εὐθέως
2000 3510 2116 3564 λύει

552 3596 621 3649 τὰ
657 3596 824 3654 δεινά.
861 3597 1137 3652 καὶτοῦτο
1168 3597 1308 3669 ὑπὲρ
1351 3598 1451 3668 τῆς
1493 3600 1590 3669 σῆς
1617 3599 1825 3669 γίνεται
1868 3601 2114 3674 δοκιμῆς.

555 3686 765 3757 Ὥσπερ
785 3686 892 3758 γὰρ
916 3687 1208 3760 δυνάμενος
1237 3690 1310 3763 μὴ
1338 3692 1555 3759 ἀφεῖναι
1584 3691 1849 3755 ἐπελθεῖν,
1873 3680 2116 3763 ἀφίησιν,

554 3776 641 3829 ἵνα
676 3779 1026 3850 στερρότερον
1057 3780 1354 3850 ἐργάζηται
1374 3798 1388 3811 ·
1420 3781 1562 3835 οὕτω
1593 3783 1685 3836 καὶ
1723 3783 2014 3854 δυνάμενος
2056 3786 2119 3837 ἐκ

555 3868 854 3939 προοιμίων
873 3868 1053 3931 λῦσαι,
1078 3871 1259 3941 μέλλει
1293 3871 1386 3926 καὶ
1408 3872 1769 3927 ἀναϐάλλεται
1799 3874 1978 3934 πάλιν,
2003 3877 2122 3929 ἐπι-

553 3961 743 4014 τείνων
776 3977 867 4013 σου
895 3960 993 4031 τὴν
1017 3963 1278 4026 εὐτονίαν,
1326 3965 1421 4017 καὶ
1461 3964 1558 4035 τὴν
1593 3965 1780 4018 ἐλπίδα
1807 3965 2118 4036 γυμνάζων,

556 4055 649 4108 καὶ
679 4056 777 4127 τὴν
825 4057 961 4127 πρὸς
994 4055 1155 4110 αὐτὸν
1195 4056 1431 4110 διάθεσιν
1478 4055 1897 4126 σπουδαιοτέραν
1930 4057 2119 4120 ποιῶν,

555 4147 649 4200 καὶ
674 4144 796 4201 οὐτε
826 4148 912 4201 ἀεὶ⁸
941 4146 1217 4201 θλίϐεσθαι
1252 4149 1543 4219 συγχωρεῖ,
1574 4148 1663 4200 ἵνα
1705 4146 1781 4218 μὴ
1823 4147 2120 4218 ἀποκάμω-

559 4255 676 4309 μεν,
707 4237 830 4292 οὐτε
851 4240 936 4293 ἀεὶ
954 4239 1222 4303 ἀνίεσθαι,
1241 4241 1328 4293 ῖνα
1354 4240 1432 4311 μὴ
1458 4241 1837 4310 ἀναπέσωμεν.
1857 4240 1987 4293 Ὀτι
2009 4243 2121 4294 οὐκ

553 4330 933 4400 ἐγκατέλιπες
963 4331 1106 4397 τοὺς
1137 4331 1527 4398 ἐκζητοῦντάς
1556 4346 1652 4398 σε,
1678 4333 1872 4400 Κύριε.
1909 4332 2122 4395 Ἄλλος,

559 4424 641 4476 Οὺ
661 4423 772 4492 γὰρ
785 4422 1188 4491 ἐγκατέλιπες.
1208 4422 1365 4476 Οὕτω
1379 4424 1472 4476 καὶ
1484 4422 1667 4494 ἕτερός
1687 4440 1870 4494 φησιν,
1900 4422 2125 4491 Ἐμϐλέ-

554 4516 710 4581 ψατο
724 4515 813 4577 εις
828 4513 1082 4581 ἀρχαίας
1100 4512 1312 4583 γενεὰς
1331 4513 1427 4567 καί
1448 4513 1623 4575 ίδετε,
1640 4515 1731 4578 τίς
1750 4513 2014 4581 ἤλπισεν
2025 4515 2127 4569 ἐπὶ

557 4606 796 4673 Κύριον,
819 4605 917 4658 καί
937 4605 1368 4674 κατῃσχύνθη;
1392 4604 1431 4671 ἣ
1455 4605 1546 4671 τίς
1577 4605 1987 4660 ἐπεκαιέσατο
2016 4608 2125 4661 αὑ-

562 4697 684 4760 τὸν,
714 4696 809 4751 καί
855 4695 1245 4767 ἐγκατέλιπεν
1277 4696 1493 4757 αὑτόνς
1532 4696 1642 4750 Καὶ
1676 4696 1793 4757 πῶς
1824 4697 2062 4766 ζητεῖται
2101 4698 2129 4750 ὁ

559 4785 711 4851 Θεὸς,
728 4784 880 4858 [102]
917 4786 1102 4855 φησὶν,
1120 4788 1149 4839 6
1166 4784 1438 4857 πανταχοῦ
1455 4785 1559 4849 GN;
1590 4785 1799 4858 Σπουδῇ
1818 4787 1914 4840 καὶ
1928 4786 2131 4857 προθυ-

564 4877 684 4950 μίᾳ.
697 4877 792 4932 καὶ
808 4877 1020 4933 ἀπαλλα
1030 4879 1093 4948 γῇ
1114 4876 1224 4930 τῶν
1241 4876 1506 4948 βιωτικῶν
1522 4878 1794 4932 ἀπάντων.
1827 4865 2002 4931 Πολλά
2020 4878 2131 4949 7&9

561 4969 669 5044 πρὸ
691 4970 981 5041 ὀφθαλμῶν
1008 4970 1102 5024 καὶ
1125 4972 1182 5024 ἐν
1219 4970 1403 5041 χερσὶν
1431 4968 1645 5040 ἔχοντες
1670 4969 1771 5023 οὐκ
1792 4968 1969 5041 ίσμεν,
1996 4969 2131 5024 ἀ)λά

561 5059 961 5135 περιερχόμεθα
993 5059 1280 5129 ζητοῦντες
1318 5060 1578 5124 πολλάκις
1606 5060 1642 5115 ἀ
1667 5060 2132 5132 κατέχομεν,δταν

559 5153 699 5226 πρὸς
731 5152 918 5223 ἕτερον
953 5153 986 5223 ἡ
1014 5151 1218 5205 διάνοια
1244 5152 1590 5224 τετραμμένη

633 5244 712 5311 ς’.
748 5240 872 5308 Πῶς
898 5237 992 5297 οῦν
1012 5242 1128 5295 ἔστι
1150 5242 1335 5313 ζητεῖν
1360 5244 1451 5296 τὸν
1480 5243 1650 5309 Θεόν;
1692 5244 1862 5298 Ὅταν
1890 5243 2008 5296 ἐκεῖ
2034 5243 2132 5314 τὴν

559 5336 795 5391 διάνοιαν
824 5334 1207 5405 συντείνωμεν,
1229 5334 1358 5388 ὅταν
1384 5334 1491 5388 τῶν
1527 5334 1791 5405 βιωτικῶν
1812 5334 2137 5403 ἀπαλλαγῶ-

565 5443 681 5494 μεν.
728 5429 833 5481 Καὶ
861 5428 969 5499 γάρ
1008 5429 1037 5479 ὁ
1070 5425 1269 5498 ζητῶν,
1299 5427 1477 5479 πάντα
1528 5424 1771 5496 ἐκϐαλὼν
1801 5426 1902 5488 τῆς
1929 5423 2131 5497 ψυχῆς,

625 5601 653 5630 ⁸
682 5601 926 5668 Ιιιιςνῃιιρε
948 5605 1026 5652 hic
1060 5610 1294 5666 verterat,
1331 5606 1495 5668 ἀρχῆς.
1525 5601 1780 5668 ρνῐιινῖρίο,
1803 5604 1891 5652 sed
1934 5601 2136 5668 imperio

566 5662 852 5711 vertendum
877 5671 1010 5724 pulo.

1206 278 1563 341 SJOANNIS
1598 271 2084 332 CIIRYSOSTOMI
2120 270 2434 334 ARCHIEP.
2474 278 3017 340 CONSTANTINOP.

3668 286 3767 342 £30

2211 398 2345 468 πρὸς
2372 401 2545 454 ἐκεῖνο
2591 398 2649 451 τὸ
2692 403 3013 472 ζητούμενον
3041 401 3277 472 ἔρχεται.
3308 399 3418 453 Καὶ
3448 399 3546 470 οὐχ
3587 399 3773 466 ἀπλῶς

2209 488 2389 561 ζητεῖν
2413 493 2538 563 χρὴ,
2556 493 2689 546 ἀλλά
2716 493 2810 546 καὶ
2835 493 3101 563 ἐκζητείν.
3134 493 3191 543 '0
3215 490 3458 560 ἐκζητῶν
3482 490 3583 544 οὐκ
3610 491 3772 557 αὐτὸς

2209 579 2361 651 ζητεῖ
2409 583 2588 651 μόνον,
2639 583 2774 636 ἀλλά
2822 584 2917 637 καὶ
2957 583 3174 650 ἐτέρους
3212 581 3475 651 λαμϐάνει
3523 578 3769 650 βοηθοὺς,

2209 672 2349 727 ὥστε
2377 676 2556 744 εὑρεῖν
2583 675 2643 727 τὸ
2669 674 3015 745 ζητούμενον.
3054 673 3189 728 Ἀλλ’
3219 674 3309 725 ἐπὶ
3333 672 3430 743 μὲν
3451 670 3557 724 τῶν
3585 670 3771 741 βιωτιο

2210 760 2320 813 κῶν
2346 762 2603 825 πολλάκις
2634 761 2986 834 ζητήσαντες,
3017 758 3114 831 οὐχ
3160 760 3390 832 εὕρομεν
3408 778 3421 790 '
3450 761 3543 813 ἐπὶ
3578 760 3636 812 δὲ
3664 759 3773 814 τῶν

2211 854 2592 923 πνευματικῶν
2620 857 2719 908 οὐκ
2758 855 2835 909 ἔνι
2877 855 3053 919 τοῦτο,
3089 854 3222 908 ἀλλὰ
3256 853 3466 923 ἀνάγκη
3504 855 3652 906 πάσα
3682 853 3775 907 τὸν

2211 944 2473 1014 ζητοῦντα
2511 948 2708 1018 εὐρεῖν.
2742 950 2839 1001 Ἂν
2884 948 2993 1018 γὰρ
3035 947 3334 1016 ἐξέλθωμεν
3380 946 3540 1016 μόνον
3584 947 3677 998 ἐπὶ
3715 947 3777 1000 τὸ

2210 1035 2462 1111 ζητῆσαι,
2492 1039 2590 1092 οὐκ
2619 1039 2841 1110 ἀφίησιν
2865 1041 3013 1110 ἡμᾶς
3039 1037 3207 1091 πολλά
3243 1036 3538 1091 κόπτεσθαι
3562 1038 3591 1090 ό
3622 1036 3774 1101 Θεόςο

2209 1134 2296 1187 διὰ
2323 1131 2482 1185 τοῦτο
2510 1131 2657 1199 λέγει
2673 1148 2688 1162 ο
2726 1129 2848 1197 Πᾶς
2863 1134 2895 1185 ό
2917 1128 3109 1198 ζητῶν
3125 1130 3411 1196 εὑρίσκει.
3441 1127 3676 1181 Ψάλατε
3696 1126 3777 1192 τῷ

2212 1227 2404 1293 Κυρίῳ
2426 1224 2505 1289 τῷ
2521 1224 2977 1279 κατοικοῦντιὲν
2992 1223 3159 1277 Σιών.
3188 1221 3399 1283 Ἀλλος.
3421 1219 3502 1285 Τῷ
3522 1222 3776 1288 καθημέ-

2210 1334 2310 1382 νῳ.
2356 1316 2761 1387 Ἀναγγείλατε
2785 1317 2855 1370 ἐν
2880 1316 3004 1381 τοῖς
3018 1315 3218 1370 ἔθνεσι
3252 1313 3323 1366 τὰ
3344 1311 3775 1380 ἐπιτηδεύματα

2210 1410 2415 1464 αὑτοῦ,
2436 1410 2626 1473 ’Ἄλλος
2645 1410 2827 1479 φησιν,
2859 1410 2955 1462 Ἑν
2970 1408 3091 1473 τοῖς
3106 1406 3277 1472 λαοῖς
3295 1405 3367 1459 τὰ
3375 1403 3777 1474 μηχανήματα

2211 1500 2416 1555 αὐτοῦ.
2445 1501 2511 1553 Τί
2535 1500 2742 1569 λέγεις;
2771 1495 2845 1555 Οὐ
2871 1500 2900 1553 ὀ
2923 1497 3150 1570 οὐρανὸς
3167 1497 3352 1567 θρόνος
3369 1496 3461 1550 καὶ
3480 1498 3514 1567 ἡ
3545 1495 3617 1565 γῆ
3643 1494 3776 1548 ὑπο-

2212 1592 2413 1653 πόδιον,
2445 1585 2506 1645 οὗ
2539 1592 2597 1645 ἐν
2637 1594 2700 1662 τῇ
2728 1592 2870 1662 χειρὶ
2907 1590 2976 1645 τά
3010 1590 3220 1662 πέρατα
3251 1589 3351 1658 τῆς
3376 1587 3500 1657 γῆς,
3535 1580 3689 1650 οὗτος
3717 1590 3775 1641 ἐν

2212 1683 2348 1737 Σιὼν
2390 1685 2559 1745 οἰκεῖς
2608 1683 2741 1735 Ναί·
2790 1683 2999 1751 οἴκησιν
3025 1682 3131 1751 γάρ
3162 1678 3392 1733 ἐνταῦθα
3431 1677 3490 1731 οὐ
3520 1676 3580 1730 τὸ
3620 1693 3775 1748 περι-

2214 1776 2484 1831 κλείεσθαι
2506 1775 2652 1845 λέγει
2669 1775 2989 1847 (ἀπέραντος
3004 1773 3112 1845 γὰρ
3128 1770 3291 1827 αὐτοῦ
3306 1774 3339 1841 ἡ
3371 1770 3773 1841 μεγαλωσύνη),

2212 1866 2347 1920 ἀλλά
2399 1866 2498 1936 τὴν
2549 1865 2855 1934 οίκειότητα
2904 1864 3003 1935 τὴν
3056 1864 3192 1936 πρὸς
3222 1864 3313 1917 τὸν
3345 1864 3527 1925 τόπον,
3575 1862 3667 1917 καὶ
3715 1862 3777 1915 τὸ

2210 1953 2426 2016 οἰκείως
2458 1951 2599 2023 ἔχειν
2628 1951 2763 2022 πρὸς
2796 1951 2980 2015 αὐτὸν,
3007 1951 3094 2006 διά
3120 1951 3181 2005 τὸ
3207 1953 3332 2014 τούς
3370 1951 3654 2014 Ἰουδαίους
3688 1949 3775 2003 διὰ

2210 2044 2309 2113 τῆς
2350 2043 2805 2112 συγκαταϐἀσεως
2828 2042 3029 2112 ταύτης
3057 2043 3194 2113 πρὸς
3222 2042 3384 2097 αὐτὸν
3406 2040 3774 2096 ἐπισπᾶσθαι·

2211 2136 2332 2188 ἐπεὶ
2354 2137 2447 2189 καὶ
2473 2135 2618 2190 οίκία
2644 2135 2733 2190 διά
2760 2135 2918 2189 τοῦτο
2944 2134 3160 2204 λέγεται
3183 2137 3267 2204 ἐφ’
3298 2134 3478 2207 ἡμῶν,
3498 2134 3585 2189 διὰ
3613 2133 3677 2188 τὸ
3703 2134 3781 2188 οί-

2212 2228 2377 2292 κείως
2412 2229 2562 2299 ἡμᾶς
2589 2227 2732 2298 ἔχειν
2757 2228 2895 2300 πρὸς
2918 2229 3107 2299 αὐτήν.
3138 2228 3248 2281 Kal
3283 2228 3341 2280 ἐν
3369 2228 3499 2296 ἡμῖν
3523 2226 3581 2280 δέ
3613 2228 3781 2280 οίκεῖν

2210 2321 2526 2391 λέγεται,οὐ
2556 2323 2941 2392 περιεχόμενος
2972 2321 3057 2389 ὐφ’
3088 2320 3263 2390 ἡμῶν,
3281 2318 3397 2372 ἀλλ’
3417 2305 3633 2380 οἰκείως
3647 2318 3781 2391 πρὸς

2215 2415 2362 2484 ἡμᾶς
2404 2412 2561 2484 ἔχων.
2612 2412 2750 2466 Σιὼν
2780 2413 2836 2466 δὲ
2879 2412 3020 2467 κατὰ
3068 2410 3358 2482 ἀναγωγὴν
3403 2411 3437 2481 ἠ
3489 2408 3782 2481 Ἐκκλησία

2210 2507 2444 2576 λέγεται.
2462 2505 2961 2573 Προσεληλύθατε
2975 2502 3086 2573 γὰρ
3099 2502 3217 2571 ὄρει
3237 2501 3408 2564 Σιὼν,
3422 2500 3520 2555 καί
3546 2500 3794 2566 Ἐκκλη-

2209 2600 2317 2668 σίᾳ
2339 2599 2744 2667 πρωτοτόκων.
2766 2596 2873 2650 Kal
2890 2596 3113 2658 εἰκότως
3136 2595 3261 2666 ὅρος
3288 2594 3321 2664 ἡ
3362 2590 3675 2661 Ἐκκλησία,
3695 2588 3782 2644 διά

2209 2693 2271 2745 τὸ
2307 2690 2544 2762 βέϐαιον,
2564 2689 2659 2742 καί
2686 2687 2903 2756 πάγιον,
2944 2686 3039 2740 καὶ
3076 2686 3342 2740 ἄσειστον.
3383 2681 3647 2753 Καθάπερ
3678 2681 3785 2752 γὰρ

2210 2784 2335 2858 ὅρος
2377 2780 2634 2836 σαλεῦσαι
2663 2781 2724 2833 οὐ
2751 2778 2996 2843 δυνατὸν,
3028 2777 3199 2840 οὕτως
3230 2776 3351 2830 οὐδὲ
3391 2773 3484 2828 τοῦ
3522 2770 3657 2826 Θεοῦ
3688 2770 3784 2842 τὴν

2226 2872 2572 2942 Ἐκκλησίαν.
2610 2869 3023 2939 Ἀναττείλατε
3038 2867 3108 2920 ἐν
3130 2865 3254 2929 τοῖς
3273 2865 3475 2919 ἔθνεσι
3498 2861 3567 2916 τὰ
3585 2861 3785 2926 ἐπιτη-

2211 2963 2474 3032 δεύματα
2488 2961 2694 3015 αὑτοῦ.
2720 2961 2981 3030 Κήρυκας
3000 2953 3138 3010 εἶναι
3167 2955 3412 3026 βούλεται
3433 2951 3538 3004 τῶν
3559 2949 3781 3015 εὐεργε-

2221 3055 2350 3109 σιῶν
2372 3054 2465 3109 τοῦ
2495 3053 2653 3116 Θεοῦ,
2671 3052 2767 3106 καὶ
2790 3049 3054 3122 μηδέποτε
3079 3047 3243 3102 αὐτοῦ
3264 3042 3662 3113 κατακρύπτειν
3683 3037 3784 3100 τάς

2220 3144 2558 3216 εὐεργεσίας.
2586 3144 2695 3197 Καὶ
2712 3142 2868 3195 τοῦτο
2895 3140 3169 3211 πανταχοῦ
3192 3140 3360 3210 ζητεῖ,
3375 3136 3462 3190 διά
3480 3152 3539 3190 τε
3555 3133 3680 3197 τούς
3698 3129 3791 3184 λέ-

2214 3254 2430 3306 γοντας,
2458 3235 2548 3289 διά
2575 3251 2635 3287 τε
2660 3235 2785 3297 τοὺς
2809 3233 3126 3295 ἀκούοντας.
3165 3232 3273 3286 Καὶ
3314 3230 3422 3303 7&9
3461 3229 3556 3283 καὶ
3577 3227 3790 3288 τούτοις

2215 3327 2423 3399 κέρδος.
2451 3327 2742 3389 κάκείνοις.
2785 3323 2880 3378 ἐὰν
2911 3325 3270 3395 προσέχωσιν.
3310 3324 3439 3376 Ὀτι
3470 3324 3503 3375 ό
3533 3318 3793 3387 ἐκζητῶν

2213 3419 2287 3471 τὰ
2317 3418 2535 3482 αἵματα
2561 3415 2759 3470 αὐτῶν
2778 3415 3072 3485 ἐμνήσθη.
3104 3409 3258 3478 Εἶδες
3288 3413 3358 3466 τὰ
3385 3412 3790 3483 ἐπιτηδεύματα

2217 3512 2343 3564 ποῖα
2370 3509 2515 3578 λέγει
2534 3527 2548 3572 ς
2566 3510 2676 3572 Τὰς
2691 3508 3024 3577 εὐεργεσίας.
3062 3506 3434 3560 Ἐνταῦθακαὶ
3460 3504 3602 3575 μέγα
3623 3522 3673 3557 τι
3707 3505 3790 3556 αἱ·

2215 3601 2448 3654 νίττεται
2465 3600 2639 3672 δόγμα
2655 3617 2668 3631 ·
2685 3601 2767 3653 ὅτι
2780 3599 2878 3653 οὐκ
2893 3598 3008 3652 ἔστι
3025 3598 3181 3667 φόνος
3197 3596 3500 3666 ἀτιμωρητὶ
3515 3592 3792 3664 τολμώμε·

2217 3703 2326 3752 νος,
2345 3686 2458 3740 ἀλλ’
2472 3687 2764 3740 ἐκδικεῖται
2793 3687 3010 3751 πάντως
3027 3703 3042 3719 ·
3060 3685 3088 3738 δ
3104 3685 3199 3737 καὶ
3225 3684 3281 3735 ἐν
3300 3684 3366 3752 τῇ
3392 3680 3605 3734 Γενέσει
3624 3682 3757 3734 Μωῦ
3770 3707 3787 3721 -

2221 3776 2317 3845 σῆς
2331 3775 2386 3828 δε
2395 3774 2589 3832 ίκνυσι,
2607 3774 2782 3842 λέγων
2800 3792 2815 3806 ·
2840 3773 2909 3828 Τὸ
2930 3769 3071 3842 αἷμα
3091 3769 3258 3841 ὑμῶν
3271 3767 3404 3837 ἐκζη
3414 3767 3591 3836 τήσω.
3616 3764 3787 3819 Τοῦτο

2219 3861 2319 3929 τῆς
2345 3860 2570 3931 ἀπείρου
2598 3861 2851 3931 προνοίας
2874 3860 3090 3932 δεῖγμα,
3118 3859 3214 3929 τῆς
3240 3853 3604 3926 ἐκτεταμένης
3622 3851 3784 3906 αὐτοῦ

2219 3948 2562 4018 κηδεμονίας.
2583 3949 2646 4000 Εί
2671 3947 2727 4000 δὲ
2762 3948 2834 4018 μὴ
2859 3949 3000 4001 κατὰ
3029 3947 3195 4010 πόδας
3221 3944 3457 4016 ἐκζητεῖ,
3478 3941 3554 4014 μὴ
3578 3938 3788 4010 θαυμά-

2223 4034 2323 4109 Cn;
2337 4052 2352 4066 ’
2370 4035 2552 4089 δίδωσι
2567 4034 2675 4106 γὰρ
2694 4037 2804 4098 τοῖς
2821 4034 3190 4106 ἁμαρτάνουσι
3213 4032 3497 4103 μετανοίας
3513 4028 3785 4101 ἀφορμήν.

2217 4125 2339 4177 Οὐκ
2357 4123 2679 4179 ἐπελάθετο
2693 4120 2801 4191 τῆς
2820 4123 3087 4192 κραυγῆς
3100 4121 3218 4176 τῶν
3232 4121 3523 4185 πενήτων.
3538 4120 3679 4190 Ὅρα
3695 4121 3792 4175 πά-

2220 4210 2304 4262 λιν
2328 4211 2455 4274 τούς
2474 4210 2712 4280 πένητας
2750 4209 3185 4280 εὐδοκιμοῦντας.
3217 4208 3328 4276 Οὐχ
3360 4206 3545 4270 ἀπλῶς
3564 4207 3622 4260 δὲ
3642 4207 3789 4277 λέγει

2226 4297 2371 4370 [105]
2403 4299 2527 4363 τούς
2554 4298 2809 4370 πένητας,
2846 4298 2959 4352 ἀλλ’
3000 4296 3239 4358 ἐκείνους
3268 4296 3394 4358 τοὺς
3422 4296 3671 4366 πτωχοὺς
3710 4293 3792 4365 τῷ

2224 4386 2512 4456 πνεύματι,
2539 4386 2718 4449 καθὼς
2737 4389 2765 4440 ό
2786 4383 3015 4456 Χριστός
3030 4398 3212 4452 φησιν.
3246 4373 3409 4436 Οὗτοι
3428 4382 3534 4454 7&9
3559 4380 3792 4452 μάλιστα

2224 4475 2510 4530 ἀκούονται
2538 4475 2838 4545 εὐχόμενοι,
2861 4475 2909 4527 οί
2941 4472 3183 4526 ταπεινοὶ
3212 4473 3279 4542 τῇ
3313 4470 3532 4543 καρδίᾳ,
3549 4472 3646 4526 καλ⁸
3668 4487 3790 4525 συν-

2225 4562 2593 4634 τετριμμένοι.
2620 4562 2724 4615 Δύο
2759 4562 2817 4615 δὲ
2852 4559 3085 4614 ἐνταῦθα
3109 4557 3312 4629 τίθησι,
3354 4560 3447 4612 καὶ
3488 4558 3671 4630 εὐχὴν,
3697 4556 3792 4611 καὶ

2223 4647 2739 4719 ταπεινοφροσύνην.
2785 4646 2917 4702 Ἐπὶ
2948 4646 3082 4701 τίνα
3117 4646 3225 4718 γάρ
3255 4645 3579 4714 ἐπιϐλέψαι,
3607 4645 3789 4714 φησὶν,

2225 4737 2363 4793 ἀλλ’
2391 4737 2430 4805 ἢ
2463 4735 2561 4790 ἐπὶ
2589 4734 2696 4790 τὸν
2716 4734 2998 4790 ταπεινὸν
3019 4734 3070 4796 ιι,
3095 4733 3192 4788 καί
3226 4734 3508 4803 ἡσύχιον,
3538 4731 3637 4786 καί
3667 4731 3794 4799 τρέ-

2221 4823 2416 4896 μοντά
2429 4841 2548 4894 μου
2568 4824 2708 4889 τοὺς
2734 4824 2984 4892 λόγουςῖ
2999 4823 3109 4877 Καὶ
3135 4820 3408 4892 πανταχοῦ
3431 4820 3612 4890 ὄχημα
3631 4817 3795 4889 εὐχῆς

2229 4911 2537 4984 εὑρίσκεται
2557 4909 3042 4981 ταπεινοφροσύνη.
3081 4909 3278 4978 Ἐγγύς
3316 4905 3423 4978 γὰρ
3445 4904 3650 4977 Κύριος
3682 4907 3791 4968 τοῖς

2231 4998 2704 5071 συντετριμμένοις
2737 5000 2803 5069 τῇ
2832 4997 3049 5069 καρδίᾳ.
3076 4997 3237 5049 ’Ὥστε
3261 4992 3570 5064 φλεγμονῆς
3593 4992 3674 5047 δεῖ
3694 4990 3794 5061 μά-

2229 5084 2384 5139 λιστα
2401 5084 2741 5156 ἀπηλλάχθαι
2759 5084 2851 5137 τὸν
2865 5083 3176 5154 εὐχόμενον,
3193 5081 3225 5135 ὃ
3265 5081 3361 5134 καὶ
3383 5079 3592 5142 Παῦλος
3619 5078 3787 5145 ζητεῖ,

2230 5173 2428 5241 λέγων·
2454 5171 2639 5241 Χωρίς
2660 5169 2841 5241 ὀργῆς
2864 5170 2962 5224 καί
2981 5168 3394 5239 διαλογισμοῦ.
3426 5165 3618 5228 Καλῶς
3648 5158 3790 5227 εἷπε,

2238 5260 2353 5330 Τῆς
2374 5258 2641 5329 κραυγῆς
2656 5258 2776 5312 τῶν
2798 5259 3090 5327 πενήτων,
3109 5254 3352 5327 κραυγὴν
3374 5253 3546 5322 λέγων
3563 5249 3667 5320 τὴν
3680 5247 3794 5311 διά-

2233 5346 2379 5401 θεσιν
2410 5349 2507 5418 τῆς
2550 5345 2804 5408 διανοίας,
2844 5345 2906 5398 οὐ
2932 5344 3024 5398 τὸν
3052 5344 3204 5398 τόνον
3236 5343 3334 5412 τῆς
3368 5338 3576 5411 φωνῆς’
3620 5334 3697 5406 τῷ
3734 5332 3793 5387 δὲ

2234 5435 2428 5497 εἰπεῖν,
2461 5434 2582 5488 οὐκ
2606 5432 2951 5495 ἐπελάθετο,
2982 5430 3246 5503 ἐδήλωσεν
3284 5429 3366 5483 ὅτι
3406 5420 3641 5492 συνεχῶς
3663 5419 3791 5475 ἐκά-

2298 5609 2326 5648 ιι
2347 5607 2478 5672 (Σοᾷιὶ),
2498 5608 2621 5672 ,ἀλλ’
2660 5610 2690 5665 ἢ
2716 5609 2792 5657 ἐπὶ
2831 5608 2913 5656 τὸν
2952 5613 3117 5672 πρᾶον,
3167 5605 3334 5655 Lectio
3357 5599 3478 5650 editi
3519 5609 3661 5660 supra
3687 5607 3797 5644 cum

2237 5677 2380 5722 textu
2406 5668 2589 5720 Biblioo
2607 5678 2857 5720 consonat.
