4064 6206
309 205 409 259 12‘.)

304 318 536 389 operari.
568 315 677 385 Qui
699 317 850 371 enim
885 316 986 371 fert
1007 319 1277 383 auxilium,
1310 318 1355 373 ei
1386 320 1485 371 fert
1512 318 1600 388 qui
1628 328 1896 387 Operatur.

306 409 418 466 Non
443 418 663 478 oportet
691 424 827 477 ergo
842 409 1041 462 otiosos
1069 424 1205 476 esse,
1239 419 1292 462 et
1315 412 1487 462 animo
1516 409 1768 471 deficere,
1800 411 1897 463 sed

307 508 359 556 ct
399 513 590 570 preces
627 490 832 553 afferre
862 539 877 562 ,
908 510 959 553 et
1000 499 1382 569 eleemosynas,
1411 508 1467 553 et
1503 500 1680 553 omnia
1712 516 1830 570 qua:
1867 517 1897 554 a

308 591 459 647 nobis
497 590 634 661 ipsis
679 584 866 644 offerri
896 600 1134 658 possunt.
1180 590 1279 657 Qui
1312 591 1451 645 enim
1494 591 1548 645 in
1585 590 1724 645 bello
1768 592 1900 644 socii

309 690 448 750 sunt,
480 682 549 739 iis
578 683 668 754 qui
701 690 943 753 pugnant
965 696 1117 751 opem
1157 681 1348 745 ferunt,
1383 696 1484 735 non
1514 680 1578 734 iis
1605 682 1691 750 qui
1720 682 1898 736 animo

311 772 602 839 deficiunt,
631 782 688 830 et
729 789 791 829 se
829 770 1031 828 dedunt
1074 773 1202 827 otio.
1236 770 1291 827 Si
1326 772 1404 826 vis
1446 786 1573 842 ergo
1605 772 1695 826 Dci
1740 788 1894 842 opem

311 867 571 939 assequi,
624 879 916 935 numquam
966 879 1082 933 qua:
1130 872 1217 917 tua
1277 872 1400 917 sunt
1450 862 1762 932 prodideris.
1822 862 1892 917 ita

314 961 408 1016 Job
432 959 598 1015 latum
634 965 718 1013 est
739 956 997 1011 auxilium
1018 995 1035 1022 ,
1065 953 1222 1009 stanti
1259 965 1311 1009 et
1339 954 1542 1008 fortiter
1581 954 1844 1008 dimicanti
1878 972 1891 1009 :

315 1052 384 1108 ita
437 1051 600 1107 etiam
646 1046 905 1117 apostolis
936 1088 952 1114 ,
1010 1040 1229 1117 pulchre
1274 1044 1654 1101 laborantibus.
1701 1047 1788 1101 ll.
1826 1044 1893 1099 Et

312 1144 509 1212 sperent
554 1136 608 1195 in
665 1148 713 1193 te
765 1136 854 1210 qui
894 1147 1132 1191 noverunt
1175 1152 1354 1189 nomen
1395 1146 1552 1189 tuum.
1609 1136 1787 1198 Alius,
1824 1133 1892 1188 Et

312 1236 583 1305 conﬁdent.
628 1226 896 1300 Propheta
944 1230 1046 1284 hoc
1093 1228 1214 1283 facit
1259 1226 1495 1293 assidue,
1521 1242 1551 1280 a
1593 1228 1891 1297 precatione

309 1328 379 1383 ad
427 1322 846 1381 exhortationem
903 1330 1220 1377 convertens
1285 1335 1585 1376 sermonem
1627 1360 1644 1384 ,
1688 1327 1744 1373 ut
1802 1321 1889 1389 qui

308 1422 379 1476 sit
423 1417 716 1475 communis
766 1412 957 1469 doctor
1006 1413 1150 1468 orbis
1204 1422 1501 1476 terrarum,
1553 1420 1608 1466 et
1654 1410 1887 1480 philoso-

310 1510 443 1580 phia:
483 1502 787 1565 thesaurum
822 1520 1125 1577 proponens
1173 1506 1225 1558 iu
1271 1503 1522 1558 medium.
1553 1503 1782 1558 Pulchre
1809 1502 1889 1557 di-

309 1604 383 1659 xit
423 1602 684 1671 :Sperent
720 1601 774 1653 in
803 1610 851 1653 te
886 1596 973 1669 qui
1010 1608 1251 1652 noverunt
1285 1612 1466 1659 nomen
1502 1606 1664 1648 tuum.
1700 1594 1799 1664 Qui
1836 1604 1888 1650 te

308 1698 605 1757 noverunt,
647 1688 851 1761 inquit,
883 1692 937 1743 ct
959 1684 1210 1742 auxilium
1239 1695 1293 1741 et
1320 1686 1678 1741 defensionem
1706 1694 1884 1754 tuam,

306 1786 530 1840 validam
572 1782 770 1839 habent
810 1795 1091 1844 ancoram,
1124 1794 1272 1849 spem
1301 1793 1458 1848 quam
1489 1778 1540 1833 in
1573 1788 1623 1833 te
1649 1778 1879 1843 habent,

306 1876 529 1931 validum
558 1875 822 1930 auxilium
848 1913 864 1935 ,
896 1881 950 1927 et
1005 1866 1190 1925 turrim
1239 1864 1547 1936 infractam,
1593 1885 1714 1925 eum
1739 1910 1754 1935 ,
1793 1871 1883 1943 qui

307 1983 404 2023 non
444 1965 618 2022 solmn
651 1958 932 2036 pollicetur
971 1962 1334 2018 liberationem
1377 1975 1407 2014 a
1453 1960 1641 2026 malis,
1682 1961 1775 2015 sed
1815 1976 1884 2016 ne

306 2056 651 2131 mentibus
669 2050 882 2128 quidem
917 2048 1313 2110 difficultatibus
1347 2053 1639 2124 perturbari
1660 2054 1882 2124 permit-

306 2151 380 2205 tit.
401 2146 502 2217 Qui
529 2148 671 2203 enim
698 2155 781 2202 est
816 2138 1073 2201 liberatus
1097 2144 1164 2199 ab
1202 2140 1448 2197 humanis
1474 2185 1488 2209 ,
1518 2151 1572 2198 et
1594 2159 1627 2198 a
1649 2158 1879 2214 superna

300 2254 391 2310 spe
416 2236 710 2310 dependet,
745 2248 851 2292 non
883 2234 1055 2291 solum
1085 2234 1333 2289 adsciscit
1359 2230 1460 2288 sibi
1488 2234 1818 2289 celerrimam
1846 2250 1878 2289 a

301 2324 448 2386 malls
467 2329 838 2385 liberationem
857 2338 874 2391 ;
902 2325 996 2382 sed
1017 2341 1084 2381 ne
1108 2325 1158 2379 in
1187 2320 1314 2395 ipsis
1335 2324 1546 2397 quidem
1563 2322 1712 2379 malis
1730 2340 1880 2381 vexa-

298 2429 383 2477 tur
403 2429 461 2477 et
496 2418 874 2491 perturbatur,
902 2422 960 2472 ut
991 2416 1077 2471 cui
1114 2414 1249 2470 ferat
1279 2431 1433 2485 opem
1458 2431 1581 2486 spes
1608 2415 1748 2470 illius
1782 2431 1878 2470 au-

294 2524 449 2569 eorze.
468 2513 545 2567 Ita
564 2520 695 2581 ergo
714 2516 824 2566 tres
846 2508 993 2579 pueri
1019 2522 1124 2562 non
1150 2504 1321 2562 solum
1347 2502 1551 2563 liberati
1578 2518 1703 2562 sunt
1720 2523 1749 2562 a
1770 2508 1878 2563 for-

293 2612 420 2660 nace
435 2602 604 2676 (Dan.
627 2596 714 2674 ὅ),
737 2598 833 2656 Sed
859 2612 927 2655 ne
945 2594 1069 2654 dum
1098 2594 1151 2653 in
1193 2594 1407 2653 fornace
1432 2596 1645 2669 quidem
1690 2615 1873 2655 versa-

294 2704 502 2764 rentur,
546 2690 1018 2751 conturbabantur.
1055 2686 1258 2746 Norant
1292 2690 1432 2745 enim
1468 2686 1568 2745 sibi
1607 2690 1794 2745 adesse
1820 2706 1851 2745 a

292 2788 400 2844 Deo
419 2782 706 2843 auxilium.
730 2778 798 2840 Et
815 2783 935 2840 ideo
953 2781 1087 2837 alius
1108 2780 1272 2837 dicit:
1297 2778 1365 2835 Et
1385 2780 1637 2852 conﬁdent
1654 2825 1669 2848 ,
1696 2780 1747 2837 id
1768 2791 1870 2849 est,

290 2878 563 2936 habebunt
576 2872 847 2932 fiduciam.
868 2874 1097 2944 Imperio
1114 2874 1254 2928 enim
1286 2868 1426 2943 quod
1449 2873 1498 2927 in
1522 2872 1873 2942 perturbatio-

286 2985 379 3026 nes
399 2980 484 3024 est
508 2968 667 3039 longe
682 2958 853 3036 major
868 2968 950 3021 est
963 2964 1157 3030 cautio,
1180 2974 1296 3033 qua:
1313 2979 1377 3018 ex
1392 2977 1488 3032 spe
1505 2962 1556 3018 in
1578 2962 1744 3019 Deum
1766 2962 1874 3019 ori-

283 3070 386 3115 tur.
404 3056 515 3114 lllre
535 3059 681 3114 enim
702 3065 824 3111 sunt
845 3055 1109 3121 humanae,
1132 3050 1236 3109 hoc
1255 3066 1381 3109 vero
1403 3052 1635 3110 divinum
1657 3066 1710 3110 et
1732 3055 1873 3110 inex-

281 3150 593 3221 pugnabile.
617 3144 1054 3218 Quandoquidem
1076 3144 1349 3202 dixitcum
1370 3142 1534 3201 fuisse
1551 3142 1867 3215 adiutorem,

277 3254 332 3299 et
356 3243 532 3298 fuisse
556 3241 835 3311 refugium,
863 3236 991 3295 dicit
1017 3239 1175 3294 etiam
1196 3237 1461 3308 quomodo
1480 3239 1569 3293 sit.
1592 3236 1868 3307 Quomodo

274 3346 463 3390 autem
486 3343 572 3389 est
594 3333 621 3385 ‘i
652 3331 871 3401 Quando
900 3332 952 3385 in
974 3342 1096 3385 eum
1126 3329 1339 3384 assidue
1373 3343 1590 3397 sperare
1619 3343 1867 3397 perseve-

276 3437 489 3482 ramus.
519 3422 674 3492 Quod
712 3425 759 3479 si
799 3430 904 3479 non
935 3423 1113 3478 statim
1162 3420 1320 3477 solvit
1360 3418 1696 3477 difficultates
1719 3462 1733 3485 ,
1765 3416 1868 3476 hoc

276 3526 494 3590 quoque
518 3516 577 3570 fit
606 3524 703 3586 pro
728 3516 815 3570 tua
844 3514 1174 3586 probatione.
1218 3508 1670 3580 Quemadmodum
1697 3510 1862 3580 enim,

276 3626 398 3666 cum
427 3618 609 3682 posset
632 3622 739 3663 non
771 3607 1096 3678 permittere,
1128 3614 1188 3660 ut
1215 3614 1266 3659 te
1290 3604 1620 3672 invaderent,
1649 3606 1865 3674 permit-

276 3703 341 3756 tit
370 3710 550 3757 tameu
585 3706 648 3756 ut
675 3710 730 3755 te
758 3697 954 3754 faciant
998 3696 1353 3753 robustiorem
1383 3712 1397 3749 :
1429 3696 1498 3749 ita
1545 3697 1701 3751 etiam
1745 3711 1863 3750 cum

280 3802 462 3865 posset
489 3793 561 3850 ab
601 3792 753 3849 initio
780 3786 990 3847 solvere
1012 3831 1027 3855 ,
1057 3800 1240 3844 rursus
1267 3794 1544 3843 cunctatur
1567 3796 1622 3843 et
1645 3784 1821 3842 differt
1842 3828 1861 3854 ,

280 3893 425 3939 tuam
450 3895 655 3954 augens
676 3882 1028 3939 constantiam
1046 3921 1063 3948 ,
1088 3890 1143 3935 et
1172 3882 1312 3934 tuam
1343 3892 1489 3949 Spem
1511 3894 1786 3947 exercens,
1810 3886 1864 3935 et

281 3984 423 4030 tuam
447 3976 505 4030 in
534 3976 705 4044 ipsutn
739 3966 1074 4028 affectionem
1099 3968 1328 4025 reddens
1369 3968 1819 4025 vehementiorem
1844 4011 1859 4035 ,

278 4070 331 4119 et
371 4079 545 4135 neque
586 4072 799 4134 semper
829 4061 1093 4132 permittit
1115 4058 1375 4130 opprimi,
1406 4075 1473 4114 ne
1514 4058 1857 4124 deficiamus;

280 4169 377 4210 nec
421 4162 639 4225 semper
684 4146 960 4223 quiescere
1002 4160 1057 4205 et
1101 4150 1359 4215 relaxari,
1408 4163 1476 4202 ne
1514 4147 1859 4203 conabamur.

283 4245 533 4312 Quorum
560 4259 661 4298 non
686 4236 992 4314 dereliquisti
1017 4248 1292 4312 quaerentes
1315 4250 1382 4304 te,
1411 4236 1644 4293 Domine.
1673 4240 1858 4295 Alius:

280 4334 399 4389 Non
441 4336 577 4390 enim
618 4334 885 4405 reliquisti.
936 4330 1009 4388 Ita
1035 4330 1193 4387 etiam
1238 4330 1367 4386 dicit
1402 4324 1538 4384 alius
1571 4346 1585 4383 :
1618 4328 1864 4400 Respicite

276 4428 505 4498 antiquas
523 4424 889 4497 generationes,
915 4435 962 4479 et
980 4423 1140 4478 videte
1161 4422 1271 4490 quis
1294 4421 1511 4493 speravit
1532 4421 1586 4474 in
1603 4418 1826 4476 Domino
1841 4461 1857 4487 ,

279 4526 323 4573 et
355 4519 549 4590 pudore
575 4515 786 4586 alatus
808 4526 881 4573 est
900 4515 927 4569 l‘
952 4525 1039 4571 aut
1062 4515 1173 4586 quis
1199 4515 1441 4570 invocavit
1467 4513 1743 4570 Dominum
1765 4557 1782 4584 ,
1813 4525 1861 4570 et

277 4604 771 4683 dereliquiuls‘ccti.
798 4608 853 4663 2.
898 4606 986 4664 11.
1029 4606 1165 4679 t2)?
1209 4602 1277 4662 Et
1300 4604 1606 4677 quomodo,
1652 4608 1858 4678 inquit,

274 4703 530 4770 quaeritur
571 4700 714 4756 Deus
740 4700 828 4772 qui
859 4706 940 4756 est
965 4697 1199 4768 ubique?
1240 4694 1426 4753 Studio
1464 4704 1518 4752 et
1561 4699 1774 4765 animo,
1805 4709 1860 4753 et

274 4794 318 4848 si
346 4792 415 4847 ab
440 4794 508 4848 iis
536 4792 790 4849 ommbus
815 4804 933 4862 quae
955 4790 1023 4845 ad
1049 4789 1301 4845 saeculum
1332 4788 1601 4860 pertinent
1617 4829 1634 4856 ,
1665 4788 1861 4845 libere-

276 4894 409 4939 mur.
433 4880 597 4939 Multa
620 4883 767 4940 enim
788 4890 909 4937 cum
929 4889 1053 4936 ante
1070 4880 1255 4936 oculos
1275 4888 1328 4934 et
1344 4880 1396 4934 in
1417 4878 1659 4934 manibus
1673 4876 1860 4934 habea-

275 4988 390 5032 mus
413 4977 708 5041 nescimus,
756 4972 851 5029 sed
890 4972 1369 5027 circumcursamus
1395 4984 1538 5041 saepe
1560 4979 1859 5041 quaareutes

275 5078 392 5138 quae
415 5077 665 5125 tenemw
682 5106 700 5131 ,
726 5062 939 5135 quando
965 5076 1117 5118 mens
1152 5060 1258 5117 alio
1280 5074 1433 5117 versa
1459 5060 1644 5117 fuerit.

340 5160 393 5216 ϐ.
441 5158 764 5227 Onerandus
791 5154 933 5210 Deus
973 5164 1019 5209 et
1054 5153 1407 5224 exquirendas.
1458 5150 1722 5207 Habitatio
1768 5151 1859 5207 Dei

268 5270 377 5324 quo
426 5252 770 5325 ὑπεραίρειν.
796 5276 870 5289 —-
891 5247 1169 5316 Quomodo
1222 5260 1350 5317 ergo
1401 5245 1567 5301 Deum
1617 5260 1860 5316 quierere

269 5358 543 5419 possumus
561 5340 589 5400 ‘i
606 5338 844 5412 Quando
869 5338 994 5395 illuc
1019 5339 1252 5393 animum
1279 5336 1621 5404 intendimus,
1644 5334 1860 5408 quando

262 5440 327 5496 ab
352 5441 415 5497 iis
438 5455 565 5512 qua
593 5434 667 5491 ad
700 5433 840 5488 hanc
873 5430 1036 5487 vitam
1059 5430 1326 5501 pertinent
1352 5429 1609 5487 fuerimus
1630 5429 1856 5486 liberati.

256 5534 350 5599 Qui
379 5534 526 5590 enim
552 5526 763 5602 qua‘rit
786 5565 803 5589 ,
832 5525 1010 5579 omnia
1036 5539 1098 5577 ex
1127 5523 1304 5577 animo
1332 5523 1551 5589 eiiciens
1573 5563 1588 5590 ,
1615 5523 1762 5579 venit
1784 5522 1852 5578 ad

246 5627 375 5683 illud
418 5622 571 5699 quod
604 5618 829 5693 quarm.
860 5615 969 5672 Nec
1005 5624 1212 5685 oportet
1257 5615 1425 5670 solum
1469 5630 1728 5686 quaerere,
1760 5613 1853 5669 sed

1459 203 1812 261 EXPOSITIO
1850 204 1911 258 IN
1954 204 2271 265 PSALMUM
2313 213 2408 269 IX.

3487 240 3592 295 ιω

2015 321 2495 418 ctiamexquirere.
2521 327 2620 395 Qui
2645 333 2893 401 exquirit,
2914 351 3021 392 non
3043 340 3154 411 ipse
3174 345 3349 401 solum
3372 354 3585 418 quarrit,

2009 413 2340 511 sed-aliorum
2363 418 2523 511 etiam
2545 435 2647 490 cpe
2668 424 2850 491 utitur,
2877 437 2934 482 ut
2953 430 3186 489 inveniat
3209 439 3346 506 quod
3368 413 3583 511 quaerit.

2008 502 2111 556 Sed
2137 505 2189 559 in
2220 507 2283 562 iis
2311 508 2525 578 quidem
2544 527 2663 581 qua:
2689 514 2755 568 ad
2782 515 2918 572 hanc
2947 520 3107 576 vitam
3139 502 3423 596 pertinent,
3452 549 3576 590 cum

2007 606 2149 663 s:epc
2177 598 2543 687 quaesierimus
2565 642 2581 669 ,
2614 619 2721 659 non
2760 605 3057 666 invenimus
3085 630 3100 666 ε
3128 615 3179 668 in
3220 619 3331 687 Spir
3349 625 3583 681 tualibus

2004 694 2178 740 autem
2206 682 2307 744 hoc
2349 704 2451 745 non
2492 693 2651 761 licet,
2696 697 2790 752 sed
2812 701 3028 757 omnino
3055 682 3273 764 necesse
3300 723 3379 766 est
3408 724 3464 769 ut
3488 718 3579 785 qui

2004 777 2193 843 quaerit
2255 779 2505 861 inveniat.
2564 784 2621 839 Si
2670 787 2810 841 cnim
2860 790 2926 843 ad
2979 796 3317 862 qtuercndum
3371 777 3579 860 tantum

2002 867 2199 933 egressi
2227 866 2481 926 fuerimus
2505 915 2521 937 ,
2550 868 2653 927 non
2685 878 2944 945 permittit
2978 882 3113 939 Deus
3140 893 3197 939 ut
3224 904 3320 942 nos
3350 894 3573 949 multum

2003 969 2253 1048 veremur
2276 996 2291 1021 ,
2334 973 2389 1014 et
2428 961 2548 1016 ideo
2594 963 2723 1019 dicit
2752 986 2766 1020 :
2800 966 2976 1023 Omnis
3020 974 3105 1041 qui
3141 980 3354 1048 quierit,
3390 983 3581 1040 invenit

2004 1042 2223 1111 (Matth.
2255 1048 2319 1125 7.’
2334 1049 2367 1103 8
2374 1051 2413 1119 ).
2436 1050 2521 1105 ιε.
2550 1051 2765 1109 Psallite
2789 1056 3009 1113 Domino
3031 1065 3113 1132 qui
3135 1042 3324 1122 tam...
3340 1042 3399 1125 ’δη
3422 1072 3574 1130 Sion.

1998 1132 2146 1188 Alius
2165 1177 2180 1201 ,
2214 1137 2312 1204 Qui
2339 1141 2471 1193 sedet
2495 1143 2534 1196 ¹.
2567 1144 2870 1200 Αηηιιηιὶαιε
2894 1150 3024 1203 inter
3047 1166 3217 1223 gentes
3241 1161 3409 1214 studia
3434 1166 3569 1234 ejus.

1997 1226 2145 1319 Alius
2171 1226 2334 1319 dicit,
2377 1230 2444 1286 In
2487 1237 2687 1305 papulis
2730 1240 3120 1298 machinationes
3147 1249 3274 1318 ejus.
3320 1226 3572 1319 Qllid'di-

1996 1316 2113 1369 cis?
2166 1314 2325 1387 Cujus
2371 1324 2558 1378 caelum
2617 1327 2772 1382 sedes
2825 1340 2947 1398 est,
2989 1342 3043 1388 ct
3099 1314 3235 1391 terra
3278 1314 3571 1401 scabellum

1971 1408 2185 1493 pedum
2208 1408 2360 1478 (leui.
2394 1412 2482 1468 66.
2516 1416 2593 1486 1),
2624 1419 2774 1488 cujus
2806 1421 2856 1475 in
2886 1440 3041 1479 manu
3071 1439 3193 1483 sunt
3233 1431 3364 1488 fines
3409 1446 3567 1493 teme
3602 1476 3617 1485 ς

1993 1492 2162 1567 (Psal.
2189 1499 2275 1555 94.
2296 1501 2375 1568 ιι),
2403 1503 2447 1556 is
2470 1504 2668 1562 habitat
2686 1511 2737 1563 in
2756 1511 2926 1567 Sion?
2951 1515 3108 1577 Certe
3141 1536 3153 1571 :
3186 1492 3565 1584 habitationem

1991 1588 2135 1683 enim
2178 1588 2264 1646 hic
2311 1592 2477 1659 dicit,
2524 1613 2626 1653 non
2686 1600 2801 1656 loco
2847 1605 3189 1665 circumcludi
3244 1614 3382 1683 (‘est
3418 1620 3564 1676 enim

1991 1674 2193 1734 infinita
2218 1681 2332 1751 ejus
2361 1687 2726 1762 magnitudo),
2758 1693 2850 1747 sed
2880 1699 3198 1764 peculiarem
3229 1674 3563 1764 affectionem

1989 1767 2055 1862 ad
2076 1769 2258 1862 locum
2282 1815 2298 1839 ,
2342 1785 2396 1829 ct
2433 1779 2749 1847 peculiarem
2775 1783 2829 1838 in
2872 1801 2993 1842 eum
3025 1794 3434 1859 propensionem
3456 1836 3472 1862 ,
3506 1811 3568 1854 ut

1989 1856 2199 1916 Judceos
2226 1879 2319 1932 per
2342 1864 2476 1921 hanc
2503 1871 2582 1923 sui
2614 1871 2986 1939 demissioncm
3026 1856 3093 1935 ad
3124 1856 3198 1937 se
3225 1856 3518 1945 attraheret
3546 1909 3565 1947 :

1990 1961 2265 2019 pr0ptcrca
2311 1957 2449 2009 enim
2497 1970 2913 2032 "0S1quthth
2942 1966 3131 2024 domus
3175 1987 3294 2029 esse
3331 1976 3562 2047 dicitur,

1986 2041 2125 2108 quod
2180 2043 2516 2111 peculiariter
2562 2051 2611 2102 in
2655 2066 2771 2106 eam
2828 2057 3141 2124 afficiantur.
3171 2062 3288 2118 Jam
3334 2083 3461 2123 vero
3504 2041 3561 2127 in

1986 2131 2136 2185 nobis
2161 2144 2370 2204 qtluquc
2413 2135 2649 2194 habitare
2693 2141 2919 2210 dicitur,
2973 2163 3078 2204 non
3132 2155 3271 2223 quod
3321 2172 3351 2211 a
3406 2161 3562 2217 nobis

1985 2224 2495 2312 comprehendatur,
2527 2230 2619 2284 sed
2646 2231 2783 2301 quod
2812 2239 3024 2307 proprie
3050 2254 3113 2294 ac
3140 2244 3472 2312 peculiariter
3501 2251 3559 2311 in

1983 2325 2080 2403 nos
2108 2310 2384 2369 afﬁciatur.
2417 2317 2541 2374 Sion
2570 2332 2747 2378 autem
2770 2320 3006 2401 Ecclesia
3034 2310 3319 2403 auaéogice
3341 2336 3556 2396 dieitur.

1980 2400 2268 2459 Acressislis
2287 2408 2417 2460 enim
2441 2408 2510 2462 ad
2538 2420 2751 2465 montem
2774 2412 2898 2469 Sion
2926 2428 2972 2470 et
3002 2400 3278 2475 Ecclesium
3304 2427 3558 2499 primoge-

1979 2492 2198 2547 nitorum
2229 2495 2421 2568 (Hebr.
2457 2500 2539 2554 l2.
2558 2503 2670 2572 22).
2699 2502 2763 2559 Ει
2788 2506 2977 2562 merito
3014 2526 3165 2566 tnons
3184 2521 3268 2569 est
3292 2492 3553 2588 Ecclesia,

1978 2587 2117 2677 quod
2148 2588 2218 2641 sit
2246 2589 2394 2644 firma
2419 2633 2434 2658 ,
2481 2599 2546 2649 ct’
2577 2596 2808 2666 stabilis,
2834 2615 2935 2653 nec
2979 2604 3146 2669 possit
3189 2613 3552 2677 conquassari.

1977 2675 2428 2744 Quemadmodum
2450 2686 2590 2738 cnim
2618 2702 2769 2741 tnons
2790 2704 2892 2742 non
2922 2700 3090 2759 potest
3117 2675 3416 2752 labefactari
3440 2739 3456 2763 ,
3480 2701 3554 2756 ita

1978 2780 2078 2858 nec
2106 2768 2196 2824 Dei
2226 2770 2482 2828 Ecclesia.
2528 2774 2834 2831 Annuntiate
2856 2778 2985 2832 inter
3020 2792 3188 2851 gentes
3221 2787 3390 2840 studia
3415 2790 3550 2858 ejus.

1980 2856 2101 2913 Vult
2120 2872 2210 2914 eos
2230 2874 2349 2916 esse
2369 2874 2640 2931 praecones
2661 2865 2751 2920 Dei
2773 2866 3170 2937 beneficiorum,
3192 2882 3244 2928 ct
3264 2856 3549 2946 numquam

1974 2949 2089 3018 ejus
2117 2952 2291 3007 celare
2320 2952 2595 3008 beneficia.
2645 2954 2710 3010 Et
2738 2954 2841 3011 hoc
2879 2959 3005 3013 dicit
3056 2970 3160 3015 tam
3208 2973 3423 3034 prepter
3450 2981 3546 3022 eos

1974 3038 2062 3109 qui
2092 3039 2269 3095 dicunt
2296 3083 2311 3107 ,
2363 3056 2519 3113 quam
2569 3054 2785 3115 preptcr
2815 3059 2908 3102 eos
2948 3050 3034 3119 qui
3065 3051 3306 3109 aud.unt.
3337 3050 3468 3110 Nam
3494 3069 3551 3114 et

1974 3128 2067 3192 hi,
2100 3138 2153 3184 et
2200 3130 2274 3184 illi
2316 3131 2682 3200 lucrifaciunt,
2724 3133 2770 3191 si
2810 3141 3151 3195 attenderint.
3181 3140 3269 3198 15.
3301 3142 3551 3211 Quoniam

1972 3221 2227 3291 requirens
2245 3225 2539 3293 sanguinem
2559 3240 2730 3280 eorum
2751 3229 3042 3285 recordatus
3070 3240 3163 3289 est.
3190 3232 3378 3300 Vidisti
3403 3253 3549 3307 qua»

1972 3326 2093 3366 nam
2124 3312 2266 3369 dicat
2300 3328 2485 3369 eorum
2515 3316 2730 3373 studia?
2779 3319 3068 3397 Beneficia.
3112 3324 3210 3381 llic
3241 3326 3401 3383 etiam
3439 3347 3551 3385 ma-

1968 3412 2129 3473 gnum
2179 3404 2444 3475 quoddam
2491 3407 2680 3478 dogma
2729 3410 2991 3481 significat
3036 3434 3050 3470 :
3100 3431 3206 3471 non
3256 3425 3546 3490 perpetrari

1969 3494 2131 3550 ullam
2158 3498 2356 3553 ca-dem
2377 3539 2393 3565 ,
2425 3499 2493 3556 de
2521 3516 2623 3571 qua
2663 3517 2837 3572 poena:
2861 3518 2967 3559 non
2995 3522 3272 3563 sumantur
3294 3552 3308 3575 ,
3349 3523 3403 3568 et
3426 3530 3545 3582 quae

1968 3596 2074 3642 non
2096 3586 2424 3645 vindicetur:
2445 3593 2584 3662 quod
2611 3598 2772 3649 etiam
2796 3594 2970 3653 Moses
2996 3598 3228 3656 ostendit
3252 3603 3306 3657 in
3333 3598 3544 3675 Genesi,

1967 3680 2153 3737 dicens
2181 3700 2194 3735 :
2222 3680 2535 3755 Sanguinem
2555 3694 2769 3741 vestrum
2795 3689 3045 3759 requiram
3063 3692 3081 3763 (
3100 3690 3226 3747 Gen.
3248 3690 3300 3749 9.
3324 3692 3401 3766 5).
3438 3699 3550 3754 Hoc

1968 3785 2049 3829 est
2077 3772 2324 3831 indicium
2355 3778 2570 3833 infinita:
2598 3779 2713 3849 ejus
2743 3781 3108 3851 providentiae,
3137 3784 3468 3859 ingentisque
3491 3804 3549 3847 et

1968 3867 2184 3934 prolixa:
2204 3883 2365 3922 curae.
2389 3868 2446 3923 Si
2471 3878 2647 3925 autem
2676 3884 2779 3925 non
2810 3874 2987 3927 statim
3016 3877 3257 3946 requirit,
3288 3895 3355 3934 ne
3376 3883 3547 3937 mire-

1968 3957 2042 4010 ris
2074 3972 2085 4009 :
2114 3952 2206 4011 dat
2241 3958 2380 4012 cnim
2424 3962 2784 4028 peccatoribus
2832 3966 3165 4020 occasionem
3197 3970 3544 4037 pocuitentim.

1969 4042 2090 4102 Non
2116 4058 2187 4103 est
2215 4049 2398 4103 oblitus
2423 4051 2689 4103 clamorem
2717 4047 2992 4121 pauperum
3019 4051 3191 4127 (Rom.
3229 4060 3283 4113 Ξ.
3316 4061 3394 4135 4).
3421 4060 3550 4122 Vide

1966 4154 2151 4193 rursus
2173 4154 2291 4194 esse
2318 4140 2368 4194 in
2396 4140 2598 4195 honore
2624 4156 2901 4212 pauperes.
2925 4142 3039 4201 Non
3061 4159 3234 4204 autem
3255 4148 3382 4206 dicit
3409 4154 3546 4209 sim-

1967 4230 2176 4302 pliciter
2203 4242 2482 4301 pauperes,
2515 4229 2760 4287 sed'illos
2785 4236 2871 4305 qui
2898 4244 3023 4290 sunt
3048 4252 3306 4309 pauperes
3331 4241 3544 4313 spiritu,

1965 4323 2100 4377 sicut
2143 4323 2271 4377 dicit
2310 4322 2548 4378 Christus
2581 4322 2786 4397 (Matth.
2833 4328 2886 4383 5.
2930 4326 3011 4397 5).
3054 4325 3093 4384 li
3136 4328 3276 4385 enim
3316 4334 3549 4393 maxime

1964 4412 2317 4468 exaudiuntur
2358 4413 2481 4468 dum
2525 4424 2712 4482 orant,
2764 4416 2852 4486 qui
2894 4427 3016 4473 sunt
3058 4418 3220 4475 corde
3261 4419 3446 4478 humili
3493 4436 3551 4480 ct

1966 4504 2213 4560 contrito.
2243 4502 2342 4559 Hic
2374 4514 2550 4561 autem
2580 4504 2686 4560 duo
2714 4506 2891 4576 ponit,
2924 4517 2976 4563 et
3003 4510 3330 4578 orationem,
3362 4522 3417 4567 ct
3440 4513 3546 4570 hu-

1962 4594 2265 4651 militatem.
2291 4594 2373 4650 Ad
2394 4613 2541 4667 quem
2566 4596 2727 4663 enim,
2759 4598 2948 4669 inquit,
2977 4602 3242 4671 respiciant
3266 4604 3365 4658 nisi
3390 4621 3549 4676 super

1964 4686 2223 4754 humilem,
2252 4698 2299 4742 et
2326 4689 2565 4759 quietum,
2596 4699 2641 4743 et
2669 4690 2922 4744 timentem
2948 4693 3093 4746 verba
3123 4711 3232 4748 mea
3262 4694 3416 4766 (lsat'.
3449 4701 3540 4758 66.

1960 4777 2059 4849 2)?
2090 4778 2294 4850 Ubique
2321 4788 2498 4837 autem
2542 4782 2798 4839 orationis
2824 4784 3120 4841 vehiculum
3150 4787 3418 4846 invenitur
3446 4792 3537 4847 hu-

1964 4873 2182 4929 militas.
2233 4874 2408 4946 Prope
2451 4876 2594 4931 enim
2637 4885 2720 4933 est
2768 4876 3024 4936 Dominus
3074 4884 3316 4941 contritis
3359 4887 3544 4944 corde.

1964 4963 2184 5036 Oportet
2208 4966 2388 5036 itaque
2407 4982 2528 5023 cum
2553 4971 2642 5037 qui
2667 4979 2781 5023 orat
2802 4971 3033 5027 maxime
3055 4973 3269 5030 liberari
3286 4989 3316 5029 a
3338 4982 3550 5032 tumore

1965 5072 2028 5113 ac
2053 5056 2210 5112 fastu.
2239 5056 2393 5126 Quod
2421 5058 2579 5114 etiam
2609 5056 2802 5115 Paulus
2831 5062 3062 5131 quaerit,
3107 5063 3290 5119 dicens
3312 5079 3327 5118 :
3350 5064 3550 5135 Absque

1963 5154 2043 5208 ira
2056 5159 2103 5205 et
2119 5150 2475 5222 disceptatione
2490 5151 2536 5223 (Ι
2550 5191 2565 5206 .
2583 5148 2717 5206 Tim.
2734 5151 2789 5206 2.
2806 5152 2884 5224 8).
2908 5152 3073 5210 Recte
3096 5155 3247 5220 dixit,
3264 5153 3550 5219 Clamorem

1965 5260 2273 5317 pauperum,
2321 5258 2515 5314 nempe
2558 5244 2750 5300 mentis
2794 5243 3162 5313 affectionem,
3210 5259 3317 5299 non
3365 5256 3544 5303 autem

2031 5402 2048 5434 ι
2074 5399 2580 5471 iiscinterpretatio
2596 5407 2676 5452 est
2703 5403 2913 5471 Aquila.
2938 5408 3093 5457 Paulo
3114 5403 3324 5471 posthin
3342 5407 3546 5471 populis

1964 5461 2517 5530 machinationes'gjus,
2568 5464 2674 5530 haec
2713 5461 3069 5530 interpretatio
3110 5461 3546 5530 esti'Synitn'achi.

1966 5526 2067 5574 Sed
2090 5523 2339 5587 Agellius,
2364 5523 2591 5585 Drusius,
2610 5523 2890 5592 Corderius,
2908 5536 2963 5581 et
2979 5531 3175 5594 quidam
3196 5523 3315 5582 Mss.
3340 5531 3549 5594 habent,

1958 5614 2098 5669 ,ανιθε
2136 5607 2240 5667 εἰπε
2269 5608 2372 5671 (τὰς
2409 5609 2622 5671 μηχανὰς
2645 5609 2833 5673 αὐτοῦ).
2862 5593 3161 5667 Hebraicum
3189 5624 3269 5667 est
3290 5593 3545 5675 rer‘m;
