4112 6214
487 198 583 253 13!

491 311 634 367 vocis
659 305 1042 371 intensioucm;
1071 318 1190 358 cum
1218 312 1397 357 autem
1427 301 1586 365 dicit,
1622 297 1741 353 Non
1767 305 1837 352 est
1864 298 2071 360 oblitus,

488 403 806 477 signiﬁcavit
850 415 944 456 eos
988 401 1238 464 invocare
1285 396 1533 463 assidue,
1578 403 1633 450 et
1674 403 1850 448 tamen
1896 409 2001 447 non
2045 407 2076 445 a

488 497 750 566 principio
768 493 1000 562 assequi.
1023 490 1162 558 Quid
1183 498 1264 544 est
1287 504 1415 559 ergo
1435 487 1576 558 quod
1597 486 1756 541 dicit?
1781 484 1857 540 Ne
1879 484 2076 562 putetis

493 591 656 643 Deum
682 602 802 642 esse
818 585 1066 649 oblitum,
1087 594 1140 638 et
1161 582 1280 637 ideo
1303 596 1407 635 non
1435 580 1599 633 ultum
1625 593 1744 633 esse
1763 595 1776 632 :
1795 576 1913 646 ejus
1934 577 2076 630 enim

490 691 573 735 est
595 679 896 749 proprium,
919 691 981 730 ea
1008 690 1126 744 qua:
1151 682 1274 749 sunt
1300 671 1559 742 ejusmodi
1582 685 1842 740 quaerere,
1869 669 2077 723 etiamsi

495 787 654 828 nemo
682 779 860 840 roget;
888 767 1100 838 quando
1128 739 1301 821 au'iem
1330 775 1536 833 rogant,
1563 773 1617 818 et
1637 765 1726 834 qui
1754 771 2080 833 rogantsunt

495 865 721 918 humiles
747 905 760 926 ,
803 861 975 915 multo
1005 860 1192 929 magis.
1238 859 1324 912 M.
1366 857 1607 912 Miserere
1647 858 1782 922 mei,
1832 856 2076 922 Domine,

494 958 606 1010 vide
627 956 958 1009 humilitatem
983 969 1142 1006 meam
1167 952 1228 1006 de
1249 952 1464 1004 inimicis
1486 952 1626 1005 meis.
1651 952 1738 1006 15.
1768 951 1866 1017 Qui
1887 951 2080 1004 exultas

495 1065 575 1102 me
600 1049 664 1100 de
699 1047 856 1116 portis
886 1045 1056 1097 mortis
1079 1083 1094 1108 ,
1137 1051 1189 1096 ut
1235 1043 1529 1095 annuntiem
1559 1057 1728 1094 omnes
1765 1041 2081 1094 laudationes

497 1151 609 1193 tuas
636 1139 686 1191 in
716 1138 872 1207 portis
900 1136 1022 1201 ﬁlia:
1057 1134 1203 1188 Sion.
1247 1133 1396 1186 Alius
1419 1173 1433 1194 ,
1479 1131 1798 1202 [Iguinorum
1840 1131 2082 1184 decanta-

497 1231 655 1284 tiones
700 1237 831 1280 tuas.
875 1227 1043 1290 Alius,
1084 1223 1283 1277 Laudes
1327 1235 1460 1276 tuas.
1501 1223 1634 1277 Vide
1679 1239 1798 1278 eum
1828 1231 2083 1292 perpetuo

497 1321 725 1376 orationi
767 1320 1010 1374 afﬁxutn.
1040 1321 1080 1371 A
1109 1317 1265 1371 malis
1293 1317 1434 1370 enim
1467 1317 1753 1382 liberatus,
1797 1326 1851 1370 et
1891 1316 1942 1369 in
1971 1325 2084 1370 tuto

499 1413 815 1473 collocatus,
859 1426 962 1464 non
989 1419 1168 1464 cessat
1194 1423 1379 1461 rursus
1401 1421 1554 1461 orare
1575 1448 1588 1469 ,
1612 1405 1817 1470 dicens,
1849 1403 2087 1460 Miserere

503 1505 622 1566 mei,
651 1511 704 1557 et
730 1517 919 1572 rogare
944 1515 1063 1554 eum
1094 1513 1189 1568 pro
1215 1497 1422 1552 futuris.
1450 1499 1673 1565 Semper
1699 1497 1842 1552 enim
1869 1513 2087 1567 egemus

507 1593 598 1648 Dei
646 1590 1012 1662 providentia;
1063 1589 1292 1642 maxime
1333 1599 1508 1642 autem
1553 1587 1678 1641 dum
1726 1588 2015 1642 liberamur
2057 1603 2086 1642 a

509 1685 680 1738 malis.
715 1683 871 1737 Aliud
912 1682 1051 1736 enim
1098 1682 1293 1736 bellum
1336 1681 1534 1749 excipit
1581 1681 1745 1750 priori
1784 1680 2084 1749 difﬁcilius,

507 1775 768 1830 socordia:
796 1782 850 1828 et
880 1773 1231 1841 arrogantiaz;
1270 1780 1396 1826 tunc
1422 1773 1562 1827 enim
1607 1773 1772 1842 spirat
1799 1774 2089 1828 vehemen-

511 1868 616 1922 tius
642 1867 903 1921 diabolus.
928 1864 1103 1932 Quare
1131 1864 1359 1918 maxime
1381 1874 1656 1934 postquam
1683 1865 1884 1918 liberati
1907 1879 2091 1919 sumus

509 1975 539 2013 a
567 1957 718 2012 malis
739 1999 753 2020 ,
797 1958 886 2012 illo
911 1971 1044 2026 opus
1070 1955 1325 2011 habemus
1351 1957 1544 2010 auxilio
1566 1998 1580 2020 ,
1623 1965 1680 2010 ut
1709 1956 1860 2011 facile
1886 1973 1970 2011 res
2003 1971 2091 2012 se-

509 2051 712 2106 cundas
755 2050 1006 2105 feramus.
1061 2049 1192 2103 Nam
1237 2047 1408 2103 Judmi
1456 2063 1668 2118 quoque
1709 2049 1777 2102 ab
1823 2048 2093 2119 Egyptiis

509 2141 736 2210 liberati,
764 2141 992 2209 graviori
1023 2139 1166 2194 bello
1192 2139 1552 2205 vexabantur,
1583 2141 1883 2210 arrogantia
1914 2148 1968 2194 et
2006 2155 2093 2195 so-

509 2233 713 2289 cordia.
743 2231 893 2286 Tune
919 2232 1094 2300 itaque
1121 2230 1349 2286 maxime
1375 2230 1756 2294 moriebantur,
1789 2239 1848 2285 ut
1873 2231 1962 2301 qui
1989 2246 2093 2286 non

510 2339 731 2398 possent
760 2337 906 2383 recte
931 2327 1126 2382 ducere
1165 2327 1478 2381 exercitum.
1518 2325 1650 2393 Quia
1694 2327 1836 2380 enim
1867 2341 1965 2380 nec
1992 2325 2090 2380 ad-

512 2434 699 2473 versus
729 2419 1010 2489 ingluviem
1033 2460 1047 2484 ,
1081 2432 1182 2472 nec
1218 2416 1474 2471 adversus
1498 2416 1690 2486 abjecti
1721 2417 1881 2470 animi
1911 2417 2094 2471 vitium

512 2509 588 2584 (ιι)
621 2511 827 2566 fortiter
869 2512 921 2565 in
950 2511 1066 2565 acie
1097 2518 1392 2574 steterunt,
1438 2508 1531 2563 sed
1571 2508 1944 2581 Egyptiorum
1974 2511 2098 2564 vitia

511 2612 635 2656 sunt
654 2603 909 2666 :emulati,
933 2618 993 2655 ea
1023 2602 1145 2656 illos
1171 2599 1536 2671 perdiderunt.
1562 2600 1726 2655 David
1747 2617 1956 2671 quoque
1977 2618 2096 2656 cum

509 2703 564 2746 et
588 2709 614 2745 a
644 2691 818 2748 Saulis
845 2693 1246 2748 difﬁcultatibus
1270 2734 1286 2758 ,
1318 2701 1374 2747 et
1397 2693 1464 2748 ab
1489 2693 1608 2748 aliis
1633 2693 1884 2748 omnibus
1921 2693 2094 2749 hosti-

513 2786 610 2840 bus
636 2785 824 2840 fuissct
849 2785 1139 2840 liberatus:
1166 2793 1446 2854 postquam
1485 2785 1716 2855 quietem
1747 2795 1800 2840 et
1828 2785 2102 2840 laxamen-

512 2885 624 2931 tum
676 2887 993 2946 assequutus
1037 2885 1159 2940 est,
1215 2875 1486 2930 difﬁcilius
1538 2876 1730 2931 bellum
1785 2891 1970 2946 passus
2020 2885 2102 2931 est

514 2971 892 3026 incontinentis
915 2969 1240 3038 cupiditatis,
1271 2971 1411 3040 quod
1439 2985 1560 3025 eum
1581 2971 1740 3025 etiam
1767 2970 1952 3040 majori
1971 2985 2103 3039 sup-

517 3061 675 3132 plicio
701 3061 897 3116 affecit.
933 3061 1192 3128 Quocirca
1237 3069 1359 3114 tunc
1389 3061 1619 3116 maxime
1663 3062 1952 3116 timendum
1983 3070 2098 3125 est,

517 3153 732 3224 quando
764 3152 1018 3207 fuerimus
1047 3152 1257 3206 liberati
1285 3152 1352 3206 ab
1377 3153 1648 3207 aerumnis.

589 3244 643 3296 7.
674 3241 1133 3310 Quemadmodum
1166 3243 1306 3296 enim
1335 3243 1604 3313 alligatam
1632 3243 1854 3298 bestiam
1895 3259 2000 3297 non
2032 3243 2100 3297 ita

519 3334 806 3398 timemus,
849 3341 910 3386 ut
949 3331 1195 3386 emissam
1230 3350 1242 3386 :
1281 3333 1351 3386 ita
1395 3334 1554 3386 etiam
1576 3333 1759 3387 vitium
1790 3349 1896 3388 non
1927 3341 2007 3389 est
2035 3335 2104 3388 ita

521 3424 816 3479 timendum
873 3423 927 3478 in
975 3423 1287 3488 afﬂictione;
1341 3434 1468 3479 tunc
1513 3424 1654 3479 enim
1707 3425 1976 3495 alligatum
2023 3435 2108 3480 est

521 3519 714 3572 animm
739 3516 1074 3588 aegritudine.
1101 3527 1157 3572 et
1183 3518 1299 3571 aliis
1326 3517 1552 3572 vinculis
1579 3536 1591 3571 :
1614 3518 1707 3572 scd
1731 3527 1850 3587 post
1874 3520 2105 3587 quietem

524 3618 580 3663 et
606 3608 972 3663 remissionem
1003 3608 1232 3662 maxime
1261 3606 1552 3662 timendum
1583 3617 1683 3662 est.
1718 3608 1787 3662 Et
1815 3607 1936 3662 ideo
1964 3622 2107 3678 saepe

527 3698 732 3754 videbis
773 3713 1054 3768 prosperos
1093 3713 1270 3751 rerum
1317 3713 1594 3753 successus
1622 3700 1820 3767 majora
1850 3698 1987 3752 mala
2016 3715 2109 3770 pa-

526 3807 684 3854 rere,
730 3805 890 3860 quam
937 3804 1027 3844 res
1063 3789 1332 3843 adversas.
1379 3789 1454 3843 lta
1491 3790 1649 3842 etiam
1694 3789 1952 3844 Ezechias
1995 3799 2112 3858 post

527 3894 786 3952 tropaeum
815 3887 932 3934 erat
959 3881 1248 3948 periturus.
1290 3879 1546 3948 Quocirca
1589 3880 1702 3948 ipse
1745 3895 1957 3950 quoque
1985 3880 2110 3934 alibi

525 3973 656 4028 dicit
679 3989 692 4026 :
715 3971 914 4028 Bonum
936 3973 1076 4037 mihi,
1105 3973 1240 4042 quod
1265 3990 1340 4026 me
1361 3973 1640 4026 humiliasti
1663 3971 1830 4045 (Psal.
1853 3973 1972 4028 118.
1997 3975 2107 4045 7|).

528 4067 730 4134 Quaerit
753 4077 928 4120 autem
954 4066 1372 4120 misericordiam
1402 4067 1558 4121 etiam
1585 4077 1702 4135 post
1722 4069 2110 4132 liberationem,

530 4168 586 4212 et
615 4157 768 4213 aﬁ'et't
795 4173 1008 4212 causam
1038 4157 1309 4226 petitionis
1335 4158 1715 4212 misericordia:
1734 4199 1748 4221 ,
1795 4160 1936 4228 quod
1978 4161 2114 4215 male

529 4252 599 4304 sit
634 4249 871 4303 affectus.
913 4247 1036 4301 Vide
1060 4249 1201 4302 enim
1233 4248 1564 4301 humilitatem
1595 4266 1757 4302 meam
1795 4251 1858 4303 de
1893 4251 2114 4304 inimicis

530 4334 675 4399 meis,
702 4341 754 4386 et
773 4331 929 4384 aliam
952 4345 1169 4384 rursus:
1193 4331 1294 4397 Qui
1320 4332 1512 4385 exultas
1544 4349 1622 4385 me
1643 4333 1705 4386 de
1725 4335 1881 4403 portis
1919 4335 2113 4388 mortis.

535 4421 616 4476 Ad
646 4436 767 4476 eum
796 4421 938 4473 enim
970 4421 1056 4486 qui
1089 4419 1392 4484 auxiliatur,
1425 4421 1634 4490 meique
1662 4439 1844 4477 curam
1875 4425 2028 4494 gerit,
2057 4439 2120 4479 ac

539 4527 752 4581 svmper
776 4525 964 4564 manus
995 4509 1122 4564 mihi
1151 4509 1370 4579 praebet,
1404 4511 1668 4582 confugio.
1701 4513 1886 4568 Vidisti
1913 4530 2034 4570 eum
2067 4517 2119 4570 in

539 4605 834 4658 futurorum
859 4603 1112 4673 petitione
1133 4618 1230 4672 pro
1250 4607 1531 4673 praeteritis
1551 4607 1707 4661 etiam
1726 4609 1922 4678 gratias
1941 4625 2120 4680 agere,

539 4702 594 4748 et
637 4693 830 4762 duplex
858 4694 1037 4749 dicere
1077 4695 1434 4750 beneﬁcium?
1474 4697 1588 4752 Non
1638 4699 1778 4752 enim
1818 4700 1977 4766 dixit,
2022 4703 2122 4767 Qui

543 4785 736 4839 liberas
765 4801 849 4840 me
877 4786 944 4840 de
973 4789 1136 4855 portis
1156 4787 1362 4854 mortis,
1393 4789 1509 4854 sed,
1535 4788 1636 4853 Qui
1661 4791 1856 4845 exultas
1886 4808 1981 4844 me.
2006 4791 2122 4846 Non

543 4874 684 4929 enim
719 4875 768 4928 in
797 4890 982 4930 eorum
1023 4876 1178 4930 malis
1222 4884 1424 4930 tantum
1465 4879 1734 4933 solvendis
1775 4881 2007 4935 substitit
2035 4882 2123 4936 Dei

545 4967 855 5023 beneﬁcium
880 4967 1004 5021 :sed
1032 4966 1153 5020 fecit
1177 4983 1270 5022 eos
1297 4970 1454 5023 etiam
1481 4969 1841 5034 admirabiles,
1870 4973 2123 5042 insignes,

544 5073 598 5118 et
619 5062 890 5116 clariores.
914 5059 1028 5115 Non
1050 5059 1180 5114 dixit
1199 5071 1396 5128 autem,
1418 5064 1496 5117 Ex
1523 5074 1693 5134 porta,
1711 5065 1824 5130 sed,
1847 5064 1928 5120 Ea:
1945 5067 2125 5136 portis,

605 5265 676 5330 (α)
714 5271 762 5312 In
785 5271 975 5330 ϐτωοον,
999 5274 1086 5325 πρὸς
1119 5275 1384 5330 intumis».
1401 5264 1551 5330 "2'79.
1583 5271 1677 5307 νοι
1696 5265 1876 5330 βτεβὲδν
1900 5274 2128 5330 μαρξψακίεφ

548 5321 670 5395 apud
691 5333 856 5395 Patres
885 5321 1248 5395 scriptoresque
1270 5321 1645 5395 ecclesiasticos
1669 5321 1908 5395 significat
1961 5321 2129 5395 simul-

546 5382 704 5452 tatem,
732 5382 1092 5452 contentionem,
1127 5382 1420 5452 dissidium;
1461 5384 1553 5452 etsi
1577 5382 1750 5452 prima
1763 5382 1893 5433 illius
1917 5386 2048 5452 vocis
2069 5386 2133 5432 si-

548 5445 789 5511 gniﬁcatio
811 5451 890 5503 sit,
915 5447 1127 5508 dejectus
1150 5454 1194 5498 et
1215 5445 1417 5511 pusillus
1433 5445 1640 5511 mimus.
1668 5446 1784 5511 \_-'_ide
1807 5459 1916 5508 quze
1940 5447 1988 5494 in
2009 5445 2134 5495 hanc

550 5507 721 5569 vocem
743 5508 956 5556 diximus
971 5507 1026 5557 iu
1064 5507 1364 5559 ()nomastioo
1387 5509 1445 5558 ad
1469 5507 1707 5556 Athanasii
1730 5507 1903 5569 Opera.
1927 5513 2023 5556 Hoc
2045 5519 2132 5555 au-

550 5577 650 5618 tem
673 5568 1054 5633 locanti-umque
1079 5572 1285 5633 intelligi
1301 5586 1443 5633 posse
1469 5571 1674 5627 videtur,
1691 5568 2035 5631 ct,aljet‘tum,
2059 5575 2130 5630 et,

553 5633 616 5680 ad
643 5629 1194 5693 rebellauittun—pronum
1217 5629 1444 5682 (inimum.

1191 190 1246 247 S.
1285 187 1564 246 JOANNIS
1597 183 2074 244 CllRYSOSTOMI
2115 181 2431 238 ARCIIIEP.
2471 180 3000 240 CONSTANTINOP.

3699 184 3726 206 Ῥ

3667 183 3768 237 Ιηὶα

2182 294 2346 348 multa
2390 295 2623 364 pericula
2667 296 2991 366 signiﬁcans.
3027 297 3094 354 Ut
3131 299 3425 354 annuntiem
3449 317 3620 358 omnes
3649 306 3764 358 lau-

2183 388 2410 444 dationes
2449 401 2561 444 tuas
2602 393 2652 445 in
2683 394 2842 462 portis
2881 394 3005 462 ﬁliae
3050 396 3197 451 Sion.
3245 397 3395 467 Quod
3441 402 3610 456 suasit
3647 405 3771 460 aliis

2184 480 2379 548 facere,
2405 483 2518 551 ipse
2537 482 2660 538 facit
2681 501 2696 540 :
2720 486 3030 541 Annuntiate
3048 489 3209 554 enim,
3235 491 3420 562 inquit,
3445 494 3576 550 inter
3598 511 3770 569 gentes

2185 572 2354 625 studia
2379 575 2506 643 ejus.
2538 574 2650 629 Hoc
2677 591 2776 645 ego
2800 593 3010 648 quoque
3040 596 3178 636 nunc
3205 581 3392 638 faciam
3413 625 3429 651 ,
3458 595 3513 641 et
3542 604 3648 642 non
3680 605 3770 644 so-

2187 663 2460 719 lummodo
2495 665 2680 722 faciam
2720 684 2826 723 uno
2861 681 3138 739 praesente,
3176 675 3258 728 vel
3307 675 3533 742 duobus,
3561 681 3646 736 vel
3681 685 3772 737 tri-

2187 757 2308 823 bus,
2351 757 2444 812 sed
2485 759 2748 820 mmedio
2789 761 3013 818 theatro.
3047 765 3134 820 16.
3167 765 3447 822 Exsultabo
3475 771 3527 824 in
3556 774 3769 829 salutari

2188 856 2293 902 tuo.
2328 848 2439 904 lloc
2480 860 2564 906 est
2609 853 2736 906 mihi
2764 868 2992 920 corona,
3024 855 3125 910 hoc
3168 857 3407 914 diadema
3429 901 3444 927 ,
3474 875 3693 933 propter
3719 876 3766 920 te

2189 947 2444 1009 tmpteum
2487 944 2715 1013 erigere,
2767 956 2984 1016 propter
3029 957 3082 1003 te
3122 950 3347 1006 salutem
3399 953 3643 1024 adipisci.
3697 959 3767 1012 lla

2189 1031 2348 1084 etiam
2395 1045 2494 1087 nos
2534 1049 2747 1104 quoque
2785 1052 3085 1106 quaeramus
3117 1056 3223 1094 non
3264 1044 3484 1098 omnino
3525 1049 3768 1108 servari.

2189 1137 2293 1175 non
2323 1125 2542 1179 omnino
2569 1142 2598 1180 a
2631 1128 2784 1182 malis
2812 1129 3060 1196 liberari,
3103 1132 3196 1187 sed
3238 1135 3530 1192 secundum
3577 1139 3767 1194 Deum.

2191 1210 2304 1266 lloc
2327 1223 2503 1268 autem
2533 1215 2654 1270 dico
2694 1229 2914 1286 propter
2956 1235 3049 1275 eos
3083 1224 3169 1292 qui
3215 1223 3265 1278 in
3313 1227 3516 1282 morbis
3553 1239 3774 1286 utuntur

2192 1303 2654 1373 incantationibus,
2687 1319 2740 1363 et
2759 1310 2889 1365 alias
2907 1314 3191 1382 exquirunt
3212 1319 3505 1388 praestigias
3532 1321 3596 1375 ad
3621 1339 3770 1378 suam

2192 1392 2468 1450 levandam
2515 1399 2904 1467 a-gritudinem.
2951 1401 3061 1458 Iloc
3098 1407 3239 1459 enim
3271 1422 3375 1462 non
3407 1419 3488 1465 est
3528 1414 3771 1479 servari,

2194 1483 2288 1538 sed
2319 1485 2512 1553 perire.
2560 1487 2784 1544 Maxima
2833 1493 2974 1546 enim
3020 1495 3164 1550 salus
3202 1505 3286 1552 est
3329 1515 3423 1567 per
3463 1503 3625 1557 Deum
3655 1520 3774 1562 esse

2192 1584 2482 1630 servatum.
2529 1577 2715 1648 Iri/imre
2754 1593 2868 1636 sunt
2896 1595 3066 1654 gentes
3100 1588 3156 1642 in
3195 1589 3428 1658 interitu,
3462 1611 3608 1662 quem
3637 1597 3772 1666 fece-

2193 1677 2329 1720 runt.
2376 1670 2545 1734 Alius,
2592 1671 2858 1729 Immerso:
2899 1689 3014 1732 sunt
3049 1679 3144 1752 (a).
3188 1680 3460 1740 interitum
3504 1690 3616 1745 sive
3654 1706 3775 1746 cor-

2195 1760 2492 1828 ruptionem
2519 1762 2649 1818 dicit
2678 1767 2860 1820 vitium
2886 1785 2898 1816 τ
2925 1769 3054 1824 nihil
3086 1773 3226 1827 enim
3271 1791 3422 1845 teque
3449 1783 3769 1851 corrumpit.

2195 1860 2253 1906 ut
2273 1851 2476 1906 vitium.
2502 1853 2747 1924 Improbe
2773 1860 2912 1914 enim
2937 1861 3149 1919 homine
3169 1860 3302 1920 nihil
3322 1877 3404 1922 est
3425 1869 3771 1939 imbecillius;

2198 1946 2426 2014 pr0priis
2453 1949 2618 2002 armis
2646 1952 2851 2020 capitur
2880 1955 3230 2024 vinciturque.
3264 1969 3321 2014 ut
3348 1959 3543 2017 ferrum
3571 1979 3601 2018 a
3628 1966 3776 2024 rubi-

2197 2037 2340 2106 gine,
2371 2049 2425 2092 et
2448 2039 2567 2093 lana
2589 2056 2618 2094 a
2641 2043 2777 2096 tinea
2803 2061 2815 2098 :
2837 2045 2904 2098 ita
2932 2031 3086 2101 etiam
3111 2049 3385 2120 improbus
3409 2069 3438 2108 a
3461 2057 3606 2112 vitio.
3625 2057 3778 2114 Unda

2198 2129 2356 2182 etiam
2386 2139 2510 2186 ante
2540 2134 2856 2202 supplicium
2879 2139 3018 2208 quod
3044 2155 3075 2194 a
3102 2141 3209 2196 Deo
3239 2143 3480 2213 infertur,
3506 2149 3677 2218 ipsum
3700 2154 3777 2206 vi-

2205 2219 2331 2272 tittm
2363 2221 2429 2275 ab
2450 2236 2517 2278 eo
2542 2226 2629 2294 qui
2660 2226 2708 2280 id
2740 2226 2862 2282 facit
2881 2245 3065 2299 poenas
3089 2235 3267 2304 exigit.
3291 2237 3422 2304 Quia
3453 2241 3594 2296 enim
3617 2245 3776 2299 multa

2199 2311 2268 2366 de
2287 2325 2516 2382 Superna
2539 2316 2738 2384 justitia
2767 2319 3036 2389 disseruit,
3069 2335 3123 2380 et
3151 2327 3218 2382 de
3247 2329 3336 2383 Dei
3363 2332 3582 2398 auxilio,
3613 2335 3777 2404 ipsum

2200 2412 2377 2458 autem
2407 2421 2512 2459 non
2539 2408 2714 2462 statim
2732 2412 2895 2478 venit,
2913 2414 3008 2468 sed
3029 2427 3306 2474 cunctatur
3320 2430 3375 2476 et
3390 2421 3584 2489 differt,
3607 2435 3662 2481 et
3685 2427 3783 2482 hoc

2203 2495 2398 2550 multos
2425 2497 2585 2552 efﬁcit
2606 2500 2925 2570 ignaviores,
2952 2508 3185 2563 ostendit
3208 2525 3325 2566 esse
3351 2512 3403 2566 in
3437 2512 3640 2570 foribus
3661 2532 3787 2588 sup-

2205 2588 2440 2658 plicium,
2457 2601 2512 2646 et
2525 2594 2692 2648 malos
2710 2593 2759 2648 id
2779 2599 3000 2666 perpeti,
3018 2599 3150 2654 sicut
3167 2601 3292 2656 dicit
3307 2604 3462 2658 etiam
3475 2605 3700 2664 Paulus:
3718 2607 3787 2664 Et

2205 2683 2482 2737 mercedem
2501 2701 2650 2754 quam
2682 2690 2900 2758 oportuit
2920 2693 3105 2746 erroris
3125 2695 3205 2749 sui
3221 2695 3273 2749 in
3301 2697 3478 2768 seipsis
3496 2702 3786 2768 recipientes

2209 2774 2382 2845 (Rom.
2414 2777 2464 2830 l.
2491 2777 2606 2848 27).
2633 2780 2763 2835 Vide
2785 2791 2958 2837 autem
2989 2800 3144 2854 quam
3172 2789 3384 2857 proprie
3405 2799 3580 2846 utatur
3601 2793 3787 2850 dictio-

2206 2867 2378 2921 nibus.
2429 2867 2614 2937 ln/ixte
2653 2883 2803 2939 sunt;
2841 2874 2942 2928 hoc
2979 2885 3088 2940 est,
3126 2893 3219 2946 per
3247 2879 3351 2934 vim
3381 2891 3600 2938 retenta:
3627 2897 3784 2949 sunt,

2205 2969 2330 3013 sunt
2377 2960 2426 3014 ei
2474 2961 2804 3019 inevitabiles
2849 2975 3046 3034 paratze
3095 2969 3318 3024 insidias.
3363 2973 3428 3027 Et
3473 2991 3676 3038 rursus.
3723 2977 3787 3032 lu

2206 3049 2384 3118 laqueo
2421 3051 2518 3105 isto
2546 3069 2692 3124 quem
2734 3056 3124 3126 absconderant,
3164 3064 3554 3132 comprehensus
3590 3077 3663 3120 est
3705 3086 3789 3137 pes

2208 3155 2403 3193 eorum.
2438 3141 2693 3208 Vinculis,
2725 3146 2914 3218 inquit,
2943 3164 3061 3218 quae
3087 3152 3221 3206 solvi
3249 3167 3534 3225 nequeunt,
3564 3158 3790 3214 adstrin-

2206 3242 2401 3300 guntur
2421 3233 2668 3304 improbi.
2693 3238 2815 3294 ΙΙωο
2835 3243 3092 3310 apostolis
3111 3255 3164 3299 et
3183 3245 3383 3302 Judteis
3407 3265 3787 3307 usuvenerunt.

2207 3323 2429 3390 Quando
2467 3327 2607 3380 enint
2654 3327 2848 3382 bellutn
2887 3334 3145 3400 gerebant
3181 3351 3301 3390 cum
3345 3343 3622 3407 apostolis,
3673 3345 3792 3398 illos

2211 3415 2424 3484 quidem
2453 3417 2581 3471 nihil
2616 3419 2896 3486 laedebant,
2929 3423 3081 3476 malis
3109 3437 3284 3480 autem
3318 3429 3792 3489 innumerabilibus

2211 3508 2417 3576 seipsos
2464 3510 2826 3578 implicabant,
2875 3514 3106 3578 civitate,
3159 3529 3213 3571 et
3252 3519 3528 3583 libertate.
3576 3534 3633 3578 et
3673 3529 3792 3580 aliis

2211 3602 2458 3656 onmibus
2481 3603 2674 3668 eversi,
2701 3612 2756 3658 et
2779 3605 3049 3661 crescebat
3078 3609 3288 3678 quidem
3319 3614 3644 3682 praedicatio,
3675 3617 3790 3671 dis-

2212 3691 2567 3761 perdcbantur
2589 3703 2764 3748 autem
2789 3697 2874 3766 qui
2909 3699 3163 3766 parabant
3190 3701 3429 3759 insidias.
3465 3705 3531 3760 Et
3553 3708 3641 3776 qui
3685 3718 3792 3761 tres

2216 3795 2407 3849 pueros
2437 3781 2488 3834 in
2521 3781 2896 3854 Babylonicam
2943 3787 3212 3846 fornacem
3261 3793 3594 3851 immiserunt
3631 3797 3698 3852 ab
3729 3814 3790 3852 ea

2216 3886 2400 3926 rursus
2423 3874 2563 3942 capti
2592 3885 2715 3929 sunt
2755 3877 2829 3950 (ὁ)
2852 3899 2865 3935 :
2887 3881 3030 3950 quod
3071 3885 3229 3938 etiam
3262 3886 3314 3940 in
3347 3888 3561 3944 Daniele
3603 3892 3792 3944 factum

2217 3972 2318 4017 est.
2346 3961 2450 4017 Sed
2498 3965 2548 4018 in
2599 3967 2817 4024 Daniele
2862 3972 3074 4041 quidem
3120 3975 3221 4029 hoc
3249 3978 3444 4032 merito
3472 3981 3690 4044 accidit,
3725 3982 3795 4035 illi

2217 4053 2358 4108 enim
2391 4055 2562 4126 ipsum
2597 4059 2888 4128 iujecerant
2914 4081 2926 4116 :
2952 4063 3003 4117 in
3037 4066 3204 4120 tribus
3231 4075 3406 4120 autem
3438 4071 3618 4138 pueris
3641 4072 3798 4141 quid-

2219 4160 2340 4198 nam
2371 4157 2454 4202 est
2483 4147 2534 4201 in
2561 4165 2741 4217 causa,
2774 4152 2912 4222 quod
2935 4169 3054 4207 cum
3085 4171 3178 4210 rex
3203 4169 3493 4225 peccasset,
3518 4161 3552 4214 ii
3577 4163 3663 4231 qui
3691 4174 3801 4219 sta-

2220 4239 2348 4295 bant
2371 4251 2494 4296 ante
2521 4244 2789 4299 fornacem
2811 4285 2824 4307 ,
2857 4247 3189 4314 puniuntur?
3225 4249 3485 4314 Quoniam
3532 4255 3565 4306 ii
3593 4271 3801 4326 quoque

2221 4333 2309 4400 qui
2347 4334 2494 4388 fuere
2537 4335 2834 4401 combusti,
2866 4338 3074 4406 tyranni
3112 4338 3283 4408 jussui
3327 4343 3712 4410 iuservierant,
3749 4359 3804 4401 et

2223 4437 2436 4476 auream
2465 4433 2691 4478 statuam
2719 4425 3089 4482 adoraverant.
3112 4428 3177 4483 In
3204 4431 3401 4502 laqueo,
3425 4451 3570 4504 quem
3595 4435 3805 4490 abscon-

2225 4514 2425 4570 derant.
2449 4516 2578 4569 Vide
2595 4518 2864 4586 quomodo
2881 4521 3174 4577 ostenderit
3194 4523 3597 4582 inenarrabilem
3619 4543 3804 4582 eorum

2225 4623 2344 4663 esse
2386 4609 2846 4678 vituperationem.
2898 4613 3029 4681 Quia
3073 4617 3215 4671 enim
3261 4619 3400 4688 quod
3457 4619 3632 4684 ﬁebat,
3691 4633 3806 4674 erat

2229 4698 2441 4769 plenum
2485 4701 2793 4770 ignominia,
2837 4703 2956 4760 ideo
2988 4707 3194 4774 celant,
3239 4719 3293 4764 et
3333 4721 3592 4765 conantur
3619 4711 3806 4767 latere.

2229 4793 2318 4846 17.
2349 4790 2678 4864 Cognoscitur
2719 4794 2963 4863 Dominus
2993 4798 3195 4868 judicia
3240 4800 3450 4869 faciens.
3485 4801 3668 4865 Alius,
3715 4801 3807 4856 Coo

2230 4886 2398 4954 gnitus
2426 4896 2498 4941 est
2513 4887 2770 4958 judicium
2792 4889 2999 4958 faciens.
3026 4890 3138 4945 Hoc
3158 4902 3240 4945 est
3263 4894 3504 4960 puniens,
3529 4895 3807 4959 ulciscens,

2233 4992 2576 5048 persequens.
2608 4978 2798 5034 Vidisti
2826 4979 2966 5034 aliud
2995 4996 3161 5051 genus
3194 4982 3436 5038 beneﬁcii
3477 5001 3543 5039 ex
3585 4986 3810 5055 castiga-

2297 5188 2374 5251 (a)
2413 5189 2530 5237 Heb.
2557 5184 2728 5236 tanta.
2757 5196 2866 5237 Haec
2911 5188 3248 5249 interpretatio
3271 5189 3462 5239 videtur
3484 5191 3680 5239 omnino
3703 5205 3816 5242 esse

2229 5253 2368 5314 juxta
2382 5251 2725 5313 Symmachum,
2738 5251 2819 5314 qui
2834 5262 3001 5298 vocem
3017 5255 3207 5310 manu
3223 5253 3369 5301 vertit
3382 5259 3560 5312 Graice,
3581 5265 3817 5314 ιεαςτισδην,

2236 5323 2326 5371 hoc
2351 5328 2443 5378 est,
2459 5319 2712 5370 immersus
2734 5335 2862 5380 sum,
2881 5320 3050 5370 Psalm.
3083 5323 3163 5372 68.
3181 5323 3230 5372 5.
3370 5354 3380 5364 ι

2299 5381 2374 5445 (b)
2407 5381 2548 5432 Savil.
2575 5395 2588 5431 :
2623 5399 2646 5428 ι
2669 5390 2780 5432 I~ta:c
2803 5395 2912 5444 pars
2927 5383 3160 5441 historiae,
3184 5395 3294 5446 qua:
3329 5384 3597 5434 etiamnum
3621 5383 3670 5433 iu
3693 5383 3826 5433 CltaL

2237 5445 2344 5494 dum
2383 5449 2822 5508 exstantempore
2849 5445 3277 5508 tzhrysostomi,’ut
3313 5447 3520 5504 videtur,
3544 5447 3615 5508 fin
3650 5449 3828 5508 Gra‘cis

2240 5511 2387 5570 etiam
2417 5505 2666 5570 codicibus
2692 5505 2959 5570 exstabat;
2980 5521 3104 5570 quae
3147 5520 3275 5555 nunc
3319 5507 3367 5554 in
3399 5507 3652 5570 omnibus,
3698 5506 3828 5569 quod

2244 5569 2409 5624 sciam,
2427 5569 2602 5616 Grmcis
2627 5567 2833 5629 vulgatis
2853 5567 3177 5618 desideratur.
3203 5584 3226 5613 ι
3257 5576 3305 5616 tn
3329 5567 3524 5626 vulgata
3550 5567 3826 5617 ιιιηιειιύυ-

2247 5637 2347 5678 stra
2373 5628 2566 5691 legitur.
2594 5628 2774 5679 Daniel.
2799 5629 2937 5678 5.9.2.
