4112 6214
405 337 498 393 151

393 454 519 508 λουν
548 451 762 515 ἐκεῖνοι,
790 447 886 502 καὶ
915 448 1015 502 οὐκ
1048 448 1112 500 ἐκ
1143 445 1439 518 προοιμίων
1478 444 1771 516 ἐτύγχανον
1803 454 1853 499 ⁸.
1889 443 1955 497 Τί

394 543 571 599 τοίνυν
601 543 749 596 ἰστὶν
778 540 808 594 δ
835 539 1012 608 λέγει;
1059 538 1151 610 Μὴ
1192 538 1446 610 νομίσητε
1490 537 1573 591 ὅτι
1606 536 1899 591 ἐπελάθετο
1931 538 1962 590 ό

394 635 551 701 Θεὸς,
596 634 691 688 καὶ
736 632 826 686 διὰ
870 630 1028 685 τοῦτο
1052 630 1155 685 οὐκ
1199 629 1489 700 ἐπεξῆλθε·
1515 628 1752 701 καὶγὰρ
1795 628 1960 683 αὐτοῦ

396 726 526 778 ῖδιον
552 725 614 778 τὸ
641 723 710 777 τά
729 722 953 776 τοιαῦτα
977 720 1179 791 ζητεῖν,
1209 721 1303 774 καὶ
1331 719 1558 790 μηδενὸς
1582 718 1961 790 παρακαλοῦνο

391 828 510 875 τος·
546 812 676 865 ὅταν
714 810 773 863 δὲ
802 807 1179 880 παρακαλῶσι,
1210 808 1304 861 καὶ
1344 807 1589 861 ταπεινοὶ
1616 808 1668 860 οἱ
1711 822 1964 878 παρακα-

393 903 611 966 λοῦντες
631 896 756 965 ὦσι,
789 899 966 971 πολλῷ
991 899 1168 953 πλέον.
1205 900 1491 966 Ἐλέησόν
1508 915 1607 968 με,
1640 898 1841 966 Κύριε,
1873 897 1964 951 ἴδε

392 994 510 1065 τὴν
540 992 904 1048 ταπείνωσιν
919 1007 1034 1060 μου
1052 991 1121 1045 ἐκ
1142 990 1263 1045 τῶν
1277 989 1508 1061 ἐχθρῶν
1526 1007 1667 1060 μου.
1708 988 1770 1043 '0
1788 985 1965 1055 ὑψῶν

387 1103 467 1157 με
487 1087 556 1140 ἐκ
573 1084 695 1138 τῶν
714 1083 924 1139 πυλῶν
942 1085 1045 1140 τοῦ
1065 1081 1345 1147 θανάτου,
1365 1083 1525 1148 ὅπως
1542 1081 1621 1135 ἂν
1640 1078 1965 1148 ἐξαγγείλαι)

392 1176 600 1241 πάσας
618 1175 724 1241 τὰς
736 1174 996 1241 αὶνέσεις
1020 1190 1137 1229 σου
1157 1175 1230 1229 ἐν
1244 1173 1375 1239 ταῖς
1398 1173 1622 1236 πύλαις
1646 1168 1757 1237 τῆς
1786 1173 1964 1237 θυγα-

393 1266 534 1335 τρὸς
580 1266 748 1320 Σιών.
811 1266 1022 1330 Ἄλλος,
1081 1267 1194 1331 Τὰς
1222 1262 1521 1334 ὑμνήσεις
1567 1276 1704 1314 σου.
1748 1257 1959 1321 Ἄλλος,

399 1357 548 1423 Τοὺς
572 1359 856 1425 ἐπαίνους
889 1374 1029 1412 σου.
1059 1357 1206 1426 Ὅρα
1244 1354 1408 1409 αὐτὸν
1440 1351 1703 1424 διηνεκῶς
1725 1352 1790 1421 τῇ
1830 1349 1959 1420 εὐχῇ

395 1447 830 1520 προσηλωμένον.
856 1448 968 1502 Kal
980 1448 1091 1518 γάρ
1106 1445 1441 1515 ἀπαλλαγεὶς
1454 1443 1562 1498 τῶν
1576 1441 1781 1505 δεινῶν,
1800 1441 1890 1495 aal
1903 1442 1962 1496 iv

394 1539 660 1611 ἀσφαλείᾳ
670 1539 979 1611 γενόμενος,
993 1540 1096 1592 οὐκ
1110 1537 1402 1608 ἀφίσταται
1411 1534 1503 1590 τοῦ
1518 1533 1679 1589 πάλιν
1690 1532 1960 1604 εὔχεσθαι,

395 1632 590 1701 λέγων,
623 1632 919 1701 Ἐλέησόν
930 1649 1028 1702 με,
1053 1632 1146 1685 καὶ
1170 1631 1312 1702 ὑπὲρ
1337 1630 1444 1685 τῶν
1468 1628 1768 1701 μελλόντων
1799 1627 1963 1682 αὐτὸν

396 1723 758 1794 παρακαλῶν.
793 1723 905 1777 ’Δεὶ
933 1724 1032 1793 μὲν
1057 1724 1163 1795 γὰρ
1184 1722 1415 1794 δεόμεθα
1442 1721 1540 1792 τῆς
1559 1719 1651 1776 τοῦ
1671 1718 1806 1775 Θεοῦ
1834 1734 1964 1791 προ-

389 1813 573 1877 νοίας,
604 1812 835 1883 μάλιστα
860 1813 916 1866 δὲ
939 1816 999 1867 ἐν
1022 1816 1086 1884 τῇ
1113 1812 1221 1868 τῶν
1252 1812 1439 1867 κακῶν
1462 1812 1772 1883 ἀπαλλαγῇ.
1805 1812 1963 1865 Ἕτε-

387 1921 482 1976 ρος
492 1903 563 1974 γά
571 1922 601 1976 ρ
612 1904 912 1975 διαδέχεται
929 1905 1160 1974 πόλεμος
1169 1905 1262 1960 τοῦ
1280 1905 1542 1978 προτέρου
1558 1904 1959 1979 χαλεπώτερος,

382 1996 412 2049 ό
433 1994 535 2066 τῆς
554 1994 846 2067 ῥᾳθυμίας,
871 1998 903 2050 ό
921 1996 1021 2068 τῆς
1043 1996 1325 2062 ἀπονοίας
1352 1998 1448 2052 καὶ
1470 1997 1826 2069 σφοδρότερον
1839 1997 1961 2050 τότε

381 2088 412 2141 δ
432 2085 679 2151 διάϐολος
707 2090 852 2144 πνεῖ.
878 2088 1041 2142 Ὥστε
1063 2089 1302 2159 μάλιστα
1336 2089 1475 2160 μετά
1502 2088 1563 2143 τὺ
1581 2087 1963 2159 ἀπαλλαγῆναι

382 2174 492 2230 τῶν
525 2176 734 2241 κακῶν,
755 2177 991 2249 δεόμεθα
1015 2178 1117 2249 τῆς
1143 2178 1315 2250 ῥοπῆς
1338 2177 1573 2249 ἐκείνης,
1607 2177 1695 2231 ἴνα
1725 2177 1964 2242 εὐκόλως

383 2272 486 2331 τὰς
532 2266 831 2342 εὐημερίας
860 2268 1195 2338 ἑνέγκωμεν.
1238 2267 1388 2322 Ἐπεὶ
1430 2267 1525 2321 καὶ
1580 2266 1821 2322 Ἰουδαῖοι
1853 2267 1962 2321 τῶν

388 2357 704 2427 Αἰγυπτίων
732 2359 1160 2427 ἀπαλλαγέντες,
1202 2358 1262 2412 έν
1294 2356 1518 2429 χαλεπῷ
1543 2352 1684 2429 ἦσαν
1715 2356 1958 2429 πολέμῳ,

391 2452 462 2519 τῇ
489 2450 717 2522 ἀπονοίᾳ
744 2451 840 2504 καὶ
866 2453 933 2521 τῇ
967 2450 1231 2521 ῥᾳθυμία.
1266 2448 1399 2504 Τότε
1424 2448 1557 2519 γοῦν
1593 2449 1826 2520 μάλιστα
1868 2451 1965 2504 καὶ

396 2537 689 2600 ἀπέθανον,
703 2537 779 2608 μή
793 2536 1107 2606 δυνηθέντες
1123 2536 1499 2607 στρατηγῆσαι
1517 2534 1719 2598 καλῶς.
1747 2535 1965 2607 Ἐπειδή

397 2628 506 2702 γάρ
551 2627 675 2683 οὐτε
714 2629 852 2702 πρὸς
872 2627 1226 2698 λαιμαργίαν,
1263 2626 1387 2680 οὐτε
1428 2626 1564 2697 πρὸς
1605 2624 1968 2696 μικροίῖιυχίαν

397 2720 634 2790 ἔστησαν
689 2718 971 2789 γενναίως,
1023 2717 1158 2773 ἀλλά
1202 2716 1310 2770 τῶν
1349 2715 1659 2786 Αἰγυπτίων
1704 2715 1774 2771 τά
1819 2715 1969 2787 πάθη

397 2813 695 2885 ἐζήλωσαν,
719 2810 893 2866 ταῦτα
923 2808 1121 2873 αὐτοὺς
1151 2807 1421 2862 ἀπώλεσε.
1464 2808 1575 2863 Καὶ
1614 2809 1643 2862 ό
1687 2806 1850 2862 Δαυῒδ
1876 2807 1971 2861 ἐπὶ

393 2904 489 2960 τοῦ
523 2903 694 2959 Σαοὺλ
733 2901 1069 2971 ἀπαλλαγεὶς
1113 2899 1221 2963 τῶν
1260 2899 1448 2955 δεινῶν
1497 2901 1591 2955 καὶ
1636 2899 1748 2954 τῶν
1792 2900 1969 2955 ἄλλων

392 2996 685 3069 πολεμίων,
735 2996 924 3069 ἐπειδὴ
968 2993 1201 3058 ἀνέσεως
1245 2993 1544 3057 ἀπέλαυσε,
1586 2991 1969 3066 χαλεπώτερον

392 3087 599 3160 ὑπέστη
632 3087 887 3158 πόλεμον,
912 3085 1004 3139 τὸν
1033 3083 1131 3154 τῆς
1150 3082 1449 3137 ἀκολάστου
1471 3081 1786 3153 ἐπιθυμίας,
1816 3082 1875 3147 ὃς
1899 3083 1965 3154 δὴ

393 3180 487 3235 καὶ
538 3178 798 3250 μειζόνως
843 3175 1006 3231 αὐτὸν
1052 3175 1298 3228 ὲκόλασε.
1328 3173 1419 3228 Διό
1463 3173 1531 3245 δὴ
1571 3173 1806 3245 μάλιστα
1842 3174 1964 3228 τότε

393 3268 500 3341 χρὴ
527 3267 832 3339 φοϐεῖσθαι,
865 3267 993 3320 ὅταν
1022 3264 1133 3320 τῶν
1158 3263 1348 3319 δεινῶν
1377 3263 1798 3337 ἀπαλλαγῶμεν,

460 3443 529 3511 ζ’.
542 3451 810 3520 Καθάπερ
830 3450 937 3521 γὰρ
960 3450 1145 3523 θηρίον
1161 3448 1442 3521 δεδεμένον
1468 3450 1565 3519 οὐχ
1594 3446 1737 3502 οὕτω
1766 3445 1965 3516 φοϐού-

395 3540 556 3610 μεθα,
578 3540 656 3606 ὡς
681 3540 878 3609 ἀφεθέν
899 3556 914 3570 ·
942 3538 1084 3593 οὕτω
1101 3538 1165 3610 δή
1199 3539 1292 3595 καὶ
1320 3538 1421 3610 τὴν
1445 3536 1644 3592 κακίαν
1671 3538 1769 3607 οὐχ
1790 3535 1964 3601 οὓτως

391 3631 451 3687 ὲν
471 3629 645 3701 θλίψει
668 3628 960 3682 δεδοικέναι
989 3629 1094 3700 χρή
1114 3645 1129 3661 ’
1159 3629 1278 3682 τότε
1301 3627 1410 3700 γάρ
1430 3627 1642 3682 δέδεται
1667 3630 1734 3700 τῇ
1756 3627 1962 3701 ἀθυμία

392 3720 491 3776 καὶ
523 3722 634 3782 τοῖς
662 3717 840 3782 ἀλλοις
870 3718 1123 3789 δεσμοῖςο
1148 3717 1287 3772 ἀλλά
1309 3717 1447 3790 μετά
1477 3718 1577 3791 τήν
1606 3720 1812 3782 ἄνεσιν,
1840 3718 1962 3773 τότε

394 3811 499 3883 χρὴ
534 3811 845 3864 δεδοικέναι.
887 3809 986 3863 Διά
1009 3810 1075 3881 δὴ
1113 3809 1270 3864 τοῦτο
1298 3811 1419 3881 δψει
1447 3810 1706 3874 πολλάκις
1734 3810 1834 3874 τάς
1874 3809 1965 3863 εὐ-

393 3903 631 3977 πραγίας
654 3904 873 3974 μείζονα
893 3899 1001 3953 τῶν
1023 3899 1208 3955 κακῶν
1226 3901 1596 3973 ὲργαζομένας
1613 3901 1781 3957 δεινά.
1805 3900 1963 3955 Οὕτω

394 3995 490 4050 καὶ
527 3990 764 4057 Ἐζεκίας
797 3989 938 4062 μετά
966 3989 1027 4043 τὸ
1058 3990 1314 4062 τρόπαιον
1349 3990 1570 4062 ῐμελλεν
1605 3992 1959 4047 ἀπόλλυσθαι.

394 4084 549 4161 [104]
596 4085 682 4140 Διὸ
724 4083 820 4139 καὶ
864 4075 1020 4147 οὗτος
1066 4080 1302 4152 ἀλλαχοῦ
1332 4098 1525 4153 φησιν·
1564 4085 1804 4153 Ἇταθόν
1837 4101 1959 4154 μοι,

395 4179 428 4231 ἰ
430 4196 487 4233 τι
514 4174 922 4242 ἐταπείνωσάς
933 4190 1030 4245 με.
1057 4175 1170 4228 Kal
1198 4173 1290 4227 τὸν
1305 4174 1453 4229 Ξλεον
1469 4173 1621 4246 ζητεῖ
1641 4175 1801 4231 πάλιν
1826 4176 1961 4245 μετά

394 4269 495 4344 τήν
521 4267 859 4341 ἀπαλλαγὴν,
904 4266 999 4322 καὶ
1036 4265 1219 4338 τίθησι
1243 4266 1519 4339 δικαίωμα
1545 4266 1639 4321 τοῦ
1667 4267 1870 4331 ἐλέους,
1901 4268 1966 4322 τὸ

395 4360 588 4417 παθεῖν
616 4359 823 4423 κακῶς.
850 4356 965 4413 Ἴδε
984 4356 1092 4428 γάρ
1120 4356 1235 4427 τὴν
1248 4358 1611 4413 ταπείνωσιν
1617 4374 1739 4429 μου
1760 4358 1831 4413 ἐκ
1848 4357 1967 4413 τῶν

396 4450 625 4527 ἐχθρῶν
632 4469 755 4526 μου
772 4467 787 4482 ⁶
818 4453 911 4507 καὶ
933 4451 1119 4523 ἓτερον
1147 4450 1309 4506 πάλιν
1327 4465 1342 4481 ⁸
1382 4450 1437 4504 '0
1462 4448 1642 4520 ὑψῶν
1659 4466 1738 4520 με
1756 4450 1825 4505 ἐκ
1849 4446 1967 4504 τῶν

397 4547 608 4604 πυλῶν
620 4547 727 4602 τοῦ
742 4546 1021 4604 θανάτου.
1039 4546 1149 4603 Kal
1158 4545 1269 4618 γὰρ
1290 4545 1426 4617 πρὸς
1439 4544 1531 4599 τὸν
1544 4546 1854 4617 προστάτην
1869 4543 1967 4598 καὶ

397 4640 673 4713 κηδεμόνα
709 4639 1059 4709 καταφεύγω,
1089 4639 1183 4694 καὶ
1211 4636 1299 4692 ἀεί
1329 4654 1419 4709 μοι
1445 4639 1603 4710 χεῖρα
1631 4636 1960 4708 παρέχοντα.

399 4730 552 4797 Εἶδες
578 4732 742 4786 αὐτὸν
762 4731 820 4786 ἐν
849 4733 914 4802 τῇ
936 4732 1151 4803 αἰτήσει
1181 4729 1289 4784 τῶν
1319 4729 1620 4800 μελλόντων
1643 4728 1967 4802 εὐχάριστον

398 4824 541 4897 ὑπὲρ
561 4825 673 4878 τῶν
692 4822 1065 4894 παρελθόντων
1083 4810 1386 4893 γινόμενον,
1409 4822 1503 4876 καὶ
1527 4821 1719 4893 διπλῆν
1739 4821 1965 4892 λέγοντα

400 4916 753 4988 εὐεργεσίαν;
801 4916 878 4969 Οὐ
923 4914 1033 4985 γάρ
1081 4910 1250 4977 εἶπεν,
1292 4912 1350 4969 '0
1377 4913 1729 4969 ἀπαλλάττων
1762 4930 1829 4986 με
1856 4913 1967 4967 τῶν

402 5009 586 5065 πυλῶν
612 5008 706 5062 τοῦ
731 5007 985 5073 θανάτου,
1009 5005 1145 5069 ἀλλ’,
1181 5005 1244 5058 '0
1263 5003 1439 5074 ὑψῶν
1458 5021 1554 5074 με.
1582 5005 1655 5059 Οὐ
1681 5004 1791 5077 γάρ
1809 5005 1969 5076 μέχρι

399 5100 495 5155 τοῦ
523 5099 685 5155 λῦσαι
701 5098 771 5153 τά
786 5097 935 5151 δεινά
960 5098 1143 5151 ἵστατο
1171 5097 1204 5163 ἡ
1232 5096 1520 5169 εὐεργεσία
1543 5094 1636 5150 τοῦ
1660 5095 1818 5162 Θεοῦ,
1834 5095 1970 5150 ἀλλά

401 5193 497 5247 καὶ
523 5190 867 5261 θαυμαστοὺς
897 5187 1090 5251 ἐποίει,
1118 5188 1214 5243 καὶ
1240 5185 1642 5253 ἐπιδόξους,καὶ
1661 5186 1972 5259 λαμπροτέ-

404 5299 553 5351 ρους,
568 5283 662 5336 καὶ
674 5279 929 5353 ὑψηλούς.
946 5279 1051 5335 Kal
1064 5281 1166 5334 οὐκ
1186 5276 1361 5342 εἶπεν,
1389 5279 1483 5335 Ἐκ
1498 5279 1595 5350 τῆς
1618 5277 1814 5351 πύλης,
1836 5277 1972 5344 ἀλλ’,

1525 327 1897 386 EXPOSITIO
1935 327 2002 383 IN
2043 326 2375 385 PSALMUM
2404 330 2493 386 IX.

3537 331 3640 385 13'!

2071 444 2208 508 λαις
2228 443 2338 512 τῆς
2360 443 2651 515 θυγατρὸς
2665 443 2837 499 Σιών.
2863 446 2927 500 "0
2955 448 3131 499 ποιεῖν
3156 446 3269 509 τοῖς
3296 443 3473 508 ἄλλοις
3499 460 3640 516 παρα

2068 533 2248 603 ᾑνεσε,
2270 535 2429 589 τοῦτο
2444 536 2537 590 καὶ
2551 535 2717 600 αὐτὸς
2735 537 2904 590 ποιεῖ’
2938 536 3349 606 Ἀναγτειλατε
3373 533 3504 606 γάρ,
3535 551 3640 605 φη·

2069 627 2175 693 σὶν,
2198 627 2269 681 ἐν
2291 626 2414 693 τοῖς
2441 628 2644 682 ἔθνεσι
2674 627 2748 682 τὰ
2772 625 3209 695 ἐπιτηδεύματα
3241 626 3451 682 αὑτοῦ.
3469 624 3641 681 Τοῦτο

2070 718 2166 771 καὶ
2182 717 2294 787 ἐγὼ
2306 717 2403 772 νῦν
2413 717 2738 790 ὲργάσομαιο
2754 718 2849 773 xal
2859 718 2959 772 οὐκ
2970 717 3276 791 ἐργάσομαι
3296 716 3504 781 ἁπλῶς,
3524 716 3642 779 ἑνὸς

2069 807 2356 876 παρόντος,
2394 806 2490 862 καὶ
2519 806 2631 874 δύο,
2667 809 2761 861 καὶ
2793 807 2980 880 τριῶν,
3000 806 3114 862 ἀλλ’
3132 808 3191 861 ὲν
3234 807 3385 878 μέσῳ
3404 805 3638 878 θεάτρῳ.

2081 897 2547 968 Ἀγαλλιὰσομαι
2562 898 2660 954 ἐπὶ
2676 898 2757 966 τῷ
2774 900 3042 969 σωτηρίῳ
3063 913 3204 956 σου.
3227 898 3396 952 Τοῦτό
3415 915 3506 970 μοι
3527 897 3644 951 στέ·

2072 1005 2260 1057 φανος,
2298 989 2456 1043 τοῦτό
2497 1007 2588 1062 μοι
2618 990 2873 1062 διάδημα,
2904 991 2966 1046 τδ
3006 991 3095 1046 διά
3143 991 3237 1046 σοῦ
3277 993 3475 1064 στῆσαι
3510 992 3640 1064 τρό-

2075 1097 2256 1145 παιον,
2294 1080 2356 1134 τὸ
2378 1081 2467 1135 διά
2506 1081 2599 1136 σοῦ
2628 1083 2898 1154 σωτηρίας
2925 1083 3248 1138 ἀπολαῦσαι.
3282 1084 3439 1138 Οὕτω
3458 1084 3522 1155 δὴ
3546 1084 3642 1138 καὶ

2073 1172 2237 1241 ἡμεῖς
2276 1171 2351 1244 μὴ
2395 1172 2613 1237 πάντως
2646 1174 2885 1243 σωθῆναι
2914 1175 3257 1247 ζητήσωμεν,
3305 1175 3380 1247 μὴ
3425 1176 3643 1237 πάντως

2072 1261 2455 1334 ἀπαλλαγῆναι
2500 1264 2608 1318 τῶν
2650 1264 2836 1318 δεινῶν
2878 1266 3040 1320 παντὶ
3082 1267 3289 1339 τρόπῳ,
3328 1267 3464 1320 ἀλλὰ
3501 1266 3644 1321 κατὰ

2071 1352 2224 1406 Θεόν.
2271 1353 2441 1407 Τοῦτο
2469 1353 2526 1408 δὲ
2557 1354 2720 1424 λέγω,
2755 1355 2843 1410 διά
2871 1358 2998 1421 τοὺς
3030 1358 3305 1422 ἐπαοιδαῖς
3332 1357 3644 1429 χρωμένους

2070 1445 2132 1498 έν
2157 1446 2278 1509 ταῖς
2308 1444 2505 1508 νόσοις,
2539 1446 2634 1500 καὶ
2662 1446 2854 1520 ἑτέρας
2889 1447 3228 1519 μαγγανείας
3255 1445 3646 1519 ἐπιζητοῦντας

2071 1537 2152 1599 είς
2182 1536 2539 1610 παραμυθίαν
2566 1538 2664 1608 τῆς
2698 1540 3028 1611 ἀρρωστίας.
3059 1539 3231 1593 τοῦτο
3253 1538 3363 1611 γάρ
3386 1538 3508 1610 οὐχὶ
3541 1557 3645 1594 σω-

2071 1627 2230 1699 θῆναί
2249 1629 2417 1694 ἐστιν,
2441 1627 2556 1682 ἀλλ’
2580 1629 2896 1685 ἀπολέσθαι.
2929 1630 2995 1683 ’Π
3014 1628 3123 1702 γάρ
3146 1630 3377 1703 μεγίστη
3402 1630 3645 1703 σωτηρία

2067 1718 2132 1773 τδ
2169 1719 2258 1775 διὰ
2301 1718 2398 1774 τοῦ
2449 1720 2585 1775 Θεοῦ
2640 1720 2898 1794 σωθῆναι.
2937 1721 3358 1794 Ἕνεπάγησαν
3383 1722 3529 1791 ἔθνη
3572 1723 3645 1777 ἐν

2069 1812 2358 1884 διαφθορᾷ
2374 1854 2389 1881 ,
2426 1807 2466 1885 ᾖ
2505 1814 2821 1882 ἐποίησαν.
2875 1814 3088 1881 Ἄλλος,
3141 1816 3635 1886 Ἐϐαπτίσθησαν.

2069 1905 2376 1978 Διαφθοράν
2404 1905 2503 1976 τὴν
2532 1906 2731 1960 κακίαν
2752 1905 2926 1975 λέγει’
2948 1906 3100 1961 οὐδὲν
3123 1908 3232 1979 γάρ
3250 1908 3392 1963 οὕτω
3407 1908 3644 1980 διαφθεί-

2071 2014 2178 2068 ρει,
2197 1996 2272 2062 ὡς
2300 1996 2486 2054 κακία.
2511 1996 2676 2052 Οὐδὲν
2703 1997 2811 2070 γὰρ
2839 1997 3222 2071 ἀσθενέστερον
3258 1998 3354 2052 τοῦ
3380 2001 3641 2071 πονηροῦ.

2068 2090 2196 2154 Τοῖς
2226 2090 2449 2154 οἰκείοις
2472 2090 2654 2153 ὅπλοις
2685 2089 2985 2151 ἁλίσκεται.
3014 2088 3203 2160 ῶσπερ
3227 2092 3256 2144 0
3294 2090 3508 2163 σίδηρος
3541 2092 3647 2146 ὐπὸ

2068 2184 2163 2239 τοῦ
2186 2184 2286 2250 ίοῦ,
2317 2183 2412 2238 καὶ
2435 2182 2497 2239 τδ
2517 2183 2661 2255 ἔριον
2682 2182 2787 2237 ὑπὸ
2815 2181 2912 2237 τοῦ
2954 2183 3114 2256 σητός
3135 2200 3150 2215 ο
3183 2182 3326 2238 οὕτω
3360 2184 3455 2238 καὶ
3491 2186 3521 2239 ό
3549 2202 3646 2238 που

2068 2277 2232 2349 νηρὸς
2254 2274 2360 2330 ὑπὸ
2390 2277 2490 2347 τῆς
2517 2274 2732 2340 κακίας.
2761 2276 2921 2329 Ὥστε
2961 2276 3054 2329 καὶ
3084 2275 3190 2348 πρὸ
3225 2276 3325 2347 τῆς
3355 2277 3505 2350 παρά
3547 2277 3643 2331 τοῦ

2067 2367 2204 2423 Θεοῦ
2244 2368 2533 2440 τιμωρίας,
2574 2367 2711 2440 αὐτὴ
2753 2369 2787 2440 ή
2824 2368 2995 2423 κακία
3033 2368 3125 2422 τὸν
3152 2368 3388 2442 ἐργάτην
3426 2370 3650 2426 ἀπαιτεῖ

2068 2460 2244 2531 δίκην.
2301 2459 2520 2533 Ἐπειδὴ
2565 2461 2676 2535 γάρ
2721 2460 2888 2516 πολλά
2923 2462 3053 2535 περὶ
3082 2462 3180 2534 τῆς
3213 2463 3326 2519 ἄνω
3361 2464 3516 2535 δίκης
3561 2464 3644 2517 δι-

2072 2551 2270 2621 ελέχθη
2297 2552 2392 2605 καὶ
2420 2553 2548 2623 περὶ
2566 2552 2666 2623 τῆς
2690 2552 2784 2606 τοῦ
2801 2552 2936 2607 Θεοῦ
2958 2553 3151 2626 ῥοπῆς,
3176 2554 3314 2626 αὐτη
3334 2556 3391 2610 δὲ
3415 2556 3475 2609 οὐ
3504 2556 3644 2611 κατά

2074 2639 2239 2703 πόδας
2263 2638 2491 2705 ἔπεισιν,
2523 2641 2660 2694 ἀλλά
2699 2642 2884 2712 μέλλει
2920 2645 3178 2709 πολλάκις
3208 2646 3304 2699 καὶ
3349 2646 3646 2702 ἀναϐάλλε-

2071 2749 2184 2798 ται,
2211 2732 2305 2787 xal
2330 2731 2488 2786 τοῦτο
2506 2734 2630 2796 τοὺς
2663 2734 2890 2798 πολλοὺς
2922 2735 3321 2807 ῥᾳθυμοτέρους
3347 2740 3506 2799 ποιεῖ,
3539 2737 3648 2791 δεί-

2074 2839 2265 2877 κνυσιν
2300 2822 2394 2876 ἐπὶ
2427 2821 2620 2895 θύραις
2651 2821 2749 2896 τὴν
2782 2824 3049 2898 τιμωρίαν
3089 2821 3271 2890 οὖσαν,
3306 2827 3399 2880 καὶ
3447 2826 3661 2899 ταύτην·

2071 2914 2199 2979 τοὺς
2240 2915 2511 2986 πονηροὺς
2558 2914 2885 2984 ὑπομένειν,
2929 2914 3181 2988 καθάπερ
3229 2917 3321 2971 καὶ
3368 2919 3398 2972 ό
3439 2918 3651 2983 Παῦλός

2074 3023 2207 3077 φησι
2228 3022 2241 3035 ·
2262 3006 2370 3061 Καὶ
2396 3006 2509 3075 τὴν
2530 3006 2909 3077 ἀντιμισθίαν
2922 3004 3004 3076 ἣν
3020 3007 3140 3062 ἔδει
3154 3006 3266 3078 τῆς
3289 3009 3525 3079 πλάνης
3552 3012 3652 3066 αὐ-

2071 3096 2191 3152 τῶν
2206 3098 2277 3152 ἐν
2300 3097 2537 3165 ἑαυτοῖς
2567 3096 3115 3168 ἀπολαμϐάνοντες.
3147 3100 3257 3153 Καὶ
3285 3100 3388 3173 δρα
3413 3100 3529 3167 πῶς
3553 3118 3651 3156 x0-

2075 3188 2203 3260 ρίως
2227 3189 2491 3261 κέχρηται
2525 3192 2644 3256 ταῖς
2674 3188 2903 3256 λέξεσιν.
2938 3187 3255 3261 Ἐνεπάγη,
3288 3192 3422 3263 φησί
3452 3208 3467 3223 '
3498 3210 3651 3247 τουτ-

2071 3281 2211 3347 έστι,
2243 3280 2385 3335 κατὰ
2417 3280 2617 3353 κράτος
2666 3281 2990 3354 κατεσχέθη,
3013 3282 3281 3351 ἀφευκτος
3309 3283 3458 3357 αὐτῷ
3499 3285 3652 3356 γέγο-

2071 3390 2160 3427 νεν
2209 3373 2244 3446 ή
2275 3372 2560 3447 ἐπιϐουλή.
2604 3374 2715 3428 Kal
2761 3373 2944 3429 πάλιν
2978 3375 3082 3429 Ἐν
3109 3376 3316 3447 aug-l6:
3356 3377 3543 3449 ταύτῃ
3563 3419 3577 3443 ,
3607 3372 3651 3452 ᾖ

2068 3465 2365 3535 ἔκρυψαν,
2390 3464 2748 3535 συνελήφθη
2780 3468 2815 3520 ὁ
2843 3465 2998 3534 ποὺς
3028 3466 3246 3522 αὐτῶν.
3271 3468 3500 3540 Δεσμοῖς
3527 3469 3652 3524 ἀλύ-

2068 3576 2202 3623 τοις,
2243 3559 2441 3629 φησὶν,
2470 3559 2520 3611 οί
2570 3558 2798 3630 πονηροὶ
2854 3557 3284 3630 περιπείρονται.
3327 3560 3511 3617 Ταῦτα
3555 3563 3650 3618 ἐπὶ

2066 3649 2177 3704 τῶν
2204 3649 2517 3704 ἀποστόλων
2546 3650 2640 3703 καὶ
2667 3650 2760 3703 ἐπὶ
2795 3649 2903 3704 τῶν
2954 3648 3222 3709 Ἰουδαίων
3255 3651 3496 3721 γέγονεν.
3519 3654 3649 3708 Ὅτε

2067 3741 2178 3812 γὰρ
2226 3743 2340 3806 τοῖς
2373 3741 2694 3805 ἀποστόλοις
2737 3741 3070 3814 επολέμουν,
3098 3744 3342 3807 ἐκείνους
3366 3743 3650 3815 μὶνρούδὲν

2067 3835 2357 3901 ἔϐλαπτον,
2390 3835 2616 3900 ἑαυτοὺς
2632 3834 2690 3891 δὲ
2717 3835 2932 3908 μυρίοις
2953 3835 3306 3908 περιέϐαλλον
3336 3839 3545 3902 κακοῖς,
3560 3837 3652 3897 πό,

2066 3928 2203 3992 λεως
2227 3967 2244 3992 ,
2273 3925 2369 3980 καὶ
2399 3923 2710 3996 ὶλευθερίας
2732 3964 2747 3990 ,
2782 3926 2877 3979 καὶ
2907 3925 3013 3980 τῶν
3062 3927 3238 3982 ἀλλων
3268 3926 3523 3981 ἀπάντων
3548 3927 3641 3981 έκο

2068 4019 2381 4078 πίπτοντες,
2415 4015 2509 4068 xal
2526 4013 2588 4066 τὺ
2612 4013 2712 4084 μὲν
2741 4014 3001 4084 κήρυγμα
3030 4015 3292 4084 ηὐξάνετο
3310 4056 3326 4081 ,
3356 4017 3406 4069 οἱ
3432 4016 3488 4071 δὲ
3521 4016 3646 4083 ὐπιο

2068 4106 2411 4169 ϐουλεύοντες
2439 4103 2778 4159 κατελύοντο.
2806 4102 2955 4176 [105]
2979 4106 3089 4158 Καὶ
3113 4108 3161 4159 οί
3194 4107 3320 4170 τοὺς
3343 4109 3491 4177 τρεῖς
3519 4108 3648 4160 παῖ-

2068 4195 2164 4258 δας
2194 4191 2522 4265 ἐμϐαλόντες
2546 4192 2626 4257 είς
2652 4191 2752 4263 τὴν
2779 4190 3123 4247 Βαϐυλωνίαν
3156 4194 3406 4264 κάμινον,
3436 4195 3527 4248 ὑπ’
3550 4195 3649 4248 αὐ-

2070 4286 2168 4357 τῆς
2194 4284 2354 4339 πάλιν
2382 4283 2627 4338 ἑάλωσαν
2647 4300 2661 4315 ο
2697 4282 2726 4337 δ
2754 4282 2817 4356 δὴ
2862 4283 2955 4338 καὶ
2986 4285 3079 4338 ἐπὶ
3120 4282 3214 4338 τοῦ
3258 4285 3458 4355 Δανιὴλ
3483 4285 3647 4354 γέγο-

2070 4393 2179 4430 νεν.
2223 4374 2365 4429 Ἀλλ’
2393 4375 2484 4429 ἐπὶ
2508 4374 2607 4447 μὲν
2625 4372 2719 4429 τοῦ
2747 4373 2946 4446 Δανιὴλ
2977 4372 3136 4429 τοῦτο
3157 4374 3383 4440 εἰκότως
3401 4377 3649 4446 γέγονεν,

2072 4466 2227 4521 αὐτοὶ
2254 4465 2363 4538 γὰρ
2392 4465 2555 4521 αὐτὸν
2575 4464 2833 4520 ἐνέϐαλον
2851 4480 2869 4497 ·
2887 4465 2980 4520 ἐπὶ
3005 4465 3062 4519 δὲ
3086 4465 3196 4520 τῶν
3221 4465 3387 4538 τριῶν
3422 4467 3630 4521 παίδων

2070 4559 2125 4614 τί
2147 4559 2370 4632 δήποτε,
2400 4557 2496 4614 τοῦ
2526 4557 2792 4630 βασιλέως
2826 4557 3187 4631 ἁμαρτόντος,
3209 4559 3259 4612 οί
3299 4558 3405 4630 πρὸ
3423 4560 3524 4632 τῆς
3549 4577 3649 4615 κα·-

2079 4651 2233 4723 μίνου
2275 4649 2507 4715 ἑστῶτες
2539 4644 2685 4705 οὗτοι
2732 4649 3080 4718 κολάζονται;
3117 4650 3240 4705 Ὀτι
3262 4651 3355 4705 καὶ
3393 4653 3443 4706 οἱ
3480 4670 3651 4708 κατα-

2074 4741 2395 4814 φλεχθέντες
2424 4736 2568 4797 οὗτοι
2595 4736 2739 4813 ἦσαν
2765 4740 2844 4812 τῷ
2873 4741 3207 4813 ὲπιτάγματι
3242 4742 3338 4797 τοῦ
3386 4744 3649 4816 τυράννου

2074 4834 2551 4906 ὑπηρετήσαντες,
2580 4833 2676 4886 καὶ
2712 4835 2779 4904 τῇ
2815 4832 2983 4887 εἰκόνι
3013 4837 3077 4907 τῇ
3122 4840 3294 4908 χρυσῇ
3340 4839 3654 4910 προσκυνή-

2077 4941 2289 4987 σαντες.
2328 4926 2431 4979 Ἔν
2458 4924 2682 4995 παγίδι,
2710 4919 2751 4997 ᾗ
2789 4925 3087 4995 ἔκρυψαν.
3120 4928 3260 5000 Ὀρα
3299 4930 3415 4994 πῶς
3454 4929 3653 4993 ἔδειξεν

2075 5016 2284 5087 ἄφατον
2308 5010 2475 5069 οὖσαν
2500 5016 2529 5055 ι)
2559 5016 2738 5069 αὐτῶν
2783 5014 2881 5085 τὴν
2912 5019 3264 5090 κατηγορίαν.
3301 5018 3518 5087 Ἐπειδὴ
3546 5020 3652 5086 γάρ

2079 5102 2340 5175 αἰσχύνης
2354 5103 2523 5173 γέμον
2554 5098 2624 5173 ἦν
2657 5103 2720 5157 τὸ
2749 5104 3030 5176 γινόμενον
3051 5146 3064 5173 ,
3087 5107 3174 5160 διὰ
3202 5105 3357 5160 τοῦτο
3381 5104 3653 5176 κρύπτου-

2082 5215 2156 5264 σι,
2213 5198 2307 5251 καὶ
2348 5196 2631 5251 λανθάνειν
2679 5198 2994 5270 πειρῶνται.
3043 5199 3405 5253 Γινώσκεται
3440 5195 3654 5263 Κύριος

2083 5289 2336 5357 κρίματα
2359 5286 2564 5343 ποιῶν.
2598 5289 2812 5355 Ἄλλος,
2841 5288 3137 5358 Ἐγνώσθη
3169 5286 3347 5357 κρῖμα
3373 5284 3650 5352 ποιήσας-⁸

415 5374 511 5428 Ἐκ
530 5370 892 5438 τῶνπυλῶν,
907 5372 969 5426 τδ
989 5372 1125 5426 πολῦ
1147 5371 1255 5425 τῶν
1280 5369 1538 5426 κινδύνων
1566 5368 1760 5441 δηλῶν.
1785 5369 1978 5433 Ὅπως
2083 5377 2327 5431 τουτέστι
2347 5418 2361 5442 ,
2396 5377 2659 5443 κολάζων,
2703 5376 2934 5432 ἐκδικῶν
2954 5416 2969 5441 ,
3001 5373 3250 5443 ἐπεξιών.
3282 5370 3431 5440 Εἶδες
3467 5374 3654 5448 ἕτερον

414 5465 488 5519 ἂν
511 5465 839 5535 ἐξατγείλω
860 5463 1064 5528 πάσας
1087 5464 1193 5527 τὰς
1213 5462 1478 5526 αὶνέσεις
1493 5477 1610 5517 σου
1625 5462 1696 5518 ἐν
1715 5461 1844 5525 ταῖς
1871 5461 1981 5514 πύο

468 5724 493 5749 ⁸
516 5720 651 5772 Coll).
677 5722 733 5769 ἐκ
750 5721 1012 5781 προοιμίων
1034 5716 1247 5765 ἐκάλουν.

686 5823 963 5884 ΡΑτιιοι.
996 5821 1114 5883 Gn.
1164 5820 1289 5882 LV.

2086 5468 2224 5534 εἶδος
2251 5471 2567 5544 εὐεργεσίας
2613 5471 2722 5526 ἀπὸ
2749 5470 3022 5533 κολάσεως
3054 5486 3069 5535 ;
3104 5469 3177 5522 υὺ
3216 5468 3325 5541 γάρ
3356 5468 3421 5542 δὴ
3471 5469 3653 5542 μόνον,

2156 5700 2188 5748 ιι
2202 5700 2339 5766 Hec,
2359 5700 2539 5768 ἄφατον
2561 5699 2726 5766 οὖσαν,
2746 5700 2927 5753 desunt
2944 5703 2993 5752 in
3027 5702 3175 5754 Savil.
3195 5709 3244 5755 et
3265 5704 3314 5756 in
3335 5704 3472 5756 Colb.

3288 5837 3328 5897 8
