4112 6214
420 343 523 398 133

416 457 596 513 tione?
643 455 753 510 Non
799 454 970 509 solum
1013 452 1186 516 enim,
1229 449 1427 519 inquit,
1470 447 1588 500 facit
1617 460 1710 499 eos
1741 441 1989 496 meliores

414 550 500 620 qui
545 549 904 617 castigantur,
951 543 1046 598 sed
1094 542 1215 596 facit
1252 541 1408 594 etiam
1431 582 1445 602 ,
1478 549 1533 592 ut
1566 538 1654 592 Dei
1682 533 1998 603 cognitionis

411 641 621 695 eluceat
646 640 780 692 ratio
803 646 884 691 :et
907 653 964 690 ei
1005 649 1070 689 eo
1094 633 1259 702 magis
1285 631 1490 686 videtur
1515 628 1786 683 hominum
1813 641 1996 681 curam

411 748 618 804 gerere.
642 731 776 788 Cum
803 733 980 799 itaque
1009 728 1242 797 permisit
1264 741 1473 796 gregem
1505 737 1784 794 porcorum
1810 721 1994 776 detur-

410 825 557 887 bari,
605 833 657 878 et
685 824 736 876 in
765 821 897 874 mari
938 818 1202 888 submergi
1245 817 1262 886 (
1293 815 1455 870 Marc.
1485 816 1536 870 5.
1571 813 1714 883 15),
1748 823 1872 867 tunc
1900 813 1994 866 ad-

413 914 692 969 miratione
739 913 965 966 maxima
1010 908 1234 979 perculsi
1266 915 1407 961 sunt.
1457 905 1511 958 ln
1561 905 1741 959 Veteri
1787 917 1998 973 quoque

411 1005 758 1060 Testamento
790 1001 976 1066 Judzei,
1026 999 1240 1066 Quando
1282 1014 1366 1054 eos
1415 997 1702 1058 occidebat,
1737 1004 1855 1049 tunc
1887 1009 2002 1046 cum

411 1094 736 1163 qtta’rebnnt,
783 1090 1225 1162 quemadmodum
1257 1088 1386 1142 dicit
1415 1087 1672 1158 propheta
1701 1083 1876 1154 (Psal.
1910 1084 1999 1137 77.

411 1186 528 1255 56).
562 1185 630 1237 Et
661 1199 756 1238 cur
787 1198 888 1237 non
922 1183 1021 1238 hoc
1051 1181 1176 1236 facit
1206 1179 1576 1250 frequentius?
1602 1177 1861 1244 Quoniam
1887 1174 2002 1230 vult

413 1293 517 1329 non
550 1291 645 1345 per
673 1276 774 1328 vim
804 1285 857 1330 et
881 1274 1304 1344 eompulsionem
1327 1313 1340 1337 ,
1389 1271 1484 1327 sed
1517 1287 1610 1340 per
1639 1271 1859 1324 liberam
1899 1283 1998 1324 vo—

412 1368 666 1421 luntatem
687 1368 932 1422 virtutem
951 1366 1214 1432 exerceri,
1235 1375 1289 1419 et
1306 1363 1567 1418 beneficio
1585 1363 1763 1432 potius
1782 1362 1998 1418 allectos

413 1477 571 1530 quam
602 1461 828 1530 punitos.
861 1460 928 1513 Et
954 1467 1186 1529 quanto,
1228 1455 1359 1510 dicit
1385 1455 1676 1525 quispiam,
1705 1454 1891 1508 melius
1917 1461 2000 1508 est

413 1564 533 1605 esse
560 1550 872 1604 necessitate
897 1550 1097 1604 bonum
1119 1590 1134 1614 ,
1165 1561 1324 1618 quam
1353 1547 1549 1600 malum
1580 1545 1744 1600 libero
1769 1543 1997 1614 eligendi

413 1639 671 1694 arbitrio?
698 1639 812 1693 Non
855 1645 1033 1708 potest
1061 1638 1178 1707 quis
1212 1651 1332 1692 esse
1359 1635 1526 1691 bonus
1564 1649 1626 1689 ex
1657 1635 1993 1689 necessitate.

412 1729 511 1796 Qui
535 1731 677 1785 enim
707 1731 918 1785 vinculo
940 1729 1249 1798 illaqueatus
1277 1727 1444 1780 bonus
1469 1735 1568 1791 est,
1599 1741 1703 1780 non
1731 1725 1832 1780 erit
1855 1741 1999 1781 sem-

413 1837 510 1890 per
537 1821 706 1876 bonus
727 1861 743 1886 ,
782 1820 875 1876 sed
905 1834 934 1874 a
961 1818 1277 1873 necessitate
1315 1817 1568 1872 liberatus
1605 1825 1904 1872 revertetur
1927 1816 1996 1871 ad

406 1914 588 1967 vitium
617 1931 630 1966 ε
655 1913 741 1982 qui
766 1922 943 1968 autem
973 1912 1044 1965 ita
1073 1909 1384 1978 instituitur,
1414 1919 1472 1964 ut
1499 1924 1593 1964 sua
1616 1910 1781 1964 libera
1802 1910 1993 1964 volun-

404 2013 509 2058 tate
540 2003 631 2057 fiat
674 2004 859 2066 bonus,
909 2018 1034 2062 cum
1077 2001 1248 2056 bonus
1293 1999 1466 2056 factus
1508 1999 1700 2067 fuerit,
1742 2010 1995 2056 constans

404 2108 583 2150 manet
614 2106 667 2150 et
697 2095 923 2152 stabilis.
961 2095 1026 2149 In
1066 2095 1302 2166 aperibus
1342 2110 1586 2148 manuum
1614 2110 1822 2147 suarum
1850 2110 1993 2148 com-

405 2187 685 2258 prehensus
725 2199 795 2240 est
837 2197 1090 2258 peccator.
1120 2185 1237 2242 Non
1265 2185 1423 2252 dixit,
1456 2184 1704 2240 Mannum
1733 2185 1848 2252 Dei,
1877 2185 1990 2252 sed,

402 2281 650 2336 Mannum
679 2282 992 2351 peccatoris.

475 2374 529 2428 8.
566 2373 874 2439 Quibusdam
904 2374 965 2426 de
992 2371 1214 2426 versibus
1241 2371 1669 2442 praecedentibus,
1697 2387 1874 2426 rursus
1898 2372 1996 2426 ad-

405 2466 610 2530 uotatis,
627 2465 1120 2535 subsequentiumque
1131 2465 1488 2534 expositionem
1505 2482 1670 2531 orsus,
1685 2465 1994 2521 demonstrat

408 2565 754 2626 paupertatem
775 2556 840 2608 ad
868 2557 1098 2608 eirtutem
1128 2556 1371 2625 aptiorem
1395 2572 1502 2609 esse
1527 2556 1733 2610 divitiis.
1756 2585 1829 2596 -—
1847 2555 1997 2610 Vidi-

411 2648 478 2703 sti
511 2647 778 2716 quomodo
800 2647 970 2701 variat
997 2645 1314 2712 orationem,
1338 2655 1392 2701 et
1421 2646 1561 2717 quod
1588 2661 1652 2701 ex
1679 2647 1812 2702 caalo
1837 2646 1997 2702 infer-

412 2749 498 2792 tur
526 2739 842 2808 supplicium
884 2738 1152 2802 inferens,
1183 2746 1236 2791 et
1268 2751 1455 2808 pcenas
1492 2753 1610 2807 qua:
1637 2751 1666 2791 a
1693 2737 1822 2792 vitio
1851 2737 1998 2794 inﬂi-

405 2838 606 2900 guntur
635 2829 926 2884 inducens?
954 2827 1234 2898 Quomodo
1265 2827 1580 2897 supplicium
1603 2827 1743 2898 quod
1769 2828 1998 2885 infertur

403 2936 468 2975 ex
495 2921 662 2974 curlo?
688 2919 1036 2991 Cognoscitur,
1070 2920 1258 2990 inquit,
1283 2919 1536 2974 Dominus
1552 2920 1755 2991 judicia
1779 2921 1990 2988 lactens.

401 3012 679 3080 Quomodo
709 3029 893 3084 pabuas
921 3029 1042 3084 quae
1071 3013 1382 3084 infliguutur
1409 3028 1438 3067 a
1466 3013 1634 3068 vitio?
1664 3011 1854 3081 Inﬁxa:
1876 3021 1994 3068 sunt

400 3113 564 3173 gentes
595 3105 646 3158 in
679 3104 882 3158 interitu
901 3145 915 3168 ,
944 3120 1093 3174 quem
1121 3108 1369 3174 fecerunt.
1415 3103 1482 3157 Et
1522 3117 1709 3157 rursus
1738 3117 1830 3158 eas
1871 3119 1990 3174 qum

404 3197 812 3266 proficiscuntur
841 3196 910 3251 ab
955 3196 1291 3266 improbitate
1329 3213 1343 3248 :
1385 3194 1451 3249 In
1491 3195 1721 3266 aperibus
1748 3213 1990 3250 manuum

401 3305 611 3341 suarum
638 3287 1029 3357 comprehensus
1055 3296 1126 3342 est
1155 3295 1402 3356 peccator.
1430 3285 1546 3341 Non
1576 3287 1719 3342 enim
1747 3286 1874 3342 dicit
1903 3302 1990 3342 so-

400 3383 510 3434 lum
556 3381 874 3452 supplicium
906 3379 1048 3450 quod
1090 3393 1120 3432 a
1163 3379 1272 3434 Deo
1316 3378 1702 3449 proficiscitur,
1733 3379 1988 3450 quoniam

397 3486 540 3540 saepe
569 3479 854 3526 cunctatur
879 3479 933 3524 ct
961 3469 1138 3524 differt
1163 3488 1176 3524 :
1205 3485 1378 3540 neque
1406 3469 1579 3524 solum
1607 3469 1748 3540 quod
1778 3485 1808 3524 a
1834 3470 1984 3538 vitio,

397 3563 644 3633 quoniam
676 3562 827 3616 multi
869 3561 921 3616 in
953 3576 1017 3617 eo
1047 3561 1274 3617 libenter
1302 3570 1583 3616 versantur
1627 3579 1642 3616 :
1687 3559 1782 3616 sed
1813 3563 1985 3616 utrin-

397 3671 500 3726 que
527 3654 810 3709 confirmat
836 3654 1153 3709 orationem.
1197 3653 1265 3708 Et
1310 3654 1429 3710 ideo
1469 3653 1630 3718 dicit,
1664 3652 1730 3708 In
1754 3654 1986 3724 aperibus

398 3764 637 3802 manuum
685 3763 895 3801 suarum
935 3747 1324 3818 comprehensus
1365 3756 1457 3801 est.
1506 3747 1692 3814 Alius,
1743 3747 1985 3802 Votorum

396 3857 601 3894 suarum
631 3839 748 3911 (a).
775 3839 854 3894 Ne
880 3854 1007 3909 ergo
1036 3839 1338 3902 existimes,
1370 3846 1421 3894 te
1449 3839 1896 3894 machinationem
1929 3838 1984 3894 in

398 3931 560 3985 alium
587 3931 782 3999 moliri,
812 3929 1025 4000 quando
1049 3930 1210 3984 struis
1238 3929 1395 3985 alicui
1425 3930 1642 3985 insidias
1675 3947 1688 3982 :
1720 3930 1812 3985 tibi
1838 3931 1982 3986 enim

398 4023 498 4093 ipsi
526 4023 765 4078 contexis
785 4023 942 4077 retia.
967 4019 1174 4086 Cantus,
1201 4021 1505 4090 diapsalma.
1529 4021 1700 4088 Alius,
1727 4022 1839 4078 Vox
1861 4039 1984 4077 sem-

398 4131 505 4184 per.
532 4114 696 4176 Alius,
715 4113 1000 4168 Madulatio
1021 4129 1235 4182 semper.
1266 4112 1518 4167 llebrteus
1539 4123 1740 4179 autem,
1766 4114 1984 4184 Engaon

397 4207 489 4261 sel.
542 4207 625 4261 l8.
667 4207 1032 4261 Convertuntur
1076 4215 1360 4274 peccatores
1394 4205 1446 4258 in
1489 4205 1779 4276 infernum,
1811 4221 1984 4260 omnes

396 4307 565 4368 gentes
592 4314 705 4369 qua:
734 4297 1097 4351 obliviscuntur
1135 4295 1319 4351 Deunt.
1368 4296 1519 4351 Alius
1543 4337 1558 4363 ,
1606 4295 1980 4350 Convertentur.

395 4387 453 4442 lu
497 4387 681 4444 iisdem
729 4402 916 4442 rursus
960 4389 1226 4458 persistit,
1259 4387 1546 4442 ostendens
1573 4386 1757 4441 vitium
1788 4387 1986 4444 habere

394 4479 710 4549 supplicium
743 4479 1088 4533 constitutum
1108 4522 1123 4543 ,
1155 4489 1207 4533 et
1239 4479 1564 4547 impietatem
1603 4494 1793 4548 parere
1836 4495 1983 4534 mor-

397 4579 524 4634 tem,
554 4580 606 4625 et
636 4578 908 4641 peccatum
941 4571 1190 4640 pericula.
1225 4571 1310 4626 l9.
1341 4573 1592 4638 Quoniam
1617 4589 1720 4627 non
1747 4573 1800 4626 in
1828 4573 1982 4642 ﬁnem

395 4661 575 4715 oblivio
602 4662 698 4716 erit
725 4661 979 4732 pauperis,
1012 4662 1254 4732 patientia
1285 4681 1564 4734 pauperum
1591 4682 1692 4719 non
1721 4665 1898 4735 peribit
1928 4666 1980 4721 in

395 4755 567 4821 ﬁnem.
597 4754 746 4808 Alius
770 4754 1033 4824 interpres
1054 4754 1196 4820 dicit,
1227 4754 1346 4809 Non
1372 4759 1502 4810 enim
1528 4758 1580 4810 in
1609 4757 1760 4824 finem
1785 4757 1981 4812 mitium

396 4846 705 4913 exspectatio
731 4844 958 4898 tradetur
979 4843 1233 4914 oblivioni.
1263 4845 1491 4902 Pulchre
1520 4847 1673 4912 dixit,
1704 4846 1767 4901 In
1793 4849 1941 4916 ﬁnem
1961 4863 1980 4900 :

393 4936 683 4990 ostendens
713 4950 817 4989 non
856 4951 1066 5005 semper
1095 4936 1259 5006 quazri
1302 4938 1695 4993 remissionem.
1742 4940 1798 4993 Si
1837 4940 1980 4995 enim

393 5041 606 5096 seraper
635 5026 804 5082 futura
847 5027 914 5083 sit
951 5029 1102 5098 quies
1131 5037 1186 5083 et
1216 5028 1460 5084 remissio
1481 5072 1496 5096 ,
1541 5028 1754 5084 ubinam
1798 5039 1980 5088 osten-

393 5121 550 5175 detur
587 5123 880 5191 patientia?
922 5121 1074 5190 Quod
1115 5133 1290 5176 autem
1337 5122 1503 5188 dicit,
1549 5133 1633 5178 est
1679 5122 1978 5192 ejusmodi:

395 5211 588 5266 Ptenas
613 5214 813 5268 dabunt
839 5213 1062 5284 improbi
1089 5255 1101 5278 ,
1133 5223 1188 5270 et
1213 5227 1452 5270 extrema
1481 5215 1764 5286 patientur.
1797 5215 1982 5285 Neque

391 5297 535 5357 enim
560 5304 696 5358 Deus
725 5305 973 5374 patietur,
999 5314 1055 5360 ut
1085 5305 1148 5360 iis
1169 5306 1258 5376 qui
1285 5306 1476 5376 injuria
1506 5305 1829 5373 afficiuntur,
1861 5321 1978 5375 per-

453 5497 526 5558 (a)
553 5501 598 5545 tn
613 5503 792 5562 Graeco,
805 5516 962 5562 ταρσῶν,
979 5511 1124 5562 quam
1139 5512 1308 5549 vocem
1325 5501 1585 5562 Gentianus
1598 5507 1840 5548 Hervetus
1855 5497 1982 5549 male

386 5562 629 5622 verterat,
651 5560 943 5622 plantarum.
971 5560 1129 5609 Lectio
1151 5569 1332 5618 nostra,
1358 5560 1572 5610 rolarum
1599 5574 1814 5620 suarum,
1843 5561 1983 5622 cujus

388 5621 576 5685 sit-non
605 5621 924 5672 notatansed
945 5627 1038 5678 cst,
1065 5629 1118 5685 ut
1141 5622 1348 5685 videtur,
1365 5629 1416 5670 et
1437 5624 1576 5672 Savil.
1603 5629 1751 5679 notat,
1774 5621 1980 5685 Aqttilte,

383 5681 469 5742 qui
499 5697 664 5732 vocem
677 5687 748 5764 FP
769 5693 836 5732 tta
860 5684 1101 5734 convertit
1126 5682 1244 5732 l‘sal.
1269 5685 1348 5742 77,
1371 5685 1450 5746 72,
1471 5691 1523 5734 et
1542 5685 1645 5746 ll8,
1662 5699 1710 5736 v.
1736 5681 1847 5746 υθέ
1867 5696 1983 5735 neo-

388 5781 485 5818 non
511 5767 647 5820 Isaiae
667 5773 746 5836 49,
776 5776 847 5828 l6.

1554 322 1912 383 EXPOSlTiO
1951 320 2015 376 ΙΝ
2055 321 2373 380 PSALMUM
2413 324 2504 380 IX.

3592 334 3691 390 15%

2111 449 2282 509 petute
2311 449 2564 510 parentur
2595 442 2818 497 insidia}.
2859 443 2959 498 Per
2999 444 3100 500 hoc
3143 455 3198 501 et
3241 460 3333 501 eos
3362 445 3688 513 consolatur,

2108 539 2162 584 et
2189 531 2305 585 illos
2337 541 2518 590 terret.
2551 542 2604 586 et
2643 533 2737 588 Dei
2765 534 2999 589 ostendit
3024 535 3392 602 clementiam,
3422 539 3562 606 quod
3595 539 3693 596 hos

2107 622 2318 690 quidem
2362 637 2508 676 mora
2539 623 2710 678 reddit
2741 625 3106 694 probatiores,
3138 626 3258 682 illos
3285 643 3411 683 vero
3443 629 3602 683 trahit
3628 630 3692 686 ad

2108 714 2500 782 ptenitcntiam.
2532 714 2666 770 Vide
2704 729 2878 771 autem
2921 717 3188 788 quomodo
3219 734 3402 775 rursus
3432 736 3696 790 pauperes

2110 807 2162 858 in
2193 806 2396 862 honore
2427 807 2721 872 habentur,
2754 825 3012 882 pauperes
3039 827 3143 866 non
3174 811 3416 869 absolute
3435 855 3451 881 ,
3481 814 3573 868 sed
3605 816 3694 882 qni

2109 905 2234 949 sunt
2262 897 2474 951 contriti
2503 898 2684 953 corde.
2727 899 2766 954 Ii
2793 902 2933 954 enim
2970 913 3092 956 sunt
3118 903 3200 958 vel
3230 905 3460 959 maxime
3488 905 3598 975 apti
3629 907 3694 959 ad

2111 986 2418 1053 patientiam
2444 1005 2456 1041 :
2492 989 2576 1042 vel
2605 1004 2664 1042 ea
2701 990 2872 1059 potius
2900 1006 2957 1046 se
2987 1002 3169 1048 mutuo
3199 1003 3544 1064 comparant,
3589 995 3695 1049 Ιιιιρ

2110 1076 2307 1130 militas
2354 1079 2696 1146 patientiam,
2739 1082 2989 1150 patientia
3051 1083 3421 1141 humilitatem.
3471 1087 3526 1141 Si
3572 1088 3694 1158 quis

2111 1178 2288 1222 autem
2317 1169 2540 1237 dixerit,
2573 1172 2638 1225 Et
2663 1175 2934 1242 quomodo
2963 1185 3044 1230 est
3073 1188 3354 1247 paupertas
3377 1178 3648 1235 humilitas
3673 1183 3696 1232 ?

2107 1259 2350 1315 dicemus
2371 1277 2487 1315 eam
2512 1277 2630 1316 esse
2651 1264 2909 1332 aptiorem
2933 1265 2997 1319 ad
3021 1269 3288 1322 virtutem.
3318 1269 3417 1336 Qui
3441 1281 3522 1324 est
3550 1272 3691 1326 enim

2107 1349 2278 1415 dives,
2309 1351 2472 1405 animi
2503 1354 2820 1424 azgritudine
2845 1356 3072 1410 afficitur
3100 1366 3154 1412 et
3182 1359 3528 1415 conturbatur
3558 1378 3570 1414 :
3603 1362 3692 1431 qui

2107 1453 2285 1498 autem
2317 1460 2518 1514 pauper
2546 1455 2662 1511 est,
2697 1451 2874 1500 omnia
2921 1449 3021 1503 fert
3067 1450 3250 1514 facile,
3283 1459 3337 1505 ut
3365 1452 3454 1522 qui
3479 1453 3531 1506 in
3561 1468 3695 1522 pauo

2108 1543 2314 1603 perlate
2342 1535 2506 1590 veluti
2549 1536 2601 1590 in
2642 1537 2872 1619 quadam
2915 1541 3161 1609 palzestra
3201 1540 3508 1611 frequenter
3535 1559 3694 1599 exerv

2105 1637 2309 1681 ceatur.
2343 1628 2408 1681 Et
2433 1627 2552 1682 ideo
2573 1628 2817 1685 Christus
2839 1647 3048 1702 quoque
3073 1632 3304 1700 dicebat,
3333 1633 3551 1690 difficile
3575 1651 3694 1691 esse

2105 1733 2225 1772 cum
2254 1719 2450 1774 divitiis
2478 1736 2697 1790 regnum
2725 1723 2976 1778 czelorum
3009 1725 3210 1795 ingredi
3238 1725 3448 1797 (Matth.
3470 1728 3556 1783 19.
3577 1727 3690 1798 95).

2105 1811 2238 1878 Quid
2282 1820 2366 1866 est
2405 1821 2618 1878 autem,
2662 1813 2923 1869 Patientia
2961 1835 3241 1887 pauperum
3285 1837 3386 1873 non
3430 1820 3609 1890 peribit
3639 1822 3692 1874 in

2104 1903 2256 1971 ﬁnem
2280 1903 2316 1957 ?’
2333 1904 2653 1976 Numquam,
2687 1907 2876 1978 inquit,
2907 1910 3119 1979 peribit,
3149 1911 3243 1966 sed
3271 1912 3546 1982 proprium
3574 1911 3690 1968 frti.

2103 2005 2246 2049 ctum
2277 1997 2494 2050 omnino
2537 1997 2778 2068 recipiet.
2827 2000 2978 2067 Quod
3017 2001 3232 2071 quidem
3283 2017 3388 2057 non
3419 2003 3599 2057 evenit
3639 2004 3690 2058 in

2105 2087 2170 2140 iis
2199 2088 2360 2143 rebus
2389 2105 2508 2158 qua:
2545 2090 2610 2145 ad
2651 2092 2847 2146 vietum
2878 2093 3177 2162 pertinent,
3222 2095 3316 2150 sed
3346 2111 3488 2166 δεῦρο
3531 2096 3690 2152 finem

2105 2194 2211 2233 non
2261 2191 2662 2250 consequuntur
2718 2185 3062 2252 pereuntibus
3121 2185 3408 2242 laboribus.
3460 2187 3592 2242 Nam
3638 2200 3692 2244 et

2103 2274 2334 2344 agricola
2358 2285 2653 2346 exspectat,
2683 2287 2738 2333 et
2763 2289 3030 2356 mercator
3062 2299 3074 2336 :
3102 2295 3242 2351 saepe
3267 2290 3444 2336 autem
3476 2290 3693 2352 propter

2100 2365 2242 2420 acris
2280 2367 2648 2437 intemperiem
2682 2371 2893 2441 utrique
2922 2387 2950 2424 a
2981 2372 3154 2427 fructu
3195 2372 3275 2427 sui
3303 2373 3502 2428 laboris
3542 2373 3689 2428 cxcio

2102 2454 2252 2509 dunt.
2286 2457 2344 2513 In
2375 2458 2482 2514 Deo
2511 2469 2692 2517 autem
2721 2477 2828 2517 non
2862 2463 2932 2517 ita
2965 2462 3055 2530 fit,
3087 2463 3180 2520 sed
3211 2479 3433 2521 necesse
3459 2473 3542 2520 cst
3569 2481 3690 2520 om.

2105 2546 2231 2601 nino
2261 2548 2420 2603 linem
2465 2553 2740 2622 consequi.
2786 2553 2899 2609 Hoc
2933 2565 3110 2611 autem
3143 2572 3249 2611 non
3293 2572 3507 2626 parvam
3538 2557 3692 2613 affert

2105 2637 2544 2706 consolationem,
2568 2657 2782 2712 semper
2801 2644 2868 2699 de
2889 2645 2993 2700 line
3015 2647 3304 2702 confidere.
3325 2647 3416 2702 ΞΟ.
3438 2647 3688 2718 Exsurge,

2104 2725 2345 2795 Domine,
2371 2745 2472 2783 non
2499 2735 2809 2802 confortetnr
2839 2735 3005 2789 homo.
3031 2737 3200 2802 Alius,
3233 2737 3352 2791 Non
3382 2741 3555 2792 audax
3576 2741 3688 2808 ﬁat.

2102 2816 2408 2874 Judicentur
2433 2831 2605 2892 gentes
2645 2823 2697 2876 in
2734 2835 3001 2895 conspectu
3031 2835 3136 2880 tuo.
3168 2828 3350 2895 Alius,
3389 2827 3454 2882 Et
3483 2831 3533 2883 in
3563 2831 3692 2902 [acie

2104 2917 2210 2963 tua.
2240 2909 2528 2982 Postquam
2559 2913 2693 2969 dixit
2723 2915 2930 2982 vitium,
2960 2917 3102 2987 quod
3134 2918 3314 2989 plures
3343 2919 3586 2976 homines
3611 2923 3693 2976 in-

2100 3001 2275 3066 vadit,
2318 3011 2372 3058 et
2408 3005 2642 3059 narravit
2681 3005 2952 3061 hominum
2995 3007 3423 3078 improbitatem,
3455 3012 3686 3084 rapinas,

2099 3094 2400 3161 avaritiam,
2434 3096 2742 3164 homicidia,
2783 3109 2935 3170 rogat
2961 3101 3124 3156 Deum
3153 3117 3251 3172 pro
3276 3104 3472 3158 auxilio
3502 3121 3687 3161 eorum

2097 3185 2190 3255 qui
2234 3185 2538 3242 afficiuntur
2584 3189 2795 3259 injuria.
2843 3191 2990 3246 Talia
3030 3201 3154 3247 sunt
3197 3194 3341 3249 enim
3382 3205 3686 3252 sanctorum

2098 3277 2322 3346 viscera,
2351 3289 2408 3335 ut
2430 3295 2536 3336 non
2566 3282 2740 3338 solum
2769 3283 2879 3339 sint
2904 3284 2972 3340 de
2999 3300 3058 3341 se
3084 3287 3315 3354 solliciti,
3351 3289 3442 3345 sed
3465 3292 3688 3360 perinde

2097 3383 2160 3422 ac
2191 3369 2236 3423 si
2267 3385 2362 3440 pro
2384 3388 2486 3428 una
2514 3373 2693 3441 domo,
2724 3391 2820 3444 pro
2849 3377 2977 3432 orbe
3004 3386 3289 3446 terrarum,
3319 3381 3402 3436 vel
3427 3397 3490 3438 ac
3515 3385 3558 3438 si
3589 3400 3685 3455 pro

2095 3474 2202 3514 uno
2231 3476 2455 3531 corpore
2476 3505 2490 3528 ,
2531 3479 2628 3534 pro
2659 3467 2994 3524 multitudine
3024 3470 3316 3536 hominum,
3354 3472 3422 3527 ita
3456 3489 3683 3542 precen-

2095 3558 2184 3605 tur
2210 3551 2511 3610 Dominum.
2543 3555 2794 3630 Exsurge,
2820 3558 3057 3628 Domine,
3087 3579 3149 3616 ne
3171 3567 3483 3636 eonfortetur
3509 3567 3679 3622 homo.

2093 3643 2229 3708 Quid
2253 3655 2336 3700 est
2361 3655 2538 3701 autem
2561 3689 2576 3715 ,
2611 3648 2872 3722 Exsurge,
2905 3649 3166 3707 Domine?
3194 3655 3553 3726 Pcrsequerc,
3599 3661 3682 3713 iu-

2093 3733 2228 3804 quit,
2259 3733 2340 3790 fer
2380 3751 2572 3807 opem,
2612 3739 2733 3809 puni
2765 3756 2860 3796 eos
2903 3742 2992 3812 qui
3019 3741 3261 3798 inferunt
3296 3745 3564 3816 injuriam.
3618 3750 3684 3804 Et

2094 3828 2306 3898 egregie
2328 3831 2484 3884 nudis
2504 3832 2808 3888 nominibus
2827 3849 2956 3889 usus
2975 3844 3076 3901 est,
3105 3853 3225 3893 cum
3246 3837 3402 3906 dixit,
3426 3839 3696 3913 Exsurge,

2091 3927 2165 3984 et,
2195 3919 2315 3974 Non
2341 3925 2652 3992 confortetur
2679 3925 2828 3978 homo
2849 3942 2866 3977 :
2895 3936 2952 3980 ut
2977 3928 3242 3997 signiﬁcet
3269 3931 3411 4000 quod
3439 3934 3508 3987 sit
3535 3935 3679 4002 \ilis,

2091 4011 2234 4080 quod
2260 4020 2527 4078 terrenus,
2551 4014 2690 4081 quod
2719 4015 2895 4082 pulvis
2922 4027 2975 4070 et
3002 4018 3155 4073 cinis.
3182 4019 3490 4078 Judicentur
3511 4035 3680 4096 gentes

2093 4103 2147 4155 in
2176 4112 2444 4171 conspectu
2470 4112 2577 4156 tuo.
2606 4103 2744 4170 Quid
2778 4103 2878 4159 hoc
2907 4107 3030 4160 est?
3062 4109 3230 4175 Dent,
3264 4111 3466 4181 inquit,
3497 4129 3683 4182 paruas

2093 4207 2311 4247 suorum
2345 4203 2704 4263 peccatorum.
2750 4195 2868 4249 Non
2912 4195 3103 4251 redditi
3145 4210 3270 4255 sunt
3307 4203 3558 4258 meliores
3587 4221 3682 4274 pa~

2097 4286 2279 4340 tientia
2305 4303 2318 4351 ;
2352 4286 2645 4342 facinorum
2671 4287 2739 4342 ab
2763 4289 2843 4343 eis
2868 4289 3129 4345 rationem
3155 4307 3404 4363 exposco.
3435 4295 3524 4349 2-1.
3549 4295 3685 4350 Con-

2093 4377 2242 4431 stitue
2263 4420 2277 4444 ,
2307 4377 2526 4434 Domine
2544 4421 2558 4446 ,
2601 4382 2939 4452 legislatorem
2965 4399 3119 4455 super
3146 4403 3247 4440 eos.
3283 4387 3461 4442 Sciant
3489 4399 3680 4460 gentes,

2091 4472 2330 4542 quoniam
2377 4473 2600 4528 homines
2645 4483 2783 4529 sunt.
2836 4475 3156 4548 Diapsalma.
3207 4480 3354 4536 Alius
3379 4523 3394 4548 ,
3443 4482 3678 4554 Semper.

2092 4568 2228 4637 Quid
2253 4577 2356 4635 est,
2381 4569 2637 4626 Constitue
2657 4572 2992 4644 legislatorem
3013 4592 3164 4648 super
3187 4577 3325 4648 ipsos
3342 4579 3369 4633 .9
3392 4579 3679 4649 Quoniam,

2091 4661 2296 4732 inquit,
2321 4662 2498 4716 omnia
2532 4662 2729 4718 faciunt
2769 4666 2989 4735 perinde
3014 4682 3077 4723 ac
3105 4669 3149 4724 si
3189 4682 3368 4727 essent
3410 4675 3490 4728 sui
3516 4673 3677 4746 juris,

2091 4753 2334 4809 nolentes
2359 4753 2488 4810 dare
2514 4770 2720 4825 ptenas,
2756 4758 3015 4815 ulciscere
3033 4801 3047 4826 ,
3077 4770 3132 4816 et
3157 4764 3224 4818 sit
3252 4765 3329 4819 cis
3358 4769 3678 4839 supplicium

2091 4859 2188 4914 pro
2217 4844 2602 4903 admonitione.
2635 4848 2747 4904 lloc
2775 4850 2912 4904 alius
2941 4867 3150 4922 quoque
3178 4856 3505 4928 significans,
3532 4861 3679 4917 dicc~

2089 4937 2183 4991 bat
2211 4955 2222 4990 :
2249 4937 2538 5006 Constitue,
2587 4939 2801 4994 Domine
2820 4982 2834 5007 ,
2871 4943 2941 4996 eis
2968 4943 3214 5000 timorent.
3250 4947 3380 5004 Vide
3407 4951 3680 5019 quomodo

2091 5043 2198 5083 non
2227 5029 2416 5098 qttazrit
2445 5039 2503 5084 ut
2533 5031 2839 5098 puniantur,
2864 5033 2958 5088 sed
2989 5047 3044 5089 ut
3071 5035 3477 5103 admoneamur,
3509 5040 3680 5092 corri.

2091 5131 2314 5191 gantur,
2346 5129 2532 5176 etnon
2563 5123 2742 5177 vivant
2777 5124 2975 5195 inique.
3010 5127 3124 5181 Erit
3149 5129 3324 5195 enim,
3358 5127 3563 5196 inquit,
3597 5131 3680 5184 eis

2092 5213 2410 5283 supplicium
2449 5213 2568 5269 loco
2606 5214 3019 5282 admonitionis,
3054 5233 3158 5273 non
3187 5219 3266 5273 eis
3293 5227 3532 5283 tantum,
3580 5221 3676 5279 sed

2093 5307 2252 5360 etiam
2279 5305 2418 5359 aliis.
2449 5305 2515 5360 Et
2545 5316 2602 5361 ut
2629 5307 2768 5364 scias
2796 5318 3050 5380 quantum
3077 5324 3143 5364 ex
3170 5323 3234 5364 eo
3260 5310 3330 5363 sit
3357 5310 3594 5380 lucrum,
3623 5323 3678 5372 et

2093 5396 2360 5466 quomodo
2387 5397 2629 5453 morbum
2658 5401 2935 5469 reprimat,
2965 5398 3090 5453 audi
3119 5399 3260 5468 quod
3305 5399 3555 5474 deinceps
3592 5419 3676 5462 se:

2099 5483 2302 5552 quitur.
2331 5483 2512 5539 Sciant
2533 5496 2705 5556 gentes
2728 5488 2865 5556 quod
2889 5487 3122 5542 homines
3143 5499 3282 5543 sunt.
3311 5489 3464 5558 Quod
3488 5502 3668 5550 autem

2098 5575 2252 5639 dicit,
2282 5577 2592 5646 hujusmodi
2620 5587 2703 5633 est
2733 5595 2746 5630 :
2781 5579 2933 5634 Multi
2967 5580 3070 5635 hoc
3098 5583 3260 5638 etiam
3295 5575 3666 5655 perdiderunt,

2097 5679 2306 5723 natura:
2338 5669 2490 5724 obliti
2527 5678 2674 5735 sunt,
2707 5671 2757 5724 in
2791 5671 3026 5728 furorem
3063 5675 3420 5748 impcgerunt,
3457 5681 3665 5751 scipsos

2096 5760 2433 5831 ignorarunt.
2463 5761 2525 5818 Et
2548 5763 2768 5834 pulchre
2787 5766 2980 5837 adjecit
3001 5767 3150 5827 illud.
3168 5769 3402 5843 Semper,
3424 5780 3478 5829 ut
3501 5771 3663 5845 signi-
