4064 6206
436 323 537 377 135

437 423 615 494 licaret
658 449 764 490 non
809 434 980 490 solum
1027 434 1079 488 in
1123 434 1284 488 rebus
1327 431 1605 497 adversis,
1647 429 1742 485 sed
1772 430 1931 483 etiam
1963 428 2014 482 in

439 529 707 584 secundis.
752 526 992 595 Verum,
1037 527 1080 582 si
1125 541 1218 582 eos
1261 540 1400 581 nunc
1449 523 1722 594 puuieris,
1767 521 2024 576 habentes

441 635 688 692 magnum
734 619 1015 684 timorem,
1055 626 1109 674 et
1154 617 1466 672 memoriam
1510 615 1769 669 malorum
1798 627 1918 683 qua:
1945 611 2023 666 eis

437 721 774 776 evenerunt,
821 711 1028 766 etiamsi
1075 710 1155 765 eis
1202 724 1455 780 prospere
1505 721 1590 761 res
1633 706 2019 768 successerint,

438 809 609 859 scient
632 820 784 859 suam
816 812 1080 858 naturam.
1307 805 1313 816 '

510 895 565 950 9.
595 894 899 966 Ignorantia
926 893 1128 966 gravior
1156 891 1459 964 phrenitide.
1478 919 1552 930 -
1574 890 1734 944 Vides
1759 889 2024 958 quomodo

446 1001 539 1054 pro
579 986 658 1040 eis
701 985 994 1038 orationem
1037 983 1266 1049 emittit,
1309 995 1600 1050 eorumque
1643 980 1756 1034 vult
1793 978 2026 1036 furorem

445 1075 680 1146 corrigi?
705 1076 924 1144 Seipsos
945 1076 1088 1130 enim
1119 1075 1364 1142 ignorare
1381 1082 1463 1127 est
1481 1083 1734 1127 extremm
1760 1071 2025 1134 amentiat,

441 1178 496 1223 et
526 1168 774 1238 phrenesi
806 1168 1039 1236 gravius.
1072 1166 1185 1220 lloc
1208 1165 1350 1218 enim
1376 1173 1457 1218 est
1495 1165 1714 1218 morbus
1745 1161 2029 1216 necessita-

449 1260 559 1312 tis:
594 1256 724 1312 illud
755 1271 884 1312 vero
919 1266 1186 1326 corruptm
1215 1255 1519 1309 voluntatis.
1553 1255 1603 1308 l.
1633 1252 1698 1306 Ut
1735 1253 1884 1322 quid,
1919 1249 2030 1304 Do-

444 1351 607 1415 mine,
638 1351 886 1405 recessisti
915 1351 1084 1420 longe,
1117 1350 1332 1420 despicis
1357 1350 1410 1402 in
1450 1345 1946 1418 opportunitatibus,
1977 1345 2030 1398 in

445 1441 852 1496 tribulationibus
877 1441 902 1494 1’
945 1442 1072 1496 llaec
1095 1441 1222 1494 dicit
1249 1438 1530 1510 propheta,
1558 1451 1718 1491 orans
1747 1444 1801 1491 et
1829 1434 2030 1505 suppli-

446 1547 576 1586 cans
620 1547 683 1588 ex
726 1546 954 1602 persona
997 1545 1180 1585 eorum
1208 1530 1298 1601 qni
1329 1529 1672 1599 afﬂiguntur,
1719 1541 1824 1580 non
1855 1533 2032 1580 autem

446 1638 705 1678 accusans
739 1639 754 1675 :
785 1622 944 1676 absit.
989 1620 1120 1676 Nam
1150 1622 1300 1674 multi
1345 1636 1528 1675 eurum
1574 1618 1664 1689 qui
1707 1617 2030 1686 afﬂiguntur,

452 1731 561 1783 prae
586 1714 774 1769 dolore
801 1714 1023 1782 cupiunt
1051 1721 1174 1767 ante
1212 1720 1421 1782 tempus
1457 1709 1782 1766 conveniens
1807 1708 1920 1762 ﬁeri
1945 1707 2031 1776 ju-

450 1806 647 1858 clicium
677 1822 692 1859 :
721 1803 1170 1873 quemadmodum
1192 1804 1279 1873 qui
1317 1811 1566 1858 secantur
1588 1843 1602 1866 ,
1648 1798 1883 1874 nondum
1917 1815 2035 1868 per-

453 1898 588 1952 fecta
617 1897 854 1951 sectione
881 1905 1070 1966 rogant
1095 1896 1356 1950 medicum
1375 1936 1390 1960 ,
1423 1903 1479 1948 ut
1509 1908 1721 1948 manum
1748 1891 2038 1959 abstineat,

454 1988 766 2042 damnosam
795 1987 1008 2056 quidem
1038 1989 1260 2058 gratiam
1293 1995 1552 2056 petentes,
1579 2000 1644 2039 eo
1669 1992 1867 2050 autem,
1896 1982 2035 2054 quod

457 2095 564 2135 non
591 2078 768 2133 ferant
794 2080 1033 2134 dolorem
1055 2121 1071 2146 ,
1105 2079 1206 2133 hoc
1247 2087 1483 2150 agentes.
1518 2077 1671 2147 Szepe
1696 2084 1872 2131 autem
1899 2074 2038 2145 apud

457 2171 696 2226 medicos
725 2169 1081 2224 vociferantur
1123 2187 1135 2222 :
1169 2170 1393 2224 Turs-isti
1441 2184 1561 2234 me,
1616 2167 1885 2238 perdidisti
1929 2181 2037 2232 me,

458 2277 546 2316 me
590 2260 657 2316 de
700 2259 878 2314 medio
924 2261 1221 2326 sustulisti;
1269 2261 1383 2316 inec
1431 2269 1608 2314 autem
1637 2260 1796 2314 verba
1839 2275 1946 2314 non
1973 2274 2040 2314 ex

455 2361 656 2420 mente,
685 2352 782 2408 sed
805 2368 869 2408 ex
894 2352 1080 2408 dolore
1107 2353 1421 2423 procedunt.
1454 2353 1524 2407 lta
1565 2363 1711 2408 certe
1753 2353 1902 2407 multi
1939 2367 2038 2422 pn-

457 2445 561 2498 silli
588 2453 642 2510 et
671 2443 861 2512 abjecti
892 2445 1052 2498 animi
1080 2443 1282 2509 dicunt,
1325 2444 1376 2498 in
1400 2443 1776 2498 afﬂictionibus
1803 2443 2039 2497 laborem

455 2549 562 2590 non
589 2533 846 2590 ferentes.
877 2533 1176 2605 Saphonias
1201 2550 1415 2606 quoque
1451 2536 1542 2590 tali
1583 2536 1825 2590 oratione
1854 2535 2039 2591 utitur.

454 2625 562 2681 Sed
604 2623 720 2680 haec
747 2625 962 2696 quidem
988 2626 1040 2680 in
1070 2626 1286 2691 Veteri,
1315 2626 1529 2696 quando
1571 2636 1722 2680 erant
1749 2626 2040 2680 certamina

459 2715 779 2770 moderata:
809 2715 964 2786 longe
1005 2725 1186 2771 autem
1212 2716 1408 2770 absunt
1445 2731 1474 2770 a
1512 2717 1646 2771 Novi
1685 2716 2035 2787 philosophia.

454 2807 509 2860 2.
550 2805 682 2860 Dum
722 2808 945 2878 superbit
983 2809 1192 2879 impius,
1222 2807 1504 2862 incenditur
1541 2824 1751 2878 pauper.
1795 2807 2040 2879 Compre-

458 2897 748 2950 heuduntur
780 2899 831 2950 in
857 2898 1082 2952 consiliis
1101 2939 1116 2964 ,
1157 2913 1271 2968 aute
1307 2899 1547 2969 cogitant.
1592 2899 1741 2954 Alius
1761 2940 1776 2964 ,
1803 2899 2042 2970 Compre-

461 2987 764 3041 ltendantur.
794 2990 850 3042 3.
877 2987 1132 3054 Quoniam
1157 2988 1398 3042 laudatur
1429 3001 1661 3059 peccator
1687 2991 1742 3044 in
1779 2992 2042 3047 desideriis

460 3078 646 3133 animle
676 3094 816 3146 sate,
843 3090 888 3132 et
917 3079 1118 3148 iniquus
1142 3078 1466 3133 benedicitur.
1503 3081 1554 3135 4.
1590 3081 1915 3136 lia-acerbauit
1939 3081 2042 3136 Do-

459 3169 652 3222 minum
706 3180 955 3241 peccator.
1019 3169 1318 3239 Propheta,
1368 3171 1613 3241 imposita
1669 3173 1770 3228 sibi
1817 3189 2042 3242 persona

457 3260 734 3329 supplicis,
763 3269 822 3316 et
866 3275 1060 3330 rogans
1101 3275 1198 3330 pro
1241 3260 1308 3315 iis
1347 3262 1439 3332 qui
1481 3262 1785 3318 afﬁciuntur
1826 3265 2038 3334 injuria,

462 3350 591 3404 dicit
620 3351 777 3404 etiam
803 3349 1113 3405 aﬂ'ectiottcs
1139 3367 1260 3421 qua:
1287 3363 1584 3420 venerunt,
1628 3369 1747 3424 qua:
1785 3367 1908 3410 sunt
1945 3355 2043 3410 hu-

453 3453 636 3494 mana:
673 3439 1080 3506 imbecillitatis;
1113 3457 1305 3512 nempe
1330 3453 1457 3498 ante
1487 3444 1814 3514 punitionem
1841 3446 1960 3516 angi
1989 3455 2044 3502 et

455 3529 754 3584 excruciari
785 3545 929 3593 eum.
957 3533 1040 3586 cui
1071 3531 1128 3588 fit
1159 3533 1371 3603 injuria,
1403 3549 1507 3589 non
1546 3535 1804 3591 ferentem
1825 3553 2043 3609 prospe-

465 3620 678 3675 ritatem
709 3621 956 3692 improbi.
987 3623 1102 3678 Non
1135 3634 1218 3680 est
1245 3634 1422 3681 autem
1455 3642 1672 3695 parvum
1705 3628 1806 3684 hoc
1832 3646 2042 3702 quoque

458 3709 796 3779 supplicium.
836 3712 1038 3768 Deinde
1066 3723 1237 3784 rogat,
1271 3725 1327 3769 ut
1361 3715 1488 3770 dent
1517 3731 1698 3786 poenas
1717 3716 1812 3786 ,'ct
1854 3735 2041 3777 eorum

463 3799 516 3852 in
547 3799 752 3870 seipsos
781 3810 1057 3859 vertantur
1095 3805 1336 3872 insidiae;
1367 3807 1500 3862 dicit
1526 3809 1682 3863 etiam
1714 3811 2043 3870 intolerabile

458 3906 627 3962 genus
663 3891 1034 3963 improbitatis.
1068 3897 1343 3966 Quodnam
1392 3910 1570 3956 autem
1602 3902 1701 3958 hoe
1743 3906 1870 3960 est?
1904 3905 2042 3974 Quo-

465 3985 602 4036 niam
639 3985 882 4039 laudatur
910 3999 1142 4057 peccator
1175 3989 1228 4043 in
1257 3989 1519 4046 desideriis
1561 3993 1744 4048 animt:
1780 4011 1904 4050 sine.
1939 3997 2044 4052 Pro

465 4076 531 4130 iis
561 4091 660 4146 pro
686 4077 878 4147 quibus
907 4093 965 4134 se
989 4080 1320 4139 abscondere
1342 4126 1356 4147 ,
1383 4100 1482 4155 pro
1508 4087 1700 4156 quibus
1727 4090 2042 4148 erubescere

459 4168 777 4238 oportebat,
821 4185 921 4240 pro
964 4172 1027 4228 iis
1067 4173 1117 4227 in
1167 4174 1519 4232 admiratione
1563 4179 1821 4249 habetur,
1853 4197 1950 4253 pro
1977 4185 2040 4240 iis

457 4257 719 4315 laudatur.
767 4261 1047 4330 Quomodo
1085 4273 1264 4321 autem
1294 4269 1488 4336 poterit
1530 4269 1650 4326 huic
1679 4272 1929 4344 deinceps
1958 4293 2041 4332 re-

459 4351 691 4406 medium
719 4353 993 4421 adhiberi,
1025 4357 1238 4426 quando
1265 4357 1510 4414 laudatur
1535 4363 1766 4418 vitium?
1809 4365 1920 4420 lloc
1947 4381 2040 4422 au-

461 4455 566 4498 tem
596 4461 736 4501 nunc
762 4462 974 4517 quoque
1003 4448 1079 4502 lit.
1124 4448 1221 4504 Hic
1245 4449 1299 4504 in
1327 4451 1680 4510 admiratione
1709 4455 1949 4524 habetur,
1981 4469 2038 4516 ut

457 4534 545 4602 qui
577 4535 647 4590 sit
675 4547 897 4606 potens;
930 4537 1020 4592 ille
1047 4555 1173 4594 vero
1194 4582 1208 4605 ,
1239 4551 1296 4595 ut
1321 4541 1410 4611 qui
1439 4541 1728 4599 ulciscatur
1756 4547 1997 4604 inimicos
2023 4569 2036 4606 :

456 4625 592 4678 alius
620 4641 748 4680 vero
775 4637 828 4682 ut
858 4629 1111 4698 prudens,
1145 4633 1392 4701 quoniam
1423 4635 1660 4690 omnium
1693 4637 1830 4694 bona
1858 4656 2040 4697 corra-

455 4713 524 4767 sit
558 4732 571 4768 :
601 4722 798 4771 etcum
831 4718 1062 4786 seipsum
1094 4721 1414 4790 perdiderit,
1447 4739 1568 4780 eum
1595 4727 1776 4783 dicunt
1804 4732 2037 4800 seipsum

459 4805 729 4864 invenisse
748 4849 764 4876 ,
793 4821 847 4865 et
875 4811 962 4866 alii
993 4812 1094 4867 alia
1125 4813 1308 4870 dicunt
1333 4833 1346 4869 :
1375 4816 1443 4873 de
1471 4819 1833 4888 spiritualibus
1861 4833 2037 4880 autem

454 4896 614 4951 rebus
643 4913 710 4954 ne
735 4899 959 4955 verbum
999 4903 1233 4973 quidem.
1266 4905 1384 4962 Non
1425 4909 1532 4966 cito
1573 4910 1816 4968 laudatur
1841 4916 1928 4985 qui
1955 4927 2040 4973 est

452 5003 480 5039 a
516 4990 741 5059 negotiis
770 4991 1011 5059 alienus;
1058 5010 1157 5051 nec
1200 5001 1527 5068 paupertatis
1551 5012 1797 5060 amator:
1825 5007 1920 5062 sed
1947 5009 2036 5078 qui

452 5088 534 5132 est
560 5081 862 5150 opulentus,
893 5095 1238 5155 cauponator,
1273 5089 1539 5160 adulator,
1568 5095 1658 5163 qui
1690 5112 1787 5166 pro
1807 5099 1949 5154 nulla
1979 5116 2038 5156 re

455 5171 570 5224 utili
611 5173 823 5228 servilia
867 5175 980 5230 obit
1019 5176 1336 5234 ministeria.
1377 5181 1512 5238 .iirec
1552 5184 1716 5241 deﬂet
1756 5189 2032 5260 propheta,

451 5262 593 5330 quod
616 5263 800 5320 vitium
829 5267 900 5322 ita
931 5267 1240 5338 invalnerit,
1274 5283 1330 5327 ut
1355 5275 1456 5329 sibi
1487 5277 1693 5345 placeat
1721 5289 1774 5335 et
1800 5281 2038 5339 blandia-

455 5359 540 5404 tur
559 5353 660 5416 ,‘et
696 5356 835 5425 quod
863 5366 947 5412 est
985 5361 1215 5430 gravius,
1243 5372 1302 5418 ut
1327 5364 1543 5421 minime
1568 5369 1886 5437 erubescat,
1936 5390 2035 5431 nec

448 5440 621 5496 solum
650 5445 882 5514 seipsum
913 5449 1093 5506 laudet
1133 5465 1350 5524 propter
1379 5471 1440 5510 ea
1472 5472 1589 5526 qua:
1620 5457 1776 5526 facit,
1809 5463 1904 5517 sed
1941 5464 2038 5518 ha.

455 5531 577 5587 beat
601 5535 760 5590 etiam
785 5539 920 5595 alios
951 5541 1276 5601 laudatores.
1307 5547 1440 5616 Quid
1482 5549 1582 5605 hac
1609 5563 1786 5609 autem
1828 5555 2032 5612 insania

455 5624 616 5682 fuerit
636 5627 906 5687 deterius?
937 5632 1268 5692 Exacerbavit
1288 5639 1558 5696 Dominum
1585 5657 1833 5714 peccator.
1859 5647 2028 5712 Alius,

447 5718 696 5784 Quoniam
741 5737 854 5778 cum
898 5724 1120 5781 laudauit
1168 5730 1366 5802 iniquus
1413 5737 1682 5791 secundum
1722 5738 2026 5795 desiderium

1141 316 1200 371 S.
1237 312 1513 372 JOANNIS
1535 311 2004 368 CHRYSOSTOMI
2047 310 2358 366 ARCIIIEP.
2399 312 2926 370 CONSTANTINOP.

3612 313 3709 370 156

2131 429 2314 482 anima:
2350 445 2493 498 sate,
2534 438 2581 482 et
2609 445 2791 484 avarus
2832 429 3118 494 benedixit,
3165 429 3374 484 irritavit
3419 427 3705 485 Dominum.

2130 521 2347 585 Quando
2366 519 2587 575 multata
2609 521 2759 592 fuerit
2785 523 2864 574 ira
2884 522 3015 590 ejus,
3041 538 3140 574 non
3160 524 3359 590 qttterit.
3384 521 3555 586 Alius,
3584 521 3714 588 Quia

2128 613 2350 666 laudarit
2393 613 2445 666 in
2473 615 2722 668 desiderio
2750 614 2936 668 animte
2977 628 3116 679 suae,
3149 623 3195 667 et
3222 629 3405 667 avarus
3442 613 3528 685 qui
3565 615 3716 666 bene-

2129 703 2278 768 dixit,
2311 703 2530 758 detraxit
2557 703 2796 758 Domino.
2833 702 3031 774 Impius
3059 704 3333 758 secundum
3361 703 3716 757 exultationem

2128 795 2222 848 ira:
2248 811 2354 849 suo:
2380 813 2478 848 non
2505 797 2751 866 exquiret.
2782 795 3121 865 Septuaginta
3156 803 3354 859 autem,
3386 793 3719 848 Exacerbat-it

2132 885 2408 940 Dominum
2451 898 2681 959 peccator
2707 903 2726 942 :
2757 888 3031 942 secundum
3070 887 3443 942 multitudinem
3485 889 3578 941 ira:
3615 903 3725 942 sua?

2131 996 2232 1033 non
2252 993 2457 1050 quieret.
2487 982 2672 1037 Vidisti
2697 999 2801 1053 quo
2827 983 3009 1037 vitium
3039 983 3389 1053 processerit?
3413 983 3552 1052 Quid
3576 984 3719 1048 dico,

2133 1073 2323 1142 inquit,
2353 1089 2472 1128 eum
2504 1091 2764 1145 pauperes
2793 1077 3031 1130 molestia
3061 1075 3278 1130 allicere
3297 1077 3322 1129 ?
3349 1076 3526 1146 Ipsum
3557 1077 3721 1131 Deum

2136 1164 2326 1219 irritat.
2361 1165 2427 1218 Et
2456 1167 2728 1220 secundum
2756 1167 3123 1223 multitudinem
3148 1169 3240 1222 irte
3258 1184 3368 1222 sua:
3389 1185 3488 1222 non
3511 1179 3722 1239 queret,

2138 1257 2327 1326 in‘quit,
2355 1257 2534 1312 Deum.
2570 1259 2719 1314 Alius
2746 1271 2920 1314 autem
2948 1259 3050 1314 hoc
3073 1259 3306 1315 ostendit
3334 1259 3436 1315 dici
3465 1260 3532 1316 de
3563 1261 3726 1330 impio

2135 1349 2349 1416 dicens,
2380 1350 2724 1406 Exaltationis
2749 1367 2885 1418 suae,
2920 1352 3020 1408 boc
3048 1365 3128 1408 est
3147 1394 3162 1419 ,
3190 1355 3510 1425 arrogantiae
3529 1397 3543 1422 ,
3577 1355 3726 1410 inso-

2140 1442 2340 1497 lentize.
2375 1443 2560 1498 Vidisti
2605 1444 2864 1514 insignem
2905 1445 3163 1500 insaniam
3199 1455 3255 1501 et
3279 1447 3727 1517 corruptionem?

2139 1533 2236 1587 Est
2262 1534 2347 1599 iis,
2375 1535 2462 1605 qui
2489 1545 2611 1590 sunt
2636 1535 2876 1606 ejusdem
2901 1539 3074 1607 gentis
3102 1552 3165 1592 ac
3201 1538 3437 1608 generis,
3481 1539 3652 1595 hostis
3673 1550 3730 1596 et

2146 1625 2412 1692 inimicus,
2438 1641 2468 1681 a
2495 1627 2688 1682 virtute
2712 1628 2916 1682 alienus
2935 1669 2950 1694 ,
2977 1636 3181 1683 amator
3208 1629 3317 1684 vitii
3348 1639 3508 1701 atque
3539 1631 3727 1687 lauda-

2149 1727 2250 1772 tor.
2280 1717 2345 1772 Et
2377 1718 2596 1787 pulchre
2624 1718 2758 1772 dixit
2795 1719 2930 1773 alius
2952 1761 2967 1786 ,
2997 1717 3118 1772 Non
3147 1729 3220 1773 est
3245 1717 3383 1773 Deus
3409 1721 3461 1774 in
3501 1721 3730 1776 omnibus

2141 1809 2252 1878 ejus
2294 1809 2712 1880 cogitationibus,
2759 1809 3063 1880 significans
3105 1809 3269 1864 Deum
3313 1826 3418 1866 nou
3464 1827 3728 1882 qumrere,

2145 1899 2358 1971 plenum
2389 1915 2506 1954 esse
2535 1899 2786 1967 tenebris,
2812 1917 2917 1954 non
2946 1900 3141 1956 habere
3171 1900 3312 1957 illius
3341 1903 3588 1958 timorem
3622 1919 3732 1974 prta

2141 1989 2330 2044 oculis.
2365 1988 2472 2044 Sed
2498 1989 2944 2059 quemadmodum
2977 1990 3116 2044 lema
3159 1991 3410 2046 obscurat
3450 1993 3727 2063 pupillam,

2142 2081 2211 2136 ita
2239 2082 2398 2136 etiam
2429 2080 2742 2150 improbitas
2771 2089 3024 2143 mentem.
3053 2081 3256 2151 fertque
3283 2097 3379 2152 per
3410 2083 3730 2154 prmcipitia.

2142 2172 2195 2226 5.
2226 2172 2347 2226 Non
2375 2180 2448 2225 est
2473 2169 2612 2226 Deus
2641 2172 2692 2224 in
2733 2181 2999 2243 conspectu
3037 2174 3167 2243 ejus.
3199 2174 3348 2227 Alius
3372 2215 3388 2237 ,
3431 2172 3534 2227 Per
3561 2190 3736 2228 omnes

2143 2266 2467 2336 cogitationes
2508 2267 2638 2337 ejus.
2688 2265 2980 2336 Inquinata:
3024 2277 3140 2322 sunt
3183 2269 3276 2322 uite
3316 2268 3456 2323 illius
3499 2270 3553 2322 in
3595 2271 3737 2322 omni

2145 2364 2383 2424 tempore.
2422 2357 2736 2426 Auferuntur
2764 2358 2968 2430 judicia
3005 2367 3091 2412 tua
3132 2375 3164 2411 a
3205 2360 3334 2429 [acie
3376 2361 3505 2430 ejus.
3554 2361 3735 2422 Alius.

2147 2447 2418 2500 Sublatum
2459 2458 2532 2501 est
2562 2447 2818 2520 judicium
2862 2459 3024 2502 tuum.
3071 2449 3256 2504 Vidisti
3302 2449 3535 2505 fructum
3575 2451 3738 2505 vitii?

2146 2540 2259 2594 Lux
2283 2540 2398 2609 ejus
2424 2541 2791 2610 exstinguitur,
2825 2542 3146 2598 hebetantur
3180 2545 3476 2612 ratiocinia,
3510 2545 3738 2601 traditur

2145 2633 2384 2700 captivus
2429 2631 2776 2702 improbitati.
2826 2633 3287 2702 Quemadmodum
3329 2637 3470 2691 enim
3524 2638 3615 2708 qui
3653 2649 3737 2694 est

2146 2722 2434 2778 luminibus
2459 2725 2623 2780 orbus
2664 2724 2972 2796 frequenter
3011 2727 3196 2782 incidit
3243 2727 3296 2782 in
3341 2727 3590 2784 barathra
3613 2771 3628 2798 ,
3661 2731 3738 2786 ita

2147 2813 2234 2869 hic
2261 2815 2440 2880 etiam,
2475 2817 2724 2886 quoniam
2757 2816 2851 2870 Dei
2879 2819 3124 2874 timorem
3155 2834 3261 2874 non
3290 2820 3448 2875 habet
3472 2837 3580 2890 pra:
3609 2836 3738 2876 ocu-

2146 2907 2211 2961 lis
2230 2948 2244 2971 ,
2273 2907 2325 2961 in
2353 2907 2480 2963 vitio
2518 2919 2776 2978 perpetuo
2802 2922 3082 2976 versatur;
3131 2927 3237 2966 non
3268 2927 3408 2967 nunc
3436 2912 3650 2983 quidem
3680 2914 3739 2970 in

2145 2997 2364 3061 virtute,
2393 3014 2534 3054 nunc
2559 3007 2737 3054 autem
2764 3001 2816 3054 in
2845 3001 2992 3068 vitio,
3025 3001 3117 3056 sed
3143 3018 3356 3074 setnper
3381 3004 3435 3058 in
3455 3004 3607 3071 vitio,
3635 3021 3738 3060 nec

2144 3088 2402 3160 gehennae
2430 3092 2672 3146 meminit
2690 3133 2704 3154 .
2735 3107 2836 3147 nec
2862 3091 3027 3148 buturi
3070 3093 3257 3165 judicii
3276 3139 3290 3164 ,
3321 3112 3420 3151 nec
3447 3097 3738 3152 reddenda:

2145 3181 2366 3236 rationis
2401 3199 2414 3234 :
2447 3182 2539 3236 sed
2585 3181 2668 3238 bis
2715 3183 2978 3239 omnibus
3006 3185 3216 3241 auxiliis
3263 3195 3531 3257 tamquam
3581 3187 3738 3243 freim

2145 3271 2403 3338 excussis,
2437 3281 2702 3342 tamquam
2733 3273 2883 3328 navis
2910 3275 3129 3330 minime
3167 3276 3444 3331 saburrata
3465 3319 3478 3341 .
3509 3279 3740 3334 traditur

2146 3365 2300 3420 malis
2328 3365 2606 3436 spiritibus
2630 3375 2684 3421 et
2709 3367 2865 3422 suavis
2893 3364 3162 3435 ﬂuctibus,
3191 3385 3314 3424 cum
3342 3371 3520 3426 nullus
3547 3371 3616 3426 sit
3641 3375 3737 3443 qui
3800 3373 3810 3388 '

2133 3456 2260 3526 .ejus
2286 3457 2525 3511 animum
2551 3467 2698 3527 regat
2723 3465 2776 3512 ct
2801 3459 3058 3513 instituat.
3085 3459 3275 3516 Vidisti
3306 3464 3500 3518 malum
3532 3465 3584 3519 in
3615 3465 3738 3535 ipso

2145 3550 2306 3606 etiam
2353 3550 2482 3605 vitio
2527 3564 2710 3621 poenas
2754 3550 2944 3606 luere?
2992 3553 3128 3621 Quid
3172 3556 3314 3610 enim
3343 3572 3482 3628 equo
3519 3557 3732 3626 ell‘rcni,

2145 3640 2273 3710 quid
2301 3657 2434 3698 nave
2459 3644 2544 3698 cui
2566 3641 2720 3699 deest
2745 3643 2988 3711 saburra,
3017 3643 3142 3716 quid
3167 3646 3336 3702 oculis
3363 3649 3496 3704 orbo
3517 3648 3738 3706 homine

2144 3734 2360 3805 gravius
2385 3736 2409 3787 7

2217 3823 2303 3879 10.
2337 3822 2543 3878 Miseria
2569 3827 2876 3896 peccatoris,
2925 3827 3103 3883 timore
3127 3827 3225 3883 Dei
3262 3846 3469 3885 excusso
3487 3847 3506 3897 ;
3547 3848 3733 3902 pecca-

2147 3916 2242 3968 tori
2270 3931 2370 3968 non
2400 3915 2779 3973 blandiendum.
2809 3948 2879 3958 —
2927 3918 3032 3976 Sed
3077 3920 3160 3975 his
3185 3922 3434 3977 omnibus
3482 3924 3738 3980 miserior

2145 4007 2346 4076 estqui
2383 4007 2510 4060 vivit
2539 4007 2588 4061 in
2621 4010 2782 4076 vitio,
2829 4013 2999 4082 utqui
3027 4015 3287 4068 exstincta
3322 4016 3440 4070 luce
3464 4057 3478 4080 ,
3511 4032 3634 4086 qut:
3664 4034 3734 4074 ex

2145 4097 2240 4152 Dei
2269 4099 2456 4154 timore
2479 4099 2844 4170 proﬁciscitur,
2866 4105 3103 4173 captivus
3122 4106 3191 4159 sit
3213 4106 3454 4161 traditus.
3487 4107 3738 4165 Omnium

2143 4189 2459 4243 inimicorum
2479 4206 2684 4245 suorum
2710 4192 3068 4247 dominabitur.
3100 4195 3152 4249 6.
3179 4195 3322 4249 Dixit
3344 4197 3481 4251 enim
3505 4198 3558 4252 in
3575 4203 3736 4256 corde

2143 4295 2235 4333 suo
2263 4295 2282 4334 :
2319 4278 2438 4335 Non
2482 4281 2712 4336 movebar
2735 4300 2768 4336 a
2793 4285 3114 4355 generatione
3141 4286 3192 4339 in
3217 4289 3591 4358 generationem
3619 4293 3734 4348 sine

2143 4369 2298 4424 malo.
2350 4371 2499 4427 Alius
2519 4412 2533 4435 ,
2580 4371 2766 4427 Omnes
2806 4375 3037 4429 inimicos
3068 4391 3187 4432 suos
3219 4377 3448 4444 ventilat,
3479 4379 3653 4436 dicens
3677 4385 3734 4437 in

2143 4461 2295 4516 corde
2327 4479 2420 4516 suo
2452 4481 2472 4516 :
2499 4462 2622 4518 Non
2657 4475 2916 4521 convertar
2954 4467 3008 4522 in
3048 4471 3420 4539 generationem
3446 4483 3492 4528 et
3515 4490 3734 4546 genera-

2143 4553 2346 4607 tionem.
2382 4552 2506 4609 Non
2535 4557 2666 4610 enim
2705 4573 2790 4611 ero
2828 4558 2882 4612 in
2914 4559 3198 4631 afﬂictione.
3245 4561 3430 4618 Vidisti
3470 4579 3731 4637 arrogan-

2146 4643 2310 4698 tiam?
2340 4644 2510 4700 vidisti
2542 4647 2948 4705 inenarrabilem
2977 4653 3376 4722 perditionem?
3400 4655 3574 4712 vidisti
3597 4675 3730 4728 pau—

2144 4733 2289 4788 latim
2337 4738 2518 4807 augeri
2561 4740 2819 4796 cxitium?
2873 4743 3052 4798 vidisti
3107 4747 3378 4815 quomodo
3430 4765 3546 4819 qua:
3603 4765 3728 4810 sunt

2141 4825 2296 4880 beata
2321 4828 2458 4898 apud
2489 4830 2677 4886 stultos
2700 4873 2716 4900 ,
2761 4848 2889 4889 vere
2930 4837 3086 4907 plena
3131 4848 3258 4894 sunt
3295 4841 3459 4895 multa
3489 4842 3730 4906 miseria,

2140 4927 2194 4973 et
2223 4920 2489 4989 quomodo
2514 4922 2850 4982 obruuntur?
2892 4927 3163 4987 Laudatur
3189 4933 3241 4988 in
3268 4935 3497 5003 peccatis
3521 4977 3536 5000 ,
3564 4935 3730 4992 benc-

2140 5008 2334 5064 dicitur
2383 5011 2437 5066 in
2484 5014 2778 5072 maleﬁciis.
2833 5017 2946 5075 Hoc
2983 5031 3067 5076 eat
3115 5023 3343 5094 primum
3391 5025 3724 5094 barathrum,

2141 5103 2280 5172 quod
2319 5103 2450 5160 satis
2489 5116 2570 5162 est
2609 5107 2693 5164 vel
2736 5109 2802 5164 ad
2845 5115 3282 5183 praecipitandum
3320 5133 3444 5174 eum
3484 5120 3574 5191 qui
3617 5136 3723 5174 non

2141 5191 2388 5248 advertit.

2213 5285 2280 5340 Et
2310 5285 2430 5342 ideo
2457 5289 2624 5360 magis
2651 5301 2775 5347 sunt
2794 5293 3108 5354 admittendi
3133 5300 3222 5371 qui
3249 5315 3501 5360 accusant
3521 5312 3575 5360 et
3603 5320 3726 5361 eor-

2141 5379 2336 5448 rigunt,
2355 5397 2509 5451 quam
2528 5384 2616 5452 qui
2640 5383 2858 5440 laudant
2885 5395 2941 5442 et
2963 5388 3030 5443 ad
3058 5389 3331 5448 interitum
3360 5395 3724 5452 blandiuntur.

2140 5470 2205 5525 lli
2249 5473 2390 5526 enim
2433 5487 2784 5546 corrumpunt
2827 5480 3051 5536 stolidos
3077 5524 3094 5550 ,
3139 5494 3194 5539 et
3220 5485 3289 5542 ad
3327 5487 3500 5558 majus
3537 5491 3724 5547 vitium

2138 5565 2438 5632 propellunt
2463 5585 2474 5620 :
2499 5569 2946 5637 quemadmodum
2975 5575 3064 5645 qui
3093 5576 3234 5632 hunc
3271 5591 3608 5650 peccatorem
3640 5587 3722 5640 in-

2139 5652 2446 5722 snftlarunt,
2482 5659 2823 5719 instituerunt
2852 5665 2918 5720 ad
2948 5667 3229 5723 insaniam.
3277 5671 3342 5728 Et
3380 5673 3500 5730 ideo
3525 5679 3720 5736 Paulus

2143 5759 2354 5815 quoque
2390 5747 2491 5804 hoc
2532 5749 2706 5819 ipsum
2747 5753 2877 5812 dicit
2915 5755 3238 5827 Corinthiis,
3293 5767 3359 5822 de
3388 5780 3452 5819 eo
3481 5765 3568 5838 qui
3601 5777 3715 5822 erat
