4112 6214
413 349 516 401 1⁸57

410 458 699 514 fornicatus
727 474 741 512 :
775 455 836 510 Et
875 471 962 510 vos
998 451 1164 523 inﬂati
1201 450 1319 505 estis
1340 489 1355 513 ,
1397 453 1442 502 et
1469 461 1570 500 non
1600 441 1765 514 potius
1794 436 1991 494 luxistis

409 551 487 617 (l.
516 549 635 604 Cor.
662 549 716 604 5.
739 547 844 618 2)?
875 546 1034 611 Eum,
1065 542 1154 614 qui
1179 548 1384 612 peccat,
1416 537 1636 592 multum
1665 534 1865 603 lugere,
1885 543 1994 583 non

414 639 628 695 laudare
652 644 885 708 oportet.
911 635 1098 690 Vidisti
1129 645 1436 704 perversum
1461 627 1647 682 vitium
1667 665 1683 691 ,
1711 621 1854 694 quod
1882 636 1990 674 non

413 732 584 786 solum
611 743 717 784 non
746 734 1058 792 accusatur,
1103 722 1194 779 sed
1244 723 1402 777 etiam
1449 716 1692 772 laudibus
1719 711 1994 767 afficitur?

411 823 549 876 llinc
590 835 656 874 ex
692 817 904 889 propria
931 814 1227 886 arrogantia
1257 809 1598 882 ampliﬁcavit
1636 805 1854 861 laudum
1895 802 1998 856 im-

413 911 779 982 probitatem:
809 907 1002 963 oblitus
1040 914 1122 962 est
1157 903 1364 960 timoris
1405 902 1535 968 Dei,
1577 908 1632 955 et
1673 896 1998 968 jndiciorum

412 1006 562 1078 ejus;
612 1004 738 1058 hinc
779 1002 938 1058 etiam
982 1001 1206 1070 propriae
1251 1005 1334 1052 est
1377 1004 1583 1050 natura:
1629 991 1849 1046 oblitus.
1896 985 2000 1052 Qui

413 1099 558 1154 enim
583 1095 904 1166 judiciorum
933 1092 1022 1148 Dei
1050 1089 1414 1154 obliviscitur,
1458 1085 1540 1140 sui
1583 1083 1754 1154 ipsius
1792 1091 2002 1150 quoque

419 1189 634 1248 tandem
679 1186 1027 1242 obliviscitur.
1079 1183 1213 1239 Vide
1260 1195 1392 1251 ergo
1435 1193 1555 1248 quae
1598 1175 1840 1245 cogitat:
1880 1169 2003 1224 Non

417 1282 650 1336 movebar
677 1281 730 1333 in
757 1279 1124 1350 generationem
1151 1286 1195 1331 et
1222 1272 1635 1346 generationem,
1667 1265 1756 1321 sed
1784 1281 1868 1318 ero
1898 1264 2004 1316 sine

420 1374 574 1428 male.
603 1371 738 1440 Quid
763 1381 844 1426 est
869 1370 970 1426 hac
994 1369 1319 1440 cogitatione
1345 1363 1556 1418 stultius
1581 1401 1596 1426 ,
1630 1366 1686 1413 ut
1725 1356 1813 1427 qui
1844 1356 2003 1409 homo

419 1476 504 1522 est
527 1508 543 1532 ,
588 1465 822 1520 interitui
855 1462 1139 1526 obnoxius,
1183 1458 1403 1514 caducis
1419 1469 1485 1510 ac
1514 1449 1896 1509 momentaneis
1918 1463 2003 1502 re-

423 1561 524 1614 bus
544 1557 864 1628 implicatus,
893 1565 946 1611 et
972 1551 1444 1609 innumerabilibus
1469 1545 1848 1602 mutationibus
1877 1543 2003 1597 sub-

421 1653 608 1722 jectus,
646 1651 767 1704 talia
795 1647 1146 1719 imaginetur?
1171 1645 1438 1701 Undenam
1466 1649 1642 1698 autem
1669 1639 1771 1694 hoc
1797 1638 1892 1692 lit?
1922 1635 2002 1692 Ex

419 1740 664 1795 stultitia.
694 1739 915 1806 Quando
940 1738 1080 1792 enim
1102 1737 1180 1789 vir
1208 1735 1400 1790 stultus
1421 1733 1598 1788 multis
1619 1731 1779 1785 rebus
1806 1743 2002 1784 secun-

417 1832 501 1888 dis
531 1846 660 1886 usus
686 1872 701 1896 ,
744 1829 986 1884 inimicos
1012 1827 1232 1890 vicerit,
1277 1835 1330 1880 et
1355 1823 1424 1879 ab
1444 1823 1696 1877 omnibus
1733 1820 2000 1884 laudatur,

417 1932 578 1992 atque
609 1922 662 1975 in
703 1920 1057 1975 admiratione
1095 1917 1356 1982 habetur,
1399 1916 1638 1969 omnium
1670 1912 2006 1967 miserrimus

417 2011 664 2067 efficitur.
711 2011 788 2066 Eo
822 2010 963 2065 enim
1002 2007 1142 2080 quod
1173 2023 1280 2062 non
1317 2014 1593 2076 exspectet
1634 2003 2005 2068 mutationem,

418 2119 593 2174 neque
623 2119 712 2158 res
739 2101 1000 2157 secundas
1023 2101 1124 2155 fert
1152 2101 1411 2165 modeste,
1441 2108 1494 2154 et
1515 2097 1558 2152 si
1586 2111 1674 2152 res
1694 2098 1742 2152 ei
1767 2095 2008 2150 adversm

421 2198 722 2264 evenerint,
749 2211 867 2256 cum
896 2197 964 2250 sit
985 2195 1383 2258 inexercitatus,
1419 2207 1519 2248 nec
1543 2207 1635 2246 eas
1663 2191 1734 2245 sit
1755 2203 2004 2260 umquam

424 2289 732 2355 meditatus,
765 2288 1013 2342 turbatur
1034 2296 1088 2342 et
1117 2287 1488 2340 tumultuatur.
1533 2284 1602 2338 At
1631 2298 1738 2337 non
1767 2282 1845 2336 sic
1869 2279 2002 2346 Job;

427 2381 524 2436 sed
561 2381 722 2436 etiam
764 2381 814 2434 in
856 2380 1016 2434 rebus
1062 2378 1312 2434 secundis
1351 2393 1438 2432 res
1476 2376 1730 2431 adversas
1776 2373 2012 2444 quotidie

431 2471 812 2539 exspectabat,
843 2478 898 2523 et
939 2469 1060 2524 ideo
1096 2469 1306 2523 dicebat
1335 2485 1350 2522 :
1381 2467 1559 2527 Metus
1580 2483 1725 2533 quem
1757 2464 2007 2527 timebam,

435 2561 565 2614 venit
601 2561 758 2624 mihi,
798 2569 846 2614 et
884 2575 1031 2630 quem
1057 2559 1354 2622 timueram,
1388 2556 1603 2610 occurrit
1633 2555 1774 2607 mihi.
1827 2551 1939 2606 Nec
1962 2553 2017 2605 in

438 2669 560 2722 pace
576 2653 657 2723 egi
681 2692 695 2715 ,
732 2668 820 2705 nec
847 2651 1045 2721 quievi,
1076 2666 1167 2704 nec
1193 2649 1378 2703 cessavi
1407 2665 1425 2702 :
1447 2649 1577 2702 venit
1599 2658 1765 2700 tamen
1792 2646 1914 2698 mihi
1939 2647 2017 2698 ira

435 2746 555 2816 (Job
581 2747 634 2801 3.
656 2745 750 2798 25.
779 2744 896 2813 26).
944 2745 1010 2798 Et
1035 2742 1155 2797 idco
1175 2741 1309 2795 alius
1333 2739 1544 2795 dicebat
1576 2761 1590 2794 :
1617 2737 1870 2792 Memento
1897 2747 2022 2790 tem-

432 2839 570 2908 poris
594 2837 746 2908 famis
770 2837 822 2890 in
849 2847 1072 2906 tempore
1096 2833 1420 2888 abundantiw
1442 2848 1462 2896 ,°
1489 2831 1802 2901 paupertatis
1845 2838 1892 2883 et
1932 2829 2016 2882 in-

431 2931 562 3002 opia:
581 2930 634 2982 in
663 2929 744 2982 die
767 2927 1054 2981 divitiarum
1074 2924 1264 2996 (Eccli.
1297 2925 1381 2980 l8.
1409 2923 1523 2994 25).
1556 2922 1657 2978 Sed
1690 2922 1773 2976 hic
1801 2921 2017 2991 quidem

431 3019 595 3076 semel
617 3028 916 3089 corruptus,
940 3033 1046 3072 non
1075 3001 1377 3072 considerat
1397 3015 1646 3079 humana,
1676 3012 1769 3067 sed
1801 3022 2018 3084 propter

435 3114 641 3169 felicem
674 3128 851 3167 rerum
895 3125 1202 3167 successum
1234 3125 1295 3164 ea
1334 3123 1454 3163 esse
1499 3105 1792 3162 immobilia
1831 3106 2017 3160 existi-

436 3214 546 3260 mat
576 3224 590 3259 :
616 3204 760 3275 quod
783 3213 869 3259 est
897 3213 1150 3258 extremae
1173 3201 1408 3255 stultitize
1438 3207 1494 3255 et
1518 3197 1835 3267 corruptela:
1863 3212 2019 3268 argu-

436 3306 697 3362 mentum,
730 3308 784 3351 et
808 3295 1018 3350 occasio
1048 3295 1317 3348 interitus.
1340 3292 1417 3347 Ne
1444 3292 1628 3346 beatos
1649 3289 1892 3346 existima
1923 3304 2018 3344 eos

435 3393 524 3463 qui
560 3399 684 3447 sunt
719 3390 930 3453 divites,
977 3402 1072 3443 eos
1100 3387 1189 3456 qui
1222 3385 1436 3440 vincunt
1475 3384 1751 3449 inimicos,
1797 3396 1890 3437 eos
1928 3382 2018 3452 qui

436 3493 718 3556 propterea
764 3481 1064 3537 laudantur.
1120 3478 1306 3550 Magna
1345 3487 1470 3532 sunt
1513 3477 1628 3531 haec
1671 3476 1918 3532 barathra
1965 3485 2020 3530 et

436 3577 722 3648 praicipitia
743 3618 757 3641 ,
797 3590 913 3645 qua:
942 3573 1184 3627 homines
1215 3573 1451 3626 incautos
1477 3569 1544 3624 ad
1573 3569 1742 3640 ipsum
1774 3568 2016 3636 impieta-

439 3670 504 3724 tis
529 3666 842 3739 profundum
871 3664 1145 3734 dejiciunt.
1194 3663 1248 3716 7.
1271 3659 1427 3731 Cujus
1453 3677 1508 3714 os
1540 3660 1891 3714 maledictione
1914 3659 2020 3729 ple-

438 3779 557 3815 num
581 3769 674 3826 est,
701 3767 746 3813 et
774 3757 1132 3821 amaritudine,
1164 3763 1210 3807 et
1238 3754 1374 3807 dolo.
1401 3753 1509 3808 Sub
1538 3752 1710 3824 lingua
1737 3754 1848 3818 eius
1879 3752 2021 3805 labor

439 3864 484 3908 et
514 3854 674 3908 dolor.
722 3851 874 3904 Alius
896 3892 912 3916 ,
950 3847 1138 3901 Inutile
1168 3846 1264 3919 (a).
1309 3847 1362 3901 8.
1389 3846 1540 3901 Sedet
1581 3847 1634 3899 in
1675 3846 1872 3899 insidiis
1907 3862 2020 3899 cum

439 3943 672 3996 divitibus
709 3943 762 3994 in
795 3939 1036 4002 occultis,
1079 3945 1133 3990 ut
1175 3937 1440 4004 interficiat
1471 3937 1801 3990 innocentem.
1849 3936 2018 4001 Alius,

446 4035 702 4089 Insidians
727 4034 866 4102 apud
888 4033 1053 4086 aulas.
1101 4031 1153 4086 9.
1190 4027 1336 4082 Oculi
1356 4030 1464 4098 ejus
1491 4030 1544 4082 in
1570 4047 1841 4099 pauperem
1866 4033 2026 4100 respi~

439 4129 596 4182 ciunt.
646 4125 929 4179 Insidiatur
967 4125 1020 4177 in
1064 4121 1358 4176 abscondito
1403 4122 1547 4191 quasi
1593 4122 1668 4174 leo
1697 4123 1748 4175 in
1787 4122 2027 4190 spelunca

443 4235 556 4272 sua.
605 4217 786 4280 Alius,
833 4215 992 4283 Quasi
1037 4215 1090 4267 in
1123 4223 1266 4283 septo
1304 4228 1415 4266 suo.
1477 4209 1759 4264 Insidiatur
1783 4222 1836 4264 ut
1861 4214 2027 4282 rapiat

445 4325 736 4379 pauperem,
757 4317 809 4361 ut
833 4307 999 4376 rapiat
1025 4321 1316 4375 pauperem,
1341 4303 1460 4357 dum
1475 4302 1684 4355 attrahit
1704 4318 1834 4354 eum.
1855 4303 2024 4368 Alius,

441 4401 508 4455 In
547 4399 791 4453 tractione
833 4399 960 4468 eius.
1015 4397 1100 4451 l0.
1126 4394 1193 4450 In
1233 4395 1410 4465 laqueo
1445 4412 1539 4450 suo
1574 4393 1857 4447 humiliabit
1892 4410 2025 4448 eum.

443 4493 594 4548 Alius
613 4535 628 4558 ,
659 4490 724 4546 In
748 4508 952 4562 sagena.
993 4489 1266 4544 Inclinabit
1290 4505 1344 4542 se
1368 4497 1416 4542 et
1448 4488 1624 4554 cadet,
1654 4505 1766 4541 cum
1795 4488 2028 4542 domina-

447 4595 526 4638 tus
561 4584 710 4655 fuerit
741 4598 1027 4653 pauperem.
1073 4581 1252 4646 Alius,
1285 4579 1588 4651 Confracta:
1615 4589 1782 4633 autem
1803 4579 2029 4648 inﬂecte-

447 4686 550 4740 tur,
578 4690 694 4728 cum
720 4674 762 4727 is
783 4674 982 4727 irruerit
1005 4690 1118 4726 cum
1149 4671 1361 4743 {ortibus
1388 4673 1492 4725 suis
1524 4672 1574 4725 in
1600 4671 1893 4726 imbecillos.

520 4767 799 4836 Corruptor
831 4765 1024 4836 judicis
1067 4765 1178 4833 fure
1214 4765 1374 4832 pejor.
1402 4794 1473 4803 -——
1501 4763 1687 4817 Vidisti
1714 4779 1836 4818 eum
1867 4763 2027 4818 etiam

448 4855 695 4911 effectum
729 4869 847 4910 esse
887 4856 1169 4908 immanem
1211 4853 1485 4908 belluam?
1531 4854 1661 4907 Eum
1709 4854 1852 4908 enim
1899 4864 2030 4909 tam-

450 4963 608 5017 quam
637 4948 801 5003 feram
830 4946 1138 5002 describens
1171 4947 1427 5016 propheta
1447 4988 1462 5011 ,
1495 4947 1565 5000 ita
1588 4946 1653 5000 de
1677 4962 1744 5002 eo
1775 4947 2029 5016 loquitur,

452 5039 637 5106 dolos,
685 5037 930 5103 fraudes,
964 5037 1180 5092 insidias
1220 5036 1523 5092 traducens.
1578 5036 1713 5103 Quid
1753 5051 1818 5092 eo
1859 5049 2034 5107 potest

453 5147 570 5186 esse
600 5131 844 5188 miserius
868 5171 883 5196 ,
910 5130 1036 5200 quid
1069 5129 1353 5200 pauper-ius
1377 5171 1390 5194 ,
1434 5143 1555 5184 cum
1597 5128 1847 5198 pauperis
1876 5138 2034 5199 egeat

457 5221 733 5293 pecuniis?
760 5222 908 5277 Hunc
931 5237 1089 5292 ergo,
1125 5221 1240 5286 dic,
1269 5235 1472 5290 qumso,
1505 5220 1742 5274 dicemus
1778 5220 2035 5276 divitem?

459 5314 596 5384 Ergo
638 5314 796 5368 etiam
839 5312 1010 5367 furem
1058 5321 1113 5366 et
1154 5327 1427 5366 murorum
1473 5311 1806 5366 eﬂossorem.
1859 5312 2031 5377 Absit,

459 5405 646 5475 inquit.
691 5404 828 5473 Quid
855 5405 997 5459 enim
1026 5404 1070 5457 si
1113 5403 1222 5457 fora
1251 5419 1356 5457 non
1385 5403 1655 5473 perfodit?
1705 5403 1832 5474 quid
1859 5403 1904 5458 si
1931 5419 2036 5458 non

458 5508 618 5554 noctu
643 5497 969 5570 aggreditur,
998 5494 1090 5550 sed
1119 5510 1235 5549 cum
1263 5496 1388 5550 dolo
1408 5495 1602 5565 judicis
1635 5496 1812 5552 lumen
1839 5495 2039 5552 exstin-

526 5614 612 5677 (a),
633 5613 740 5663 Vox
771 5609 935 5677 inutile
962 5609 1258 5677 (ᾁνωφξλὲς),
1281 5616 1359 5677 est
1379 5606 1588 5677 Aquilae.
1615 5606 1863 5677 l_nfra,_haa
1879 5619 2050 5677 voces,

464 5669 704 5726 insidians
733 5673 872 5737 apud
925 5669 1065 5721 aulas
1095 5669 1380 5737 (ἐνεδρεύων
1421 5672 1554 5737 nupti.
1598 5672 1681 5724 τὰς
1726 5669 1892 5728 αὐλάς)
1935 5678 2049 5737 sunt.

465 5729 781 5797 Syrnmachi.’
797 5738 916 5795 Quae
935 5729 1215 5794 sequuntur
1234 5729 1684 5797 interpretationes
1709 5745 1919 5797 quorum
1943 5729 2048 5797 sint

468 5794 723 5860 ignoratur
752 5794 895 5860 :sed_
924 5800 1197 5857 postrema,
1241 5795 1516 5856 contractus
1557 5799 1719 5843 autem
1762 5795 1819 5849 (ὁ
1859 5795 1908 5840 δὲ
1939 5794 2048 5840 [θλα-

467 5856 634 5921 esset),
667 5866 743 5910 est
769 5856 980 5921 Aquilte.

1553 324 1914 388 EXPOSI'I‘IO
1951 321 2016 379 IN
2058 316 2380 378 PSALMUM
2420 315 2510 372 IX.

3586 308 3684 362 158

2096 430 2251 504 guit?
2274 428 2402 500 quid
2431 429 2573 484 enim
2608 427 2652 482 si
2691 440 2799 481 non
2833 425 3225 482 dormientibus
3246 466 3259 489 ,
3291 423 3384 480 sed
3417 423 3682 493 vigilanti-

2097 524 2197 579 bus
2224 521 2471 578 omnibus
2501 518 2688 574 irruit?
2731 518 2830 573 llic
2870 527 2952 572 est
2991 518 3135 572 enim
3173 516 3550 586 impndcntior.
3606 515 3685 568 Ex

2101 615 2304 670 furibus
2327 613 2470 669 enim
2497 612 2642 681 leges
2663 625 2756 666 eos
2784 611 2996 681 gravius
3037 610 3296 680 puniunt,
3337 609 3426 679 qui
3459 606 3686 662 interdiu

2103 705 2368 762 furantur.
2417 703 2606 759 Vidisti
2637 703 3038 774 paupertatem?
3069 702 3243 758 vidisti
3271 701 3689 756 crudelitatem?

2103 802 2508 870 Paupertatem,
2539 797 2680 868 quod
2720 798 2854 851 bona
2881 797 3128 866 pauperis
3153 795 3494 865 concupiscat
3527 811 3540 846 :
3569 809 3680 848 cru-

2103 893 2374 948 delitatem
2401 906 2528 945 vero
2550 931 2566 956 ,
2599 888 2742 959 quod
2775 903 2874 944 nec
2897 889 3199 943 calamitate
3228 887 3443 958 quidem
3472 885 3679 955 frattga,

2109 993 2227 1050 tur,
2270 983 2364 1038 sed
2388 982 2540 1051 cujus
2569 980 2812 1035 misereri
2835 1021 2848 1043 .
2891 990 2944 1035 et
2972 981 3056 1034 cui
3077 978 3360 1034 subvenire
3385 977 3684 1049 oportebat,

2109 1080 2469 1144 paupertatem
2490 1071 2773 1141 Opprimat.
2793 1069 2899 1124 Nec
2922 1083 3095 1124 tamen
3113 1071 3227 1123 lucc
3253 1069 3407 1124 faciet
3437 1070 3652 1138 impune
3683 1087 3696 1122 :

2106 1162 2202 1217 sed
2233 1161 2444 1232 quando
2473 1159 2832 1230 prawaluerit,
2861 1159 3074 1230 quando
3097 1159 3198 1216 sibi
3219 1161 3362 1214 visus
3391 1160 3552 1215 fuerit
3577 1175 3696 1214 esse

2112 1252 2394 1321 superior,
2436 1251 2648 1321 quando
2692 1264 2750 1304 se
2794 1251 2992 1320 putarit
3034 1264 3154 1305 esse
3203 1249 3692 1319 inexpugnabilem.

2109 1352 2234 1396 tunc
2263 1341 2457 1412 peribit
2487 1358 2500 1394 :
2531 1351 2589 1395 ut
2629 1350 2682 1395 et
2710 1341 2800 1395 Dei
2823 1341 3066 1396 videatur
3093 1340 3337 1395 vincendi
3366 1340 3613 1404 facilitas,
3643 1352 3696 1396 et

2112 1435 2688 1505 pauperumqpatientia
2715 1475 2730 1498 ,
2770 1443 2827 1489 et
2865 1434 3023 1504 hujus
3049 1433 3350 1504 corrigendi
3389 1434 3696 1496 difficultas,

2107 1535 2165 1579 et
2188 1525 2280 1579 Dei
2323 1526 2555 1580 lenitatis
2597 1525 2899 1580 tolerantia.
2951 1526 3244 1594 Propterea
3284 1543 3388 1579 non
3417 1541 3447 1580 e
3475 1527 3700 1595 vestigio

2107 1617 2348 1686 sequitur
2370 1616 2597 1686 justitia,
2629 1616 2738 1672 Deo
2761 1632 2861 1686 per
2886 1618 3201 1688 patientiam
3226 1626 3450 1673 vocante
3478 1627 3600 1673 eum
3628 1618 3694 1670 ad

2111 1708 2484 1776 paenitentiam
2514 1725 2527 1760 :
2559 1708 2653 1762 sed
2694 1709 2909 1778 quando
2937 1708 3071 1762 nihil
3102 1708 3362 1763 lucrifacit
3399 1710 3618 1764 leuitate
3643 1721 3697 1762 et

2111 1801 2382 1870 patientia,
2409 1810 2536 1856 tunc
2551 1817 2672 1857 eum
2697 1818 2790 1872 per
2816 1803 3131 1872 supplicium
3149 1802 3417 1858 admonet.
3445 1802 3509 1858 lli
3525 1803 3668 1859 enim
3683 1846 3695 1868 ,

2110 1891 2198 1960 qui
2241 1891 2433 1961 injuria
2471 1892 2646 1947 affecti
2689 1901 2847 1959 sunt,
2889 1893 3023 1946 nihil
3061 1893 3173 1948 laesi
3211 1902 3368 1957 sunt;
3409 1893 3504 1948 sed
3532 1895 3694 1949 etiam

2112 1982 2360 2037 meliores
2405 1991 2459 2036 et
2511 1982 2772 2038 clariores
2822 1981 3112 2038 afﬂictione
3168 1983 3290 2038 facti
3345 1995 3512 2038 sunt:
3559 1985 3699 2038 Deus

2112 2083 2289 2130 autem
2320 2089 2470 2128 suam
2497 2073 2730 2129 ostendit
2756 2074 3084 2145 patientiam,
3124 2075 3286 2144 utqui
3311 2075 3623 2130 sustinuerit
3646 2087 3702 2130 et

2115 2165 2454 2231 toleraverit,
2485 2175 2540 2221 et
2578 2181 2698 2220 cum
2733 2166 2982 2237 patientia
3032 2167 3358 2236 potentiam,
3401 2175 3455 2221 et
3497 2168 3571 2221 rei
3608 2183 3702 2236 gc'

2113 2257 2296 2312 renda:
2341 2257 2645 2312 facultatem
2677 2275 2691 2311 :
2721 2258 2861 2328 quod
2905 2257 3118 2329 quando
3155 2259 3200 2312 is
3227 2267 3370 2313 esset
3397 2258 3578 2328 seipse
3608 2276 3701 2329 po-

2116 2351 2330 2417 tcntior,
2365 2359 2491 2406 tunc
2519 2353 2775 2422 temporis
2801 2352 2972 2423 ipsum
3003 2361 3220 2422 superat
3253 2369 3266 2405 :
3301 2351 3387 2408 hic
3423 2369 3549 2408 vero
3577 2368 3698 2409 cum

2116 2442 2400 2498 mansisset
2424 2443 2818 2510 inemendatus,
2842 2444 3085 2498 ultimum
3113 2443 3206 2498 dat
3230 2444 3567 2514 supplicium.
3592 2444 3702 2499 lloc

2117 2543 2292 2586 autem
2321 2549 2424 2588 non
2456 2549 2639 2603 parum
2670 2535 2879 2590 confert
2901 2535 2970 2589 ad
2995 2535 3338 2606 corrigendos
3363 2550 3457 2591 eos
3477 2576 3492 2603 ,
3525 2537 3612 2606 qui
3645 2537 3697 2591 in

2121 2623 2280 2678 rebus
2304 2625 2553 2680 secundis
2577 2638 2872 2681 versantur.

2194 2707 2283 2760 11.
2312 2707 2390 2763 Ne
2414 2723 2540 2778 ergo
2561 2710 2773 2778 quando
2798 2711 2989 2764 viceris
3019 2710 3292 2778 inimicos,
3321 2721 3375 2766 ct
3403 2713 3578 2766 omnia
3611 2713 3704 2766 tibi

2123 2799 2355 2854 secunda
2397 2799 2610 2867 fuerint,
2649 2801 2889 2856 coutidas
2916 2801 3156 2871 improbe
3184 2802 3405 2868 vivens,
3445 2803 3539 2857 sed
3583 2810 3706 2856 tunc

2121 2893 2291 2964 magis
2311 2894 2674 2964 pertimescas.
2709 2895 2943 2965 Augetur
2971 2895 3112 2948 enim
3137 2894 3316 2948 vitium
3339 2936 3354 2961 ,
3385 2896 3583 2949 tollitur
3616 2895 3707 2950 tibi

2119 2985 2361 3042 defensio
2383 3028 2398 3054 ,
2430 2987 2736 3058 praeciditur
2762 2996 2819 3042 ct
2846 2986 3085 3043 aufertur
3111 2989 3283 3056 venia,
3326 2989 3372 3043 si
3399 2991 3570 3044 malus
3597 3007 3707 3043 nia-

2121 3094 2272 3134 neas.
2328 3081 2411 3134 ll.
2440 3078 2587 3134 Dixit
2610 3081 2743 3135 enim
2781 3082 2833 3136 in
2861 3081 3013 3135 corde
3043 3099 3135 3136 suo
3161 3097 3180 3135 :
3210 3081 3406 3136 Oblitus
3430 3093 3503 3138 est
3534 3083 3666 3138 Deus
3691 3101 3708 3147 ;

2120 3171 2296 3226 avertit
2315 3172 2496 3241 [aciem
2525 3188 2704 3236 suam,
2741 3189 2804 3226 ne
2827 3173 2989 3226 videat
3015 3174 3066 3227 in
3089 3175 3262 3242 ﬁnem.
3303 3175 3430 3229 Vide
3461 3176 3509 3230 in
3538 3194 3709 3247 quan.-

2123 3272 2234 3317 tum
2264 3263 2570 3318 barathrum
2600 3264 2912 3334 perditionis
2938 3265 3241 3332 descendit,
3265 3267 3438 3335 qualia
3461 3266 3708 3337 dogmata

2119 3355 2352 3424 colligit,
2380 3371 2498 3426 qua:
2523 3365 2736 3426 propter
2768 3357 3147 3425 impudentiam
3173 3358 3387 3428 quidem
3418 3376 3520 3413 non
3551 3359 3712 3415 audet

2122 3447 2338 3515 efferre,
2367 3464 2427 3504 ea
2458 3459 2637 3505 autem
2665 3451 2805 3520 apud
2834 3465 2892 3504 se
2921 3461 3097 3505 versat
3117 3492 3132 3518 ,
3177 3467 3416 3522 pugnans
3459 3469 3580 3506 cunt
3623 3471 3710 3508 vc-

2124 3542 2300 3606 ritate,
2325 3551 2380 3596 et
2404 3557 2522 3612 quae
2549 3553 2675 3596 sunt
2698 3543 2812 3597 sole
2839 3543 3065 3597 clariora
3087 3583 3102 3608 ,
3133 3554 3351 3613 propter
3376 3545 3572 3599 mentis
3600 3561 3710 3599 sua:

2123 3632 2410 3687 orbitatem
2460 3632 2807 3687 adutnbrans.
2863 3632 2950 3687 19..
2993 3633 3257 3703 Exsurge,
3307 3633 3523 3688 Domine
3573 3635 3712 3690 Deus

2123 3741 2264 3778 meus
2290 3765 2304 3788 ,
2347 3725 2596 3779 exaltetur
2621 3741 2802 3778 manus
2828 3734 2934 3777 tua.
2965 3723 3048 3777 Ne
3076 3725 3386 3779 obliviscaris
3409 3742 3708 3795 pauperum.

2123 3816 2296 3882 Alius,
2329 3815 2517 3870 Exalta
2543 3833 2749 3869 manuni
2778 3826 2936 3870 tuam.
2986 3818 3071 3872 15.
3107 3816 3328 3887 Propter
3353 3818 3475 3887 quid
3499 3817 3713 3871 irritavit

2124 3907 2312 3977 impius
2343 3905 2544 3960 Deum?
2581 3906 2721 3960 Dixit
2743 3909 2875 3960 enim
2898 3908 2951 3960 in
2979 3907 3132 3960 corde
3155 3925 3247 3962 suo
3280 3923 3299 3961 :
3333 3907 3452 3962 Non
3472 3907 3708 3977 requiret.

2127 3997 2215 4050 14.
2261 3994 2407 4048 Vides
2442 3996 2680 4064 quoniam
2710 4005 2762 4046 tu
2807 3995 3027 4048 laborem
3055 4006 3100 4048 et
3139 4001 3362 4067 furorem
3399 3999 3712 4065 consideras,

2127 4097 2183 4141 ut
2213 4085 2386 4139 tradas
2414 4101 2528 4140 eum
2557 4085 2610 4138 in
2643 4101 2822 4138 manus
2853 4094 2985 4138 tuas.
3034 4087 3186 4140 Alius
3211 4127 3226 4152 ,
3270 4085 3483 4152 Vidisti,
3514 4089 3632 4158 quia
3659 4101 3712 4144 tu

2130 4178 2351 4234 laborem
2387 4188 2431 4230 et
2468 4175 2784 4230 iracundiam
2813 4175 3134 4246 inspectatis,
3156 4185 3210 4229 ut
3237 4177 3322 4230 des
3343 4178 3394 4230 in
3425 4194 3577 4230 manu
3604 4191 3710 4235 tua.

2131 4270 2303 4337 Alius,
2331 4269 2397 4325 Ut
2423 4269 2604 4324 dentur
2631 4270 2685 4324 in
2708 4286 2887 4322 ntanus
2919 4279 3050 4324 tuas.
3085 4269 3299 4341 Iniquus
3346 4271 3558 4340 quidem
3603 4272 3718 4326 hac

2131 4361 2287 4426 dicit,
2327 4371 2542 4431 raptor,
2578 4375 2802 4428 avarus,
2833 4369 3018 4430 utpote
3055 4361 3144 4432 qui
3185 4376 3288 4416 non
3341 4360 3433 4417 det
3479 4377 3664 4432 punias
3699 4380 3716 4420 ;

2135 4453 2389 4525 pmpheta
2414 4462 2588 4508 autem
2627 4453 2746 4522 ejus
2783 4461 3032 4508 evertens
3079 4453 3323 4524 dogmata
3344 4494 3360 4518 ,
3403 4453 3471 4510 dc
3503 4455 3591 4508 Dei
3626 4471 3716 4524 pa-

2134 4549 2315 4604 tientia
2344 4548 2520 4618 ample
2548 4547 2799 4617 loquitur.
2830 4546 2925 4601 Ille
2955 4547 3096 4601 enim
3123 4547 3252 4602 dicit
3283 4564 3295 4600 :
3325 4547 3510 4601 Avertit
3534 4549 3714 4619 faciem

2131 4657 2296 4708 suam,
2325 4657 2388 4694 ne
2405 4640 2569 4694 videat
2596 4639 2650 4692 in
2670 4639 2823 4708 ﬁnem
2854 4653 2872 4692 :
2903 4637 2987 4692 hic
3003 4648 3180 4693 autem
3203 4651 3385 4694 contra
3413 4657 3425 4693 :
3457 4641 3523 4694 Et
3545 4641 3712 4705 vides,

2133 4744 2187 4790 et
2212 4733 2553 4799 consideras,
2601 4741 2656 4788 et
2691 4746 2750 4787 es
2793 4729 2999 4802 patiens
3021 4771 3037 4798 ,
3074 4731 3244 4787 donec
3271 4731 3304 4786 ii
3333 4733 3624 4788 ceciderint
3664 4735 3714 4787 iu

2134 4841 2324 4880 manus
2352 4833 2487 4880 tuas.
2533 4823 2669 4892 Quid
2697 4832 2814 4889 est,
2859 4822 3030 4877 Donec
3068 4823 3248 4877 dentur
3281 4825 3330 4879 in
3360 4841 3538 4882 manus
3565 4835 3674 4879 tuas
3694 4829 3718 4877 1’

2137 4918 2279 4972 Dixit
2321 4931 2471 4970 more
2517 4914 2750 4974 humano
2783 4930 2796 4965 :
2831 4914 2931 4968 hoc
2972 4923 3148 4969 autem
3185 4915 3283 4969 sibi
3321 4919 3432 4970 vult
3464 4935 3476 4969 :
3507 4916 3715 4984 Exspe-

2136 5019 2269 5073 ctas,
2298 5007 2523 5070 toleras,
2562 5015 2621 5060 ut
2649 5005 2840 5075 insigni
2869 5005 3143 5061 tradantur
3173 5007 3516 5076 improbitati.
3562 5007 3718 5060 Pote-

2139 5115 2226 5155 ras
2251 5099 2392 5154 enim
2425 5098 2507 5154 vel
2533 5113 2562 5151 a
2591 5099 2849 5169 principio
2875 5114 2967 5155 eos
2985 5108 3228 5154 evertere
3257 5109 3310 5152 et
3333 5098 3600 5168 subigere,
3624 5099 3717 5152 sed

2141 5191 2455 5246 immensum
2483 5197 2565 5244 est
2595 5191 2810 5260 pelagus
2851 5199 2954 5244 tua:
3002 5188 3295 5243 tolerantiae
3315 5227 3330 5245 .
3379 5187 3604 5241 videntis
3625 5231 3638 5252 ,
3669 5200 3721 5244 et

2143 5299 2247 5340 non
2287 5283 2686 5354 perscquentis,
2731 5281 2823 5338 sed
2853 5279 3211 5350 exspectantis
3234 5294 3325 5334 eos
3353 5275 3418 5332 ad
3451 5281 3718 5349 pmuiten-

2145 5377 2290 5429 tiam.
2344 5374 2494 5441 Quod
2525 5376 2569 5430 si
2597 5373 2779 5427 nolunt
2804 5413 2818 5438 ,
2871 5361 2996 5426 tunc
3029 5370 3217 5440 punis,
3245 5371 3459 5443 quando
3489 5372 3618 5427 nihil
3647 5375 3720 5429 lu-

2145 5475 2360 5519 erantur
2384 5481 2446 5518 ex
2480 5476 2566 5518 tua
2595 5461 2866 5536 patientia.
2917 5458 3070 5527 Quod
3099 5460 3242 5515 enim
3267 5477 3508 5534 magnam
3533 5464 3720 5520 habent

2147 5557 2406 5612 rationem
2422 5570 2606 5608 eorum
2634 5553 2721 5622 qui
2752 5551 2942 5621 injuria
2963 5549 3286 5621 afficiuntur,
3314 5555 3434 5610 audi
3457 5559 3724 5626 quomodo

2148 5667 2242 5721 per
2267 5666 2349 5716 ca,
2380 5663 2498 5718 qua:
2525 5653 2848 5715 sequuntur,
2881 5643 3179 5700 conlirmat.
3227 5645 3340 5702 Tibi
3368 5649 3631 5703 derelictus
3658 5658 3726 5700 est

2151 5758 2362 5813 pauper.
2392 5739 2621 5805 orphano
2651 5745 2704 5792 tu
2732 5735 2870 5806 fuisti
2898 5737 3122 5808 adjutor.
3152 5738 3331 5806 Alius,
3357 5738 3435 5794 Tu
3463 5744 3624 5811 factus
3654 5756 3719 5794 cs.
