4112 6214
439 353 541 409 159

430 469 734 525 λέλειπται
763 471 797 524 δ
825 471 1091 541 πτωχὸς,
1135 471 1373 541 ὀρφανῷ
1416 471 1497 525 σὺ
1538 468 1700 543 ἦσθα
1743 473 1989 539 βοηθός.

1561 352 1923 410 EXPOSITIO
1958 353 2028 409 IN
2066 352 2398 411 Ρειιιιιωι
2430 356 2499 412 Χ.

3563 357 3670 415 MO

2102 474 2358 539 ἀπειλῶν,
2394 474 2489 529 καὶ
2520 473 2684 539 ἀξιῶν
2712 471 2964 543 γενέσθαι
2990 470 3180 542 βοηθὸν
3210 470 3302 524 καὶ
3332 470 3541 525 ἔκδικον
3565 476 3675 526 τών

434 555 658 620 Ἄλλος,
702 558 786 611 Σὺ
827 556 1056 625 ἐγένου.
1098 560 1323 625 Ἀλλος,
1368 561 1452 615 Σὺ
1496 561 1631 629 ἔσῃ.
1671 563 1739 614 Ὃ
1766 561 1995 629 δὲλέγει
2099 560 2641 633 ἀδικουμένων,ῶστε
2661 558 2992 622 καὶτούτους
3020 557 3372 623 ἀναπνεῦσαι,
3393 558 3675 623 κάκείνους

428 642 669 697 τοιοῦτόν
696 645 872 698 ἐστιν’
887 645 1060 699 Τοῦτο
1084 647 1242 718 ἔργον
1274 647 1382 711 σὸν,
1401 646 1557 701 τοῦτο
1577 646 1854 718 ἐξαίρετον
1881 647 1993 704 σόν.

431 730 546 785 Οὐκ
575 730 643 784 ἂν
664 729 720 783 δὲ
751 731 813 784 τὸ
834 731 1028 786 ἑαυτοῦ
1057 733 1225 800 εἴασε,
1256 735 1348 788 καὶ
1392 732 1730 809 προῦδωκεν.
1768 734 1857 796 Ὦς
1890 733 1997 803 7&9

431 814 674 885 τεχνίτου
697 815 759 869 τὸ
782 817 1101 889 οἰκοδομεῖν,
1137 821 1231 873 καὶ
1277 818 1612 891 κυϐερνήτου
1651 820 1713 873 τὸ
1755 818 2000 873 εὐθύνειν

433 901 496 954 τὸ
518 903 744 972 σκάφος,
789 904 884 958 καὶ
914 905 1064 976 ἡλίου
1091 906 1153 960 τὸ
1188 906 1442 977 φωτίζειν
1471 925 1485 939 ·
1516 906 1660 961 οὕτω
1685 907 1750 979 δὴ
1784 907 1881 961 καὶ
1910 907 2002 960 σὸν

432 988 497 1040 τὸ
527 987 780 1059 ὀρφανῶν
809 992 1183 1060 προΐστασθαι,
1212 993 1274 1046 τὸ
1306 994 1541 1064 πτωχοῖς
1582 996 1742 1066 χεῖρα
1767 992 2001 1064 ὀρέγειν.

438 1074 628 1138 Οὐδεὶς
654 1075 795 1129 οὓτω
822 1080 1132 1150 προστάτης
1166 1079 1394 1144 τούτων,
1427 1079 1567 1133 ἀλλὰ
1599 1081 1666 1133 σὺ
1720 1079 1902 1150 μόνος.
1932 1077 2006 1130 Τὸ

436 1165 570 1233 γάρ,
614 1161 1183 1235 ἐγκαταλέλειπται,
1207 1167 1365 1221 τοῦτο
1397 1167 1747 1239 παρίστησιν.
1794 1165 2003 1230 Οὐδεὶς,

439 1248 624 1320 φησὶν,
657 1248 833 1317 ἄλλος,
867 1252 1003 1307 ἀλλὰ
1028 1255 1093 1307 σὺ
1138 1254 1298 1326 μόνος
1353 1253 1606 1327 ὀρφανῶν
1637 1254 1732 1308 καλ⁸
1775 1252 2005 1324 πτωχῶν

440 1335 765 1409 προστάτης.
814 1340 1158 1409 Σύντριψον
1200 1340 1307 1393 τόν
1347 1340 1649 1410 βραχίονα
1681 1339 1788 1394 τοῦ
1821 1339 2004 1409 ἀμαρ-

438 1423 633 1477 τωλοῦ
648 1424 745 1477 καί
771 1426 1059 1494 πονηροῦ.
1092 1425 1144 1497 [1
1159 1425 1246 1496 1‘2]
1261 1429 1669 1495 Ζητηθήσεται
1691 1427 1728 1495 ἡ
1756 1426 2008 1495 ἁμαρτία

443 1508 651 1573 αὐτοῦ,
687 1511 786 1567 καί
814 1514 889 1567 οὐ
918 1512 1006 1582 μὴ
1057 1510 1273 1580 εὑρεθῇ
1297 1512 1373 1565 δι’
1402 1512 1612 1582 αὑτήν.
1638 1512 1846 1576 Ἀλλος,
1886 1513 2008 1567 Ἔκ-

444 1593 739 1663 ζητηθήτω
755 1598 794 1666 ἡ
819 1598 1064 1652 ἀσέϐεια
1089 1598 1298 1662 αὑτοῦ,
1330 1599 1430 1651 ἵνα
1450 1596 1535 1667 μὴ
1569 1596 1782 1667 εὑρεθῇ
1800 1599 2003 1664 αὐτός.

444 1682 556 1753 Οὐχ
588 1676 904 1748 ἁπλῶς’τὸν
945 1685 1266 1757 ἁμαρτωλὸν
1304 1685 1446 1751 ἀξιοῖ
1476 1685 1843 1757 συντριϐῆναι,
1870 1684 2009 1740 ἀλλὰ

442 1766 538 1837 τήν
579 1770 754 1839 ἰσχὺν,
783 1770 884 1842 τὴν
900 1771 1237 1835 δυναστείαν,
1265 1771 1327 1824 τὸ
1358 1771 1690 1844 ὑπέκκαυμα
1718 1772 1884 1825 αὐτοῦ
1907 1773 2008 1843 τῆς

441 1855 741 1925 πονηρίας·
767 1853 886 1911 εἶτα
918 1856 1064 1923 άξιοῖ
1088 1855 1315 1921 εὐθύνας
1363 1859 1526 1913 αὐτὸν
1569 1861 1861 1931 ὑποσχεῖν,
1915 1860 2010 1914 καὶ

326 2000 331 2006 ⁸
437 1938 592 2008 λόγον
609 1940 791 1996 δοῦναι
804 1941 911 1996 τῶν
927 1943 1352 2017 πεπραγμένων,
1368 1946 1462 1999 καὶ
1476 1946 1692 2011 δεικνὺς
1706 1947 1770 2000 τὸ
1783 1947 2011 2018 μέγεθος

436 2028 535 2097 τῆς
565 2027 779 2093 ἀδικίας
807 2030 969 2101 φησίν
988 2042 1007 2061 ⁸
1043 2032 1142 2085 Ἂν
1170 2030 1334 2086 τοῦτο
1374 2033 1601 2104 γένηται
1621 2074 1637 2099 ,
1670 2035 1791 2089 οὐδὲ
1817 2035 2012 2107 στῆναι

437 2111 746 2184 δυνήσεται,
777 2116 899 2171 οὐδὲ
932 2121 1203 2187 φανεῖται,
1233 2118 1351 2172 ἀλλ’
1376 2119 1682 2185 ἀπολεῖται,
1703 2121 2008 2193 οἰχήσεται,

440 2200 736 2273 πρόρριζος
780 2203 1228 2276 ἀφανισθήσεται,
1268 2205 1382 2260 τῶν
1413 2207 1817 2279 πεπραγμένων
1863 2207 2014 2280 αὐτῷ

440 2286 862 2360 ἐξεταζομένων.
896 2291 1095 2362 Μηδεὶς
1116 2288 1209 2347 οὖν
1222 2294 1490 2366 ὀρφανίαν
1506 2295 1795 2367 θρηνείτω,
1826 2296 2013 2368 μηδεὶς

446 2375 738 2443 πτωχείαν.
772 2376 922 2448 Ὅσῳ
947 2378 1057 2450 γὰρ
1081 2378 1149 2433 ἂν
1174 2380 1509 2453 ἐπιτείνηται
1541 2382 1741 2446 ταῦτα,
1774 2383 2013 2454 τοσούτῳ

447 2458 518 2510 τὰ
548 2460 648 2529 τῆς
693 2460 943 2532 βοηθείας
974 2465 1340 2537 αὐξηθήσεται
1379 2469 1474 2521 τοῦ
1503 2468 1659 2522 Θεοῦ.
1693 2469 1894 2539 Μηδεὶς
1922 2470 2016 2523 ἐπὶ

452 2544 737 2619 δυναστείᾳ
771 2550 1254 2621 μεγαλοφρονείτω,
1287 2556 1422 2625 μηδέ
1438 2556 1717 2623 φυσάσθω.
1754 2558 2004 2626 Ἐπισφα-

455 2631 543 2697 λὲς
565 2636 675 2706 γὰρ
708 2636 864 2690 τοῦτο
897 2639 959 2691 τὸ
978 2640 1178 2711 χωρίον
1203 2641 1298 2695 καὶ
1321 2643 1570 2714 κατάκρη
1579 2661 1728 2714 μνον,
1779 2645 2021 2708 καὶτοὺς

460 2720 535 2792 μή
569 2722 929 2793 προσέχοντας
976 2726 1298 2799 περιτρέπει
1345 2731 1463 2801 μετ’
1510 2730 1755 2795 εὐκολίας
1798 2730 2018 2802 πολλῆς.

453 2809 816 2864 Βασιλεύσει
873 2811 1091 2882 Κύριος
1133 2816 1223 2882 εις
1261 2816 1370 2870 τὸν
1402 2814 1589 2871 αἰῶνα
1628 2818 1729 2871 καὶ
1779 2819 1868 2884 είς
1916 2819 2024 2873 τὸν

452 2893 638 2949 αἰῶνα
681 2896 787 2951 τοῦ
821 2896 1056 2966 αιῶνος.
1116 2901 1376 2957 Ἐνταῦθα
1404 2904 1542 2975 πρὸς
1585 2905 1711 2969 τοὺς
1754 2904 2020 2977 θορυϐου-

457 2981 650 3051 μένους
681 2984 777 3037 καὶ
799 2987 1270 3058 ταραττομένους,
1308 2989 1397 3044 διὰ
1427 2990 1491 3044 τὸ
1528 2990 1604 3064 μή
1634 2991 1816 3046 δοῦναι
1866 2991 2021 3064 δίκην

454 3066 657 3133 εὐθέως
699 3070 825 3134 τοὺς
853 3072 1290 3145 ἁμαρτάνοντας,
1334 3076 1713 3150 ἀποκρίνεται.
1741 3078 1830 3144 Τί,
1862 3080 2019 3151 φησὶ,

453 3154 630 3227 φοῆῇς
660 3156 715 3210 τί
732 3157 1012 3224 δέδοικας;
1047 3161 1139 3233 Μὴ
1174 3162 1285 3236 7&9
1307 3165 1640 3238 πρόσκαιρος
1665 3168 1696 3221 ὀ
1721 3167 2020 3240 δικαστής;

458 3241 535 3312 μὴ
580 3243 690 3314 7&9
728 3244 880 3310 τέλος
928 3246 1041 3317 ἔχει
1078 3250 1147 3302 τὰ
1183 3251 1282 3322 τῆς
1328 3250 1605 3322 βασιλείας
1652 3254 1854 3322 αὐτοῦς
1906 3254 2024 3309 Κᾶν

460 3329 536 3399 μὴ
561 3329 657 3383 νῦν
682 3330 779 3403 δῷ,
810 3332 971 3387 δώσει
1007 3334 1242 3400 πάντως.
1259 3337 1426 3394 Μένει
1458 3338 1565 3411 γὰρ
1589 3340 1616 3392 ὀ
1637 3340 1902 3404 ἀπαιτῶν,
1931 3343 2026 3396 καὶ

460 3416 733 3487 βασιλεύει
761 3421 1042 3493 διηνεκῶς.
1091 3427 1458 3494 ’Δπολεῗσθε,
1484 3429 1651 3499 ἔθνη,
1678 3429 1748 3485 ἐκ
1768 3428 1877 3501 τῆς
1911 3429 2025 3502 γῆς

458 3507 665 3563 αὐτοῦ.
697 3508 816 3577 Τὴν
827 3510 1149 3582 ἐπιθυμίαν
1172 3513 1293 3569 τῶν
1318 3516 1593 3583 πενήτων
1634 3517 2024 3588 εἰσήκουσας,

457 3593 660 3664 Κύριε·
692 3594 810 3665 τὴν
831 3597 1182 3668 έτοιμασίαν
1200 3601 1314 3671 τῆς
1328 3604 1578 3673 καρδίας
1615 3604 1816 3658 αὐτῶν
1842 3618 2027 3675 προσ-

459 3679 607 3750 ἐσχε
637 3684 704 3736 τὸ
735 3679 847 3751 οὖς
875 3701 1016 3742 σου.
1051 3687 1264 3755 Ἄλλος,
1285 3692 1404 3760 Τὴν
1429 3693 1720 3760 πρόθεσιν
1740 3691 1853 3762 τῆς
1884 3710 2027 3761 καρ-

460 3767 594 3835 δίας
614 3771 814 3827 αὐτῶν
842 3775 1181 3845 ἠκροάσατο
1213 3781 1278 3830 τὸ
1302 3772 1409 3844 οὖς
1432 3794 1569 3833 σου.
1598 3776 1811 3846 Ἄλλος,
1843 3780 2027 3834 Ἑτοι-

458 3856 675 3926 μάσεις
695 3860 947 3930 καρδίας
969 3863 1169 3918 αὐτῶν
1182 3863 1507 3933 προσέχειν
1530 3861 1641 3931 οὖς
1666 3880 1803 3920 σου.
1826 3865 2030 3934 Κρῖναι

467 3943 703 4015 ὀρφανῷ
759 3948 857 4004 καὶ
903 3947 1182 4015 ταπεινῷ,
1225 3950 1327 4003 ἶνα
1376 3950 1460 4019 μὴ
1509 3951 1744 4021 προσθῇ
1792 3953 1879 4008 ἐτι
1924 3953 2031 4008 τοῦ

461 4035 864 4106 μεγαλαυχεῖν
888 4036 1199 4105 ἄνθρωπος
1231 4038 1329 4091 ἐπὶ
1350 4036 1460 4106 τῆς
1490 4037 1623 4108 γῆς.
1656 4032 1866 4107 Ἄλλος,
1897 4040 2032 4110 Κρῖ-

467 4137 567 4176 ναι
590 4122 829 4193 ὀρφανῷ
854 4123 956 4179 καί
987 4124 1392 4194 τεθλασμένῳ.

548 4209 711 4283 Ὁρᾷς
750 4211 843 4265 τὸν
877 4213 1160 4285 προφήτην
1196 4212 1289 4267 τὸν
1328 4211 1546 4266 πλείονα
1586 4212 1742 4281 λόγον
1775 4213 1915 4283 ὑπὲρ
1940 4212 2039 4285 τῆς

467 4295 578 4350 τῶν
612 4298 862 4370 πονηρῶν
909 4300 1225 4371 ἐπιμελείας
1264 4298 1627 4371 ποιούμενον;
1680 4298 1896 4354 Τούτων
1932 4299 2040 4372 γάρ

472 4382 708 4454 μάλιστα
722 4386 784 4439 τὸ
810 4387 996 4450 κακῶς
1033 4388 1281 4459 πάσχειν.
1313 4386 1402 4458 Τῷ
1432 4387 1531 4458 μὲν
1571 4386 1680 4460 γὰρ
1707 4386 2042 4458 ἀδικουμένῳ

469 4473 766 4544 χρημάτων
791 4476 825 4545 ή
852 4475 1042 4547 ζημία,
1070 4476 1148 4547 τῷ
1174 4476 1231 4531 δὲ
1254 4478 1381 4549 περὶ
1405 4476 1515 4531 τῶν
1540 4476 1785 4547 ἐσχάτων
1808 4478 1837 4530 ὀ
1862 4476 2043 4530 κίνδυ-

469 4576 580 4623 νος.
599 4560 665 4614 Τί
684 4561 814 4632 γὰρ,
839 4564 888 4616 εί
902 4564 997 4618 καὶ
1013 4563 1087 4635 μὴ
1103 4562 1446 4618 αἰσθάνονται
1473 4564 1572 4635 τῆς
1591 4564 1901 4636 ἀρρωστίας
1915 4563 2042 4619 ἔνθα

469 4646 639 4714 εἰσίν;
669 4646 944 4712 Ἐπίτασις
964 4649 1121 4703 τοῦτο
1138 4649 1508 4720 ἀναισθησίας
1538 4651 1632 4704 καὶ
1653 4649 1742 4704 διὰ
1758 4650 1912 4706 τοῦτο
1941 4653 2044 4723 μάρ-

471 4733 627 4787 λιστα
646 4734 842 4800 αὐτοὺς
866 4736 971 4808 χρὴ
988 4738 1175 4789 ἐλεεῖν
1191 4737 1350 4791 τοῦτο
1374 4738 1595 4801 ἀτελοῦς
1619 4737 1873 4802 διανοίας.
1892 4738 2043 4793 Ἐπεὶ

472 4823 567 4876 καὶ¹
594 4822 663 4876 τὰ
685 4822 872 4878 παιδία
895 4824 1004 4878 τῶν
1036 4824 1135 4895 μὲν
1160 4824 1404 4898 φοὸερῶν
1427 4825 1616 4879 οὐδένα
1641 4825 1918 4881 ποιοῦνται
1954 4826 2042 4880 λό-

471 4926 589 4979 γον,
623 4908 760 4964 ἀλλὰ
791 4910 883 4964 καί⁸
928 4911 1062 4981 πυρὶ
1108 4910 1366 4975 πολλάκις
1400 4914 1664 4981 ἐπαφιᾶσι
1696 4913 1795 4968 τὰς
1832 4915 2041 4985 χεῖρας,

472 5002 793 5070 προσωπεῖα
845 4999 901 5054 δὲ
966 4999 1187 5054 διάκενα
1240 5000 1561 5054 δεδίττονται
1609 5003 1702 5055 καὶ
1751 5002 2044 5072 τρέμουσιν

472 5086 701 5157 δρῶντα.
729 5086 951 5151 Τούτοις
991 5087 1232 5141 ἐοίκασιν
1272 5088 1323 5140 οί
1352 5086 1698 5151 πλεονέκται,
1727 5088 1916 5141 πενίαν
1947 5090 2046 5158 μὲν

471 5176 725 5243 δεδιότες,
744 5178 882 5249 ὅπερ
906 5178 1008 5231 οὐκ
1032 5176 1147 5231 ἐστι
1168 5176 1415 5250 φοϐερὸν,
1433 5176 1570 5231 άλλά
1592 5178 1685 5231 καὶ
1718 5176 2021 5247 ἀσφαλείας

474 5265 750 5330 ὑπόθεσις·
774 5266 1001 5321 πλοῦτον
1014 5267 1069 5321 δὲ
1080 5267 1261 5321 ἀδικον
1279 5268 1373 5321 καὶ
1389 5265 1701 5330 πλεονεξίαν
1712 5265 1842 5337 περὶ
1851 5262 2049 5319 πολλοῦ

478 5350 819 5423 ποιούμενοι,
848 5352 878 5407 ὃ
906 5353 1075 5423 πυρός
1103 5354 1221 5406 ἐστι
1260 5354 1461 5417 παντὸς
1486 5351 1878 5423 φοϐερώτερον.
1903 5353 2048 5407 Παν-

476 5437 644 5508 ταχοῦ
666 5439 828 5511 γάρή
853 5438 1132 5504 πλεονεξία
1162 5442 1352 5492 κακόν.
1372 5439 1589 5510 Ταύτην
1612 5438 1788 5492 τοίνυν
1806 5438 1893 5492 διὰ
1917 5455 2050 5492 παν-

474 5524 566 5590 τὸς
590 5527 889 5598 ἐκκοπῆναι
924 5525 1228 5597 παρακαλεῖ
1250 5528 1283 5579 ὀ
1315 5527 1621 5598 Προφήτης,
1654 5525 1910 5594 ἀπειλῶν,
1950 5543 2050 5594 φο·

479 5612 612 5678 ϐῶν,
636 5614 729 5667 τὸν
753 5615 886 5669 Θεὸν
921 5612 1252 5685 παρακαλῶν
1270 5613 1362 5665 ἐπὶ
1390 5613 1486 5683 τὴν
1515 5613 1736 5666 κόλασιν
1757 5613 2050 5684 ἀναστῆναι

479 5702 576 5770 τῆς
595 5700 846 5773 τοιαύτης
863 5699 1214 5771 ἀναλγησίας.
1235 5698 1326 5751 Διὸ
1348 5699 1441 5752 καὶ
1468 5699 1662 5768 ἐπάγει
1680 5699 1870 5769 λέγων·
1889 5700 2052 5755 Ἀπο-

483 5789 710 5858 λεῖσθε,
726 5790 890 5860 ἔθνη,
909 5790 977 5844 ἐκ
994 5788 1105 5859 τῆς
1119 5787 1231 5859 τῆς
1251 5787 1456 5857 αὑτοῦ,
1476 5789 1850 5863 πανωλεθρίαν
1869 5789 2051 5859 αὐτοῖς

2104 646 2557 718 σωφρονισθῆναι.
2610 647 2814 717 Μηδεὶς
2845 644 3024 699 τοίνυν
3076 644 3320 699 διωκέτω
3376 645 3675 716 χρημάτων

2103 732 2443 802 περιουσίαν.
2501 733 2677 788 Πολλά
2730 733 2985 787 ἐντεῦθεν
3034 734 3148 796 τοῖς
3205 731 3280 803 μὴ
3348 733 3676 803 προσέχουσι

2103 820 2345 873 τίκτεται
2361 820 2539 874 κακά·
2572 821 2822 883 ἀπόνοια,
2854 819 3114 891 ῥᾳθυμία,
3144 819 3355 888 φθόνος,
3383 817 3675 883 κενοδοξία,

2108 905 2262 977 1115]
2316 907 2413 961 καὶ
2462 907 2626 981 ἔτερα
2670 907 2848 977 πολλῷ
2888 907 3108 961 πλείονα
3142 906 3367 960 τούτων.
3415 905 3555 959 Ἀλλ’
3590 907 3676 960 ἴνα

2109 992 2462 1062 ἀπαλλαγῆτε
2494 993 2699 1048 τούτων
2740 993 3015 1055 ἁπάντων,
3044 993 3142 1064 τὴν
3174 992 3327 1064 ῥίζαν
3362 994 3628 1062 ἐκκόψατε
3660 1010 3675 1024 ⁸

2115 1077 2191 1147 μὴ
2232 1078 2497 1149 μενούσης
2533 1080 2643 1150 γάρ
2694 1080 2886 1151 αὐτῆς,
2935 1080 2995 1133 οὐ
3026 1080 3311 1150 βλαστάνει
3356 1079 3426 1134 τὰ
3467 1079 3680 1150 πονηρὰ

2113 1163 2486 1237 βλαστήματα.
2539 1166 2639 1221 Διὰ
2682 1166 2841 1221 τοῦτο
2898 1167 2991 1221 καὶ
3035 1167 3209 1219 ταῦτα
3272 1167 3484 1238 εἴρηται
3510 1208 3525 1231 ,
3583 1168 3682 1236 οὐχ

2115 1252 2203 1305 ἵνα
2229 1254 2517 1324 ἀκούωμεν
2543 1256 2738 1326 μόνον,
2785 1255 2900 1308 ἀλλ’
2939 1255 3027 1308 ἵνα
3074 1255 3168 1307 καὶ
3199 1246 3558 1326 διορθῶμεθα,
3590 1256 3685 1307 καὶ

2111 1338 2314 1410 πολλὴν
2339 1340 2439 1411 τήν
2474 1340 2672 1413 ἀρετὴν
2699 1343 2757 1394 ὲν
2779 1341 3001 1412 Χριστῷ
3039 1340 3213 1412 Ἰησοῦ
3247 1339 3643 1408 ἐπιδειξὼμεθα
3667 1357 3680 1371 ·

2111 1421 2157 1496 ᾧ
2185 1429 2219 1498 ἠ
2246 1426 2373 1493 δόξα
2400 1430 2495 1483 καὶ
2527 1429 2587 1482 τὸ
2616 1429 2817 1500 κράτος
2848 1431 2929 1495 εἰς
2947 1431 3073 1489 τοὺς
3094 1429 3298 1493 αἰῶνας
3326 1428 3433 1482 τῶν
3453 1427 3681 1483 αἰώνων.

2126 1516 2185 1569 Ἀ
2197 1518 2324 1587 μήν.

2553 1603 2661 1656 ΕΙΣ
2690 1600 2822 1656 TON
2856 1603 2891 1655 I'
2920 1602 3239 1656 ΨΑΛΜΟΝ.

2115 1687 2221 1752 Εἰς
2270 1686 2336 1740 τὸ
2391 1686 2567 1753 τέλος
2602 1684 2682 1753 τῷ
2730 1687 2929 1743 Δαυΐδ.
2984 1689 3194 1752 Ἀλλος,
3258 1689 3576 1756 Ἑπινίκιος
3608 1688 3687 1754 τῷ

2454 1757 2654 1812 Δαυΐδ.
2682 1758 2894 1823 Ἄλλος,
2937 1757 3021 1825 Τῷ
3049 1757 3351 1825 νικοποιῷ.

2186 1843 2257 1898 α’.
2275 1842 2401 1897 Ἐπὶ
2425 1842 2507 1910 τῷ
2533 1845 2727 1913 Κυρίῳ
2751 1843 3024 1901 πέποιθα³
3055 1845 3181 1913 πῶς
3206 1848 3389 1916 ἐρεῖτε
3410 1844 3484 1915 τῇ
3512 1844 3688 1915 ψυχῇ

2112 1948 2232 2002 μου
2255 1946 2269 1960 ·
2300 1933 2761 1987 Μεταναστεύου
2787 1932 2888 1987 ἐπὶ
2932 1933 3006 1988 τὰ
3052 1934 3160 2003 ὅρη
3189 1935 3272 2002 ὡς
3321 1934 3687 2002 στρυυθίον;

2121 2016 2315 2081 ’Ἄλλος
2334 2057 2350 2082 ,
2392 2017 2748 2073 Ἅναστατοῦ
2793 2021 2883 2085 εις
2932 2020 3008 2075 τὰ
3053 2021 3160 2089 ὄρη
3207 2022 3288 2088 ὡς
3348 2021 3689 2089 στρουθίον.

2122 2104 2338 2168 Ἄλλος,
2363 2104 2715 2160 Μετακινοῦ.
2740 2106 2870 2161 Ὀτι
2895 2106 3025 2162 ἰδοὺ
3051 2111 3105 2162 οι
3119 2108 3450 2178 ἁμαρτωλοί
3476 2106 3692 2161 ἐνέτει-

2118 2208 2236 2249 ναν
2260 2191 2473 2256 τόξον,
2517 2194 2854 2262 ἡτοίμασαν
2887 2192 3046 2263 βέλη
3087 2197 3177 2263 είς
3217 2194 3547 2265 φαρέτραν,
3582 2193 3688 2248 τοῦ

2119 2281 2557 2348 κατατοξεῦσαι
2577 2283 2648 2338 ἐν
2671 2285 3017 2354 σκοτομήνῃ
3044 2283 3187 2351 τοὺς
3212 2285 3400 2352 εὐθεῖς
3437 2284 3515 2354 τῇ
3554 2298 3694 2353 καρ-

2119 2371 2238 2440 δίᾳ.
2266 2370 2481 2437 Ἄλλος,
2529 2372 2623 2440 Ὠς
2661 2373 2733 2427 ἐν
2772 2371 2946 2445 ζόφῳ.
2978 2374 3108 2429 Ὅτι
3144 2373 3183 2429 d
3204 2374 3287 2429 σὺ
3329 2375 3686 2444 κατηρτίσω,

2120 2461 2289 2515 αὐτοὶ
2312 2461 2607 2517 καθεῖλον.
2652 2462 2867 2528 Ἀλλος,
2901 2465 3022 2518 ’Ὁτι
3049 2466 3105 2518 οί
3125 2464 3334 2534 θεσμοὶ
3362 2464 3693 2531 κατελύθηο

2123 2564 2267 2603 σαν.
2285 2548 2500 2612 ¹Ἄλλος,
2519 2550 2649 2604 Ὅτι
2672 2553 2735 2606 αι
2764 2551 3146 2607 διδασκαλίαι
3167 2552 3692 2621 συντριϐήσονται.

2126 2633 2351 2704 Μεγάλη
2374 2634 2473 2704 τῆς
2499 2636 2591 2689 ἐπὶ
2615 2636 2705 2690 τὸν
2736 2637 2939 2709 Κύριον
2974 2638 3185 2702 ἐλπίδος
3207 2641 3241 2709 ἡ
3260 2638 3510 2709 δύναμις,
3529 2640 3695 2710 φρού-

2132 2737 2246 2791 ριον
2299 2720 2617 2793 ἀχείρωτον,
2650 2724 2829 2793 τεῖχος
2879 2723 3113 2794 ἄμαχον,
3161 2726 3448 2795 συμμαχία
3495 2727 3703 2779 ἀκατασ

2129 2805 2413 2877 γὼνιστος,
2441 2806 2606 2879 λιμὴν
2626 2807 2817 2874 εὐδιος.
2841 2809 3519 2882 πύργοςάκαταμάχητος,
3537 2810 3703 2865 ὅπλον

2127 2896 2399 2968 ἀήττητον
2426 2907 2490 2960 ι,
2526 2895 2755 2969 δύναμις
2804 2898 3017 2970 ἄμαχος
3062 2899 3158 2953 καὶ
3209 2900 3276 2951 ὲκ
3327 2899 3438 2953 τῶν
3483 2899 3703 2970 ἀπόρων

2129 2983 2460 3057 εύρίσκουσα
2488 2983 2676 3057 πόρον.
2702 2984 2805 3040 Διὰ
2825 2984 3029 3056 ταύτης
3065 2985 3255 3041 ἄοπλοι
3286 2985 3396 3040 τῶν
3420 2984 3702 3056 ὡπλισμέ-

2129 3087 2257 3135 νων,
2308 3071 2404 3125 καὶ
2431 3073 2686 3141 γυναῖκες
2718 3072 2932 3144 ἀνδρῶν
2961 3073 3362 3146 περιεγένοντο,
3396 3072 3490 3126 καὶ
3516 3071 3705 3135 παῖδας

2129 3156 2238 3213 τῶν
2267 3158 2337 3213 τὰ
2378 3157 2650 3231 πολεμικά
2697 3159 3147 3230 μεμελετηκότων
3196 3159 3532 3232 ἰσχυρότεροι
3567 3156 3705 3230 μετά

2132 3245 2336 3317 πολλῆς
2365 3245 2466 3316 τῆς
2498 3245 2748 3311 εὐκολίας
2778 3245 3146 3317 ἀνεφάνησαν.
3183 3247 3292 3301 Καὶ
3321 3247 3375 3300 τί
3396 3245 3706 3318 θαυμαστὸν

2132 3333 2182 3385 εἰ
2207 3331 2477 3404 πολεμίων
2492 3332 2820 3404 ἐκράτησαν,
2838 3333 2973 3387 ὅπου
2987 3349 3051 3402 γε
3077 3333 3172 3387 καὶ
3191 3332 3356 3387 αὐτοῦ
3380 3331 3475 3386 τοῦ
3498 3333 3707 3403 κόσμου

2134 3436 2201 3473 πε
2210 3419 2515 3490 ριεγένοντο
2529 3435 2544 3485 ;
2578 3418 2660 3472 T&
2672 3419 2780 3491 7&9
2793 3422 3029 3491 στοιχεῖα
3039 3420 3137 3491 τὴν
3147 3419 3351 3474 οἰκείαν
3364 3420 3709 3491 ἀγνοήσαντα

2134 3506 2296 3576 φύσιν
2323 3504 2459 3578 πρὸς
2486 3505 2548 3559 τὸ
2568 3507 2836 3578 χρήσιμον
2851 3507 3079 3571 ἐκείνοις
3098 3507 3503 3579 μετεϐάλλοντο,
3518 3508 3609 3561 καὶ
3634 3506 3705 3560 τὰ

2135 3593 2300 3666 θηρία
2326 3592 2524 3648 οὐκέτι
2542 3592 2706 3665 θηρία
2734 3588 2824 3665 ἦν,
2854 3594 2974 3648 οὐδὲ
3001 3596 3035 3666 ή
3077 3594 3328 3666 κάμινος,
3348 3594 3596 3666 κάμινος.
3641 3594 3706 3646 Ἠ

2133 3680 2243 3754 γὰρ
2259 3683 2339 3745 εἰς
2357 3681 2450 3735 τὸν
2468 3679 2599 3735 Θεὸν
2620 3681 2774 3746 ἐλπὶς
2795 3681 2972 3737 πάντα
2997 3682 3270 3754 μεταρρυο
3279 3681 3442 3753 μίξει.
3468 3680 3709 3744 Ὀδόντες

2135 3768 2482 3841 τεθηγμένοι,
2496 3769 2588 3822 καὶ
2598 3768 2967 3841 δεσμωτήριον
2981 3769 3185 3836 στενὸν,
3203 3770 3416 3840 φύσεως
3427 3766 3707 3839 ἀγριότης,

2137 3856 2232 3911 καὶ
2276 3855 2430 3928 λιμὸς
2458 3856 2696 3920 ὁπλίζων
2737 3856 2837 3926 τὴν
2869 3855 3030 3923 φύσιν
3051 3895 3066 3921 ,
3100 3855 3419 3927 διάφραγμα
3449 3854 3708 3926 οὐδαμοῦ,

2139 3943 2234 3999 καὶ
2285 3943 2530 4013 στόματα
2579 3941 2674 3994 τοῦ
2705 3939 2956 4009 σώματος
2994 3941 3219 4010 πλησίον
3257 3942 3351 3995 τοῦ
3384 3942 3662 4014 ιιρσφήτου
3695 3957 3708 3970 ’

2138 4028 2255 4085 ἀλλ’
2284 4031 2318 4099 ή
2346 4030 2427 4091 εἰς
2449 4027 2542 4080 τὸν
2565 4025 2695 4079 Θεὸν
2724 4025 2879 4087 ἐλπὶς
2904 4025 3121 4095 χαλινοῦ
3144 4031 3341 4089 παντὸς
3370 4026 3712 4098 ἰσχυροτέρα,

2140 4117 2223 4180 εἰς
2237 4113 2308 4168 τὰ
2332 4114 2575 4184 στόματα
2595 4109 2927 4182 ἐμπεσοῦσα,
2943 4113 3023 4175 εἰς
3037 4111 3277 4165 τούπίσω
3292 4112 3463 4165 ταῦτα
3478 4113 3712 4165 ἀνεῖλκε.

2145 4200 2331 4256 Ταῦτα
2366 4200 2430 4272 δὴ
2488 4199 2585 4255 καὶ
2624 4192 2779 4263 οὗτος
2825 4197 3151 4269 φιλοσοφῶν,
3201 4196 3354 4267 ελεγε
3402 4197 3539 4269 πρὸς
3589 4198 3716 4260 τοὺς

2147 4287 2465 4353 κελεύοντας
2505 4286 2654 4358 αὐτῷ
2683 4285 2907 4358 φεύγειν
2960 4286 3054 4342 καὶ
3086 4285 3459 4358 δραπετεύειν,
3492 4285 3586 4340 καὶ
3610 4285 3718 4339 ἀπὸ

2147 4377 2248 4449 τῆς
2294 4376 2405 4431 τῶν
2461 4375 2640 4430 τόπων
2694 4374 2992 4445 ἀσφαλείας
3045 4374 3146 4447 τὴν
3212 4373 3484 4445 σωτηρίαν
3540 4370 3717 4439 ἐαυτῷ

2149 4464 2499 4536 πορίζεσθαι·
2534 4463 2660 4516 Ἐπί
2677 4462 2759 4530 τῷ
2775 4463 2969 4530 Κυρίῳ
2988 4459 3408 4527 πέποιθωπῶς
3437 4459 3619 4529 ἐρεῖτε
3644 4455 3717 4525 τῇ

2147 4550 2320 4623 ψυχῇ
2339 4568 2495 4622 pou;
2525 4551 2589 4604 Τί
2618 4550 2796 4620 λέγεις
2820 4566 2835 4616 ;
2858 4550 2960 4604 Τὸν
2982 4550 3079 4621 τῆς
3096 4547 3417 4619 οἰκουμένης
3442 4545 3720 4618 Δεσπότην

2149 4641 2260 4713 ἔχω
2303 4640 2624 4712 σύμμαχον
2655 4639 2746 4693 τὸν
2779 4636 3056 4708 πανταχοῦ
3099 4637 3336 4700 εὐκόλως
3356 4635 3717 4708 ἐργαζόμενον

2149 4728 2346 4795 πάντα,
2376 4729 2584 4783 ἐκεῖνον
2600 4724 3005 4799 στρατηγοῦντα
3022 4725 3130 4796 ἔχω
3162 4726 3256 4779 καὶ
3281 4724 3682 4797 παριστάμενον
3698 4739 3711 4752 ·

2148 4819 2245 4874 καὶ
2282 4818 2417 4890 πρὸς
2449 4818 2548 4888 τὴν
2598 4815 2851 4887 ἀοίκητόν
2887 4832 2953 4886 με
3008 4815 3267 4886 πέμπεις,
3312 4815 3406 4869 καὶ
3454 4814 3563 4869 ἀπὸ
3619 4812 3716 4881 τῆς

2151 4905 2385 4978 ἐρημίας
2417 4920 2505 4973 μοι
2538 4902 2789 4972 συνάγεις
2812 4902 2908 4973 τὴν
2932 4902 3261 4971 ἀσφάλειαν;
3288 4900 3380 4972 Μὴ
3394 4901 3502 4972 7&9
3519 4899 3720 4971 μείζων

2151 4993 2187 5063 ἡ
2231 4993 2331 5062 τῆς
2379 4990 2615 5062 ἐρημίας
2643 4988 2862 5061 βοήθεια
2903 4988 2998 5042 τοῦ
3045 4989 3225 5043 πάντα
3267 4985 3567 5056 δυναμένου
3602 4982 3719 5053 μετ’

2152 5075 2402 5139 εὐκολίας
2454 5076 2702 5147 ἀπάσης;
2738 5075 2802 5128 Τί
2838 5092 2906 5146 με
2934 5075 3026 5129 τὸν
3076 5072 3418 5142 ὡπλισμένον
3465 5067 3720 5138 ἰσχυρῶς,

2154 5162 2406 5234 καθάπερ
2435 5162 2639 5234 γυμνὸν
2659 5164 2751 5217 καὶ
2778 5157 3357 5233 ἀοπλον,δραπετεύειν
3374 5153 3723 5225 παρασκευά-

2156 5248 2290 5314 ζεις,
2324 5249 2419 5303 καὶ
2449 5249 2793 5321 μετανάστην
2830 5245 2972 5303 εἶναι
3019 5246 3298 5307 κελεύεις;
3329 5236 3465 5293 Εἶτα
3496 5240 3589 5295 τὸν
3623 5241 3722 5312 μὲν

2157 5334 2518 5406 στρατόπεδον
2546 5335 2758 5407 ἔχοντα,
2801 5336 2896 5389 καὶ
2938 5333 3144 5404 τείχεσι
3192 5330 3580 5403 πεφραγμῑνον
3626 5331 3721 5386 καὶ

2156 5422 2360 5485 ὅπλοις,
2386 5422 2485 5476 οὐκ
2500 5422 2566 5477 ἂν
2597 5422 2886 5483 ἐκέλευσας
2906 5422 3239 5489 καταφυγεῖν
3258 5419 3353 5472 ἐπὶ
3371 5418 3466 5495 τήν
3490 5420 3719 5493 ἔρημον,

2157 5510 2293 5567 ἀλλὰ
2324 5511 2725 5579 καταγέλαστος
2762 5508 2912 5582 [ηις
2944 5508 3011 5562 ἂν
3038 5508 3239 5581 ἐφάνης
3272 5509 3442 5565 ταῦτα
3481 5510 3722 5580 συμϐου-

2158 5598 2357 5652 λεύων
2393 5596 2485 5650 τὸν
2512 5597 2570 5650 δὲ
2603 5595 2797 5666 ἔχοντα
2841 5595 2933 5648 τὸν
2956 5594 3055 5664 τῆς
3084 5596 3406 5670 οἰκουμένης
3441 5598 3721 5668 Δεσπότην

2165 5685 2279 5759 μεθ’
2301 5683 2491 5740 ἐαυτοῦ
2510 5682 2790 5757 ἐξορίζεις,
2803 5684 2895 5738 καὶ¹
2914 5683 3252 5755 φυγαδεύεις,
3267 5687 3361 5741 καὶ
3384 5686 3721 5760 μετανάστην

2224 5799 2250 5828 ⁸
2271 5795 2456 5848 ’Ὀπλόν
2476 5795 2728 5857 ἀήττητον,
2746 5807 2842 5845 11οη
2864 5795 3011 5845 habet
3031 5793 3180 5845 Sam.
