4064 6206
452 289 548 345 Ml
1196 286 1254 342 S.
1283 285 1569 343 JOANNIS
1597 282 2084 343 CHRYSOSTOMI
2116 284 2435 345 ARCIIIEP.
2475 282 3020 349 CQNSTANTINOP.

447 402 644 467 ποιεῖς,
664 398 754 454 διά
777 398 870 453 τὸν
893 398 1045 471 παρὰ
1071 398 1180 454 τῶν
1211 401 1552 473 ἁμαρτωλῶν
1580 401 1851 472 πόλεμον;
1874 399 2029 454 Μετά

450 490 562 559 γάρ
584 487 697 542 τῶν
723 486 1050 560 εἰρημένων,
1080 487 1349 541 καὶτοῦτο
1366 488 1554 560 ἕτερον
1574 488 1851 559 δικαίωμα
1876 486 1985 557 ἔχω
2004 499 2031 528 ι

447 576 543 630 τοῦ
574 575 649 648 μὴ
701 574 944 645 φεύγειν.
979 575 1146 629 Ὅταν
1183 574 1293 644 γὰρ
1322 576 1418 629 καὶ
1464 578 1493 629 6
1536 573 1671 639 Θεὸς
1708 574 1901 646 βοηθῇ,
1938 576 2033 629 καὶ

449 662 768 735 ἁμαρτωλοὶ
815 663 866 717 οἰ
915 661 1318 733 πολεμοῦντες,
1370 662 1489 728 πῶς
1535 664 1596 717 ού
1641 663 1741 735 τὴν
1791 663 2031 735 ἐσχάτην

446 749 766 820 ὀφλισκάνει
825 750 1088 821 αἰσχύνην
1133 751 1163 803 6
1220 748 1605 821 συμϐουλεύων
1637 749 1747 804 τῶν
1801 751 2030 823 ὀρνίθων

452 839 740 909 μιμεῖσθαι
773 837 835 892 τὸ
864 837 1162 909 ψοφοδεές;
1203 836 1318 891 Ούκ
1370 840 1572 901 ἐννοεῖς
1611 838 1673 893 τδ
1722 840 2031 909 ἀντιπαρα-

444 926 775 999 ταττόμενόν
810 942 900 997 μοι
943 924 1310 996 στρατόπεδον
1337 964 1352 987 ,
1411 924 1530 988 πῶς
1580 925 1825 997 ἀράχνης
1877 926 2031 979 εὐτε-

445 1015 701 1087 λέστερον
718 1032 733 1081 ;
753 1014 816 1066 Εἰ
837 1011 947 1084 γὰρ
968 1012 998 1065 6
1019 1012 1113 1066 τοῦ
1142 1011 1405 1083 βασιλέως
1421 1010 1612 1083 ἐχθρὸς
1637 1012 1733 1066 τοῦ
1759 1013 2026 1083 ἐπιγείου,

445 1103 581 1157 ὅπου
608 1102 675 1155 ἀν
700 1100 1098 1171 παραγένηται,
1125 1099 1443 1169 ἐπισφαλῶς
1470 1098 1537 1171 ζῇ
1564 1101 1659 1154 καὶ
1679 1100 1908 1167 δέδοικε,
1933 1101 2029 1156 καὶ

444 1192 640 1262 τρέμει
662 1207 676 1221 ·
708 1188 889 1261 πολλῷ
920 1189 1121 1262 μᾶλλον
1144 1192 1173 1244 ὁ
1197 1188 1292 1244 τοῦ
1339 1188 1449 1244 τῶν
1481 1189 1618 1245 ὅλων
1665 1189 1824 1246 Θεοῦ.
1852 1192 2026 1246 Ὅπου

444 1277 553 1349 γὰρ
584 1277 651 1332 ἂν
675 1277 965 1349 ἀφίκηται,
994 1276 1204 1341 πάντας
1240 1277 1355 1348 ἔχει
1389 1277 1703 1350 πολεμίους,
1731 1280 1828 1334 καὶ
1855 1280 2028 1351 αὐτὴν

442 1365 544 1436 τὴν
591 1365 790 1419 κτίσιν.
822 1363 1089 1436 Καθάπερ
1118 1363 1229 1436 γάρ
1261 1364 1387 1428 τοὺς
1411 1363 1602 1435 φίλους
1631 1364 1798 1418 αὐτοῦ
1826 1366 1922 1419 καὶ
1956 1365 2027 1420 τά

447 1453 684 1523 στοιχεῖα
714 1452 810 1505 καὶ
839 1450 914 1506 τὰ
943 1451 1107 1523 θηρία
1135 1450 1341 1505 δέδοικε
1364 1490 1381 1515 ,
1431 1453 1529 1505 καὶ
1566 1452 1721 1506 πᾶσα
1772 1453 1808 1524 ἠ
1849 1451 2026 1517 κτίσις

445 1538 673 1593 αἰδεῖται
690 1557 706 1572 ’
731 1536 876 1592 οῦτω
895 1538 986 1592 τὸν
1015 1538 1209 1610 ἐχθρὸν
1237 1538 1331 1594 καί
1359 1538 1622 1611 πολέμιον
1658 1541 1756 1594 καὶ
1781 1540 1848 1594 τά
1867 1539 2025 1595 ἀναία

446 1625 620 1696 σθητα
651 1626 881 1699 πολεμεῖ
912 1627 1006 1681 καὶ
1036 1626 1303 1681 διαπτύει.
1331 1627 1431 1681 Διά
1468 1645 1550 1682 τοι
1572 1627 1728 1682 τοῦτο
1745 1630 1872 1692 τοὺς
1900 1629 2021 1699 μὲν,

443 1715 577 1787 πρὶν
608 1715 643 1787 ἢ
686 1716 780 1770 τοῦ
833 1714 1062 1785 ἐδάφους
1099 1715 1365 1786 ἅψασθαι,
1411 1716 1793 1790 διειργάσαντο
1820 1717 1941 1772 τότε
1972 1720 2021 1771 οἰ

445 1803 632 1876 θῆρες,
660 1803 789 1868 τοὺς
813 1804 870 1859 δὲ
895 1805 957 1858 τὸ
989 1803 1101 1877 πῦρ
1127 1804 1534 1876 κατηνάλωσεν.
1572 1805 1734 1860 Ἀλλὰ
1757 1804 1888 1872 τόξα
1928 1807 2025 1861 καὶ

443 1892 721 1964 φαρέτραν
737 1892 942 1964 έχουσι,
959 1895 1053 1948 καὶ
1068 1895 1562 1967 παρεσκευασμένα
1578 1896 1760 1960 αὐτοῖς
1785 1895 2018 1950 ἅπαντα·

455 1979 790 2052 Ἦτοίμασαν
827 1981 936 2055 γάρ
990 1981 1152 2048 αὐτὰ,
1203 1983 1398 2055 φησὶν,
1454 1985 1536 2047 εἰς
1569 1984 1875 2056 φαρέτραν·
1905 1983 2022 2038 ἀλλ’

391 2074 397 2080 ’
440 2068 668 2139 οὐδεμία
697 2069 902 2124 τούτων
953 2070 1129 2140 ἰσχὺς,
1176 2071 1330 2127 οὐδὲν
1363 2071 1613 2126 ἐντεῦθεν
1645 2071 2018 2144 δεδιττόμεθα.

442 2155 579 2210 Οὐδὲ
615 2156 725 2229 γὰρ
755 2156 808 2210 εἴ
830 2175 952 2211 τινα
1001 2157 1358 2229 ἐκλελυμένον
1404 2156 1547 2214 εἶδον
1590 2160 1745 2227 τόξον
1789 2160 1982 2232 ἔχοντα
2002 2200 2020 2226 ,

440 2242 620 2297 ἔδεισα
660 2244 750 2299 ἀν.
782 2243 848 2298 Τί
869 2245 977 2317 γὰρ
1004 2245 1195 2315 ὄφελος
1221 2246 1421 2311 ὃπλων,
1461 2247 1645 2320 ἰσχύος
1681 2248 1782 2303 οὐκ
1813 2247 2017 2319 οῦτης;

439 2330 517 2384 Οὐ
538 2331 719 2387 τοίνυν
745 2332 867 2386 οὐδέ
887 2332 1140 2400 ἐνταῦθα,
1170 2334 1272 2406 τῆς
1301 2335 1453 2406 παρὰ
1496 2335 1595 2390 τοῦ
1625 2335 1761 2391 Θεοῦ
1809 2337 2023 2403 εὐνοίας

437 2416 706 2489 ἀπούσης.
751 2416 913 2472 Ἀλλά
937 2418 1121 2485 δόλους
1145 2421 1432 2491 ῥάπτουσι,
1460 2423 1555 2477 καὶ
1582 2424 1683 2478 οὐκ
1708 2423 1769 2490 ἐξ
1804 2424 2021 2490 εὐθείας

437 2503 854 2577 προσέρχονται.
887 2504 991 2560 Διά
1026 2507 1186 2562 τοῦτο
1215 2508 1452 2576 μάλιστα
1484 2509 1669 2565 αὐτῶν
1710 2513 2018 2581 καταγελῶ,

434 2595 519 2648 ὅτι
538 2596 596 2649 ἐν
625 2598 940 2667 σκοτομήνῃ
961 2596 1273 2666 βάλλουσιν.
1300 2599 1468 2654 Οὐδὲν
1496 2600 1606 2672 γὰρ
1633 2601 2019 2675 ἀσθενέστερον

435 2682 632 2754 ἀνδρὸς
664 2685 1124 2750 ἐπιϐουλεύοντος.
1158 2686 1235 2740 Οὐ
1269 2686 1441 2741 δεῖται
1468 2691 1581 2754 τοῖς
1604 2689 1808 2762 ἐτέρων
1833 2691 2019 2758 ὅπλοις

433 2770 658 2833 ἁλῶναι,
693 2771 808 2826 ἀλλ’
831 2773 937 2827 ὑπὸ
975 2774 1074 2843 τῆς
1099 2773 1306 2839 οἰκείας
1351 2775 1538 2830 πίπτει
1566 2777 1778 2849 χειρὸς,
1818 2780 1913 2833 καὶ
1941 2780 2019 2852 τῷ

432 2859 626 2914 ἐαυτοῦ
662 2860 1050 2933 περιτρέπεται
1074 2861 1232 2935 δόλῳ.
1267 2862 1333 2916 Τί
1362 2859 1456 2919 οῦν
1487 2864 1682 2935 γένοιτ’
1703 2867 1770 2920 ἂν
1798 2867 2021 2922 ἀσθενέ·

435 2963 645 3021 στερον,
676 2950 803 3005 ὅταν
830 2951 936 3006 ύπδ
950 2951 1060 3007 τῶν
1085 2952 1301 3007 οίκείων
1332 2957 1739 3027 μηχανημάτων
1760 2957 2014 3029 αἰρῆται;

432 3036 590 3090 Μετά
623 3037 680 3091 δὲ
726 3037 932 3092 τούτων
981 3038 1098 3092 ἐστι
1146 3041 1244 3093 καὶ
1290 3040 1479 3114 ἕτερον
1517 3044 1732 3097 εἰπεῖν·
1787 3045 1870 3099 ὅτι
1902 3046 2018 3118 ὀὐχ

430 3124 747 3196 ἀμαρτωλοί
789 3125 948 3196 μόνον
993 3128 1119 3190 τούς
1152 3127 1259 3181 ὑπὸ
1290 3127 1426 3182 Θεοῦ
1475 3128 1874 3202 βοηθουμένους
1921 3135 2018 3189 καὶ

434 3210 572 3281 μετά
604 3211 756 3266 δόλου
780 3211 1129 3283 πολεμοῦσιν,
1159 3213 1275 3268 ἀλλ’
1295 3217 1377 3269 ὅτι
1400 3218 1493 3272 καὶ
1535 3218 1671 3290 πρὸς
1697 3221 1825 3284 τοὺς
1854 3222 2014 3275 ἀνευ-

432 3298 626 3364 θύνους
673 3301 768 3359 καὶ
812 3300 966 3354 οὐδὲν
1019 3302 1216 3366 αὐτοὺς
1240 3303 1589 3376 ἠδικηκότας.
1616 3307 1727 3378 Οὐχ
1749 3307 1825 3370 ὡς
1858 3307 2015 3381 ἔτυχε

429 3388 488 3443 δὲ
536 3388 629 3443 καὶ
675 3388 836 3443 τοῦτο
880 3390 1079 3454 αὐτοὺς
1120 3390 1368 3456 ἀσθενεῖς
1401 3393 1712 3465 ἐργάζεται.
1749 3396 2014 3469 Καθάπερ

430 3476 541 3548 γὰρ
562 3477 613 3530 οί
642 3477 778 3550 πρὸς
815 3477 1018 3548 κέντρα
1069 3477 1439 3543 λακτίζοντες,
1493 3483 1678 3536 ἐκεῖνα
1727 3482 1828 3554 μὲν
1860 3484 2013 3539 οὐδὲν

431 3563 693 3634 ἔϐλαψαν,
745 3565 873 3627 τούς
933 3563 991 3617 δὲ
1023 3564 1233 3619 ἑαυτῶν
1273 3565 1443 3630 πόδας
1487 3567 1740 3639 ᾕμαξαν
1777 3569 1919 3625 οῦτω
1948 3572 2013 3645 δὴ

431 3652 524 3721 καὶ
552 3644 718 3705 οὗτοι.
754 3650 911 3705 Μετά
950 3651 1007 3704 δὲ
1038 3651 1264 3720 τούτων,
1297 3654 1392 3707 καὶ
1428 3655 1591 3727 ἐτέρα
1621 3673 1704 3722 τις
1735 3659 1887 3713 αἰτία
1915 3644 2015 3714 καέ

427 3739 704 3794 ταλύουσα
733 3737 912 3792 αὐτῶν
939 3738 1039 3811 τὴν
1072 3739 1228 3811 ἰσχὺν
1270 3740 1369 3795 τοῦ
1406 3741 1643 3811 πολέμου
1693 3745 1830 3801 ἐστί.
1876 3747 2012 3803 Ποία

426 3828 491 3899 δὴ
510 3826 684 3897 αῦτης
719 3827 846 3880 Ὀτι
877 3824 1019 3881 ἁσὺ
1059 3829 1422 3897 κατηρτίσω,
1452 3832 1646 3892 αὐτοί.
1683 3834 1836 3905 φησί,
1865 3839 2012 3891 καθ-

424 3915 613 3969 εῖλον.
657 3917 723 3968 Ὅ
748 3913 808 3968 δὲ
838 3913 987 3984 λέγει
1023 3913 1264 3971 τοιοῦτόν
1292 3919 1408 3972 ἐστι
1429 3935 1443 3951 ·
1474 3919 1565 3973 Σοὶ
1593 3919 1887 3993 πολεμοῦσι
1916 3923 2011 3978 καὶ

429 4001 694 4073 μάχονται
721 4041 737 4066 ,
781 4001 875 4055 τὸν
899 4002 1064 4074 νόμον
1099 4016 1194 4058 σου
1226 4005 1320 4060 καὶ
1350 4005 1419 4061 τά
1466 4007 1869 4081 προστάγματά
1914 4029 2008 4067 σου

427 4087 835 4160 καθαιροῦντες.
870 4090 981 4144 Καὶ
999 4090 1108 4163 γάρ
1133 4093 1202 4146 τὰ
1233 4099 1301 4146 σα
1324 4096 1726 4167 προστάγματα
1759 4100 2010 4157 καθελεῖν

424 4177 785 4251 ἐπιχειροῦσι,
799 4179 894 4233 καὶ
914 4179 1086 4234 ταῦτα
1108 4182 1540 4253 κατηρτισμένα.
1558 4186 1628 4238 Ἥ
1648 4186 1806 4241 τοῦτό
1823 4207 2005 4261 φησιν,

426 4265 460 4336 ἢ
483 4267 565 4320 ὃτι
598 4268 693 4321 καὶ
721 4266 1037 4339 παραϐάται
1056 4266 1151 4321 τοῦ
1190 4269 1355 4340 νόμου
1382 4272 1509 4326 εἰσί.
1557 4271 1665 4328 Καὶ
1692 4274 1831 4348 αῦτη
1861 4277 1918 4331 δὲ
1943 4279 2005 4332 ού

428 4355 601 4425 μικρά
633 4354 913 4417 ἀσθενείας
939 4354 1211 4420 ὑπόθεσις,
1235 4356 1298 4410 τὸ
1325 4356 1393 4410 τὰ
1427 4358 1495 4413 σά
1526 4360 1602 4432 μὴ
1640 4363 2003 4431 φυλάξαντας,

424 4440 599 4506 οῦτως
635 4443 715 4506 είς
748 4442 983 4512 πόλεμον
1031 4442 1186 4496 ἰέναι.
1233 4443 1333 4498 Διά
1375 4445 1483 4519 γὰρ
1512 4447 1674 4502 τοῦτο
1700 4450 1795 4504 καί⁸
1825 4451 2006 4506 εὐθέσι

426 4528 744 4599 πολεμοῦσι,
774 4531 867 4584 καὶ
894 4529 1078 4594 δόλους
1104 4531 1392 4601 ῥάπτουσι,
1420 4534 1608 4607 ἐπειδὴ
1642 4535 1751 4590 τῶν
1777 4536 1886 4592 σῶν
1906 4539 2007 4593 οὐκ

423 4616 681 4671 ἀκούουσι
714 4618 1173 4688 προσταγμάτων.

497 4703 564 4774 β’.
582 4704 993 4776 Διηγησάμενος
1016 4705 1196 4759 τοίνυν
1217 4708 1460 4780 περὶτῆς
1484 4709 1771 4775 ἀσθενείας
1788 4714 1898 4770 τῶν
1916 4734 2006 4770 1:0-

422 4791 645 4876 λεμίων,
668 4791 762 4844 καὶ
785 4791 989 4864 ταύτην
1008 4791 1188 4876 δείξας
1210 4792 1237 4836 b
1253 4796 1354 4849 οὐκ
1373 4797 1479 4851 ἀπὸ
1493 4798 1718 4865 τούτων,
1744 4802 1837 4872 ἀφ’
1851 4802 1901 4876 [1
1916 4803 2003 4876 15]

420 4875 497 4934 ὧν
520 4880 715 4950 ἕτεροι,
734 4878 849 4933 ἀλλ’
878 4881 971 4950 ἀφ’
998 4874 1074 4937 ὧν
1113 4883 1264 4955 αὐτῷ
1289 4886 1496 4957 πρέπον
1513 4883 1580 4959 ἦν
1608 4889 1690 4960 (οὐ
1712 4891 1822 4963 γάρ
1856 4874 2001 4961 εἷπε,

418 4971 695 5042 Χρήματα
723 4969 824 5023 οὐκ
855 4969 1071 5040 ἔχουσιν
1096 5010 1111 5035 ,
1147 4973 1270 5026 οὐδέ
1303 4973 1539 5047 φρούρια
1558 5017 1573 5043 ,
1621 4978 1746 5032 οὐδέ
1782 4982 2004 5054 συμμάο

418 5075 570 5131 χους,
610 5057 734 5111 ούδέ
785 5058 989 5123 πόλεις.
1025 5060 1136 5114 οὐδ’
1173 5061 1255 5114 ὅτι
1282 5061 1534 5134 πολέμων
1583 5066 1723 5120 εἰσὶν
1762 5067 2000 5142 ἄπειροι,

418 5145 559 5200 ἀλλά
603 5145 781 5201 πάντα
824 5147 998 5203 ταῦτα
1031 5148 1404 5220 παραδραμὼν
1433 5153 1529 5205 καὶ
1576 5152 1877 5222 διαπτύσας
1925 5159 2002 5222 ὡς

417 5235 571 5289 οὐδὲν
613 5234 783 5301 ὄντα,
831 5236 928 5289 καὶ
985 5233 1156 5289 εἰπὼν
1201 5236 1284 5290 ὃτι
1331 5239 1641 5312 παράνομοί
1689 5244 1864 5311 εἰσιν,
1917 5246 2001 5299 ὅτι

375 5328 378 5331 ’
418 5322 715 5394 πολεμοῦσι
750 5326 866 5388 τοῖς
896 5323 1049 5378 οὐδὲν
1101 5325 1442 5398 ἠδικηκόσιν,
1475 5329 1559 5383 ὅτι
1611 5329 1681 5385 τά
1709 5331 1805 5386 τοῦ
1860 5333 1998 5388 Θεοῦ

418 5408 807 5483 καθαιροῦσι),
876 5411 1026 5482 λέγει
1071 5411 1257 5469 λοιπὸν
1306 5414 1402 5470 καὶ
1459 5417 1557 5488 τὴν
1614 5418 1722 5473 τῶν
1775 5420 1999 5476 δικαίων

420 5495 742 5566 παράταξιν,
767 5500 1062 5555 κάντεῦθεν
1079 5502 1295 5567 δεικνὺς
1308 5503 1370 5558 τὸ
1397 5504 1620 5561 ἐκείνων
1650 5508 1994 5579 εὐχείρωτον.

417 5580 575 5636 Οῦτω
606 5584 702 5639 κα)⁸
733 5586 895 5657 ἡμεῖς
914 5588 1006 5642 τὸν
1032 5591 1253 5661 ἰσχυρὸν
1287 5592 1380 5648 καί
1407 5593 1498 5648 τὸν
1527 5594 1728 5665 ἀσθενῆ
1772 5596 1997 5666 δοκιμά-

419 5668 620 5743 ζωμεν,
653 5672 791 5728 ἀλλὰ
821 5675 897 5748 μὴ
921 5678 1014 5748 ἀφ’
1041 5673 1118 5734 ὧν
1155 5681 1205 5735 οἰ
1239 5682 1628 5753 καταγέλαστοι
1653 5684 1761 5737 τῶν
1791 5683 1995 5756 ἀνθρὼ-

478 5821 503 5885 f
533 5820 668 5885 Ἐχω
689 5823 835 5875 deest
856 5828 905 5875 in
929 5828 1077 5880 Savil.
1106 5839 1159 5881 cl
1182 5831 1316 5883 Colb.

477 5881 507 5925 Β
531 5881 626 5935 Κάῖ
650 5886 823 5948 ταύτην
844 5889 1012 5951 δείξας.
1044 5893 1160 5946 Hac
1183 5881 1362 5947 desim!
1382 5896 1432 5946 in
1456 5894 1605 5948 SaVil.
1633 5900 1687 5948 cl
1706 5894 1845 5949 Colb.

3626 286 3728 340 H9.

2144 417 2262 454 πων
2313 401 2626 471 φοϐοῦνται,
2678 402 2744 455 ἐκ
2788 398 2995 454 τούτων
3036 400 3232 470 μᾶλλον
3280 400 3595 472 φοϐώμεθα.
3660 392 3813 469 Τι’ζν

2141 487 2250 560 γάρ
2273 504 2404 558 φασι
2419 506 2435 555 ;
2450 486 2635 552 Δεινός
2651 488 2790 553 ἐστι,
2819 486 3056 558 πονηρός
3082 485 3221 549 ἐστι,
3242 488 3542 560 χρημάτων
3561 486 3728 556 ὄγκον

2141 574 2531 645 περιϐέϐληται
2559 575 2655 628 καὶ
2672 572 3012 628 δυναστείαν.
3041 575 3141 628 Διά
3162 574 3323 628 τοῦτο
3354 576 3594 643 μάλιστα
3622 574 3727 627 αύ-

2138 659 2233 715 τοῦ
2260 661 2567 731 καταγελῶ.
2595 660 2784 716 Ταῦτα
2804 660 2915 732 γὰρ
2935 661 3052 731 είδη
3076 661 3361 726 ἀσθενείας
3385 664 3554 719 ἐστίν.
3584 662 3726 717 Ἀλλ’

2138 743 2281 802 οἶδεν
2299 748 2690 814 ἐπιϐουλεύειν,
2704 748 2856 820 φησι.
2882 749 3052 803 Πάλιν
3070 748 3157 802 ἐτε
3165 766 3257 820 ρον
3282 745 3421 815 εἶδός
3440 767 3533 822 μοι
3547 749 3727 821 λέγεις

2138 835 2442 901 ἀσθενείας.

2207 921 2275 977 Τί
2309 920 2404 977 οῦν
2449 924 2532 978 ὅτι
2579 923 2767 978 πολλοὶ
2817 924 3189 996 περιγίνονται
3239 924 3472 979 τοιοῦτοι
3519 924 3722 992 δντεςς

2149 1009 2371 1084 Ἐπειδὴ
2405 1013 2470 1067 σύ
2499 1011 2682 1076 καλῶς
2712 1012 3004 1068 πυκτεύειν
3053 1015 3155 1067 οὐκ
3181 1008 3331 1078 οἶδας
3357 1029 3372 1044 ·
3412 1012 3600 1083 ἐπειδὴ
3630 1014 3725 1067 καὶ

2139 1097 2205 1151 σὺ
2255 1097 2397 1170 ὑπὲρ
2435 1096 2544 1152 τῶν
2592 1098 2772 1153 αὐτῶν
2815 1100 3273 1171 παγκρατιάζεις,
3302 1100 3395 1169 ἀφ’
3423 1093 3499 1152 ὧν
3526 1100 3724 1152 ἐκεῖνοι

2136 1183 2375 1252 γίνονται
2418 1185 2823 1259 ἀσθενέστεροι,
2861 1188 2991 1259 περὶ
3033 1186 3194 1257 δόξης
3237 1187 3333 1240 καὶ
3375 1186 3720 1251 δυναστείας.

2134 1274 2308 1345 Φεῦγε
2325 1274 2418 1328 τοῦ
2452 1274 2665 1345 ἀγῶνος
2692 1276 2792 1348 τὴν
2821 1275 3099 1342 ὑπόθεσιν,
3135 1275 3230 1330 κιιί⁵
3259 1274 3529 1348 ἑτέρωθεν
3564 1275 3724 1346 βάλλε

2132 1362 2261 1426 τοὺς
2300 1363 2574 1427 ἐπιόντας,
2615 1362 2891 1435 ἐπιεικείᾳ
2939 1363 3033 1417 τὸν
3082 1362 3357 1429 ἀλαζόνα,
3410 1362 3572 1435 πενίᾳ
3630 1363 3723 1417 τὸν

2135 1448 2484 1521 πλεονέκτην,
2524 1449 2824 1521 ἐγκρατείᾳ
2853 1449 2947 1504 τὸν
2976 1450 3304 1516 ἀκόλαστον,
3355 1450 3722 1523 φιλοφροσύνη

2132 1536 2226 1591 τὸν
2254 1535 2510 1609 φθονερόν
2524 1553 2539 1568 ·
2562 1538 2656 1592 καὶ
2675 1537 2846 1601 οὕτως
2867 1538 3046 1593 αὐτῶν
3065 1539 3295 1611 περιέση
3315 1538 3534 1612 ῥᾳδίως.
3560 1538 3719 1604 Ἀλλ’,

2132 1624 2271 1696 ὅπερ
2299 1624 2471 1697 ἔφθην
2501 1624 2702 1694 εἰπὼν,
2737 1626 3141 1699 διηγησάμενος
3171 1629 3270 1700 τὴν
3296 1628 3582 1683 ἀσθένειαν
3611 1628 3723 1682 τῶν

2133 1712 2440 1780 ἀντιδίκων,
2481 1715 2583 1786 ὅρα
2613 1714 2732 1779 πῶς
2766 1715 2981 1770 καὶτοῦ
3009 1716 3226 1771 δικαίου
3259 1717 3409 1787 λέγει
3430 1716 3531 1789 τὴν
3581 1735 3722 1772 παν-

2131 1800 2345 1854 οπλίαν.
2392 1802 2617 1871 Ἐπάγει
2661 1803 2807 1875 γάρ·
2849 1802 2913 1857 Ὀ
2950 1803 3020 1858 δὲ
3069 1804 3302 1873 δίκαιος
3329 1806 3389 1859 τί
3429 1805 3721 1874 ἐποίησεε

2131 1888 2408 1942 τουτέστιν
2428 1905 2441 1919 ·
2492 1889 2746 1945 Ἑκείνων
2770 1889 2915 1946 οὕτω
2955 1892 3453 1964 παραταττομένων
3474 1933 3492 1958 ,
3537 1893 3720 1959 ζητεῖς

2131 1975 2296 2029 πόθεν
2319 1976 2594 2031 ὡπλίσατο
2618 1978 2648 2030 6
2669 1977 2880 2043 δίκαιος
2902 1997 2918 2045 ;
2960 1979 3161 2033 Ἀκουε
3187 1997 3202 2012 ·
3232 1981 3447 2048 Κύριος
3478 1979 3549 2034 ἐν
3594 1978 3721 2046 ναῷ

2130 2060 2277 2132 ἁγίῳ
2303 2063 2491 2118 αὑτοῦ
2510 2079 2526 2096 σ
2556 2064 2772 2134 Κύριος
2802 2065 2874 2120 ἐν
2906 2064 3143 2135 οὐρανῷ
3190 2069 3224 2121 ὁ
3256 2067 3470 2136 θρόνος
3507 2066 3716 2123 αὑτοῦ.

2131 2144 2284 2214 Εἶδες
2300 2149 2417 2215 πῶς
2443 2150 2723 2223 συντόμως
2744 2151 2842 2223 τὴν
2862 2153 3181 2225 συμμαχίαν
3196 2154 3362 2209 αὐτοῦ
3378 2153 3681 2226 διηγήσατο
3701 2170 3718 2221 ;

2130 2237 2198 2291 Τί
2225 2238 2502 2309 ἐποίησεν,
2530 2242 2776 2313 ἐρωτᾷςς
2822 2242 2951 2296 Ἐπί
2982 2242 3075 2297 τὸν
3094 2243 3228 2297 Θεὸν
3244 2243 3522 2314 κατέφυγε
3547 2244 3640 2298 τὸν
3659 2246 3719 2298 ἐν

2094 2337 2098 2342 ‘
2128 2325 2207 2398 τῷ
2233 2326 2470 2400 οὐρανῷ,
2491 2329 2585 2383 τὸν
2617 2328 2896 2401 πανταχοῦ
2928 2331 3197 2402 παρόντα.
3221 2333 3298 2386 Οὐ
3329 2331 3462 2397 τόξα
3490 2331 3717 2400 ἔτεινεν,
3787 2403 3791 2408 ν

2128 2414 2250 2469 οὐδὲ
2281 2416 2558 2488 φαρέτραν
2604 2416 2871 2488 ἡτοίμαζε
2891 2460 2907 2486 ,
2958 2418 3213 2491 καθάπερ
3245 2421 3471 2484 ἐκεῖνος,
3502 2420 3626 2474 οὐδὲ
3658 2422 3717 2474 ἐν

2130 2505 2444 2576 σκοτομήνῃ
2505 2505 2881 2576 παρετάξατοο
2916 2506 3056 2561 ἀλλά
3094 2507 3271 2562 πάντα
3321 2507 3492 2562 ταῦτα
3534 2509 3714 2579 ἀφεὶς,

2126 2592 2228 2664 τὴν
2254 2594 2336 2657 εἰς
2366 2593 2460 2648 τὸν
2486 2593 2618 2648 Θεὸν
2643 2594 2839 2651 ἐλπίδα
2864 2597 3029 2651 πᾶσιν
3053 2598 3386 2669 ἐπετείχισε,
3405 2598 3501 2653 καὶ
3526 2600 3715 2654 τοῦτον

2126 2681 2309 2745 αὐτοῖς
2341 2681 2641 2752 ἀντέστησε
2679 2693 2704 2722 ο
2746 2682 2841 2737 τὸν
2869 2684 3087 2750 οὐδενὸς
3115 2684 3322 2740 τούτων
3347 2686 3623 2758 δεόμενον,
3650 2687 3711 2739 οὐ

2127 2769 2357 2848 καιρῶν,
2394 2770 2457 2823 οὐ
2502 2770 2707 2835 τόπων,
2754 2770 2855 2843 οὐχ
2880 2772 3087 2838 ὃπλων,
3128 2773 3189 2826 ού
3222 2774 3546 2845 χρημάτων,
3576 2773 3713 2829 άλλά

2126 2855 2357 2927 νεύματι
2378 2857 2556 2912 πάντα
2585 2856 2840 2912 ἀνύοντα.
2869 2856 3023 2922 Εἶδες
3057 2860 3375 2932 συμμαχίαν
3407 2860 3621 2932 ἄμαχόν
3651 2878 3711 2915 τε

2127 2947 2221 3001 καὶ
2266 2946 2507 3010 εὔκολον,
2546 2948 2643 3002 καὶ
2693 2947 2924 3021 ῥᾳδίαν;
2959 2952 3023 3004 Ol
3073 2950 3374 3020 ὀφθαλμοί
3404 2951 3592 3006 αὐτοῦ
3624 2954 3712 3018 είς

2124 3031 2234 3087 τὸν
2288 3032 2520 3102 πένητα
2570 3033 2966 3090 ἑαιϐλέπουσι
2991 3075 3008 3100 ,
3076 3037 3150 3092 τὰ
3198 3038 3481 3109 ,ϐλέφαρα
3524 3040 3711 3093 αὑτοῦ

2124 3117 2379 3185 ἐξετάζει
2399 3120 2541 3187 τοὺς
2564 3120 2734 3188 υἱοὺς
2759 3121 2877 3177 τῶν
2905 3122 3252 3192 ἀνθρώπων.
3274 3126 3489 3194 Κύριος
3510 3126 3713 3191 ἐξετά-

2126 3206 2207 3269 ζει
2231 3208 2339 3263 τὸν
2366 3208 2607 3264 δίκαιον
2636 3210 2734 3264 καί
2765 3212 2874 3266 τὸν
2899 3211 3115 3282 ἀσεϐῆ.
3159 3216 3193 3268 ό
3231 3212 3301 3268 δὲ
3320 3214 3568 3285 ἀγαπῶν
3595 3215 3709 3283 τὴν

2124 3296 2403 3362 ἀδικίαν,
2451 3297 2628 3367 μισεῖ
2661 3297 2778 3366 τὴν
2824 3300 3043 3355 ἑαυτοῦ
3089 3302 3322 3371 ψυχήν.
3369 3302 3581 3370 Ἀλλος,
3629 3306 3705 3360 Τὰ

2119 3382 2402 3453 βλέφαρα
2436 3384 2623 3441 αὐτοῦ
2642 3384 2959 3455 δοκιμάζει.
2999 3387 3213 3456 Ἀλλος,
3241 3391 3454 3460 Κύριος
3475 3391 3703 3458 δίκαιος

2123 3471 2474 3539 ἐξεταστὴς.
2514 3472 2727 3552 Ἄλλος,
2758 3476 2996 3531 Δίκαιον
3031 3477 3326 3547 δοκιμάζει
3359 3479 3456 3533 καὶ
3488 3480 3703 3552 ἀσεϐῆ.

2123 3558 2221 3613 καί
2254 3557 2581 3629 ἀγαπῶντα
2608 3548 2786 3615 ἄδικα
2835 3562 3136 3632 ἐμίσησεν
3188 3565 3227 3633 ἢ
3274 3566 3447 3637 ψυχὴ
3494 3548 3702 3625 αὑτοῦ.

2126 3646 2341 3713 Ἄλλος,
2378 3648 2442 3701 '0
2469 3645 2719 3717 ἀγαπῶν
2734 3649 2992 3715 ἀδικίαν,
3010 3652 3185 3722 μισεῖ
3203 3653 3319 3725 τὴν
3349 3656 3566 3712 ἑαυτοῦ
3590 3661 3706 3726 ψυ-

2127 3735 2250 3805 χήν
2283 3733 2334 3790 δι
2388 3730 2545 3799 Εἶδες
2580 3734 2871 3809 σύμμαχον
2914 3745 3459 3816 παρεσκευασμένον,
3510 3743 3705 3815 βοηθὸν

2121 3822 2572 3896 εὐτρεπισμένον,
2605 3827 2884 3899 πανταχοῦ
2919 3830 3165 3902 παρόντα
3185 3871 3201 3895 ,
3245 3832 3425 3887 πάντα
3465 3833 3700 3903 ὁρῶντα,

2120 3912 2299 3965 πάντα
2325 3910 2611 3981 βλέποντα,
2657 3912 2820 3967 τοῦτο
2870 3914 3032 3989 ἔργον
3080 3918 3272 3990 ἔχοντα
3310 3920 3568 3991 μάλιστα,
3596 3921 3704 3976 κᾶν

2122 3997 2314 4071 μηδεὶς
2337 3999 2367 4050 6
2395 3997 2732 4069 παρακαλῶν
2764 3995 2826 4075 ᾖ,
2868 4009 3137 4076 προνοεῖν,
3165 4007 3446 4077 κήδεσθαι,
3472 4009 3704 4063 κωλύειν

2120 4085 2477 4159 ἀδικοῦντας,
2533 4085 2748 4160 βοηθεῖν
2781 4088 3178 4163 ἀδικουμένοις,
3226 4096 3341 4157 τοῖς
3380 4095 3483 4164 μὲν
3511 4096 3705 4152 ἀποδια-

2115 4175 2262 4230 δόναι
2292 4174 2389 4241 τὰς
2409 4175 2646 4247 ἀμοιϐὰς
2669 4178 2780 4233 τῶν
2808 4178 3269 4251 κατορθωμάτων,
3287 4182 3401 4246 τοῖς
3417 4182 3473 4236 δὲ
3488 4184 3703 4242 τιθέναι

2114 4267 2214 4331 τάς
2248 4267 2523 4338 τιμωρίας
2542 4266 2652 4320 τῶν
2686 4268 3134 4340 άμαρτημάτων;
3166 4271 3332 4327 Οὐδὲν
3358 4268 3451 4327 οὐν
3479 4273 3697 4344 ἀγνοεῖ³

2114 4353 2165 4406 οἰ
2197 4351 2307 4424 γὰρ
2335 4351 2488 4426 [H6]
2509 4353 2780 4425 ὀφθαλμοί
2803 4354 2967 4408 αὐτοῦ
3002 4356 3356 4414 ἐπιϐλέπουσι
3393 4362 3492 4435 τὴν
3515 4365 3699 4420 οἰκου-

2118 4440 2309 4511 μένην.
2360 4441 2476 4495 Οὐκ
2507 4442 2797 4496 ἐπίσταται
2824 4441 2882 4496 δέ
2911 4442 3096 4514 μόνον,
3139 4445 3277 4501 ἀλλά
3308 4450 3404 4502 καὶ
3449 4449 3699 4521 βούλεται

2114 4527 2256 4581 αὐτὰ
2278 4527 2544 4600 διορθοῦν.
2574 4528 2667 4582 Διὺ
2696 4529 2790 4584 καὶ
2806 4529 2993 4603 ἐτερος
3009 4531 3170 4587 τοῦτο
3191 4534 3323 4589 αὐτὸ
3349 4535 3525 4608 δηλῶν
3550 4534 3697 4608 εἰπε,

2114 4617 2370 4683 Δίκαιος.
2408 4617 2468 4670 Εἰ
2499 4617 2608 4690 γάρ
2628 4617 2859 4684 δίκαιος,
2890 4620 2991 4674 οὐκ
3016 4619 3264 4688 ἀνέξεται
3296 4625 3470 4681 ταῦτα
3507 4628 3698 4695 ἁπλῶς

2115 4706 2374 4776 περιορᾷν
2407 4704 2691 4777 γινόμενα.
2734 4708 3166 4781 ’Δποστρέφεται
3218 4714 3347 4777 τούς
3399 4719 3692 4787 πονηροὺς,

2112 4792 2327 4848 ἐπαινεῖ
2373 4796 2504 4860 τοὺς
2540 4795 2806 4861 δικαίους.
2850 4795 2985 4853 Εἶτα
3019 4802 3158 4873 ὅπερ
3213 4804 3272 4857 ἐν
3317 4804 3396 4876 τῷ
3443 4808 3697 4880 προτέρῳ

2111 4881 2311 4970 ψαλμῷ
2342 4883 2501 4970 έλεγε
2528 4926 2544 4951 ,
2597 4885 2815 4970 δεικνὺς
2854 4888 3062 4970 δτι-καί
3079 4890 3227 4970 αὐτὴ
3264 4893 3297 4964 ἡ
3332 4894 3499 4949 κακία
3534 4897 3693 4970 ίκανὴ

2110 4961 2309 5026 αύτούς
2331 4962 2627 5028 ἀναλῶσαι,
2644 4964 2803 5018 τοῦτο
2819 4967 2914 5020 καὶ
2942 4967 3176 5022 ἐνταῦθα
3192 4961 3367 5040 δηλῶν
3389 4961 3687 5045 ἐπήγαγενί

2122 5049 2186 5102 '0
2231 5048 2301 5103 δὲ
2350 5049 2599 5118 ἀγαπῶν
2634 5051 2751 5120 τὴν
2798 5053 3060 5120 ἀδικίαν,
3100 5056 3274 5125 μισεῖ
3314 5059 3429 5128 τὴν
3472 5061 3692 5118 ἑαυτοῦ

2109 5137 2341 5206 ψυχήν.
2368 5136 2634 5207 Πολέμιον
2664 5139 2773 5211 γάρ
2798 5142 2864 5212 τῇ
2905 5139 3051 5214 ψυχῇ
3081 5145 3335 5219 πονηρία,
3374 5148 3566 5220 ἐχθρὸν
3595 5152 3692 5206 καί

2107 5222 2370 5296 ὀλέθριον,
2405 5222 2548 5308 ὥστε
2581 5224 2676 5280 καὶ
2704 5226 2810 5299 πρὸ
2858 5228 2962 5297 τῆς
2988 5230 3268 5298 κολάσεως
3297 5234 3453 5308 δίκην
3478 5236 3693 5293 δίδωσιν

2106 5313 2136 5365 ὀ
2178 5310 2433 5383 πονηρός.
2476 5307 2630 5375 Εἶδες
2657 5312 2777 5377 πῶς
2805 5314 3113 5384 εὐαλώτους
3155 5307 3423 5378 πάντοθεν
3448 5323 3692 5384 δείκνυσι

2105 5400 2233 5464 τοὺς
2257 5398 2723 5469 ἐναντιουμένους,
2758 5401 2888 5457 ὅταν
2913 5405 3011 5459 κα)⁸
3057 5406 3299 5476 τοιοῦτον
3337 5409 3435 5484 ἔχῃ
3466 5412 3691 5485 σύμμα-

2105 5502 2221 5555 χον,
2254 5486 2351 5539 καὶ
2387 5487 2586 5540 ἐκεῖνοι
2625 5487 2733 5543 ὑπὸ
2760 5489 2870 5545 τῶν
2892 5493 3112 5548 οἰκείων
3135 5495 3315 5550 ὃπλων
3332 5496 3686 5565 ἁλίσκωνται,

2104 5573 2170 5626 δι’
2201 5567 2277 5627 ὧν
2290 5573 2639 5645 φράττονται,
2667 5575 2756 5631 διά
2785 5577 2992 5633 τούτων
3014 5580 3412 5653 δαπανώμενοι,
3448 5588 3547 5641 καὶ
3565 5589 3690 5642 ἐαυ-

2104 5659 2357 5771 (ποῖιέἰθῆ
2380 5661 2463 5709 καὶ
2486 5660 2656 5713 τοῦτον
2678 5664 2838 5755 αὐτέῖς
2858 5666 3137 5730 ἀντέστησε,
3160 5670 3341 5721 desunt
3379 5673 3429 5722 in
3461 5673 3611 5725 Savil.
3632 5682 3689 5725 et

2169 5782 2197 5821 τί
2227 5781 2435 5859 ,ξΑλλὲοςθ
2489 5784 2549 5835 Ὅ
2588 5787 2788 5859 ἀγαπῶν
2825 5790 3043 5859 ἀδικίαν,
3086 5792 3215 5859 μισεῖ
3254 5793 3340 5851 τήν
3370 5792 3548 5859 ἐαυτοῦ
3586 5797 3685 5859 ψυ-

2104 5845 2209 5955 χήν.
2227 5844 2339 5893 "me
2360 5844 2724 5918 interpretaijn,
2745 5853 2918 5900 eadem
2942 5844 3340 5915 N'ric'ipsa,qu&2
3360 5844 3685 5921 Septuagihla

2130 5914 2273 5955 ntern
2318 5921 2483 5955 suum.
2510 5908 2562 5955 In
2590 5914 2708 5955 ριίιι.
2733 5913 2884 5955 δέει-Ἡ-
2906 5911 3089 5955 (licilnr
3121 5928 3232 5955 esse
3257 5917 3536 5955 Svmmarhi

2130 5914 2273 5967 ulerp
2318 5921 2483 5972 supra.
2510 5908 2562 5961 lu
2590 5911 2709 5961 cdil.
2733 5913 2884 5963 Sen-i3.
2906 5911 3089 5964 dicitur
3118 5908 3557 5978 bssC'Symméchi:
