4064 6206
322 320 413 379 Nl
1483 321 1836 384 EXPOSlTlO
1876 325 1941 383 IN
1978 327 2295 389 PSALMUM
2334 330 2400 389 Χ.

321 440 645 503 peccatores
686 430 976 490 inferunt?
1000 434 1131 491 Cum
1161 434 1245 491 his
1273 436 1418 491 enim
1457 452 1579 508 quae
1618 438 1760 494 dicta
1790 446 1936 520 squt,

320 524 436 580 htec
477 523 656 578 etiam
697 526 808 579 alia
848 541 1012 582 causa
1052 534 1157 592 est,
1197 542 1297 583 cur
1335 543 1441 583 non
1470 526 1687 600 fugiam.
1716 527 1942 596 Quando

320 614 465 669 enim
503 613 662 670 Deus
709 614 822 672 fert
869 618 1145 684 auxilium,
1186 626 1241 673 et
1279 627 1589 687 peccatores
1613 628 1739 674 sunt
1763 616 1819 687 ii,
1850 619 1940 691 qui

320 705 522 760 bellum
550 716 787 776 gerunt,
817 708 1089 778 quomodo
1115 723 1221 764 non
1248 709 1405 780 longe
1429 719 1510 766 est
1536 713 1779 767 omnium
1802 713 1940 768 stul-

321 793 591 860 tissimus,
621 797 720 867 qui
766 797 927 868 jubet
972 798 1164 854 imitari
1200 801 1379 855 avium
1408 801 1749 858 timiditatem
1773 804 1798 856 ?
1821 803 1938 860 Non

324 887 653 944 consideras
679 889 959 959 quomodo
983 884 1271 956 exercitus,
1303 891 1393 962 qui
1420 901 1608 948 contra
1636 909 1723 949 me
1751 903 1858 950 stat
1882 896 1940 951 in

3541 360 3641 418 142

2052 441 2241 498 timent
2268 443 2513 505 homines
2555 450 2786 510 ridiculi.
2816 455 2955 524 Quid
2980 462 3122 518 enim
3151 464 3380 523 dicunt?
3416 468 3511 527 Est
3533 483 3639 528 lcr-

2046 534 2234 631 ribilis,
2262 538 2557 611 improbus,
2588 544 2787 617 ingenti
2813 551 3041 619 pecunia
3081 564 3136 610 et
3171 558 3362 627 opibus
3402 563 3632 631 pollens.

2045 627 2335 700 Propterea
2360 646 2484 689 cum
2507 638 2746 695 maxime
2768 640 2940 698 rideo.
2970 644 3096 701 llaec
3121 648 3263 703 enim
3288 627 3418 707 sunt
3436 669 3631 724 genera

2045 717 2440 779 imbecillitatis.
2482 729 2554 781 At
2588 728 2709 796 scit,
2743 730 2933 802 inquit,
2980 736 3199 793 tendere
3226 717 3464 797 insidias:
3495 745 3635 801 Ilur-

2045 823 2137 866 sus
2164 812 2292 867 mihi
2309 814 2452 870 aliud
2477 816 2612 874 dicis
2641 835 2808 890 genus
2838 824 3237 886 imbecillitatis.

332 980 467 1045 acie,
494 988 584 1035 est
622 980 790 1035 vilior
825 983 1068 1036 aranea?
1108 981 1164 1037 Si
1194 983 1340 1038 enim
1366 982 1711 1052 Imperatoris
1738 987 1936 1042 terreni

334 1070 607 1134 inimicus,
648 1072 977 1143 ubicumque
1018 1072 1196 1140 fuerit,
1228 1074 1280 1128 in
1328 1075 1568 1145 periculo
1610 1076 1760 1146 vivit,
1788 1079 1939 1135 timet

333 1171 393 1218 et
412 1165 827 1220 contremiscit:
860 1165 1026 1222 multo
1051 1168 1219 1237 magis
1247 1168 1341 1223 Dei
1367 1168 1757 1225 universorum.
1784 1170 1926 1241 Quo-

339 1268 572 1325 cumque
607 1257 759 1311 enim
797 1257 1026 1325 venerit,
1053 1273 1245 1316 omnes
1272 1259 1434 1323 habet
1462 1261 1733 1330 inimicos,
1777 1271 1938 1334 atque

338 1347 478 1403 adeo
508 1349 683 1417 ipsam
719 1349 888 1405 etiam
924 1360 1249 1407 creaturam.
1285 1351 1746 1421 Quemadmodum
1790 1356 1936 1412 enim

338 1439 545 1496 amicos
567 1442 689 1511 ejus
712 1453 769 1497 et
792 1441 1061 1499 elementa
1088 1451 1145 1501 et
1170 1443 1360 1501 bestia:
1384 1454 1653 1515 metuunt,
1681 1456 1737 1504 et
1759 1449 1934 1504 omnis

339 1539 586 1587 creatura
638 1544 918 1588 reveretur
945 1533 965 1603 (
992 1532 1125 1605 Sap.
1156 1536 1211 1592 5.
1242 1537 1311 1592 {8
1337 1534 1358 1609 )
1390 1555 1404 1592 :
1437 1539 1511 1593 ita
1550 1538 1829 1595 inimicum
1871 1547 1927 1596 et

341 1623 553 1680 hostem
582 1624 725 1680 bello
750 1634 939 1696 petunt
961 1635 1014 1682 et
1036 1637 1383 1685 exsecrantur
1404 1629 1488 1686 vel
1521 1630 1634 1701 ipsa
1658 1632 1822 1688 etiam
1848 1632 1933 1688 in-

340 1714 636 1771 scnsibilia.
658 1716 724 1771 Et
752 1716 874 1772 ideo
902 1710 1024 1773 illos
1050 1718 1265 1788 quidem
1293 1720 1605 1792 priusquam
1623 1721 1706 1777 vel
1734 1730 1931 1779 terram

343 1814 642 1876 tangerent,
673 1806 802 1863 ferae
821 1808 1192 1879 confecerunt,
1224 1810 1324 1867 hos
1348 1827 1479 1869 vero
1505 1813 1642 1883 ignis
1675 1829 1930 1871 consum-

343 1900 465 1970 psit.
489 1900 561 1955 At
586 1900 785 1956 habent
808 1917 966 1957 arcus
990 1911 1045 1958 et
1061 1903 1385 1974 pharetram,
1412 1913 1468 1960 et
1493 1907 1572 1962 eis
1599 1915 1779 1977 parata
1807 1916 1932 1964 sunt

344 1990 552 2044 omnia:
586 1990 848 2046 Pararunt
874 1993 1040 2061 enim,
1084 1993 1274 2064 inquit,
1317 2011 1381 2051 ea
1425 1995 1479 2051 in
1514 1996 1803 2067 pharetra:
1831 1998 1930 2054 sed

344 2080 497 2135 nullze
526 2089 655 2136 sunt
678 2096 865 2138 eorum
897 2082 1063 2149 vires,
1097 2099 1199 2140 nec
1222 2100 1315 2141 eos
1344 2095 1626 2157 propterea
1654 2088 1924 2146 timemus.

341 2168 468 2226 Nam
497 2188 673 2243 neque
698 2175 744 2230 si
769 2173 1006 2230 viderem
1029 2176 1331 2246 quempiam
1369 2178 1460 2249 qui
1495 2178 1717 2236 haberet
1744 2185 1937 2238 arcum'

341 2261 592 2330 solutum,
626 2264 893 2320 timerem.
918 2264 1055 2334 Quid
1084 2267 1223 2323 enim
1246 2267 1434 2339 juvant
1454 2284 1623 2338 arma,
1647 2272 1692 2326 si
1723 2287 1830 2328 non
1860 2273 1931 2329 sit

339 2353 544 2410 virtus?
572 2354 683 2410 Nec
713 2355 800 2411 hic
839 2372 969 2427 ergo
1005 2357 1051 2414 si
1092 2373 1198 2414 non
1238 2359 1378 2416 adsit
1406 2361 1499 2418 Dei
1530 2360 1925 2421 benevolentia.

344 2444 413 2497 At
431 2443 587 2500 dolus
613 2454 849 2513 struunt,
875 2455 931 2502 et
946 2462 1050 2503 non
1076 2458 1220 2504 recta
1246 2450 1644 2521 aggrediuntur.
1669 2454 1924 2525 Propter-

335 2547 397 2588 ea
443 2547 539 2589 eos
588 2535 822 2592 maxime
863 2536 1032 2604 rideo,
1080 2538 1222 2609 quod
1263 2541 1516 2611 sagittent
1572 2542 1626 2597 in
1669 2544 1924 2600 tenebris.

335 2620 473 2679 Nihil
511 2623 661 2680 enim
709 2626 1027 2686 imbecillius
1055 2629 1170 2687 viro
1207 2630 1302 2702 qui
1332 2632 1490 2688 struit
1529 2631 1768 2690 insidias.
1806 2634 1927 2693 Non

335 2731 467 2787 opus
494 2717 661 2775 habet
687 2730 747 2775 ut
769 2722 932 2778 armis
955 2724 1183 2781 aliorum
1209 2725 1489 2798 capiatur:
1521 2727 1615 2782 sed
1642 2728 1784 2783 cadit
1809 2744 1925 2784 ma-

335 2825 402 2866 nu
422 2814 663 2884 propria,
697 2822 753 2869 ct
775 2828 870 2869 sua
896 2813 1060 2885 ipsius
1096 2816 1288 2872 fraude
1331 2817 1610 2873 evertitur.
1634 2818 1770 2887 Quid
1798 2835 1927 2891 ergo

332 2905 498 2972 possit
522 2918 649 2960 esse
672 2919 740 2960 eo
770 2905 1089 2961 imbecillius
1112 2947 1127 2972 ,
1164 2907 1379 2978 quando
1406 2909 1613 2978 capitur
1636 2924 1668 2964 a
1695 2909 1925 2980 propriis

329 2995 856 3052 machinationibus?
903 2996 1035 3052 Cum
1073 2997 1158 3054 his
1203 3007 1384 3055 autem
1427 3013 1713 3071 possumus
1753 3002 1920 3059 etiam

327 3084 470 3140 aliud
495 3085 720 3143 dicere:
748 3101 845 3143 eos
883 3102 989 3143 non
1031 3089 1202 3144 solum
1229 3090 1430 3147 bellum
1454 3106 1642 3162 gerere
1665 3091 1923 3150 adversus

325 3189 423 3231 eos
444 3217 462 3241 ,
487 3176 681 3247 quibus
709 3176 847 3234 Deus
869 3177 973 3234 fert
994 3179 1249 3236 auxilium
1276 3219 1292 3246 ,
1317 3180 1473 3251 idque
1491 3195 1612 3236 cum
1638 3180 1763 3238 dolo
1781 3223 1800 3250 ,
1824 3183 1921 3240 sed
1944 3201 1950 3207 ·

326 3267 497 3322 etiam
532 3267 789 3324 adversus
817 3270 1152 3338 innocentes,
1181 3281 1236 3328 et
1261 3273 1350 3344 qui
1380 3273 1524 3343 ipsos
1552 3274 1695 3330 nulla
1723 3274 1923 3332 affece-

323 3366 457 3414 runt
478 3358 688 3429 injuria.
718 3360 830 3417 Hoc
852 3370 1030 3418 autem
1068 3378 1161 3420 eos
1190 3379 1295 3421 non
1324 3379 1507 3435 parum
1548 3365 1719 3422 reddit
1744 3367 1918 3424 imbe-

323 3451 501 3507 cillos.
530 3451 989 3521 Quemadmodum
1039 3457 1183 3511 enim
1229 3458 1318 3528 qui
1366 3457 1622 3515 adversus
1672 3460 1918 3517 stimulos

321 3541 629 3611 calcitrant,
672 3544 793 3599 illos
815 3544 1044 3615 quidem
1072 3560 1178 3601 non
1213 3546 1433 3615 laedunt,
1476 3547 1572 3604 sed
1599 3562 1725 3606 suos
1752 3549 1916 3620 pedes

321 3642 646 3689 cruentant:
680 3635 754 3689 ita
785 3634 843 3689 hi
871 3636 1054 3690 etiam.
1091 3636 1225 3691 Cum
1267 3636 1349 3691 his
1371 3646 1547 3693 autem
1574 3638 1676 3692 alia
1704 3654 1916 3711 quoque

323 3738 485 3779 causa
514 3733 623 3793 est,
652 3740 774 3795 qua:
812 3726 940 3781 belli
981 3742 1166 3784 eorum
1215 3729 1352 3785 vires
1393 3729 1606 3801 frangit.
1658 3731 1914 3799 Qutenam

323 3824 499 3872 autem
530 3832 596 3873 ea
626 3819 753 3874 est?
777 3819 833 3874 4.
863 3819 1115 3888 Quoniam
1152 3838 1267 3892 quae
1307 3825 1575 3895 perfecisti,
1607 3825 1796 3896 inquit,
1826 3828 1915 3881 de-

325 3917 640 3968 struxerunt.
690 3911 845 3979 Quod
886 3921 1062 3969 autem
1097 3913 1243 3981 dicit,
1278 3923 1361 3971 est
1386 3916 1646 3985 ejusmodi
1671 3935 1684 3970 :
1713 3917 1911 3974 Tecum

322 3999 521 4058 bellum
541 4013 734 4073 gerunt
755 4013 810 4060 et
835 4004 1161 4075 praeliantur,
1195 4006 1364 4076 legem
1396 4017 1538 4063 tuam
1568 4017 1622 4064 et
1649 4021 1911 4080 praecepta

323 4101 411 4146 tua
459 4092 824 4150 destruentes.
877 4094 1147 4167 Prtecepta
1189 4097 1330 4152 enim
1364 4106 1649 4169 tuaeaque
1677 4099 1909 4169 perfecta

320 4195 581 4239 conantur
607 4186 908 4243 destruere.
950 4186 1047 4244 Vel
1090 4188 1194 4244 hoc
1235 4188 1384 4255 dicit,
1431 4189 1516 4245 vel
1559 4189 1702 4260 quod
1748 4191 1906 4246 etiam

319 4271 425 4327 sint
462 4274 596 4345 legis
644 4285 1082 4348 transgressores.
1127 4277 1243 4335 Jam
1278 4294 1407 4336 vero
1446 4279 1550 4336 hoc
1590 4295 1801 4352 quoque
1825 4292 1909 4338 est

321 4379 424 4420 non
452 4383 672 4436 parvum
703 4379 1074 4440 argumentum
1097 4370 1494 4439 imbecillitatis,
1521 4371 1665 4442 quod
1692 4373 1782 4443 qui
1811 4381 1901 4429 tua

319 4469 581 4530 prmcepta
634 4476 739 4516 non
788 4463 1172 4531 custodierunt,
1204 4463 1257 4519 in
1298 4464 1495 4522 bellum
1544 4465 1900 4536 proficiscun-

320 4558 424 4606 tur.
450 4551 742 4622 Propterea
771 4553 916 4608 enim
942 4562 1141 4609 etcum
1169 4554 1328 4611 rectis
1357 4555 1553 4611 bellum
1580 4564 1773 4626 gerunt
1799 4597 1817 4623 ,
1846 4563 1903 4612 et

316 4643 462 4700 dolos
485 4654 737 4710 struunt,
766 4647 1018 4718 quoniam
1045 4657 1131 4701 tua
1156 4655 1418 4719 praicepta
1445 4663 1552 4702 non
1580 4646 1821 4703 audiunt.

377 4735 433 4789 2.
483 4735 772 4807 Postquam
823 4738 983 4808 igitur
1033 4739 1269 4794 narravit
1309 4738 1540 4795 hostium
1567 4740 1903 4796 imbecillita-

315 4833 438 4889 tem.
481 4842 711 4899 eamque
752 4829 987 4884 ostendit
1015 4844 1120 4884 non
1147 4845 1213 4885 ex
1254 4830 1319 4886 iis
1343 4845 1407 4885 ex
1434 4826 1627 4901 quibus
1650 4831 1759 4898 alii,
1801 4830 1898 4887 sed

312 4929 376 4970 ex
413 4916 478 4971 iis
515 4932 636 4986 quae
662 4917 765 4973 sibi
808 4919 1202 4976 conveniebant
1230 4921 1356 4991 (non
1383 4921 1525 4975 enim
1552 4919 1702 4984 dixit,
1733 4920 1899 4976 Pecu-

311 5006 422 5063 nias
444 5023 550 5063 non
575 5008 798 5072 habent.
829 5025 933 5063 non
957 5010 1221 5079 pra-sidia,
1239 5026 1339 5067 nec
1363 5011 1561 5078 socios,
1588 5026 1687 5066 nec
1715 5012 1892 5078 urbes,

313 5111 410 5152 nec
433 5099 578 5170 quod
609 5099 721 5153 sint
746 5099 827 5154 rei
858 5099 1101 5155 militaris
1130 5099 1377 5171 imperiti,
1412 5101 1506 5156 sed
1539 5100 1621 5157 his
1648 5102 1895 5158 onmibus

304 5192 686 5259 praetermissis
714 5200 772 5247 et
802 5190 1112 5261 repudiatis,
1139 5201 1197 5247 ut
1219 5208 1337 5262 qua:
1378 5190 1507 5246 nihil
1542 5201 1742 5260 esseut,
1770 5208 1891 5249 cum

303 5281 521 5339 dixisset
571 5297 672 5338 eos
717 5297 841 5339 esse
882 5281 1122 5352 iniquos,
1148 5292 1203 5338 et
1237 5282 1437 5339 bellum
1464 5298 1654 5355 gerere
1679 5299 1799 5338 cum
1827 5284 1892 5340 iis

301 5375 385 5443 qui
431 5376 635 5432 nullam
682 5374 923 5429 fecerant
963 5372 1228 5442 iujuriam,
1258 5389 1321 5429 ac
1350 5391 1468 5446 qua:
1511 5374 1605 5430 Dei
1644 5384 1768 5430 sunt
1796 5375 1892 5431 dc-

299 5470 580 5539 struere),
615 5474 806 5523 narrat
832 5465 1084 5535 deinceps
1106 5466 1373 5536 justorum
1400 5468 1587 5533 aciem,
1617 5483 1683 5523 ex
1709 5483 1775 5524 eo
1802 5484 1892 5524 os-

296 5562 517 5617 tendens
545 5573 715 5630 quam
747 5557 858 5611 sint
886 5556 1067 5610 hostes
1105 5567 1406 5628 expugnata
1444 5558 1643 5638 faciles.
1679 5558 1750 5612 Ita
1791 5573 1889 5615 nos

289 5650 445 5707 etiam
472 5652 599 5724 quis
616 5650 693 5706 sit
709 5657 923 5718 potens,
946 5648 1132 5717 etquis
1155 5650 1469 5716 imbecillus,
1498 5651 1884 5718 cxaminemus,

288 5743 381 5801 scd
406 5761 514 5801 non
564 5749 797 5816 propter
835 5753 900 5794 ea
924 5738 1153 5797 maxime
1197 5741 1494 5811 timeamus,
1522 5753 1739 5814 propter
1765 5761 1884 5816 qua:

2115 901 2368 961 Formula
2390 908 2580 966 Christi
2606 915 2785 985 agonia
2812 917 3041 976 ineundi.
3061 951 3136 962 —
3158 923 3296 991 Quid
3317 934 3402 981 est
3425 943 3552 999 ergu
3579 931 3631 987 in

2044 1010 2205 1054 causa
2231 1000 2372 1070 quod
2401 1004 2586 1073 multi,
2611 1007 2701 1077 qui
2729 1009 2862 1066 tales
2886 1021 3013 1067 sunt
3030 1054 3047 1081 ,
3085 1015 3343 1073 vincant?
3371 1020 3630 1086 Quoniam

2044 1094 2102 1183 tu
2129 1098 2277 1146 recte
2306 1106 2542 1165 pugnare
2568 1100 2743 1156 nescis
2772 1117 2787 1167 ;
2832 1105 3083 1173 quoniam
3111 1116 3167 1163 tu
3202 1125 3416 1183 quoque
3444 1114 3513 1169 de
3553 1117 3632 1170 eis

2042 1179 2307 1277 decertas,
2335 1201 2401 1242 ex
2427 1189 2622 1259 quibus
2645 1192 2722 1247 illi
2750 1193 2883 1250 fiunt
2910 1179 3309 1270 imbecilliores,
3329 1179 3535 1277 nempe
3562 1210 3632 1264 de

2041 1273 2208 1344 gloria
2256 1285 2313 1333 et
2354 1280 2422 1336 de
2469 1285 2722 1352 potentia.
2770 1286 2919 1359 Fuge
2963 1305 3178 1348 causam
3217 1273 3543 1366 certaminis,
3576 1311 3633 1355 et

2041 1367 2148 1460 alio
2184 1370 2343 1426 modo
2382 1372 2483 1430 feri
2506 1390 2601 1431 eos
2626 1380 2716 1448 qui
2742 1388 2795 1436 te
2823 1380 3110 1453 invadunt,
3139 1400 3474 1460 arrogantem
3515 1409 3631 1447 mo-

2040 1459 2315 1519 deratione
2338 1478 2402 1520 ac
2421 1465 2659 1536 lenitate,
2682 1484 2901 1528 avarum
2927 1459 3629 1546 paupertate,iincontinen-

2040 1563 2146 1611 tem
2176 1558 2524 1627 continentia,
2562 1561 2799 1621 invidum
2838 1565 3209 1627 humanitate:
3240 1581 3296 1628 et
3323 1574 3392 1629 ita
3420 1590 3515 1633 eos
3542 1578 3626 1633 fa-

2038 1647 2142 1704 cile
2168 1649 2373 1709 vinces.
2398 1652 2527 1723 Sed,
2557 1656 2696 1711 sicut
2724 1658 2872 1728 prius
2906 1660 3036 1731 dixi,
3066 1662 3193 1718 dum
3222 1681 3494 1724 narrarem
3521 1670 3624 1725 im-

2036 1738 2378 1799 becillitatem
2403 1744 2661 1815 hostium,
2694 1749 2813 1807 vide
2840 1752 3109 1822 quomodo
3129 1755 3258 1824 justi
3286 1772 3498 1830 quoque
3528 1761 3616 1817 di-

2035 1835 2108 1890 cit
2131 1846 2478 1896 armaturam.
2526 1838 2808 1915 Subjungit
2846 1846 3028 1903 enim:
3070 1846 3251 1905 Justus
3290 1861 3459 1908 autem
3502 1854 3625 1927 quid

2035 1928 2154 2000 fecit
2182 1929 2209 1983 ?
2238 1928 2352 1987 Hoc
2401 1932 2567 1990 dicit:
2619 1935 2752 1991 Cum
2798 1937 2870 1993 illi
2911 1939 2992 1995 sic
3046 1940 3372 1999 instruerent
3417 1947 3621 2015 aciem,

2035 2022 2231 2090 quaeris
2264 2021 2529 2080 undenam
2571 2040 2630 2082 se
2665 2027 2840 2098 justus
2884 2035 3208 2089 armaverit?
3238 2037 3409 2094 Audi:
3436 2038 3490 2095 5.
3526 2039 3623 2094 Do-

2033 2111 2201 2167 minus
2217 2113 2268 2168 in
2291 2116 2478 2185 templo
2492 2127 2665 2175 sancto
2685 2135 2778 2176 suo
2792 2137 2812 2176 :
2833 2120 3084 2180 Dominus
3103 2125 3154 2179 in
3178 2127 3303 2183 cazlo
3324 2129 3466 2184 sedes
3488 2131 3619 2203 ejus.

2035 2202 2198 2261 Vides
2232 2222 2391 2276 quam
2430 2210 2612 2279 paucis
2655 2211 2771 2283 ejus
2810 2217 3044 2271 narravit
3069 2218 3347 2275 auxilium.
3372 2202 3517 2291 Quid
3542 2224 3620 2281 fe.

2032 2295 2169 2351 ccrit
2195 2301 2395 2368 rogas?
2419 2300 2501 2356 Ad
2534 2300 2812 2360 Dominum
2851 2306 3090 2380 confugit
3123 2292 3211 2382 qui
3238 2322 3321 2368 est
3359 2314 3411 2368 in
3446 2315 3611 2383 cadis,

2031 2386 2122 2456 qui
2170 2396 2252 2442 est
2282 2390 2478 2462 ubique
2506 2408 2763 2464 prmsens.
2818 2397 2936 2454 Non
2982 2415 3165 2457 arcum
3219 2404 3464 2471 intendit,
3516 2423 3617 2467 nec

2031 2477 2336 2546 pharetram
2375 2485 2582 2554 paravit
2623 2488 2763 2544 sicut
2803 2490 2912 2557 ille,
2947 2507 3046 2548 nec
3070 2496 3239 2550 aciem
3271 2497 3521 2554 instruxit
3559 2503 3612 2558 in

2031 2570 2287 2626 occulto:
2320 2572 2415 2628 sed
2459 2573 2541 2631 his
2579 2579 2826 2636 omnibus
2867 2584 3083 2650 missis,
3140 2600 3288 2655 spem
3343 2589 3395 2643 in
3446 2589 3614 2647 Deum

2029 2668 2214 2717 contra
2255 2677 2442 2720 omnes
2482 2668 2699 2738 objecit,
2736 2680 2793 2727 et
2828 2688 2950 2729 eum
3000 2676 3104 2730 illis
3158 2680 3476 2748 opposuit‘,
3523 2682 3611 2752 qui

2029 2758 2176 2815 nullo
2210 2759 2402 2818 horum
2433 2761 2662 2834 indiget,
2713 2779 2821 2819 non
2869 2765 3009 2833 loco,
3055 2781 3159 2822 non
3203 2778 3473 2838 tempore,
3507 2787 3616 2827 non

2028 2851 2229 2918 armis,
2273 2866 2380 2907 non
2420 2854 2702 2925 pecuniis,
2759 2854 2854 2911 sed
2900 2856 3016 2911 solo
3066 2867 3198 2913 nutu
3251 2860 3428 2915 omnia
3487 2877 3611 2931 per—

2028 2940 2155 3012 agit.
2204 2942 2393 2999 Vidisti
2439 2943 2849 3016 inexpugnabile
2886 2945 3303 3019 cxpeditumque
3348 2959 3405 3006 et
3457 2950 3613 3010 facile

2026 3033 2319 3089 auxilium?
2348 3033 2499 3090 Oculi
2522 3037 2630 3106 ejus
2654 3037 2707 3089 in
2734 3052 3007 3107 pauperem
3033 3038 3329 3108 respiciunt,
3357 3041 3608 3112 palpebra

2024 3127 2137 3195 ejus
2174 3125 2486 3199 interrogant
2521 3127 2657 3197 ﬁlios
2706 3127 2984 3183 hominum.
3025 3129 3079 3185 6.
3113 3129 3361 3186 Dominus
3390 3134 3612 3188 interra-

2023 3226 2109 3289 gat
2141 3219 2340 3288 justum
2375 3227 2423 3273 et
2469 3218 2701 3290 impium.
2742 3218 2844 3285 Qui
2878 3231 3047 3275 autem
3083 3221 3250 3293 diligit
3271 3224 3609 3293 iniquitatem,

2024 3308 2131 3363 odit
2180 3310 2403 3364 animam
2452 3326 2617 3366 suam.
2672 3311 2824 3368 Alius
2847 3353 2864 3379 ,
2903 3310 3171 3383 Palpebra:
3216 3315 3324 3387 ejus
3375 3316 3612 3387 probant.

2024 3400 2202 3467 Alius,
2230 3401 2475 3458 Dominus
2493 3404 2666 3476 justus
2692 3405 3029 3460 examinator.
3060 3407 3232 3474 Alius,
3264 3406 3471 3463 Iustum
3496 3426 3611 3482 prc-

2022 3490 2103 3546 bat
2135 3502 2180 3546 ct
2209 3493 2440 3565 impium,
2458 3503 2637 3549 etcum
2664 3495 2750 3567 qui
2769 3506 2908 3550 amat
2932 3498 3125 3566 injusta
3148 3498 3256 3553 odit
3277 3501 3449 3554 anima
3473 3502 3605 3574 ejus.

2019 3585 2190 3652 Alius,
2228 3585 2327 3653 Qui
2354 3595 2492 3641 amat
2517 3588 2838 3659 iujustitiam,
2873 3587 2992 3643 odio
3019 3588 3169 3645 habet
3185 3590 3408 3645 animam
3432 3608 3601 3646 suam.

2021 3679 2211 3737 Vidisti
2235 3690 2476 3752 paratum
2507 3681 2809 3753 adjutorem
2830 3723 2847 3749 ,
2875 3691 3179 3754 promptum
3205 3684 3603 3763 opitulatorem,

2018 3774 2218 3847 ubique
2261 3784 2603 3845 praesentem,
2646 3776 2826 3831 omnia
2872 3775 3164 3844 videntem,
3213 3779 3390 3832 omnia
3429 3779 3602 3848 respi-

2017 3867 2244 3922 cientem
2278 3884 2291 3920 :
2322 3866 2476 3936 cujus
2516 3867 2618 3921 hoc
2654 3867 2885 3921 maxime
2910 3882 3102 3923 munus
3135 3876 3238 3935 est,
3281 3868 3381 3923 etsi
3427 3870 3601 3925 nullus

2017 3974 2140 4014 eum
2160 3966 2334 4029 rogat,
2352 3958 2654 4028 providere,
2682 3972 2863 4012 curam
2879 3972 3094 4028 gerere,
3122 3973 3218 4014 eos
3242 3960 3330 4030 qui
3348 3961 3596 4030 injuriam

2016 4050 2218 4107 faciunt
2262 4049 2570 4121 prohibere,
2604 4049 2670 4104 iis
2703 4047 2894 4118 quibus
2936 4048 2996 4103 lit
3037 4048 3227 4117 injuria
3260 4065 3592 4117 succurrere,

2014 4144 2225 4199 illorum
2252 4130 2398 4198 recie
2426 4139 2561 4197 facta
2591 4139 2942 4206 remunerari,
2970 4138 3054 4194 his
3078 4152 3178 4209 pro
3204 4140 3435 4208 peccatis
3465 4154 3595 4209 sup-

2013 4234 2168 4307 plicia
2195 4234 2435 4306 inﬂigere
2461 4236 2484 4290 ?
2507 4234 2649 4291 Nihil
2676 4250 2804 4308 ergo
2833 4235 3081 4306 ignorat:
3124 4233 3263 4288 oculi
3306 4233 3449 4289 enim
3480 4231 3597 4301 ejus

2011 4327 2196 4384 orbem
2224 4335 2382 4384 teme
2409 4326 2704 4400 reSpiciunt
2728 4328 2804 4399 (2.
2838 4326 3021 4383 Paral.
3052 4327 3141 4385 16.
3165 4326 3242 4399 9).
3273 4325 3391 4381 Non
3419 4323 3595 4378 solum

2011 4430 2188 4475 autem
2216 4420 2338 4486 hoc,
2370 4420 2465 4477 sed
2489 4422 2648 4477 etiam
2674 4436 2737 4477 ea
2763 4421 2880 4477 vult
2897 4422 3179 4494 corrigere.
3214 4421 3281 4476 Et
3309 4419 3428 4475 ideo
3456 4417 3594 4472 alius

2009 4527 2221 4584 quoque
2267 4512 2441 4584 ipsum
2493 4511 2801 4584 significans
2842 4512 3072 4580 dicebat,
3109 4511 3309 4567 Justus.
3339 4510 3396 4567 Si
3449 4511 3592 4566 enim

2002 4605 2200 4676 justus,
2228 4619 2333 4661 non
2363 4604 2579 4661 inducet
2625 4606 2680 4660 in
2721 4605 2957 4661 animum
2995 4614 3054 4660 ut
3096 4607 3211 4661 haec
3249 4614 3449 4660 temere
3478 4603 3591 4658 fieri

2006 4700 2297 4771 permittat.
2346 4700 2639 4754 Aversatur
2687 4698 2879 4765 malos,
2924 4698 3102 4756 laudat
3143 4698 3338 4768 justos.
3390 4696 3590 4750 Deinde

2003 4791 2147 4862 quod
2178 4791 2230 4847 in
2256 4791 2421 4862 priori
2454 4791 2665 4846 Psalmo
2700 4791 2931 4859 dicebat,
2968 4790 3257 4847 ostendens
3300 4791 3431 4845 satis
3468 4804 3588 4845 esse

2004 4883 2190 4937 vitium
2221 4883 2288 4937 ad
2318 4883 2463 4953 ipsos
2487 4882 2899 4949 consumendos,
2945 4882 3045 4938 hoc
3084 4883 3174 4938 hic
3198 4884 3357 4938 etiam
3384 4882 3587 4951 signifi-

2004 4988 2133 5029 cans
2163 4973 2474 5044 subjunxit:
2502 4974 2602 5042 Qui
2627 4983 2793 5028 autem
2830 4984 2968 5028 amat
2991 4974 3315 5045 injustitiam,
3345 4974 3449 5027 odit
3474 4973 3588 5025 aui-

2001 5079 2138 5118 mam
2180 5079 2343 5118 suam.
2388 5063 2483 5118 Est
2512 5064 2652 5118 enim
2678 5064 2873 5119 anima:
2900 5065 3170 5119 inimicum
3196 5065 3381 5118 vitium
3401 5101 3418 5127 ,
3448 5059 3585 5115 infu-

2000 5165 2162 5222 stum,
2189 5164 2243 5210 et
2271 5154 2624 5225 perniciosum
2651 5171 2854 5226 :quare
2883 5156 2965 5210 vel
3003 5165 3127 5209 ante
3151 5153 3469 5224 supplicium
3492 5151 3581 5207 dat

2000 5261 2180 5316 pamas
2227 5245 2517 5315 improbus.
2552 5246 2738 5301 Vidisti
2784 5246 3051 5316 quomodo
3093 5244 3322 5314 undique
3348 5244 3583 5298 ostendit

1997 5337 2333 5392 adversarios
2384 5337 2539 5393 facile
2573 5339 2690 5408 capi
2736 5352 2911 5407 posse,
2953 5351 3073 5390 cum
3111 5343 3166 5390 et
3200 5334 3359 5390 talem
3389 5332 3582 5391 habent

1996 5431 2318 5502 adjutorem,
2346 5438 2401 5485 et
2418 5446 2448 5484 a
2471 5429 2699 5501 propriis
2721 5429 2793 5482 illi
2818 5427 2982 5481 armis
3010 5428 3308 5495 vincantur,
3341 5443 3437 5498 per
3459 5443 3578 5498 qua:

1995 5525 2326 5594 muniuntur,
2351 5538 2445 5594 per
2470 5538 2533 5579 ea
2559 5538 2619 5578 se
2645 5529 3040 5588 consumeutes,
3064 5528 3120 5578 et
3141 5522 3346 5594 seipsos
3374 5521 3576 5577 laeden-

2056 5747 2071 5780 ι
2096 5745 2183 5800 lite
2201 5760 2365 5812 voces,
2383 5752 2428 5801 et
2445 5760 2555 5800 cum
2575 5745 2674 5799 illis
2694 5749 2929 5812 opposuit,
2953 5748 3130 5800 desunt
3146 5748 3197 5799 in
3209 5743 3350 5797 savii.
3363 5751 3417 5797 et
3436 5742 3569 5798 Colb.
