4064 6206
432 355 531 410 143
1097 351 1155 409 S.
1193 351 1470 409 JOANNIS
1507 348 1983 407 CllRYSOSTOMl
2020 350 2337 406 ARClllEP.
2378 350 2912 409 CONSTANTINOP.
3612 357 3713 410 Hb

427 472 547 526 tes?
595 469 770 524 vidisti
817 468 997 523 auxilii
1052 467 1402 524 facilitatem?
1428 467 1618 538 Neque
1654 465 1798 522 enim
1836 466 2014 536 aliquo

423 563 680 629 eundum,
710 578 810 618 nec
835 563 1154 620 currendum
1183 571 1299 629 est,
1325 577 1423 617 nec
1451 563 1826 618 consumenda:
1858 574 2018 628 pecu-

427 655 552 721 nite,
581 669 702 709 cum
735 655 876 710 Deus
900 654 970 708 sit
999 654 1194 724 ubique
1233 669 1488 724 praesens,
1519 663 1573 708 et
1597 651 1774 706 omnia
1818 649 2016 705 videat.

423 747 480 800 7.
514 744 666 801 Platet
697 762 849 816 super
873 755 1158 816 peccatores
1191 745 1414 814 laqueos,
1451 743 1584 814 ignis
1619 752 1665 796 et
1693 741 1934 810 sulphur,
1966 749 2016 796 et

425 839 636 907 spiritus
682 839 1042 908 procellarum,
1087 854 1207 908 pars
1241 837 1414 890 colicis
1454 851 1647 890 eorum.
1680 833 1735 888 8.
1762 833 2014 900 Quoniam

427 931 590 994 iustus
630 929 900 994 Dominus,
952 940 998 984 et
1036 929 1267 1000 justitias
1315 927 1513 995 dilexit,
1566 927 1850 996 (equitatem
1890 926 2014 980 vidit

423 1022 590 1075 vultus
627 1021 757 1093 ejus.
812 1021 982 1088 Alius,
1028 1019 1180 1074 Pluet
1219 1035 1372 1090 super
1412 1019 1610 1088 iniquos
1639 1017 1880 1072 carbones
1911 1016 2009 1085 (a).

424 1114 594 1178 Alius,
622 1113 967 1168 Rectitudines
991 1111 1174 1166 videbit
1195 1111 1359 1165 vultus
1378 1126 1570 1174 eorum,
1593 1108 1695 1164 hoc
1719 1118 1823 1172 est,
1841 1106 2013 1176 justo-

424 1223 564 1269 rum,
596 1207 678 1261 vel
703 1207 863 1260 etiam
893 1206 1059 1275 ipsius
1081 1205 1195 1259 Dei.
1219 1204 1506 1274 Postquam
1535 1201 1670 1256 dixit
1693 1199 2012 1271 supplicium

421 1297 562 1368 quod
587 1313 655 1353 ex
675 1297 803 1351 vitio
821 1298 1008 1362 oritur,
1030 1297 1279 1366 quoniam
1309 1296 1461 1350 multi
1483 1295 1536 1350 id
1559 1301 1924 1364 contemnunt,
1943 1306 2011 1346 ex

425 1389 575 1458 plaga
602 1403 720 1457 qua:
749 1403 982 1456 superne
1009 1386 1232 1442 infertur
1268 1395 1501 1441 mentem
1527 1384 1779 1453 deinceps
1809 1382 2011 1451 impro-

425 1478 612 1532 borum
628 1479 881 1543 concutit,
899 1477 1200 1548 etupliatica
1220 1487 1275 1531 et
1289 1492 1402 1532 rem
1423 1476 1755 1546 exprimente
1769 1474 2012 1528 oratione

426 1578 602 1635 utens,
657 1577 712 1623 et
760 1583 853 1638 per
900 1569 1116 1623 nomina
1172 1568 1431 1624 terribilia
1471 1567 1783 1637 procedens.
1830 1563 2009 1635 Ignem

422 1662 588 1724 enim,
620 1673 673 1716 et
693 1661 935 1732 sulphur,
966 1671 1020 1716 et
1048 1662 1294 1733 spiritum
1326 1662 1696 1732 procellarmu,
1731 1669 1784 1714 et
1817 1659 2010 1713 carbo-

425 1766 543 1816 nes,
592 1751 782 1822 inquit,
833 1767 1064 1822 superne
1119 1752 1284 1824 pluet,
1327 1751 1617 1807 dictionum
1668 1750 2011 1805 translatione

427 1858 638 1910 pinnam
671 1843 1024 1898 inevitabilem
1048 1884 1064 1910 ,
1096 1842 1341 1913 supplicii
1372 1841 1756 1905 diversitatem,
1788 1839 2010 1895 feriendi

426 1933 749 2002 facilitatem,
773 1945 828 1991 et
850 1935 1200 1991 consumendi
1227 1935 1332 1990 vim
1356 1935 1542 1990 volens
1569 1933 1870 1990 ostendere.

493 2028 547 2082 5.
567 2027 704 2096 Quid
735 2037 836 2094 est,
881 2028 1014 2084 Pars
1043 2029 1216 2082 salicis
1241 2029 1451 2082 eorum?
1479 2027 1603 2082 [late
1623 2069 1638 2094 ,
1681 2027 1870 2097 inquit,
1923 2033 2008 2082 est

423 2135 543 2175 ξυιυς
569 2135 779 2188 eorum,
810 2121 923 2176 ha~c
945 2121 1248 2191 possessio:
1287 2120 1340 2176 in
1380 2134 1446 2175 eo
1472 2119 1841 2184 \‘ersabuntur,
1870 2118 1920 2172 in
1943 2134 2010 2172 eo

421 2223 823 2269 consumentur.
874 2214 1078 2270 Deinde
1123 2228 1340 2268 causam
1384 2227 1598 2283 quoque
1642 2209 1819 2276 affert,
1867 2207 2008 2279 quod

422 2305 511 2371 qui
533 2303 709 2359 omnia
739 2305 954 2374 respicit
988 2321 1094 2360 nou
1123 2305 1396 2375 permittat
1439 2312 1499 2357 ut
1528 2303 1642 2357 lia-c
1668 2303 1882 2370 impune
1912 2301 2006 2354 ab-

421 2403 565 2448 eant.
594 2395 746 2463 Quod
777 2397 913 2451 alius
941 2397 1102 2451 etiam
1132 2396 1261 2450 dicit
1282 2394 1541 2466 propheta
1569 2411 1582 2446 :
1620 2392 1790 2446 Purus
1831 2391 2008 2447 oculus

421 2497 559 2552 tuus,
591 2505 656 2543 ne
694 2489 858 2543 videat
905 2490 1074 2554 mala,
1103 2499 1149 2542 et
1175 2505 1331 2555 super
1374 2489 1570 2541 labores
1619 2488 1865 2556 respicere
1907 2503 2008 2540 non

423 2581 606 2646 poteris
656 2595 675 2633 :
718 2579 820 2634 hoc
848 2596 1058 2650 quoque
1099 2580 1333 2634 ostendit
1362 2579 1448 2633 hic
1494 2579 1676 2632 dicens
1709 2596 1721 2630 :
1759 2576 2007 2643 Quoniam

413 2671 586 2739 justus
613 2668 880 2735 Dominus,
927 2681 973 2724 et
1005 2671 1239 2740 jnstitius
1293 2669 1468 2724 dilexit
1521 2669 1746 2737 (llubac.
1780 2669 1829 2722 1.
1879 2667 2000 2737 15).

421 2760 534 2816 lloc
562 2761 653 2816 Dei
670 2769 753 2816 est
771 2761 1046 2826 eximium,
1069 2777 1188 2831 qua:
1204 2763 1346 2830 justa
1371 2769 1494 2814 sunt
1518 2760 1820 2824 admittere,
1845 2759 2009 2828 tuqui-

421 2864 581 2910 tatcm
617 2854 866 2926 amplecti
895 2871 908 2908 :
939 2871 1039 2910 nec
1066 2871 1186 2926 qua:
1209 2854 1366 2910 aliter
1389 2855 1540 2919 fiunt,
1565 2869 1813 2924 muquam
1843 2851 2007 2907 susti-

420 2947 618 3002 nuerit.

485 3037 808 3106 Comparatio
845 3039 1062 3109 passeris
1091 3054 1203 3091 cum
1231 3038 1402 3091 divite.
1431 3067 1501 3077 ——
1528 3037 1816 3107 Propterea
1856 3036 2004 3091 Psal-

418 3147 561 3184 tnum
591 3129 870 3198 incipiens,
894 3128 1132 3184 dicebat:
1157 3127 1224 3181 In
1247 3126 1467 3181 Domino
1492 3129 1694 3196 conﬁdo
1717 3145 1734 3194 ;
1756 3128 2006 3200 quomodo

417 3222 584 3276 dicitis
610 3223 795 3275 animis
839 3237 963 3275 mea:
995 3219 1365 3290 :Transmigra
1409 3221 1464 3273 in
1504 3229 1695 3274 montes
1736 3223 1863 3274 sicut
1889 3237 2008 3290 pas-

417 3318 535 3369 ser?
563 3315 661 3383 Qui
689 3315 830 3370 enim
863 3315 914 3368 in
943 3314 1102 3368 rebus
1130 3314 1354 3368 terrenis
1378 3355 1393 3378 ,
1425 3321 1480 3367 et
1505 3312 1570 3366 iis
1611 3328 1730 3382 qua:
1758 3313 1823 3366 ad
1870 3313 2008 3367 hanc

419 3410 578 3462 vitam
609 3409 895 3478 pertinent,
929 3407 1200 3461 conliduut
1223 3447 1237 3469 ,
1270 3406 1438 3461 nihilo
1477 3407 1665 3460 melius
1694 3406 2007 3462 afliciuntur

423 3517 581 3568 quam
614 3515 800 3569 passer
825 3499 913 3568 qui
944 3499 1112 3554 fidens
1151 3499 1447 3563 solitudini,
1503 3498 1660 3554 facile
1690 3499 1804 3569 capi
1831 3507 2002 3568 potest

417 3592 484 3645 ab
513 3591 780 3646 onmibus.
829 3589 972 3646 Talis
995 3600 1076 3646 est
1106 3590 1388 3660 quispet'at
1418 3592 1468 3645 iu
1500 3593 1768 3662 pecuniis.
1800 3592 2004 3660 Quem-

417 3685 703 3739 admodum
735 3699 918 3754 passer
941 3693 993 3739 et
1021 3700 1049 3736 a
1083 3685 1282 3753 pueris,
1305 3693 1359 3738 et
1379 3699 1408 3736 a
1441 3685 1584 3739 visco
1610 3687 1838 3755 capitur,
1869 3701 1898 3740 a
1928 3687 2005 3742 la-

416 3776 590 3845 queis,
622 3786 676 3831 et
700 3777 768 3832 ab
798 3777 919 3831 aliis
949 3776 1428 3832 innumerabilibus
1458 3793 1471 3830 :
1520 3777 1590 3830 ita
1621 3777 1781 3832 etiam
1809 3779 1898 3849 qui
1923 3790 2006 3834 est

415 3867 585 3929 dives.
615 3875 671 3923 et
701 3882 918 3922 suorqu
943 3907 958 3933 ,
992 3877 1046 3922 et
1077 3867 1307 3922 hostium
1363 3868 1560 3937 petitur
1597 3868 1801 3923 insidiis
1832 3878 1923 3924 :ct
1949 3869 2000 3923 in

415 3959 616 4028 majore
639 3974 798 4029 quam
821 3959 907 4012 ille
933 3967 1178 4013 versatur
1208 3959 1467 4029 periCuio,
1498 3969 1554 4012 nt
1575 3960 1664 4029 qui
1689 3962 1885 4015 multos
1909 3960 2004 4014 ba-

415 4053 557 4116 beat,
583 4053 672 4122 qui
701 4052 900 4106 viscum
925 4051 1200 4116 adhibent,
1230 4061 1282 4106 et
1316 4061 1442 4106 ante
1471 4051 1611 4118 illos,
1641 4051 1806 4106 malas
1848 4051 2004 4120 cupi-

411 4145 638 4208 ditates;
667 4153 854 4215 estque
902 4158 1116 4214 semper
1154 4145 1575 4213 trausmigrator,
1623 4159 1836 4213 semper
1863 4153 2002 4199 tem-

414 4237 525 4306 pori
563 4236 826 4302 serviens,
852 4243 908 4289 et
937 4236 1180 4290 lictorum
1225 4233 1332 4288 iras
1382 4235 1783 4303 pertimescens,
1811 4243 1864 4288 et
1893 4233 1999 4287 lm-

413 4329 675 4397 peratoris
727 4327 1163 4398 indignationem,
1200 4336 1249 4380 et
1281 4324 1614 4379 adulatorqu
1659 4325 1896 4390 insidias,
1947 4334 2002 4378 et

413 4423 624 4477 fraudes
666 4422 996 4486 amicorum;
1044 4429 1099 4473 et
1145 4434 1266 4472 cum
1323 4417 1504 4470 lt05|es
1561 4416 1829 4482 it'rucrittt,
1883 4417 1998 4486 plus

411 4531 570 4584 quant
602 4529 792 4568 omnes
833 4512 1218 4576 contretniscit,
1247 4520 1444 4564 etcum
1476 4520 1558 4564 est
1586 4525 1708 4577 pax,
1755 4509 1996 4577 suspica-

413 4619 499 4663 tur
529 4609 867 4662 iusidiatores
898 4625 912 4660 :
945 4622 1118 4675 neque
1162 4604 1302 4660 enim
1333 4603 1492 4657 habet
1517 4602 1727 4655 divitias
1754 4601 1992 4668 stabilc=,

410 4709 465 4754 et
490 4717 608 4769 qua:
633 4699 833 4754 auferri
864 4705 1152 4767 nequeunt.
1190 4695 1312 4750 Ideo
1338 4711 1551 4762 semper
1577 4694 1715 4748 volat
1740 4702 1794 4748 et
1822 4703 1996 4747 trans-

415 4793 626 4861 migrat,
661 4798 872 4844 montes
915 4798 970 4842 et
1021 4789 1234 4842 deserta
1285 4800 1634 4856 persequens,
1684 4798 1899 4838 versans
1941 4784 1991 4837 in

407 4883 658 4954 caligine,
687 4891 742 4937 et
770 4882 822 4936 in
860 4881 1085 4936 meridie
1111 4893 1322 4936 crassas
1351 4879 1551 4932 habens
1593 4877 1860 4944 tenebras,
1891 4876 1990 4932 do-

409 4979 594 5045 lusque
637 4983 868 5028 struens.
897 4972 1003 5028 Sed
1053 4987 1157 5026 non
1191 4971 1307 5025 talis
1349 4979 1431 5044 est
1470 4968 1664 5039 justus.
1708 4967 1814 5020 Via:
1856 4970 1988 5022 enim

399 5069 660 5138 iustorum
686 5065 1006 5134 resplendent
1033 5065 1194 5116 instar
1213 5062 1338 5117 lucis
1368 5060 1549 5133 (Prov.
1587 5062 1639 5115 4.
1669 5062 1774 5130 l8).
1806 5060 1990 5130 Neque

404 5161 548 5215 enim
581 5158 799 5214 insidias
824 5172 1032 5226 parare,
1079 5171 1252 5226 neque
1287 5155 1539 5225 iniuriam
1586 5153 1758 5208 facere
1787 5155 1988 5208 consti-

404 5262 578 5319 tuunt,
606 5250 701 5306 sed
725 5253 963 5321 quietum
1005 5249 1200 5304 habent
1226 5248 1484 5302 animum.
1513 5246 1591 5300 Illi
1618 5255 1795 5300 autem
1834 5245 1988 5302 dolos

401 5359 615 5414 semper
635 5352 922 5407 struentes,
951 5357 1163 5412 semper
1187 5349 1315 5396 sunt
1340 5340 1392 5394 iu
1420 5348 1564 5394 metu
1591 5348 1644 5392 et
1672 5339 1722 5392 in
1750 5339 1986 5394 tenebris

403 5437 541 5492 sicut
581 5436 837 5502 latrones,
861 5450 1133 5492 murorum
1161 5432 1489 5504 perfossor-es
1518 5439 1573 5486 et
1601 5429 1829 5485 adulteri
1868 5447 1882 5484 :
1909 5429 1987 5484 in-

465 5571 538 5632 (α)
563 5571 615 5620 lu
635 5577 815 5622 Graeco.
837 5581 915 5621 am
937 5583 993 5621 te.
1008 5581 1231 5634 «W34in
1253 5575 1438 5626 estw...
1457 5564 1611 5634 _(‘.ujus
1631 5563 1694 5634 sit
1711 5563 1814 5634 haec
1837 5568 1985 5634 inter-

403 5619 612 5697 pretatio
631 5619 789 5682 Greca
807 5619 1076 5694 ignoratur:
1104 5619 1190 5679 llle
1217 5619 1360 5688 vero,
1388 5619 1608 5690 quisquis
1647 5625 1819 5682 fuerit,
1844 5628 1984 5697 Dm}:

405 5695 773 5766 vertitutttm
794 5701 1021 5766 carbones
1044 5714 1060 5751 :
1082 5715 1172 5749 nec
1185 5697 1574 5766 fortassenialez
1604 5709 1795 5766 uam_cx
1821 5695 1982 5746 radice

401 5773 500 5826 ἣτε)
521 5759 850 5829 inﬂiuitmmtdi
890 5765 1091 5812 verbum
1127 5763 1278 5810 oritur
1317 5763 1362 5809 iu
1397 5759 1546 5821 hiphil
1584 5763 1749 5821 etn‘a
1773 5772 1981 5810 emerent

405 5836 656 5904 signiticet.
691 5835 806 5887 Vide
829 5835 1031 5888 Lexiceu
1057 5840 1270 5884 nostrum
1295 5833 1340 5884 iu
1367 5833 1596 5894 ltexapla.

2127 468 2298 522 terdiu
2328 467 2514 524 vident
2557 471 2827 538 tenebras,
2857 487 2976 526 cum
3004 476 3072 528 sit
3097 490 3283 528 eorum
3312 475 3488 529 anima
3517 476 3712 528 timore

2121 562 2457 616 conturbata.
2489 562 2770 630 Quomodo
2797 580 2925 636 ergo
2966 577 3188 636 possunt
3219 567 3301 621 ha:
3338 567 3532 622 discuti
3562 576 3710 621 tene-

2120 651 2271 708 brae?
2294 652 2349 708 Si
2387 662 2441 708 te
2467 654 2536 709 ab
2565 654 2649 709 his
2677 655 2926 710 omnibus
2950 656 3250 734 sejunxeris
3269 697 3286 723 ,
3316 667 3370 711 et
3411 673 3440 711 a
3474 657 3566 712 Dei
3615 672 3710 726 spe

2119 745 2458 815 pependeris,
2493 747 2595 802 etsi
2621 748 2698 802 sis
2741 749 2935 805 millies
2965 760 3231 819 peccator.
3267 750 3520 820 Respicite
3541 750 3706 815 euitn,

2119 834 2308 905 inquit,
2337 837 2407 890 ad
2428 840 2666 910 antiquas
2691 841 3060 911 generationes,
3089 852 3132 894 et
3158 841 3318 894 videte
3339 843 3449 911 quis
3477 843 3704 908 speravit

2117 925 2174 980 in
2209 925 2522 994 Dominum,
2553 940 2601 983 et
2630 934 2872 1002 confusus
2919 942 2994 988 est
3027 933 3042 963 ⁸
3076 931 3266 1001 (Eccli.
3309 931 3364 985 2.
3411 934 3471 988 ιι
3499 931 3544 1003 ).
3592 933 3707 988 Non

2117 1015 2284 1083 dixit,
2309 1017 2490 1073 Justus
2523 1039 2536 1074 :
2567 1020 2661 1075 sed
2689 1063 2704 1086 ,
2732 1019 2903 1088 Quis?
2931 1023 3044 1077 Etsi
3069 1023 3170 1086 sit,
3202 1023 3408 1092 inquit,
3437 1035 3705 1092 peccator.

2123 1107 2240 1165 Hoc
2279 1109 2421 1163 enim
2449 1111 2788 1178 admirabile,
2819 1113 2960 1182 quod
2990 1114 3150 1168 etiam
3195 1122 3507 1184 peccatores
3546 1130 3708 1168 anco—

2118 1213 2234 1253 ram
2281 1197 2419 1254 hauc
2449 1210 2728 1267 tenentes,
2778 1213 2903 1258 sunt
2945 1205 3192 1259 omnibus
3241 1205 3702 1278 inexpugnabiles.

2115 1290 2231 1346 lloc
2253 1301 2337 1346 est
2368 1291 2510 1348 enim
2555 1297 2784 1351 maxime
2829 1296 2882 1351 iu
2915 1297 3081 1352 Deum
3131 1297 3450 1362 ali‘ectionis,
3492 1299 3706 1369 quando

2117 1391 2195 1438 tot
2224 1384 2378 1439 malis
2403 1401 2690 1455 oppressus
2715 1388 2767 1451 in
2799 1388 2914 1458 ejus
2941 1389 3266 1459 benignitate
3292 1389 3539 1444 habuerit
3567 1390 3696 1444 fidit-

2114 1473 2274 1528 ciam.
2303 1475 2603 1530 Sicuteuitu
2624 1478 2938 1534 maledictus
2964 1491 3044 1533 est
3065 1480 3154 1549 qui
3174 1489 3355 1550 sperat
3385 1479 3435 1534 in
3465 1479 3700 1545 homine,

2115 1563 2185 1618 ita
2213 1566 2370 1619 etiam
2397 1565 2585 1622 beatus
2611 1578 2694 1623 est
2723 1569 2811 1639 qui
2855 1578 3040 1639 sperat
3068 1571 3117 1624 in
3164 1569 3274 1625 Deo
3303 1568 3454 1642 (Jer.
3490 1572 3576 1626 l7.
3623 1571 3701 1642 5).

2115 1657 2198 1712 Ab
2223 1658 2471 1713 omnibus
2497 1674 2626 1730 ergo
2656 1670 2710 1716 te
2756 1661 3060 1732 sejungens,
3108 1663 3244 1717 hanc
3273 1673 3394 1718 tene
3423 1678 3699 1720 ancoram.

2119 1746 2260 1802 Deus
2285 1749 2426 1803 enim
2468 1752 2646 1805 omnia
2688 1753 2958 1820 intuetur,-
2973 1754 3115 1824 juslc
3139 1753 3362 1823 judicat,
3395 1765 3449 1810 et
3476 1772 3580 1809 non
3612 1772 3703 1809 :0-

2114 1839 2223 1894 lum
2249 1839 2474 1909 iudicat,
2498 1841 2591 1896 sed
2618 1843 2776 1897 etiam
2801 1843 2868 1898 ad
2899 1860 3032 1914 opus
3056 1844 3271 1899 deducit
3297 1861 3310 1898 :
3335 1855 3388 1900 et
3406 1845 3526 1900 ideo
3549 1856 3696 1915 post-

2110 1945 2272 2000 quam
2293 1932 2428 1987 dixit
2447 1933 2514 1988 de
2544 1933 2901 2005 ejusjustitia,
2929 1937 3163 2000 ostendit
3189 1938 3351 1993 etiam
3382 1939 3700 2009 supplicium

2112 2037 2212 2093 per
2239 2024 2438 2094 ignem,
2470 2040 2568 2094 per
2593 2028 2880 2097 procellam
2909 2044 2925 2082 :
2956 2027 3059 2084 hoc
3102 2038 3284 2084 autem
3329 2029 3453 2085 facit
3487 2031 3702 2085 illorqu

2113 2127 2294 2168 curam
2319 2131 2532 2185 gerens,
2572 2126 2627 2173 et
2658 2134 2751 2187 per
2785 2119 3102 2190 supplicium
3145 2121 3374 2175 reddens
3413 2121 3704 2176 modestio-

2114 2222 2220 2260 res.
2250 2207 2510 2264 Omnibus
2537 2225 2666 2280 ergo
2692 2210 2760 2266 de
2789 2211 2966 2268 causis
2993 2211 3060 2268 ad
3089 2228 3210 2268 cum
3258 2213 3572 2268 accedamus
3591 2254 3606 2272 .
3649 2222 3703 2268 ct

2114 2309 2373 2366 perpetuo
2405 2301 2470 2354 ad
2501 2317 2624 2356 eum
2654 2304 3024 2372 respiciamus.
3052 2303 3126 2358 lta
3155 2305 3298 2360 enim
3330 2307 3491 2360 etiam
3521 2308 3698 2362 omnia

2113 2387 2251 2442 bona
2291 2405 2680 2461 consequemur
2718 2393 2770 2446 in
2801 2393 3014 2449 Christo
3039 2395 3164 2450 Jesu
3212 2397 3438 2451 Domino
3491 2407 3697 2462 nostro,

2113 2479 2200 2534 cui
2225 2481 2391 2551 gloria
2424 2483 2476 2537 in
2507 2485 2702 2539 smcula
2732 2486 3078 2540 saeculorum.
3107 2489 3301 2542 Amen.

2434 2635 2794 2698 EXPOSlTlO
2838 2639 2904 2696 lN
2935 2642 3257 2700 PSALMUM
3288 2643 3377 2698 XI.

2116 2773 2167 2826 1.
2195 2771 2262 2826 In
2305 2774 2458 2842 ﬁnem
2503 2793 2596 2845 pro
2639 2787 2833 2831 octava.
2877 2777 3060 2844 Alius,
3107 2778 3338 2834 Victoriae
3374 2790 3569 2834 auctori
3609 2799 3699 2852 pro

2287 2877 2481 2920 octava.
2511 2867 2766 2923 Hebraeus
2789 2879 2988 2934 autem,
3017 2870 3316 2938 Aseminitlr,
3346 2871 3535 2941 inquit.

2109 2955 2163 3009 2.
2197 2955 2413 3012 Salvum
2455 2974 2536 3012 me
2579 2963 2682 3030 fac,
2714 2958 2951 3026 Domine,
2982 2965 3220 3030 quoniam
3259 2962 3440 3032 defecit
3464 2975 3692 3029 sanctus,

2179 3051 2420 3121 quoniam
2443 3051 2706 3106 diminuta:
2745 3061 2860 3106 sunt
2907 3054 3136 3107 veritates
3171 3071 3202 3106 a
3247 3054 3367 3121 ﬁliis
3415 3055 3694 3110 hominum.

2183 3143 2354 3210 Alius,
2385 3144 2639 3210 Quoniam
2669 3147 2921 3199 terminuti
3017 3155 3141 3200 sunt
3204 3147 3379 3215 ﬁdeles
3403 3164 3436 3199 a
3461 3148 3583 3216 ﬁliis
3608 3150 3699 3201 lto-

2184 3254 2396 3292 mtuum.

2185 3349 2236 3403 l.
2267 3349 2442 3404 Ardua
2465 3349 2679 3420 quidem
2709 3363 2795 3404 res
2813 3359 2896 3404 est
2923 3349 3109 3416 virtus,
3132 3359 3186 3404 et
3217 3366 3310 3418 per
3338 3365 3398 3404 se
3425 3350 3692 3415 difﬁcilis;

2112 3442 2340 3498 maxime
2369 3452 2566 3507 autem,
2596 3443 2809 3512 quando
2839 3444 2927 3512 qui
2958 3452 3212 3513 operatur
3235 3459 3358 3499 cum
3387 3459 3574 3514 magna
3600 3445 3696 3500 ho-

2111 3551 2300 3592 norum
2331 3535 2565 3589 virorum
2597 3534 2865 3604 paucitate
2910 3546 3170 3590 versatur.
3217 3535 3366 3591 Sicut
3408 3537 3552 3591 enim
3599 3537 3697 3591 iter

2110 3630 2283 3701 agenti
2308 3628 2456 3684 labor
2475 3635 2558 3684 est
2579 3671 2594 3693 ,
2627 3629 2795 3683 multo
2833 3630 3000 3699 magis
3033 3638 3209 3683 autem
3239 3629 3282 3682 si
3316 3628 3463 3684 solus
3487 3633 3556 3684 sit
3581 3631 3695 3683 via-

2113 3731 2214 3786 tor,
2243 3732 2299 3776 ct
2336 3720 2452 3774 sine
2496 3720 2594 3773 vite
2635 3721 2830 3774 comite
2862 3737 2874 3772 :
2909 3721 2978 3774 ita
3007 3719 3094 3774 hic
3131 3721 3313 3775 etiam.
3370 3721 3482 3776 Non
3535 3737 3695 3791 parva

2109 3813 2250 3867 enim
2281 3826 2369 3866 res
2394 3819 2475 3864 est
2513 3809 2733 3864 fratrum
2757 3812 2984 3866 societas
3009 3820 3062 3866 et
3095 3811 3416 3866 adhortatio.
3467 3813 3531 3876 Et
3575 3812 3696 3868 ideo

2108 3901 2233 3956 dicit
2261 3901 2418 3956 etiam
2452 3900 2665 3967 Paulus,
2689 3901 3072 3957 Consideruntes
3101 3919 3186 3958 vos
3205 3903 3343 3973 ipsos
3361 3903 3429 3956 ad
3455 3920 3695 3972 provoca-

2109 3993 2292 4046 tionem
2327 3991 2610 4046 dilectionis
2639 4001 2684 4046 et
2720 3992 2967 4047 bonorum
3004 4011 3212 4064 operum
3241 3993 3430 4065 (Hebr.
3464 3995 3550 4048 10.
3576 3994 3690 4062 24).

2110 4082 2175 4137 Et
2204 4081 2324 4138 ideo
2366 4091 2490 4138 sunt
2534 4083 2619 4138 vel
2669 4085 2902 4140 maxime
2948 4084 3087 4139 beati
3135 4083 3407 4153 judieaudi
3460 4096 3691 4150 veteres,

2108 4193 2211 4232 non
2235 4175 2375 4248 quod
2409 4186 2554 4233 recte
2579 4185 2634 4234 et
2678 4193 2744 4231 ex
2771 4178 2964 4232 virtute
2991 4191 3050 4232 se
3077 4176 3344 4246 gesserint
3371 4218 3385 4239 ,
3420 4177 3514 4232 sed
3545 4179 3688 4248 quod

2107 4279 2239 4336 tum,
2267 4285 2387 4325 cum
2418 4283 2606 4340 magna
2637 4278 2781 4324 esset
2802 4268 3012 4322 virtutis
3037 4266 3310 4333 sterilitas,
3345 4276 3399 4322 et
3423 4283 3686 4339 nusquam

2104 4374 2424 4436 apparerent
2450 4363 2540 4434 qui
2581 4376 2641 4418 se
2687 4371 2835 4418 recte
2861 4368 3129 4431 gererent.
3172 4359 3283 4414 Hoc
3325 4375 3454 4430 ergo
3483 4362 3690 4432 signiti-

2103 4474 2231 4512 cans
2258 4473 2468 4528 quoque
2493 4456 2766 4526 Scriptura
2794 4453 3005 4509 dicebat
3031 4472 3045 4508 :
3080 4451 3194 4508 Noe
3208 4455 3405 4525 justus,
3436 4459 3690 4526 perfectus

2102 4553 2153 4606 in
2181 4550 2501 4622 generatione
2525 4565 2618 4604 sna
2648 4547 2795 4617 (Gen.
2827 4546 2879 4602 6.
2911 4546 3000 4618 9).
3048 4545 3339 4616 PrOpterea
3365 4547 3690 4602 admiramur

2102 4641 2398 4707 Abraham,
2419 4649 2698 4710 prepterea
2720 4639 2839 4704 Lot,
2859 4648 3139 4709 propterea
3166 4638 3386 4703 Mosem,
3409 4640 3547 4709 quod
3578 4641 3689 4694 vel-

2103 4734 2177 4789 ttti
2215 4736 2267 4788 in
2298 4733 2557 4803 profunda
2581 4742 2737 4788 nocte
2758 4733 2929 4788 stella:
2952 4743 3293 4802 apparerent,
3325 4743 3379 4785 et
3412 4742 3682 4802 tamquam

2101 4843 2238 4882 rosa:
2267 4827 2404 4882 inter
2432 4829 2634 4892 spinas,
2674 4833 2730 4880 et
2769 4840 2896 4880 oves
2938 4825 3077 4880 inter
3120 4826 3272 4894 lupos
3325 4825 3689 4879 innumerabi-

2100 4919 2198 4984 les,
2229 4928 2286 4973 ut
2322 4918 2409 4989 qui
2439 4919 2576 4971 viam
2603 4917 2852 4971 omnibus
2876 4917 3202 4972 contrariam
3253 4917 3684 4985 ingrederentur,

2097 5009 2549 5081 coeptumquciter
2569 5008 2787 5062 minime
2810 5009 3278 5076 interrumpercnt.
3304 5007 3357 5061 Si
3383 5007 3485 5062 hoc
3509 5008 3684 5076 ipsum

2097 5105 2236 5158 enim
2260 5113 2343 5157 est
2363 5101 2576 5156 dillieile
2603 5101 2655 5154 in
2675 5099 3034 5162 multitudine,
3058 5109 3113 5155 et
3141 5101 3229 5169 qui
3257 5100 3436 5156 multis
3465 5110 3650 5156 contra
3667 5131 3686 5144 ο
3711 5087 3716 5106 ³

2098 5197 2230 5250 rium
2276 5195 2377 5248 iter
2431 5190 2848 5261 ingredientibus
2906 5190 3019 5259 ipse
3063 5191 3207 5244 solus
3257 5204 3439 5244 contra
3491 5192 3684 5254 tendit,

2097 5265 2302 5357 magnis
2325 5284 2554 5338 afﬁcitur
2582 5283 2858 5346 molcsdis,
2879 5292 2932 5336 et
2955 5283 2998 5337 si
3031 5283 3082 5336 in
3107 5283 3438 5353 navigatione
3468 5294 3549 5338 est
3575 5285 3683 5338 dif-

2095 5379 2252 5443 licile,
2282 5391 2404 5431 cum
2437 5375 2626 5429 fluctus
2651 5381 2708 5430 ct
2730 5383 2896 5429 tostus
2923 5384 3108 5429 contra
3137 5373 3338 5428 feratur
3363 5416 3376 5438 ,
3409 5390 3597 5429 navem
3630 5375 3682 5429 in

2092 5470 2416 5525 contrarium
2434 5467 2660 5538 dirigere
2692 5486 2704 5521 :
2737 5467 2906 5522 multo
2922 5468 3089 5537 magis
3106 5468 3156 5520 in
3185 5468 3401 5522 virtute.
3425 5468 3680 5537 Propter-

2092 5580 2154 5617 ea
2194 5560 2282 5618 hic
2317 5575 2528 5632 quoque
2549 5557 2747 5630 justus,
2777 5557 2945 5630 utqui
2973 5558 3119 5613 solus
3143 5573 3260 5613 eam
3288 5557 3677 5628 apprehendis-

2157 5756 2168 5783 ι
2202 5752 2250 5798 lu
2274 5750 2492 5798 Sirat-nle
2523 5764 2610 5796 seu
2643 5750 2986 5798 Et'clesiaslico
3015 5748 3216 5810 legitur,
3244 5744 3354 5807 quis
3383 5745 3582 5810 conﬁdit
3627 5745 3675 5796 in

2099 5810 2331 5864 Domino?
2362 5815 2452 5875 (τίς
2479 5814 2779 5862 ἐνεπίστευσε
2803 5811 2965 5872 Κυρίῳ
2985 5810 3021 5868 ;)

3980 3001 4046 4042 f1

3977 4115 4036 4860 ς

3983 4861 4035 5602 /
