4112 6214
427 316 528 372 H5

422 440 522 494 set,
553 430 760 485 caeteris
785 438 971 485 contra
1004 429 1363 495 tendentibus,
1391 431 1627 500 confugit
1659 431 1723 486 ad
1749 432 1840 486 Dei
1873 446 1999 501 pro-

421 523 730 589 videntiam,
763 525 985 578 dicens:
1045 525 1259 579 Salvum
1309 541 1386 578 me
1415 525 1518 593 fac,
1571 523 1808 578 Domine.
1863 523 2002 578 Nihil

418 630 547 684 ergo
589 615 675 669 hic
726 616 868 669 aliud
916 632 1076 686 quam
1125 615 1226 671 hoc
1264 617 1567 686 signiﬁcat:
1602 616 1844 686 Superna
1873 616 2002 670 mihi

421 722 576 760 manu
605 721 740 780 opus
795 716 896 772 est,
944 707 1145 761 emlesti
1189 721 1307 776 ope,
1341 718 1397 762 et
1439 709 1530 762 illo
1558 707 1738 763 divino
1783 708 2000 762 auxilio.

419 797 550 849 Cum
583 797 724 850 enim
748 797 884 850 viam
913 797 1177 867 ingrediar
1211 799 1457 852 omnibus
1500 803 1844 865 contrariam,
1885 814 2001 852 ma-

417 903 517 952 gna
547 887 674 940 mihi
703 902 836 956 opus
865 897 947 943 est
975 889 1322 958 providentia.
1357 889 1425 944 Et
1447 905 1549 946 non
1580 890 1750 944 dixit:
1781 889 2016 944 Salvum~

418 995 504 1032 me
531 977 630 1043 fac,
653 979 903 1047 quoniam
948 995 1051 1033 non
1079 989 1160 1034 est
1184 992 1396 1035 sanctus
1431 998 1444 1033 :
1470 980 1583 1044 sed,
1613 981 1866 1047 Quoniam
1909 980 2002 1032 de-

419 1070 533 1138 fecit
563 1080 788 1135 sanctus,
815 1071 1106 1126 ostendens
1132 1086 1228 1126 eos
1252 1073 1412 1126 etiam
1436 1072 1524 1141 qui
1552 1081 1726 1136 erant,
1754 1071 1999 1140 periisse,

420 1170 698 1228 postquam
728 1161 946 1216 invaluit
981 1164 1188 1227 vitium,
1221 1173 1276 1218 et
1321 1164 1539 1216 morbus
1564 1165 1807 1231 superior
1835 1162 2002 1216 factus

417 1259 523 1303 est.
556 1251 668 1304 lloc
714 1251 904 1306 Paulus
931 1268 1141 1322 quoque
1170 1252 1322 1308 timet
1347 1253 1534 1307 dicens
1565 1269 1578 1305 :
1615 1251 1833 1306 Nescitis
1870 1252 2002 1322 quod

421 1356 601 1408 parum
631 1341 858 1410 fermenti
885 1352 1040 1397 totam
1066 1360 1286 1398 massam
1316 1348 1581 1412 [ermentat
1608 1343 1683 1414 (f.
1711 1341 1885 1398 Cor.5.
1909 1341 2000 1412 6)?

420 1432 489 1488 Et
513 1448 695 1487 rursus
727 1452 738 1486 :
785 1434 1127 1504 Corrumpunt
1170 1437 1330 1489 bonos
1359 1451 1518 1488 mores
1547 1435 1796 1504 colloquia
1844 1449 1999 1502 prava

420 1522 583 1595 (Ibid.
616 1525 700 1580 15.
726 1526 852 1595 53).
894 1527 1032 1594 Quid
1079 1537 1164 1581 est
1207 1537 1384 1581 autem
1412 1569 1426 1592 ,
1470 1526 1746 1580 Diminutte
1772 1536 1886 1580 sunt
1915 1542 2000 1580 ve-

419 1619 634 1672 ritates?
680 1618 857 1673 Multa:
921 1629 1045 1675 sunt
1103 1621 1374 1674 veritates.
1437 1619 1888 1684 Quemadmodum
1943 1620 1995 1674 in

423 1711 714 1779 coloribus,
744 1721 796 1767 et
819 1713 936 1767 aliis
967 1713 1252 1784 generibus
1274 1755 1288 1780 ,
1318 1713 1419 1766 alia
1444 1712 1654 1782 quidem
1683 1721 1806 1767 sunt
1846 1727 1993 1775 vera,

424 1802 526 1855 alia
557 1802 706 1867 falsa,
738 1812 792 1858 et
830 1813 908 1858 est
935 1819 1168 1874 purpura
1211 1819 1360 1869 vera,
1397 1813 1450 1858 et
1478 1819 1709 1874 purpura
1761 1803 1910 1867 falsa,
1942 1816 1996 1858 et

416 1893 465 1946 in
496 1909 653 1948 croco
674 1895 775 1965 (α),
800 1896 849 1949 in
875 1897 1153 1966 lapidibus,
1183 1896 1233 1950 in
1264 1897 1611 1962 aromatibus,
1634 1905 1687 1950 et
1709 1896 1825 1949 aliis
1849 1896 1994 1964 ejus-

414 1986 555 2040 modi
590 2005 604 2040 :
636 1987 702 2040 ita
734 1989 892 2043 etiam
923 1989 974 2043 in
1016 1989 1326 2043 virtutibus.
1359 1988 1568 2042 Veritas
1589 1989 1732 2044 enim
1750 1998 1831 2042 est
1851 1987 1994 2058 quod

407 2094 532 2132 vere
559 2088 640 2134 est
670 2099 683 2134 :
713 2083 1046 2138 mendacium
1076 2091 1257 2136 autem
1293 2080 1437 2150 quod
1463 2096 1566 2134 non
1588 2089 1691 2134 est.
1731 2081 1992 2147 Quoniam

405 2185 536 2240 ergo
557 2171 671 2226 haec
695 2173 900 2227 inversa
921 2183 974 2227 et
994 2173 1278 2226 obscurata
1304 2171 1531 2236 fuerant,
1557 2185 1660 2224 non
1686 2170 1824 2240 quod
1843 2185 1992 2226 suam

409 2263 767 2330 perdidissent
811 2265 1190 2328 substantiam,
1217 2263 1312 2318 sed
1341 2263 1482 2334 quod
1505 2263 1574 2318 ab
1603 2263 1906 2317 hominibus
1926 2264 1992 2318 de

409 2356 589 2409 medio
619 2357 824 2412 sublata
870 2358 1135 2411 fuissent:
1171 2366 1449 2426 propterea
1482 2373 1586 2412 non
1617 2355 1750 2410 dixit
1794 2357 1987 2423 solum,

409 2444 693 2499 Diminqu
741 2457 883 2512 sunt,
913 2447 1007 2500 sed
1053 2447 1268 2516 adjecit,
1311 2447 1354 2500 Α
1403 2449 1522 2516 ﬁliis
1571 2449 1849 2513 hominum,
1890 2449 1990 2503 hoc

413 2537 586 2605 ipsum
599 2538 782 2592 volens
801 2539 1116 2607 significare.
1135 2539 1422 2594 Considera
1451 2551 1648 2594 autem.
1665 2541 1759 2594 Est
1775 2549 1993 2595 ornatus

412 2641 592 2691 verus,
621 2636 702 2682 est
727 2629 886 2682 etiam
914 2629 1097 2683 falsus.
1127 2629 1258 2698 Quis
1284 2639 1363 2684 est
1391 2645 1520 2700 ergo
1549 2645 1706 2684 verus
1734 2631 1992 2685 ornatus?

410 2717 512 2783 Qui
539 2727 618 2771 est
645 2719 694 2771 in
725 2719 919 2772 anima.
951 2717 1080 2786 Quis
1115 2729 1196 2774 est
1223 2729 1400 2776 autem
1439 2719 1644 2775 falsus?
1671 2720 1771 2788 Qui
1804 2728 1892 2775 est
1931 2722 1986 2775 in

408 2822 655 2876 corpore.
689 2809 827 2863 Sunt
849 2809 1048 2864 divitia:
1071 2825 1230 2874 verm,
1262 2819 1387 2864 sunt
1413 2811 1571 2866 etiam
1600 2809 1766 2866 falsa).
1797 2811 1989 2878 Falsze,

405 2899 789 2967 pecuniarum:
841 2916 1002 2967 verae,
1038 2910 1180 2956 recte
1208 2900 1492 2956 factorum.
1521 2903 1615 2956 Est
1645 2901 1826 2956 laetitia
1876 2902 1991 2959 haec

404 2987 616 3056 quidem
641 3004 788 3056 vera,
819 2989 904 3044 illa
927 3005 1055 3044 vero
1084 2991 1233 3057 falsa,
1261 2992 1386 3046 item
1412 2992 1854 3061 pulchritudines,
1889 3008 1989 3061 po-

406 3074 604 3146 tc'ntite,
651 3088 705 3134 et
749 3079 939 3149 gloria.
978 3080 1085 3136 Sed
1116 3083 1346 3136 maxima
1377 3097 1498 3153 pars
1538 3083 1834 3150 hominum,
1891 3083 1986 3137 ho-

404 3183 520 3222 rum
555 3170 778 3226 veritate
817 3172 1023 3236 relicta,
1076 3188 1194 3240 quae
1238 3170 1368 3228 falsa
1416 3182 1541 3228 sunt
1577 3175 1913 3244 persequitur
1969 3193 1982 3230 :

404 3260 542 3314 sicut
579 3262 723 3315 enim
758 3271 840 3316 est
867 3263 1028 3317 homo
1057 3279 1214 3318 verus
1257 3274 1311 3319 et
1337 3264 1534 3321 falsus:
1565 3281 1722 3321 verus
1746 3265 1982 3336 quidem,

403 3349 492 3418 qui
524 3349 649 3404 vivit
674 3359 726 3404 et
754 3361 1035 3420 operatur;
1061 3353 1224 3410 falsus
1244 3365 1419 3410 autem
1447 3356 1534 3426 qui
1552 3357 1728 3426 pictus
1753 3366 1838 3412 est
1863 3375 1876 3410 :
1911 3358 1982 3412 ita

401 3440 561 3494 etiam
586 3441 768 3498 videre
803 3458 1086 3513 possumus
1113 3445 1165 3499 in
1191 3446 1496 3501 virtutibus.

499 3531 573 3586 De
624 3534 794 3588 cordis
845 3535 1160 3605 duplicitate.
1203 3568 1273 3578 —
1319 3540 1373 3593 5.
1423 3537 1568 3594 Vana
1617 3539 1810 3610 loquuti
1867 3549 1982 3596 sunt

402 3627 740 3697 unusquisque
791 3630 861 3682 ad
914 3631 1206 3699 proximum
1261 3647 1430 3686 suum.
1490 3630 1651 3686 Labia
1683 3632 1882 3701 dolosa,
1926 3636 1984 3690 in

399 3719 552 3774 corde
573 3730 618 3774 et
633 3722 782 3774 corde
806 3721 999 3793 loquuti
1022 3735 1138 3777 sunt
1159 3725 1313 3778 mala.
1361 3724 1512 3780 Alius
1537 3725 1706 3793 dixit,
1729 3726 1794 3780 In
1833 3728 1984 3783 corde

399 3813 502 3866 alio
526 3820 572 3866 et
597 3813 700 3866 alio
730 3814 971 3883 loquitur.
1001 3814 1117 3869 Duo
1146 3815 1234 3871 hic
1258 3815 1386 3870 dicit
1415 3817 1561 3884 vitia,
1591 3828 1646 3872 et
1674 3819 1816 3889 quod
1844 3835 1977 3875 vana

402 3901 608 3972 loquuti
633 3903 760 3969 sint,
789 3913 839 3958 et
867 3903 1012 3973 quod
1049 3905 1292 3973 proximo
1333 3919 1432 3960 suo
1460 3923 1474 3959 :
1507 3907 1594 3961 vel
1616 3923 1676 3961 ea
1706 3923 1824 3977 qua:
1851 3907 1982 3964 falsa

400 4001 525 4048 sunt
545 3993 673 4048 dicit
700 4008 856 4060 vana,
887 3994 972 4050 vel
1001 4010 1064 4050 ca
1094 4011 1213 4064 quo:
1240 4007 1363 4050 sunt
1387 3997 1652 4066 superflua
1679 4009 1734 4054 et
1754 3999 1981 4054 inutilia.

401 4083 530 4139 Tale
557 4085 679 4154 quid
703 4086 864 4141 etiam
894 4085 1025 4141 dicit
1065 4086 1259 4142 Paulus
1289 4104 1302 4139 :
1337 4087 1420 4140 Ne
1443 4090 1720 4144 mentimini
1747 4091 1816 4143 ad
1851 4092 1983 4144 invi-

401 4195 505 4233 cem
535 4179 755 4250 (Coloss.
788 4181 842 4235 5.
890 4179 980 4253 9).
1015 4181 1082 4235 Et
1128 4180 1272 4250 quod
1321 4189 1406 4236 est
1447 4182 1686 4236 omnium
1735 4184 1984 4252 gravissi-

401 4285 566 4332 mum,
595 4285 784 4326 omnes
800 4279 953 4325 erant
981 4273 1236 4341 corrupti.
1274 4272 1340 4326 Et
1386 4272 1507 4327 ideo
1529 4287 1636 4326 non
1686 4273 1839 4339 dixit,
1879 4273 1984 4340 hic,

401 4360 490 4415 vel
519 4361 630 4426 ille,
679 4361 795 4429 sed,
831 4361 1203 4434 Unusquisque.
1249 4362 1433 4434 Neque
1462 4364 1606 4418 enim
1643 4373 1756 4419 erat
1785 4373 1987 4418 tantum

400 4451 609 4520 vitium,
642 4453 782 4522 quod
811 4462 1018 4508 nataret
1046 4454 1098 4508 in
1139 4453 1420 4524 superficie
1447 4471 1461 4508 :
1485 4454 1579 4509 sed
1619 4463 1736 4511 erat
1781 4456 1832 4509 in
1861 4470 1986 4525 pro-

403 4543 587 4611 fundo,
615 4554 670 4599 et
691 4545 746 4598 in
777 4545 960 4600 corde.
991 4544 1060 4599 In
1094 4547 1244 4600 corde
1270 4556 1316 4599 et
1353 4547 1404 4600 in
1444 4546 1596 4601 corde
1625 4563 1644 4602 :
1687 4547 1828 4618 quod
1853 4548 1987 4604 alius

403 4637 671 4707 interpres
708 4636 861 4704 dixit,
900 4635 969 4692 In
1019 4639 1171 4693 corde
1199 4639 1300 4693 alio
1340 4649 1388 4692 et
1435 4640 1538 4692 alio
1574 4655 1595 4696 :
1625 4638 1826 4697 docens
1866 4656 1986 4696 esse

403 4745 649 4800 magnam
682 4732 734 4784 in
758 4729 922 4786 corde
948 4731 1332 4802 duplicitatem.
1364 4733 1475 4789 Hoc
1509 4744 1592 4789 est
1615 4735 1860 4790 omnibus
1885 4735 1985 4789 ho-

403 4823 576 4876 stibus
617 4822 882 4876 acerbius.
932 4821 1011 4877 illi
1066 4824 1205 4878 enim
1237 4833 1359 4879 sunt
1413 4827 1602 4895 aperti,
1637 4825 1776 4880 unde
1825 4825 1984 4881 etiam

403 4911 558 4968 facile
601 4923 825 4984 possunt
850 4916 1025 4970 caveri
1054 4931 1067 4968 :
1100 4915 1152 4970 bi
1185 4931 1311 4971 vero
1338 4933 1458 4972 cum
1492 4917 1652 4971 aliam
1701 4934 1984 4988 personam

401 5019 514 5073 prce
550 5019 609 5060 se
639 5006 828 5074 ferant,
859 5017 914 5062 et
956 5009 1064 5062 sint
1100 5008 1264 5072 aliud,
1315 5011 1381 5064 ab
1410 5011 1473 5065 iis
1525 5010 1716 5081 quibus
1764 5012 1988 5068 tendunt

401 5097 625 5150 insidias
653 5112 758 5151 non
787 5097 942 5154 facile
982 5099 1454 5170 deprehenduntur
1475 5143 1489 5169 ,
1519 5103 1687 5157 multo
1715 5105 1988 5173 graviores

402 5187 465 5240 iis
488 5187 574 5256 qui
598 5187 800 5257 gladios
827 5190 1177 5246 abscondunt.
1205 5193 1259 5247 4.
1294 5189 1558 5263 Disperdet
1577 5192 1829 5248 Dominus
1855 5196 1977 5248 uni-

401 5293 544 5332 versa
570 5280 704 5332 labia
733 5280 936 5349 dolosa,
966 5283 1197 5354 linguam
1224 5287 1620 5355 magniloquam,
1649 5287 1702 5340 5.
1733 5285 1820 5356 qui
1847 5287 1990 5340 dixe-

401 5380 521 5424 runt
541 5386 559 5424 :
578 5370 828 5443 Linguam
854 5379 1080 5428 nostram
1111 5377 1566 5446 magni/icabimus.
1600 5377 1747 5432 Alius
1771 5419 1785 5444 ,
1817 5377 1990 5431 Domi-

405 5461 662 5516 nubimur.
695 5463 858 5517 Labia
899 5475 1073 5518 nostra
1113 5467 1253 5535 apud
1281 5484 1370 5520 nos
1409 5478 1544 5521 sunt.
1576 5470 1748 5536 Alius,
1795 5469 1991 5522 Adsunt

407 5554 684 5610 nobiscum.
745 5557 871 5621 Quis
899 5567 1067 5612 noster
1108 5559 1358 5613 Dominus
1383 5562 1504 5615 est?
1550 5563 1718 5630 Alius,
1755 5562 1879 5631 Quis
1902 5579 1994 5617 no-

472 5723 544 5788 (a)
578 5733 659 5776 Hae
680 5739 845 5787 voces,
871 5733 916 5778 et
937 5740 988 5779 sn
1008 5740 1166 5795 croco,
1192 5730 1370 5782 desunt
1392 5733 1440 5782 in
1463 5732 1624 5784 meret.

1487 315 1844 374 EXPOSITIO
1881 313 1949 370 IN
1987 312 2310 370 PSALMIJM
2347 313 2440 368 XI.

3595 322 3691 379 “6

2109 431 2206 485 stri
2229 428 2618 483 dominabitur?
2653 429 2838 484 Vidisti
2882 433 3154 502 quomodo
3175 450 3359 490 eorum
3399 451 3577 492 curam
3598 454 3690 508 ge-

2106 524 2177 577 rit
2198 523 2478 593 propheta,
2507 523 2770 592 quomodo
2788 539 2884 594 pro
2914 525 2991 580 eis
3017 529 3173 582 orat?
3197 527 3378 598 Neque
3400 532 3541 585 enim
3561 546 3695 585 con-

2108 623 2185 668 tra
2215 615 2357 682 ipsos
2394 623 2497 677 est,
2531 614 2581 667 id
2612 615 2751 684 quod
2783 615 2982 670 dictum
3025 627 3126 683 est,
3171 621 3264 675 sed
3295 623 3554 691 proipsis.
3589 622 3686 676 Nee

2106 720 2208 773 que
2235 705 2376 759 enim
2405 706 2574 758 oravit
2605 715 2662 759 ut
2692 707 3058 774 perderentur,
3090 712 3181 765 sed
3205 723 3260 766 ut
3289 729 3474 767 eorum
3493 714 3680 768 vitium

2107 793 2174 847 de
2196 794 2372 848 medio
2403 795 2701 849 tolleretur.
2734 797 2848 850 Non
2891 799 3024 853 dixit
3078 803 3243 869 enim,
3297 803 3493 859 Perdet
3546 805 3691 874 ipsos

2108 887 2384 953 Dominus,
2409 887 2523 952 sed,
2551 888 2712 942 Labia
2733 889 2930 944 dolosa.

2176 975 2228 1028 2.
2265 975 2386 1030 Νοη
2422 979 2598 1044 nostri,
2631 980 2718 1031 sed
2743 979 2944 1034 Domini
2964 1000 3152 1038 sumus.
3189 985 3390 1041 Domini
3417 988 3688 1060 potentiam

2109 1069 2339 1120 universa
2368 1078 2596 1122 creatura
2625 1072 2886 1139 prtedicat.
2913 1103 2987 1112 —
3011 1074 3078 1127 Et
3105 1091 3287 1131 rursus
3317 1093 3419 1130 non
3445 1079 3689 1132 substan-

2107 1157 2254 1221 tiam,
2272 1157 2363 1211 sed
2394 1158 2646 1228 linguam,
2666 1162 3045 1230 arrogantiam,
3074 1163 3314 1220 fraudem
3341 1168 3450 1220 vult
3470 1168 3686 1234 auferri,

2105 1249 2408 1317 superbiam
2438 1251 2696 1304 exscindi.
2730 1251 2964 1308 lrridcus
2989 1264 3165 1309 autem
3185 1272 3368 1311 eorum
3389 1258 3688 1326 stultitiam,

2103 1337 2251 1403 dicit,
2278 1337 2437 1392 Labia
2463 1350 2636 1394 nostra
2661 1343 2804 1410 apud
2826 1361 2916 1398 nos
2946 1354 3082 1398 sunt.
3106 1345 3230 1412 Quis
3253 1357 3416 1401 noster
3441 1347 3690 1402 Dominus

2103 1431 2225 1484 est?
2277 1431 2591 1486 lnsanorum
2619 1443 2672 1489 et
2717 1446 2896 1490 mente
2927 1447 3202 1506 captorum
3248 1440 3429 1494 verba.
3461 1441 3528 1494 Et
3569 1441 3689 1496 ideo

2103 1520 2296 1575 Paulus
2318 1537 2472 1578 secus
2489 1539 2646 1593 quam
2673 1526 2706 1578 ii
2729 1525 2974 1594 loquens,
2993 1529 3212 1583 suadet:
3239 1529 3360 1584 Non
3379 1531 3492 1584 estis
3516 1531 3684 1597 vestri,

2101 1613 2260 1681 pretio
2285 1615 2439 1683 empti
2467 1617 2586 1669 estis
2615 1615 2689 1686 (l.
2711 1617 2828 1672 Cor.
2859 1619 2912 1674 6.
2934 1620 3020 1674 19.
3040 1620 3168 1692 20):
3199 1630 3252 1674 et
3278 1621 3427 1691 jubet
3457 1638 3549 1676 eos
3579 1639 3683 1676 non

2101 1705 2333 1774 sibiipsis
2356 1706 2558 1761 vivere.
2575 1707 2692 1762 Non
2717 1720 2839 1763 sunt
2863 1720 2949 1764 tua
2981 1711 3138 1779 labia,
3160 1712 3252 1767 sed
3275 1712 3482 1766 Domini
3506 1712 3680 1782 (Rom.

2101 1798 2186 1852 14.
2222 1799 2298 1866 7).
2333 1797 2449 1866 Ipse
2474 1799 2614 1853 enim
2642 1815 2702 1854 ea
2736 1801 2877 1867 fecit,
2899 1803 3010 1872 ipse
3032 1803 3356 1870 construxit,
3384 1804 3496 1873 ipse
3520 1805 3678 1857 vitam

2101 1889 2397 1958 inspiravit.
2425 1892 2494 1944 At
2527 1900 2580 1945 tu
2613 1891 2816 1946 habes?
2853 1893 2957 1948 Sed
2998 1909 3102 1948 non
3141 1895 3320 1949 omnia
3358 1910 3476 1964 qua:
3515 1894 3679 1950 habe-

2097 1995 2244 2043 mus,
2289 1990 2469 2035 nostra
2508 1991 2632 2036 sunt
2672 2001 2684 2036 :
2728 1985 2979 2052 pecunias
3017 1987 3158 2040 enim
3201 1987 3495 2050 habemus,
3547 2001 3678 2056 quas

2096 2071 2183 2125 alii
2236 2072 2377 2141 apud
2424 2087 2525 2126 nos
2569 2073 2962 2144 deposuerunt;
2993 2086 3046 2130 et
3073 2091 3230 2146 agros
3267 2076 3560 2131 conductos
3588 2077 3681 2130 ha-

2095 2162 2304 2228 bemus,
2337 2178 2470 2232 quos
2503 2165 2590 2218 alii
2634 2165 2786 2220 nobis
2825 2166 3108 2224 dederunt.
3151 2168 3227 2222 ita
3261 2167 3376 2224 hinc
3397 2169 3555 2223 etiam
3585 2169 3678 2224 tibi

2095 2255 2294 2310 locavit
2333 2255 2608 2320 Christus,
2651 2273 2755 2312 non
2798 2269 2855 2312 ut
2887 2258 3027 2314 feras
3073 2261 3283 2331 spinas,
3316 2259 3410 2315 sed
3451 2270 3507 2315 ut
3549 2275 3677 2315 con-

2094 2358 2275 2402 vertas
2301 2349 2504 2402 semina
2535 2349 2601 2403 ad
2630 2349 2680 2404 id
2718 2349 2859 2420 quod
2891 2360 2974 2406 est
3001 2351 3159 2416 utile;
3193 2368 3297 2406 non
3342 2361 3397 2405 ut
3426 2367 3680 2420 arrogan-

2095 2437 2245 2498 tiam,
2278 2453 2381 2490 non
2416 2447 2472 2491 ut
2495 2438 2698 2502 dolum,
2727 2440 2820 2494 sed
2867 2451 2924 2494 ut
2956 2440 3328 2507 humilitatem,
3360 2451 3413 2495 et
3442 2440 3673 2506 laudent,

2095 2544 2158 2582 ac
2183 2530 2635 2596 benedictionem,
2665 2532 3114 2602 dilectionemque
3153 2549 3248 2601 per
3273 2549 3334 2588 ea
3376 2532 3677 2603 germinare

2095 2633 2270 2674 cures.
2295 2620 2362 2672 Et
2387 2619 2535 2674 dedit
2557 2623 2763 2686 oculos,
2782 2637 2890 2675 non
2915 2633 2972 2676 ut
3001 2623 3264 2691 impudice
3291 2624 3551 2691 aspicias:
3581 2622 3674 2675 sed

2095 2720 2154 2764 ut
2180 2709 2324 2780 ipsos
2353 2726 2514 2765 ornes
2541 2713 2928 2789 temperantia:
2953 2722 3007 2766 et
3037 2729 3246 2777 manus,
3279 2728 3388 2767 non
3415 2721 3473 2766 ut
3497 2713 3674 2776 ferias,

2095 2803 2187 2857 sed
2219 2813 2277 2858 ut
2302 2805 2698 2876 eleemosynam
2725 2805 2988 2876 largiaris.
3011 2805 3290 2871 Quomodo
3319 2815 3495 2859 autem
3521 2804 3671 2868 dicis,

2094 2891 2255 2946 Labia
2287 2904 2458 2948 nostra
2481 2906 2600 2948 sunt
2628 2895 2768 2964 apud
2809 2911 2921 2961 nos,
2949 2894 3163 2962 quando
3191 2910 3249 2949 ea
3291 2894 3494 2964 peccati
3525 2907 3674 2948 serva

2093 2985 2306 3053 feceris,
2347 2989 2562 3056 quando
2606 2987 2995 3054 fornicationis,
3037 2987 3250 3055 quando
3290 2984 3676 3041 immunditiis?

2094 3079 2219 3145 Quis
2258 3090 2329 3134 est
2375 3091 2543 3134 noster
2578 3080 2870 3136 Dominus?
2910 3081 2954 3135 Ο
2986 3081 3206 3136 verbum
3257 3080 3610 3135 diabolicum!
3641 3094 3677 3132 ο

2089 3172 2321 3226 animam
2353 3172 2775 3227 dmmoniacam!
2824 3171 3003 3239 Vides,
3047 3188 3082 3227 o
3134 3173 3313 3236 homo,
3367 3171 3672 3226 universam

2088 3272 2386 3316 creaturam
2418 3263 2712 3334 praedicare
2756 3265 2965 3318 Domini
3005 3264 3078 3319 tui
3113 3264 3425 3334 potentiam,
3460 3263 3671 3330 sapien-

2090 3353 2236 3418 tiam,
2266 3369 2474 3420 curam,
2512 3354 2940 3424 providentiam;
2987 3369 3182 3424 corpus
3211 3364 3377 3418 tuum,
3416 3353 3670 3414 animam.

2087 3443 2272 3508 vitam,
2293 3460 2410 3514 quae
2436 3445 2536 3500 sub
2565 3454 2842 3514 aspectum
2864 3445 3084 3510 cadunt,
3107 3453 3161 3499 et
3185 3460 3304 3514 qua:
3325 3459 3428 3499 non
3451 3442 3668 3508 cadunt,

2087 3535 2265 3589 omnia
2293 3536 2678 3606 propemodum
2705 3552 2891 3592 vocem
2918 3537 3214 3591 emittentia
3243 3535 3462 3590 laudare
3491 3542 3672 3604 poten-

2089 3627 2212 3680 tiam
2237 3627 2477 3694 artificis,
2501 3640 2556 3682 et
2579 3627 2750 3683 dicis:
2787 3627 2911 3694 Quis
2941 3627 3190 3681 Dominus
3217 3636 3384 3681 noster
3409 3625 3519 3680 est?
3562 3625 3673 3680 l‘loe

2087 3727 2170 3773 est
2209 3719 2424 3786 furoris,
2455 3720 2555 3775 hoc
2598 3721 2853 3791 stuporis,
2888 3721 2991 3775 hoc
3019 3721 3257 3788 corrupti
3303 3719 3488 3774 animi.
3539 3718 3670 3771 Pro-

2085 3819 2269 3880 pterea
2315 3822 2443 3865 sunt
2491 3812 2627 3866 mala
2660 3811 3091 3867 innumerabilia.
3120 3811 3226 3867 Sed
3255 3812 3306 3865 hi
3333 3811 3546 3881 quidem
3593 3809 3672 3863 di-

2087 3913 2244 3956 cunt:
2268 3903 2394 3968 Quis
2420 3913 2490 3956 est
2519 3913 2688 3957 noster
2710 3903 2956 3956 Dominus
2975 3905 3000 3956 ε)
3027 3905 3128 3957 Alii
3155 3904 3435 3958 Dominum
3459 3901 3670 3970 quidem

2088 3992 2434 4054 confitentur,
2463 3992 2723 4059 judicium
2754 4001 2931 4044 autem
2962 4001 3019 4045 et
3042 4007 3230 4060 pinnas
3259 3993 3554 4061 pr0positas
3579 4006 3672 4044 att-

2091 4081 2290 4145 ferunt,
2319 4081 2469 4135 brevi
2497 4079 2831 4150 jucunditate
2858 4095 3107 4148 magnum
3139 4080 3238 4133 sibi
3269 4091 3507 4133 ementes
3547 4093 3674 4147 sup-

2091 4171 2328 4240 plicium,
2363 4171 2567 4224 etdum
2609 4170 2795 4224 volunt
2835 4184 2896 4224 se
2936 4183 3204 4235 recreare,
3235 4167 3374 4237 quod
3417 4167 3674 4236 gehennae

2094 4276 2198 4315 non
2249 4261 2623 4327 meminerint,
2669 4276 2767 4333 per
2814 4261 2954 4314 hanc
3003 4260 3351 4315 securitatem
3395 4265 3675 4328 metusque

2093 4353 2410 4407 vacuitatem
2450 4354 2501 4408 in
2547 4368 2798 4424 magnum
2831 4352 3078 4406 interitus
3122 4366 3180 4406 se
3222 4350 3532 4406 barathrum
3571 4349 3675 4404 im-

2093 4444 2380 4515 prudentes
2407 4446 2714 4501 immittunt.
2741 4445 2805 4499 Et
2825 4444 2947 4499 ideo
2974 4459 3104 4514 rogo
3121 4451 3180 4498 ut
3201 4443 3458 4514 gehennae
3481 4441 3673 4497 memi-
3745 4495 3754 4506 ,

2091 4537 2256 4602 neris,
2273 4535 2339 4591 de
2355 4536 2594 4607 gehenna
2613 4537 2845 4606 loquaris
2863 4554 2875 4590 :
2894 4535 2964 4588 ita
2981 4535 3212 4589 animam
3231 4545 3374 4589 tuam
3389 4545 3672 4604 compone,

2092 4627 2474 4699 pulchramque
2501 4643 2562 4682 ac
2578 4627 2829 4682 decoram
2865 4625 3038 4682 effice.
3073 4625 3257 4698 Magna
3297 4626 3441 4680 enim
3485 4625 3675 4680 horum

2089 4717 2374 4772 verborum
2392 4718 2611 4772 utilitas.
2630 4715 2744 4771 Non
2761 4717 2906 4771 enim
2925 4717 3064 4770 Deus
3083 4731 3201 4770 eam
3225 4727 3426 4771 temere
3446 4715 3676 4770 minatus

2091 4818 2195 4876 est,
2210 4819 2370 4880 atque
2383 4807 2719 4863 manifestam
2734 4807 2858 4862 hinc
2872 4807 3130 4862 reddidit:
3147 4808 3239 4878 sed
3260 4807 3308 4863 id
3325 4808 3448 4862 fecit
3462 4816 3673 4863 utmctu

2090 4904 2340 4957 meliores
2366 4902 2634 4958 redderet.
2656 4903 2720 4956 Et
2741 4902 2861 4956 ideo
2881 4901 3125 4957 diabolus
3146 4905 3320 4956 omnia
3346 4901 3470 4956 facit
3490 4909 3544 4955 et
3563 4913 3676 4952 mo-

2094 4995 2253 5060 litur,
2309 4994 2426 5061 ejus
2485 4993 2671 5048 volens
2720 4995 2930 5049 auferre
2985 4996 3318 5049 memoriam.
3379 4992 3498 5046 Noli
3555 5003 3672 5042 eam

2097 5084 2350 5138 memoria
2396 5083 2592 5152 ejicere
2642 5101 2656 5137 :
2709 5099 2810 5138 nec
2856 5084 3038 5140 dicas:
3083 5085 3192 5140 Cur
3242 5098 3328 5137 me
3377 5082 3675 5147 importuna

2095 5175 2324 5229 afficiam
2373 5174 2630 5229 tristitia?
2682 5176 2988 5245 lmportuna
3040 5178 3143 5230 erit
3173 5172 3408 5236 tristitia,
3456 5167 3672 5237 quando

2095 5266 2308 5335 angoris
2355 5265 2404 5318 in
2459 5263 2740 5334 gehenna;
2775 5267 2874 5321 hoc
2922 5275 3005 5320 est
3052 5274 3261 5332 tempus
3291 5258 3540 5324 tristitiae,
3573 5272 3676 5314 non

2099 5357 2248 5412 illud.
2282 5356 2347 5409 Et
2373 5355 2473 5408 hnc
2498 5356 2733 5411 ostendit
2778 5357 2867 5410 ille
2911 5355 3172 5409 Lazarum
3195 5349 3494 5420 despiciens
3532 5348 3676 5406 dives

2100 5449 2248 5520 (Luc.
2283 5449 2369 5502 16.
2413 5447 2530 5516 2'5),
2580 5449 2664 5502 cui
2713 5448 2847 5502 nihil
2894 5445 3206 5514 profuerunt
3248 5443 3676 5508 innumerabiles,

2100 5541 2290 5610 quibus
2325 5539 2677 5603 afficiebatur,
2704 5537 2984 5592 molestiae.
3027 5536 3080 5592 Si
3109 5545 3290 5592 autem
3341 5537 3392 5590 in
3445 5546 3683 5605 tempore

2043 5677 2053 5686 .
2098 5633 2374 5700 doluisset,
2393 5646 2499 5685 non
2528 5645 2589 5685 ea
2623 5644 2809 5701 passus
2836 5639 2984 5688 esset
3005 5645 3123 5702 qua:
3150 5645 3336 5700 passus
3360 5639 3460 5686 est.
3482 5631 3534 5686 6.
3556 5629 3684 5683 Pro-

2099 5744 2208 5800 pter
2235 5728 2484 5784 miseriam
2514 5725 2722 5795 inopum
2760 5733 2806 5778 et
2835 5724 3074 5796 gemitum
3115 5739 3394 5796 pauperum
3435 5737 3566 5778 nunc
3598 5737 3689 5776 cx-
