4064 6206
489 271 586 326 117

479 397 707 452 surgam,
739 379 860 432 dicit
885 375 1168 431 Dominus.
1201 373 1396 430 Panam
1425 375 1482 433 in,
1503 375 1738 440 salutari,
1767 374 2070 443 fiducialiter

480 490 629 544 agant
655 475 706 526 in
735 474 864 542 ipso.
889 470 1059 536 Alius,
1092 469 1328 524 Statuam
1370 469 1594 522 salutare
1615 470 1942 538 conspicuum
1969 466 2066 536 (a).

555 564 853 616 Adhortatio
879 562 947 614 ad
984 560 1301 632 patientiam.
1323 590 1392 600 --
1413 559 1568 613 Disce
1590 569 1782 628 quanta
1809 559 1876 612 sit
1901 559 2068 612 virtus

479 656 813 710 humilitatis.
862 653 1164 721 Pauperum
1193 660 1275 705 est
1313 651 1548 720 potentia
1591 652 1955 720 (pauperum,
1986 651 2066 704 in-

479 762 663 816 quam,
691 760 879 799 eorum
909 744 999 814 qui
1031 751 1158 798 sunt
1183 741 1400 796 contriti
1431 739 1652 810 corde),
1695 748 1778 793 est
1827 741 1878 794 in
1911 741 2067 794 malis

477 836 850 907 patrocinium.
897 833 1015 888 Non
1061 833 1207 888 enim
1260 832 1444 896 vitam,
1497 845 1595 885 nec
1641 839 1922 896 virtutem,
1971 830 2065 884 sed

479 927 740 982 malorum
788 925 1191 996 perpessionem
1221 922 1349 977 dicit
1390 921 1560 976 Deum
1588 923 1842 987 excitare,
1865 931 1918 976 et
1942 936 2064 976 eum

474 1019 542 1073 ad
589 1017 914 1088 supplicium
943 1025 998 1070 et
1028 1015 1316 1069 vindictam
1361 1027 1608 1068 evocare.
1641 1012 1810 1067 Tanta
1841 1025 1928 1066 res
1957 1021 2061 1078 est,

470 1111 516 1163 si
549 1109 638 1163 tibi
689 1111 780 1162 fiat
823 1107 1046 1177 injuria,
1093 1121 1211 1160 eam
1250 1103 1395 1160 ferre
1438 1103 1560 1158 forti
1603 1104 1814 1169 animo;
1862 1113 2062 1158 tantam

474 1200 613 1253 Deus
644 1214 825 1252 curam
853 1198 991 1268 gerit
1020 1212 1204 1252 eorum
1247 1196 1338 1266 qui
1365 1195 1668 1250 afficiuntur
1690 1195 2059 1248 contumeliis:

470 1288 715 1342 ruaximae
755 1287 1084 1352 defensionis
1126 1288 1244 1342 loco
1273 1297 1356 1342 est
1399 1287 1672 1341 calamitas
1700 1294 1755 1341 et
1800 1301 2056 1340 a-rumna.

468 1379 650 1448 Magna
691 1389 775 1434 est
812 1381 893 1434 vis
935 1379 1182 1449 ejulatus,
1212 1395 1330 1450 qua:
1375 1394 1663 1449 supernum
1691 1386 1876 1434 evocat
1904 1379 2058 1432 auxi-

470 1472 619 1525 lium.
665 1472 894 1537 Tiutete,
939 1473 1258 1544 quicumque
1301 1487 1561 1544 pauperes
1590 1472 1782 1543 injuria
1824 1471 2055 1526 afficitis.

467 1565 686 1620 Habetis
715 1582 810 1621 vos
849 1567 1162 1636 potentiam,
1195 1582 1345 1636 opes,
1388 1566 1700 1637 pecuniam,-
1726 1575 1780 1621 et
1815 1565 2056 1636 judicum

461 1657 926 1714 benevolentiam:
967 1659 1060 1713 scd
1084 1658 1278 1714 habent
1300 1659 1374 1713 illi
1406 1674 1554 1714 arma
1575 1658 1811 1713 omnium
1843 1659 2056 1712 validis-

461 1750 616 1814 sima,
662 1751 854 1815 luctus,
902 1760 957 1805 et
1003 1751 1254 1819 ejulatus,
1306 1751 1552 1821 ipsasque
1601 1750 1820 1821 injurias
1867 1766 1985 1820 qum
2023 1765 2054 1805 e

459 1843 608 1897 caelis
635 1843 889 1896 auxilium
911 1843 1204 1897 attrahunt.
1237 1843 1360 1898 llatc
1381 1857 1529 1897 arma
1557 1841 1745 1896 domos
1770 1840 2048 1902 effodiunt,

461 1937 577 1992 hznc
623 1936 970 1992 fundamenta
1013 1946 1279 2002 evertunt,
1317 1937 1432 1992 haec
1473 1937 1716 1992 civitates
1745 1935 2046 1999 destruunt,

459 2027 574 2083 hate
603 2029 836 2098 integras
879 2039 1066 2098 gentes
1106 2029 1488 2099 submerguut;
1531 2028 1762 2098 gemitus
1807 2027 1928 2082 dico
1958 2042 2049 2082 eo-

457 2135 598 2184 rum,
636 2121 728 2190 qui
771 2118 1074 2174 afficiuntur
1105 2120 1318 2189 injuria.
1360 2119 1564 2174 Bonum
1593 2134 1776 2174 eorum
1811 2117 2045 2173 animum

459 2211 599 2266 Deus
640 2220 935 2276 reveretur,
963 2209 1178 2280 quando
1217 2210 1354 2265 mala
1386 2210 1670 2280 patientes,
1702 2209 1906 2263 nullum
1936 2224 2050 2264 ma-

455 2301 564 2356 lum
595 2301 816 2357 verbum
858 2304 1154 2373 proferunt,
1197 2302 1292 2358 sed
1341 2311 1547 2357 tantum
1591 2311 1830 2372 gemunt,
1856 2309 1910 2356 et
1949 2316 2044 2356 sua

455 2394 594 2449 mala
624 2393 925 2464 deplorant.
954 2393 1091 2462 Quid
1122 2403 1206 2450 est
1230 2404 1429 2460 autem,
1463 2394 1667 2448 Ponam
1711 2395 1766 2448 in
1806 2395 2041 2460 salutari,

451 2483 759 2551 ﬁducialiter
795 2500 945 2556 agam
973 2485 1027 2538 in
1055 2484 1208 2554 ipso?
1237 2483 1368 2541 Cum
1398 2483 1612 2552 ﬁducia,
1640 2485 1832 2556 inquit,
1859 2495 2044 2554 aperte

451 2584 507 2628 et
533 2575 817 2630 manifeste
841 2590 936 2631 eos
963 2574 1275 2643 defendam,
1311 2584 1369 2631 ut
1409 2590 1600 2632 omnes
1623 2575 1937 2646 intelligant.
1977 2577 2044 2631 Et

452 2665 792 2734 quandonam
821 2681 928 2722 non
957 2675 1246 2723 conservat
1281 2681 1377 2723 eos
1406 2667 1582 2738 palam
1626 2675 1681 2722 et
1724 2667 2041 2722 manifeste?

447 2757 857 2830 Nonnumquam
880 2760 933 2816 id
960 2759 1084 2816 facit
1108 2775 1216 2815 non
1247 2759 1546 2826 manifeste,
1564 2762 1660 2817 sed
1683 2759 1848 2816 clam:
1869 2776 2041 2832 neque

448 2851 590 2906 cnim
612 2865 748 2921 opus
771 2851 932 2908 habet
947 2867 1008 2906 ea
1024 2867 1143 2922 qua;
1168 2859 1250 2908 est
1269 2851 1338 2906 ab
1361 2851 1664 2908 hominibus
1687 2853 1873 2923 gloria.
1889 2851 2038 2908 Nunc

449 2952 650 3010 autem,
666 2945 917 3014 quoniam
929 2945 1222 3000 verisimile
1237 2953 1354 3001 erat
1365 2945 1608 3001 inimicos
1626 2946 2038 3016 irruere,eisque

454 3032 734 3101 insultare,
750 3043 806 3090 et
827 3034 1154 3104 exprobrare
1181 3034 1322 3106 quod
1343 3035 1504 3090 Deum
1527 3051 1633 3090 non
1657 3035 1916 3091 haberent
1939 3037 2034 3090 ad-

444 3121 700 3193 jutorem,
743 3135 802 3180 ut
845 3126 922 3180 illi
957 3140 1171 3196 quoque
1221 3125 1636 3181 emendarentur
1685 3135 1742 3182 et
1787 3127 2036 3183 meliores

447 3217 654 3282 fierent,
673 3233 794 3272 cum
821 3217 1149 3287 experientia
1179 3217 1495 3273 didicissent
1518 3217 1728 3273 Domini
1752 3218 2032 3286 auxilium,

445 3311 665 3380 Aperte,
685 3310 872 3380 inquit,
889 3309 1080 3364 faciam
1105 3324 1202 3380 pro
1229 3309 1309 3365 eis
1325 3310 1572 3366 salutem.
1594 3310 1646 3364 7.
1673 3309 1893 3381 Eloquia
1921 3309 2034 3364 Do-

445 3401 591 3467 mini,
621 3400 822 3470 eloquia
863 3411 1030 3466 casta,
1074 3411 1339 3473 argentum
1385 3402 1501 3472 igne
1524 3403 1884 3468 examinatum,
1909 3419 2033 3473 pro-

443 3491 612 3544 butum
630 3500 794 3546 terra.
816 3493 884 3548 Et
897 3493 1168 3563 quomodo
1183 3504 1306 3549 sunt
1324 3493 1439 3549 haec
1455 3509 1520 3550 ex
1539 3495 1603 3550 iis
1618 3509 1737 3565 qua:
1753 3495 1895 3550 dicta
1911 3506 2035 3551 sunt

442 3583 870 3651 consequentia?
905 3583 1134 3639 Pulchre
1163 3583 1473 3639 admodum.
1498 3584 1576 3640 Ne
1615 3583 1730 3641 lucc
1753 3587 1914 3653 enim,
1946 3588 2030 3642 in-

440 3672 575 3741 quit,
594 3673 911 3730 existimetis
932 3683 1134 3730 temere
1152 3675 1294 3730 dicta
1315 3690 1435 3732 esse
1460 3676 1749 3748 inanesque
1773 3687 1828 3734 et
1845 3693 2034 3748 super-

442 3777 705 3818 vacaneas
737 3779 858 3821 esse
899 3759 1112 3822 minas:
1141 3775 1266 3822 sunt
1303 3767 1446 3823 enim
1486 3783 1618 3837 pura
1645 3768 1762 3838 ejus
1783 3769 1964 3836 verba,
1999 3785 2028 3824 a

442 3853 723 3909 mendacio
774 3855 960 3912 libera.
1027 3856 1486 3925 Quemadmodum
1537 3859 1680 3914 enim
1749 3869 2027 3931 argentum

443 3945 665 4015 ignitum
693 3947 824 4001 nihil
852 3945 1012 4003 habet
1038 3948 1270 4003 alienum
1293 3957 1349 4004 et
1372 3949 1753 4018 adulterinum,
1770 3950 1842 4005 ita
1867 3952 2028 4007 etiam

442 4037 536 4093 Dei
569 4037 761 4104 verba,
792 4053 911 4109 qua:
941 4037 1169 4104 dixerit,
1201 4041 1420 4095 omnino
1458 4041 1676 4098 evenire
1703 4052 1933 4113 oportet.
1963 4043 2031 4099 Et

439 4124 560 4182 ideo
607 4128 738 4183 dicit
781 4145 794 4182 :
843 4129 1121 4201 Argentum
1166 4131 1282 4202 igne
1328 4133 1674 4186 examinatum
1697 4173 1713 4200 ,
1763 4133 2029 4204 probatum

439 4232 607 4276 terrae.
635 4221 804 4288 Alius,
845 4219 1095 4292 Ignitum,
1127 4222 1308 4276 cedens
1351 4232 1518 4277 terra.
1550 4224 1808 4281 Hebraeus
1848 4235 2026 4282 autem

443 4327 538 4382 pro
556 4327 623 4367 eo
645 4313 787 4383 quod
816 4322 919 4377 est,
948 4313 1146 4369 cedens
1175 4309 1354 4380 térrte,
1371 4313 1525 4380 dixit,
1543 4315 1713 4371 Baalil
1738 4317 1901 4372 laares
1923 4318 2022 4391 (ὁ),

439 4401 542 4456 hoc
562 4411 643 4457 est
659 4443 672 4463 .
689 4402 884 4468 fusum,
900 4404 951 4458 in
981 4413 1176 4460 terratn
1195 4406 1385 4460 fluens.
1409 4404 1692 4477 Purgatum
1716 4411 2022 4481 septuplum.

509 4495 564 4549 5.
607 4494 790 4549 Vidisti
815 4495 1084 4566 quomodo
1107 4496 1250 4567 quod
1278 4513 1460 4552 verum
1486 4508 1590 4565 est,
1617 4508 1674 4554 et
1692 4515 1722 4553 a
1749 4501 2028 4557 mendacio

435 4585 671 4640 alienum
700 4629 714 4651 ,
765 4604 858 4656 per
911 4589 1307 4644 similitudinem
1364 4591 1604 4646 materias
1670 4593 2027 4650 ostenderit?

447 4677 895 4747 quemadmodum
933 4681 1076 4735 enim
1120 4681 1246 4736 illud
1292 4681 1466 4736 fusum
1490 4724 1505 4747 ,
1535 4682 1756 4753 ignitum
1777 4726 1794 4752 ,
1826 4695 1878 4740 et
1923 4686 2026 4744 hoc

438 4783 584 4838 saepe
611 4783 846 4837 passum,
873 4781 956 4826 est
974 4771 1042 4825 ab
1069 4771 1240 4827 aliena
1275 4773 1495 4828 materia
1520 4774 1773 4842 alienum,
1801 4791 2027 4832 accura-

439 4861 646 4916 tissime
667 4870 946 4931 purgatum
979 4880 992 4915 :
1027 4862 1096 4917 ita
1121 4864 1280 4918 etiam
1301 4865 1402 4920 ‘Dei
1429 4864 1634 4932 prolata
1661 4868 1943 4922 sententia.
1967 4869 2020 4925 8.

440 4953 544 5020 Tu,
567 4953 803 5021 Domine,
829 4955 1046 5010 servabis
1075 4973 1185 5020 nos,
1214 4967 1258 5011 et
1279 4960 1528 5013 custodies
1556 4975 1649 5014 nos
1671 4959 1732 5012 ab
1761 4961 1856 5014 hac
1877 4978 2027 5030 gene-

433 5049 629 5103 ratione
653 5057 704 5102 et
743 5049 796 5102 in
837 5050 1098 5104 swculum.
1130 5050 1308 5119 Alius,
1346 5051 1604 5108 Custodies
1643 5055 1799 5124 ipsos.
1832 5055 1982 5112 Alius
2005 5099 2021 5123 ,

493 5185 566 5258 (ε)
589 5185 647 5236 In
669 5193 847 5258 Graeco,
867 5195 970 5258 τάξ..
993 5197 1165 5258 sariam
1187 5199 1352 5258 ιεετιεινιςἒ
1369 5193 1480 5258 tunc
1502 5189 1845 5258 interpretatio
1863 5196 2020 5258 arma

432 5255 510 5296 εει
527 5248 792 5319 symmachi
811 5285 824 5302 ,
975 5248 1166 5297 videtur
1187 5248 1314 5319 aliud
1340 5248 1552 5321 legisse,
1577 5248 1722 5313 quam
1745 5253 1795 5300 in
1818 5253 2022 5302 Hebrzeo

432 5307 578 5357 hodie
601 5316 774 5358 taceat.
799 5309 859 5358 Vt
896 5323 924 5358 e
946 5323 996 5358 tn
1018 5308 1245 5358 HexatJts
1270 5318 1463 5358 nostris.

430 5307 578 5372 hodie
597 5309 774 5372 jaceat.
799 5307 924 5359 Vide
946 5310 996 5358 in
1018 5308 1245 5372 Hexaplis
1268 5307 1463 5372 nostris.

495 5367 568 5438 (θ)
602 5367 861 5438 inﬁtmeco,
889 5383 1020 5438 sum
1039 5367 1180 5438 δάιρεξ.
1199 5370 1332 5423 Colb.
1355 5381 1407 5422 et
1425 5373 1564 5438 Savil.
1584 5387 1850 5438 Βααλῑνλάαρς.
1868 5376 2020 5438 Prima

433 5441 527 5477 vox
553 5429 678 5479 haud
701 5429 943 5496 dubiem:
965 5429 1194 5496 legenda,
1211 5447 1360 5493 ma,
1381 5447 1491 5484 natu
1513 5436 1562 5484 in
1586 5429 1912 5486 Hebraioo‘sir.
1933 5437 2020 5486 ha-

431 5510 580 5560 betur
595 5547 611 5572 ,
632 5491 784 5596 wsb
1007 5491 1274 5567 secundum
1487 5520 1558 5570 sic
1579 5519 1859 5582 exprimunt
1877 5521 2017 5571 savil.

430 5597 484 5665 et.
505 5589 774 5665 (ualuas...
796 5605 1050 5665 ρτομιρις.
1076 5594 1140 5665 _In
1169 5597 1502 5665 antiquissimo
1523 5595 1698 5665 Codice
1723 5610 1786 5646 ex
1808 5610 1906 5660 quo
1928 5611 2018 5665 εις-ι
2081 5659 2086 5665 ι

427 5652 697 5726 φερείωυε
712 5652 996 5726 (ξρρεριιιιιηι
1010 5657 1232 5726 origems
1248 5652 1302 5726 iu'
1319 5658 1478 5707 fronte
1497 5652 1864 5726 Hexaplorum'a
1880 5660 2016 5715 nobis

430 5712 634 5776 editum,
659 5729 705 5778 p.
731 5712 811 5773 81,
836 5716 942 5766 haec
965 5730 1055 5767 vox
1081 5712 1195 5792 ’ξ’-ιχ
1222 5725 1292 5771 sic
1312 5730 1475 5771 cram
1496 5712 1802 5781 exprimitur,
1827 5745 1903 5782 ιρς.

1125 263 1180 318 8.
1221 261 1500 318 JOANNIS
1537 261 2016 318 CHRYSOSTOMI
2056 261 2376 318 ARCIHEP.
2421 263 2955 323 CONSTANTINOP.

3664 269 3763 324 118

2183 373 2444 430 Custodies
2470 376 2582 442 ipsa
2603 417 2617 440 ,
2647 389 2692 430 et
2717 378 3028 432 conservat-is
3056 377 3146 434 nos
3170 379 3230 433 ab
3259 380 3354 434 hac
3378 380 3696 450 generatione
3719 393 3764 436 et

2176 469 2228 522 in
2257 469 2515 525 steculum.
2558 470 2725 533 Alius,
2749 469 2874 524 Cum
2903 472 3250 542 generatione,
3278 489 3390 542 qua:
3411 483 3482 527 est
3517 474 3570 526 in
3599 490 3761 528 secu-

2176 559 2298 612 lum.
2327 559 2380 614 9.
2412 559 2475 614 In
2500 561 2707 613 circuitu
2730 561 2872 630 impii
2900 562 3180 615 ambulant.
3204 562 3372 630 Alius,
3400 563 3759 618 Ambulabunt.

2174 650 2354 714 Alius,
2385 650 2450 705 In
2493 651 2708 705 circuitu
2756 652 3025 722 impiorum
3079 652 3426 708 ambulabunt.
3470 655 3761 711 Secundum

2173 743 2488 796 altitudinem
2531 752 2670 796 tuam
2708 745 3055 814 multiplicasti
3098 747 3232 816 ﬁlios
3275 747 3552 802 hominum.
3587 749 3758 818 ΑΙίιιντ,

2175 833 2393 900 Quando
2419 835 2625 888 exaltati
2652 839 2838 906 fuerint
2867 837 2988 892 viles
3008 838 3230 907 ﬁliorum
3261 839 3540 895 hominum.
3569 841 3721 896 Alius
3744 883 3761 908 ,

2172 926 2464 981 Secundum
2494 929 2808 982 altitudinem
2835 945 2990 997 parvo
3017 931 3169 1000 empti
3193 930 3313 999 ﬁliis
3339 931 3622 985 hominum.
3655 933 3760 988 He-

2170 1018 2345 1073 braeus
2374 1027 2573 1084 autem,
2607 1020 2793 1074 Charm
2815 1019 3002 1074 zolloth
3033 1021 3174 1075 lebne
3197 1022 3364 1075 Adam
3387 1020 3486 1094 (a).
3515 1021 3614 1090 Tu,
3652 1023 3755 1077 Do-

2168 1111 2301 1164 mine
2319 1153 2334 1176 ,
2357 1113 2605 1166 custodiet
2632 1129 2722 1167 nos
2739 1154 2754 1178 ,
2787 1122 2834 1167 et
2861 1115 3174 1168 conseruabis
3201 1131 3310 1170 nos.
3341 1115 3476 1170 Vide
3503 1131 3625 1172 eum
3654 1116 3758 1171 fre-

2165 1211 2410 1271 quenter,
2441 1202 2550 1258 imo
2581 1217 2708 1258 vero
2737 1203 2948 1258 assidue
2977 1204 3044 1257 ad
3079 1205 3243 1260 Deum
3273 1205 3583 1277 confugere,
3611 1207 3760 1262 etab

2165 1307 2232 1348 eo
2261 1293 2515 1348 auxilium
2560 1303 2788 1363 petere:
2819 1304 2902 1350 est
2943 1296 3085 1350 enim
3129 1298 3557 1366 potentissimum
3608 1300 3757 1354 auxi-

2163 1384 2322 1450 lium,
2353 1385 2494 1454 quod
2537 1387 2683 1441 nullo
2725 1396 2964 1456 tempore
3006 1387 3426 1460 interrumpitur.
3475 1387 3635 1445 Nulla
3671 1406 3752 1457 re,

2162 1475 2366 1544 inquit,
2397 1476 2627 1532 humana
2667 1493 2802 1548 opus
2842 1478 3119 1534 habemus.
3145 1478 3227 1534 Tu
3271 1479 3414 1534 enim
3440 1495 3534 1548 es,
3560 1481 3751 1552 inquit,

2160 1569 2248 1638 qui
2275 1578 2534 1638 perpetuo
2558 1569 2812 1624 custodis.
2835 1569 2972 1638 Quid
2999 1579 3082 1626 εει
3100 1577 3296 1635 autem,
3321 1569 3389 1626 In
3417 1573 3631 1627 circuitu
3653 1574 3753 1627 im-

2161 1658 2234 1726 pii
2271 1659 2575 1713 ambulant?
2601 1660 2906 1715 Secundum
2932 1660 3284 1732 Septuaginta
3323 1663 3538 1734 quidem
3570 1665 3641 1719 ita
3667 1666 3752 1720 di-

2158 1748 2385 1804 cendtnn
2438 1762 2566 1805 est:
2618 1751 2840 1806 Etiamsi
2881 1751 3027 1822 impii
3074 1767 3172 1807 nos
3213 1753 3557 1810 circumcirca
3606 1755 3752 1812 obsi-

2156 1839 2337 1906 deant,
2364 1840 2494 1895 nihil
2532 1856 2693 1912 grave
2722 1841 2984 1912 patiemur
3009 1858 3022 1895 :
3057 1857 3156 1898 nos
3180 1843 3323 1898 enim
3359 1859 3666 1914 conservas,
3695 1858 3752 1902 et

2155 1931 2382 1997 extollis,
2410 1932 2688 2004 clarosque
2715 1944 2768 1989 et
2792 1933 3027 1990 illustres
3052 1934 3252 1990 reddis.
3281 1937 3337 1992 Si
3361 1937 3525 1993 alium
3567 1950 3747 1996 autem

2154 2021 2503 2092 interpretem
2533 2037 2838 2095 sequamur,
2861 2025 2961 2080 hoc
2981 2023 3266 2081 dicendum
3297 2035 3381 2083 est
3409 2045 3423 2081 :
3454 2028 3605 2099 lmpii
3648 2046 3748 2085 ex-

2153 2114 2452 2181 trudentur,
2471 2117 2686 2186 quando
2711 2117 2844 2172 viles
2869 2133 2936 2174 ex
2966 2118 3084 2174 filiis
3105 2119 3377 2176 hominum
3403 2121 3745 2180 exaltaveris.

2152 2204 2266 2261 Iloc
2291 2214 2375 2260 est
2405 2223 2419 2259 :
2449 2207 2673 2274 Quando
2696 2223 2793 2264 nos
2815 2209 2904 2280 qui
2930 2209 3064 2264 viles
3090 2220 3400 2280 reputamur
3425 2220 3480 2267 et
3505 2223 3750 2269 contem.

2151 2298 2248 2368 pti,
2282 2296 2587 2355 humiliatos
2615 2300 2782 2371 gloria
2811 2301 3054 2356 aﬂ'eceris
3079 2343 3094 2368 ,
3122 2302 3371 2374 sejunges
3399 2302 3546 2375 ipsos
3569 2316 3624 2362 et
3647 2323 3748 2364 ex-

2149 2389 2340 2460 pelles.
2371 2390 2508 2459 Quid
2534 2401 2615 2447 est
2635 2400 2810 2448 autem
2829 2435 2844 2458 ,
2875 2391 3171 2448 Secundum
3206 2395 3526 2450 altitudinem
3560 2407 3700 2452 tuam
3721 2401 3750 2454 2

2149 2479 2255 2535 Pro
2283 2497 2348 2538 eo
2385 2482 2527 2553 quod
2565 2491 2648 2538 est
2670 2525 2684 2548 ,
2715 2483 2920 2539 similes
2944 2485 3019 2539 tui
3047 2483 3303 2553 effecisti,
3333 2494 3596 2556 quatenus
3625 2490 3743 2546 ﬂeri

2149 2581 2323 2642 potest
2352 2582 2410 2628 ut
2451 2574 2612 2629 homo
2639 2575 2709 2630 sit
2740 2575 2928 2630 similis
2958 2593 2972 2630 :
3006 2574 3280 2632 Faciamus
3322 2577 3464 2633 enim
3485 2621 3502 2646 ,
3530 2579 3741 2651 inquit,

2147 2664 2402 2719 hominem
2428 2666 2498 2719 ad
2539 2666 2810 2738 imaginem
2835 2676 2881 2722 et
2907 2667 3288 2723 similitudinem
3315 2679 3541 2724 nostram
3571 2670 3741 2743 (Gen.

2146 2757 2198 2811 1.
2227 2754 2341 2828 26).
2366 2758 2518 2826 Quod
2546 2759 2659 2829 ipse
2687 2761 2828 2814 enim
2855 2769 2938 2816 est
2968 2761 3018 2815 iu
3045 2761 3198 2828 creto,
3223 2761 3324 2816 hoc
3354 2777 3452 2817 nos
3481 2764 3533 2817 in
3557 2772 3696 2820 terra
3723 2781 3737 2818 :

2145 2856 2197 2902 et
2225 2850 2672 2918 quemadmodum
2703 2867 2936 2921 superne
2965 2851 3141 2906 nullus
3169 2861 3251 2920 est
3277 2867 3342 2908 eo
3371 2857 3632 2924 superior,
3667 2856 3741 2912 ita

2142 2940 2320 2996 nullus
2341 2941 2395 2996 in
2420 2952 2560 2998 terra
2584 2951 2667 2998 est
2697 2943 2819 2999 huic
2843 2944 3057 2999 animali
3080 2944 3274 2999 virtute
3297 2945 3505 3001 similis.
3535 2945 3738 3016 Estotc,

2141 3031 2334 3102 inquit,
2367 3031 2555 3088 similes
2585 3033 2753 3089 Patris
2779 3035 2945 3102 vestri,
2977 3035 3062 3105 qui
3089 3045 3162 3089 est
3189 3035 3242 3088 in
3271 3036 3409 3090 caelis
3435 3035 3652 3107 (Matth.
3680 3040 3737 3093 5.

2139 3124 2257 3196 45).
2295 3123 2594 3192 Quinetiam
2636 3126 2867 3181 nominis
2892 3141 3102 3197 quoque
3138 3127 3217 3180 sui
3247 3143 3345 3182 nos
3370 3126 3493 3182 fecit
3522 3129 3738 3198 partici-

2145 3229 2240 3283 pes
2270 3233 2283 3270 :
2313 3214 2424 3284 Ego
2449 3215 2578 3281 dixi,
2611 3216 2802 3287 inquit,
2829 3215 2916 3271 Dii
2954 3218 3093 3284 estis,
3125 3227 3170 3270 et
3198 3219 3293 3287 ﬁlii
3323 3217 3526 3273 Excelsi
3563 3237 3735 3275 omnes

2139 3303 2311 3371 (Psal.
2342 3306 2431 3361 81.
2463 3306 2542 3378 6).
2567 3306 2635 3361 Ει
2669 3323 2884 3376 rursus,
2912 3307 3159 3364 Constitui
3185 3319 3232 3363 te
3265 3309 3411 3363 deum
3443 3308 3734 3366 Pharaonis

2138 3396 2333 3465 (Exod.
2378 3398 2430 3451 7.
2479 3398 2584 3468 l):
2617 3407 2672 3454 et
2717 3399 2843 3454 fecit
2867 3409 2925 3455 ut
2965 3409 3106 3456 esset
3143 3400 3319 3472 opifex
3351 3416 3729 3473 corporeorum

2137 3497 2188 3542 et
2229 3488 2684 3558 incorporeormn.
2713 3491 2777 3544 Et
2804 3498 2929 3546 tunc
2952 3491 3164 3561 quidem
3187 3500 3356 3546 mutat
3381 3491 3552 3550 Moses
3579 3508 3729 3550 crea-

2137 3586 2346 3641 turam,
2390 3594 2534 3634 nunc
2573 3590 2750 3636 autem
2793 3580 2883 3635 alii
2925 3579 3026 3636 alia
3065 3581 3333 3639 elementa
3360 3600 3377 3638 :
3404 3583 3558 3639 nobis
3601 3601 3729 3641 vero

2134 3669 2388 3740 praecepit
2417 3684 2513 3725 nos
2535 3671 2679 3740 ipsos
2705 3671 2816 3726 Deo
2841 3672 3096 3744 templum
3126 3682 3423 3730 exstruere.
3455 3674 3568 3730 Etsi
3601 3693 3727 3748 ergo

2136 3775 2241 3814 non
2269 3760 2543 3816 fabriceris
2571 3762 2778 3829 caelum,
2817 3763 2908 3817 Dei
2938 3771 3112 3819 tamen
3144 3765 3400 3836 templum
3451 3764 3727 3822 fabricaris

2136 3849 2156 3924 (
2179 3852 2230 3904 l.
2255 3849 2372 3905 Cor.
2398 3853 2450 3907 6.
2484 3850 2595 3925 19).
2638 3853 2926 3924 Propterea
2973 3853 3115 3910 enim
3160 3856 3350 3911 caelum
3394 3871 3607 3928 quoque
3646 3870 3732 3912 est

2133 3941 2468 4011 splendidum
2495 3984 2509 4010 ,
2536 3945 2788 4015 quoniam
2833 3945 2993 4002 habet
3032 3947 3197 4002 Deum
3237 3949 3290 4002 in
3333 3947 3450 4018 ipso
3481 3947 3728 4004 habitau-

2135 4043 2239 4089 tem
2276 4053 2290 4088 :
2320 4036 2426 4090 imo
2455 4051 2583 4090 vero
2608 4045 2665 4092 et
2707 4052 2806 4092 nos
2841 4053 2938 4108 per
2971 4037 3261 4103 Christum.
3306 4037 3728 4096 Conresuscitarit

2133 4127 2297 4193 enim,
2324 4137 2371 4182 et
2398 4145 2490 4183 nos
2518 4130 2785 4184 consedere
2821 4132 2938 4201 fecit
2965 4133 3016 4184 in
3042 4129 3232 4184 dextris
3259 4131 3311 4184 in
3340 4133 3477 4188 ca3lis
3503 4134 3726 4206 (Ep/tes.

2131 4218 2186 4273 2.
2212 4218 2292 4290 6),
2323 4231 2373 4274 et
2399 4220 2566 4289 dedit,
2599 4231 2655 4276 ut
2683 4221 2882 4290 majora
2911 4221 3208 4278 faceremus
3234 4221 3320 4291 iis,
3348 4239 3467 4294 qua:
3499 4225 3613 4296 ipse
3645 4229 3727 4284 [ει

2132 4307 2224 4364 cit.
2257 4309 2421 4381 Signa
2441 4311 2600 4376 enim,
2638 4312 2827 4382 inquit,
2846 4327 2959 4382 quae
2982 4327 3072 4383 ego
3101 4313 3255 4384 facio,
3283 4314 3391 4383 ipse
3413 4331 3612 4387 quoque
3645 4320 3730 4389 fa-

2131 4400 2247 4469 ciet,
2272 4411 2318 4455 et
2355 4402 2554 4472 majora
2593 4402 2670 4456 his
2709 4402 2856 4471 faciet
2882 4400 3057 4472 (Joan.
3091 4403 3178 4458 14.
3208 4403 3321 4467 12).
3357 4405 3425 4460 Et
3461 4408 3513 4462 in
3537 4407 3718 4465 Veteri

2133 4489 2474 4546 Testamento
2501 4489 2587 4546 hic
2610 4491 2823 4563 quidem
2853 4509 2998 4548 mare
3022 4493 3246 4548 mutavit
3267 4493 3459 4565 (Exod.
3494 4497 3578 4553 14.
3601 4499 3728 4566 21),

2132 4581 2223 4636 ille
2252 4597 2379 4637 vero
2418 4583 2586 4637 solem
2631 4583 2875 4651 frenavit,
2904 4584 3038 4638 alius
3079 4584 3257 4640 lunam
3294 4585 3450 4655 jussit
3504 4604 3726 4646 manere

2133 4671 2317 4741 (Iosue
2346 4673 2434 4728 16.
2464 4673 2586 4743 15),
2613 4673 2746 4728 alius
2777 4690 2960 4730 rursus
3003 4675 3055 4729 in
3103 4690 3161 4730 se
3200 4675 3378 4730 radios
3406 4679 3596 4732 avertit
3623 4681 3718 4749 (4.

2133 4764 2259 4833 Reg.
2299 4763 2390 4820 ΞΟ.
2429 4765 2519 4835 11)
2551 4782 2564 4818 :
2593 4765 2742 4835 pueri
2771 4776 2950 4821 autem
2980 4767 3032 4821 in
3072 4765 3286 4823 fornace
3311 4769 3558 4824 elementi
3588 4787 3726 4841 opr-

2129 4855 2392 4910 ratiouem
2424 4855 2740 4927 alligarunt,
2770 4865 2825 4911 et
2863 4855 3074 4912 flamma
3107 4857 3378 4914 insaniens
3421 4861 3643 4927 silebat,
3667 4874 3723 4916 et

2127 4947 2337 5018 alligata
2375 4947 2622 5004 sibilabat
2664 4947 2838 5019 (Dan.
2866 4950 2922 5004 5.
2970 4949 3062 5004 23.
3093 4967 3201 5021 sqq.
3225 4949 3269 5021 ).
3316 4951 3521 5008 Norunt
3558 4954 3716 5008 etiam

2129 5037 2254 5093 fera:
2281 5040 2512 5094 revereri
2541 5039 2634 5095 Dei
2659 5040 2860 5095 amicos
2885 5039 3049 5111 (Dan.
3069 5041 3122 5097 6.
3153 5042 3246 5115 22)
3273 5061 3286 5097 :
3318 5053 3371 5098 et
3404 5044 3524 5100 licet
3553 5045 3716 5102 fames

2129 5138 2351 5198 urgeat,
2391 5129 2744 5184 modestiores
2773 5139 2950 5185 tamen
2983 5130 3132 5186 fiunt.
3161 5133 3261 5200 Qui
3305 5143 3428 5189 sunt
3465 5137 3598 5205 gula:
3629 5136 3720 5192 de-

2126 5219 2244 5284 diti,
2275 5229 2618 5275 revereantur
2641 5218 2876 5276 ferarum
2905 5221 3297 5280 abstinentiam.
3326 5225 3530 5284 Leones
3567 5227 3716 5283 vide-

2127 5319 2253 5364 runt
2279 5310 2575 5377 Danielem,
2605 5321 2660 5366 et
2685 5312 3080 5370 moderatiores
3100 5314 3272 5371 effecti
3311 5327 3435 5371 sunt
3461 5335 3474 5370 :
3506 5332 3603 5373 nos
3624 5335 3719 5374 ve-

2125 5402 2358 5456 nientem
2389 5401 2455 5456 ad
2477 5417 2574 5458 nos
2599 5401 2794 5458 Filium
2829 5404 2921 5460 Dei
2951 5404 3210 5472 videntes,
3229 5407 3578 5477 sapientiores
3609 5425 3714 5463 non

2124 5493 2425 5551 reddimur.
2457 5494 2757 5552 Maluerunt
2786 5496 2860 5552 illi
2887 5495 3026 5554 fame
3055 5497 3247 5568 perire,
3278 5513 3437 5569 quam
3475 5509 3716 5555 sanctum

2124 5602 2320 5657 corpus
2346 5596 2565 5658 tangere
2596 5605 2609 5642 :
2641 5604 2741 5645 nos
2765 5589 2967 5646 nudum
2993 5590 3259 5646 Christum
3285 5602 3338 5647 et
3368 5590 3507 5650 fame
3535 5593 3714 5650 confe-

2188 5726 2260 5787 (τι)
2297 5726 2454 5779 Voces
2472 5726 2689 5778 Hebraea
2706 5738 2839 5784 sunt.
2863 5735 2984 5786 om
3009 5706 3128 5787 ω)
3150 5705 3270 5784 πὸτ
3295 5734 3408 5786 D‘D
