4064 6206
323 274 427 330 N7

321 388 536 455 τηριῳ,
594 389 1100 460 παρρησιάσομαι
1143 393 1215 446 ἐν
1255 390 1434 458 αὐτῷ.
1492 392 1700 457 Ἄλλος,
1753 393 1914 457 Τάξω

324 483 630 552 σωτήριον
653 485 946 554 ἐμφανές.

394 621 555 676 Μάθε
604 623 753 695 πόση
793 625 893 695 τῆς
938 627 1441 698 ταπεινοφροσύνης
1486 627 1520 698 ή
1573 625 1748 696 ἰσχύς.
1793 625 1914 680 Τῶν

332 721 580 792 πενήτων
624 721 660 791 ή
701 719 940 792 δύναμις
983 723 1253 795 (πενήτων
1295 723 1458 792 λέγω,
1504 723 1615 778 τῶν
1655 723 1754 795 τὴν
1795 724 1914 779 διά-

333 836 479 872 νοιαν
505 818 1040 890 συντετριμμένων),
1063 819 1158 872 τοῦ
1192 819 1379 884 κακῶς
1421 821 1651 890 πάσχειν
1682 821 1830 874 ἐστὶν
1879 823 1912 892 ή

336 915 640 986 ἀντίληψις.
661 915 801 968 υύδέ
827 915 935 986 γὰρ
959 915 1072 985 βίον
1091 915 1322 970 ἐνταῦθά
1346 933 1528 987 φησιν,
1549 916 1669 969 οὐδὲ
1691 915 1911 988 ἀρετὴν,

336 1011 469 1065 ἀλλὰ
486 1011 547 1064 τὸ
563 1011 800 1080 πάσχειν
821 1011 1025 1075 κακῶς,
1046 1010 1200 1081 φησὶ,
1216 1011 1373 1066 τοῦτο
1389 1011 1636 1082 ἀνίστησι
1647 1011 1737 1066 τὸν
1758 1011 1910 1075 Θεὸν,

343 1097 495 1172 1121]
514 1100 609 1151 καὶ
629 1099 949 1152 ἐκκαλεῖται
974 1099 1108 1170 πρὸς
1134 1100 1407 1171 τιμωρίαν
1427 1102 1522 1154 καὶ
1551 1101 1784 1173 ἄμυναν.
1811 1102 1904 1154 T0-

341 1190 530 1243 σοῦτόν
553 1191 668 1242 ἐστι
697 1191 759 1242 τὸ
788 1189 1138 1260 ἀδικούμενον
1155 1190 1339 1260 φέρειν
1361 1190 1650 1259 γενναίως,
1677 1191 1913 1263 τοσαύτη

338 1284 448 1337 τῶν
481 1283 938 1352 ἐπηρεαζομένων
971 1281 1121 1352 παρὰ
1138 1281 1232 1334 τοῦ
1259 1281 1392 1334 Θεοῦ
1423 1283 1456 1352 ή
1488 1281 1742 1354 πρόνοια,
1793 1283 1914 1336 ἀντὶ

342 1372 610 1441 μεγίστης
643 1371 966 1442 συνηγορίας
992 1373 1024 1440 ή
1063 1369 1316 1441 συμφορὰ
1341 1369 1435 1423 καὶ
1457 1369 1535 1440 τῷ
1560 1371 1785 1442 πάσχειν
1814 1389 1911 1424 κα-

340 1464 449 1524 κῶς
476 1462 758 1532 γινομένη.
801 1461 1025 1532 Μεγάλη
1060 1461 1154 1512 τοῦ
1185 1460 1492 1531 στεναγμοῦ
1541 1463 1574 1532 ή
1616 1463 1789 1532 ίσχὺς,
1814 1461 1913 1532 τὴν

341 1551 543 1604 ἄνωθεν
573 1551 816 1604 καλοῦσα
853 1553 1046 1622 ῥοπήν.
1074 1549 1350 1622 Φοϐήθητε
1374 1551 1486 1604 ὅσοι
1525 1552 1648 1614 τοὺς
1677 1551 1913 1622 πένητας

341 1639 798 1708 άδικεῖτε.Ἐχετε
825 1637 1050 1709 δύναμιν
1074 1640 1249 1709 ὑμεῖς,
1270 1641 1364 1694 καὶ
1393 1639 1639 1705 πλοῦτον,
1666 1640 1758 1692 καί
1779 1642 1913 1710 χρή-

345 1746 505 1798 ματα,
557 1730 655 1782 καὶ
706 1728 977 1782 δικαστῶν
1016 1727 1262 1783 εὔνοιαν
1315 1729 1430 1783 ἀλλ’
1463 1729 1675 1801 ἔχουσιν
1716 1733 1910 1784 ἐκεῖνοι

344 1822 561 1875 πάντων
585 1819 936 1891 ίσχυρότερον
951 1820 1133 1884 ὅπλον,
1162 1820 1288 1883 τοὺς
1313 1821 1647 1891 στεναγμοὺς
1667 1821 1760 1873 καὶ
1787 1822 1912 1886 τοὺς

344 1912 593 1984 θρήνους,
625 1914 720 1966 καὶ
761 1913 894 1966 αὐτὸ
921 1911 983 1966 τὸ
1013 1912 1336 1972 ἀδικεῖσθαι,
1380 1911 1521 1983 ἅπερ
1564 1913 1663 1981 τὴν
1697 1914 1761 1965 ἐκ
1804 1912 1912 1965 τῶν

343 2003 584 2075 οὐρανῶν
607 2004 910 2056 ἐπισπᾶται
932 2003 1265 2073 συμμαχίαν.
1284 2001 1452 2056 Τοῦτο
1471 2002 1531 2056 τὸ
1551 2002 1713 2056 ὅπλον
1736 2003 1912 2066 οἰκίας

343 2092 642 2162 άνορύττει,
680 2092 840 2144 τοῦτο
873 2091 1152 2162 θεμελίους
1177 2089 1506 2160 κατέσκαψε,
1545 2089 1700 2144 τοῦτο
1730 2089 1912 2156 πόλεις

343 2176 542 2237 ἀνεῖλε,
589 2174 752 2228 τοῦτο
803 2174 1072 2246 ὁλόκληρα
1119 2174 1248 2244 ἐθνη
1291 2176 1675 2228 κατεπόντισε·
1722 2189 1912 2228 στενα-

341 2261 511 2330 γμοὺς
541 2259 918 2330 ἀδικουμένων
938 2257 1238 2331 ἀνθρώπιον
1251 2257 1415 2325 λέγω.
1435 2258 1673 2311 Αίδείται
1706 2258 1804 2328 τὴν
1827 2259 1913 2310 εὐ-

339 2355 694 2426 γνωμοσύνην
720 2355 901 2411 αὐτῶν
926 2357 956 2410 6
970 2356 1120 2420 Θεὸς,
1139 2357 1266 2410 ὅταν
1281 2354 1462 2418 κακῶς
1484 2355 1782 2426 πάσχοντες
1807 2372 1910 2426 μη-

337 2449 423 2502 δὲν
446 2449 681 2519 πονηρὸν
699 2448 974 2520 ἐκφέρωσι
1001 2449 1172 2519 ῥῆμα,
1201 2447 1498 2512 στενάζωτι
1524 2448 1581 2502 δὲ
1606 2447 1784 2518 μόνον,
1815 2449 1912 2501 κα)⁵

339 2539 715 2610 ἀποδύρωνται
763 2539 834 2593 τὰ
879 2540 1052 2596 οίκεῖα
1085 2539 1249 2594 κακά.
1281 2539 1347 2591 Τί
1387 2537 1445 2592 δέ
1476 2539 1612 2601 ἐστι,
1643 2537 1912 2608 Θήσομαι

335 2634 405 2686 έν
434 2633 729 2701 σωτηρίῳ,
759 2633 1246 2701 παρρησιάσομαι
1269 2631 1342 2684 ἐν
1365 2627 1562 2695 αὺτῷ;
1598 2629 1754 2684 Μετὰ
1779 2631 1912 2700 παῤ-

337 2727 554 2797 ῥησίας,
587 2726 776 2795 φησὶν,
800 2721 980 2778 αὐτῶν
1003 2722 1381 2792 προστήσομαι
1408 2718 1660 2792 φανερῶς
1689 2719 1784 2772 καί⁹
1813 2719 1909 2787 δή-

335 2819 460 2881 λως,
477 2819 617 2872 ὥστε
651 2818 854 2878 πάπας
878 2815 1086 2885 μαθεῖν.
1099 2813 1209 2866 Kal
1230 2811 1360 2864 πότε
1379 2811 1440 2864 οὐ
1459 2807 1707 2879 φανερῶς
1724 2806 1906 2872 σώζεις

341 2913 526 2965 Ἔστιν
553 2911 644 2962 ὅτε
668 2909 731 2960 οὐ
763 2905 1034 2978 φανερῶς,
1060 2903 1194 2957 ἀλλὰ
1225 2903 1398 2973 λάθρα
1419 2918 1432 2932 ·
1465 2901 1585 2954 οὐδὲ
1611 2899 1720 2970 γὰρ
1741 2898 1908 2951 δεῖται

333 3003 435 3071 τῆς
466 2984 952 3072 παρὰ-ἀνθρώπων
981 2995 1156 3066 δόξης.
1181 2995 1316 3048 Νυνὶ
1346 2993 1422 3058 δέ,
1453 2991 1640 3063 ἐπειδὴ
1669 2991 1813 3054 είκὸς
1839 2986 1908 3061 ἦν

331 3095 458 3155 τοὺς
500 3091 726 3162 ἐχθροὺς
773 3089 901 3151 τοὺς
943 3086 1121 3140 αὐτῶν
1159 3085 1530 3154 ἐπεμϐαίνειν,
1573 3082 1905 3144 ἐνάλλεσθαι,

329 3183 616 3246 ὀνειδίζειν
649 3179 848 3241 αὐτοῖς,
876 3177 952 3240 ώς
988 3177 1086 3229 οὑκ
1118 3175 1296 3246 ἔχουσι
1328 3175 1460 3228 Θεὸν
1503 3173 1724 3244 βοηθὸν,
1767 3172 1906 3226 ὥστε

331 3272 630 3334 κάκείνους
669 3267 1114 3341 σωφρονισθῆναι,
1149 3269 1244 3320 καὶ
1270 3265 1522 3334 γενέσθαι
1550 3264 1809 3334 βελτίους,
1839 3265 1904 3333 τῇ

332 3366 508 3435 πείρᾳ
542 3361 802 3432 μαθόντας
833 3359 929 3412 τοῦ
958 3358 1226 3417 Δεσπότου
1252 3357 1352 3428 τὴν
1377 3355 1714 3427 συμμαχίαν,
1735 3356 1906 3408 Φανε-

334 3457 449 3528 ρῶς
479 3456 770 3524 ποιήσομαι
807 3452 906 3521 τὴν
932 3450 1070 3520 ὑπὲρ
1095 3448 1272 3502 αὐτῶν
1315 3446 1610 3518 σωτηρίαν,
1645 3444 1796 3516 φησί.
1831 3444 1907 3498 Τὰ

330 3549 510 3618 λόγια
544 3546 783 3613 Κυρίου,
821 3543 996 3611 λόγια
1031 3540 1202 3610 ἁγνά·
1236 3538 1518 3608 ἀργύριον
1561 3536 1904 3606 πεπινρωιιέο

330 3657 464 3704 νον,
488 3638 760 3705 δοκίμιον
786 3632 864 3703 τῇ
886 3631 983 3702 τῇ.
1005 3631 1116 3687 Kal
1144 3629 1270 3683 ποία
1291 3627 1426 3699 αὕτη
1458 3626 1744 3681 ἀκολουθία
1770 3628 1905 3698 πρὸς

331 3729 402 3782 τὰ
436 3727 736 3799 εἰρημένας
766 3722 944 3794 Πολλὴ
982 3722 1073 3774 καὶ
1107 3719 1355 3788 συνεχής.
1388 3719 1479 3788 Μὴ
1516 3716 1624 3788 γὰρ
1660 3717 1724 3786 δὴ
1751 3717 1903 3787 νομί-

334 3836 466 3890 σητε
506 3816 698 3880 ταῦτα,
733 3813 920 3884 φησὶν,
961 3810 1149 3874 ἁπλῶς
1176 3808 1454 3880 εἰρῆσθαι,
1499 3807 1633 3878 μηδέ
1676 3807 1905 3877 ἀπειλὴν

334 3905 476 3964 εἶναι
509 3907 787 3977 περιττήν·
829 3902 1039 3974 καθαρὰ
1065 3899 1229 3954 αὑτοῦ
1273 3900 1388 3952 ἐστι
1433 3897 1502 3951 τά
1530 3900 1768 3970 ῥήματα,
1797 3898 1905 3950 άπ-

335 3998 651 4069 ηλλαγμένα
682 3993 932 4064 ψεύδους.
967 3992 1176 4060 Ὥσπερ
1202 3987 1310 4058 γὰρ
1347 3989 1376 4040 6
1407 3986 1642 4058 ἄργυρος
1671 3989 1700 4039 6
1733 4001 1906 4038 πεπυ-

338 4091 580 4162 ρωμένος
602 4087 752 4141 οὐδὲν
776 4083 1052 4153 ἀλλότριον
1073 4080 1184 4152 ἔχει
1211 4081 1306 4133 καὶ
1325 4078 1496 4142 νόθον,
1522 4076 1662 4131 οὕτω
1683 4076 1778 4129 καί
1811 4075 1903 4128 τοῦ

336 4182 472 4236 Θεοῦ
500 4181 569 4236 τά
598 4182 843 4253 ῥήματα,
868 4177 1010 4249 άπερ
1035 4175 1100 4229 ἂν
1127 4175 1276 4247 εἴπῃ,
1308 4171 1526 4234 πάντως
1554 4167 1779 4238 ἐκϐῆναι
1805 4169 1902 4222 δεῖ.

337 4275 429 4328 Διό
462 4288 645 4345 φησιν·
697 4271 994 4339 Ἀργύριον
1023 4263 1470 4334 πεπυρωμένον,
1514 4261 1786 4328 δοκίμιον
1831 4257 1906 4326 τῇ

337 4370 433 4439 γῇ.
470 4368 684 4430 Ἄλλος,
729 4363 1181 4432 Πεπυρωμένον,
1229 4358 1460 4430 χωροῦν
1497 4354 1572 4424 τῇ
1607 4353 1705 4424 τῇ.
1749 4353 1807 4407 '0
1847 4353 1904 4407 δέ

347 4455 596 4533 Ἐϐραῖος
626 4459 749 4512 ἀντὶ
775 4456 892 4521 τοῦ,
913 4453 1153 4521 Χωροῦν
1176 4451 1252 4520 τῇ
1277 4450 1376 4520 γῇ,
1417 4449 1649 4504 Battle
1684 4445 1906 4514 λὰαρες

340 4548 475 4615 εἷπε,
505 4551 775 4612 τουτέστι,
814 4548 877 4601 τὸ
908 4548 1292 4618 χωνευόμενον,
1321 4542 1380 4596 τὸ
1428 4543 1552 4613 ῥέον
1597 4543 1657 4596 ἐν
1699 4542 1765 4610 τῇ
1807 4543 1899 4611 γῇ.

340 4646 856 4717 Κεκαθαρισμένον
880 4640 1320 4704 ἑπταπλασίως.

369 4830 374 4834 .
405 4789 471 4842 δ’.
497 4785 651 4850 Εἶδες
676 4784 792 4848 πῶς
817 4783 1057 4838 δείκνυσι
1079 4781 1138 4836 τὸ
1172 4779 1418 4849 ἀψευδὲς,
1446 4779 1506 4832 τὸ
1535 4775 1817 4848 άληθεῦον,
1837 4778 1902 4847 τῇ

342 4882 501 4935 εἰκόνι
537 4881 636 4952 τῆς
669 4879 834 4948 ῦλης;
862 4876 1048 4944 ὥσπερ
1083 4873 1190 4944 γὰρ
1222 4873 1399 4926 ἐκεῖνο
1434 4871 1494 4925 τὸ
1521 4869 1806 4940 χωνευθὲν,
1843 4869 1904 4921 τὸ

344 4973 607 5044 πυρωθὲν,
641 4970 702 5024 τὸ
736 4967 996 5030 πολλάκις
1034 4964 1190 5018 τοῦτο
1215 4963 1408 5030 παθὸν,
1447 4962 1724 5031 ἀλλότριόν
1757 4963 1904 5015 ἐστιν

338 5066 616 5137 ἀλλοτρίας
645 5061 796 5133 ὕλης,
828 5050 1298 5128 ἐκκεκαθαρμένον
1325 5053 1463 5126 μετὰ
1485 5053 1788 5126 ἀκριϐείας
1817 5052 1906 5106 οὖ-

337 5176 439 5220 τως
481 5160 515 5228 ή
571 5155 850 5222 ἀπόφασις
901 5147 998 5202 τοῦ
1041 5148 1192 5202 Θεοῦ.
1228 5147 1332 5212 Σὺ,
1376 5145 1572 5214 Κύριε,
1612 5144 1905 5215 φυλάξεις

335 5255 506 5325 ἡμᾶς,
535 5255 635 5308 καί
668 5245 1054 5315 διατηρήσεις
1073 5241 1229 5312 ἡμᾶς
1252 5243 1370 5298 ἀπὸ
1402 5241 1511 5310 τῆς
1535 5243 1742 5312 γενεᾶς
1770 5243 1906 5296 ταύ-

335 5364 455 5414 της,
489 5345 588 5400 καί
617 5347 707 5408 είς
725 5342 836 5394 τὸν
867 5331 1072 5392 αίῶνα.
1095 5334 1304 5400 Ἀλλος,
1337 5334 1631 5398 Φυλάεεις
1663 5334 1902 5396 αὐτούς.

336 5439 540 5502 ’Δλλος,
582 5432 892 5496 Φυλάεεις
940 5428 1109 5489 αὐτὰ,
1167 5427 1265 5482 καί
1315 5424 1694 5494 διατηρήσεις
1746 5420 1905 5491 ἡμᾶς

325 5531 440 5584 ἀπὸ
467 5528 582 5598 τῆς
605 5523 826 5597 γενεᾶς
847 5519 1088 5590 ταύτης⁹
1116 5517 1210 5571 καί
1235 5519 1318 5582 είς
1343 5534 1362 5570 ι
1378 5516 1448 5571 ὸν
1465 5513 1668 5569 αίῶνα.
1693 5511 1902 5579 Ἀλλος,

327 5624 466 5692 Ἅμα
487 5621 564 5691 τῇ
600 5613 783 5686 γενεᾷ
819 5609 900 5678 τῇ
927 5609 1148 5676 αιωνίᾳ.
1181 5609 1391 5672 Κύκλῳ
1417 5618 1468 5663 c.’
1498 5603 1732 5668 ἀσεϐεῖς
1749 5619 1908 5672 περι-

629 5732 924 5791 Ρηιιοι..
972 5724 1086 5782 Gn.
1135 5723 1252 5786 LV.

1495 278 1856 336 EXPOSI'I'IO
1888 277 1954 333 IN
1991 279 2321 343 PSALMUM
2355 285 2445 341 XI.

3482 290 3583 346 148

2013 398 2328 452 πατοῦσιν.
2377 396 2588 460 Ἄλλος,
2630 389 3169 464 Περιπατήσουσιν.
3210 400 3420 466 Ἄλλος,
3469 408 3582 459 ιςύ.

2011 497 2138 560 map
2165 493 2399 547 ἀσεσῶν
2410 491 2982 562 ἐμπεριπατήσουσι.
3011 495 3170 549 Κατὰ
3199 497 3263 550 τὸ
3285 499 3443 567 ὕψος
3462 515 3582 553 σου

2011 585 2446 655 ἐπολυώρησας
2471 587 2613 652 τοὺς
2640 586 2811 650 υἱοὺς
2841 587 2962 640 τῶν
2991 587 3332 656 ἀνθρώπων.
3366 593 3580 656 Ἀλλος,

2013 685 2190 738 Ὅταν
2219 683 2540 752 ὑψωθῶσιν
2561 685 2614 736 οί
2645 683 2912 749 εὐτελεῖς
2926 683 3045 737 τῶν
3061 683 3204 738 υἱῶν
3226 685 3343 738 τῶν
3365 687 3584 756 ἀνθρώ-

2011 792 2159 832 πων.
2201 779 2446 850 Ἕτερος,
2483 777 2644 832 Κατὰ
2689 777 2754 831 τὸ
2800 778 2958 848 ὕψος
2995 779 3146 852 [ηε]
3190 782 3582 852 εὐωνισμένοι

2011 869 2133 937 τοῖς
2167 870 2320 937 υἱοῖς
2351 869 2470 924 τῶν
2511 869 2854 938 ἀνθρώπων.
2903 872 2964 926 '0
2993 871 3050 924 δὲ
3106 869 3373 946 Ἐϐραῖος,
3417 875 3581 945 Χὰρμ

2010 957 2221 1026 ζολλῶ,
2267 961 2421 1034 φησι,
2464 962 2649 1030 λεϐνὴ
2696 961 2889 1030 Ἀδάμ.
2927 962 3034 1027 Σὺ,
3065 965 3260 1032 Κύριε,
3289 967 3581 1036 φυλάξεις

2011 1050 2312 1122 ἠμᾶς,-καὶ
2342 1051 2729 1120 διατηρήσεις
2764 1052 2941 1120 ἡμᾶς.
2970 1054 3111 1125 Ὅρα
3151 1059 3409 1126 συνεχῶς,
3447 1060 3581 1127 μᾶλα

2009 1144 2100 1196 λον
2124 1143 2181 1196 δέ
2206 1144 2470 1215 διηνεκῶς
2492 1144 2584 1197 ἐπὶ
2605 1144 2696 1197 τὸν
2720 1143 2852 1197 Θεὸν
2874 1145 3306 1213 καταφεύγοντα,
3327 1150 3582 1203 κάκεῖθεν

2011 1235 2274 1308 ζητοῦντα
2303 1236 2401 1307 τὴν
2429 1236 2748 1306 συμμαχίαν
2775 1252 2789 1265 ·
2819 1238 2914 1290 καὶ
2939 1237 3050 1309 γάρ
3081 1238 3360 1310 παναλκὴς
3383 1242 3416 1310 ἠ
3447 1241 3579 1311 βοή-

2010 1328 2152 1392 θεια,
2183 1327 2360 1381 οὐδενὶ
2396 1328 2801 1398 διακοπτομένη
2843 1329 3039 1400 χρόνῳ.
3073 1331 3297 1394 Οὐδενὸς
3331 1331 3440 1384 τῶν
3488 1333 3582 1386 ἁν-

2009 1423 2296 1495 θρωπίνων
2342 1423 2594 1494 δεόμεθα,
2647 1424 2810 1494 φησί·
2843 1425 2907 1476 σὺ
2968 1423 3077 1494 γὰρ
3120 1427 3148 1478 6
3204 1425 3486 1494 φυλάττων
3527 1422 3581 1478 εἷ

2006 1513 2290 1585 διηνεκῶς.
2315 1513 2380 1567 Τί
2407 1515 2547 1574 ἐστι.
2579 1515 2795 1580 Κύκλῳ
2816 1517 2871 1568 οί
2895 1515 3132 1581 ἀσεϐεῖς
3151 1516 3580 1584 περιπατοῦσι;

2009 1605 2166 1660 Κατὰ
2199 1605 2298 1676 μὲν
2312 1607 2438 1669 τοὺς
2463 1600 2876 1678 Ἐϐδομήκοντα
2905 1607 3050 1661 οὕτω
3076 1607 3316 1673 λεκτέον,
3350 1609 3432 1662 ὅτι
3459 1608 3577 1664 Κᾶν

2009 1695 2364 1750 κυκλώσωσιν
2410 1697 2459 1750 οί
2486 1697 2723 1761 ἀσεϐεῖς,
2763 1698 2916 1753 οὐδὲν
2957 1699 3299 1770 πεισόμεθα·
3336 1700 3430 1752 καὶ
3469 1701 3581 1772 γάρ

2010 1787 2299 1858 φυλάττεις
2319 1789 2596 1859 ἡμᾶς,καὶ
2617 1790 2993 1862 μετεωρίζεις,
3012 1790 3106 1844 καὶ
3121 1790 3366 1856 ἐνδόξους
3380 1794 3578 1856 ποιεῖς.

2008 1879 2166 1933 Κατὰ
2205 1879 2261 1934 δέ
2297 1879 2390 1933 τὸν
2425 1879 2611 1952 ἕτερον
2655 1882 3001 1954 ἐρμηνευτὴν
3045 1882 3206 1937 τοῦτο
3249 1884 3472 1955 ῥητέον
3513 1887 3581 1939 Ol

2006 1968 2222 2035 ἀσεϐεῖς
2253 1970 2676 2041 ἐξωσθήσονται,
2707 1973 2836 2026 ὅταν
2863 1974 2993 2038 τοὺς
3018 1974 3258 2037 εὐτελεῖς
3279 1975 3404 2038 τοὺς
3431 1976 3580 2038 υίοὺς

2005 2061 2116 2116 τῶν
2147 2061 2454 2134 ἀνθρώπων
2494 2061 2746 2133 ὑψώσῃς·
2778 2063 3077 2130 τουτέστιν,
3109 2065 3238 2118 ὅταν
3267 2067 3412 2136 ἡμᾶς
3453 2067 3580 2130 τοὺς

2007 2153 2396 2224 νομιζομένους
2423 2150 2568 2208 εἶναι
2599 2155 3134 2228 εὐκαταφρονήτους,
3178 2159 3303 2221 τοὺς
3335 2175 3582 2214 τεταπει-

2007 2245 2282 2315 νωμένους
2301 2234 2554 2319 δοξάσῃς,
2581 2247 2915 2320 ἀποστήσεις
2929 2249 3128 2314 αὐτοὺς
3145 2251 3240 2304 καὶ
3255 2249 3576 2323 διακρούσῃ.

2007 2338 2074 2391 Τί
2097 2337 2155 2392 δέ
2183 2338 2322 2404 ἐστι,
2353 2339 2514 2396 Κατὰ
2536 2337 2604 2393 τὸ
2625 2340 2783 2409 ὕψος
2807 2357 2956 2406 σονς
2999 2343 3144 2396 Ἀντί
3164 2342 3283 2408 τοῦ,
3329 2343 3579 2414 Ὀμοίους

2009 2448 2104 2484 σου
2131 2430 2414 2502 ἐποίησας,
2455 2431 2533 2496 ώς
2573 2431 2846 2504 ἀνθρώπῳ
2897 2433 3124 2488 δυνατὸν
3169 2431 3308 2488 εἶναι
3355 2435 3573 2506 ὅμοιον·

2007 2523 2362 2592 Ποιήσωμεν
2409 2523 2519 2594 γὰρ
2567 2523 2884 2593 ἄνθρωπον
2932 2526 3061 2580 κατ’
3105 2527 3333 2590 είκόνα,
3386 2527 3574 2596 φησὶν,

2007 2611 2320 2682 ἡμετέραν,
2349 2614 2449 2668 καί
2485 2617 2614 2669 καθ’
2639 2617 2942 2684 ὁμοίωσιν.
2970 2617 3148 2688 Ὅπερ
3164 2617 3274 2689 γάρ
3303 2619 3450 2671 ἐστιν
3479 2618 3580 2671 αύ-

2004 2703 2099 2767 τὸς
2129 2705 2188 2757 ἐν
2213 2705 2450 2776 οὐρανῷ,
2484 2704 2645 2758 τοῦτο
2673 2708 2832 2776 ἡμεῖς
2861 2707 2953 2761 ἐπὶ
2978 2707 3078 2776 τῆς
3103 2708 3234 2778 γῆς·
3267 2708 3361 2760 καὶ
3389 2707 3576 2778 ὥσπερ

2005 2794 2181 2860 οὐδεὶς
2209 2795 2372 2849 αὑτοῦ
2405 2793 2677 2866 ἁνώτερος
2705 2794 2839 2859 ἄνω,
2869 2793 3042 2858 οὕτως
3059 2797 3335 2860 οὺδεὶςέπὶ
3355 2798 3453 2867 τῆς
3472 2799 3576 2868 γῆς

2003 2884 2100 2937 τοῦ
2131 2883 2271 2949 ζώου
2309 2885 2500 2938 τούτου
2531 2886 2673 2939 κατὰ
2698 2885 2900 2956 ἀρετὴν
2926 2887 3131 2957 ὅμοιος.
3163 2889 3436 2954 Γίνεσθε,
3470 2907 3572 2960 φης

2005 2976 2113 3040 σὶν,
2143 2973 2331 3045 ὅμοιοι
2345 2977 2450 3030 τοῦ
2477 2975 2708 3044 Πατρός
2727 2973 2894 3046 ὑμῶν
2912 2976 3017 3030 τοῦ
3037 2977 3106 3030 ἐν
3130 2977 3256 3044 τοῖς
3277 2979 3570 3047 οὐρανοῖς.

2005 3065 2118 3118 Kal
2163 3063 2258 3118 τοῦ
2287 3064 2551 3135 ὀνόματος
2584 3065 2640 3118 δέ
2687 3067 2820 3136 ἡμῖν
2853 3066 3184 3134 μετέδωκεν·
3227 3067 3372 3138 Ἐγὼ
3414 3065 3572 3134 εἶπα,

2006 3155 2140 3208 Θεοί
2165 3155 2326 3218 ἐστε,
2352 3155 2509 3226 φησὶ,
2544 3154 2642 3208 καί
2679 3155 2797 3209 υἱοί
2851 3155 3132 3226 Ὑψίστου
3180 3157 3422 3225 πάντες.
3463 3161 3574 3213 Kal

2005 3244 2168 3298 πάλιν
2185 3262 2198 3276 ’
2234 3244 2472 3300 Τέθεικά
2500 3259 2572 3298 σε
2605 3245 2744 3299 θεὲέν
2765 3245 2992 3314 Φαραώ.
3019 3248 3126 3301 Kal
3144 3249 3470 3320 δημιουργὸν
3497 3247 3572 3303 εῐ-

2003 3351 2092 3388 ναι
2123 3334 2345 3404 ἐποίησε
2371 3335 2467 3388 καὶ
2501 3336 2831 3406 σωματικῶν
2863 3338 2958 3391 καὶ¹
2985 3339 3312 3409 ἀσωμάτων.
3347 3340 3458 3394 Kal
3479 3339 3572 3393 νῦν

2007 3425 2107 3496 μὲν
2131 3425 2228 3493 τὴν
2263 3427 2443 3480 κτίσιν
2471 3428 2500 3479 6
2535 3429 2776 3499 Μωῦσῆς
2817 3429 3164 3500 μεταϐάλλει,
3193 3429 3287 3483 νῦν
3315 3431 3370 3483 δὲ
3395 3431 3571 3502 ἓτερςι

2001 3517 2167 3588 ἕτερα
2195 3521 2434 3588 στοιχεῖα
2458 3525 2482 3550 ⁸
2501 3533 2513 3547 ·
2548 3520 2680 3589 ἡμῖν
2707 3519 2764 3573 δὲ
2785 3520 3013 3585 ἐπέταξε
3043 3521 3166 3575 ναὸν
3198 3521 3343 3592 αὐτῷ
3368 3522 3572 3587 κτίζειν

2002 3612 2152 3682 ἡμᾶς
2188 3611 2405 3674 αὐτούς.
2455 3613 2573 3666 Κᾶν
2610 3610 2789 3665 τοίνυν
2837 3612 2897 3665 οὐ
2937 3613 3276 3684 δημιουργῇς
3323 3612 3570 3684 οὐρανὸν,

2002 3703 2138 3758 ἀλλὰ
2163 3705 2518 3776 δημιουργείς
2557 3704 2682 3757 ναὸν
2716 3703 2875 3759 Θεοῦ.
2919 3704 3070 3758 Ἐπεὶ
3115 3706 3209 3758 καὶ
3236 3705 3461 3775 οὐρανὸς
3485 3705 3575 3758 διὰ

2001 3793 2160 3848 τοῦτο
2178 3794 2450 3865 λαμπρὸς,
2465 3795 2563 3847 ἐπε
2573 3793 2799 3866 ιδὴθεὸν
2816 3795 2931 3866 ἔχει
2955 3796 3311 3850 κατοικοῦντα
3329 3797 3385 3849 ἐν
3400 3795 3569 3865 αὐτῷ·

2007 3885 2207 3955 μᾶλλον
2249 3887 2306 3938 δὲ
2338 3885 2426 3938 διὰ
2466 3885 2705 3954 Χριστοῦ
2736 3887 2829 3938 καὶ
2865 3886 3030 3956 ἡμᾶς.
3064 3885 3388 3956 Συνήγειρε
3439 3887 3571 3959 γὰρ,

2003 3975 2157 4044 φησὶ,
2194 3974 2293 4028 καί
2320 3973 2726 4027 συνεκάθισεν
2757 3973 2912 4042 ἡμᾶς
2945 3974 3013 4027 ἐν
3035 3973 3202 4041 δεξιᾷ
3232 3975 3302 4029 ἐν
3323 3975 3446 4042 τοῖς
3473 3979 3572 4030 οὺ-

1996 4063 2235 4133 ρανοῖςο
2268 4064 2364 4118 καὶ
2388 4063 2616 4133 μείζονα
2648 4061 2813 4115 ἔδωκε
2840 4066 3016 4116 ποιεῖν
3039 4057 3114 4118 ὧν
3136 4066 3294 4129 αὐτὸς
3325 4067 3569 4136 ἐποίησε.

2009 4155 2085 4209 Τὰ
2126 4155 2234 4226 γὰρ
2288 4154 2528 4224 σημεῖα,
2572 4153 2772 4225 φησὶν,
2826 4152 2865 4207 d
2911 4153 3024 4223 ἐγὼ
3057 4154 3242 4219 ποιῶ,
3295 4157 3571 4222 κάκεῖνος

2003 4244 2264 4312 ποιήσει,
2295 4244 2394 4299 καί
2415 4242 2657 4313 μείζονα
2683 4246 2909 4300 τούτων
2937 4245 3195 4311 ποιήσει.
3216 4247 3328 4301 Καὶ
3355 4247 3449 4300 ἐπὶ
3471 4248 3572 4316 τῆς

2003 4335 2248 4398 nam;
2279 4338 2308 4390 6
2343 4337 2442 4407 μὲν
2489 4335 2587 4408 τὴν
2634 4336 2909 4392 θάλασσαν
2952 4337 3270 4408 μετέϐαλεν,
3303 4340 3330 4391 6
3373 4338 3430 4392 δέ
3479 4339 3571 4392 τὸν

2003 4425 2155 4494 ἥλιον
2178 4426 2449 4497 ἐχαλίνου,
2479 4428 2507 4480 6
2535 4427 2592 4480 δέ
2617 4428 2715 4500 τὴν
2744 4428 2972 4500 σελήνην
2999 4428 3182 4500 μένειν
3205 4429 3516 4493 ἐκέλευσεν,
3541 4434 3572 4484 6

2001 4516 2058 4569 δὲ
2097 4517 2258 4571 πάλιν
2293 4521 2371 4582 είς
2409 4520 2599 4572 ἐαυτὸν
2632 4519 2731 4584 τὰς
2769 4521 2992 4585 ἀκτῖνας
3027 4521 3398 4593 ἀπέστρεφενο
3437 4524 3486 4576 οἱ
3514 4523 3571 4577 δέ

2005 4607 2196 4671 παῖδες
2235 4610 2292 4661 ἐν
2328 4611 2394 4679 τῇ
2431 4609 2646 4680 καμίνῳ
2697 4609 2790 4663 τοῦ
2828 4611 3090 4681 στοιχείου
3139 4613 3238 4683 τὴν
3292 4613 3572 4686 ἐνέργειαν

2005 4699 2298 4769 ἐπέδησαν,
2324 4701 2419 4753 καὶ
2447 4700 2745 4772 μαινομένη
2775 4703 2807 4772 ὴ
2840 4701 2970 4770 φλὸξ
2991 4704 3166 4770 ἐσίγα,
3191 4704 3284 4758 καὶ
3313 4703 3570 4776 δεδεμένη

2006 4787 2275 4860 ἐσύριζεν,
2311 4783 2434 4842 Οίδε
2459 4789 2554 4844 καὶ
2577 4788 2741 4860 θηρία
2772 4789 3037 4843 αἰδεῖσθαι
3053 4790 3186 4842 Θεοῦ
3215 4790 3398 4859 φίλους
3418 4808 3432 4823 ·
3469 4791 3574 4844 κᾶν

2005 4880 2161 4950 λιμὸς
2181 4881 2486 4950 ἀναγκάζῃ,
2515 4879 2920 4951 φιλοσοφώτερα
2947 4881 3176 4948 γίνεται.
3209 4881 3571 4935 Αίδείσθωσαν

2006 4972 2056 5022 οί
2082 4970 2490 5041 γαστρίμαργοι
2515 4970 2613 5040 τὴν
2635 4971 2963 5040 ἐγκράτειαν
2983 4972 3090 5024 τῶν
3107 4973 3330 5042 θηρίων.
3347 4973 3572 5036 Λέοντες

2006 5055 2148 5113 είδον
2176 5060 2269 5113 τὸν
2303 5060 2522 5132 Δανιὴλ,
2559 5061 2650 5114 καὶ
2678 5061 3076 5134 ἐφιλοσόφησαν
3099 5080 3112 5092 ·
3139 5064 3298 5132 ἡμεῖς
3324 5062 3414 5114 τὸν
3444 5061 3574 5114 Υἱὸν

2005 5151 2100 5205 τοῦ
2134 5150 2268 5205 Θεοῦ
2306 5151 2595 5221 βλέποντες
2625 5153 2919 5225 ἐρχόμενον
2952 5155 3088 5226 πρὸς
3128 5156 3293 5224 ἡμᾶς,
3328 5155 3389 5206 οὐ
3419 5153 3571 5223 φιλο-

2010 5241 2300 5312 σοφοῦμεν.
2329 5243 2549 5297 Ε’ίλοντο
2579 5245 2772 5297 ἐκεῖνοι
2797 5243 3162 5314 διαφθαρῆναι
3191 5241 3352 5312 λιμῷ,
3378 5243 3468 5294 καὶ
3494 5245 3571 5315 μὴ

2006 5333 2247 5404 ἅψασθαι
2303 5332 2397 5386 τοῦ
2449 5333 2697 5404 σώματος
2747 5335 2842 5387 τοῦ
2892 5335 3046 5402 ἁγίου
3069 5349 3082 5362 ο
3136 5334 3294 5403 ἡμεῖς
3341 5333 3574 5404 ὁρῶντες

2008 5423 2216 5495 γυμνὸν
2236 5423 2328 5477 τὸν
2350 5424 2585 5494 Χριστὸν
2613 5423 3037 5495 περιερχόμενον
3062 5423 3154 5478 καὶ
3175 5421 3318 5494 λιμῷ
3340 5423 3576 5494 τηκόμε-

2071 5614 2094 5642 ⁸
2115 5612 2330 5678 Στοιχεῖα
2348 5613 2490 5662 deest
2515 5612 2562 5660 in
2585 5607 2720 5662 (ἴση).
2746 5611 2798 5659 et
2817 5606 2966 5659 Sam.

3199 5711 3242 5773 9
