4112 6214
417 211 516 268 ΗΟ

409 337 550 381 ctum
579 325 804 380 circuire
836 323 1078 380 videntes
1099 367 1114 390 ,
1144 339 1213 378 ne
1242 337 1305 378 ea
1342 323 1552 395 quidem
1581 342 1699 397 qum
1735 335 1859 382 sunt
1901 341 1994 384 su-

409 433 734 488 pervacanea
760 418 1096 486 dimittimus,
1115 418 1210 474 sed
1225 419 1276 474 in
1297 434 1499 474 summa
1526 434 1702 490 rerum
1723 419 1992 476 affluentia

405 510 674 574 viventes,
721 518 932 566 sanctos
977 509 1317 579 despicimus.
1346 507 1510 564 Terra
1546 524 1730 565 rursus
1769 511 1854 566 alii
1899 511 1990 566 Dei

403 602 575 655 amico
605 609 749 656 tanta
779 601 917 654 dona
937 615 1004 656 ex
1029 616 1128 655 suo
1155 601 1272 656 sinu
1303 600 1540 671 protulit,
1569 611 1622 656 et
1652 609 1848 656 tantam
1880 600 1988 656 fero

404 692 671 756 tilitatem,
697 699 950 761 quantam
982 706 1267 761 numquam
1311 703 1465 746 antea
1493 690 1633 764 (Job.
1662 691 1750 746 42.
1785 692 1894 764 10).
1923 694 1988 750 Et

400 782 526 852 quid
573 782 784 836 miraris
807 821 824 845 ,
855 783 899 836 si
938 781 1034 852 ipsi
1065 791 1216 837 erant
1245 781 1574 836 venerabiles
1596 824 1612 848 ,
1643 798 1765 838 cum
1813 792 1991 840 vestes

401 887 608 940 eorum,
637 881 694 929 et
716 873 917 927 umbrae
939 873 1290 936 daemonibus,
1323 875 1476 928 morti
1503 884 1556 927 et
1584 875 1782 928 morbis
1809 883 1990 932 essent

398 965 765 1023 formidabiles
795 967 946 1036 (Act.
979 968 1065 1022 l9.
1100 968 1186 1021 lt.
1221 967 1307 1020 te.
1338 974 1394 1020 et
1433 966 1487 1020 5.
1524 967 1646 1036 15)?
1687 966 1988 1033 Quinetiam

402 1058 571 1128 angeli
599 1072 809 1128 quoque
854 1059 1064 1113 reveriti
1094 1066 1238 1124 sunt,
1267 1067 1322 1112 et
1349 1058 1628 1127 insigniter
1658 1057 1990 1114 honorarunt

399 1149 644 1204 homines
677 1149 828 1218 (Gen.
861 1151 945 1205 18.
977 1152 1029 1206 5.
1059 1161 1106 1206 et
1135 1151 1219 1206 19.
1251 1151 1326 1221 5).
1368 1150 1564 1217 Quidni
1593 1152 1733 1203 enim
1762 1149 1989 1205 honora-

396 1248 536 1304 rent,
567 1254 700 1310 quos
730 1241 841 1309 ipse
869 1242 1122 1295 Dominus
1149 1240 1448 1294 honorabat
1478 1238 1498 1310 (
1523 1239 1694 1292 Exod.
1725 1240 1812 1294 M.
1846 1240 1937 1307 19)
1963 1240 1987 1294 ?

396 1329 510 1384 Hoc
547 1341 720 1385 autem
753 1331 915 1386 videri
945 1341 1124 1402 potest
1160 1341 1213 1386 et
1241 1331 1292 1386 in
1336 1330 1487 1385 Novo
1512 1340 1565 1384 et
1593 1331 1643 1384 in
1674 1330 1849 1386 Veteri
1879 1332 1984 1387 Te~

395 1430 659 1474 stamento
682 1421 821 1488 (Iud.
849 1421 904 1474 2.
940 1425 991 1476 i.
1017 1423 1182 1476 Marc.
1212 1421 1297 1476 16.
1327 1422 1382 1477 5.
1406 1422 1516 1476 Act.
1537 1422 1592 1476 8.
1621 1423 1709 1476 26.
1739 1434 1785 1476 et
1817 1422 1896 1478 f0.
1925 1424 1979 1476 5.

393 1522 440 1566 et
469 1512 552 1568 l2.
584 1514 676 1581 7).
721 1514 786 1568 Et
830 1513 950 1568 ideo
983 1513 1108 1568 dicit
1142 1532 1154 1565 :
1185 1512 1476 1568 Secundum
1501 1514 1814 1568 altitudinem:
1843 1524 1982 1569 tuam

392 1605 742 1673 multiplicasti
769 1606 902 1673 ﬁlios
931 1608 1209 1675 hominum.
1237 1605 1371 1659 Cum
1399 1620 1525 1674 ergo
1551 1607 1978 1663 considerareri-

387 1715 508 1753 mus
535 1699 753 1755 honoris
781 1701 1214 1770 magnitudinem,
1233 1714 1390 1770 quam
1419 1715 1513 1770 par
1535 1709 1616 1754 est
1644 1700 1979 1770 prtebeamus

385 1806 483 1860 pro
534 1807 597 1847 ea
645 1794 1160 1859 remunerationem,
1209 1808 1278 1848 ne
1329 1793 1483 1848 nobis
1535 1793 1749 1849 habitus
1807 1794 1978 1850 honor

379 1883 603 1952 insignis
649 1883 720 1936 sit
764 1883 916 1938 nobis
965 1883 1213 1940 viaticum
1269 1883 1432 1938 futuri
1476 1885 1723 1954 supplicii
1754 1903 1768 1940 :
1797 1901 1826 1938 a
1869 1901 1978 1956 quo

379 1973 579 2027 utinam
607 1975 683 2046 (a)
717 1975 1006 2030 liberemur
1041 1990 1230 2030 omnes
1274 1985 1328 2030 et
1356 1976 1444 2044 qui
1483 1977 1741 2032 docemus
1783 1978 1883 2032 ista
1921 1988 1978 2032 et

379 2067 468 2136 qui
498 2067 756 2121 discimus
780 2109 795 2132 ,
826 2066 876 2120 in
903 2067 1119 2122 Christo
1154 2065 1282 2124 Jesu
1312 2067 1536 2121 Domino
1582 2077 1783 2134 nostro,
1816 2084 1974 2138 quem

380 2157 535 2211 decet
564 2158 740 2212 omnis
766 2157 957 2228 gloria,
989 2157 1162 2214 honor
1187 2167 1241 2214 et
1271 2157 1511 2213 adoratio
1549 2158 1600 2214 in
1639 2159 1833 2222 stecula
1874 2175 1976 2214 sa:-

377 2250 642 2306 culorum.
674 2251 866 2305 Amen.

693 2382 1046 2439 EXPOSITIO
1089 2383 1156 2438 IN
1194 2383 1515 2440 PSALMUM
1555 2385 1666 2440 XII.

386 2517 441 2574 i.
482 2515 549 2572 In
571 2517 726 2587 ﬁnem
750 2517 990 2573 Psalmus
1018 2517 1206 2574 David.
1233 2521 1408 2588 Alius,
1444 2521 1548 2576 Pro
1574 2521 1783 2577 uictoria
1813 2524 1972 2575 canti-

458 2626 572 2663 cum
597 2608 784 2663 Dauid.
814 2610 988 2676 Alius,
1016 2609 1086 2664 In
1105 2611 1383 2674 uictoriam.

386 2741 652 2815 Usqttequo
672 2785 686 2810 ,
711 2741 964 2809 Domine,
995 2743 1298 2798 Oblivisceris
1338 2761 1419 2799 me
1463 2745 1516 2798 in
1560 2745 1756 2813 ﬁnem?
1784 2746 1933 2801 Alius
1957 2788 1970 2811 ,

457 2834 779 2889 Oblivisceris
831 2850 911 2887 me
950 2835 1170 2906 penitus.
1228 2833 1496 2906 Usquequo
1554 2839 1739 2890 avertis
1793 2838 1974 2906 faciem

447 2937 588 2981 tuam
610 2944 644 2980 a
671 2943 750 2980 me
770 2926 797 2980 ?
821 2927 992 2992 Alius,
1019 2926 1320 2981 Abscondis.

376 3062 428 3118 2.
473 3060 730 3126 Quamdiu
757 3077 942 3130 ponam
969 3060 1183 3116 consilia
1207 3061 1261 3115 in
1288 3063 1461 3116 anima
1484 3063 1636 3117 mea?
1658 3064 1826 3129 Alius,
1847 3063 1970 3120 Sta-

447 3164 586 3206 luant
612 3153 902 3207 sententias.
933 3151 1146 3207 Dolores
1175 3154 1228 3208 in
1272 3157 1423 3210 corde
1465 3171 1574 3208 meo
1617 3172 1706 3226 per
1756 3157 1888 3210 diem
1920 3168 1967 3210 et

446 3253 660 3298 noctem.
688 3243 865 3308 Alius,
897 3241 1306 3298 Sollicitudinem
1331 3245 1383 3298 in
1409 3245 1710 3316 cogitatione
1731 3262 1839 3300 mea
1877 3264 1968 3314 per

449 3335 606 3388 dicm.

445 3467 496 3521 l.
537 3464 652 3520 Non
691 3475 774 3520 est
804 3463 904 3519 hoc
939 3479 1158 3537 parvum
1197 3465 1425 3532 bonum,
1456 3468 1656 3523 sentire
1694 3467 1788 3522 Dei
1823 3469 1963 3524 obli-

371 3559 603 3613 vionem.
651 3557 982 3612 Oblivionem
1024 3568 1204 3614 alitem
1247 3573 1317 3614 ne
1353 3561 1626 3614 existimes
1667 3575 1789 3615 esse
1829 3561 1959 3616 affe-

370 3661 536 3716 ctum,
563 3649 654 3704 sed
683 3648 1102 3704 derelictionem.
1131 3649 1280 3706 Multi
1304 3659 1449 3706 certe
1472 3653 1664 3721 quibus
1688 3653 1786 3708 hoc
1814 3655 1954 3708 acci-

371 3742 448 3797 dit
469 3724 569 3795 hoc
595 3741 766 3811 ipsum
791 3757 962 3811 neque
984 3750 1198 3806 norunt,
1225 3757 1397 3812 neque
1413 3743 1614 3798 deﬂent
1635 3760 1650 3798 :
1671 3744 1757 3798 hic
1779 3753 1955 3799 autem

373 3832 558 3885 beatus
604 3846 709 3885 non
761 3831 933 3885 solum
977 3829 1082 3885 hoc
1122 3841 1377 3897 noverat,
1409 3833 1501 3887 sed
1550 3842 1760 3903 tempus
1796 3835 1956 3889 etiam

369 3924 550 3977 animo
578 3923 874 3992 reputabat.
905 3921 1038 3978 Illud
1077 3923 1222 3977 enim
1261 3921 1560 3992 Usquequo,
1593 3934 1674 3979 est
1718 3927 1834 3994 ejus
1868 3927 1956 3994 qui

370 4030 618 4084 magnum
651 4025 859 4084 tempus
878 4014 1114 4070 ostendit
1141 4033 1154 4068 :
1186 4024 1240 4069 et
1269 4015 1389 4069 ideo
1413 4016 1573 4070 deflet
1599 4032 1663 4072 ac
1691 4018 1850 4088 luget.
1880 4019 1957 4074 Tu

368 4117 544 4161 autem
568 4108 846 4163 considera
874 4108 1146 4178 quomodo
1171 4107 1238 4162 de
1259 4108 1407 4162 nulla
1433 4123 1491 4163 re
1517 4118 1746 4172 terrens,
1765 4119 1818 4165 et
1841 4127 1961 4180 quat:

376 4201 442 4254 ad
476 4200 613 4257 hanc
649 4203 812 4256 vitam
845 4202 1142 4272 pertineat,
1171 4211 1418 4269 angatur,
1458 4216 1562 4255 non
1588 4201 1656 4256 de
1686 4204 1920 4270 pecuniis
1941 4245 1955 4268 ,

368 4309 474 4348 non
517 4294 585 4348 de
624 4294 791 4364 gloria
816 4335 831 4358 ,
860 4293 953 4349 sed
982 4293 1177 4362 ubique
1217 4292 1285 4348 de
1332 4293 1426 4348 Dei
1468 4291 1862 4348 benevolentia.
1897 4293 1961 4347 Et

367 4386 633 4441 undenam
655 4385 819 4452 novit,
847 4385 1074 4455 inquies,
1093 4384 1260 4438 Deum
1281 4398 1399 4439 esse
1420 4385 1499 4438 sui
1528 4382 1791 4438 oblitum?
1815 4384 1960 4450 Quoo

365 4477 509 4531 niam
555 4485 774 4531 noverat
818 4475 982 4530 etiam
1020 4474 1232 4544 quando
1274 4475 1628 4540 meminerat,
1679 4484 1735 4530 et
1774 4485 1958 4544 aperte

365 4568 570 4623 sciebat
593 4568 720 4637 quid
749 4567 820 4621 sit
843 4566 1058 4633 oblivio,
1083 4566 1206 4635 quid
1233 4566 1490 4620 memoria
1524 4581 1536 4618 :
1571 4581 1675 4620 non
1699 4567 1954 4637 quemad-

366 4659 584 4714 modum
612 4659 800 4728 vulgus
829 4657 1102 4712 hominum
1128 4657 1340 4727 quando
1361 4667 1484 4712 sunt
1512 4657 1954 4730 divites,quando

363 4749 504 4820 apud
528 4749 773 4804 homines
793 4748 1014 4819 gloriam
1043 4757 1416 4816 assequuntur,
1443 4747 1654 4818 quando
1679 4749 1756 4804 eis
1776 4751 1953 4803 omnia

367 4841 593 4896 feliciter
641 4839 963 4906 succedunt,
1000 4839 1213 4908 quando
1255 4839 1472 4894 vincunt
1514 4840 1758 4896 inimicos
1782 4881 1798 4907 ,
1830 4849 1956 4896 tunc

365 4938 676 4994 existimant
730 4937 896 4993 Deum
942 4949 1129 4992 eorum
1172 4935 1521 5002 meminisse;
1580 4945 1636 4991 et
1682 4933 1803 4991 ideo
1855 4953 1955 4993 nec

363 5031 560 5099 sciunt,
578 5031 792 5102 quando
819 5031 958 5086 Deus
982 5043 1166 5086 eorum
1196 5029 1558 5087 obliviscatur.
1581 5029 1680 5096 Qui
1709 5029 1852 5084 enim
1880 5031 1952 5085 si-

362 5139 524 5195 gnum
553 5124 824 5180 memoria:
863 5123 1144 5188 nesciunt,
1174 5137 1274 5178 nec
1317 5131 1514 5177 norunt
1541 5123 1700 5177 etiam
1743 5123 1951 5194 signum

363 5215 668 5272 oblivionis.
699 5215 754 5272 Si
780 5216 925 5271 enim
968 5229 1075 5270 non
1119 5223 1318 5270 norunt
1359 5214 1508 5284 signa
1554 5211 1822 5280 amicitia,
1853 5227 1956 5269 nec

363 5309 758 5365 inimicitiarum
778 5310 938 5364 etiam
960 5305 1109 5384 signa
1137 5314 1352 5362 norunt.
1381 5307 1665 5362 Multorum
1693 5305 1838 5362 enim
1864 5306 1955 5376 qni

366 5401 483 5458 hazc
507 5401 722 5469 habent,
749 5403 888 5458 Deus
915 5399 1264 5466 obliviscitur,
1287 5407 1444 5469 atque
1467 5399 1605 5456 adeo
1627 5414 1814 5456 eorum
1841 5415 1956 5456 ma-

427 5538 501 5601 (a)
523 5544 634 5588 Haec
651 5538 730 5601 ad
759 5537 919 5601 linem,
935 5548 1092 5601 usque
1128 5533 1557 5601 desiderantur__ia
1585 5535 1726 5588 Savil.
1759 5535 1867 5601 sed
1888 5549 1952 5588 ex

365 5595 625 5662 Barb'eriuo
638 5599 812 5662 Oidicc
831 5595 1228 5662 adjiciendaesse
1244 5598 1428 5649 monuit
1444 5595 1528 5649 ille
1546 5599 1597 5649 in
1614 5601 1758 5651 notis.
1778 5599 1954 5650 Eadem

364 5661 618 5726 doxologia
641 5663 764 5727 apud
788 5659 923 5712 (lolii.
952 5661 1214 5720 reperitur.

1519 213 1875 272 EXPOSITIO
1913 214 1980 272 lN
2021 215 2344 276 PSALMUM
2386 222 2503 284 XII.

3593 248 3694 306 ἰξυῖ)

2103 331 2250 388 sime
2277 351 2291 388 :
2322 349 2508 391 eorum
2537 345 2716 396 autem
2747 341 2838 412 qui
2869 342 2920 398 in
2951 345 3114 404 rebus
3136 347 3374 405 adversis
3393 364 3691 419 versantur,

2101 435 2246 492 stupe
2265 427 2527 486 meminit.
2547 428 2689 486 Nihil
2706 433 2847 488 enim
2868 437 3006 504 apud
3026 437 3192 494 Deum
3213 457 3367 512 aeque
3383 446 3694 503 memoriam

2099 514 2272 582 parit,
2303 525 2464 588 atque
2503 519 2624 576 boni
2654 521 2852 594 aliquid
2885 527 3092 594 facere,
3124 546 3283 601 quam
3309 549 3432 590 esse
3458 537 3692 593 sobrium

2099 621 2162 661 ac
2192 609 2520 678 vigilantem,
2548 614 2758 670 virtutis
2780 633 2964 675 curam
2989 637 3178 693 gerere
3205 643 3220 680 :
3243 629 3692 697 quemadmodum

2099 700 2232 756 nihil
2271 719 2423 774 mque
2466 705 2748 764 oblivionis
2775 727 2935 766 causa
2965 725 3075 780 est,
3111 725 3168 772 ut
3209 736 3332 776 esse
3377 722 3430 777 in
3460 729 3692 794 peccatis

2098 795 2440 866 avaritiaeque
2485 807 2537 852 et
2573 801 2776 870 rapina:
2814 819 2934 860 esse
2979 806 3238 864 deditum.
3281 811 3350 866 Et
3376 823 3430 867 tu
3469 832 3630 886 ergo,
3657 833 3691 872 ο

2099 883 2309 952 dilecte,
2330 889 2544 958 quando
2573 890 2628 945 in
2655 892 2828 963 aliqua
2871 897 3033 954 fueris
3061 902 3390 972 calamitate,
3425 923 3491 961 ne
3518 883 3687 974 dicas,

2101 976 2243 1033 Deus
2273 983 2372 1035 mei
2402 982 2600 1038 oblitus
2637 994 2758 1040 est:
2787 991 2881 1042 sed
2910 993 3122 1060 quando
3155 994 3319 1051 fueris
3349 997 3401 1052 in
3429 1001 3684 1068 peccatis,

2098 1077 2156 1122 et
2179 1071 2353 1125 omnia
2386 1073 2477 1128 tibi
2509 1074 2735 1132 feliciter
2760 1082 3074 1139 succedunt.
3101 1087 3157 1140 Si
3185 1087 3286 1142 hoc
3309 1091 3452 1144 enim
3490 1107 3688 1161 cogno—

2095 1161 2262 1226 veris,
2301 1179 2330 1216 a
2371 1166 2530 1222 rebus
2568 1171 2724 1226 malis
2754 1175 2972 1243 agendis
3013 1178 3118 1231 cito
3151 1183 3384 1235 recedes.
3417 1182 3687 1254 Usqueqno

2091 1254 2278 1306 avertis
2317 1255 2500 1323 faciem
2527 1268 2666 1314 tuam
2699 1279 2732 1314 α
2759 1264 2883 1317 me?
2911 1265 3021 1320 lloc
3065 1275 3146 1322 est
3189 1271 3417 1326 maxin-a
3465 1275 3681 1330 oblivio.

2092 1341 2172 1398 Ex
2201 1343 2449 1404 humanis
2475 1349 2618 1404 enim
2651 1351 2832 1422 ﬁguris
2852 1357 3090 1412 ostendit
3119 1359 3212 1414 Dei
3245 1363 3601 1432 oper-stiones,
3634 1375 3683 1422 ct

2090 1438 2208 1506 ejus
2248 1439 2381 1494 iram
2424 1450 2479 1496 et
2518 1443 2774 1500 ultionem
2811 1449 3080 1518 exprimit.
3110 1452 3253 1507 Deus
3292 1465 3468 1510 autem
3500 1473 3684 1511 rursus

2091 1529 2276 1583 faciem
2306 1544 2458 1585 suam
2483 1534 2695 1601 avertit,
2726 1537 2941 1606 quando
2968 1537 3191 1596 facimus
3221 1561 3339 1613 quae
3381 1554 3507 1600 sunt
3542 1547 3681 1601 iudi-

2085 1637 2188 1691 gna
2217 1623 2334 1692 ejus
2375 1627 2696 1696 prazceptis:
2728 1629 2944 1694 Quando
2972 1634 3104 1687 enim
3135 1639 3412 1693 extendetis
3431 1681 3445 1704 ,
3481 1639 3676 1710 inquit.

2086 1732 2270 1770 manus
2309 1729 2528 1784 vestras,
2561 1729 2780 1776 avertam
2808 1727 2981 1780 oculos
3017 1743 3155 1783 meos
3195 1745 3228 1782 a
3267 1731 3425 1786 vobis.
3476 1733 3676 1788 Deinde

2085 1823 2241 1863 causa
2269 1809 2642 1882 subiungitur:
2673 1815 2860 1872 Manus
2884 1820 3015 1872 enim
3043 1831 3218 1876 vestra
3239 1825 3484 1895 sanguine
3515 1827 3678 1894 plena:

2082 1911 2201 1956 sunt
2234 1902 2384 1976 (Ini.
2411 1907 2461 1960 l.
2493 1908 2600 1976 15).
2630 1909 2753 1964 Ιῐωο
2782 1912 2894 1980 ipsa
2928 1922 3105 1968 autem
3136 1915 3428 1984 derelictio,
3464 1929 3520 1974 et
3554 1922 3673 1975 vul-

2087 2004 2172 2048 tus
2207 1996 2450 2062 aversio,
2499 2013 2706 2069 magna:
2733 2011 2815 2057 est
2859 2019 3004 2060 curm
3051 2020 3114 2061 ac
3153 2009 3502 2076 providentia
3533 2029 3545 2065 :
3577 2011 3678 2067 hoc

2083 2097 2262 2146 autem
2289 2087 2446 2154 facit,
2475 2099 2534 2145 ut
2556 2107 2654 2146 nos
2683 2093 2750 2147 ad
2778 2109 2838 2150 se
2862 2095 3232 2155 vehementius
3262 2103 3512 2158 attrahat.
3544 2104 3673 2159 Nam

2082 2179 2243 2234 etiam
2270 2181 2335 2246 is,
2360 2182 2552 2252 quiest
2581 2183 2771 2240 insano
2796 2203 2980 2244 amore
3008 2200 3215 2261 captus,
3247 2210 3370 2248 eum
3409 2197 3496 2266 qui
3525 2211 3674 2252 ama-

2083 2278 2168 2324 tur
2190 2280 2618 2329 contemnentem
2645 2275 2866 2332 dimittit
2894 2293 2957 2334 ac
2983 2282 3326 2354 derelinquit,
3363 2301 3468 2340 non
3495 2287 3675 2342 animo

2079 2361 2294 2432 quidem
2337 2366 2648 2433 expellens,
2680 2369 2778 2426 sed
2816 2371 2988 2440 ipsum
3019 2373 3203 2430 volens
3243 2375 3309 2431 ad
3341 2392 3402 2433 se
3443 2393 3671 2435 conver-

2081 2463 2194 2510 tere
2217 2495 2232 2521 ,
2259 2464 2313 2510 et
2339 2458 2437 2512 sibi
2461 2458 2802 2533 conjungere.
2827 2463 3112 2536 Postquam
3144 2477 3319 2523 autem
3360 2470 3492 2526 dixit
3517 2487 3672 2528 aver-

2081 2546 2323 2609 sionem,
2363 2549 2492 2605 dicit
2529 2555 2687 2609 etiam
2731 2556 3083 2626 oblivionem,
3114 2571 3166 2615 et
3205 2578 3325 2631 quze
3361 2565 3461 2620 sibi
3501 2581 3566 2621 ex
3605 2583 3668 2622 ea

2081 2647 2394 2694 evenerunt.
2433 2639 2686 2710 Quaenam
2711 2654 2886 2702 autem
2917 2663 2980 2704 ea
3006 2651 3174 2707 sunt?
3201 2653 3276 2709 Ea
3302 2669 3420 2726 qua:
3447 2657 3670 2729 subjun-

2079 2731 2176 2800 git.
2203 2730 2390 2791 dicens
2411 2772 2428 2798 ,
2462 2735 2719 2800 Quamdiu
2745 2754 2930 2807 ponam
2965 2743 3176 2797 consilia
3211 2761 3244 2798 ιι
3299 2748 3472 2801 anima
3515 2765 3624 2803 mea
3648 2752 3673 2802 ?

2079 2823 2538 2890 Quemadmodum
2569 2829 2711 2883 enim
2740 2831 2831 2900 qui
2859 2845 2889 2886 e
2920 2842 3074 2902 portu
3097 2850 3342 2906 egressus
3371 2848 3452 2894 est
3477 2841 3671 2912 ubique

2076 2925 2320 2987 vagatur,
2349 2926 2402 2972 et
2435 2919 2522 2988 qui
2553 2919 2670 2975 luce
2707 2923 2944 2990 privatus
2981 2934 3064 2980 est
3104 2927 3156 2980 in
3188 2927 3367 2983 multis
3402 2929 3622 2988 offendit
3653 2951 3667 2988 :

2076 3005 2148 3060 ita
2179 3007 2340 3061 etiam
2371 3010 2458 3078 qtti
2491 3009 2543 3062 in
2575 3011 2666 3065 Dei
2693 3010 3016 3070 oblivionem
3061 3016 3278 3081 incidit,
3302 3021 3481 3088 curis,
3515 3022 3669 3078 solli-

2074 3100 2399 3155 citudiuibus
2427 3117 2490 3157 ac
2514 3101 2789 3159 doloribus
2811 3117 3070 3178 perpetuo
3096 3111 3326 3182 angitur.
3353 3113 3464 3169 Hoc
3489 3124 3664 3173 autem

2074 3207 2181 3248 non
2210 3208 2398 3264 parum
2441 3195 2651 3251 confert
2692 3198 2758 3252 ad
2801 3199 2966 3255 Deum
3003 3205 3423 3261 convertendum
3455 3208 3520 3263 ad
3566 3225 3660 3271 se.

2072 3287 2214 3340 curis
2257 3295 2310 3341 et
2344 3287 2788 3345 sollicitudinibus
2827 3292 2986 3363 angi,
3017 3293 3310 3366 doloreque
3358 3307 3409 3353 et
3451 3301 3661 3356 tristitia

2070 3376 2432 3442 cxtabescere,
2463 3380 2758 3436 eversionis
2794 3381 2935 3437 illius
2971 3385 3230 3442 rationem
3261 3388 3478 3446 ducere.
3510 3392 3660 3460 Quod

2069 3471 2230 3525 etiam
2261 3471 2456 3526 Paulus
2481 3473 2724 3529 scribens
2753 3475 2817 3529 ad
2849 3475 3152 3535 Corinthios
3191 3479 3320 3536 dicit
3349 3481 3415 3538 de
3445 3484 3658 3554 seipse:

2068 3562 2139 3618 Et
2161 3563 2273 3632 quis
2292 3574 2365 3618 est
2389 3566 2475 3633 qui
2497 3582 2578 3620 me
2603 3566 2777 3620 latitia
2798 3569 3003 3638 aﬂiciat,
3028 3571 3124 3624 nisi
3149 3573 3235 3642 qui
3263 3589 3328 3627 ex
3353 3590 3432 3628 me
3458 3575 3662 3629 tristitia

2066 3658 2279 3727 allii-itur
2305 3658 2381 3729 (2.
2403 3657 2520 3714 Cor.
2547 3658 2604 3713 2.
2627 3659 2724 3730 2)?
2750 3660 2861 3716 Hoc
2879 3667 3021 3717 enim
3049 3679 3153 3719 non
3181 3681 3366 3736 parum
3398 3668 3526 3722 lucri
3555 3679 3656 3731 est,

2066 3764 2100 3802 ο
2141 3749 2359 3814 dilecte,
2407 3751 2611 3804 sentire
2649 3751 2744 3806 Dei
2783 3754 3148 3819 aversionem,
3196 3755 3416 3822 dolere,
3449 3759 3656 3812 tristitia

2065 3838 2220 3893 affici.
2264 3838 2339 3892 lta
2375 3835 2516 3893 enim
2564 3841 2736 3909 ipsum
2764 3841 2831 3894 ad
2860 3857 2958 3898 nos
2985 3846 3232 3900 celeriter
3257 3855 3653 3902 convertemus.

2065 3932 2118 3986 5.
2152 3929 2421 3999 Usquequo
2457 3931 2764 3984 cxaltabitur
2809 3933 3042 3987 inimicus
3072 3953 3211 3990 meus
3253 3955 3406 4008 super
3447 3939 3574 3994 me?
3601 3946 3654 3994 4.

2065 4019 2302 4088 Respice,
2330 4020 2517 4072 exaudi
2543 4035 2640 4085 me,
2673 4020 2888 4074 Domine
2915 4023 3053 4077 Deus
3080 4043 3235 4081 meus.
3265 4027 3512 4084 litamina
3539 4048 3632 4085 ocu
3649 4061 3660 4070 -

2066 4111 2144 4166 los
2172 4126 2342 4172 meos,
2375 4127 2437 4165 ne
2466 4126 2707 4180 umquam
2742 4110 3053 4166 obdormiam
3090 4117 3144 4169 in
3182 4129 3358 4172 morte.
3386 4121 3657 4186 Quemad-

2066 4199 2284 4256 modum
2323 4201 2464 4255 enim
2511 4215 2629 4254 cum
2671 4202 2866 4257 retinet
2907 4217 2969 4259 ac
2997 4204 3232 4262 defendit
3273 4223 3373 4263 nos
3405 4211 3574 4278 Deus,
3603 4224 3656 4265 et

2066 4303 2171 4348 stat
2195 4308 2226 4348 a
2259 4294 2434 4360 nobis,
2456 4309 2574 4366 qua:
2602 4297 2900 4352 molestiam
2929 4297 3156 4355 afferunt
3184 4300 3340 4372 longe
3369 4303 3650 4360 recedunt:

2065 4384 2137 4439 ita
2162 4385 2322 4440 etiam
2352 4401 2470 4441 cum
2495 4388 2718 4442 recessit
2746 4397 2800 4442 et
2835 4389 3030 4445 oblitus
3063 4401 3167 4458 est,
3194 4393 3369 4448 anima
3395 4395 3653 4468 discerpi-

2065 4487 2170 4544 tur,
2200 4493 2261 4534 ac
2287 4493 2383 4534 cor
2423 4479 2611 4538 dolore
2643 4482 2874 4553 angitur,
2914 4495 2968 4539 et
2999 4487 3088 4554 qni
3131 4499 3327 4543 vexant
3367 4488 3650 4554 insultant,

2063 4580 2294 4643 suntque
2319 4573 2494 4627 omnia
2527 4575 2726 4644 scopuli
2755 4591 2817 4630 ac
2845 4577 3156 4646 praecipitia.
3179 4579 3304 4635 limo
3327 4591 3504 4636 autem
3547 4588 3651 4643 uti-

2063 4666 2185 4722 liter
2225 4669 2627 4738 permittuntur,
2671 4679 2720 4722 ut
2764 4684 2860 4740 per
2887 4672 3062 4726 omnia
3109 4675 3369 4730 stimulati
3408 4677 3495 4746 qui
3526 4693 3647 4733 sunt

2061 4759 2420 4826 socordiores,
2453 4760 2641 4829 majori
2669 4761 2844 4816 studio
2874 4762 3095 4818 redeant
3125 4781 3190 4820 eo
3210 4808 3224 4832 ,
3257 4768 3395 4822 unde
3433 4770 3651 4825 excide-

2062 4862 2205 4907 runt.
2238 4854 2452 4907 Erudiet
2481 4857 2622 4908 enim
2649 4894 2665 4919 ,
2699 4854 2888 4925 inquit,
2920 4865 2968 4910 te
3005 4857 3218 4930 defectio
3255 4870 3362 4926 tua,
3392 4871 3438 4915 et
3477 4864 3650 4916 uitium

2061 4955 2204 4999 tuum
2246 4955 2293 4998 te
2329 4946 2594 5016 redorguet
2623 4947 2642 5015 (
2663 4945 2774 5001 Jer.
2799 4947 3000 5020 2.19).
3038 4949 3131 5006 Dei
3173 4953 3351 5023 itaque
3375 4953 3657 5010 derelictio

2061 5047 2144 5093 est
2172 5037 2378 5106 species
2409 5037 2775 5107 providentiae.
2805 5039 3026 5110 Quando
3070 5043 3211 5098 enim
3253 5044 3344 5115 qui
3377 5044 3648 5112 providet,

2061 5137 2116 5182 et
2141 5142 2320 5182 curam
2343 5127 2500 5197 gerit,
2524 5130 2902 5198 contemnitur,
2925 5147 3210 5204 parumper
3233 5132 3452 5188 dimittit
3479 5142 3532 5188 et
3559 5133 3656 5188 dc-

2061 5219 2330 5290 relinquit,
2358 5229 2414 5275 ut
2441 5228 2567 5276 tunc
2591 5223 2814 5292 expulsa
2847 5223 3112 5291 socordia,
3148 5223 3479 5294 negligentes
3523 5225 3651 5280 fiant

2059 5312 2422 5382 diligentiores
2473 5311 2570 5385 (a).
2621 5314 2886 5385 Respice,
2935 5315 3146 5384 inquit,
3191 5313 3312 5369 vide
3375 5313 3647 5372 inimicum

2061 5422 2276 5474 meum,
2311 5407 2402 5477 qui
2443 5407 2708 5464 cxaltatur
2733 5423 2893 5478 supra
2942 5421 3030 5463 me
3063 5424 3076 5461 :
3107 5415 3163 5461 et
3199 5406 3244 5462 si
3289 5423 3396 5464 non
3433 5419 3648 5482 propter

2125 5537 2199 5600 (a)
2233 5539 2287 5588 In
2312 5539 2418 5608 haec
2440 5539 2590 5608 verba
2612 5538 2981 5608 desinitfsalmi
3005 5543 3086 5595 ΧΠ
3107 5540 3354 5608 Expositio
3375 5546 3502 5608 apud
3518 5549 3646 5598 Savi-

2060 5601 2210 5673 lium_,
2234 5609 2287 5650 1‘.
2314 5602 2365 5673 ι,
2383 5602 2471 5673 Aqui
2497 5608 2665 5673 monet
2697 5600 3086 5673 podicemsuum
3113 5600 3334 5673 defigere
3369 5600 3644 5673 ceteraque

2062 5665 2347 5716 desiderari.
2378 5661 2470 5712 sed
2503 5661 2660 5712 locum
2696 5663 2958 5732 integram
2979 5679 3008 5718 e
3032 5665 3203 5719 Codtce
3227 5665 3484 5722 Barberino
3505 5661 3644 5732 1'.'8,
