4112 6214
373 241 476 300 155

369 362 776 412 monumentum
815 356 1100 415 indelebile
1123 399 1139 424 ,
1170 356 1274 414 hoc
1314 361 1576 416 canticum
1620 361 1739 432 ejus
1775 363 1828 418 in
1871 381 1957 421 me

370 447 747 502 beneﬁciorum
778 448 989 514 dedico,
1023 465 1128 504 non
1159 465 1298 505 nunc
1327 451 1498 506 solum
1527 451 1628 508 hoc
1651 468 1871 520 canens,
1901 465 1956 512 et

374 538 628 594 beneﬁcia
657 541 772 609 ejus
809 541 949 609 apud
978 556 1064 594 me
1103 550 1280 596 mente
1311 557 1527 596 versans
1546 583 1562 607 ,
1590 543 1683 599 sed
1714 545 1872 600 etiam
1903 547 1952 601 in

372 640 642 696 posterum
680 633 908 685 cantabo
945 641 998 686 et
1037 633 1256 701 psallam
1297 633 1496 688 nomini
1532 634 1776 700 Domini,
1808 637 1954 693 nulla

368 735 619 788 umquam
651 720 917 775 oblivione
942 719 1219 786 delendam
1253 723 1492 778 beneﬁcii
1533 725 1950 795 magnitudinem

366 812 546 865 animo
573 810 973 868 circumferens.
1032 813 1172 868 Talis
1200 827 1326 884 ergo
1364 815 1539 870 anima
1569 817 1720 870 malis
1751 817 1952 872 irretita

367 917 474 956 non
505 903 677 956 solum
705 917 734 956 a
761 903 916 976 malis
950 901 1206 958 liberatur
1229 947 1245 970 ,
1275 905 1366 960 sed
1397 911 1556 960 etiam
1581 905 1639 960 ﬁt
1663 906 1828 962 tutior
1849 948 1865 972 ,
1897 919 1957 962 ut

367 1008 474 1045 non
502 991 730 1061 amplius
755 993 807 1046 iu
846 993 1035 1048 similia
1065 994 1291 1049 incidat-
1324 995 1550 1063 Quando
1577 998 1730 1052 enim
1751 997 1960 1052 beneﬁ-

366 1086 508 1138 cium
539 1099 752 1152 semper
778 1083 934 1140 habet
959 1084 1011 1138 in
1037 1087 1292 1140 memoria
1310 1128 1324 1151 ,
1353 1088 1556 1142 clarum
1586 1097 1668 1142 est
1693 1103 1812 1142 eam
1846 1103 1958 1142 ma-

364 1176 540 1229 lorum
569 1189 778 1244 quoque
802 1176 1089 1241 recordari,
1117 1191 1147 1230 a
1173 1178 1366 1248 quibus
1389 1179 1609 1233 liberata
1637 1177 1954 1232 beneﬁcium

367 1266 470 1320 fuit
509 1279 854 1337 consequuta.
901 1268 1034 1323 Cum
1075 1277 1255 1325 autem
1299 1271 1563 1326 malorum
1604 1271 1956 1339 recordetur,

365 1357 654 1426 diligenter
671 1359 808 1427 apud
829 1373 884 1414 se
914 1369 1141 1430 reputat,
1165 1360 1432 1416 undenam
1451 1377 1518 1416 ea
1535 1361 1637 1417 sibi
1653 1363 1954 1430 evenerint,

365 1457 419 1502 et
453 1455 670 1518 propter
691 1463 850 1518 quam
873 1464 1093 1505 causam
1125 1451 1180 1503 in
1215 1459 1418 1505 tantum
1447 1453 1642 1506 malum
1674 1451 1830 1507 fuerit
1854 1453 1954 1507 de-

369 1537 577 1592 tnrbata
607 1557 620 1594 :
650 1549 710 1594 et
740 1540 994 1611 deinceps
1037 1541 1089 1595 id
1128 1551 1383 1612 reputans
1405 1581 1420 1607 ,
1452 1543 1679 1613 seipsam
1722 1543 1960 1611 nudique

367 1630 560 1695 munit,
587 1646 656 1685 ne
679 1631 734 1686 in
763 1632 898 1687 tales
921 1631 1126 1687 recidat
1142 1633 1502 1697 calamitates;
1528 1644 1580 1689 et
1605 1634 1675 1690 ita
1697 1633 1960 1704 deinceps

351 1737 516 1775 suam
548 1722 710 1778 vitam
753 1733 900 1779 recte
925 1739 1252 1794 componens
1275 1733 1331 1780 et
1360 1725 1656 1792 instituens,
1687 1727 1738 1782 ei
1762 1728 1851 1798 qui
1882 1728 1948 1781 li-

362 1812 567 1867 beravit
605 1830 832 1884 magnas.
859 1817 967 1885 agit
993 1817 1190 1886 gratias
1219 1833 1232 1870 :
1267 1818 1717 1886 quemadmodum
1749 1820 1956 1876 invenit

363 1903 704 1960 liberatorem
729 1947 751 1972 ,
777 1907 846 1961 ita
883 1910 1042 1962 etiam
1085 1909 1356 1965 custodem
1393 1910 1446 1965 in
1481 1911 1714 1966 futurum
1749 1912 1960 1968 habere

356 1996 650 2064 postulans.
677 1996 823 2052 Hanc
849 2015 945 2053 nos
970 2015 1180 2070 quoque
1201 2000 1489 2067 imitemur,
1513 2003 1631 2057 etsi
1656 2003 1709 2056 in
1735 2003 1946 2073 aliquod

355 2094 632 2151 peccatum
662 2087 1004 2144 inciderintus
1027 2131 1042 2154 ,
1075 2089 1144 2145 ad
1175 2105 1276 2146 nos
1303 2090 1410 2146 cito
1438 2092 1721 2148 redeamus
1744 2133 1760 2158 ,
1788 2103 1843 2149 et
1869 2093 1948 2147 la-

355 2177 559 2230 t-iamus
584 2186 643 2231 ut
666 2177 846 2246 lapsus
875 2180 946 2235 sit
971 2195 1130 2241 causa
1155 2182 1488 2248 securitatis,
1519 2193 1571 2238 et
1598 2183 1810 2239 occasio
1837 2199 1956 2240 non.

354 2265 580 2334 amplius
601 2270 880 2336 peccandi.
905 2271 1185 2339 Quomodo
1205 2288 1334 2342 ergo
1356 2272 1554 2330 facies?
1579 2275 1758 2332 Habes
1784 2277 1945 2332 David

358 2370 760 2430 praeceptorem.
795 2364 1080 2420 Peccavisti
1098 2367 1127 2420 ?
1143 2365 1220 2421 Ne
1244 2367 1480 2423 dormias
1503 2369 1554 2423 in
1581 2378 1820 2440 peccato,
1847 2371 1954 2426 sed

358 2465 586 2521 exsurge
609 2493 625 2517 ,
654 2463 710 2508 et
743 2455 927 2510 statim
957 2457 1094 2524 apud
1125 2465 1176 2512 te
1202 2459 1374 2528 cogita
1406 2459 1570 2514 Deum
1607 2475 1640 2513 a
1671 2472 1723 2516 te
1755 2460 1944 2516 faciem

362 2541 637 2604 avertisse,
665 2545 738 2597 tui
770 2545 993 2599 oblitum
1021 2561 1146 2602 esse
1174 2563 1188 2601 :
1216 2546 1408 2602 deinde
1435 2548 1604 2616 plora,
1633 2549 1944 2618 ingemisce.

363 2631 480 2686 lava
507 2648 602 2702 per
628 2635 863 2706 singulas
888 2645 1080 2692 noctes
1108 2637 1304 2691 lectum
1344 2647 1491 2692 tuum
1527 2638 1776 2710 lacrymis
1793 2680 1812 2707 ,
1841 2641 1948 2694 cito

357 2723 553 2779 recede
593 2725 661 2778 ab
702 2726 768 2780 iis
806 2727 897 2796 qui
939 2737 1231 2798 operantur
1269 2729 1624 2799 iniquitatem.
1664 2730 1796 2786 Nam
1834 2733 1948 2788 haec

357 2829 570 2885 quoque
594 2825 719 2871 sunt
751 2818 962 2872 Davidis
987 2827 1273 2889 praecepta.
1300 2819 1392 2875 Dic
1416 2836 1536 2874 cum
1560 2822 1676 2891 ipso
1703 2839 1716 2874 :
1747 2821 1949 2889 Usque-

1343 267 1710 325 EXPOSITIO
1751 275 1818 330 Ν
1857 275 2182 334 PSALMUM
2220 273 2356 331 XLI.
2389 295 2460 310 —-
2489 268 2818 324 MONITUM.

3547 273 3651 329 ιει

2060 370 2242 440 facient
2268 382 2406 428 tuam
2430 390 2462 428 α
2489 392 2568 431 me
2591 375 2764 448 (Psal.
2789 378 2842 434 6.
2872 379 2922 434 7.
2945 380 3045 452 8)?
3071 381 3170 440 Die
3197 399 3302 441 non
3325 384 3524 460 lingua,
3550 388 3658 445 set?

2058 469 2217 521 corde
2259 467 2426 523 multo
2461 480 2586 525 ante
2618 489 2632 527 :
2666 471 2754 528 die
2777 472 2908 528 alias
2947 475 3110 532 David
3145 493 3358 550 quoque
3383 481 3645 540 rationest

2057 557 2281 624 Quando
2318 560 2518 617 dixeris
2556 565 2732 620 omnia
2758 607 2772 633 ,
2803 580 2958 636 spera
2998 568 3050 622 in
3093 571 3458 628 misericordia
3486 573 3603 642 ejus
3624 616 3643 644 ,

2057 666 2210 717 Spera
2234 692 2250 716 ,
2283 667 2350 707 ne
2377 651 2725 711 haesitaveris.
2761 657 2860 724 Qui
2889 659 3022 714 enim
3059 660 3292 730 Itazsitat,
3325 663 3497 734 inquit
3517 707 3532 732 ,
3573 677 3648 724 est

2062 743 2236 796 similis
2264 743 2416 798 unda:
2442 747 2614 814 maris,
2642 763 2755 817 qua!
2773 759 2914 803 vento
2943 752 3188 805 excitatur
3217 764 3262 806 et
3285 755 3528 825 agitatur.
3565 756 3649 812 Ne

2057 851 2174 905 ergo
2209 837 2452 890 existimet
2479 840 2565 909 qui
2593 851 2664 893 est
2692 841 2937 911 ejusmodi
2955 885 2968 904 ,
2996 861 3050 898 se
3076 845 3271 915 aliquid
3296 863 3327 901 α
3357 846 3465 902 Deo
3494 866 3648 904 acce-

2061 938 2287 1000 pturum.
2321 928 2411 983 Vir
2431 931 2561 984 enim
2584 932 2776 1000 duplici
2794 937 2963 1000 corde,
2987 947 3057 990 est
3079 938 3322 996 instabilis
3343 941 3395 994 in
3415 942 3647 996 omnibus

2060 1021 2151 1070 viis
2177 1019 2281 1072 suis
2333 1019 2352 1091 (
2370 1018 2550 1074 Iacob.
2585 1023 2635 1076 1.
2667 1023 2820 1093 6-8).
2857 1022 3020 1094 Spera
3050 1043 3176 1096 ergo
3205 1029 3258 1086 in
3288 1030 3402 1100 ejus
3430 1031 3645 1089 miseri-

2060 1107 2240 1161 cordia
2261 1150 2276 1176 ,
2304 1109 2434 1164 nihil
2460 1110 2711 1166 haesitans
2731 1155 2746 1179 ,
2778 1123 2831 1168 et
2863 1117 3181 1184 postulatum
3209 1122 3426 1176 omnino
3448 1137 3643 1180 conse-

2059 1199 2274 1267 queris;
2303 1211 2581 1269 postquam
2621 1213 2800 1258 autem
2839 1217 3198 1277 consequutus
3239 1210 3400 1265 lueris
3423 1253 3439 1278 ,
3469 1228 3535 1268 ne
3573 1216 3647 1270 sis

2059 1289 2300 1358 ingratus
2323 1291 2378 1344 in
2404 1291 2801 1349 benefactorem
2822 1337 2836 1362 ,
2866 1296 2960 1350 sed
2992 1295 3076 1352 {ac
3100 1311 3502 1357 monumentum
3533 1305 3647 1372 ejus

2057 1380 2341 1448 beneﬁcii,
2373 1391 2427 1438 et
2468 1399 2566 1453 pro
2611 1385 2902 1454 gratiarum
2952 1389 3162 1446 actione
3201 1391 3428 1448 Domino
3461 1395 3646 1453 dedica

2055 1475 2339 1529 canticum.
2381 1476 2496 1530 Non
2526 1487 2675 1546 potes
2703 1479 2816 1548 ipse
2841 1479 2984 1537 forte
3018 1497 3340 1553 componere
3371 1507 3384 1542 :
3413 1501 3644 1543 convoca

2053 1580 2334 1636 pauperes,
2353 1583 2537 1622 eorum
2560 1570 2764 1638 linguas
2783 1573 3120 1629 commndato
3139 1577 3339 1645 accipe,
3357 1585 3414 1632 et
3428 1577 3521 1634 tibi
3543 1595 3636 1635 eas

2054 1671 2320 1725 compara.
2349 1657 2465 1712 Scis
2485 1675 2605 1714 eum
2632 1663 2897 1717 lubentius
2920 1664 2971 1718 id
2992 1665 3314 1733 auditurum,
3339 1683 3498 1739 quam
3519 1685 3646 1723 can-

2055 1749 2215 1804 ticum
2245 1751 2553 1807 Davidicum
2573 1796 2590 1820 ,
2619 1755 2760 1824 quod
2788 1755 2872 1811 illi
2895 1771 2989 1826 pro
3019 1767 3070 1812 te
3095 1761 3404 1816 cecineriut.
3437 1761 3638 1829 Quem-

2054 1841 2339 1896 admodum
2363 1843 2507 1897 enim
2533 1846 2672 1915 quod
2694 1861 2760 1900 ex
2787 1847 3012 1902 diversis
3036 1857 3119 1904 est
3141 1851 3356 1906 chordis
3385 1855 3646 1908 constitu-

2051 1940 2164 1986 tum
2190 1972 2205 1996 ,
2227 1933 2596 2001 jucundiorem
2624 1937 2819 1991 emittit
2845 1938 3259 1995 modulationem
3279 1984 3292 2006 ,
3319 1957 3475 2012 quam
3501 1942 3645 2012 quod

2055 2037 2118 2078 es
2151 2025 2303 2078 unica
2338 2041 2352 2076 :
2385 2024 2454 2078 ita
2483 2027 2647 2082 etiam
2677 2027 2815 2097 quod
2846 2038 2927 2083 est
2953 2045 3017 2083 ex
3043 2029 3269 2086 diversis
3295 2034 3642 2102 pauperibus,

2056 2115 2165 2169 Deo
2194 2115 2284 2183 qui
2323 2114 2472 2170 audit
2498 2131 2680 2171 vocent
2723 2133 3014 2188 pauperum
3035 2161 3050 2185 ,
3077 2119 3371 2190 jucundum
3399 2121 3527 2192 qu'd
3559 2139 3643 2178 re-

2050 2209 2264 2265 sonabit
2298 2219 2353 2264 et
2379 2209 2624 2265 amabile.
2664 2210 2822 2281 Erige
2851 2211 2943 2267 tibi
2983 2213 3083 2284 ipsi
3114 2223 3168 2269 et
3201 2215 3308 2270 Deo
3338 2213 3642 2286 hnjusmodi

2050 2309 2454 2356 tuonumentum
2498 2318 2512 2354 :
2553 2302 2603 2358 ei
2647 2302 2860 2374 quidem
2907 2317 3309 2362 monumentum
3355 2308 3636 2373 beneﬁcii;

2050 2393 2152 2447 tibi
2174 2409 2299 2449 vero
2323 2393 2684 2451 ostensionem
2711 2397 2998 2467 gratiarum
3025 2400 3249 2456 actionis
3267 2443 3283 2469 ,
3315 2403 3449 2472 grati
3475 2402 3640 2457 animi

2050 2493 2105 2539 et
2153 2486 2404 2541 memoris
2428 2527 2443 2549 ,
2471 2487 2678 2558 signum
2725 2497 2996 2558 perpetuae
3039 2493 3312 2547 memorire
3337 2534 3353 2559 ,
3385 2509 3542 2564 quam
3586 2494 3639 2549 in

2050 2574 2214 2629 corde
2255 2590 2466 2645 semper
2505 2576 2706 2631 habens
2735 2579 2949 2633 inﬁxam
2977 2621 2990 2644 ,
3021 2583 3229 2652 corrige
3261 2591 3402 2638 tuam
3432 2585 3592 2638 vitam
3623 2601 3637 2638 :

2053 2665 2162 2718 imo
2188 2679 2317 2719 vero
2355 2665 2682 2736 corrigamus
2707 2708 2721 2731 ,
2757 2678 2812 2721 ut
2840 2669 3006 2724 simus
3044 2671 3184 2740 digni
3219 2675 3510 2730 hereditate
3538 2675 3639 2730 bo-

2053 2769 2243 2809 norum
2269 2770 2387 2825 quas
2413 2755 2524 2810 illic
2549 2768 2691 2820 sunt,
2716 2757 2766 2811 in
2790 2758 3002 2812 Christo
3027 2761 3152 2815 Jcsu
3181 2763 3406 2820 Domino
3432 2775 3634 2830 nostro,

2051 2846 2136 2901 cui
2164 2845 2330 2916 gloria
2358 2853 2416 2900 et
2439 2845 2718 2916 imperium
2750 2848 2812 2901 in.
2831 2848 3026 2904 smcula
3055 2853 3393 2909 saeculorum.
3424 2856 3613 2909 Amen.

353 2921 473 2974 quo,
503 2904 736 2971 Domine,
759 2907 1064 2964 Oblivisceris
1087 2925 1166 2962 me
1188 2910 1244 2963 in
1265 2909 1418 2978 ﬁnem
1436 2910 1464 2964 .9
1487 2926 1740 2981 usquequo
1765 2913 1961 2966 avertis

3019 3029 3058 3054 Ι

384 3061 3615 3106 9W

381 3167 505 3213 mus
538 3180 550 3214 :
589 3157 795 3211 Rursus
821 3155 1058 3225 infelices
1093 3154 1196 3219 illi,
1230 3153 1639 3225 mortaliumque
1666 3155 1901 3208 omnium
1925 3152 2212 3207 miserrimi
2237 3151 2414 3207 Judaei
2443 3151 2746 3223 jejunaturi
2778 3163 2901 3208 sunt
2929 3171 2948 3208 :
2981 3171 3168 3209 rursus
3201 3153 3403 3210 Christi
3429 3172 3636 3227 gregem

381 3259 683 3312 muniamus
717 3270 919 3308 necesse
952 3262 1050 3307 est.
1082 3251 1516 3320 Quandoquidem
1539 3261 1588 3306 et
1617 3261 1876 3321 pastores,
1899 3250 2154 3322 quamdiu
2180 3251 2341 3304 noxia
2375 3251 2541 3304 bestia
2575 3251 2795 3306 molesta
2825 3267 2927 3305 non
2951 3261 3051 3314 est.
3077 3251 3176 3305 sub
3203 3253 3374 3307 ilicem
3408 3264 3501 3307 aut
3534 3271 3632 3323 po-

380 3352 566 3420 pulum
598 3350 848 3420 porrecti,
886 3346 1068 3418 fistula
1100 3355 1318 3408 canunt,
1349 3347 1575 3399 sinente:
1612 3363 1727 3400 oves
1753 3345 1912 3400 libere
1941 3361 2036 3414 pro
2067 3345 2458 3398 suoarbitratu
2499 3361 2754 3414 pascere:
2785 3361 2960 3399 verum
3000 3345 3163 3400 simul
3195 3355 3350 3416 atque
3379 3347 3635 3400 senserint

379 3449 631 3503 alicunde
659 3447 905 3517 luporum
934 3445 1285 3498 incursionem
1319 3444 1612 3508 imminere,
1645 3457 1788 3506 mox,
1813 3440 2250 3511 abjectapﬁstula,
2279 3441 2502 3511 fundam
2527 3443 2814 3512 arripiunt,
2848 3450 2896 3496 et
2920 3445 3111 3498 emisso
3137 3443 3366 3508 calamo,
3404 3443 3634 3512 fustibus

376 3557 428 3599 et
457 3545 608 3599 saxis
640 3543 918 3596 obarmant
945 3557 1076 3606 sese,
1101 3555 1297 3612 proque
1323 3541 1448 3594 ovili
1471 3540 1834 3603 consistentes,
1857 3555 2045 3607 magno
2075 3538 2328 3603 clamore,
2365 3535 2660 3610 ingentique
2687 3539 2894 3594 ululatu
2930 3540 3297 3609 vociferantes,
3335 3542 3636 3612 frequenter

378 3642 491 3709 ipso
519 3639 752 3694 clamore
785 3638 976 3708 feram,
1006 3639 1315 3707 priusquam
1345 3637 1626 3706 irrumpat,
1667 3634 1907 3704 abigunt.
1941 3633 2098 3691 Hunc
2129 3633 2316 3704 utique
2361 3634 2545 3690 locum
2595 3634 2816 3706 respicit
2849 3633 3272 3707 Chrysostomus
3305 3650 3428 3692 cum
3451 3634 3632 3714 initio

379 3737 547 3806 huius
574 3736 628 3790 in
655 3734 934 3789 Psalmum
967 3733 1028 3788 41
1065 3731 1306 3787 homiliae
1333 3746 1392 3787 se
1420 3732 1656 3801 pastoris
1683 3731 1994 3800 exemplum
2027 3729 2282 3786 attulisse
2311 3730 2482 3786 dicit...

449 3833 589 3887 [line
641 3830 805 3899 igitur
861 3828 1071 3883 inieras
1119 3842 1264 3880 anno
1305 3825 1409 3879 587.
1455 3825 1696 3880 habitam
1745 3822 1918 3878 fuisse
1961 3823 2102 3879 hanc
2139 3824 2486 3886 concionem,
2512 3831 2566 3877 et
2611 3821 2854 3891 quidem,
2882 3831 2949 3876 ut
2975 3822 3210 3888 videtur,
3239 3831 3360 3892 post
3389 3837 3631 3878 mensem

379 3927 420 3980 S
455 3923 754 3994 ptembrem
779 3939 792 3974 :
827 3934 937 3989 qua
965 3920 1031 3972 de
1062 3934 1119 3972 re
1145 3918 1265 3972 vide
1290 3917 1551 3972 Monitum
1583 3925 1830 3970 nostrum
1859 3915 1926 3970 ad
1963 3915 2228 3971 llomilias
2255 3923 2445 3970 contra
2481 3912 2719 3976 Judteos.
2742 3911 2902 3968 Tom.
2935 3915 2988 3979 t,
3021 3929 3087 3983 p..
3113 3913 3240 3970 583.
3269 3913 3421 3968 Licet
3451 3922 3630 3972 autem

375 4031 535 4075 extra
570 4016 766 4072 seriem
799 4011 1216 4084 Expositionum
1249 4010 1304 4064 in
1334 4008 1593 4063 Psaltuos-
1613 4005 2090 4078 principioposita
2124 4006 2295 4061 fuisse
2318 4005 2590 4066 videatur,
2623 4003 2752 4072 quia
2785 4012 2965 4057 tamen
2997 4003 3053 4056 in
3091 4003 3294 4060 Graecis
3324 4005 3490 4062 Editis
3513 4021 3634 4060 om-

377 4117 542 4170 nibus
571 4123 626 4170 et
657 4115 712 4168 in
739 4109 1071 4182 quibusdam
1105 4108 1238 4161 Mss.
1273 4105 1421 4159 hunc
1451 4103 1629 4158 locum
1657 4102 1890 4169 obtinet,
1919 4117 2044 4156 eam
2072 4107 2206 4156 loco
2220 4114 2440 4154 movere
2479 4097 2656 4196 visum
2685 4110 2792 4150 non
2826 4106 2948 4196 est.
3031 4185 3041 4196 ⁸

449 4205 564 4261 lam
602 4221 717 4260 rem
752 4202 1026 4256 difﬁcilem
1055 4207 1114 4254 ct
1135 4211 1423 4267 operosam
1473 4193 1858 4264 aggrediamur
1889 4200 2140 4263 oportet;
2175 4205 2369 4260 nempe
2397 4187 2762 4259 quaerendum.
2806 4187 2874 4241 de
2903 4184 3211 4256 signiﬁcatu
3247 4201 3442 4242 vocum
3492 4189 3632 4242 ὐπα-

374 4299 580 4362 κούειν,
610 4298 848 4366 ὑπακοή,
884 4291 1238 4363 ὑποψάλλειν,
1263 4291 1420 4359 queis
1447 4303 1591 4355 Saepe
1619 4287 1790 4341 utitur
1817 4286 1874 4342 in
1915 4287 1949 4342 h

2063 4283 2290 4339 humilia
2341 4281 2815 4352 Chrysostomus:
2859 4277 3132 4348 interpres
3182 4294 3309 4334 vero
3351 4295 3633 4350 perperam

374 4410 591 4466 semper
617 4392 891 4464 exprimit.
926 4389 1018 4445 Sic
1051 4388 1213 4458 paulo
1241 4394 1366 4457 post
1395 4385 1612 4440 initium
1639 4400 1666 4436 ι.
1684 4381 1788 4447 τὴν
1817 4382 1953 4452 κιθῴ

2079 4380 2252 4448 αὐτὴν
2281 4378 2375 4434 τοῦ
2404 4377 2570 4432 Δαυὶδ
2600 4376 3122 4450 μεταχειριζόμενοι,
3151 4377 3246 4430 καὶ
3269 4376 3368 4449 τὴν
3391 4375 3634 4449 ὑπακοὴν

375 4501 455 4559 εἰς
486 4494 651 4567 μέσον
676 4494 922 4562 ἄγοντες,
951 4489 1019 4560 ἣν
1047 4486 1284 4548 ἅπαντες
1312 4483 1671 4553 ὑπεψάσλαμεν
1715 4482 1976 4584 τήμερονἒ
2023 4478 2120 4584 Ιξ’ίς
2141 4475 2267 4584 ,οὖν
2317 4480 2468 4584 ἐστιν
2605 4477 2854 4584 animi);
2899 4477 2998 4584 'Dv
3042 4477 3244 4584 τροπον
3297 4475 3570 4584 sumebat.

376 4589 573 4656 ἔλαφος
602 4586 694 4639 ἐπὶ
721 4583 824 4647 τὰς
854 4580 1038 4653 πηγὰς
1069 4577 1178 4633 τῶν
1211 4577 1440 4644 ὑδάτων,
1471 4575 1646 4638 οὕτως
1674 4573 1986 4672 ἐπιποθεξή
2017 4572 2162 4672 «buxi;
2485 4569 2596 4672 σὲ..
2621 4571 2652 4623 ὁ
2688 4569 2822 4672 Θεος
2854 4587 2867 4623 :
2904 4578 2959 4672 et
3003 4577 3189 4672 postea
3423 4568 3528 4672 μὴ-
3543 4567 3631 4622 sit

383 4680 644 4752 ῥημάτων
672 4677 861 4748 μόνον,
895 4672 1031 4728 ἀλλὰ
1061 4671 1154 4726 καὶ
1182 4669 1248 4724 δι’
1279 4669 1460 4724 αὐτῶν
1493 4669 1601 4721 τῶν
1631 4667 1808 4738 ἔργων
1836 4663 2041 4736 ταύτην
2085 4662 2414 4733 ὑποψάλλειν
2445 4662 2545 4733 τὴν
2573 4662 2822 4734 ὑπακοήν
2855 4679 2870 4716 :
2915 4671 2971 4717 et
3007 4661 3145 4716 infra
3176 4679 3191 4716 :
3221 4659 3348 4716 ἀλλ’
3375 4661 3462 4716 ἵνα
3502 4661 3628 4716 ὅταν

374 4774 709 4846 exaltatum,
743 4770 1009 4841 συνθήκας
1036 4765 1174 4820 εἶναι
1203 4766 1429 4836 νομίσῃς
1457 4763 1556 4836 τὴν
1587 4765 1862 4832 ὑπακοήν.

443 4873 577 4926 Item
610 4886 758 4923 num.
796 4867 869 4921 6:
903 4867 964 4919 οὐ
994 4865 1103 4935 γὰρ
1137 4863 1201 4934 δὴ
1236 4863 1395 4932 μόνον
1425 4862 1533 4916 ἀπὸ
1560 4863 1660 4931 τῆς
1693 4863 1941 4932 ὑπακοῆς
1967 4859 2172 4932 ταύεης
2203 4859 2350 4913 ἔστιν
2393 4857 2520 4911 ἰδεῖν
2557 4857 2726 4910 αὐτοῦ
2759 4856 2820 4910 τδ
2861 4855 3340 4926 φίλτρονεκαὶοὰπδ
3369 4855 3478 4910 τῶν
3506 4855 3634 4925 ἑξῆς

377 4968 639 5040 ῥημάτων
671 4983 684 5018 :
717 4976 779 5020 et
803 4979 956 5018 num.
985 4963 1017 5015 7
1054 4977 1070 5015 :
1111 4959 1187 5033 μὴ
1215 4959 1395 5014 τοίνυν
1424 4958 1610 5022 ἁπλῶς
1638 4957 1882 5011 ενταῦθα
1903 4956 2181 5025 εἰσίωμεν,
2217 4955 2353 5025 μηδὲ
2385 4953 2764 5058 reg-{inarmati
2791 4952 3184 5058 αῗωσιωμένοι.
3216 4953 3581 5058 ὑπακούιῖμεν
3608 4964 3628 5058 ἐ

371 5077 427 5118 et
455 5063 595 5118 inira
622 5081 635 5117 :
671 5062 769 5125 τὰς
817 5059 1066 5123 ὑπακοὰς
1117 5058 1276 5129 μόνον
1315 5054 1647 5126 διατήρηωόν
1697 5071 1790 5124 μοι
1815 5053 1925 5106 τῶν
1965 5050 2214 5122 ψαλμῶν,
2245 5049 2314 5112 ἃς
2355 5047 2589 5101 ἐνταῦθα
2629 5045 2980 5117 ὑποψάλλεις,
3005 5047 3119 5136 ,οὐχ
3152 5046 3319 5110 ἅπαξ,
3350 5047 3412 5098 οὐ
3439 5046 3541 5107 δὶς,
3568 5045 3630 5093 οὐ

369 5161 513 5231 epis,
549 5157 684 5211 ἀλλὰ
720 5159 810 5211 καὶ
840 5153 1119 5218 πολλάκις,
1153 5161 1256 5207 etc.
1298 5151 1466 5205 Paulo
1503 5159 1626 5218 post
1654 5160 1835 5203 autem
1865 5164 1882 5200 :
1912 5165 1953 5201 Ol

2056 5145 2200 5214 αὕτη
2231 5144 2288 5197 δὲ
2331 5145 2510 5214 μόνον,
2541 5143 2688 5196 ἀλλὰ,
2717 5145 2812 5197 καὶ
2857 5143 3062 5212 ἑκάστη
3100 5144 3315 5211 ὑπακοὴ
3339 5141 3430 5193 τὸν
3462 5136 3631 5231 αὐτον

372 5226 505 5322 ἡμῖν
533 5247 824 5320 παρέξεται
859 5247 1106 5310 πλοῦτον,
1143 5244 1246 5298 κᾶν
1281 5244 1443 5315 εἴπῃς
1468 5243 1652 5309 πάλιν,
1675 5241 1964 5309 Μακάριος
2004 5239 2144 5310 ἀνὴρ
2167 5238 2196 5290 ὁ
2227 5235 2561 5306 φοϐούμενος
2591 5237 2684 5289 τὸν
2717 5235 3036 5342 Mimans-in
3067 5235 3173 5342 ﬁne
3203 5238 3382 5342 autem
3411 5244 3426 5280 :
3459 5227 3548 5342 ἵνα

376 5348 452 5420 μὴ
479 5347 773 5418 μακρύνων
805 5345 895 5399 τὸν
923 5344 1083 5412 λόγον
1106 5342 1242 5408 δόξω
1268 5341 1506 5412 ἐνοχλεῖν
1551 5342 1665 5404 τοῖς
1695 5336 2172 5431 φιλοπωωτέροις,
2205 5332 2522 5431 καταξιπὼν
2563 5334 2810 5431 ἑκάστην
2842 5330 3091 5431 ἐκλέηειν
3115 5322 3384 5431 tinnitum,
3412 5323 3628 5431 alcai'tijv

371 5418 801 5508 ἐναποκειμένην
827 5435 964 5504 αὐτῇ
998 5433 1228 5501 δύναμιν
1254 5431 1648 5502 διερευνᾶσθαι.
1679 5427 1914 5484 ἐνταῦθα
1944 5426 2232 5485 καταλύσω
2253 5424 2345 5477 τὸν
2363 5423 2543 5495 λόγον,
2573 5426 2758 5526 iusim
2784 5418 3300 5526 napftvéaag‘bptiw
3415 5418 3628 5526 dying,

375 5534 452 5604 μὴ
484 5532 672 5594 ἁπλῶς
706 5528 939 5585 ἐνταῦθα
975 5526 1234 5593 εἰσιέναι,
1265 5526 1377 5579 ἀλλ’
1417 5525 1607 5594 ὥσπερ
1653 5524 1998 5596 μαργαρίτας
2041 5521 2142 5586 τὰς
2189 5519 2434 5622 unctitan
2467 5516 2842 5622 latim-ductato;
2883 5511 3217 5622 otaaqpsivh,'
3247 5511 3342 5564 καὶ
3375 5511 3624 5622 usitatius.

445 5628 600 5700 Apud
629 5627 966 5682 Methodiqu
997 5624 1124 5676 item
1156 5623 1208 5676 in
1242 5621 1508 5677 Convivia
1536 5623 1830 5694 virginum,
1857 5637 1912 5689 ι).

2055 5668 2056 5671 η
2097 5638 2108 5672 :
2149 5619 2247 5687 τὴν
2289 5614 2498 5670 Θέκλαν
2543 5611 2714 5682 μέσην
2753 5609 2850 5678 μὲν
2896 5606 3007 5661 τῶν
3048 5605 3350 5678 παρθένων,
3394 5607 3518 5677 ἔφη,
3565 5607 3630 5658 ἐκ

371 5722 561 5787 ε;ξεῶν
599 5723 654 5776 δὲ
686 5722 783 5790 τῆς
810 5718 1012 5789 ἀρετῆς
1046 5716 1249 5770 στᾶσαν
1286 5717 1526 5786 κοσμίως
1557 5715 1797 5783 dantur
1823 5713 1919 5778 τὰς
1951 5712 2008 5765 δὲ
2033 5711 2221 5774 λοιπὰς
2249 5713 2307 5764 ἐν
2333 5707 2518 5778 κύκλῳ
2545 5703 2793 5773 καθάπερ
2820 5705 2878 5755 ἐν
2901 5718 3058 5784 χορου
3092 5703 3328 5773 σχήματι
3355 5702 3627 5765 συστάσας
