4112 6214
469 243 569 300 155
1576 241 1942 302 EXPOSITIO
1979 242 2050 298 IN

2153 241 2414 300 SALMUH
2452 241 2589 298 xu.
2669 221 2674 228 ’
3624 243 3726 298 tas

469 365 526 412 ut
556 357 670 427 ipse
699 370 862 428 supra
885 355 1124 426 indicat;
1155 356 1496 428 alteriusque
1534 358 1909 430 responsionis
1941 373 2051 428 spei

2153 375 2216 413 en
2247 358 2428 423 affert,
2455 371 2669 426 nempe,
2697 355 2988 427 Μακάριος
3023 356 3166 429 ἀνὴρ
3193 358 3224 412 ό
3260 359 3595 431 φοσούμενος
3635 360 3731 412 τὸν

467 450 690 522 Κύριον,
716 449 914 504 Beatus
942 451 1022 504 vir
1045 451 1137 519 qui
1166 450 1312 504 timet
1336 449 1662 516 Dominum;
1693 451 1856 507 aliam
1888 450 2016 505 item
2046 469 2051 498 ι

2153 453 2295 522 μκοήν
2325 451 2492 506 refert
2529 463 2693 521 supra
2726 449 3084 516 Athanasius,
3112 467 3330 522 nempe,
3357 453 3478 506 Ὅτι
3512 454 3593 516 εἰς
3635 451 3733 504 τὸν

467 543 640 598 αἰῶνα
660 543 722 596 τὺ
752 543 901 608 ἔλεος
932 543 1124 609 αὑτοῦ,
1157 543 1418 610 Quoniam
1449 546 1504 600 in
1531 546 1790 600 sa'culum
1819 545 2051 600 miserisa

2153 563 2184 600 a
2232 547 2370 617 ejus.
2421 545 2550 603 Haec
2591 547 2754 618 igitur
2797 546 3162 616 respondebat
3203 547 3461 617 populus,
3499 546 3733 601 diacono

467 651 560 696 aut
593 641 877 697 sacerdote
906 641 1332 712 praecinentibus
1357 650 1452 697 aut
1473 643 1816 714 legentibus;
1847 643 2140 713 multaeque
2175 657 2328 703 erant
2360 643 2674 714 hujusmodi
2703 641 2942 696 ὑπακοαι
2988 657 3084 697 seu
3119 645 3512 712 responsiones,
3556 637 3734 709 inquit

467 737 914 807 Chrysostomus.

535 833 656 888 Jan:
688 835 954 904 quaeritur
985 834 1208 906 quinam
1243 835 1606 906 respondendi
1629 838 1826 893 modus
1847 845 2018 901 esset,
2043 849 2108 890 ac
2128 834 2482 905 quandonam
2514 835 2748 904 papulas
2778 837 3154 907 responderet.
3179 835 3339 891 Certe
3362 834 3485 893 illas
3516 851 3735 904 respon-

467 930 652 982 siones
685 943 794 982 non
822 930 1010 994 semel,
1037 940 1132 985 aut
1159 930 1261 995 his,
1287 941 1382 984 aut
1407 942 1508 996 ter,
1530 931 1624 987 sed
1655 946 1800 1002 saepe
1817 932 2053 986 emissas
2076 945 2108 984 a
2132 930 2336 1000 populo
2375 928 2545 983 fuisse
2575 922 2780 984 diserte
2819 931 2897 984 ait
2933 930 3358 999 Chrysostomus
3383 947 3398 995 ;
3432 928 3577 984 unde
3611 928 3731 998 pla-

471 1037 602 1074 num
637 1020 797 1076 fuerit
829 1023 1082 1092 populum
1111 1023 1418 1077 alternatim
1449 1039 1575 1079 cum
1605 1024 1839 1080 diacono
1885 1023 1969 1077 vel
2027 1023 2310 1077 sacerdote
2349 1022 2591 1078 locutum
2635 1023 2842 1076 fuisse:
2877 1023 3227 1092 quandonam
3275 1031 3458 1076 autem
3493 1023 3728 1090 populus

468 1115 766 1169 :lternaret
790 1129 972 1181 voces,
996 1115 1346 1171 subindicare
1378 1117 1593 1173 videtur
1637 1131 1803 1186 supra
1835 1115 2171 1170 Athanasius
2211 1130 2334 1170 cum
2382 1119 2498 1172 ait:
2541 1115 2605 1169 In
2649 1115 2836 1168 throno
2890 1115 3074 1169 sedens
3126 1115 3348 1181 νηπερὶ
3389 1115 3638 1179 diacono,
3672 1123 3731 1168 ut

471 1205 745 1259 Psalmum
773 1205 977 1276 legeret.
1006 1207 1302 1279 populoque
1331 1217 1390 1262 ut
1417 1208 1778 1279 responderet,
1813 1208 2078 1273 Quoniam
2108 1209 2165 1261 in
2193 1216 2448 1262 aeternum
2491 1206 2860 1260 misericordia
2894 1205 3030 1274 ejus.
3070 1202 3175 1258 Ubi
3212 1203 3487 1258 Psalmum
3523 1203 3740 1258 videtur

469 1303 758 1376 designare
789 1305 1054 1373 CXXXV,
1085 1308 1142 1362 in
1171 1322 1284 1378 quo
1311 1307 1513 1377 singuli
1552 1322 1745 1362 versus
1771 1307 2028 1362 desinunt
2063 1307 2118 1360 in
2148 1304 2411 1370 Quoniam
2439 1307 2495 1360 in
2529 1314 2781 1358 (sternunt
2825 1303 3192 1357 misericordia
3216 1301 3331 1370 ejus
3359 1316 3378 1354 :
3424 1315 3737 1371 quanquam

471 1412 579 1448 non
602 1397 776 1452 ausim
810 1398 996 1454 dicere
1031 1399 1175 1454 hanc
1212 1399 1468 1469 ὑπακοήν
1499 1397 1631 1454 huic
1659 1399 1762 1454 soli
1806 1397 2026 1454 Psalmo
2069 1399 2366 1466 addictam,
2405 1413 2507 1453 nec
2548 1397 2706 1453 alteri
2755 1411 3017 1467 umquam
3047 1404 3289 1467 aptatam
3321 1393 3491 1450 fuisse
3537 1393 3591 1449 in
3633 1391 3741 1446 illis

469 1490 840 1548 Orientalibus
873 1493 1160 1548 Ecclesiis.

541 1583 620 1638 Ex
647 1584 752 1641 hoc
775 1585 1065 1641 Athanasii
1094 1585 1216 1641 loco
1246 1583 1651 1656 deprehendere
1682 1583 1829 1647 licet,
1861 1582 1918 1637 ni
1947 1581 2128 1647 fallor,
2164 1597 2276 1654 quo
2303 1592 2484 1651 pacto,
2509 1596 2732 1652 quoque
2777 1590 3024 1653 tempore
3070 1579 3428 1652 responderet
3479 1577 3735 1650 populus,

467 1681 827 1750 eamdemque
866 1681 1072 1750 pluries
1111 1681 1518 1751 responsionem
1551 1688 1837 1752 repeteret.
1877 1678 1948 1736 Ut
1979 1689 2162 1735 autem
2209 1695 2301 1735 res
2339 1681 2591 1748 exemplo
2627 1679 2913 1744 doceatur,
2960 1681 3134 1750 ipsam
3179 1678 3461 1750 ὑπακοήν,
3496 1678 3613 1734 sive
3655 1697 3740 1734 re-

463 1777 819 1847 sponsionem,
852 1793 882 1830 a
909 1777 1298 1849 Chrysostomo
1326 1787 1685 1834 memoratam
1719 1777 2031 1847 saepiusque
2065 1777 2282 1831 allatam
2326 1775 2381 1828 in
2421 1775 2659 1830 medium
2695 1775 3052 1830 adducemus.
3105 1773 3378 1829 Diaconus
3429 1773 3545 1829 sive
3583 1774 3740 1844 quis.

464 1875 606 1938 piam
637 1872 778 1928 alius
805 1872 1100 1944 incipiebat
1131 1893 1144 1929 :
1175 1875 1274 1928 Ὃν
1299 1876 1502 1947 τρόπον
1533 1874 1790 1931 επιποθεῖ
1812 1875 1848 1946 ἡ
1876 1872 2051 1941 ἔλαφοί

2153 1874 2194 1927 τὶ
2233 1873 2335 1935 τὰς
2375 1871 2560 1942 πηγάς
2597 1871 2706 1925 τῶν
2751 1871 2990 1938 ὑδάτων,
3023 1870 3196 1934 οὕτως
3231 1871 3549 1942 ὲπιποθεῖὴ
3588 1871 3736 1943 ψυχή

464 1985 570 2037 μου
600 1966 736 2036 πρὸς
771 1965 851 2032 σὲ,
883 1967 913 2018 ό
943 1965 1078 2032 Θεός
1106 1983 1120 2019 :
1162 1967 1624 2033 Quemadmodum
1652 1966 1918 2022 desiderat
1943 1982 2123 2020 ceruus
2151 1967 2220 2020 ad
2252 1967 2422 2036 fontes
2453 1982 2734 2035 aquarum,
2765 1967 2842 2018 ita
2874 1966 3139 2018 desiderat
3189 1964 3370 2017 anima
3413 1979 3527 2015 mea
3559 1964 3628 2015 ad
3664 1973 3736 2028 te,

467 2063 627 2116 Deus.
665 2060 963 2132 Repetebat
984 2064 1164 2133 primo
1195 2064 1428 2133 populus
1448 2063 1598 2118 hunc
1626 2077 1870 2127 versum,
1901 2063 2001 2114 ’ον
2025 2079 2051 2114 τ

2153 2079 2250 2124 εον,
2281 2069 2388 2115 etc.
2420 2060 2684 2130 Pergebat
2728 2059 3033 2114 diaconus:
3071 2057 3360 2130 Ἐδίψησεν
3398 2057 3432 2127 ἡ
3457 2055 3602 2125 ψυχή
3635 2071 3738 2124 μου

467 2159 602 2227 πρὸς
625 2158 716 2212 τὸν
742 2159 877 2213 Θεὸν
904 2160 997 2214 τὸν
1026 2158 1228 2223 ζῶντασ
1264 2161 1396 2214 πότε
1424 2159 1532 2226 ἔξω
1560 2160 1654 2214 καὶ
1679 2159 2000 2230 ὀφθήσομαι
2030 2177 2051 2212 τ

2153 2157 2430 2229 προσώπῳ
2476 2157 2574 2210 τοῦ
2625 2156 2804 2212 Θεοῦε
2848 2156 3028 2212 Sitivit
3077 2158 3256 2210 anima
3310 2171 3426 2209 mea
3473 2154 3544 2208 ad
3569 2151 3738 2207 Deum

467 2255 662 2317 rivum,
685 2264 790 2310 etc.
819 2253 1155 2311 Resumebat
1186 2256 1419 2326 populus
1451 2272 1694 2321 versum,
1733 2258 1832 2311 Ὀν
1854 2258 2051 2328 τρόπον

2153 2256 2354 2320 τιποοεῖ,
2383 2264 2439 2311 et
2469 2256 2550 2311 sic
2597 2271 2773 2326 usque
2805 2257 2873 2310 ad
2916 2258 3078 2310 linem
3121 2254 3358 2317 Psalmi;
3407 2254 3480 2308 ita
3528 2262 3591 2307 ut
3628 2266 3738 2305 non

470 2351 664 2414 semel,
693 2359 789 2406 aut
814 2351 920 2414 bis,
946 2359 1042 2406 aut
1072 2361 1173 2415 ter,
1199 2352 1315 2418 sed,
1349 2361 1408 2407 ut
1439 2352 1518 2406 ait
1555 2368 1719 2423 supra
1755 2353 2215 2424 Chrysostomus,
2259 2353 2463 2424 pluries
2500 2353 2616 2408 haec
2656 2353 2874 2425 ὑπακοή
2931 2367 3026 2406 seu
3080 2351 3348 2420 responsio
3378 2348 3736 2419 proferretur.

477 2443 544 2494 Et
573 2441 655 2494 sic
683 2440 953 2510 intelligas
989 2441 1058 2496 de
1087 2441 1210 2495 aliis
1240 2442 1553 2508 hujusmodi
1583 2444 2070 2512 responsionibus;
2115 2445 2265 2498 verbi
2310 2460 2500 2511 causa,
2554 2443 2748 2498 Beatus
2791 2445 2872 2499 uir
2913 2445 3003 2514 qui
3043 2445 3187 2498 timet
3239 2442 3528 2498 Dominum
3555 2455 3574 2493 :
3616 2455 3742 2510 qua:

479 2541 603 2602 post
629 2531 1093 2602 singulosoversus
1119 2547 1148 2586 a
1179 2533 1388 2601 populo
1409 2534 1777 2602 repetebantur.
1822 2534 1994 2603 Igitur
2023 2534 2328 2588 ὑπακούειν
2369 2544 2455 2590 est
2495 2537 2826 2602 respondere,
2871 2535 2966 2588 illo
3004 2550 3200 2604 nempe
3250 2533 3458 2588 modo:
3499 2531 3738 2599 ὑπακοή,

480 2623 786 2689 responsio;
809 2620 1141 2690 ὑποψάλλειν
1162 2631 1345 2676 autem
1379 2631 1466 2676 est
1487 2623 1774 2687 succinere,
1803 2624 2024 2693 quando

2153 2626 2310 2678 limus
2341 2624 2458 2696 μετ’
2487 2625 2651 2696 ᾠδῆς,
2678 2643 2797 2678 cum
2823 2635 2981 2679 cantu
3003 2665 3019 2690 ,
3067 2635 3127 2678 ut
3165 2625 3243 2679 ait
3287 2622 3741 2694 Chrysostomus,

482 2716 774 2784 profertur.
809 2714 1137 2770 Ἐπαιιούειν
1169 2717 1334 2772 etiam
1357 2717 1610 2772 eumdem
1639 2717 1936 2787 aliquando
1961 2716 2329 2790 signiﬁcatum
2356 2717 2560 2773 habere
2589 2717 2948 2788 probavimus
2979 2717 3035 2770 in
3058 2715 3414 2772 Onomastico
3439 2714 3505 2769 ad
3535 2715 3741 2769 calcem

477 2816 716 2880 Uperum
746 2811 1052 2867 Athanasii.

855 3031 968 3089 ΕΙΣ
1009 3031 1144 3089 ΊὉΝ
1179 3033 1298 3090 MA'
1334 3033 1656 3089 ΨΔΛΜΟΝ.

480 3143 502 3177 ε
531 3128 642 3182 ’ον
672 3126 898 3196 τρόπον
931 3123 1205 3196 ἐπιποθεῖ
1239 3126 1280 3193 ἡ
1311 3125 1538 3196 ἔλαφος
1580 3123 1678 3176 ἐπὶ
1709 3121 1816 3188 τὰς
1851 3122 2050 3196 πηγὰς

695 3192 950 3280 ἐράτωγ-
986 3213 1006 3246 ι
1037 3195 1149 3280 κει
1169 3265 1181 3280 .
1202 3192 1373 3280 τινος
1412 3192 1586 3280 ζιέριν
1612 3192 2047 3280 arma.qu

547 3270 656 3322 τὸν
679 3267 825 3332 βίον
861 3265 1224 3332 εισενεχθεὶς
1246 3266 1373 3333 μετ’
1400 3263 1560 3330 ᾠδῆς
1588 3263 1907 3331 Manu.
1932 3261 2047 3314 Kal

549 3339 680 3407 περὶ
709 3335 821 3405 τῆς
850 3333 957 3389 τοῦ
997 3334 1146 3389 Θεοῦ
1169 3334 1595 3403 μακροθυμίας.

549 3442 617 3488 α’.
658 3434 845 3502 Ὑμεῖς
881 3431 980 3502 μὲν
1013 3432 1164 3501 ἡμᾶς
1199 3430 1540 3500 ἐθαυμάζετε
1579 3427 1801 3498 πρώην,
1827 3429 1918 3480 ὅτε
1954 3425 2048 3480 τὸν

477 3521 605 3592 περὶ
621 3517 718 3572 τοῦ
744 3515 1079 3586 Μελχισεδὲκ
1097 3517 1432 3585 ὲκινήσαμεν
1457 3514 1638 3581 λόγον,
1665 3514 1764 3565 ἐπὶ
1781 3511 1855 3581 τῷ
1883 3513 2044 3582 μήκει

474 3604 583 3656 τῶν
611 3600 938 3672 εἰρημένωνο
973 3595 1087 3665 ἐγὼ
1121 3597 1179 3650 δὲ
1216 3597 1364 3667 ὑμᾶς
1393 3595 1703 3666 ἐθαύμαζον
1731 3595 1826 3646 ἐπὶ
1853 3597 1921 3664 τῇ
1949 3594 2048 3664 τῆς

479 3683 792 3757 ἀκροάσεως
819 3680 1096 3752 προθυμίᾳ
1133 3697 1194 3732 τε
1221 3680 1316 3732 καὶ
1352 3679 1587 3744 συνέσει,
1619 3678 1713 3731 καὶ
1737 3677 1818 3730 ὃτι
1847 3692 2052 3746 μακρο·

475 3770 636 3840 τέρου
665 3765 759 3820 τοῦ
797 3766 958 3834 λόγου
986 3763 1366 3836 προελθόντος,
1391 3764 1551 3834 μέχρι
1579 3761 1768 3823 τέλους
1798 3777 2046 3830 παρηκο-

477 3854 780 3923 λουθήσατε
824 3852 990 3920 ἡμῖν’
1036 3847 1213 3902 καίτοι
1242 3863 1307 3915 γε
1361 3847 1421 3899 ού
1472 3845 1684 3917 μακρὸς
1727 3840 1794 3914 ἧν
1823 3845 1852 3896 ό
1893 3841 2050 3909 λόγος

483 3939 664 4006 μόνον,
698 3933 836 3987 άλλά
864 3932 960 3986 καὶ
997 3930 1315 4000 δυσχέρειαν
1353 3924 1463 3998 εἶχε
1497 3927 1721 3996 πολλήν.
1755 3925 1892 3978 Ἀλλ’
1925 3923 2049 3977 οὔτε

477 4019 539 4071 τὸ
566 4019 756 4088 μῆκος,
778 4013 900 4068 οὔτε
928 4015 963 4084 ἡ
988 4011 1244 4065 δυσκολία
1265 4009 1364 4080 τὴν
1397 4010 1667 4080 ὑμετέραν
1696 4006 1891 4079 ἤλεγξε
1920 4023 2052 4076 προ-

480 4102 696 4172 θυμίαν.
713 4100 850 4170 Φέρε
871 4093 964 4152 οὖν
994 4097 1124 4166 ὑμῖν
1150 4093 1386 4164 ἀμοιϐὴν
1410 4092 1696 4162 ἀποδῶμεν
1727 4091 1935 4143 ἐκείνου
1957 4088 2052 4141 τοῦ

479 4171 664 4246 πόνου,
701 4180 1041 4250 σαφεστέραν
1070 4177 1207 4248 πρὸς
1244 4176 1389 4246 ὑμᾶς
1424 4175 1664 4245 τήμερον
1698 4171 2053 4239 ποιησάμενοι

475 4267 577 4338 τὴν
599 4266 853 4330 διάλεξιν.
868 4263 1002 4317 eos:
1027 4260 1136 4333 γὰρ
1165 4259 1456 4313 ἐπιτείνειν
1481 4259 1568 4311 ἀεὶ
1587 4257 1668 4310 δεῖ
1691 4256 1799 4338 τὴν
1815 4255 2052 4308 διάνοιαν

477 4337 586 4404 τῶν
607 4347 891 4422 ἀκροατῶν
910 4345 1324 4417 (διαρρήγνυται
1340 4344 1449 4413 γὰρ
1472 4340 1726 4411 ταχέως),
1745 4337 1868 4392 οὔτε
1885 4339 2054 4422 χαλᾷν

479 4435 566 4487 ἀεὶ
598 4418 697 4487 καί
723 4431 967 4485 ἀνιέναιο
1006 4429 1103 4481 καὶ
1142 4428 1250 4498 γὰρ
1289 4425 1540 4478 ἐντεῦθεν
1584 4422 1863 4494 ἀργοτέρα
1903 4418 2053 4491 1151]

480 4517 689 4586 γίνεται
717 4513 898 4568 πάλιν.
921 4511 1012 4564 Διὸ
1039 4509 1334 4562 ποικίλλειν
1359 4507 1466 4580 χρὴ
1487 4506 1548 4560 τὸ
1573 4507 1674 4577 τῆς
1703 4503 2053 4566 διδασκαλίας

479 4596 638 4664 εἶδος,
665 4597 758 4650 καὶ
781 4595 876 4648 νῦν
912 4594 1010 4664 μὲν
1031 4591 1590 4661 πανηγυρικωτέρων,
1630 4587 1726 4640 νῦν
1759 4587 1816 4640 δὲ
1847 4588 2052 4654 ἀγωνι-

481 4682 823 4752 στικωτέρων
849 4677 1116 4734 ἅπτεσθαι
1139 4675 1334 4744 λόγων.
1356 4675 1566 4744 Ὥσπερ
1587 4667 1680 4725 οὖν
1702 4672 1821 4724 τότε
1845 4669 2057 4738 ἐλεγον,’

476 4769 557 4821 ὅτι
585 4769 632 4820 οἱ
653 4763 934 4834 ποιμένες,
961 4761 1070 4814 τῶν
1106 4759 1284 4813 λύκων
1308 4759 1570 4812 ἐπιόντων
1601 4759 1667 4828 τῇ
1704 4755 1930 4826 ποίμνῃ,
1953 4754 2053 4824 τὴν

442 4851 714 4922 ,σύριγγα
758 4847 991 4916 ἀφέντες
1013 4881 1030 4906 ,
1062 4843 1159 4914 τὴν
1212 4842 1506 4911 σφενδόνην
1542 4837 2048 4922 μεταχεμιρίξονταισ

474 4919 619 4986 οὕτω
653 4931 750 4988 νῦν
794 4929 858 5000 δὴ
891 4924 1276 4998 παρελθουσῶν
1309 4923 1418 4976 τῶν
1458 4921 1660 4993 ἑορτῶν
1691 4919 1800 4973 τῶν
1831 4921 2052 4973 Ἰουδαϊο

477 5019 610 5081 κῶν,
640 5015 690 5068 οἳ
718 5014 898 5066 λύκων
927 5009 1182 5063 ἁπάντων
1203 5005 1312 5060 εἰσὶ
1334 5005 1726 5076 χαλεπώτεροι,
1756 5003 1856 5073 τὴν
1895 5019 2054 5070 σφεν-

475 5104 632 5172 δόνην
663 5097 823 5153 πάλιν
867 5096 1098 5164 ἀφέντες
1119 5131 1134 5156 ,
1169 5092 1263 5145 ἐπὶ
1301 5091 1402 5162 τὴν
1441 5089 1678 5172 σύριγγα
1707 5087 2050 5172 ἐπανίωμενο

477 5168 742 5244 καὶτοὺς
781 5175 1320 5249 ἀγωνιστικωτέρους
1365 5169 1784 5232 ἀναπαύσαντες
1839 5168 2051 5235 λόγους,

475 5267 679 5336 ἑτέρων
710 5263 874 5316 τινῶν
921 5259 1275 5328 σαφεστέρων
1321 5253 1635 5336 ἁψώμεθα,
1669 5251 1769 5336 τῂν
1818 5249 2054 5336 κιθάραν

473 5330 644 5419 αὐτὴν
674 5345 770 5400 τοῦ
802 5343 965 5398 Δαυῒδ
993 5337 1536 5419 μεταχειριζόμενοι,
1555 5335 1650 5419 καὶ
1681 5333 1781 5403 τὴν
1809 5330 2055 5419 ὑπακοὴν

475 5436 555 5496 εἰς
583 5414 750 5502 μέσον
777 5430 1025 5496 ἄγοντες,
1051 5426 1117 5493 ἦν
1133 5423 1373 5482 ἅπαντες
1404 5416 1762 5502 ὑπεψάλαμεν
1793 5414 2050 5502 τήμερον.

476 5495 595 5577 Τίς-
623 5509 717 5568 οὖν
755 5495 900 5564 ἐστιν
938 5510 973 5578 ἡ
1018 5505 1263 5574 ὑπακοή;
1315 5504 1418 5554 Ὃν
1449 5500 1672 5567 τρόπον
1717 5495 1988 5550 ἐπιποθεῖ
2013 5496 2052 5562 ἡ

479 5600 508 5650 ἔ
531 5604 704 5666 ίαφιῖς
734 5593 833 5647 ἐπὶ
865 5591 970 5655 τὰς
1020 5585 1217 5654 πηγὰς
1258 5582 1375 5636 τῶν
1401 5581 1656 5647 ὑδάτων,
1695 5579 1884 5646 οὕτως
1921 5579 2050 5633 ἐπι-

482 5681 653 5736 ποθεῖ
674 5682 710 5737 ὴ
743 5677 910 5739 ιινυκή
937 5692 1049 5738 μου
1083 5688 1146 5740 :11
1165 5671 1232 5736 ἐς
1251 5669 1345 5734 σὲ,
1367 5670 1395 5720 c'
1424 5667 1586 5730 Θεύς.

3593 2922 3720 2940 —

2221 3032 2442 3088 Μᾶλλον
2468 3032 2526 3086 δὲ
2561 3032 2863 3101 ἀναγκαῖον
2899 3031 3074 3084 εἰπεῖν
3103 3031 3335 3104 πρῶτον,
3363 3032 3506 3096 τίνος
3538 3034 3724 3087 ἕνεκεν

2148 3114 2177 3168 ό
2196 3114 2410 3186 ψαλμδς
2429 3117 2510 3179 είς
2533 3115 2626 3168 τὸν
2653 3114 2768 3184 βίον
2797 3115 3170 3185 εἰσενήνεκται
3192 3114 3284 3168 τὸν
3307 3115 3476 3186 ὴμέτε
3487 3133 3597 3188 ρον,
3629 3117 3725 3168 καὶ

2152 3200 2269 3268 μετ’
2289 3198 2433 3269 ᾠδῆς
2464 3198 2698 3270 μάλιστα
2733 3196 2873 3269 αὕτη
2901 3199 2933 3268 ἡ
2964 3199 3272 3268 προφητεία
3300 3199 3536 3268 λέγεται.
3569 3200 3723 3264 Τίνος

2148 3277 2240 3336 οὖν
2261 3281 2447 3335 ἕνεκεν
2479 3282 2696 3350 λέγεται
2734 3281 2852 3352 μετ’
2883 3280 3048 3352 ᾠδῆς,
3075 3283 3328 3336 ἀκουσονο
3360 3282 3596 3346 Πολλοὺς
3615 3283 3724 3339 τῶν

2148 3363 2453 3434 ἀνθρώπων
2486 3363 2720 3417 κατιδὼν
2744 3365 2773 3416 ό
2803 3363 2936 3426 Θεὸς
2967 3364 3368 3438 ρᾳθυμοτέρους
3409 3366 3586 3426 ὂντας,
3629 3368 3724 3420 καὶ

2150 3447 2287 3517 πρὸς
2335 3446 2436 3516 τὴν
2486 3446 2595 3499 τῶν
2649 3446 3035 3515 πνευματικῶν
3082 3447 3392 3516 ἀνάγνωσιν
3448 3448 3724 3520 δυσχερῶς

2149 3528 2393 3597 ἔχοντας,
2427 3529 2522 3582 καὶ
2552 3528 2645 3581 τὸν
2668 3528 2881 3581 ἐκεῖθεν
2907 3529 3004 3598 οὐχ
3039 3529 3207 3598 ἡδέως
3233 3530 3602 3602 ὑπομένοντας
3629 3532 3726 3584 κά-

2151 3627 2343 3680 ματον,
2386 3611 2761 3681 ποθεινότερον
2792 3609 3022 3680 ποιῆσαι
3051 3611 3146 3664 τὸν
3176 3613 3338 3666 πόνον
3379 3613 3721 3684 βουλόμενος,

2148 3692 2358 3746 καὶτοῦ
2381 3695 2628 3764 καμάτου
2649 3693 2748 3764 τὴν
2769 3693 3023 3762 αἴσθησιν
3049 3694 3438 3764 ὑποτεμέσθαι.
3461 3694 3725 3764 μελῳδίαν

2147 3775 2374 3846 ἀνέμιξε
2406 3777 2472 3845 τῇ
2517 3776 2848 3847 προφητείᾳ,
2905 3777 2992 3829 ἵνα
3038 3775 3115 3846 τῷ
3149 3776 3339 3847 ῥυθμῷ
3383 3776 3480 3830 τοῦ
3530 3777 3724 3847 μέλους

2147 3856 2638 3927 ψυχαγωγούμενοι
2668 3858 2888 3921 πάντες,
2915 3858 3054 3927 μετά
3075 3857 3272 3929 πολλῆς
3297 3859 3397 3928 τῆς
3419 3859 3724 3930 προθυμίας

2149 3942 2277 3999 τοὺς
2323 3940 2500 4009 ἱεροὺς
2528 3941 2926 4007 ἀναπέμπωσιν
2959 3939 3110 4008 αὑτῷ
3141 3939 3362 4009 ὕμνους.
3389 3941 3554 3994 Οὑδὲν
3593 3940 3722 4010 γὰρ,

2152 4022 2306 4074 οὐδὲν
2329 4019 2503 4082 οὕτως
2523 4021 2776 4088 ἀνίστησι
2803 4020 3006 4088 ψυχὴν,
3029 4022 3123 4072 καὶ
3147 4024 3358 4090 πτεροῖ,
3379 4023 3472 4074 καὶ
3493 4023 3593 4090 τῆς
3621 4023 3726 4090 γῆς

2154 4102 2515 4162 ἀπαλλάττει,
2554 4101 2650 4153 καὶ
2676 4101 2783 4152 τῶν
2814 4100 2908 4152 τοῦ
2952 4099 3202 4170 σώματος
3231 4103 3451 4154 ἀπολύει
3488 4103 3725 4172 δεσμῶν,

2156 4186 2253 4238 καὶ
2289 4183 2600 4252 φιλοσοφεῖν
2641 4186 2815 4246 ποιεῖ,
2866 4181 2961 4234 καὶ
3008 4183 3226 4235 πάντων
3273 4183 3579 4253 καταγελᾷν
3620 4186 3725 4238 τῶν

2161 4265 2454 4336 βιωτικῶν.
2489 4265 2564 4327 ὡς
2595 4265 2753 4336 μέλος
2782 4265 3122 4335 συμφωνίας,
3151 4264 3244 4318 καὶ
3281 4264 3471 4337 ῥυθμῷ
3510 4267 3726 4333 συγκεί-

2159 4366 2321 4419 μενον
2346 4347 2486 4401 θεῐον
2517 4343 2689 4419 ᾆσμα.
2717 4347 2874 4402 Οὕτω
2903 4346 3032 4416 γοῦν
3063 4347 3219 4418 ἡμῶν
3249 4349 3277 4416 ἡ
3309 4348 3470 4416 φύσις
3501 4347 3636 4417 πρὸς
3660 4349 3726 4400 τά

2154 4433 2378 4504 ᾄσματα
2418 4431 2514 4485 καὶ
2546 4432 2614 4484 τὰ
2647 4432 2782 4501 μέλη
2814 4431 2987 4501 ἡδέως
3015 4430 3128 4500 ἔχει
3153 4432 3246 4484 καὶ
3272 4432 3508 4494 οἰκείως,
3532 4431 3608 4494 ὡς
3634 4434 3726 4484 καὶ

2153 4516 2223 4569 τά
2279 4515 2556 4585 ὑπομάζια
2603 4513 2792 4567 παιδία
2841 4513 3353 4586 κλαυθμυριζόμενα
3399 4515 3492 4567 καὶ
3535 4515 3726 4585 δυσχε-

2155 4599 2429 4672 ραίνοντα,
2467 4596 2608 4650 οὑτω
2637 4595 3148 4666 κατακοιμίζεσθαι.
3178 4599 3243 4650 Δί
3277 4597 3408 4666 γοῦν
3450 4597 3628 4652 τίτθαι
3670 4603 3726 4652 ὲν

2151 4686 2272 4746 ταῖς
2320 4680 2588 4749 ἀγκάλαις
2625 4681 2766 4735 αύτά
2809 4680 3195 4750 βαστάζουσαι,
3238 4681 3502 4744 πολλάκις
3541 4683 3728 4736 ἀπιού-

2156 4766 2246 4819 σαί
2267 4781 2326 4818 τε
2350 4765 2446 4818 καὶ⁹
2473 4762 2814 4825 ὲπανιοῦσαι.
2851 4763 2945 4816 καί
2968 4781 3086 4817 τινα
3116 4765 3299 4827 αὑτοῖς
3328 4766 3729 4836 κατεπᾴδουσαι

2153 4849 2374 4919 ᾄσματα
2397 4844 2643 4909 παιδικά,
2682 4845 2855 4907 οὑτως
2886 4845 3065 4898 αὑτῶν
3100 4845 3168 4899 τὰ
3201 4847 3444 4918 βλέφαρα
3477 4864 3722 4900 κατακοισ

2157 4931 2397 5001 μίζουσι.
2428 4930 2526 4983 Διὰ
2555 4928 2717 4982 τοῦτο
2745 4929 2836 4981 καὶ
2868 4928 3138 4999 ὁδοιπόροι
3169 4929 3427 4992 πολλάκις
3460 4930 3602 4981 κατά
3636 4946 3730 4995 μευ

2156 5030 2224 5081 ση
2233 5010 2430 5081 μὸρίαν
2448 5009 2759 5073 ἐλαύνοντες
2775 5009 3068 5078 ὑποζύγια,
3087 5011 3301 5081 ᾅδοντες
3317 5010 3474 5062 τοῦτο
3495 5006 3727 5068 ποιοῦσι,

2154 5093 2252 5163 τὴν
2276 5093 2342 5145 ὲκ
2375 5092 2474 5161 τῆς
2509 5092 2815 5162 ὁδοιπορίας
2837 5093 3212 5163 ταλαιπωρίαν
3251 5093 3368 5152 ταῖς
3397 5089 3560 5158 ᾠδαῖς
3592 5087 3728 5138 ὲκεί-

2155 5191 2275 5236 ναις
2302 5173 2806 5244 παραμυθούμενοι.
2843 5176 2955 5245 Οὐχ
2987 5174 3256 5242 ὁδοιπόροι
3285 5171 3343 5223 δὲ
3380 5170 3560 5239 μόνον,
3593 5169 3729 5222 ἀλλά

2156 5257 2250 5310 κιιή⁵
2284 5257 2514 5326 γηπόνοι
2545 5257 2987 5326 ληνοῦατοῦντες,
3023 5256 3117 5308 καὶ
3151 5254 3481 5322 τρυγῶντες,
3507 5253 3601 5304 καὶ
3626 5253 3718 5323 άμο

2159 5340 2354 5403 πέλους
2403 5339 2820 5412 θεραπεύοντες,
2849 5339 2941 5392 καὶ
2969 5337 3099 5390 ἄλλο
3126 5334 3306 5387 ότιοῦν
3351 5332 3730 5407 ἐργαζόμενοι.

2157 5421 2416 5486 πολλάκις
2461 5422 2668 5492 ᾄδουσι.
2701 5422 2811 5474 Καὶ
2857 5419 3050 5472 ναῦται
3093 5415 3542 5485 κωπη).ατοῦντες
3573 5417 3728 5472 τοῦτο

2161 5503 2423 5560 ποιοῦσιν.
2450 5503 2588 5574 Ἤδη
2619 5504 2676 5557 δὲ
2707 5502 2802 5556 καὶ
2830 5503 3084 5569 γυναῖκες
3115 5500 3516 5571 ίστουργοῦσαι,
3543 5502 3636 5555 καὶ
3664 5506 3728 5572 τῇ

2159 5587 2372 5657 κερκίδι
2402 5587 2528 5649 τοὺς
2563 5586 2838 5654 στήμονας
2868 5582 3306 5652 συγκεχυμένους
3334 5584 3728 5654 διακρίνουσαι.

2161 5673 2418 5738 πολλάκις
2454 5673 2551 5745 μὲν
2592 5670 2684 5723 καὶ
2725 5668 2848 5722 καθ’
2878 5666 3076 5739 ἑαυτὴν
3113 5667 3341 5736 ἑκάστη,
3377 5667 3637 5732 πολλάκις
3672 5669 3728 5721 δὲ
