4064 6206
316 303 412 360 157

313 419 706 478 discernentes,
739 425 888 481 saepe
907 407 1124 480 quidem
1152 447 1168 472 ,
1202 411 1256 460 et
1281 417 1376 474 per
1402 415 1460 456 se
1485 397 1728 468 singulae,
1760 406 1905 461 saepe

313 520 486 564 autem
517 505 684 561 etiam
710 516 905 557 omnes
921 497 1260 555 concorditer
1298 507 1454 550 unam
1476 489 1759 560 quamdam
1789 500 1905 540 me—

321 604 512 660 lodiam
543 596 863 653 concinunt.
910 593 1024 648 Hoc
1051 599 1228 645 autem
1249 588 1450 641 faciunt
1479 582 1754 645 mulieres,
1795 578 1907 631 via-

327 706 490 755 tores,
514 687 772 760 agricolae
801 693 858 742 et
879 691 1076 748 nautae,
1104 681 1194 750 qui
1222 694 1284 734 ex
1307 691 1468 747 opere
1503 671 1744 728 faciendo
1783 684 1906 724 sus.

326 787 515 858 cipitur
568 781 813 836 laborem
865 785 1025 832 cantu
1071 771 1333 829 consolari
1391 769 1670 826 volentes.
1724 771 1909 832 utpote

325 855 444 934 cum
471 875 673 936 anima,
709 873 753 926 si
781 885 996 924 carmen
1019 877 1072 920 et
1112 864 1376 921 canticum
1399 857 1646 923 audierit,
1680 855 1908 911 molesta

329 984 383 1029 et
418 967 654 1026 difficilia
677 967 748 1020 sit
777 963 981 1017 facilius
1011 959 1316 1013 toleratura.
1346 951 1609 1022 Quoniam
1641 963 1772 1018 ergo
1803 946 1907 1001 hoc

332 1077 494 1135 genus
519 1054 898 1115 delectationis
920 1061 1001 1106 est
1030 1058 1228 1104 nostra:
1249 1045 1441 1100 animae
1467 1041 1622 1096 valde
1650 1039 1908 1100 innatum,

341 1173 410 1212 ne
455 1152 732 1215 damoues
783 1147 977 1202 lasciva
1007 1154 1060 1200 et
1096 1140 1394 1198 meretricia
1431 1136 1637 1192 cantica
1665 1131 1911 1189 introdu-

335 1256 534 1308 centcs,
563 1240 747 1297 omnia
768 1243 1093 1300 everterent,
1127 1231 1373 1286 Psalmos
1399 1229 1544 1284 Deus
1561 1224 1834 1296 opposuit,
1856 1228 1914 1275 ut

336 1355 400 1393 ex
429 1352 490 1390 ea
521 1351 576 1388 re
597 1329 758 1386 simul
785 1333 1070 1396 caperetur
1096 1323 1338 1391 voluptas
1360 1326 1416 1374 et
1445 1316 1664 1372 utilitas.
1714 1313 1788 1366 Ex
1814 1326 1914 1366 ex-

338 1428 501 1482 ternis
543 1423 687 1478 enim
721 1418 944 1474 canticis
973 1415 1252 1475 damnum,
1280 1419 1334 1464 et
1359 1407 1579 1464 exitium
1603 1446 1619 1470 ,
1653 1411 1708 1459 et
1749 1401 1912 1457 multa

333 1517 512 1589 gravia
551 1511 877 1569 invehuntur
907 1527 919 1561 :
950 1522 1072 1560 nam
1107 1519 1230 1560 cum
1259 1517 1379 1572 qua:
1399 1507 1524 1554 snnt
1548 1499 1600 1552 in
1629 1495 1712 1550 bis
1741 1492 1914 1548 canti-

337 1613 411 1666 cis
440 1606 726 1664 lasciviora
769 1613 824 1658 et
849 1599 1148 1668 iniquiora,
1185 1594 1424 1666 partibus
1465 1591 1659 1646 animae
1698 1585 1914 1641 insede-

340 1703 446 1756 riut
473 1740 489 1763 ,
537 1711 658 1751 eam
688 1690 1096 1748 imbecilliorem
1138 1684 1365 1741 reddunt
1391 1691 1446 1738 et
1476 1679 1776 1735 molliorem
1808 1695 1820 1730 :
1851 1691 1917 1730 ex

342 1789 562 1846 Psalmis
589 1796 768 1842 autem
799 1780 1160 1853 spiritualibus
1185 1777 1315 1832 lucri
1341 1774 1554 1846 quidem
1588 1771 1876 1842 plurimum
1897 1807 1913 1832 ,

346 1882 571 1936 maxima
619 1885 798 1931 autem
853 1873 1051 1928 utilitas
1101 1867 1424 1938 insignisque
1453 1861 1828 1920 sanctiﬁcatio,
1862 1867 1918 1912 et

339 1973 509 2028 omnis
546 1967 898 2040 philosophiae
927 1962 1137 2020 occasio
1167 1957 1508 2030 processerit,
1533 1970 1654 2010 cum
1683 1961 1738 2006 et
1758 1950 1917 2005 verba

341 2067 568 2120 animam
593 2060 810 2130 expieut
831 2100 846 2123 ,
876 2066 931 2112 et
962 2065 1180 2110 sanctus
1204 2050 1430 2123 Spiritus
1459 2049 1511 2104 in
1535 2046 1774 2102 canentis
1809 2043 1924 2097 ani-

341 2173 476 2211 tuam
517 2153 766 2208 celeriter
809 2148 1038 2203 advolet.
1087 2144 1240 2212 Quod
1291 2144 1433 2196 enim
1462 2140 1550 2210 qui
1585 2146 1918 2192 canuntcum

341 2249 686 2317 intelligentia
713 2283 728 2308 ,
758 2250 951 2294 vocent
975 2237 1202 2307 Spiritus
1243 2234 1494 2303 gratiam,
1523 2229 1645 2284 audi
1674 2227 1801 2299 quid
1833 2226 1918 2280 di-

340 2348 426 2395 cat
455 2338 653 2394 Paulus
681 2351 696 2388 :
728 2331 904 2387 Nolite
928 2327 1162 2382 inebriari
1190 2326 1326 2389 vino,
1354 2323 1406 2377 in
1431 2339 1529 2394 quo
1564 2330 1635 2375 est
1665 2319 1872 2375 luxuria
1900 2332 1921 2372 :

338 2431 424 2485 sed
457 2425 746 2497 implemini
799 2421 1018 2492 Spiritu.
1063 2416 1344 2486 Subjungit
1375 2422 1551 2469 autem
1581 2412 1741 2467 etiam
1771 2425 1922 2480 quaa-

339 2539 460 2579 nam
492 2521 563 2576 sit
591 2515 848 2586 implendi
882 2513 1015 2566 ratio
1040 2529 1054 2566 :
1085 2508 1325 2563 Canentes
1363 2516 1409 2560 et
1435 2504 1704 2575 psallentes
1731 2502 1784 2554 in
1811 2516 1924 2553 cor-

339 2616 487 2668 dibus
507 2610 685 2666 vestris
715 2607 932 2660 Domino
958 2601 1174 2674 (Ephes.
1203 2601 1257 2655 5.
1288 2599 1374 2654 18.
1403 2597 1510 2667 l9).
1540 2594 1675 2663 Quid
1713 2601 1816 2658 est,
1858 2591 1924 2645 1η

341 2705 574 2761 cordibus
605 2700 780 2756 vestris
800 2697 825 2751 ἶ)
844 2697 980 2751 Cum
1011 2691 1378 2762 intelligentia,
1417 2687 1588 2757 inquit
1613 2704 1626 2739 :
1650 2695 1836 2741 utnon
1865 2697 1926 2737 os

343 2798 583 2870 quidem,
635 2791 825 2863 inquit,
853 2788 1014 2844 verba
1046 2786 1318 2856 loquatur,
1366 2795 1521 2836 mens
1561 2788 1736 2834 autem
1777 2787 1927 2831 extra

345 2867 584 2945 versetur
635 2882 870 2953 undique
914 2892 1108 2949 vagans
1141 2893 1155 2932 :
1185 2873 1282 2931 sed
1332 2881 1392 2928 ut
1422 2873 1598 2942 lingua
1644 2868 1712 2924 ab
1741 2867 1924 2922 anima

345 2979 609 3034 audiatur.

416 3069 473 3123 2.
502 3065 852 3124 Conviviorum
899 3062 1115 3116 cantica.
1166 3058 1336 3113 Simili
1393 3054 1609 3126 probat,
1651 3052 1713 3107 ab
1767 3050 1932 3122 epulis

349 3166 634 3235 gratiarum
659 3160 905 3213 actionem
932 3152 1260 3209 reddendam.
1290 3181 1363 3191 -
1391 3150 1459 3204 Et
1485 3146 1930 3220 quemadmodum

355 3257 446 3310 ubi
472 3263 558 3310 est
581 3267 788 3308 cmnum
812 3291 826 3313 ,
859 3263 924 3304 eo
955 3246 1100 3318 porci
1117 3252 1473 3300 concurrunt:
1503 3241 1588 3295 ubi
1615 3248 1788 3294 autem
1812 3247 1935 3290 sunt

357 3354 602 3400 aromata
651 3353 704 3399 et
744 3341 976 3406 suft‘itus,
999 3353 1130 3408 apes
1159 3337 1263 3391 illic
1291 3335 1529 3389 habitant
1556 3351 1568 3386 :
1599 3332 1668 3386 ita
1697 3330 1782 3385 ubi
1813 3337 1937 3384 sunt

355 3437 574 3506 quidem
602 3433 896 3490 meretricia
922 3431 1148 3494 cantica,
1182 3428 1287 3482 illic
1311 3433 1706 3496 congregantur
1729 3422 1934 3475 daemo-

355 3545 452 3585 nes
481 3547 497 3583 :
529 3527 614 3582 ubi
639 3537 816 3580 autem
842 3523 1046 3578 cantica
1073 3519 1388 3589 Spiritualia,
1418 3518 1541 3570 illuc
1571 3515 1785 3570 advolat
1815 3513 1926 3582 Spi.

353 3625 489 3677 ritus
515 3619 706 3690 gratia,
737 3633 857 3688 qua:
883 3631 944 3670 os
971 3612 1268 3668 sanctiﬁcat
1288 3611 1610 3666 etanimam.
1642 3609 1767 3664 Haec
1792 3607 1935 3672 dieo,

354 3731 464 3770 non
494 3719 555 3767 ut
583 3727 676 3766 vos
709 3720 913 3763 tantum
965 3705 1224 3769 laudetis,
1266 3704 1358 3757 sed
1389 3711 1445 3756 ut
1493 3701 1634 3755 ﬁlios
1660 3709 1714 3755 et
1739 3714 1936 3753 uxores

354 3807 594 3862 doceatis
623 3804 744 3858 talia
775 3811 992 3856 cantare
1037 3798 1263 3860 cantica,
1292 3811 1396 3849 non
1424 3795 1593 3848 solum
1625 3793 1678 3846 in
1710 3790 1940 3847 texendo

354 3901 532 3955 aliove
559 3911 727 3968 opere
759 3892 1022 3956 faciendo,
1054 3891 1150 3946 sed
1201 3889 1436 3944 maxime
1478 3887 1529 3940 in
1563 3901 1768 3941 mensa.
1809 3883 1939 3938 Cum

355 3993 499 4046 enim
520 3987 788 4053 diabolus,
820 3994 877 4039 ut
896 3983 1179 4055 plurimum
1231 3979 1512 4035 insidietur
1551 3978 1605 4031 in
1635 3975 1896 4032 conviviis
1924 4016 1940 4040 ,

355 4082 632 4139 ebrietatis
657 4122 674 4145 ,
723 4077 970 4149 ingluviei
998 4117 1014 4142 ,
1069 4077 1312 4143 risusque
1365 4069 1585 4140 profusi,
1629 4077 1686 4124 et
1733 4067 1941 4122 remissi

355 4173 522 4228 animi
552 4171 754 4226 auxilio
786 4178 965 4223 utatur
993 4183 1006 4220 :
1039 4175 1170 4219 tunc
1212 4161 1444 4217 maxime
1469 4167 1684 4227 oportet
1720 4166 1775 4212 et
1819 4166 1944 4210 ante

356 4279 630 4330 mensam,
663 4269 719 4316 et
748 4268 869 4330 post
898 4271 1138 4312 mensam
1165 4295 1182 4321 ,
1235 4269 1295 4308 se
1347 4251 1556 4306 munire
1607 4249 1942 4303 Psalmorum

355 4355 636 4426 praesidio,
667 4363 723 4407 et
749 4349 908 4406 simul
935 4363 1057 4404 cum
1091 4360 1259 4400 uxore
1285 4359 1346 4398 ac
1377 4340 1560 4396 liberis
1591 4349 1871 4408 surgentes
1915 4353 1944 4390 a

353 4446 634 4512 convivio,
669 4443 896 4514 hymnos
923 4453 1107 4495 sacros
1141 4438 1250 4493 Deo
1283 4449 1501 4490 canere.
1537 4430 1590 4487 Si
1621 4433 1767 4486 enim
1815 4430 1948 4484 Pau-

355 4538 466 4604 lus,
496 4539 585 4594 cui
613 4532 964 4590 intolerabilia
991 4528 1198 4599 ﬂagella
1229 4524 1611 4589 imminebant,
1641 4536 1762 4578 cum
1804 4521 1946 4590 ligno

355 4633 610 4702 alligatus
637 4628 688 4680 in
729 4639 946 4680 carcere
997 4621 1284 4684 habitaret,
1324 4617 1498 4672 media
1524 4622 1702 4680 nocte,
1733 4612 1946 4684 quando

359 4733 444 4776 est
469 4719 727 4775 omnibus
755 4728 976 4769 somnus
996 4709 1438 4782 jucundissimus,
1470 4721 1591 4761 cum
1624 4705 1735 4758 Sila
1775 4703 1942 4758 Deum

358 4821 627 4884 perpetuo
655 4808 923 4870 laudabat,
944 4815 999 4862 et
1021 4821 1118 4860 nec
1146 4805 1316 4869 locus,
1345 4818 1442 4857 nec
1465 4810 1696 4870 tempus,
1718 4813 1818 4852 nec
1840 4798 1950 4852 sol-

357 4903 692 4968 licitudines,
727 4916 826 4957 nec
847 4900 1020 4954 somni
1054 4895 1313 4970 tyrannis,
1347 4910 1444 4949 nec
1467 4895 1542 4948 illi
1572 4894 1781 4947 labores
1804 4932 1820 4956 ,
1853 4907 1953 4947 nec

356 4999 608 5060 dolores,
638 5009 738 5048 nec
765 4991 1052 5062 quidquam
1095 4987 1240 5043 aliud
1270 5003 1389 5042 eum
1421 4986 1595 5056 coegit
1628 4983 1951 5039 modulatio-

359 5109 482 5146 nem
527 5089 676 5143 illam
727 5085 1083 5140 intermittere
1112 5083 1258 5152 (Act.
1302 5081 1389 5134 lii.
1411 5080 1505 5147 25)
1539 5097 1552 5134 :
1585 5080 1752 5133 multo
1785 5077 1952 5146 magis

359 5201 482 5250 nos,
505 5184 598 5254 qui
617 5178 858 5251 jucunde
887 5177 1138 5236 vivimus.
1170 5185 1226 5230 ct
1258 5174 1350 5229 Dei
1390 5171 1544 5227 bouis
1576 5171 1821 5236 fruimur,
1859 5170 1955 5240 hy-

359 5292 520 5330 mnos
541 5316 558 5337 ,
585 5273 785 5343 quibus
816 5271 927 5325 Deo
950 5269 1136 5338 gratiae
1163 5276 1388 5336 agantur
1405 5305 1421 5327 .
1448 5271 1661 5334 Oportet
1686 5262 1952 5323 emittere,

361 5377 420 5420 ut
448 5367 494 5422 si
519 5367 604 5419 vel
629 5365 892 5423 ebrietas,
920 5361 1001 5414 vel
1056 5358 1320 5428 ingluvies
1348 5366 1544 5410 nostra:
1583 5354 1777 5408 anima:
1803 5363 1957 5420 turpe

362 5466 460 5511 aut
487 5454 786 5511 absurdum
819 5451 945 5517 quid
991 5449 1198 5516 fecerit,
1227 5448 1315 5501 ubi
1349 5446 1584 5516 ingressa
1614 5443 1777 5500 fuerit
1808 5443 1957 5513 psal-

364 5548 590 5612 modia,
651 5544 837 5600 omnia
879 5543 966 5596 illa
1003 5542 1140 5596 mala
1195 5549 1249 5595 et
1279 5539 1517 5609 improba
1558 5537 1776 5593 consilia
1820 5535 1958 5589 resi-

367 5628 524 5685 liant.
555 5632 622 5687 Et
649 5626 1104 5701 quemadmodum
1128 5625 1365 5681 nonnulli
1395 5623 1586 5679 divites
1611 5621 1826 5690 impleta
1849 5619 1962 5672 bal-

365 5741 520 5781 samo
555 5726 781 5796 slumgia
806 5737 1017 5780 mensas
1047 5722 1354 5794 absterguut
1384 5761 1396 5772 .
1435 5731 1486 5772 ut
1527 5719 1568 5773 si
1599 5734 1659 5773 ex
1688 5715 1820 5771 cibis
1850 5714 1954 5769 ulla

1490 273 1842 338 EXPOSITIO
1881 270 1947 329 IN
1983 271 2303 330 PSALHUM
2334 271 2476 330 XLI.

3502 287 3602 343 £58

2021 388 2338 444 remanserit
2355 389 2586 454 macula,
2610 401 2671 444 ea
2693 400 2930 447 extracta
2959 409 3144 464 puram
3167 411 3407 456 mensam
3429 416 3602 459 osten-

2014 482 2142 535 dant
2175 483 2409 537 :itanos
2435 498 2648 552 quoque
2670 482 2922 540 faciamus
2971 503 3068 556 pro
3114 491 3354 548 balsamo
3399 511 3460 550 os
3502 498 3604 550 im-

2017 573 2220 640 plentes
2245 571 2475 628 melodia
2503 574 2798 643 spirituali:
2836 587 2893 631 ut
2912 578 2961 632 'si
2988 595 3052 634 ex
3083 587 3380 650 saturitate,
3411 587 3512 640 ulla
3547 588 3600 642 in

2015 666 2191 719 anima
2235 665 2440 720 macula
2485 669 2822 734 remanserit,
2867 685 2984 724 eam
3031 687 3126 740 per
3173 675 3313 732 illam
3360 680 3605 734 modula-

2014 757 2213 812 tionem
2243 757 2646 826 abstergamus,
2687 769 2741 814 et
2781 762 2938 816 simul
2979 777 3170 820 omnes
3216 775 3420 824 stantes
3454 771 3602 827 (lica-

2017 863 2135 907 mus
2181 865 2196 903 :
2245 849 2523 904 Delectain
2557 867 2666 914 nos,
2716 853 2948 920 Domine,
2995 857 3046 909 in
3077 859 3276 925 factum
3314 871 3420 928 tua,
3469 875 3518 918 et
3552 867 3606 920 in

2017 943 2250 1008 θρα-ϋηο
2294 959 2532 996 manuum
2576 953 2778 999 tuarum
2819 949 3182 1005 exsultabimus
3215 953 3382 1023 (Psal.
3411 956 3497 1012 9i.
3522 959 3605 1029 ὅ).

2019 1032 2146 1135 Post
2171 1033 2519 1102 psalmodiam
2547 1044 2726 1089 autem
2753 1037 2978 1092 addatur
3000 1041 3158 1095 etiam
3177 1047 3371 1111 oratio,
3401 1060 3456 1100 ut
3483 1063 3602 1102 Clllll

2017 1125 2194 1178 anima
2244 1125 2411 1194 ipsam
2457 1140 2668 1195 quoque
2721 1128 2938 1182 doumm
2986 1133 3398 1190 sanctiﬁcemus.
3461 1139 3611 1196 Sicut

2017 1215 2159 1269 enim
2207 1215 2297 1284 qui
2336 1216 2546 1282 mimos,
2601 1226 2655 1272 et
2700 1219 3000 1287 saltatores,
3044 1233 3098 1277 et
3138 1226 3386 1281 mulieres
3427 1245 3608 1286 mere-

2021 1310 2180 1364 trices
2217 1309 2556 1364 introducunt
2585 1310 2636 1363 in
2661 1313 2922 1377 convivia,
2963 1314 3234 1371 daemones
3261 1327 3313 1373 et
3333 1319 3606 1378 diabolum

2019 1401 2145 1454 illuc
2173 1411 2394 1464 vocant,
2440 1410 2496 1455 et
2523 1401 2712 1456 domos
2737 1418 2860 1458 snas
2886 1405 3106 1466 implent
3134 1409 3286 1464 bellis
3313 1411 3610 1470 innumeris

2021 1491 2168 1562 (hinc
2193 1501 2340 1546 certe
2365 1492 2664 1562 zelotypiae,
2697 1493 2976 1561 adulteria,
3005 1505 3211 1566 stupra,
3243 1512 3296 1556 et
3321 1501 3422 1556 alia
3449 1505 3611 1558 innu-

2020 1585 2192 1652 mera)
2221 1600 2234 1635 :
2265 1583 2334 1636 ita
2361 1585 2447 1653 qui
2485 1593 2677 1638 vocant
2704 1585 2865 1640 David
2885 1603 3008 1641 cum
3037 1589 3262 1655 cithara,
3288 1591 3428 1648 intus
3457 1595 3614 1651 Chri-

2020 1683 2281 1744 stutnper
2305 1675 2478 1743 ipsum
2521 1685 2731 1730 vocant.
2756 1676 2857 1732 Ubi
2885 1690 3061 1733 autem
3094 1691 3176 1736 est
3197 1681 3462 1752 Christus,
3492 1690 3614 1742 nul-

2023 1766 2106 1822 lus
2135 1767 2342 1822 daemon
2374 1768 2588 1837 quidem
2621 1769 2846 1838 ingredi,
2874 1772 2957 1826 vel
2991 1774 3168 1842 potius
3197 1792 3263 1830 ne
3293 1777 3467 1833 obiter
3490 1781 3611 1850 qui-

2022 1859 2144 1914 dem
2175 1859 2439 1928 inspicere
2464 1877 2627 1916 ausus
2654 1861 2811 1916 fuerit
2843 1879 2857 1916 :
2886 1879 2983 1932 pax
3029 1879 3204 1922 autem
3229 1905 3246 1933 ,
3271 1880 3322 1924 et
3366 1872 3614 1942 dilectio,

2021 1961 2078 2005 et
2123 1951 2300 2004 omnia
2351 1961 2618 2022 tamquam
2660 1968 2723 2008 ex
2769 1952 3002 2009 fontibus
3029 1957 3164 2012 bona
3198 1963 3610 2028 promanabunt.

2025 2045 2102 2100 Illi
2133 2045 2348 2100 domum
2375 2060 2522 2100 suam
2550 2047 2744 2101 faciunt
2772 2049 3071 2116 theatrum;
3126 2061 3180 2105 tu
3221 2055 3504 2111 ecclesiam
3533 2060 3615 2114 l’ac

2023 2146 2170 2192 tuam
2201 2137 2597 2192 domunculam.
2631 2139 2732 2194 Ubi
2755 2142 2900 2195 enim
2930 2151 3012 2196 est
3039 2144 3294 2213 psalmus,
3344 2157 3398 2202 et
3422 2151 3616 2216 oratio,

2023 2227 2298 2284 ctchorea
2327 2229 2734 2300 prophetarum,
2786 2243 2839 2288 et
2885 2235 3001 2303 pius
3057 2239 3359 2294 canentium
3383 2242 3615 2310 animus,

2029 2337 2133 2375 non
2165 2321 2495 2376 aberravcrit
2537 2324 2796 2394 quispiam
2859 2328 2947 2396 qui
2989 2326 3133 2384 hunc
3182 2342 3378 2388 emtum
3425 2333 3620 2389 dixerit

2022 2411 2328 2466 ecclesiam.
2361 2412 2579 2467 Etiamsi
2613 2417 2714 2467 vim
2739 2415 3023 2472 verborum
3063 2434 3168 2474 non
3206 2424 3438 2489 noveris,
3486 2423 3620 2481 doce

2025 2501 2231 2556 interea
2284 2502 2455 2572 ipsum
2503 2519 2566 2558 os
2612 2506 2771 2560 verba
2810 2507 3012 2563 dicere.
3059 2510 3430 2569 Sanctiﬁcatur
3472 2517 3616 2571 enim

2029 2593 2188 2647 etiam
2217 2593 2391 2663 lingua
2420 2611 2513 2664 per
2533 2597 2717 2661 verba,
2762 2600 2975 2668 quando
3003 2617 3067 2657 ea
3095 2603 3343 2660 dicuntur
3375 2619 3622 2678 prompto

2027 2691 2083 2739 ct
2108 2685 2267 2740 alacri
2293 2686 2490 2740 animo.
2525 2688 2581 2744 Si
2622 2705 2720 2743 nos
2765 2691 2908 2760 ipsos
2949 2692 3329 2752 deduxerimus
3368 2699 3434 2753 ad
3483 2701 3622 2759 hanc

2033 2777 2490 2844 consuetudinem,
2547 2795 2645 2835 nec
2699 2794 2878 2837 nostra
2921 2794 3144 2853 sponte,
3187 2804 3287 2842 nec
3317 2805 3411 2857 per
3435 2806 3622 2847 socor-

2035 2867 2180 2921 diam
2229 2867 2508 2938 pulcbrum
2554 2868 2656 2924 hoc
2706 2874 3174 2941 praetermittemus
3223 2878 3620 2948 ministerium,

2033 2974 2184 3014 more
2242 2959 2326 3014 vel
2371 2959 2564 3016 invitos
2615 2978 2714 3016 nos
2785 2973 3012 3034 Ctigellle
3074 2965 3216 3023 hunc
3273 2971 3366 3028 Dei
3422 2974 3622 3029 cultum

2031 3051 2276 3121 quotidie
2323 3067 2598 3123 peragere.
2660 3055 2714 3108 In
2759 3055 2856 3110 hac
2911 3059 3308 3126 modulatione,
3365 3077 3460 3119 seu
3508 3067 3628 3136 quis

2039 3143 2200 3199 fuerit
2225 3147 2377 3200 senio
2409 3145 2702 3214 confectus,
2743 3165 2839 3204 seu
2865 3150 3098 3219 juvenis,
3136 3169 3230 3208 seu
3259 3171 3388 3212 voce
3413 3173 3624 3228 aspera,

2031 3252 2134 3292 [seu
2185 3239 2359 3292 omnis
2405 3239 2614 3308 penitus
2660 3241 2864 3296 numeri
2916 3243 3161 3312 ignarus,
3217 3247 3348 3303 nihil
3397 3251 3446 3304 ei
3497 3252 3629 3306 vitio

2031 3328 2271 3382 dabitur.
2322 3329 2474 3395 Quod
2527 3331 2667 3384 enim
2699 3331 2783 3386 hic
2813 3335 3086 3402 qumritur,
3120 3345 3200 3390 est
3226 3339 3401 3394 sobria
3429 3340 3626 3408 anima,

2041 3436 2193 3476 mens
2221 3422 2463 3492 vigilans,
2496 3437 2589 3478 cor
2617 3435 3012 3493 compunctum,
3051 3428 3222 3484 valida
3251 3431 3407 3496 ratio,
3433 3448 3628 3502 expur-
3697 3422 3703 3428 ⁸

2042 3525 2159 3583 gata
2197 3516 2544 3569 conscientia.
2591 3517 2645 3570 Si
2690 3516 2803 3572 haec
2855 3518 3089 3586 habens,
3147 3522 3418 3592 ingressus
3469 3524 3632 3581 fueris

2046 3607 2095 3660 iu
2141 3617 2382 3662 sanctum
2430 3607 2520 3662 Dei
2559 3607 2812 3674 chorum,
2854 3611 3003 3680 juxta
3051 3613 3224 3681 ipsum
3279 3615 3445 3671 David
3492 3624 3634 3671 stare

2045 3698 2265 3766 poteris.
2327 3697 2423 3752 llic
2471 3714 2574 3752 non
2636 3705 2718 3754 es‘t
2768 3715 2902 3770 opus
2947 3701 3187 3769 cithara,
3239 3721 3412 3775 neque
3458 3709 3636 3761 nervis

2045 3789 2305 3855 extensis,
2353 3805 2524 3859 neque
2564 3791 2786 3860 plectro,
2819 3807 2920 3846 nec
2963 3803 3097 3857 arte,
3142 3810 3240 3850 nec
3272 3797 3392 3850 ullis
3441 3795 3638 3852 instru-

2049 3884 2244 3938 mentis
2276 3899 2288 3938 :
2315 3884 2408 3938 sed
2438 3885 2480 3938 si
2512 3887 2665 3951 velis,
2707 3887 2934 3955 teipsum
2964 3887 3168 3945 efﬁcies
3193 3892 3486 3959 citharam,
3513 3907 3637 3947 cum

2047 3975 2222 4028 carnis
2266 3976 2503 4028 membra
2547 3976 2972 4043 mortiﬁcaveris,
3011 3991 3067 4034 et
3103 3981 3297 4036 animae
3352 3998 3472 4038 cum
3513 3999 3637 4037 cor-

2053 4079 2179 4132 pore
2211 4064 2494 4133 pulcbrum
2535 4073 2850 4118 concentum
2897 4067 3159 4123 effeceris.
3226 4071 3448 4138 Quando
3495 4072 3636 4126 enim

2052 4171 2157 4210 non
2203 4156 2531 4224 concupierit
2569 4170 2696 4210 caro
2743 4155 3004 4211 adversus
3050 4157 3302 4226 Spiritum
3347 4159 3539 4229 (Galat.
3583 4163 3639 4218 5.

2054 4247 2165 4315 i7),
2210 4246 2306 4302 sed
2338 4246 2480 4302 illius
2506 4246 2667 4317 jussis
2694 4233 2936 4314 cesset-it,
2978 4259 3033 4303 et
3062 4263 3178 4303 eam
3211 4250 3442 4304 tamdem
3469 4251 3641 4306 duxe-

2051 4341 2168 4394 rit‘
2214 4339 2266 4394 in
2319 4339 2458 4393 viam
2511 4340 2765 4409 optimam
2798 4348 2854 4394 et
2879 4342 3108 4396 maxime
3130 4341 3515 4407 admirabilem,
3570 4345 3642 4398 ita

2055 4432 2336 4488 melodiam
2365 4431 2566 4487 efﬁcies
2591 4432 2942 4503 spiritualem.
2967 4433 3084 4488 Non
3115 4433 3198 4488 hii:
3227 4449 3361 4504 opus
3385 4445 3468 4491 est
3497 4445 3642 4502 arte,

2055 4541 2174 4596 qua:
2201 4527 2360 4596 longo
2386 4533 2627 4595 tempore
2658 4525 2930 4595 perficitur
2963 4544 2978 4580 :
3011 4523 3104 4580 sed
3144 4526 3279 4582 bona
3313 4536 3514 4581 tantum
3544 4544 3644 4581 vn-

2057 4616 2276 4682 luntate,
2297 4627 2350 4672 et
2369 4631 2631 4688 generoso
2655 4617 2820 4671 animi
2849 4617 3090 4673 instituto
3117 4633 3250 4688 opus
3275 4629 3377 4684 est,
3405 4635 3468 4675 ac
3498 4620 3644 4676 brevi

2059 4720 2300 4783 tempore
2339 4711 2496 4782 periti
2541 4709 2848 4766 evademus.
2899 4710 3016 4766 Non
3055 4726 3190 4782 opus
3235 4721 3317 4767 est
3367 4711 3509 4779 loco,
3541 4729 3646 4768 non

2057 4821 2192 4875 Opus
2236 4813 2319 4860 est
2359 4815 2618 4874 tempore,
2672 4803 2766 4858 sed
2809 4804 2861 4858 in
2905 4804 3049 4858 omni
3090 4805 3230 4872 loco,
3260 4815 3314 4860 et
3337 4809 3481 4862 omni
3513 4816 3647 4861 tem-

2062 4912 2210 4967 pore,
2243 4897 2368 4950 licet
2406 4903 2586 4951 mente
2613 4909 2824 4952 canere.
2851 4895 2980 4950 Nam
3013 4897 3126 4952 sive
3153 4898 3204 4952 in
3237 4897 3352 4952 foro
3385 4899 3646 4964 ambules,

2062 4989 2176 5043 sive
2202 4987 2304 5042 iter
2327 4987 2662 5057 ingrediaris,
2695 4987 2808 5042 sive
2833 5002 2953 5042 cum
2984 4989 3170 5042 amicis
3197 4989 3496 5053 consideas,
3531 4989 3652 5040 licet

2062 5081 2296 5134 excitare
2325 5081 2581 5145 animum,
2609 5080 2732 5135 licet
2759 5081 2844 5134 vel
2874 5081 3068 5134 tacenti
3091 5081 3340 5134 clamare.
3388 5081 3457 5133 Ita
3489 5080 3648 5133 etiam

2064 5173 2238 5228 Moses
2261 5170 2544 5236 clamabat,
2577 5181 2630 5226 et
2659 5172 2797 5228 Deus
2826 5172 3075 5226 audiebat
3105 5171 3298 5239 (Exod.
3329 5170 3412 5224 id.
3441 5171 3554 5237 15).
3589 5173 3652 5226 lit

2065 5270 2108 5320 si
2139 5264 2302 5320 fueris
2328 5264 2531 5335 opifex,
2581 5270 2780 5333 poteris
2807 5265 2858 5318 in
2886 5264 3097 5317 officina
3125 5262 3319 5316 sedens
3346 5274 3398 5316 et
3426 5278 3654 5333 operans

2069 5359 2312 5430 psallere.
2363 5358 2429 5410 Et
2452 5358 2494 5411 si
2524 5358 2676 5412 miles
2704 5357 2798 5423 sis,
2845 5365 2937 5410 aut
2965 5353 3152 5409 sedeas
3177 5355 3228 5406 lu
3248 5350 3468 5422 judicio,
3509 5368 3652 5425 ιοεο-

2067 5455 2145 5504 ris
2169 5449 2269 5505 hoc
2295 5451 2464 5521 ipsum
2498 5450 2694 5506 facere.

2133 5649 2161 5725 ξ.
2277 5645 2463 5725 ςηκίιίἰι
2491 5649 2963 5725 ennjecturze‘iides
2997 5652 3328 5720 adhibeatur,
3378 5657 3649 5725 legendum

2071 5711 2186 5774 erit,
2208 5715 2255 5762 in
2281 5712 2492 5760 StClillda
2523 5725 2750 5774 persuna,
2784 5708 3004 5763 duxeris.
