4064 6206
369 300 476 356 159
1027 287 1087 346 5.
1123 280 1402 344 JOANNIS
1435 271 1912 335 CHRYSOSTOMI
1955 268 2275 328 AltCHlEP.
2313 265 2847 340 CONSTANTINOP.
3545 265 3649 323 160

443 415 498 470 5.
541 408 770 466 Gemitus
788 403 997 478 spiritus
1019 400 1131 472 quis
1154 399 1238 454 sit.
1257 395 1492 451 ——Lieet
1518 391 1682 448 etiam
1715 388 1832 443 sine
1860 399 1954 439 vo-

372 522 436 560 ce
468 504 716 574 psallere,
747 514 868 555 cum
897 511 1050 552 mens
1095 495 1236 549 intus
1262 499 1500 546 resonet.
1530 485 1647 541 Non
1684 483 1828 539 enim
1858 479 1957 534 ho-

375 571 608 651 minibus
637 591 900 652 canimus,
927 585 1021 643 sed
1049 586 1190 650 Deo,
1234 581 1324 652 qui
1353 586 1528 648 potest
1556 575 1645 630 vel
1669 571 1834 630 corda
1859 585 1957 625 au-

378 688 515 751 dire,
545 694 600 740 et
625 684 678 738 in
702 682 895 736 mentis
918 686 1115 733 nostra:
1139 687 1330 728 arcana
1350 667 1578 738 ingredi.
1609 665 1721 720 Hoc
1747 675 1960 733 quoque

381 777 575 833 Paulus
604 773 893 829 ostendens
920 766 1259 830 vociferatur,
1304 761 1525 816 dicens:
1555 755 1678 827 Ipse
1731 755 1960 824 Spiritus

377 864 667 934 interpellat
713 880 805 933 pro
829 861 969 914 nobis
992 856 1252 928 gemitibus
1274 847 1718 905 inenarrabilibus.
1736 843 1838 911 Qui
1864 858 1962 934 aut

381 971 482 1013 tem
504 930 758 1012 scrutatur
785 950 960 1030 corda,
988 948 1079 1002 scit
1103 943 1225 1017 quid
1253 940 1501 995 desideret
1529 937 1756 1008 Spiritus
1778 976 1794 999 ,
1822 930 1962 1030 quod

383 1048 665 1104 secundum
686 1020 848 1099 Deum
871 1039 1086 1111 postulet
1105 1052 1196 1106 pro
1219 1032 1408 1087 sanctis
1431 1029 1614 1102 (Rom.
1643 1027 1698 1082 8.
1727 1025 1818 1080 26.

383 1144 496 1198 lloc
523 1150 700 1195 autem
730 1133 960 1196 dicebat,
1009 1144 1116 1185 non
1161 1124 1302 1196 quod
1329 1121 1559 1192 Spiritus
1584 1124 1841 1189 gemeret,
1868 1113 1965 1170 sed

382 1234 525 1304 quod
549 1232 646 1286 viri
675 1225 999 1299 spirituales,
1042 1220 1135 1292 qui
1165 1217 1366 1272 habent
1389 1213 1530 1268 dona
1573 1209 1804 1304 §piritus
1827 1247 1843 1274 ,
1867 1220 1968 1304 pro

385 1294 942 1394 propinquis—orantes
960 1354 976 1380 ,
1007 1322 1062 1366 et
1086 1305 1504 1380 supplicationes
1539 1298 1847 1362 oderentes,
1867 1294 1972 1349 hoc

386 1391 754 1471 lacerentcum
771 1403 1184 1478 compunctione
1200 1409 1253 1454 et
1267 1395 1570 1468 gemitibus.
1596 1391 1708 1446 Hoc
1727 1403 1826 1444 nos
1839 1401 1972 1458 quo-

388 1522 489 1576 que
533 1503 824 1565 faciamus,
863 1506 920 1552 et
957 1491 1194 1565 quotidie
1234 1490 1401 1544 Deum
1449 1481 1850 1552 interpellemus
1875 1491 1974 1548 per

387 1599 622 1669 psalmos
652 1603 707 1649 et
733 1590 1022 1647 orationes.
1051 1585 1130 1640 Ne
1167 1589 1347 1638 autem
1375 1577 1538 1633 verba
1563 1574 1738 1629 solum
1777 1569 1974 1626 offera-

389 1665 526 1754 iuus,
559 1685 655 1741 sed
687 1685 856 1755 ipsam
880 1680 1039 1734 etiam
1070 1675 1302 1731 sciamus
1346 1669 1450 1724 vim
1493 1665 1784 1721 dictionum
1810 1702 1828 1729 ,
1875 1675 1975 1730 agn

391 1753 561 1848 ipsum
583 1753 738 1845 hujus
757 1771 947 1828 Psalmi
966 1765 1280 1837 prooemium
1299 1763 1352 1815 in
1370 1757 1604 1815 medium
1625 1753 1976 1809 adducamus.

393 1844 546 1939 Quod
572 1844 662 1924 est
698 1880 826 1935 ergo
855 1857 1212 1932 praemium?
1257 1849 1698 1922 Quemadmodum
1727 1844 1980 1939 desiderat

389 1932 564 2018 ceruus
587 1961 654 2014 ad
680 1932 838 2030 fontes
857 1967 1105 2026 aquarum
1123 1991 1138 2016 ,
1183 1950 1255 2002 ita
1281 1945 1533 2000 desiderat
1563 1940 1741 1993 anima
1759 1951 1871 1990 mea
1912 1932 1980 1987 ad

395 2072 464 2123 te,
487 2055 645 2109 Deus.
677 2028 772 2106 llic
794 2058 878 2105 est
898 2061 1016 2101 mos
1041 2039 1353 2120 amantium,
1379 2047 1617 2089 amorem
1635 2028 1846 2084 silentio
1871 2039 1979 2081 non

398 2150 591 2212 celare,
624 2144 721 2202 sed
746 2142 1021 2199 enuntiare
1041 2119 1250 2198 vicinis,
1279 2138 1336 2185 et
1355 2128 1536 2184 dicere
1562 2139 1621 2179 se
1646 2134 1847 2177 amare.
1879 2119 1982 2171 Ar-

398 2243 533 2297 dens
552 2209 693 2295 enim
725 2252 811 2291 res
831 2242 915 2290 est
933 2243 1121 2286 natura
1146 2220 1468 2286 dilectionis,
1490 2231 1591 2273 nec
1616 2221 1790 2285 potest
1806 2209 1984 2264 anima

399 2335 686 2396 sustinere,
718 2339 772 2383 ut
796 2341 914 2382 eam
939 2320 1154 2378 silentio
1170 2323 1370 2374 teneat.
1395 2313 1462 2368 Et
1489 2310 1608 2365 ideo
1633 2320 1820 2362 amans
1850 2318 1984 2374 quo-

399 2439 507 2494 que
554 2422 750 2477 Paulus
790 2417 1003 2473 dicebat
1048 2408 1338 2467 Corinthiis
1368 2423 1381 2460 :
1410 2403 1481 2458 0s
1526 2410 1754 2455 nostrum
1793 2396 1862 2449 ad
1897 2410 1986 2494 pos

400 2487 634 2588 dpertunt
658 2522 751 2578 est,
783 2507 1033 2565 Corinthii
1063 2504 1156 2578 (l.
1184 2502 1302 2558 Cor.
1329 2498 1385 2554 6.
1420 2496 1509 2565 ti)
1537 2511 1550 2548 ε
1582 2495 1686 2588 uae
1710 2500 1820 2588 est,
1868 2487 1985 2544 Non

404 2583 620 2677 possum
648 2603 948 2667 continere,
983 2607 1038 2654 et
1061 2593 1276 2652 silentio
1303 2602 1548 2662 premere
1595 2583 1932 2640 dilectionem
1962 2620 1980 2646 ,

402 2671 496 2752 sed
535 2710 629 2751 vos
654 2709 868 2762 semper
894 2699 949 2746 et
975 2689 1190 2757 ubique,
1213 2691 1268 2738 et
1318 2683 1376 2736 in
1413 2684 1590 2733 mente
1617 2684 1672 2730 et
1709 2674 1771 2728 in
1809 2671 1986 2742 lingua

404 2786 742 2846 circumfero.
779 2784 851 2837 lta
877 2782 1036 2836 etiam
1059 2778 1149 2833 hic
1172 2777 1360 2832 beatus
1385 2773 1558 2827 Deum
1585 2781 1791 2832 amans,
1815 2772 1873 2820 et
1896 2779 1987 2818 ar—

405 2883 538 2936 dens
559 2892 766 2942 amore,
793 2889 898 2930 non
918 2879 1096 2944 potest
1115 2869 1167 2923 in
1185 2869 1420 2922 animum
1440 2861 1694 2916 inducere
1719 2865 1778 2911 ut
1798 2863 1990 2922 taceat,

406 2974 499 3029 sed
520 2969 805 3041 aliquando
829 2965 1046 3038 quidem
1076 2962 1240 3017 dicit:
1279 2951 1715 3023 Quemadmodum
1740 2948 1993 3041 desiderat

407 3079 578 3118 cervus
599 3040 666 3115 ad
689 3063 850 3132 fontes
866 3071 1134 3126 aquarum,
1152 3053 1225 3105 ita
1245 3048 1494 3103 desiderat
1513 3044 1685 3098 anima
1705 3056 1815 3094 mea
1834 3040 1901 3093 ad
1921 3049 1992 3106 te,

411 3157 566 3212 Deus.
594 3151 892 3223 Aliquando
919 3157 1099 3202 autem
1123 3144 1280 3207 Deus,
1311 3140 1448 3195 Deus
1471 3153 1630 3202 meus,
1653 3137 1722 3191 ad
1751 3145 1799 3190 te
1823 3135 1888 3188 de
1915 3134 1996 3187 lu-

413 3266 468 3302 re
486 3247 658 3317 vigilo.
689 3243 860 3304 Sitivit
886 3240 953 3294 ad
978 3248 1024 3292 te
1044 3237 1218 3290 anima
1239 3249 1369 3295 mea,
1397 3232 1526 3287 sicut
1556 3240 1689 3284 terra
1712 3229 1994 3291 inaccessa,

411 3342 520 3393 sine
546 3354 700 3409 aqua,
728 3344 776 3388 et
801 3333 998 3386 deserta
1023 3329 1042 3400 (
1065 3326 1212 3380 Psul.
1236 3325 1324 3380 62.
1351 3322 1424 3396 1).
1448 3321 1522 3377 Ita
1546 3322 1687 3378 enim
1709 3319 1841 3374 dixit
1861 3318 1999 3372 alius

416 3434 697 3498 interpres.
715 3423 975 3494 Quoniam
997 3421 1138 3476 enim
1166 3433 1273 3473 non
1299 3425 1478 3487 potest
1500 3414 1737 3468 oratione
1758 3424 1994 3465 amorem

419 3519 725 3581 ostendere,
765 3515 871 3570 huc
897 3522 952 3568 et
981 3512 1106 3567 illuc
1130 3509 1243 3564 obit
1269 3522 1514 3578 quaerens
1541 3503 1844 3574 exemplum
1872 3543 1888 3567 ,
1941 3509 1999 3556 ut

421 3610 503 3664 vel
529 3625 591 3664 ea
617 3609 822 3663 ratione
851 3603 1003 3658 nobis
1024 3615 1175 3658 suum
1205 3613 1444 3654 amorem
1471 3596 1689 3661 indicet,
1720 3603 1776 3650 et
1799 3593 1999 3648 amoris

419 3716 517 3754 nos
542 3702 698 3756 faciat
719 3698 1022 3769 participes.
1047 3694 1106 3749 Ei
1129 3707 1272 3757 ergo.
1292 3690 1590 3755 credamus,
1621 3696 1677 3744 et
1711 3687 1789 3742 sic
1814 3699 1999 3741 amare

422 3791 743 3848 ediscamus.

489 3887 676 3940 Amare
701 3884 864 3939 Deum
891 3895 1157 3953 possumus
1177 3919 1193 3944 ,
1237 3878 1328 3932 etsi
1365 3891 1470 3930 non
1495 3874 1772 3928 videamus.
1796 3900 1869 3912 —
1890 3867 2003 3925 Nec

424 3983 568 4037 dicat
615 3978 746 4034 mihi
801 3975 1105 4047 quispiam:
1140 3973 1205 4027 Et
1250 3967 1519 4040 quomodo
1563 3979 1776 4035 possunt
1822 3975 2004 4018 amare

425 4073 612 4138 Deum,
638 4085 796 4141 quem
826 4082 930 4122 non
961 4065 1116 4120 video
1136 4062 1162 4116 ‘t
1189 4061 1382 4117 Multos
1407 4059 1552 4115 enim
1582 4070 1846 4121 amamus,
1879 4055 2003 4108 licet

422 4181 518 4219 ens
543 4180 646 4220 non
695 4161 1003 4224 videamus,
1055 4152 1502 4227 quemadmodum
1545 4149 1746 4204 amicos
1795 4158 2004 4202 nostros

428 4273 650 4329 peregre
669 4256 953 4324 profectos,
970 4249 1053 4305 vel
1077 4248 1234 4308 filios,
1255 4245 1338 4299 vel
1363 4239 1740 4312 parentestvel
1754 4246 2005 4308 cognatos

427 4348 792 4405 necessarios:
821 4358 920 4398 nec
943 4341 1010 4395 ad
1041 4339 1092 4392 id
1119 4338 1284 4392 ullum
1303 4335 1452 4387 alfert
1475 4332 1629 4386 nobis
1655 4331 2004 4399 impedimen-

428 4454 536 4508 tum
557 4437 695 4509 quod
724 4449 818 4490 eos
843 4449 951 4488 non
973 4429 1268 4488 videamus,
1291 4425 1399 4478 imo
1418 4438 1546 4477 vero
1573 4423 1673 4476 hoc
1702 4421 1871 4490 ipsum
1897 4434 2008 4473 ma-

426 4533 506 4600 gis
535 4528 784 4584 accendit
811 4537 1050 4578 amorem
1071 4560 1086 4586 ,
1136 4528 1192 4574 et
1225 4524 1383 4586 auget
1409 4513 1753 4569 desiderium.
1796 4511 1862 4566 Et
1890 4511 2009 4564 ideo

431 4624 498 4675 de
527 4621 672 4674 Mose
690 4626 906 4686 quoque
926 4613 1112 4667 dicens
1143 4608 1358 4670 Paulus,
1387 4603 1527 4674 quod
1564 4603 1763 4658 relictis
1793 4604 2011 4657 thesau-

432 4713 503 4766 ris
545 4718 601 4764 et
640 4708 851 4776 opibus,
900 4701 1157 4772 regnique
1204 4697 1464 4759 claritate,
1522 4703 1578 4750 et
1619 4693 1763 4748 omni
1819 4693 1925 4747 alio
1956 4695 2007 4748 in

431 4803 663 4874 Egypto
690 4797 996 4870 splendore,
1021 4791 1204 4848 maluit
1223 4805 1342 4846 cum
1365 4787 1564 4844 ludatis
1582 4786 1741 4856 afﬂigi
1770 4803 1783 4840 :
1817 4785 2011 4841 deinde

435 4909 532 4948 nos
559 4903 773 4946 causam
798 4887 1017 4948 docens,
1050 4883 1192 4954 quod
1219 4880 1334 4934 luce
1364 4877 1541 4934 omnia
1570 4877 1766 4932 faceret
1793 4885 2013 4948 propter

436 4989 624 5047 lteum,
651 4980 844 5050 adjecit
874 4993 889 5031 :
917 4975 1225 5031 Inuisibilem
1247 4973 1380 5028 enim
1409 4979 1660 5039 tamquam
1697 4969 1870 5023 videns
1894 4984 2010 5023 sus-

433 5077 580 5133 tinuit
627 5075 646 5146 (
677 5072 833 5127 Hebr.
868 5070 954 5124 ll.
985 5067 1056 5124 25
1081 5097 1108 5107 -
1135 5067 1260 5136 2⁸1).
1308 5061 1422 5118 Non
1462 5061 1608 5116 vides
1661 5060 1866 5126 Deum,
1914 5058 2010 5114 sed

434 5172 582 5225 vides
606 5167 722 5236 ejus
749 5170 1043 5224 creaturas,
1073 5158 1222 5212 vides
1245 5155 1360 5223 ejus
1380 5168 1541 5224 opera
1566 5193 1581 5216 ,
1624 5149 1813 5205 ciuium
1827 5189 1846 5217 ,
1897 5156 2011 5203 tcr-

429 5279 570 5327 rain,
599 5269 651 5313 et
682 5272 846 5312 mare.
874 5253 974 5321 Qui
1003 5260 1176 5305 autem
1207 5246 1397 5316 diligit,
1423 5245 1466 5298 si
1495 5243 1671 5298 dilecti
1701 5257 1836 5312 Opus
1864 5237 2013 5296 vide-

435 5355 524 5415 rit,
546 5350 588 5403 si
611 5349 870 5410 calceum,
902 5343 948 5396 si
975 5349 1200 5404 vestem,
1227 5336 1272 5390 si
1293 5333 1517 5406 quodvis
1544 5331 1686 5387 aliud
1707 5373 1722 5398 ,
1768 5329 2013 5386 accendi-

437 5455 538 5497 tur.
563 5442 677 5498 Non
706 5442 853 5496 vides
879 5439 1068 5502 Deum,
1090 5433 1186 5490 sed
1206 5431 1354 5487 vides
1373 5429 1489 5500 ejus
1515 5425 1760 5490 famulos,
1786 5425 2008 5488 amicos,

436 5536 600 5598 viros,
631 5533 865 5600 inquam,
896 5537 1133 5590 sanctos,
1163 5532 1219 5580 et
1239 5522 1328 5593 qui
1357 5514 1708 5586 habentapud
1731 5529 1848 5570 eum
1881 5513 2013 5567 ﬁdu-

437 5628 597 5681 ciam.
630 5624 752 5679 Illos
779 5635 919 5676 nunc
934 5620 1157 5673 observa
1177 5626 1229 5671 et
1256 5614 1393 5676 cole,
1424 5620 1478 5665 et
1502 5605 1723 5663 habebis
1748 5621 1853 5658 non
1895 5603 2012 5658 leve

437 5715 680 5770 solatium
705 5717 776 5772 tui
806 5713 1077 5771 desiderii.
1125 5709 1331 5766 Etenim
1373 5704 1424 5758 in
1452 5698 1756 5757 hominibus
1783 5713 1886 5751 non
1917 5710 2002 5749 so-

2067 406 2175 460 lum
2201 414 2413 460 nostros
2439 405 2661 470 amicos,
2685 404 2778 460 sed
2803 419 2898 460 eos
2925 403 3084 460 etiam
3113 403 3207 476 qui
3229 405 3299 461 ab
3321 403 3430 460 illis
3458 417 3650 459 aman-

2067 509 2176 565 tur,
2200 509 2384 552 amare
2400 495 2795 551 consuevimus.
2828 493 2895 548 Et
2919 495 2964 550 si
2986 494 3183 550 dixerit
3208 496 3470 566 quispiam
3497 497 3652 550 exiis

2063 590 2162 660 qui
2181 596 2426 642 amantur
2449 601 2480 641 a
2511 588 2684 653 nobis,
2718 587 2870 642 Hunc
2899 588 2981 642 vel
3015 588 3162 642 illum
3191 588 3385 659 diligo,
3416 598 3474 643 et
3516 586 3574 643 εἰ·
3611 589 3654 643 is

2068 678 2330 735 beneficio
2352 681 2532 750 aliquo
2571 679 2733 735 fuerit
2769 677 3013 742 affectus,
3065 693 3164 748 ego
3204 694 3290 734 me
3331 679 3652 736 beneficium

2067 772 2340 841 accepisse
2367 771 2614 827 existimo
2643 789 2657 827 :
2687 771 2866 826 omnia
2911 770 3134 826 facimus
3160 781 3219 825 et
3253 787 3608 842 procuramus
3635 812 3652 840 ,

2071 871 2130 916 ut
2157 863 2377 933 perinde
2398 877 2461 917 ac
2483 862 2529 917 si
2554 862 2804 917 dilectum
2835 862 3158 927 videremus,
3183 863 3254 917 ita
3283 878 3442 919 omne
3462 865 3514 919 in
3529 880 3654 920 eum

2071 953 2308 1008 studium
2347 955 2709 1012 ostendamus.
2760 955 2870 1010 Hoc
2907 956 3080 1026 ipsum
3113 956 3165 1009 in
3196 955 3413 1011 Christo
3441 970 3655 1027 quoque

2071 1047 2328 1118 prmelare
2355 1047 2529 1101 facere
2555 1062 2860 1118 possumus.
2883 1049 3062 1104 Dixit:
3094 1049 3264 1121 Diligo
3281 1067 3576 1122 pauperes:
3603 1063 3657 1108 et

2073 1140 2119 1193 si
2157 1139 2190 1193 ii
2218 1138 2343 1193 boni
2379 1137 2580 1208 aliquid
2612 1141 2952 1220 acceperint,
2975 1141 3196 1211 perinde
3227 1157 3290 1198 ac
3318 1143 3364 1197 si
3405 1144 3524 1213 ipse
3567 1160 3655 1200 re-

2073 1232 2372 1303 cepissem,
2417 1231 2582 1287 reddo
2612 1221 3090 1288 remuneratidnem
3128 1232 3348 1308 (Matth.
3393 1235 3480 1290 l9.
3521 1235 3584 1290 2t
3611 1235 3654 1304 ).

2076 1328 2181 1384 Pro
2205 1328 2284 1382 eis
2307 1325 2555 1383 colendis
2575 1334 2629 1380 et
2651 1325 2998 1381 sublevandis
3033 1327 3167 1381 nihil
3199 1343 3306 1383 non
3357 1326 3654 1384 faciamus:

2077 1424 2185 1480 imo
2200 1439 2328 1480 vero
2347 1425 2401 1480 in
2423 1425 2569 1496 ipsos
2586 1432 2996 1480 omnesnostras
3012 1423 3286 1478 facultates
3301 1422 3654 1491 eiundamus,

2078 1516 2358 1571 credentes
2386 1530 2483 1586 per
2520 1516 2665 1586 ipsos
2705 1515 2879 1570 Deum
2908 1515 3074 1570 alere.
3115 1513 3268 1582 Quod
3295 1516 3436 1570 enim
3467 1515 3594 1570 dum
3623 1517 3656 1571 ii

2079 1609 2316 1673 aluntur,
2346 1607 2460 1676 ipse
2481 1607 2675 1670 alitur,
2706 1606 2829 1662 audi
2857 1605 2992 1677 quid
3019 1605 3163 1660 dicat
3199 1605 3444 1661 Christus
3479 1623 3492 1660 :
3526 1606 3662 1662 Esu-

2079 1701 2290 1754 rientem
2316 1716 2397 1754 me
2420 1699 2631 1764 vidistis,
2655 1699 2845 1770 inquit,
2867 1709 2916 1754 et
2943 1699 3181 1754 aluistis:
3211 1699 3476 1764 sitientem,
3504 1710 3551 1753 et
3570 1715 3663 1771 po-

2083 1803 2189 1846 tum
2213 1792 2421 1847 dedistis
2446 1807 2466 1846 :
2493 1791 2708 1856 nudum,
2740 1800 2786 1846 et
2814 1807 2893 1845 me
2919 1791 3185 1862 operuistis
3212 1789 3423 1862 (Matth.
3447 1791 3539 1846 25.
3567 1793 3654 1848 '55.

2083 1883 2190 1956 36)
2211 1883 2554 1955 {multasque
2583 1883 2736 1939 dedit
2759 1883 2912 1939 uobis
2935 1883 3171 1940 rationes
3191 1884 3382 1954 quibus
3399 1885 3672 1954 possimus

2086 1984 2328 2031 nostrum
2355 1975 2516 2030 solari
2539 1974 2893 2031 desiderium.

2155 2067 2392 2123 Amorem
2438 2068 2536 2121 tria
2577 2067 2867 2121 conciliant.
2917 2065 3257 2121 Pulcltritudo
3308 2066 3424 2121 Dei.
3449 2097 3523 2108 —
3545 2067 3677 2122 Jama

2085 2173 2217 2215 vero
2242 2158 2375 2214 alias
2403 2172 2616 2229 quoque
2633 2157 2734 2212 tria
2753 2165 2876 2211 sunt
2897 2172 3014 2228 qua:
3035 2171 3271 2213 amorem
3297 2156 3436 2228 apud
3463 2171 3562 2212 nos
3585 2158 3669 2213 et-

2088 2251 2250 2306 licere
2281 2258 2707 2316 consueverunt,
2750 2249 2922 2304 forma
2947 2250 3208 2319 corporis,
3236 2250 3542 2320 magnitudo
3573 2251 3670 2306 be-

2089 2341 2288 2408 neficii,
2321 2341 2404 2397 vel
2428 2341 2570 2412 quod
2590 2340 2658 2396 ab
2679 2356 2746 2396 eo
2772 2355 3030 2396 amemur.
3077 2340 3503 2412 Unumquodque
3527 2343 3670 2396 enim

2090 2447 2276 2487 eorum
2309 2447 2406 2502 per
2447 2447 2508 2486 se
2555 2440 2734 2502 potest
2777 2431 2832 2486 in
2881 2431 3036 2487 nobis
3083 2446 3320 2486 amorem
3365 2446 3669 2502 procreare.

2091 2526 2204 2581 Etsi
2232 2525 2377 2581 enim
2399 2525 2602 2580 nullum
2629 2525 2943 2581 beneficium
2971 2525 3040 2580 ab
3078 2525 3256 2596 aliquo
3279 2527 3664 2596 acceperimus,

2093 2621 2268 2675 solum
2292 2629 2472 2674 autem
2503 2618 2804 2685 audiamus,
2825 2633 2946 2674 eum
2975 2633 3074 2676 nos
3101 2627 3357 2690 perpetuo
3377 2634 3590 2686 amare,
3618 2628 3676 2673 ut

2093 2714 2182 2784 qui
2210 2729 2310 2770 nos
2334 2713 2512 2769 laudet
2537 2722 2592 2768 et
2614 2713 2931 2777 admiretur,
2955 2712 3004 2767 ei
3034 2710 3314 2768 confestim
3338 2712 3676 2783 conglutina-

2095 2822 2234 2872 mur,
2265 2814 2320 2861 et
2347 2820 2466 2860 eum
2510 2813 2776 2874 tamquam
2826 2803 3221 2860 benefactorem
3264 2803 3578 2874 diligimus:
3621 2805 3674 2858 in

2096 2897 2206 2953 Deo
2233 2898 2411 2952 autem
2442 2911 2546 2952 non
2575 2897 2676 2952 hoc
2698 2897 2892 2963 solum,
2923 2896 3018 2951 sed
3041 2895 3156 2951 haec
3183 2896 3345 2951 etiam
3366 2896 3465 2951 tria
3494 2895 3676 2952 videre

2098 2990 2222 3046 licet
2253 2999 2420 3057 tanta,
2447 3000 2502 3046 et
2523 3000 2631 3044 tam
2672 2989 2896 3060 insignia
2917 3033 2934 3058 ,
2963 2998 3019 3044 ut
3042 2989 3185 3044 nulla
3210 3004 3272 3044 ea
3299 2989 3465 3058 possit
3505 2989 3679 3059 expli-

2097 3097 2220 3137 care
2246 3083 2437 3137 oratio.
2482 3082 2550 3136 Et
2575 3082 2802 3150 primum
2834 3079 3171 3151 pulchritudo
3209 3080 3347 3134 illius
3375 3079 3541 3134 beata:
3566 3121 3581 3147 ,
3626 3089 3680 3134 et

2098 3176 2166 3230 ab
2192 3175 2408 3231 interitu
2441 3175 2627 3230 aliena:
2648 3183 2871 3239 natura,
2901 3188 2988 3228 res
3011 3180 3094 3228 est
3109 3171 3350 3242 quaedam
3377 3170 3600 3235 infinita,
3627 3181 3683 3226 et

2099 3271 2242 3326 nulla
2261 3269 2466 3325 ratione
2487 3267 2802 3338 superabilis
2825 3268 2866 3333 ί,
2893 3282 3012 3336 qua:
3041 3280 3254 3320 omnem
3279 3263 3495 3319 excedit
3513 3263 3680 3317 ratio-

2100 3377 2244 3424 nem,
2276 3370 2332 3416 et
2356 3375 2568 3414 omnem
2599 3357 2784 3430 eﬂ'ugit
2817 3357 3210 3428 cogitationem.
3253 3354 3480 3423 Quando
3504 3364 3682 3409 autem

2103 3450 2548 3522 pulchritudinem
2569 3449 2856 3515 audiveris,
2884 3447 3016 3502 nihil
3035 3461 3351 3516 corporeum
3375 3446 3686 3517 suspiceris,

2102 3563 2136 3601 ο
2156 3545 2366 3607 dilecte,
2397 3543 2490 3598 sed
2519 3543 2738 3613 gloriam
2760 3540 3044 3611 quamdam
3073 3541 3468 3610 incorpoream,
3494 3548 3546 3594 et
3568 3553 3682 3592 mav-

2102 3640 2459 3714 gnilieentiam
2491 3636 2828 3693 ineffabilem.

2173 3734 2228 3788 4.
2275 3731 2424 3786 Hane
2463 3731 2641 3799 itaque
2681 3729 2959 3784 declarans
2997 3726 3256 3798 propheta
3305 3724 3514 3780 dicebat
3556 3739 3569 3776 :
3621 3721 3688 3780 Et

2044 3851 2047 3853 ·
2107 3823 2379 3893 Seraphim
2421 3822 2617 3877 stabant
2663 3821 2718 3874 in
2757 3820 2968 3874 circuitu
2992 3820 3100 3890 ejus
3123 3859 3138 3884 ,
3187 3827 3232 3872 et
3269 3816 3462 3870 duabus
3487 3816 3688 3884 quidem

2107 3916 2284 3986 pennis
2303 3914 2496 3968 vultum
2524 3912 2752 3983 tegebant
2774 3951 2790 3975 ,
2841 3911 3035 3964 duabus
3073 3925 3186 3963 vero
3232 3907 3458 3980 tegebant
3500 3907 3686 3976 pedes,

2107 4003 2306 4059 duabus
2329 4015 2497 4058 autem
2517 4002 2748 4057 volabant
2768 4011 2815 4056 et
2840 3999 3146 4064 clamabant,
3176 3999 3417 4061 Sanctus,
3443 3996 3686 4057 Sanctus,

2109 4097 2330 4154 Sanctus
2357 4094 2509 4167 (ικαὶ.
2541 4097 2593 4150 6.
2620 4093 2675 4148 2.
2703 4092 2758 4167 3)
2779 4134 2796 4160 ,
2837 4109 2902 4149 ex
2942 4105 3156 4162 stupore
3176 4133 3192 4155 ,
3222 4106 3286 4144 ex
3317 4087 3694 4154 admiratione,

2110 4207 2175 4246 ex
2206 4189 2299 4244 illo
2325 4189 2538 4251 decore,
2569 4202 2634 4241 ex
2655 4186 2840 4256 gloria.
2874 4185 2940 4238 Et
2967 4197 3149 4238 rursus
3179 4179 3346 4235 David
3364 4194 3484 4234 cum
3513 4190 3693 4235 mente

2110 4277 2548 4350 apprehendisset
2591 4275 2729 4331 hanc
2756 4275 2924 4345 ipsam
2953 4273 3122 4328 beata:
3165 4271 3304 4326 illius
3334 4279 3536 4324 natura:
3572 4270 3693 4339 pul-

2111 4373 2486 4437 chritudinem,
2507 4379 2560 4425 et
2578 4369 2800 4441 gloriam
2830 4366 3206 4437 obstupuisset,
3236 4362 3446 4418 dicebat
3470 4379 3483 4416 :
3507 4362 3695 4416 Acciu-

2112 4482 2226 4537 σπι
2258 4464 2429 4536 gladio
2460 4474 2544 4517 tuo
2568 4477 2721 4530 super
2744 4461 2907 4530 femur
2937 4468 3102 4522 tuum,
3143 4455 3503 4526 potentissime,
3531 4455 3697 4522 specie

2115 4569 2199 4611 tua
2237 4566 2284 4610 et
2330 4552 2705 4626 pulchritudine
2731 4560 2820 4604 tua
2863 4548 3034 4622 (Psal.
3064 4548 3152 4603 44.
3197 4547 3251 4602 ι.
3281 4546 3360 4616 5).
3403 4545 3698 4614 Propterea

2113 4648 2289 4704 Moses
2315 4647 2461 4702 illum
2487 4660 2630 4714 saepe
2656 4642 2902 4713 cupiebat
2927 4639 3128 4704 videre,
3158 4638 3260 4692 hoc
3275 4651 3458 4691 amore
3485 4634 3696 4690 saucia-

2117 4749 2219 4806 tus,
2248 4749 2300 4794 et
2331 4739 2472 4793 illam
2497 4749 2683 4791 amans
2705 4735 2926 4806 gloriam
2954 4730 3149 4802 (Exod.
3175 4731 3264 4784 35.
3297 4729 3404 4798 13).
3435 4725 3701 4794 Quocirca

2115 4833 2326 4888 dicebat
2366 4845 2576 4900 quoque
2607 4827 2883 4896 Philippus
2915 4841 2928 4878 :
2964 4821 3188 4878 Ostende
3217 4821 3359 4874 nobis
3391 4817 3620 4879 Patrem,
3655 4829 3700 4870 et

2115 4926 2294 4998 sapic-it
2336 4924 2477 4977 nobis
2517 4920 2697 4995 (Joan.
2743 4918 2832 4972 M.
2859 4917 2939 4986 5).
2987 4913 3085 4969 Vel
3125 4912 3302 4983 potius
3349 4923 3702 4980 quacumque

2116 5020 2408 5075 dixerimus
2426 5057 2440 5080 ,
2467 5031 2535 5069 ne
2563 5024 2783 5084 parvum
2808 5008 3020 5080 quidem
3046 5047 3062 5071 ,
3093 5005 3204 5059 imo
3230 5018 3299 5058 ne
3320 4999 3459 5057 exile
3483 5000 3700 5068 quidem

2118 5110 2395 5181 vestigium
2447 5107 2588 5161 illius
2632 5101 2844 5157 decoris
2883 5096 3177 5168 poterimus
3230 5094 3516 5163 explicare.
3593 5090 3703 5146 Sed

2114 5206 2200 5259 vis
2242 5199 2497 5258 beneficia
2541 5204 2918 5252 euumeremus
2945 5189 2972 5241 ?
3020 5187 3097 5242 Ne
3138 5200 3201 5240 ea
3245 5185 3457 5254 quidem
3502 5184 3703 5252 poterit

2117 5294 2288 5351 oratio
2308 5289 2582 5358 consequi.
2610 5286 2676 5340 Et
2697 5284 2818 5337 ideo
2841 5279 3051 5335 dicebat
3080 5277 3311 5333 Paulus:
3343 5273 3518 5328 Gratia
3535 5282 3701 5326 autem

2122 5387 2338 5442 Domino
2367 5390 2571 5454 propter
2599 5379 2787 5433 donum
2813 5375 2924 5446 ejus
2953 5368 3289 5426 inenarrabile
3331 5371 3349 5434 (
3375 5365 3431 5419 2.
3476 5363 3595 5419 Cor.
3643 5365 3698 5419 9.

2118 5480 2232 5550 i5).
2261 5480 2327 5535 Et
2351 5489 2536 5532 rursus
2564 5491 2577 5528 :
2611 5472 2738 5539 Qua:
2754 5469 2928 5523 oculus
2949 5483 3050 5520 non
3073 5465 3216 5528 vidit,
3245 5470 3292 5516 et
3314 5459 3454 5513 auris
3482 5476 3581 5512 non
3609 5475 3706 5512 au-

2183 5644 2199 5672 ι
2234 5649 2315 5689 me
2337 5648 2512 5693 voces,
2535 5641 2581 5686 et
2607 5632 2742 5685 nulla
2775 5633 2960 5683 ratione
2989 5622 3273 5690 superabitis
3291 5656 3308 5681 ,
3328 5620 3507 5670 desunt
3531 5619 3580 5668 in
3607 5631 3708 5670 uno

2113 5705 2289 5758 Codice
2311 5700 2435 5764 apud
2458 5698 2598 5748 savii.
