4112 6214
413 327 518 384 {59

473 447 542 512 γ’.
568 437 782 506 Ἔξεστι
819 438 915 492 καὶ
949 435 1120 508 χωρὶς
1149 434 1330 505 φωνῆς
1355 433 1596 503 ψάλλειν,
1619 435 1718 504 τῆς
1748 432 1986 494 διανοίας

404 531 546 585 ἔνδον
575 528 831 600 ἡκούσης.
877 529 952 581 Οὐ
1005 525 1115 597 γάρ
1157 523 1462 597 ἀνθρώποις
1513 523 1808 594 ψάλλομεν,
1851 522 1985 577 ἀλλά

405 617 523 687 Θεῷ
550 616 626 686 τῷ
662 615 943 685 δυναμένῳ
968 614 1064 667 καὶ
1096 612 1320 684 καρδίας
1359 611 1606 675 ἀκοῦσαι,
1636 611 1729 665 καὶ
1783 611 1863 674 είς
1913 610 1984 664 τά

404 704 692 773 ἀπόρρητα
718 703 815 770 τῆς
853 701 1089 763 διανοίας
1143 698 1302 770 ἡμῶν
1357 698 1633 753 εἰσελθεῖν.
1665 699 1774 751 Καὶ
1809 697 1984 752 ταῦτα

404 789 613 852 Παῦλος
631 787 1048 858 ’ἐνδεικνύμενος
1069 787 1186 858 βοᾷ,
1215 786 1408 855 λέγων’
1439 787 1596 841 Αὐτὸ
1634 785 1700 839 τὸ
1743 785 1986 855 Πνεῦμα

402 878 754 946 ἐντυγχάνει
790 875 942 944 ὑπὲρ
959 875 1128 946 ἡμῶν
1157 874 1512 944 στεναγμοῖς
1540 873 1884 941 ἀλαλήτοις.
1920 875 1984 928 '0

399 963 473 1016 δὲ
493 963 764 1033 ’ἐρευνῶν
797 961 902 1026 τὰς
927 961 1192 1030 καρδίας,
1235 958 1357 1015 εἶδε
1379 963 1438 1015 τί
1464 961 1531 1015 τὸ
1558 963 1834 1031 φρόνημα
1877 961 1986 1015 τοῦ

404 1052 768 1119 Πνεύματος,
791 1049 876 1102 ὅτι
893 1050 1040 1104 κατὰ
1060 1050 1206 1104 Θεὸν
1229 1049 1579 1118 ἐντυγχάνει
1607 1050 1760 1116 ὑπὲρ
1783 1049 1986 1119 ἁγίων.

405 1136 577 1190 Τοῦτο
607 1137 668 1188 ’δὲ
692 1135 896 1204 ἔλεγεν,
949 1137 1048 1189 οὐκ
1089 1137 1274 1207 ἐπειδὴ
1332 1137 1398 1190 τὸ
1428 1135 1652 1206 Πνεῦμα
1680 1135 1985 1199 ἐστέναξεν,

405 1223 524 1276 ἀλλ’
547 1222 733 1292 ἐπειδὴ
761 1223 809 1274 οί
844 1225 1204 1292 πνευματικοὶ
1233 1224 1446 1294 ἄνδρες,
1501 1225 1550 1277 οί
1579 1223 1650 1276 τὰ
1677 1223 1986 1293 χαρίσματα

406 1307 500 1363 τοῦ
529 1309 840 1379 Πνεύματος
867 1309 1103 1380 ἔχοντες,
1137 1311 1279 1382 ὑπὲρ
1305 1311 1414 1363 τῶν
1438 1309 1665 1379 πλησίον
1687 1310 1984 1380 εὐχόμενοι,

405 1397 501 1449 καὶ
529 1396 626 1459 τάς
653 1396 932 1467 ἱκετηρίας
957 1397 1342 1468 ἀναφέροντες,
1378 1397 1514 1466 μετά
1533 1394 1875 1460 κατανύξεως
1895 1398 1986 1449 καὶ

408 1485 726 1556 στεναγμῶν
758 1486 920 1539 τοῦτο
948 1487 1182 1539 ἐποίουν.
1224 1484 1395 1538 Τοῦτο
1421 1486 1516 1538 καὶ
1539 1487 1700 1555 ἡμεῖς
1723 1485 1982 1556 ποιῶμεν,

407 1574 505 1627 καὶ
528 1573 648 1626 καθ’
677 1574 921 1644 ἑκάστην
961 1572 1176 1644 ἡμέραν
1209 1572 1621 1643 ἐντυγχάνωμεν
1645 1571 1724 1642 τῷ
1751 1571 1869 1642 Θεῷ
1895 1573 1985 1626 διά

406 1677 468 1714 τε
493 1660 722 1730 ψαλμῶν
749 1661 845 1714 καὶ
865 1661 1058 1730 εὐχῶν.
1097 1662 1212 1716 Ἰνα
1242 1660 1299 1714 δὲ
1341 1661 1414 1731 μὴ
1440 1661 1508 1714 τὰ
1560 1662 1780 1731 ῥήματα
1817 1661 1984 1730 μόνον

407 1747 825 1817 προσφέρωμεν,
857 1746 992 1800 ἀλλά
1022 1747 1122 1816 τὴν
1149 1746 1374 1815 δύναμιν
1393 1747 1570 1818 αὐτὴν
1590 1746 1827 1816 -είδῶμεν
1874 1747 1983 1802 τῶν

405 1834 638 1904 ῥήσεων»
659 1835 812 1904 φέρε,
835 1834 899 1886 τὸ
935 1833 1217 1904 προοίμιον
1254 1833 1384 1887 αὐτὸ
1411 1833 1506 1887 τοῦ
1535 1833 1754 1904 ψαλμοῦ
1785 1834 1864 1897 είς
1888 1834 1984 1904 μέο

401 1934 494 1972 σον
514 1918 836 1988 ἀγάγωμεν.
861 1919 926 1972 Τί
946 1915 1038 1973 οὖν
1057 1921 1173 1974 ἐστι
1195 1920 1259 1972 τὸ
1281 1920 1590 1992 προοίμιον;
1627 1919 1742 1974 Ὃν
1761 1920 1985 1988 τρόπον

395 2006 672 2061 ἐπιποθεῖ
686 2006 724 2072 ἠ
740 2006 966 2076 ἔλαφος
989 2007 1088 2060 ἐπὶ
1120 2006 1230 2072 τὰς
1262 2006 1458 2076 πηγὰς
1471 2005 1592 2060 τῶν
1612 2005 1868 2070 ὑδάτων,
1883 2007 1985 2061 οὔ-

396 2092 794 2158 τως-ἐπιποθεῖ
806 2093 845 2159 ἡ
867 2092 1037 2160 ψυχή
1060 2110 1180 2162 μου
1203 2077 1357 2160 πρὸς
1372 2093 1468 2158 σὲ,
1486 2096 1519 2147 ό
1546 2093 1713 2158 Θεός.
1733 2092 1983 2147 Τοιοῦτον

395 2179 505 2232 τῶν
542 2178 790 2249 ἐρώντων
816 2179 876 2230 τὸ
911 2178 1049 2243 ἔθος,
1079 2180 1154 2249 μὴ
1184 2178 1435 2249 κατέχειν
1485 2181 1610 2250 σιγῇ
1661 2179 1753 2233 τὸν
1784 2179 1980 2251 ἐρωτα,

398 2265 512 2318 ἀλλ’
530 2267 611 2328 είς
629 2267 756 2330 τοῦς
783 2265 1007 2336 πλησίον
1032 2267 1305 2336 ἐκφέρειν,
1327 2267 1421 2319 καὶ
1446 2265 1621 2334 λέγειν
1645 2266 1727 2320 ὅτι
1748 2266 1983 2335 φιλοῦσι.

399 2353 612 2422 (θερμὸν
654 2353 763 2423 γάρ
807 2370 860 2406 τι
908 2354 1142 2422 πρᾶγμα
1173 2353 1269 2422 τῆς
1319 2353 1539 2424 ἀγάπης
1577 2354 1610 2424 ή
1656 2352 1837 2422 φύσις,
1892 2355 1986 2407 καὶ

405 2441 532 2508 σιγῇ
583 2439 795 2505 στέγειν
847 2437 1016 2507 αὐτὴν
1072 2437 1170 2490 οὐκ
1220 2439 1289 2491 ἂν
1326 2439 1570 2508 ἀνέχοιτο
1610 2440 1643 2509 ἡ
1686 2439 1852 2509 ψυχή.
1885 2439 1986 2494 Διά

404 2525 565 2576 τοῦτο
591 2525 684 2577 καὶ
717 2524 925 2587 Παῦλος
963 2525 1116 2593 ἐλεγε
1146 2523 1446 2594 Κορινθίοις
1481 2526 1669 2594 φιλῶν·
1706 2525 1774 2578 Τὸ
1795 2527 1988 2596 στόμα

409 2609 580 2679 ἡμῶν
591 2609 819 2678 ἀνέῳγε
847 2609 996 2676 πρὸς
1023 2608 1198 2677 ὑμᾶς,
1225 2607 1552 2677 Κορίνθιοι·
1569 2610 1834 2674 τουτέστι,
1858 2611 1988 2662 Στέ-

409 2713 529 2766 γειν
559 2699 654 2751 καὶ
683 2700 806 2768 σιγῇ
838 2697 1086 2767 κατέχειν
1114 2697 1211 2767 τὴν
1237 2698 1455 2768 ἀγάπην
1485 2696 1546 2750 οὐ
1577 2696 1827 2767 δύναμαι,
1853 2697 1991 2752 ἀλλά

406 2785 499 2839 διὰ
539 2785 737 2848 παντὸς
775 2786 938 2854 ὑμᾶς,
988 2785 1083 2838 καὶ
1134 2783 1428 2854 πανταχοῦ,
1475 2785 1569 2837 καὶ
1612 2783 1707 2836 ἐπὶ
1737 2785 1836 2855 τῆς
1872 2785 1990 2838 δια-

405 2872 575 2934 νοίας.
612 2873 704 2924 καὶ
739 2872 832 2925 ἐπὶ
869 2872 973 2942 τῆς
1017 2871 1263 2942 γλώττης
1308 2871 1608 2942 περιφέρω.
1645 2871 1800 2925 Οὕτω
1843 2873 1938 2926 καὶ
1962 2873 1990 2925 δ

407 2961 676 3031 μακάριος
698 2952 854 3022 οὗτος
891 2959 1061 3028 φιλῶν
1088 2958 1179 3012 τὸν
1206 2958 1358 3022 Θεὸν,
1388 2959 1483 3012 καὶ
1511 2959 1796 3030 καιόμενος
1827 2959 1886 3011 ἐν
1910 2958 1989 3029 τῷ

403 3046 600 3117 φιλεῖν,
654 3047 755 3099 οὐκ
791 3046 1042 3116 ἀνέχεται
1077 3046 1252 3116 σιγᾷν,
1309 3044 1448 3098 άλλά
1475 3047 1604 3099 ποτέ
1653 3047 1755 3117 μέν
1801 3062 1984 3116 φησιν·

409 3136 519 3187 Ὃν
549 3134 769 3201 τρόπον
798 3131 1124 3200 ἐπιποθεῖή
1149 3133 1380 3201 ἔλαφος
1401 3133 1499 3186 ἐπὶ
1520 3132 1626 3199 τὰς
1645 3133 1842 3203 πηγὰς
1869 3134 1991 3190 τῶν

404 3223 660 3286 ὑδάτων,
682 3223 869 3288 οὕτως
891 3221 1165 3275 ἐπιποθεῖ
1193 3223 1231 3290 ἡ
1273 3222 1444 3292 ψυχή
1471 3241 1591 3294 μου
1644 3226 1794 3293 πρὸς
1823 3228 1916 3286 σὲ.
1954 3231 1987 3282 ὁ

409 3308 571 3372 θεόςο
588 3306 716 3360 ποτὲ
737 3307 815 3359 δέ’
833 3307 885 3358 Ὀ
911 3306 1076 3372 Θεὸς,
1097 3309 1130 3360 ὁ
1160 3309 1302 3373 Θεός
1309 3325 1451 3376 μου,
1473 3309 1621 3377 πρὸς
1640 3309 1716 3364 σὲ
1731 3312 1984 3380 ὀρθρίζω.

419 3396 711 3464 Ἐδίψησέ
737 3411 812 3449 σε
833 3397 871 3463 ἠ
901 3394 1070 3464 ψυχή
1102 3413 1244 3464 μου.
1278 3398 1359 3462 ὡς
1386 3395 1462 3466 γῆ
1500 3398 1718 3463 ἄϐατος
1748 3400 1848 3453 καὶ
1885 3401 1988 3454 ἄνη

405 3483 587 3550 νδρος
608 3483 706 3536 καὶ
740 3482 958 3550 ἕρημος
984 3494 1030 3535 α.
1054 3481 1214 3536 Οὕτω
1244 3484 1352 3554 γὰρ
1379 3484 1566 3555 ἕτερος
1593 3486 1700 3540 τῶν
1724 3487 1988 3558 ἑρμηνευ-

405 3570 510 3624 τῶν
544 3567 713 3624 εἶπεν.
757 3569 969 3640 Ἐπειδὴ
1015 3570 1122 3640 γὰρ
1147 3569 1288 3640 λόγῳ
1313 3573 1662 3642 παραστῆσαι
1690 3573 1782 3628 τὸν
1808 3575 1986 3645 ἔρωτα

403 3659 503 3712 οὐκ
525 3658 716 3730 ἰσχύει,
769 3658 1114 3728 περιέρχεται
1166 3659 1342 3729 ζητῶν
1381 3661 1702 3732 ὑπόδειγμα,
1761 3661 1847 3716 ἵνα
1879 3663 1986 3717 κᾶν

404 3746 544 3800 οὕτω
601 3746 661 3798 τὸ
711 3745 928 3815 φίλτρον
973 3749 1105 3814 ἡμῖν
1161 3747 1496 3816 ἐνδείξηται,
1545 3749 1638 3801 καὶ
1697 3753 1986 3816 κοινωνοὺς

409 3837 606 3908 ποιήσῃ
634 3835 728 3888 τοῦ
753 3835 972 3905 ἔρωτος.
1009 3833 1330 3906 Πειθώμεθα
1357 3836 1538 3890 τοίνυν
1563 3838 1734 3909 αὐτῷ,
1755 3840 1850 3893 καὶ
1883 3840 1986 3911 μά-

409 3923 590 3992 θωμεν
618 3922 786 3985 οὑτως
823 3923 974 3992 ἐρᾷν.

477 4010 586 4062 Καὶ
618 4015 690 4080 μη
730 4027 817 4080 μοι
847 4008 1053 4076 λεγέτω
1108 4025 1209 4072 τις⁹
1237 4011 1349 4062 Kal
1396 4010 1513 4073 πῶς
1555 4011 1787 4084 δύναμαι
1811 4013 1986 4082 φιλεῖν

404 4097 496 4152 τὸν
523 4099 655 4152 Θεὸν
680 4098 738 4151 δν
771 4097 831 4151 οὐ
875 4097 1096 4168 βλέπω;
1137 4099 1248 4152 Kal
1276 4097 1385 4169 γὰρ
1418 4099 1643 4164 πολλοὺς
1685 4103 1783 4171 οὐχ
1811 4102 1985 4173 ὁρῶν-

403 4204 496 4248 τες
554 4185 832 4256 φιλοῦμεν,
881 4180 993 4238 οἷον
1036 4186 1163 4248 τοὺς
1210 4187 1268 4238 ἐν
1301 4185 1579 4258 ἀποδημίᾳ
1613 4187 1797 4256 φίλους
1831 4189 1989 4252 ὄντας

407 4275 558 4346 ἡμῖν,
581 4274 612 4344 ἢ
638 4274 829 4335 παῖδας
852 4273 944 4326 καὶ
965 4272 1223 4342 πατέρας,
1247 4271 1280 4344 ἢ
1313 4276 1592 4342 συγγενεῖς
1613 4275 1706 4327 καὶ
1733 4273 1986 4338 οἰκείους·

407 4359 500 4417 καὶ
528 4361 678 4414 οὐδὲν
707 4361 914 4428 γίνεται
931 4359 1158 4430 κώλυμα
1187 4361 1250 4413 ἐκ
1277 4359 1369 4413 τοῦ
1401 4359 1476 4431 μὴ
1502 4361 1654 4430 ὐρᾷν,
1703 4359 1818 4413 ἀλλ’
1858 4362 1989 4417 αὐτὸ

403 4449 468 4520 δὴ
497 4448 653 4501 τοῦτο
675 4447 906 4519 μάλιστα
933 4446 1217 4500 ἐκκαίειτὸ
1245 4447 1484 4519 φίλτρον,
1508 4446 1658 4512 αὔξει
1688 4447 1780 4502 τὸν
1803 4448 1983 4504 πόθον.

405 4535 505 4588 Διά
520 4534 676 4589 τοῦτο
707 4535 802 4588 καὶ
832 4535 961 4606 περὶ
980 4534 1256 4598 Μωῦσέως
1288 4535 1458 4603 λέγων
1477 4537 1505 4588 ό
1523 4535 1753 4602 Παῦλος,
1782 4536 1863 4590 ὅτι
1890 4554 1989 4592 κα-

403 4607 651 4677 ταλιπὼν
669 4623 994 4692 θησαυροὺς,
1013 4624 1106 4676 καὶ
1135 4621 1380 4687 πλοῦτον,
1411 4624 1505 4677 καὶ
1530 4623 1800 4694 βασιλείας
1831 4642 1987 4696 περι-

407 4711 651 4776 φάνειαν,
680 4709 775 4763 καὶ
826 4710 924 4779 τὴν
953 4708 1118 4778 ἀλλην
1165 4709 1382 4765 ἃπασαν
1412 4709 1769 4782 λαμπρότητα
1797 4711 1894 4784 τὴν
1928 4716 1986 4768 ἐν

403 4798 684 4869 Αἰγύπτῳ,
716 4797 888 4860 εῖλετρ
929 4797 1064 4868 μετά
1091 4797 1199 4852 τῶν
1257 4799 1522 4852 Ἰουδαίων
1573 4801 1979 4871 κακουχεῖσθαυ

405 4885 526 4942 εἶτα
561 4889 656 4959 τὴν
688 4887 865 4941 αἰτίαν
890 4888 1036 4956 ἡμᾶς
1077 4886 1358 4953 διδάσκων,
1411 4888 1492 4940 ὃτι
1517 4887 1581 4959 δὴ
1602 4888 1773 4941 ταῦτα
1807 4889 1983 4943 πάντα

406 4977 576 5029 ἐποίει
598 4976 684 5029 διὰ
709 4976 799 5029 τὸν
829 4975 982 5039 Θεὸν,
1031 4975 1356 5046 προσέθηκε·
1411 4975 1522 5029 Τὸν
1566 4975 1677 5045 γὰρ
1729 4977 1985 5044 ἀόρατον

404 5064 486 5129 ὡς
515 5062 667 5132 ὀρῶν
710 5061 1026 5132 ἐκαρτέρει.
1065 5061 1174 5132 Οὐχ
1206 5063 1337 5133 ὁρᾷς
1368 5063 1460 5115 τὸν
1507 5063 1658 5124 Θεὸν,
1689 5062 1802 5116 ἀλλ’
1833 5062 1981 5136 [155]

403 5154 534 5223 ὁρᾷς
569 5153 637 5204 τὰ
653 5151 1124 5221 δημιουργήματα,
1159 5152 1289 5222 ὁρᾷς
1324 5150 1487 5204 αὐτοῦ
1513 5152 1582 5204 τὰ
1619 5151 1776 5221 ἔργα,
1820 5153 1984 5222 οὐρα-

405 5242 514 5300 νὸν,
543 5241 636 5294 καὶ
662 5240 787 5308 γῆν,
816 5239 909 5292 καὶ
944 5237 1228 5292 θάλατταν.
1277 5239 1336 5292 '0
1374 5238 1428 5292 δὲ
1453 5237 1644 5306 φιλῶν,
1675 5237 1776 5292 κᾶν
1823 5238 1982 5310 ἔργον

406 5327 488 5400 ιδῃ
517 5327 611 5381 τοῦ
646 5327 986 5398 φιλουμένου,
1016 5324 1118 5378 κᾶν
1145 5325 1414 5397 ὑπόδημα,
1463 5325 1566 5379 κᾶν
1587 5325 1820 5394 ἱμάτιον,
1877 5325 1983 5378 κᾶν

401 5415 579 5468 ὁτιοῦν
603 5416 811 5486 ἓτερον,
849 5411 1306 5482 διαθερμαίνεται.
1350 5412 1462 5482 Οὐχ
1505 5413 1638 5482 ὁρᾷς
1683 5411 1774 5464 τὸν
1827 5409 1980 5474 Θεὸν,

404 5503 517 5556 ἀλλ’
543 5505 674 5575 ὁρᾷς
697 5502 862 5557 αὐτοῦ
881 5501 1005 5564 τοῦς
1030 5499 1404 5564 οἱκέτας,τοῦς
1421 5499 1628 5568 φίλους,
1650 5499 1776 5562 τοὺς
1797 5498 1984 5567 ἁγίους

412 5740 422 5748 ο
465 5680 493 5710 ⁸
532 5675 696 5789 ’ίξςγῆ
723 5675 958 5732 ἄϐατος...
1007 5675 1198 5737 ἔρημος.
1243 5672 1364 5732 Quis
1385 5673 1638 5734 interpres
1662 5673 1729 5724 ila
1769 5673 1978 5724 verterit

412 5752 570 5789 mmora
597 5753 673 5789 ur.

409 5752 654 5801 Ignoramr
669 5785 673 5789 .

1529 313 1900 373 EVPOSITIO
1939 314 2008 370 IN
2039 311 2375 370 PSALMUM
2423 311 2559 367 XLI.

3561 311 3666 367 160

2089 430 2286 502 ἄνδρας
2337 431 2483 500 λέγω
2535 429 2630 483 καὶ
2680 428 2992 500 παρρησίαν
3024 428 3269 498 ἔχοντας.
3322 427 3670 500 Θεράπευσον

2087 520 2327 584 ἐκείνους
2341 519 2458 582 νῦν,
2491 520 2586 573 καὶ
2626 516 2770 582 ἔξεις
2787 517 2882 570 τοῦ
2911 517 3076 570 πόθου
3110 516 3462 588 παραμυθίαν
3485 518 3547 571 οῦ
3570 519 3670 589 τὴν

2083 608 2376 678 τυχοῦσαν.
2404 606 2514 660 Καὶ
2563 605 2671 676 γάρ
2701 606 2788 658 ἐπ’
2821 603 3142 675 ἀνθρώπων,
3169 605 3291 674 οὐχὶ
3333 605 3459 667 τοὺς
3486 605 3669 674 φίλους

2085 695 2244 766 ἡμῶν
2274 695 2453 766 μόνον,
2483 691 2618 747 ἀλλά
2643 693 2736 746 καὶ
2769 693 2893 756 τοὺς
2917 692 3008 745 ὑπ’
3062 691 3285 744 ἐκείνων
3317 691 3670 762 φιλουμένους

2087 782 2261 852 φιλεῖν
2283 781 2572 852 εἰώθαμεν.
2620 779 2738 833 Κᾶν
2788 781 2915 850 είπῃ
2940 797 3022 843 τις
3072 778 3182 832 τῶν
3218 779 3509 849 ἐρωμένων
3563 780 3670 834 τῶν

2083 869 2388 940 ἡμετέρων,
2417 868 2617 923 ὄτιΤὸν
2644 865 2791 919 δεῖνα
2820 865 2976 934 φιλῶ,
3037 865 3140 918 κᾶν
3167 864 3372 927 ἐκεῖνός
3416 881 3470 917 τι
3521 863 3670 934 πάθῃ

2086 956 2344 1026 χρηστὸν,
2405 953 2514 1021 ἐγὼ
2565 953 2665 1021 τῆς
2723 952 3040 1022 εὐεργεσίας
3095 951 3388 1005 ἀπολαύειν
3442 950 3668 1020 νομίζω·

2087 1042 2266 1096 πάντα
2290 1041 2550 1112 ποιοῦμεν
2589 1039 2683 1093 καὶ
2740 1039 3258 1110 πραγματευόμεθα,
3293 1039 3480 1109 ὥσπερ
3507 1037 3670 1093 αὐτὸν

2087 1129 2178 1182 τὸν
2217 1128 2486 1200 ἐρώμενον
2511 1128 2763 1198 ὁρῶντες,
2788 1127 2928 1180 οὕτω
2958 1128 3138 1186 πᾶσαν
3171 1127 3298 1196 περὶ
3327 1127 3530 1180 ἐκεῖνον
3553 1131 3671 1182 ἐπι·
3706 1157 3708 1160 ν

2086 1214 2363 1279 δείξασθαι
2399 1215 2653 1284 σπουδήν.
2709 1213 2927 1280 Ἔξεστι
2981 1213 3138 1266 τοῦτο
3160 1213 3253 1266 καὶ
3285 1213 3376 1266 ἐπὶ
3419 1213 3512 1266 τοῦ
3537 1215 3672 1284 Χριά
3703 1283 3708 1290 ’

2088 1301 2216 1354 στοῦ
2247 1301 2590 1372 κατορθῶσαι
2613 1299 2727 1354 νῦν.
2759 1295 2950 1362 Εἶπεν,
2979 1300 3057 1352 ὅτι
3084 1300 3222 1362 Τοῦς
3245 1300 3484 1370 πένητας
3511 1300 3670 1369 φιλῶο
3707 1312 3713 1360 ῖ

2070 1390 2188 1443 ’κᾶν
2221 1385 2365 1444 οῦτοί
2389 1409 2440 1444 τι
2467 1390 2711 1444 πάθωσιν
2728 1389 2950 1457 ἀγαθὸν,
2979 1388 3054 1451 ὼς
3080 1388 3241 1453 αὐτὸς
3268 1389 3670 1454 ἀπολελαυκὼς,

2085 1476 2257 1540 οῦτως
2308 1477 2608 1546 ἀποδίδωμι
2665 1477 2765 1546 τὴν
2814 1475 3070 1548 ἀμοιϐήν.
3128 1475 3315 1528 Πάντα
3361 1478 3674 1548 ποιήσωμεν

2086 1564 2226 1634 ὑπὲρ
2249 1565 2346 1634 τῆς
2379 1565 2458 1626 είς
2486 1563 2682 1626 αὐτοὺς
2731 1562 3044 1633 θεραπείας·
3089 1563 3291 1632 μᾶλλον
3325 1562 3382 1616 δὲ
3402 1564 3580 1618 πάντα
3607 1565 3674 1618 τὰ

2084 1651 2212 1704 ὄντα
2243 1649 2567 1720 κενώσωμεν
2600 1651 2680 1713 εἰς
2718 1649 2937 1713 αὐτοὺς,
2970 1649 3316 1714 πιστεύοντες
3342 1651 3430 1705 διὰ
3469 1649 3674 1704 τούτων

2083 1736 2173 1789 τὸν
2201 1736 2331 1790 Θεὸν
2353 1737 2590 1808 τρέφειν.
2625 1737 2750 1789 Ὅτι
2780 1737 2890 1806 γὰρ
2935 1736 3097 1800 αὐτὸς
3151 1737 3410 1809 τρέφεται
3465 1738 3672 1791 τούτων

2081 1824 2449 1895 τρεφομένων,
2467 1826 2695 1880 ἄκουσον
2714 1825 2808 1878 τοῦ
2833 1825 3068 1897 Χριστοῦ
3099 1826 3150 1878 τί
3183 1842 3336 1898 φησι’
3367 1825 3671 1880 Πεινῶντὰ

2078 1930 2155 1982 με
2181 1913 2288 1982 γὰρ
2313 1912 2519 1978 εἴδετε,
2574 1913 2730 1982 φησὶ,
2762 1914 2859 1966 καὶ
2889 1913 3196 1982 ἐθρέψατεο
3225 1913 3515 1983 διψῶντα,
3569 1916 3667 1967 καὶ

2081 1998 2420 2052 ἐποτίσατεο
2476 1999 2726 2068 γυμνὸν,
2757 2001 2852 2053 καὶ
2907 1999 3303 2068 περιεϐάλετε’
3346 2003 3441 2056 καὶ
3469 2001 3670 2064 πολλὰς

2085 2087 2215 2157 ἡμῖν
2243 2086 2441 2140 ἐδωκεν
2473 2086 2728 2158 ἀφορμὰς
2755 2087 2850 2140 τοῦ
2888 2087 3332 2158 παραμυθεῖσθαι
3384 2089 3475 2143 τὸν
3508 2090 3670 2143 πόθον

2085 2174 2174 2226 τὸν
2204 2173 2492 2244 ἡμέτερον.

2159 2263 2367 2326 Ἄλλως
2413 2263 2469 2315 δέ
2515 2261 2607 2316 τὸν
2639 2261 2818 2333 ἔρωτα
2861 2263 2953 2317 τὸν
2996 2265 3125 2334 παρ’
3157 2267 3290 2336 ἡμῖν
3331 2266 3456 2336 τρία
3496 2265 3669 2320 ταῦτα

2083 2354 2252 2405 ποιεῖν
2316 2351 2536 2420 εἴωθεν,
2602 2353 2636 2423 ἢ
2700 2351 2971 2422 εὐμορφία
3022 2351 3304 2422 σώματος,
3359 2353 3392 2422 ἢ
3448 2353 3668 2424 εὐεργε-

2087 2441 2208 2503 σίας
2263 2442 2519 2511 μέγεθος,
2566 2442 2600 2513 ἢ
2642 2441 2702 2496 τὸ
2750 2443 3016 2512 φιλεῖσθαι
3057 2446 3187 2514 παρ’
3223 2443 3410 2497 αὐτοῦ.
3451 2444 3668 2497 Τούτων

2085 2525 2193 2596 γὰρ
2260 2527 2488 2580 ἕκαστον
2539 2529 2670 2581 αὐτὸ
2728 2530 2848 2583 καθ’
2918 2531 3076 2584 ἐαυτὸ
3134 2531 3354 2585 δύναται
3419 2521 3668 2600 ἐμποιεῖν

2090 2611 2310 2681 φίλτρον
2333 2614 2484 2682 ἡμῖν.
2511 2615 2628 2667 Κᾶν
2644 2616 2750 2685 γὰρ
2777 2617 2940 2686 μηδὲν
2969 2611 3118 2686 ὦμεν
3146 2614 3206 2672 εὖ
3235 2619 3498 2682 παθόντες
3520 2619 3670 2682 παρά

2087 2714 2252 2762 τινος,
2283 2699 2567 2770 ἀκούωμεν
2585 2701 2663 2763 δὲ,
2685 2703 2765 2754 δτι
2792 2703 2962 2770 φιλῶν
2981 2706 3129 2774 ἡμᾶς
3149 2705 3403 2768 διατελεῖ,
3432 2707 3670 2758 ἐπαινῶν

2088 2785 2261 2855 ἡμᾶς,
2295 2786 2390 2839 καὶ
2435 2787 2726 2855 θαυμάζων
2747 2827 2763 2853 ,
2801 2787 3002 2850 εὐθέως
3027 2789 3176 2858 αὐτῷ
3227 2788 3668 2860 συγκολλὼμεθα,

2091 2873 2185 2926 καὶ
2219 2872 2519 2945 στέργομεν
2550 2874 2626 2937 ὼς
2657 2874 2968 2945 εὐεργέτην·
3019 2875 3111 2928 ἐπὶ
3155 2875 3250 2928 τοῦ
3302 2876 3436 2930 Θεοῦ
3467 2876 3523 2928 δέ
3550 2877 3672 2946 οὐχὶ

2088 2961 2261 3016 ταῦτα
2289 2963 2468 3032 μόνον,
2492 2961 2627 3016 ἀλλὰ
2660 2964 2754 3016 καὶ
2772 2962 2842 3016 τὰ
2868 2963 2993 3034 τρία
3019 2963 3192 3017 ταῦτα
3214 2963 3362 3017 ἐστιν
3393 2964 3520 3018 ίδείν
3551 2966 3670 3034 μεθ’

2090 3049 2398 3120 ὑπερϐολῆς
2423 3050 2726 3120 τοσαύτης,
2779 3050 2913 3121 ὅσην
2963 3050 3082 3104 οὐδὲ
3127 3049 3282 3120 λόγος
3325 3052 3670 3123 παραστῆσαι

2087 3137 2392 3207 δυνήσεται.
2437 3138 2548 3190 Kal
2585 3136 2801 3209 πρῶτον
2824 3177 2839 3200 ,
2889 3137 2951 3190 τὸ
2998 3137 3194 3201 κάλλος
3239 3138 3338 3210 τῆς
3395 3139 3672 3210 μακαρίας

2088 3225 2304 3294 ἐκείνης
2326 3224 2424 3276 καὶ
2471 3225 2749 3295 ἀκηράτου
2803 3223 3037 3294 φύσεως,
3075 3225 3155 3280 ὅτι
3192 3225 3470 3296 ἀμήχανον
3529 3227 3671 3280 οὓτω

2089 3312 2207 3376 πώς
2229 3313 2343 3365 ἐστι
2365 3313 2460 3366 καὶ
2486 3313 2696 3384 ἄμαχον
2719 3313 2770 3372 δ.
2803 3314 2896 3368 καὶ
2924 3313 3102 3367 πάντα
3137 3314 3462 3386 ὑπερδαῖνον
3489 3314 3667 3383 λόγον,

2088 3399 2182 3451 καὶ
2213 3400 2390 3453 πᾶσαν
2429 3398 2694 3468 ἐκφεῦγον
2726 3399 2982 3455 διάνοιαν.
3028 3401 3238 3466 Κάλλος
3265 3401 3322 3457 δὲ
3351 3404 3480 3457 ὅταν
3505 3403 3670 3457 ἀκού-

2089 3501 2208 3559 σῃς,
2255 3486 2420 3558 μηδὲν
2453 3487 2764 3557 σωματικὸν
2808 3488 3177 3564 ὑποπτεύσῃς,
3227 3489 3501 3562 άγαπτγτέ,
3531 3490 3668 3544 ἀλλὰ

2086 3571 2376 3644 ἀσώματόν
2426 3591 2546 3628 τινα
2599 3575 2755 3639 δόξαν
2811 3577 2904 3630 καὶ
2964 3577 3439 3650 μεγαλοπρέπειαν
3489 3579 3667 3650 ἄφρα-

2088 3678 2122 3714 σ
2123 3678 2232 3715 τον.

2155 3750 2446 3822 δ’.Ταύτην
2467 3747 2558 3806 οῦν
2579 3753 2608 3805 δ
2636 3753 2924 3826 προφήτης
2947 3753 3218 3824 ἐκφαίνων
3247 3755 3421 3823 ἔλεγεο
3452 3754 3563 3808 Kal
3595 3756 3667 3810 τὰ

2086 3841 2378 3908 Σεραςοεὶμ
2395 3840 2784 3906 είστήκειοναν
2813 3844 3017 3908 κύκλῳ
3044 3844 3250 3908 αὐτοῦ,
3284 3843 3384 3897 καί
3411 3843 3537 3908 ταῖς
3555 3844 3667 3911 μὲν

2085 3925 2228 3979 δυσί
2255 3927 2502 3993 πτέρυξι
2520 3927 2974 3980 κατεκάλυπτον
2987 3929 3055 3980 τό
3080 3929 3426 3995 πρόσωπον,
3454 3929 3585 3994 ταῖς
3597 3928 3666 3982 δὲ

2086 4011 2229 4065 δυσί
2246 4012 2696 4066 κατεκάλυπτον
2707 4011 2850 4076 τοὺς
2867 4012 3076 4077 πόδας,
3096 4012 3226 4080 ταῖς
3241 4013 3308 4066 δὲ
3323 4014 3506 4068 δυσίν
3519 4016 3659 4068 ἐπέ-

2086 4113 2282 4159 τοντο,
2312 4096 2410 4150 καὶ
2436 4095 2681 4162 ἔκραζον
2701 4109 2746 4160 ε,
2777 4097 2990 4164 Ἄγιος,
3015 4098 3200 4166 ἅγιος,
3229 4100 3415 4168 ἅγιος,
3439 4101 3546 4154 ἀπὸ
3562 4101 3663 4170 τῆς

2089 4181 2423 4253 ἐκπλήξεως,
2454 4181 2560 4236 ἀπὸ
2585 4181 2678 4236 τοῦ
2709 4181 3004 4252 θαύματος,
3033 4183 3140 4235 ἀπὸ
3187 4185 3288 4254 τῆς
3332 4186 3666 4254 εὐπρεπείας

2090 4268 2324 4340 ἐκείνης,
2385 4269 2492 4322 ἀπὸ
2519 4269 2617 4340 τῆς
2673 4269 2852 4340 δόξης.
2888 4269 2997 4322 Καὶ
3038 4269 3200 4323 πάλιν
3228 4272 3257 4323 ό
3297 4269 3458 4324 Δαυῒδ
3499 4287 3668 4324 κατα-

2089 4359 2288 4427 νοήσας
2320 4357 2450 4411 αὐτὸ
2481 4359 2638 4412 τοῦτο
2669 4357 2730 4411 τὸ
2770 4357 2984 4422 κάλλος,
3023 4359 3116 4411 καὶ
3153 4358 3251 4430 τὴν
3275 4356 3432 4424 δόξαν
3465 4358 3668 4413 ἐκπλα-

2089 4445 2206 4512 γεὶς
2251 4445 2344 4514 τῆς
2385 4444 2657 4516 μακαρίας
2689 4445 2904 4516 ἐκείνης
2939 4445 3174 4514 φύσεως,
3212 4445 3396 4515 ἐλεγεο
3426 4448 3666 4515 Περίζὶο-

2088 4546 2192 4586 σαι
2220 4532 2334 4600 τὴν
2345 4534 2778 4602 ρομςεαίανσου
2799 4533 2894 4586 ἐπὶ
2923 4533 3032 4586 τὸν
3045 4535 3241 4604 μηρόν
3268 4551 3402 4600 σου,
3421 4535 3662 4602 δυνατέ,

2087 4617 2162 4686 τῇ
2191 4618 2498 4688 ὡραιότητί
2517 4636 2635 4674 σου
2660 4621 2757 4673 καί
2776 4618 2856 4684 τῷ
2875 4620 3086 4674 κάλλει
3108 4636 3245 4675 σου.
3275 4621 3372 4675 Διὰ
3397 4621 3555 4676 τοῦτο
3573 4627 3664 4676 καὶ

2085 4709 2326 4778 Μωῦσῆς
2374 4710 2640 4780 ἐπεθύμει
2681 4709 2939 4774 πολλάκις
2974 4711 3136 4764 αὐτὸν
3173 4713 3321 4774 ἰδεῖν,
3350 4712 3426 4783 τῷ
3455 4712 3664 4784 φίλτρῳ

2083 4796 2311 4866 τρωθεὶς
2342 4795 2537 4865 τούτῳ,
2555 4797 2650 4850 καὶ
2661 4796 2761 4867 τῆς
2787 4796 2945 4867 δόξης
2964 4798 3178 4870 ἐκείνης
3197 4800 3358 4870 ἐρῶν.
3385 4801 3482 4854 Διά
3507 4801 3664 4854 τοῦτο

2086 4883 2180 4936 καὶ
2205 4883 2468 4947 Φίλιππος
2494 4883 2648 4952 ἔλεγε
2668 4900 2682 4914 ο
2715 4882 2926 4948 Δεῖξον
2953 4884 3099 4954 ἡμῖν
3133 4886 3241 4940 τὸν
3272 4887 3522 4955 Πατέρα,
3561 4888 3662 4940 καί

2089 4969 2241 5040 [156]
2271 4970 2442 5038 ἀρκεῖ
2479 4971 2646 5038 ἡμῖν.
2682 4971 2898 5024 Μᾶλλον
2927 4972 2984 5026 δέ
3017 4973 3117 5026 ὃσα
3153 4973 3220 5027 ἂν
3253 4976 3518 5044 εἴπωμεν,
3541 4973 3662 5025 οὐδὲ

2088 5057 2302 5128 μικρὸν,
2332 5057 2451 5109 οὐδὲ
2477 5057 2714 5128 ἀμυδρὸν
2727 5059 2870 5129 ῐχνος
2888 5077 2941 5114 τι
2963 5060 3063 5131 τῆς
3084 5061 3418 5132 εὐπρεπείας
3443 5059 3661 5128 ἐκείνης

2086 5143 2438 5215 παραστῆσαι
2471 5143 2832 5216 δυνησόμεθα.
2863 5147 3024 5201 Ἀλλά
3039 5147 3139 5210 τάς
3165 5145 3482 5217 εὐεργεσίας
3497 5144 3661 5215 βούλῃ

2084 5229 2496 5300 καταλέξωμεν;
2538 5231 2679 5286 Ἀλλ’
2726 5234 2846 5287 οὐδέ
2879 5233 3084 5295 ταύτας
3116 5232 3272 5299 λόγος
3309 5230 3660 5300 παραστῆσαι

2083 5315 2392 5386 δυνήσεται.
2423 5319 2520 5373 Διά
2544 5320 2702 5374 τοῦτο
2737 5324 2766 5374 ό
2794 5320 3006 5383 Παῦλος
3037 5319 3190 5385 ἐλεγε
3211 5334 3224 5348 ·
3273 5317 3451 5386 Χάρις
3479 5317 3548 5371 δὲ
3580 5317 3661 5387 τῷ

2083 5406 2280 5473 Κυρίῳ
2305 5406 2405 5459 ἐπὶ
2431 5407 2506 5475 τῇ
2533 5408 2938 5478 ἀνεκδιηγήτῳ
2971 5405 3158 5460 αὐτοῦ
3183 5405 3390 5474 δωρεᾷ.
3421 5408 3527 5461 Kal
3557 5409 3660 5464 πά-

2085 5491 2196 5546 λινο
2234 5495 2295 5548 Ἀ
2344 5494 2650 5564 ὀφθαλμὸς
2700 5497 2812 5548 οὐκ
2843 5489 2985 5556 εἶδε,
3012 5491 3108 5546 καί
3139 5488 3246 5561 οὖς
3267 5497 3376 5550 οὐκ
3402 5495 3656 5566 ἤκουσε,

2147 5667 2174 5706 Iv
2198 5670 2289 5717 Ka‘:
2310 5668 2494 5733 ᾇμαχον
2513 5668 2659 5733 ἀεεει
2689 5666 2738 5717 in
2758 5682 2854 5718 uno
2886 5671 2994 5720 cod.
3019 5671 3145 5733 apud
3178 5671 3326 5722 Savil.

2149 5735 2170 5762 ε
2195 5733 2247 5782 lu
2270 5730 2570 5780 editionibus
2600 5731 2696 5778 τῶν
2724 5733 2782 5780 0'
2802 5730 3148 5794 ἑπέταν-τοίκαὶ
3176 5735 3425 5799 ἐκέκραγεν
3451 5732 3651 5796 legitur.
