4064 6206
354 274 460 330 165
1083 269 1143 327 S.
1181 267 1460 327 JOANNIS
1491 266 1969 325 CHRYSOSTOM!
2003 268 2322 326 ARCHIEP.
2359 269 2897 329 CONSTANTINOP.
3517 277 3625 332 164

345 402 561 462 peccata
587 389 735 447 humi
762 387 1228 460 prostraverimus,
1249 387 1294 443 si
1317 383 1706 456 improbitatem
1728 397 1931 453 expur—

2044 396 2108 438 ca
2136 383 2402 452 patiamur
2427 395 2644 456 propter
2661 401 2784 441 eum
2809 402 2967 456 quem
2989 387 3230 459 diligunt.

343 487 671 557 gaverimus,
701 483 997 554 poterimus
1024 481 1292 551 respicere
1315 478 1384 534 ad
1403 474 1680 548 spirituale
1716 471 1934 530 deside-
1959 493 2017 504 -”
2107 474 2166 531 6.
2187 476 2446 545 Quocirca
2468 479 2660 533 Paulus
2680 494 2912 550 quoque,
2928 495 3049 535 cum
3071 492 3213 537 esset
3232 482 3286 537 in
3304 482 3626 553 quotidiani:

345 580 508 644 rium,
555 592 681 633 cum
725 589 915 646 magna
943 573 1106 628 animi
1135 572 1410 628 alacritate
1434 571 1600 624 Deum
1628 580 1842 632 vocare,
1879 573 1936 620 et

347 669 803 726 vehementiorem
826 682 1065 722 amorem
1081 665 1398 730 accendere,
1423 676 1522 717 nec
1539 659 1717 716 verbis
1735 659 1930 726 solum,

347 761 445 818 sed
471 761 632 816 etiam
662 759 814 816 factis
841 759 944 813 hoc
971 771 1288 827 responsum
1307 752 1605 808 succinere.
1646 751 1933 820 Propterea

347 858 492 909 enim
539 853 774 923 psalmos
818 851 970 906 nobis
999 849 1194 905 cecinit
1239 847 1327 902 ille
1369 845 1595 909 beatus,
1626 843 1713 899 vel
1759 844 1934 914 potius

346 944 516 1014 gratia
546 944 776 1013 Spiritus
799 981 816 1006 ,
868 956 972 995 non
1017 949 1075 994 ut
1098 939 1259 994 verba
1284 945 1488 991 tantum
1517 936 1791 1000 dicamus,
1836 934 1931 990 sed

348 1051 446 1092 eos
473 1034 628 1091 factis
651 1049 864 1104 quoque
895 1031 1232 1086 meditemur.
1281 1028 1357 1084 Ne
1393 1043 1522 1098 ergo
1567 1026 1842 1082 existimes
1883 1035 1936 1080 te

350 1135 627 1195 propterea
655 1124 759 1178 huc
780 1122 1006 1192 ingredi,
1037 1130 1096 1176 ut
1119 1121 1279 1175 verba
1315 1128 1518 1173 tantum
1547 1119 1693 1174 dicas
1711 1159 1726 1182 ,
1757 1117 1851 1172 sed
1877 1126 1938 1171 ut

347 1215 566 1286 quando
613 1214 884 1278 succinis,
935 1227 1252 1280 responsum
1301 1209 1429 1266 illud
1477 1219 1627 1280 pacta
1670 1221 1933 1264 conventa

349 1322 470 1362 esse
494 1307 788 1363 arbitreris.
814 1303 1037 1372 Quando
1051 1304 1198 1358 enim
1227 1301 1428 1358 dixeris
1455 1318 1469 1356 :
1499 1299 1936 1369 Quemadmodum

346 1399 600 1456 desiderat
629 1414 802 1453 ceruus
829 1398 898 1452 ad
925 1397 1088 1466 fontes
1112 1411 1381 1467 aquarum,
1403 1395 1476 1448 ita
1496 1393 1744 1447 desiderat
1764 1394 1938 1448 animo

348 1509 460 1547 mea
485 1493 554 1545 ad
576 1501 646 1556 te,
672 1491 813 1545 Deus
841 1505 860 1544 :
898 1505 1018 1544 cum
1046 1489 1157 1544 Deo
1201 1495 1408 1558 pactum
1449 1485 1646 1550 fecisti,
1677 1485 1938 1556 scripsisti

348 1585 707 1658 syngrapham
732 1585 934 1654 absque
959 1581 1145 1636 charta
1183 1590 1239 1635 et
1269 1585 1568 1634 atramento
1587 1619 1602 1645 ,
1635 1592 1766 1633 voce
1809 1592 1936 1645 pro-

351 1680 524 1734 fessus
567 1691 620 1734 te
659 1679 834 1748 ipsum
876 1677 1098 1746 diligere
1135 1676 1254 1745 plus
1291 1673 1572 1739 omnibus,
1619 1681 1675 1728 et
1714 1671 1847 1727 nihil
1886 1672 1937 1727 ei

352 1770 629 1842 praeferre,
657 1769 881 1838 ejusque
907 1782 1091 1822 amore
1117 1765 1326 1821 ardere.
1352 1765 1406 1821 Si
1430 1779 1560 1836 ergo
1591 1779 1838 1835 egressus
1863 1765 1937 1818 vi-

348 1862 496 1918 deris
527 1859 814 1916 formosam
850 1858 1082 1929 aliquam
1123 1865 1180 1912 et
1215 1855 1537 1927 impudicam
1577 1856 1852 1910 mulierem
1887 1864 1940 1910 te

353 1955 682 2008 inescantem
699 1991 716 2018 ,
751 1958 807 2006 et
834 1949 902 2004 ad
929 1951 1008 2004 sui
1040 1963 1277 2003 amorem
1306 1947 1659 2018 pellicientem
1681 1988 1698 2012 ,
1725 1946 1814 2002 dic
1837 1947 1886 2002 ei
1918 1963 1935 2000 :

352 2043 468 2100 Non
497 2057 716 2115 possum
745 2051 798 2096 te
833 2040 1016 2111 sequi,
1046 2055 1168 2094 cum
1197 2039 1306 2094 Deo
1335 2048 1547 2109 pactum
1569 2039 1690 2106 feci,
1719 2049 1775 2094 et
1799 2055 1938 2108 prac-

351 2139 592 2194 sentibus
615 2136 888 2200 fratribus,
913 2134 1300 2198 sacerdotibus,
1315 2133 1642 2198 doctoribus,
1666 2132 1940 2202 professus

349 2244 469 2285 sum
499 2238 554 2284 et
580 2228 799 2300 promisi
828 2243 922 2298 per
938 2241 1255 2297 reSponsun:
1283 2225 1440 2292 illud,
1482 2240 1570 2280 me
1597 2240 1718 2280 eum
1753 2225 1824 2280 ita
1855 2225 1940 2279 di-

353 2323 538 2394 ligere,
574 2321 1009 2388 Quemadmodum
1032 2319 1288 2374 desiderat
1313 2335 1490 2373 cervus
1509 2317 1583 2371 ad
1603 2321 1768 2386 fontes
1783 2335 1940 2388 aqua-

350 2431 486 2469 rum.
532 2413 731 2469 Vereor
759 2422 910 2482 pacta
949 2421 1205 2467 conventa
1233 2409 1564 2480 transgredi,
1606 2409 1751 2464 illum
1779 2425 1938 2466 unum

353 2507 610 2578 deinceps
633 2521 874 2560 antorem
900 2504 1149 2559 meditor.
1167 2503 1223 2560 Si
1246 2503 1438 2564 videris
1459 2510 1734 2573 argentum
1751 2502 1805 2556 in
1821 2501 1941 2558 foro

351 2602 512 2656 situm
534 2643 549 2665 ,
579 2609 670 2654 aut
697 2608 872 2654 vestes
895 2612 1116 2664 aureas,
1145 2597 1279 2652 alios
1314 2595 1547 2666 gloriose
1587 2595 1897 2651 incedentes
1919 2636 1936 2661 ,

351 2690 578 2759 stipatos
603 2686 828 2750 famulis,
860 2693 915 2739 et
942 2684 1198 2738 habentes
1221 2697 1388 2753 equos
1413 2681 1577 2738 frenis
1610 2682 1844 2746 auratis,
1873 2696 1942 2738 ne

354 2788 408 2834 te
433 2787 643 2834 moveat
670 2778 756 2831 illa
785 2777 1002 2848 pompa,
1028 2773 1124 2830 sed
1156 2773 1247 2828 tibi
1272 2788 1456 2828 rursus
1485 2783 1711 2839 cane,et
1735 2772 1942 2828 dictum

353 2875 544 2926 anima:
577 2888 590 2922 :
621 2869 787 2924 Paulo
815 2877 940 2922 ante
960 2867 1252 2922 cecinimus
1277 2905 1295 2932 ,
1343 2864 1781 2931 Quemadmodum
1803 2865 1941 2918 desi-

350 2968 499 3019 derat
530 2979 706 3017 cervus
750 2961 818 3014 ad
857 2965 1020 3030 fontes
1053 2975 1336 3027 aquarum,
1374 2959 1449 3012 ita
1489 2957 1737 3012 desiderat
1770 2957 1942 3010 anima

356 3073 468 3112 mea
493 3056 563 3109 ad
590 3065 656 3119 te,
686 3053 862 3116 Deus;
889 3061 943 3108 et
963 3051 1108 3122 quod
1135 3051 1390 3121 scriptum
1418 3057 1501 3104 est
1517 3049 1670 3104 nobis
1693 3046 1942 3103 attribui-

354 3162 496 3214 mus,
529 3147 688 3217 idque
712 3155 952 3200 nostrum
982 3158 1103 3200 esse
1125 3143 1368 3199 fecimus.
1392 3141 1532 3198 Nihil
1551 3157 1677 3212 ergo
1700 3155 1942 3196 amemus

351 3256 540 3296 eorum
569 3254 689 3309 qua:
717 3237 783 3291 ad
815 3237 950 3291 hanc
976 3236 1136 3289 vitam
1164 3235 1448 3304 pertinent,
1475 3240 1532 3286 ut
1552 3233 1642 3288 ille
1663 3247 1816 3286 amor
1841 3247 1941 3286 no-

354 3333 436 3386 bis
465 3344 626 3400 purus
655 3335 867 3382 maneat
891 3335 948 3380 et
969 3325 1194 3395 integer,
1222 3332 1278 3378 et
1300 3338 1368 3377 ne
1406 3322 1608 3376 divisus
1654 3322 1746 3376 fiat
1771 3321 1940 3377 imbe-

352 3425 542 3478 cillior.
568 3421 661 3477 lla:
687 3421 882 3476 divitia:
900 3433 1090 3474 omnes
1109 3417 1342 3481 divitias,
1368 3430 1580 3470 omnem
1608 3413 1940 3481 thesaurum,

353 3529 566 3570 omnem
589 3513 834 3585 gloriam.
863 3525 1078 3565 onmem
1098 3507 1565 3572 existimationem,
1592 3521 1806 3561 omnem
1827 3507 1946 3560 cla-

359 3607 570 3661 ritatem
619 3604 772 3659 nobis
818 3602 996 3672 largiri
1048 3607 1317 3670 poterunt.
1361 3598 1464 3652 Eas
1489 3597 1848 3661 obtineamus,
1889 3606 1944 3650 et

356 3697 500 3752 nulla
530 3711 590 3752 re
625 3695 726 3750 alia
756 3694 1052 3764 egebimus.
1081 3690 1139 3746 Si
1163 3689 1306 3745 enim
1337 3688 1425 3758 qui
1472 3687 1613 3758 turpi
1651 3701 1836 3741 amore
1865 3694 1947 3742 te-

355 3797 573 3848 nentur.
592 3797 646 3842 et
661 3786 887 3856 alicujus
905 3783 1111 3854 puellae.
1125 3796 1270 3851 same
1282 3780 1442 3836 etiam
1459 3777 1736 3844 deformis,
1753 3777 1944 3833 ardore

357 3880 716 3936 incenduntur
739 3919 754 3944 ,
787 3891 887 3932 nec
930 3883 1210 3945 parentum
1259 3872 1452 3934 minas,
1505 3885 1604 3926 nec
1649 3869 1942 3924 amicorum

355 3972 633 4036 convicia,
684 3983 785 4025 nec
829 3967 1057 4023 aliorum
1105 3964 1394 4020 multorum
1437 3962 1708 4033 quidpiam
1752 3970 1944 4016 curant

355 4063 850 4133 reprehensionem,
895 4059 990 4115 sed
1033 4058 1103 4114 ad
1149 4058 1295 4112 illam
1337 4065 1606 4127 tamquam
1631 4054 1698 4110 ad
1723 4067 1944 4123 scopum

357 4154 660 4218 tendentes,
691 4163 747 4209 et
772 4153 990 4208 domum
1013 4149 1333 4220 despiciunt,
1359 4158 1416 4204 et
1435 4157 1713 4218 paternam
1733 4145 1949 4202 heredi-

356 4255 519 4301 tatem
546 4288 562 4312 ,
611 4245 838 4315 gloriam
890 4251 949 4298 et
1006 4239 1489 4304 existimationem,
1546 4241 1947 4310 amicorumque

356 4337 757 4392 adhortationes
805 4339 1193 4397 contemnunt,
1234 4331 1564 4387 :rstimantes
1610 4345 1671 4386 se
1699 4345 1943 4402 magnam

357 4427 558 4482 habere
581 4426 724 4480 circa
752 4423 872 4480 haec
897 4425 1073 4479 omnia
1100 4423 1542 4488 consolationem,
1571 4423 1614 4478 si
1639 4422 1779 4493 apud
1806 4423 1947 4478 ami-

357 4532 477 4572 cam
511 4525 712 4571 tantum
743 4518 796 4572 in
841 4517 1012 4588 pretio
1038 4525 1096 4570 et
1121 4516 1328 4570 honore
1369 4511 1586 4581 fuerint,
1635 4514 1760 4570 licet
1800 4514 1944 4582 vilis,

358 4609 587 4674 famosa,
617 4616 677 4664 et
703 4622 1057 4679 quacumque
1084 4621 1146 4662 ea
1169 4605 1364 4660 fuerit:
1395 4605 1488 4675 qui
1516 4606 1681 4660 Deum
1703 4615 1762 4660 ut
1787 4621 1950 4676 opor-

361 4708 439 4755 tet
461 4701 708 4770 diligunt,
738 4699 1040 4756 sentientne
1061 4713 1310 4768 umquam
1332 4714 1453 4768 qua:
1478 4708 1604 4752 sunt
1623 4697 1764 4752 inter
1785 4698 1951 4754 homi-

362 4807 460 4850 nes
481 4801 576 4848 aut
602 4793 879 4862 prteclara,
907 4802 998 4846 aut
1018 4792 1280 4848 molesta?
1302 4790 1411 4846 Nec
1431 4793 1708 4861 praesentis
1731 4792 1948 4862 quidem

360 4887 483 4941 vita:
510 4900 757 4955 pompam
777 4883 1198 4954 apprehendent,
1231 4891 1290 4937 ut
1315 4883 1406 4953 qui
1432 4883 1500 4938 ad
1529 4883 1678 4938 illum
1707 4899 1946 4940 amorem

356 4978 673 5048 dirigantur,
703 4975 797 5030 sed
819 4991 1031 5030 omnem
1059 4975 1308 5030 ridebunt
1329 4976 1760 5045 prosperitatem,
1779 4983 1831 5031 et
1861 4991 1947 5030 res

354 5087 545 5127 omnes
573 5069 826 5126 adversas
851 5078 1198 5125 contemnent
1217 5109 1235 5132 ,
1273 5079 1330 5122 ut
1355 5070 1443 5139 qui
1474 5068 1582 5123 sint
1609 5069 1809 5138 alligati
1854 5068 1948 5123 Dei

357 5163 664 5226 desiderio,
695 5173 752 5217 et
794 5161 924 5216 nihil
951 5160 1096 5214 aliud
1135 5169 1359 5216 cernant
1404 5169 1759 5231 praeterquam
1802 5159 1947 5214 illum

362 5256 559 5322 solum,
588 5265 643 5312 et
669 5271 791 5312 cum
817 5269 1034 5324 semper
1061 5255 1328 5325 cogitent,
1373 5265 1428 5309 et
1460 5268 1520 5309 se
1559 5269 1680 5309 esse
1703 5253 1949 5310 onmihus

361 5345 625 5402 beatiores
663 5347 991 5403 existiment.
1050 5346 1199 5402 Licet
1239 5346 1293 5400 in
1333 5354 1685 5416 paupertate,
1729 5347 1854 5401 licet
1896 5347 1948 5400 in

365 5439 679 5506 ignominia,
709 5439 834 5496 licet
861 5440 914 5494 in
946 5441 1188 5506 vinculis,
1223 5440 1346 5495 licet
1374 5439 1427 5494 in
1456 5438 1850 5504 afﬂictionibus,
1878 5440 1947 5492 li-

363 5540 448 5585 cet
473 5533 578 5585 siut
599 5532 651 5586 in
673 5533 926 5587 extremis
947 5532 1100 5588 malis
1134 5550 1148 5586 :
1178 5533 1231 5586 in
1257 5531 1508 5586 omnibus
1531 5546 1648 5600 qua:
1678 5529 1952 5600 patiuntur

366 5623 749 5680 existimabunt
775 5641 834 5681 se
846 5625 1082 5680 melioris
1097 5641 1217 5680 esse
1233 5624 1572 5689 conditionis,
1592 5638 1750 5694 quam
1772 5638 1948 5693 reges,

362 5715 734 5774 admirabilem
763 5719 1047 5790 quamdam
1065 5717 1324 5774 habentes
1339 5717 1778 5786 consolationem,
1807 5719 1947 5790 quod

2041 567 2332 632 mortibus,
2361 570 2412 623 in
2439 570 2774 636 carceribus,
2803 571 2855 625 in
2885 570 3172 642 naufragiis
3191 615 3205 638 ,
3237 574 3290 628 in
3319 575 3619 630 solitudini-

2041 659 2173 722 bus,
2207 661 2258 714 in
2287 659 2512 732 flagellis
2533 703 2550 729 ,
2582 663 2634 717 in
2665 662 3135 718 innumerabilibus
3161 664 3278 721 aliis
3311 665 3616 736 suppliciis,

2040 749 2341 820 gaudebat,
2372 753 2670 809 exsultabat
2693 764 2746 808 et
2767 754 3097 824 gloriabatur
3141 755 3230 826 (2.
3263 754 3380 811 Cor.
3411 757 3498 812 ll.
3525 756 3624 813 25-

2040 840 2142 913 27)
2175 859 2189 897 :
2221 851 2276 896 et
2307 858 2446 896 nunc
2471 844 2684 914 quidem
2715 845 2924 899 dicebat
2956 864 2970 898 :
3002 845 3126 901 Non
3161 848 3326 902 solum
3368 859 3536 903 autem
3575 852 3625 904 in

2039 948 2130 1003 spe
2169 933 2345 1002 gloriae
2385 932 2513 999 Dei,
2556 935 2644 988 sed
2689 937 2838 989 etiam
2879 936 3156 1008 gloriamur
3191 939 3245 990 in
3282 939 3628 1009 nﬁlictionibus

2045 1023 2228 1093 (Rom.
2255 1024 2310 1080 5.
2342 1024 2397 1078 2.
2429 1026 2526 1095 3);
2553 1041 2696 1081 nunc
2725 1038 2902 1084 autem
2931 1043 3118 1084 rursus
3143 1045 3160 1084 :
3190 1027 3396 1084 Gaudeo
3424 1031 3476 1084 in
3506 1048 3620 1099 pas-

2039 1113 2284 1180 sionibus,
2307 1124 2359 1168 et
2382 1116 2632 1184 adimpleo
2654 1135 2770 1190 quia
2791 1119 2970 1174 desunt
2995 1121 3338 1192 afﬂictionibus
3362 1120 3549 1178 Christi
3575 1125 3628 1178 iu

2041 1221 2192 1262 carne
2220 1223 2331 1261 mea
2358 1207 2576 1278 (Coloss.
2609 1213 2660 1266 l.
2690 1211 2817 1284 24);
2842 1222 2897 1268 et
2920 1216 3141 1284 gratiam
3165 1230 3282 1270 eam
3312 1231 3423 1271 rem
3449 1228 3625 1286 vocat,

2042 1297 2113 1351 ita
2138 1300 2400 1355 confitens
2432 1310 2488 1355 et
2513 1301 2698 1358 dicens
2727 1321 2742 1360 :
2774 1302 2936 1358 Nobis
2967 1307 3038 1358 ita
3069 1307 3227 1376 gratis
3251 1323 3282 1361 a
3308 1306 3508 1362 Christo
3530 1312 3625 1364 ἀο-

2042 1399 2217 1444 uatum
2234 1401 2328 1458 est,
2357 1401 2413 1446 ut
2437 1410 2535 1448 non
2556 1395 2718 1449 solum
2731 1396 2788 1449 in
2806 1397 2970 1466 ipsum
2993 1398 3275 1466 credamus,
3298 1401 3387 1454 sed
3406 1402 3629 1454 utetiam

2045 1499 2138 1550 pro
2161 1483 2277 1552 ipso
2310 1485 2568 1556 patiamur
2595 1485 2869 1559 (Philipp.
2902 1490 2954 1544 1.
2985 1489 3114 1561 29).
3141 1491 3251 1548 Nos
3275 1508 3490 1564 quoque
3519 1504 3628 1548 stu-

2043 1572 2264 1629 desinus
2301 1590 2421 1632 esse
2461 1577 2650 1632 eodem
2692 1584 2872 1634 animo
2895 1622 2910 1646 ,
2941 1590 2996 1636 et
3023 1597 3208 1637 omnes
3235 1599 3355 1654 qua:
3393 1585 3630 1642 incidunt

2045 1666 2317 1722 molestias
2335 1709 2352 1732 ,
2379 1669 2590 1738 placide
2617 1681 2672 1726 et
2697 1672 2944 1730 lubenter
2971 1675 3222 1731 feramus.
3254 1676 3418 1734 Ferre
3449 1688 3629 1734 autem

2047 1759 2372 1826 poterimus,
2401 1760 2448 1815 si
2484 1759 2649 1816 Deum
2679 1763 2747 1817 ita
2771 1765 3162 1834 amaverimus,
3191 1775 3247 1820 ut
3271 1769 3470 1824 amavit
3507 1785 3630 1840 pro-

2046 1851 2226 1921 pbcta.
2251 1852 2368 1908 Non
2397 1855 2571 1910 solum
2597 1857 2740 1912 enim
2763 1873 2831 1914 ex
2861 1874 3120 1930 responso
3141 1861 3231 1916 illo
3255 1861 3370 1932 ejus
3392 1877 3630 1920 amorem

2046 1945 2228 2000 videre
2252 1961 2552 2014 possumus,
2576 1949 2667 2004 sed
2694 1951 2854 2005 etiam
2878 1967 2944 2006 ex
2967 1953 3046 2008 eis
3069 1969 3188 2023 qua!
3209 1965 3630 2025 consequuntur.

2045 2035 2178 2089 Cum
2221 2037 2367 2092 enim
2409 2037 2633 2094 dixisset
2663 2057 2677 2094 :
2707 2039 3145 2108 Quemadmodum
3183 2045 3434 2100 desiderat
3460 2063 3634 2102 cervus

2045 2127 2114 2181 ad
2133 2132 2300 2197 fontes
2314 2146 2581 2199 aquarum,
2607 2134 2680 2185 ita
2703 2133 2952 2188 desiderat
2971 2135 3142 2189 anima
3165 2153 3274 2191 utea
3298 2138 3367 2192 ad
3387 2147 3454 2202 te,
3476 2137 3631 2203 Deus,

2045 2220 2318 2290 subjuuxit
2340 2221 2521 2277 dicens
2546 2240 2559 2276 :
2581 2224 2636 2278 5.
2662 2224 2831 2278 Sitioit
2855 2226 3026 2279 anima
3049 2243 3159 2281 mea
3182 2230 3251 2282 ad
3269 2226 3434 2283 Deum
3453 2227 3635 2298 fortem

2046 2313 2211 2368 vivum
2240 2330 2259 2368 :
2279 2316 2484 2385 quando
2519 2316 2714 2370 vatiam
2751 2327 2795 2371 et
2831 2318 3084 2388 apparebo
3123 2329 3240 2374 ante
3277 2321 3459 2391 [aciem
3497 2319 3636 2376 Dei!

2046 2405 2162 2461 Non
2188 2405 2328 2462 dixit
2351 2424 2367 2462 :
2396 2407 2602 2462 Amavit
2626 2408 2810 2462 anima
2838 2424 2956 2466 mea
2984 2409 3152 2466 Deum
3177 2411 3354 2466 vivum
3377 2449 3394 2478 ,
3423 2427 3594 2482 neque
3616 2455 3630 2476 ,

2050 2497 2242 2552 Dilexit
2281 2500 2454 2553 anima
2502 2514 2621 2554 mea
2663 2500 2827 2554 Deum
2870 2498 3048 2555 vivum
3075 2517 3092 2556 :
3124 2500 3218 2556 sed
3245 2511 3304 2556 ut
3328 2503 3636 2559 ostenderet

2046 2586 2312 2655 allectum,
2346 2605 2582 2646 amorem
2624 2590 2766 2646 sitim
2799 2591 3031 2659 vocavit,
3062 2593 3220 2648 ambo
3251 2594 3404 2649 nobis
3427 2595 3635 2666 signifi-

2046 2695 2176 2738 cans
2192 2723 2209 2747 ,
2241 2691 2295 2736 et
2320 2683 2570 2738 ardorem
2595 2684 2798 2738 amoris
2815 2726 2832 2751 ,
2859 2694 2915 2739 et
2932 2685 3175 2755 ejusdem
3204 2689 3633 2757 perpetuitatem.

2047 2771 2507 2840 Quemadmodum
2534 2775 2676 2830 enim
2704 2775 2795 2845 qui
2825 2776 3038 2841 sitiunt,
3066 2793 3174 2832 non
3205 2776 3307 2832 hoc
3337 2777 3390 2832 in
3419 2792 3526 2832 uno
3550 2778 3638 2848 die

2048 2865 2340 2938 patiuntur,
2363 2874 2421 2920 et
2445 2865 2672 2932 duobus,
2704 2876 2760 2922 et
2781 2868 2974 2934 tribus,
3001 2869 3094 2924 sed
3136 2883 3230 2938 per
3257 2877 3419 2924 totam
3451 2870 3632 2932 vitam.

2048 2957 2117 3012 ad
2159 2954 2263 3011 hoc
2291 2971 2390 3012 nos
2413 2955 2640 3012 ducente
2663 2967 2851 3012 natura
2883 2975 2900 3012 :
2925 2959 3000 3013 ita
3025 2963 3187 3015 etiam
3217 2960 3403 3016 beatus
3432 2961 3519 3016 ille
3543 3003 3557 3026 ,
3586 2971 3639 3016 et

2047 3062 2236 3103 omnes
2263 3047 2455 3116 sancti,
2485 3063 2594 3102 non
2618 3064 2724 3102 uno
2749 3049 2921 3104 solum
2949 3049 3038 3105 die
3065 3049 3280 3105 fuerunt
3301 3053 3353 3106 in
3379 3067 3638 3122 compun-

2047 3141 2224 3196 ctione
2245 3180 2262 3205 ,
2293 3139 2432 3195 sicut
2454 3139 2608 3195 multi
2635 3140 2876 3196 homines
2895 3181 2916 3207 ,
2944 3157 3044 3197 nec
3073 3143 3280 3198 duobus
3297 3183 3314 3206 ,
3342 3158 3443 3200 nec
3469 3144 3638 3198 tribus

2047 3232 2189 3304 (hoc
2215 3232 2358 3288 enim
2383 3247 2492 3288 non
2518 3241 2660 3288 esset
2689 3233 3052 3304 mirandum),
3085 3234 3179 3290 sed
3207 3234 3422 3291 assidue
3449 3245 3503 3293 et
3529 3237 3638 3291 sin-

2047 3329 2184 3398 gulis
2221 3327 2410 3383 diebus
2443 3327 2690 3398 religiose
2717 3343 2899 3384 amare
2925 3329 3339 3398 perseverabant
3358 3371 3374 3392 ,
3401 3339 3458 3386 et
3482 3345 3636 3386 amo-

2048 3435 2161 3476 rem
2188 3420 2472 3492 augebant.
2502 3419 2655 3487 Quod
2685 3420 2900 3489 quidem
2937 3423 3052 3491 ipso
3087 3437 3300 3493 quoque
3335 3423 3638 3494 significans

2049 3511 2258 3566 dicebat
2289 3529 2302 3566 :
2333 3511 2504 3566 Sitivit
2545 3511 2718 3566 anima
2753 3528 2865 3566 mea
2901 3511 2970 3565 ad
3010 3511 3178 3568 Deum
3217 3516 3398 3585 fortem
3435 3515 3597 3568 vivum
3617 3555 3634 3580 ,

2047 3603 2204 3659 simul
2245 3613 2300 3658 et
2334 3618 2548 3658 causam
2577 3604 2764 3658 volens
2799 3603 2979 3660 dicere
3001 3646 3016 3671 ,
3045 3614 3103 3659 ut
3140 3620 3236 3676 per
3266 3615 3319 3661 te
3353 3606 3636 3671 ostendat,

2045 3695 2319 3766 quomodo
2347 3697 2467 3766 quis
2495 3695 2662 3751 Deum
2691 3699 2771 3752 sic
2793 3713 2978 3754 amare
3019 3700 3206 3767 possit.
3238 3699 3347 3755 Hoc
3371 3700 3511 3754 enim
3542 3701 3638 3754 de-

2047 3787 2268 3842 claravit
2293 3803 2387 3856 per
2409 3802 2472 3841 ea
2495 3803 2615 3858 qua:
2640 3798 2955 3859 sequuntur,
2984 3805 3104 3844 cum
3130 3789 3265 3846 dixit
3291 3809 3303 3844 :
3333 3791 3505 3847 Sitivit
3529 3793 3641 3844 ani-

2049 3897 2135 3934 ma
2163 3897 2275 3934 utea
2298 3880 2366 3933 ad
2393 3879 2560 3934 Deum
2579 3923 2596 3946 ,
2624 3891 2679 3936 et
2705 3881 2974 3952 subjungit
3012 3882 3187 3938 Vivum
3207 3900 3228 3936 :
3253 3883 3639 3955 propemodum

2049 3971 2280 4026 suadens
2301 3981 2358 4026 et
2385 3971 2684 4028 vociferans
2715 3973 2964 4030 omnibus
2997 3975 3086 4044 qui
3135 3976 3294 4030 rebus
3335 3975 3492 4045 hujus
3515 3977 3640 4031 vita:

2051 4059 2260 4115 inhiant
2285 4078 2300 4116 :
2323 4061 2460 4129 Quid
2486 4061 2539 4116 in
2563 4077 2786 4133 corpora
2815 4063 3091 4120 insanitis?
3110 4063 3234 4133 quid
3258 4079 3482 4134 corpora
3501 4081 3642 4121 ama-

2053 4151 2160 4206 tis?
2187 4150 2312 4221 quid
2352 4152 2576 4222 gloriam
2603 4152 2962 4210 desideratis?
2984 4152 3109 4224 quid
3139 4154 3516 4223 concupiscitis
3543 4174 3641 4212 vo-

2055 4242 2344 4313 luptatem?
2388 4243 2528 4300 Nihil
2561 4259 2748 4301 eorum
2785 4253 2964 4300 manet
2989 4255 3042 4299 ct
3066 4244 3194 4298 vivit
3221 4246 3510 4316 perpetuo,
3544 4235 3640 4304 sed

2051 4335 2242 4392 difﬂuit
2269 4345 2323 4392 et
2349 4337 2612 4407 praeterit,
2640 4347 2695 4392 et
2719 4345 2804 4392 est
2831 4338 3016 4393 umbra
3043 4337 3248 4393 inanius
3265 4378 3280 4405 ,
3311 4341 3640 4412 somniisqoo

2053 4427 2294 4487 fallacius
2317 4470 2333 4495 ,
2365 4443 2428 4483 ac
2451 4429 2608 4483 citius
2634 4444 2791 4498 quam
2821 4429 2970 4483 verni
3011 4429 3170 4486 flores
3198 4432 3558 4502 corrumpitur
3587 4445 3642 4489 ct

2053 4518 2253 4574 interit.
2283 4518 2475 4584 Quidni
2505 4519 2646 4574 enim
2675 4519 2832 4573 citius
2857 4519 3128 4589 corrumpi
3165 4520 3338 4576 dicam
3377 4532 3431 4578 et
3469 4523 3642 4578 inter-

2054 4609 2167 4676 ire,
2194 4625 2316 4665 cutu
2343 4609 2448 4664 alia
2476 4609 2690 4681 quidem
2730 4624 2830 4664 nos
2868 4610 3170 4680 relinquant
3196 4613 3356 4668 simul
3383 4628 3502 4668 cum
3536 4615 3640 4668 vita

2054 4699 2324 4770 prtesenti,
2341 4699 2448 4754 alia
2469 4700 2628 4754 etiam
2654 4709 2778 4756 ante
2797 4701 3195 4758 dissolvantur?
3221 4702 3422 4760 Incerta
3441 4715 3524 4760 est
3551 4721 3644 4761 co-

2054 4807 2172 4847 rum
2203 4791 2492 4861 possessio,
2527 4791 2789 4848 instabilis
2813 4808 2998 4849 eorum
3029 4810 3156 4851 usus
3179 4804 3235 4852 et
3259 4797 3454 4865 fruitio,
3483 4800 3642 4854 velox

2051 4892 2137 4937 est
2162 4882 2385 4937 mutatio
2412 4899 2426 4936 :
2454 4883 2508 4937 in
2535 4883 2646 4954 Dleo
2670 4895 2847 4940 autem
2873 4886 3001 4940 nihil
3027 4895 3111 4941 est
3133 4887 3414 4957 ejusmodi,
3439 4890 3534 4945 sed
3567 4893 3644 4945 vi-

2051 4975 2130 5030 vit
2151 4975 2366 5046 quidem
2397 4983 2455 5030 et
2481 4985 2661 5032 manet
2684 4988 2942 5047 perpetuo
2964 5019 2980 5042 ,
3017 4979 3214 5035 nullam
3257 4983 3602 5038 mutationem
3630 5025 3643 5045 ,

2056 5082 2156 5123 nec
2191 5066 2353 5121 ullam
2393 5069 2795 5123 conversionem
2837 5069 3152 5141 suscipiens.
3183 5071 3405 5128 Caducis
3430 5088 3559 5144 ergo
3589 5084 3644 5128 et

2055 5159 2442 5214 momentaneis
2467 5158 2666 5214 relictis
2685 5201 2701 5225 ,
2729 5175 2850 5215 eum
2877 5161 2966 5230 qui
2996 5171 3080 5217 est
3107 5172 3339 5218 :eternus
3365 5176 3418 5219 et
3445 5179 3642 5236 perpe-

2055 5261 2177 5308 tuus
2203 5267 2463 5308 amemus.
2495 5251 2676 5324 Neque
2703 5255 2844 5308 enim
2877 5252 2989 5309 fieri
3028 5264 3236 5324 potest,
3268 5265 3325 5311 ut
3361 5257 3448 5328 qui
3492 5259 3641 5314 illum

2054 5353 2218 5411 amat,
2249 5343 2453 5414 pudore
2481 5359 2730 5412 umquam
2760 5345 3060 5401 afficiatur:
3091 5345 3204 5402 fieri
3239 5363 3343 5402 non
3384 5355 3560 5417 potest
3591 5359 3644 5405 ut

2055 5439 2124 5494 ab
2148 5454 2214 5495 eo
2239 5438 2448 5494 excidat
2475 5456 2487 5491 :
2517 5440 2629 5494 fieri
2658 5454 2764 5495 non
2798 5451 2972 5510 potest
2995 5452 3054 5497 ut
3075 5457 3142 5497 eo
3165 5459 3320 5514 quem
3347 5455 3513 5512 amat,
3545 5449 3647 5504 (le--

2057 5531 2330 5586 stituatur.
2357 5529 2457 5600 Qui
2481 5539 2626 5587 amat
2650 5534 2904 5603 pecunias
2925 5577 2942 5599 ,
2967 5535 3052 5590 vel
3089 5545 3260 5590 morte
3285 5534 3601 5591 adveniente
3621 5576 3640 5601 ,

2059 5625 2142 5679 vel
2168 5624 2330 5680 etiam
2357 5633 2484 5680 ante
2509 5637 2738 5682 mortem
2767 5627 2998 5682 nudatur
3027 5628 3090 5682 iis
3115 5643 3235 5696 quae
3257 5626 3544 5682 desiderat.
3575 5628 3636 5682 Ei

2059 5727 2272 5783 quoque
2305 5718 2395 5790 qui
2439 5728 2752 5790 praesentem
2777 5729 2920 5775 amat
2956 5718 3206 5788 gloriam,
3237 5719 3466 5790 idipsutn
3498 5733 3643 5790 ωερε

4003 4747 4042 4848 ἓ
