4112 6214
392 179 500 236 165

389 287 600 346 accidit.
631 286 922 357 Corporum
965 297 1140 341 autem
1189 283 1524 358 pulchritudo
1551 297 1692 352 sepe
1723 283 1786 336 iis
1812 324 1824 346 ,
1854 297 1974 350 qua!

393 379 640 451 praedicta
684 391 847 446 sunt,
887 379 1055 434 multo
1097 379 1252 436 citius
1293 376 1686 448 exstinguitur:
1718 385 1772 432 et
1800 375 1974 430 omnia

391 488 510 544 qum
541 471 607 527 ad
637 471 771 528 hane
796 471 956 526 vitam
976 511 992 540 ,
1018 479 1076 526 ut
1103 471 1270 524 semel
1297 469 1466 524 dicant
1487 510 1500 533 ,
1530 468 1824 538 pertinent,
1853 476 1978 523 sunt

391 565 588 620 caduca
617 575 670 619 et
701 575 1088 627 momentanea,
1116 577 1179 617 ac
1205 562 1508 632 priusquam
1536 559 1712 618 adsint
1731 569 1786 618 et
1816 574 1977 630 appa-

391 667 572 720 reant,
621 657 859 726 pretinus
897 657 1160 716 resiliunt.
1207 655 1567 726 Spiritualium
1610 663 1785 710 autem
1825 668 1977 712 amor

393 758 576 808 contra
605 763 663 804 se
693 748 871 812 habet,
902 747 1113 806 assidue
1142 747 1285 818 viget
1307 755 1360 802 et
1389 746 1556 811 ﬂoret,
1589 760 1692 800 non
1721 745 1867 798 novit
1892 759 1976 800 se-

392 841 575 903 nium,
608 854 716 896 non
753 838 973 908 suscipit
1009 846 1323 896 vetustatem
1345 879 1359 903 ,
1392 851 1492 892 nec
1529 836 1619 892 ulli
1661 835 1974 899 mutationi,

391 930 766 995 conversioni,
795 939 849 986 et
889 930 1194 1000 ignorantia:
1240 929 1533 984 futurorum
1567 937 1650 982 est
1678 928 1975 991 obnoxius;

397 1021 487 1074 sed
528 1020 615 1074 hic
653 1019 810 1074 etiam
843 1019 996 1085 juvat
1026 1034 1119 1074 eos
1157 1019 1243 1088 qui
1283 1018 1591 1088 possident,
1623 1030 1717 1070 eos
1748 1015 1979 1084 undique

395 1109 555 1164 Vallat
579 1149 593 1174 ,
617 1123 812 1178 eosque
836 1110 924 1180 qui
958 1123 1024 1164 ex
1067 1109 1173 1162 vita
1203 1108 1560 1168 excesserint.
1590 1121 1695 1160 non
1726 1105 1974 1167 dimittit,

394 1199 490 1256 sed
519 1215 620 1254 una
649 1215 766 1254 cum
795 1200 897 1258 illis
924 1199 1309 1270 peregrinatur,
1339 1207 1393 1254 et
1423 1212 1526 1252 una
1553 1211 1674 1252 cum
1705 1195 1805 1250 illis
1833 1210 1977 1250 rere-

394 1292 502 1356 dit,
534 1301 586 1347 et
614 1293 740 1364 ipsis
764 1291 1110 1347 luminaribus
1135 1306 1230 1348 eos
1260 1290 1435 1348 reddit
1476 1290 1566 1342 illo
1593 1289 1678 1342 die
1703 1288 1972 1344 clariores.

392 1383 526 1452 Quae
573 1383 784 1452 quidem
831 1384 1008 1438 sciens
1049 1397 1261 1453 quoque
1310 1381 1497 1436 beatus
1543 1379 1742 1442 David,
1789 1379 1836 1434 in
1881 1379 1972 1433 Dei

391 1488 580 1532 amore
611 1473 972 1546 perseveravit
991 1514 1006 1533 ,
1036 1485 1377 1537 amoremque
1406 1470 1544 1526 intus
1562 1469 1837 1524 continere
1868 1484 1973 1523 non

396 1565 677 1631 sustinuit,
709 1565 801 1620 sed
827 1563 1162 1622 audientibus
1187 1563 1329 1616 omni
1359 1563 1560 1616 ratione
1589 1561 1760 1630 ignem
1790 1571 1972 1620 osten-

398 1655 524 1709 dere
543 1654 832 1718 contendit,
856 1670 962 1726 quo
983 1655 1122 1707 intus
1143 1653 1379 1710 ardebat.
1405 1651 1535 1706 Cum
1557 1652 1697 1706 enim
1719 1651 1970 1707 dixisset:

396 1745 563 1800 Sitieit
591 1745 760 1798 anima
798 1761 905 1797 mea
933 1744 1002 1798 ad
1031 1741 1194 1796 Deam
1219 1746 1397 1813 fortem
1423 1743 1588 1796 cirum
1613 1783 1626 1804 ,
1656 1741 1928 1811 subjunxit
1951 1758 1968 1796 :

393 1833 610 1900 Quando
637 1835 828 1888 veniam
855 1843 902 1888 et
927 1834 1182 1902 apparebo
1206 1844 1322 1888 ante
1344 1833 1524 1902 [aciem
1558 1831 1648 1885 Dei
1670 1833 1696 1886 Ρ
1724 1833 1852 1888 Vide
1879 1849 1970 1887 ar-

385 1924 595 1980 dentem
624 1924 912 1992 hominem,
943 1925 1062 1982 vide
1095 1925 1501 1980 inﬂammatum.
1530 1924 1715 1978 Sciens
1744 1925 1882 1980 enim
1914 1939 1973 1980 se

385 2033 505 2072 cum
535 2017 655 2074 hinc
681 2019 985 2083 recesserit,
1015 2033 1136 2074 eum
1166 2034 1286 2072 esse
1320 2019 1577 2080 visurum,
1610 2033 1676 2072 ne
1700 2028 1972 2088 eXSpeetat

382 2109 599 2179 quidem
635 2109 947 2168 dilationem
977 2125 991 2164 :
1023 2124 1334 2180 morumque
1363 2124 1466 2166 non
1513 2109 1733 2176 patitur,
1761 2107 1854 2164 sed
1889 2110 1973 2166 ltic

385 2201 538 2258 nobis
566 2201 806 2270 spiritum
834 2200 1067 2260 Ostendit
1089 2201 1464 2270 apostolicum.
1494 2199 1702 2260 Etenim
1732 2199 1818 2256 ille
1843 2215 1973 2271 quo-

381 2308 487 2359 que
524 2293 908 2364 ingemiscebat
947 2299 1160 2362 propter
1189 2291 1587 2346 diuturnitatem
1633 2291 1785 2366 hujus
1815 2307 1968 2362 pere-

385 2383 721 2452 grinationis.
762 2382 996 2450 ldipsum
1034 2382 1154 2436 lmic
1193 2395 1402 2452 quoque
1443 2381 1706 2435 usuvenit.
1749 2381 1814 2434 Et
1852 2379 1972 2436 ideo

389 2471 632 2534 dicebat,
673 2470 890 2534 Quando
928 2471 1118 2524 ueniam
1146 2481 1192 2524 et
1219 2471 1472 2540 apparebo
1507 2480 1624 2524 ante
1660 2472 1838 2538 facient
1874 2470 1972 2526 Dei

391 2563 488 2632 (2.
522 2561 633 2616 Cor.
744 2560 780 2616 2
799 2561 862 2632 )?
891 2561 958 2614 Et
982 2561 1026 2616 si
1059 2571 1200 2616 esset
1226 2562 1437 2632 quidem
1481 2561 1719 2629 privatus
1744 2561 1932 2632 aliquis
1953 2599 1969 2627 ,

392 2654 710 2726 humilisque
738 2662 791 2708 et
815 2653 1087 2720 abjectus,
1117 2661 1171 2716 et
1199 2653 1383 2708 vivens
1412 2653 1460 2706 in
1492 2661 1828 2722 paupertate,
1858 2668 1971 2708 ma-

385 2759 548 2818 guum
585 2745 798 2814 quidem
837 2753 978 2800 esset
1021 2744 1104 2798 vel
1142 2745 1219 2798 sic
1249 2745 1406 2798 vitam
1445 2751 1763 2816 prinsentem
1789 2754 1973 2800 conle-

381 2850 608 2890 mnere:
641 2834 734 2888 sed
773 2850 877 2890 non
916 2844 1058 2890 esset
1097 2835 1167 2890 ita
1213 2851 1459 2906 magnum
1481 2876 1496 2899 ,
1529 2843 1587 2888 ιιι
1622 2849 1763 2890 nunc
1791 2851 1969 2903 regem

381 2927 564 2984 videre
590 2927 749 2984 tantis
776 2925 1040 2988 fruentem
1067 2927 1273 2984 deliciis
1292 2967 1306 2990 ,
1337 2936 1601 2996 tantaeque
1627 2927 1809 2998 gloria:
1833 2942 1969 2984 cou-

381 3031 602 3084 sortem,
628 3019 1039 3078 innumerabiles
1061 3019 1307 3074 victorias
1326 3028 1737 3090 consequutum,
1763 3021 1814 3078 in
1841 3020 1970 3078 mul-

379 3111 450 3166 tis
476 3110 629 3166 bellis
658 3110 912 3166 victorem
939 3111 1084 3170 omni
1109 3126 1172 3166 ex
1201 3122 1350 3182 parte
1371 3112 1596 3176 clarum,
1630 3112 1888 3182 insignem
1914 3121 1968 3168 ot

381 3202 679 3266 illustrem;
710 3204 826 3260 haec
866 3204 1040 3260 omnia
1075 3204 1324 3272 irridere,
1355 3205 1601 3272 divitias,
1628 3206 1884 3272 gloriam,
1914 3217 1966 3261 et

375 3307 568 3348 omnes
595 3292 852 3358 delicias,
880 3293 944 3352 ad
967 3294 1144 3350 futura
1172 3304 1346 3350 autem
1377 3297 1614 3365 aspirare
1639 3307 1692 3350 et
1713 3297 1922 3354 inhiare
1945 3315 1960 3351 :

373 3382 480 3437 hoc
505 3392 588 3438 est
611 3384 786 3454 magni
807 3383 1080 3455 cujusdam
1107 3394 1157 3440 et
1179 3385 1372 3442 excelsi
1400 3387 1578 3450 animi,
1613 3386 1712 3446 hoc
1735 3397 1820 3442 est
1845 3389 1962 3446 ani-

377 3490 478 3530 mre
508 3492 625 3544 qua:
656 3485 865 3532 tenetur
903 3477 1080 3538 studio
1117 3478 1420 3548 sapientiae,
1449 3489 1501 3534 et
1538 3479 1740 3534 ca-lesti
1776 3494 1962 3540 amore

375 3583 499 3628 vere
529 3578 682 3640 capta
706 3579 808 3624 est.

447 3662 499 3715 7.
528 3661 661 3722 Eum
689 3677 787 3720 nos
809 3679 1020 3733 quoque
1050 3663 1321 3726 imitemur
1339 3707 1352 3725 ,
1383 3680 1448 3720 ne
1486 3667 1764 3736 prtesentia
1789 3667 1959 3722 admi-

370 3766 570 3815 remur,
603 3762 663 3808 ut
697 3752 1020 3812 admiremur
1053 3753 1228 3812 futura
1263 3773 1275 3809 :
1306 3756 1387 3810 vel
1425 3758 1599 3827 potius
1632 3757 1959 3822 admiremur

369 3843 576 3910 futura,
604 3861 672 3904 ne
709 3845 1036 3904 admiremur
1071 3847 1370 3916 praesentia.
1405 3847 1460 3904 Si
1489 3848 1630 3903 enim
1657 3849 1710 3902 in
1737 3848 1840 3906 illis
1864 3865 1958 3906 co-

367 3936 599 4008 gitandis
626 3948 880 4008 perpetuo
907 3955 1202 4003 versemur,
1229 3949 1283 3994 et
1307 3954 1526 4009 regnum
1553 3941 1826 4004 czelorum,
1857 3942 1958 3998 im-

368 4028 744 4086 mortalitatem
769 4071 784 4094 ,
829 4030 986 4084 vitam
1026 4045 1146 4102 quae
1175 4045 1458 4100 numquam
1487 4031 1725 4100 desinet,
1754 4033 1954 4088 ducen-

369 4119 492 4182 dam
543 4135 662 4176 cum
711 4122 912 4191 angelis
961 4121 1254 4188 cboream,
1303 4121 1530 4178 futuram
1575 4136 1698 4176 cum
1743 4122 1955 4180 Clu-isto

367 4213 848 4278 conversationem,
877 4213 1098 4283 gloriam
1128 4215 1270 4272 illam
1297 4229 1418 4284 quae
1447 4228 1733 4282 numquam
1777 4215 1956 4272 interit

364 4311 458 4358 aut
478 4304 864 4374 corrumpitur;
889 4305 1049 4362 vitam
1070 4315 1248 4366 autem
1271 4306 1338 4362 ab
1359 4305 1502 4364 omni
1525 4305 1710 4362 dolore
1733 4305 1951 4362 liberam

366 4393 505 4463 apud
538 4409 636 4448 nos
663 4395 806 4466 ipsos
830 4395 1251 4459 consideremus,
1281 4406 1334 4452 et
1361 4397 1500 4466 quod
1531 4398 1798 4468 lacrymm,
1827 4414 1952 4469 pro-

368 4487 480 4548 bra,
512 4485 810 4550 maledicta,
841 4501 1004 4553 mors,
1037 4487 1268 4552 tristitia,
1300 4489 1470 4552 labor,
1500 4499 1767 4556 senectus,
1802 4506 1948 4543 mor-

365 4575 482 4642 bus,
517 4576 797 4646 :rgritudo,
827 4593 1112 4648 paupertas
1136 4587 1190 4633 et
1219 4579 1501 4641 calumnia,
1535 4579 1781 4644 viduitas,
1821 4596 1947 4652 prc-

363 4678 540 4730 catum
563 4678 618 4724 et
641 4669 1038 4738 condemnatio,
1065 4686 1218 4738 paena
1245 4682 1294 4726 et
1323 4673 1657 4741 supplicium,
1682 4686 1734 4728 et
1756 4674 1798 4728 si
1820 4675 1944 4743 quid

361 4768 446 4812 est
484 4758 625 4822 aliud
664 4760 714 4816 in
756 4759 860 4818 vita
899 4763 1144 4830 ριίιιεωιιί
1180 4763 1458 4816 molestum
1485 4771 1540 4817 et
1571 4763 1855 4826 acerbum,
1881 4781 1943 4819 ea

361 4834 538 4906 omnia
572 4850 791 4918 expulsa
837 4861 958 4910 sunt
989 4868 1003 4902 :
1039 4853 1154 4906 loco
1193 4861 1371 4906 autem
1411 4868 1596 4906 eorum
1648 4854 1943 4910 introducta

359 4948 487 4994 sunt
526 4957 644 5010 pax,
680 4943 890 5007 lenitas,
931 4943 1304 5004 mansoetudo,
1337 4944 1570 5010 dilectio,
1603 4945 1804 5010 laetitia,
1833 4947 1944 5014 glo—

358 5034 436 5087 ria
455 5075 472 5100 ,
503 5037 693 5100 honor,
721 5035 994 5105 splendor,
1028 5047 1076 5094 et
1105 5038 1242 5104 alia,
1271 5055 1388 5107 qua;
1416 5055 1484 5096 ne
1524 5048 1702 5106 posset
1729 5039 1941 5110 quidem

359 5127 531 5180 oratio
565 5129 837 5198 consequi,
870 5129 998 5186 nihil
1045 5145 1141 5186 nos
1171 5147 1344 5188 reruut
1374 5132 1550 5200 capiet
1580 5133 1940 5201 pra-sentiam,

357 5216 453 5274 sed
504 5220 795 5287 poterimus
843 5237 940 5276 nos
982 5238 1192 5292 quoque
1240 5223 1418 5278 dicere
1469 5239 1588 5276 cum
1646 5222 1939 5290 propheta,

357 5305 576 5371 Quando
600 5291 794 5364 veniant
821 5321 870 5366 et
897 5291 1151 5381 apparebo
1181 5322 1296 5367 ante
1322 5314 1500 5381 [aciem
1525 5311 1661 5366 Dei?
1686 5323 1738 5368 et
1770 5315 1837 5366 ita
1864 5313 1943 5368 af-

356 5398 523 5454 fectos
549 5416 647 5458 nec
671 5419 758 5456 res
779 5403 1072 5473 splendidae
1097 5404 1424 5465 etsecundae
1453 5419 1549 5457 nos
1571 5402 1815 5469 ederent,
1841 5421 1940 5462 nec

358 5488 645 5550 insolentes
667 5493 905 5552 eﬂicieut
929 5512 943 5558 ;
975 5510 1073 5550 nec
1101 5510 1219 5564 qua:
1249 5503 1371 5550 sunt
1400 5496 1618 5552 molesta
1652 5510 1712 5550 ac
1736 5497 1935 5566 gravia,

354 5584 566 5640 tristitia
593 5586 864 5652 alticieut,’
899 5602 1002 5640 non
1045 5585 1238 5640 invidia
1261 5625 1273 5649 ,
1309 5600 1414 5640 non
1438 5601 1570 5640 vana
1600 5585 1762 5656 gloria
1785 5628 1801 5654 ,
1827 5602 1936 5642 non

1510 168 1864 228 EXPOSITIO
1903 168 1966 223 lN
2007 167 2325 228 PSALMUM
2369 174 2502 230 XLI.

3570 183 3671 238 NG

2085 282 2280 354 aliquid
2302 285 2443 342 aliud
2470 303 2566 344 nos
2594 305 2838 360 umquam
2865 291 3065 348 ederet.
3092 293 3168 348 Ne
3191 295 3292 348 hut:
3315 309 3441 366 ergo
3469 305 3670 352 temere

2083 374 2458 450 ingrediantur.
2487 395 2658 452 neque
2680 398 2932 452 reSpunsa
2957 385 3316 454 perfunctorie
3337 389 3666 458 omittamus,

2083 467 2174 522 sed
2202 484 2262 522 ea
2292 485 2386 538 pro
2423 469 2611 526 baculo
2648 485 2923 528 sumentes
2951 477 3306 546 egrediamur.
3337 477 3544 536 Sufﬁcit
3570 496 3666 536 au.

2083 565 2186 612 tem
2217 559 2580 630 unusquisque
2604 577 2790 618 versus
2815 573 2870 618 ut
2894 564 3048 620 nobis
3073 577 3348 636 comparet
3381 569 3667 638 plurimum

2083 645 2454 717 phiIOSOphim,
2487 660 2544 706 ut
2572 653 2801 723 corrigat
2825 653 3130 724 dogmatum
3163 661 3504 724 sententiam,
3533 670 3586 716 et
3615 673 3669 714 ut

2081 738 2265 794 afferat
2295 743 2578 796 maximam
2603 745 2721 798 vita:
2748 745 3024 802 utilitatem
3053 765 3066 800 :
3095 759 3147 803 et
3168 749 3212 804 si
3241 765 3668 822 unamquamque

2081 827 2363 886 dictionem
2386 843 2571 890 esacte
2593 843 3004 903 perscrutemur,
3028 839 3311 895 admodum
3333 841 3521 898 ubi-res
3545 844 3667 898 inde

2083 915 2286 974 fructus
2306 921 2638 990 colligemus.
2665 924 2848 995 Neque
2874 929 3016 981 enim
3043 942 3422 999 paupertatem,
3449 949 3548 988 nec
3575 951 3668 990 ne-

2083 1007 2259 1080 gotia,
2292 1025 2390 1064 nec
2433 1011 2733 1070 tarditatem
2777 1014 2862 1070 hic
2899 1033 3035 1086 opus
3074 1030 3157 1076 est
3201 1035 3509 1091 prietexere.
3555 1025 3665 1082 Etsi

2083 1099 2226 1152 enim
2253 1101 2326 1154 sis
2353 1116 2570 1171 pauper,
2595 1114 2644 1158 et
2672 1115 2886 1175 propter
2909 1119 3269 1180 paupertatem
3293 1113 3441 1170 libris
3462 1131 3664 1182 careas,

2083 1191 2163 1248 vel
2201 1193 2364 1250 libros
2398 1196 2614 1264 quidem
2652 1196 2851 1254 habeas
2875 1242 2888 1265 ,
2929 1217 3034 1258 non
3081 1214 3327 1276 suppetat
3367 1220 3542 1266 autem
3576 1210 3668 1264 tibi

2081 1285 2283 1349 otium,
2316 1286 2443 1344 mihi
2487 1299 2686 1344 tantum
2733 1307 2987 1362 reSponsa
3035 1296 3366 1354 Psalmorum
3402 1301 3664 1366 observa.

2082 1391 2198 1446 qna.-
2226 1376 2312 1431 bic
2339 1379 2646 1436 succinuisti
2676 1396 2780 1436 non
2809 1385 2994 1449 semel,
3027 1402 3132 1440 nou
3169 1388 3269 1454 bis,
3306 1406 3411 1444 non
3445 1402 3543 1457 ter,
3574 1397 3668 1448 Sed

2079 1481 2223 1534 saepe
2247 1509 2262 1532 ,
2293 1476 2349 1521 et
2374 1483 2436 1521 ex
2469 1484 2533 1522 eo
2563 1485 2805 1540 magnam
2837 1475 3014 1548 capies
3053 1478 3497 1538 consolationem.
3543 1483 3669 1538 \‘ide

2078 1574 2206 1630 ergo
2234 1572 2488 1629 quantum
2533 1563 2684 1618 nobis
2721 1565 3028 1624 thesaurum
3070 1575 3338 1639 aperuerit
3376 1573 3457 1632 vel
3498 1575 3666 1646 ipsum

2077 1664 2414 1718 responsum.
2444 1651 2552 1708 Nec
2580 1652 2705 1710 mihi
2739 1654 2880 1710 dicat
2911 1659 3207 1728 quispiam,
3239 1664 3374 1716 Ante
3402 1663 3666 1736 interpre-

2081 1739 2332 1793 tationem
2379 1743 2680 1796 nesciebam
2721 1746 2844 1814 quid
2887 1747 3108 1803 valeret.
3168 1749 3296 1804 Nam
3341 1753 3500 1806 etiam
3542 1765 3667 1810 ante

2078 1830 2568 1900 interpretationem
2606 1837 2749 1890 omni
2794 1848 3030 1908 tempore
3065 1857 3092 1892 a
3137 1842 3348 1897 volente
3378 1855 3665 1917 utcumque

2077 1923 2310 1976 animum
2339 1924 2591 1980 adbibere
2624 1928 2758 1982 bene
2799 1941 2969 1996 pote~t
2999 1933 3215 2003 intelligi
3245 1951 3581 2005 responsum.
3611 1941 3665 1994 Si

2076 2015 2218 2067 enim
2262 2015 2487 2084 teipsum
2527 2020 2862 2078 solummodo
2889 2023 3134 2080 docueris
3160 2027 3338 2082 dicere
3364 2071 3377 2091 ,
3409 2029 3664 2096 Quemad-

2076 2105 2280 2159 modum
2311 2107 2561 2164 desiderat
2589 2129 2762 2168 cervus
2785 2115 2852 2168 ad
2876 2119 3036 2188 fontes
3063 2133 3308 2186 aquarum
3327 2161 3340 2184 ,
3366 2121 3436 2176 ita
3467 2121 3665 2176 deside-

2074 2206 2155 2248 rat
2182 2197 2352 2252 anima
2379 2215 2486 2253 mea
2511 2202 2578 2254 ad
2603 2211 2669 2268 te,
2702 2201 2839 2262 Deus
2863 2220 2882 2258 :
2902 2206 3054 2262 sitit-it
3077 2208 3244 2262 anima
3275 2225 3383 2266 mea
3407 2211 3474 2264 ad
3502 2209 3662 2268 Deum

2075 2286 2255 2354 fortem
2284 2290 2450 2346 vivunt
2482 2310 2497 2344 :
2528 2295 2730 2363 quando
2767 2297 2960 2350 veniam
2993 2309 3038 2352 et
3067 2299 3319 2370 apparebo
3347 2311 3463 2358 ante
3483 2303 3662 2374 [aciem

2075 2376 2217 2432 Dei?
2245 2379 2295 2432 id
2332 2383 2412 2436 vel
2454 2396 2576 2440 ante
2622 2386 3111 2456 interpretationem
3156 2390 3423 2454 suﬁ'ecrrit
3465 2395 3556 2452 tibi
3598 2396 3661 2449 ad

2076 2483 2290 2524 omnem
2321 2473 2756 2530 introducendam
2796 2479 3204 2552 philoSOphiam.
3236 2483 3417 2554 Neque
3447 2485 3546 2538 hoc
3571 2503 3662 2538 so-

2078 2558 2211 2625 lum,
2240 2561 2332 2615 sed
2360 2564 2517 2616 etiam
2545 2569 2958 2638 unumquodque
2989 2587 3300 2640 responsum
3328 2575 3542 2631 easdem
3571 2594 3655 2630 uo-

2079 2649 2160 2704 bis
2183 2654 2536 2722 suppeditabit
2565 2657 2797 2711 divitias.
2825 2659 2955 2713 Nam
2984 2665 3025 2715 si
3056 2679 3241 2718 rursus
3265 2666 3464 2719 dixeris
3492 2685 3504 2719 :
3535 2667 3662 2721 Bea-

2075 2751 2157 2796 ιω
2187 2745 2262 2798 vir
2284 2746 2369 2813 qui
2399 2747 2533 2800 timet
2563 2747 2832 2802 Dominum
2861 2751 3042 2820 (Perii.
3077 2755 3198 2807 111.
3232 2757 3286 2823 1)
3311 2773 3322 2806 :
3353 2766 3405 2810 et
3432 2761 3662 2826 potueris

2073 2835 2214 2890 scire
2243 2836 2494 2906 quidnam
2532 2839 2600 2892 sit
2635 2839 2690 2892 id
2731 2841 2869 2909 quod
2906 2841 3044 2896 dicis
3074 2862 3086 2896 :
3117 2858 3222 2898 nou
3255 2844 3472 2901 divitem
3498 2889 3514 2914 ,
3557 2864 3660 2904 non

2075 2926 2391 2996 principem,
2421 2944 2524 2982 non
2547 2928 2863 2995 formosum,
2889 2947 2996 2987 non
3019 2948 3142 2989 eum
3167 2935 3256 3006 qui
3280 2936 3416 2992 valet
3440 2939 3657 3003 viribus,

2073 3029 2177 3068 nou
2207 3031 2328 3070 eum
2357 3017 2444 3087 qui
2475 3018 2616 3072 :edes
2644 3020 2882 3088 possidet
2911 3023 3220 3092 magnillcas
3239 3067 3258 3091 ,
3294 3041 3397 3080 non
3419 3041 3544 3083 eum
3569 3030 3659 3100 qui

2071 3110 2205 3176 gerit
2230 3111 2588 3178 magistratus,
2620 3129 2724 3165 non
2751 3128 2870 3166 eum
2898 3115 2988 3183 qui
3018 3117 3067 3168 in
3095 3118 3240 3187 regia
3265 3119 3518 3187 nutritur,
3542 3123 3658 3177 nul-

2067 3200 2178 3254 lum
2205 3200 2434 3270 denique
2459 3203 2620 3256 alium
2645 3246 2658 3268 ,
2693 3205 2792 3257 nisi
2823 3222 2942 3258 eum
2972 3208 3060 3276 qui
3089 3218 3170 3262 est
3204 3211 3322 3277 plus
3350 3228 3411 3265 ac
3439 3214 3654 3284 religio-

2068 3305 2160 3344 sus
2183 3331 2197 3354 ,
2227 3292 2314 3360 qui
2343 3292 2518 3346 studio
2549 3295 2824 3362 sapientia:
2861 3305 3072 3352 tenetur
3091 3341 3105 3363 ,
3132 3301 3220 3370 qui
3262 3302 3424 3356 Deum
3467 3305 3614 3359 timet
3639 3349 3653 3370 ,

2067 3381 2282 3436 beatum
2310 3383 2472 3438 duces
2497 3425 2510 3447 ,
2539 3399 2646 3439 non
2674 3386 2845 3440 solum
2884 3398 3102 3459 prepter
3127 3391 3302 3446 futura
3325 3435 3338 3456 ,
3368 3395 3461 3450 sed
3492 3397 3652 3453 etiam

2061 3485 2288 3542 propter
2313 3476 2615 3545 prtesentia.
2644 3477 2776 3532 Nam
2807 3481 2965 3534 etiam
2994 3482 3045 3536 in
3077 3482 3177 3538 bac
3200 3485 3303 3538 vita
3333 3485 3417 3542 hic
3442 3504 3653 3560 quoque

2063 3574 2146 3618 est
2173 3566 2265 3620 illo
2293 3569 2578 3636 potentior.
2615 3568 2746 3624 Nam
2773 3571 2823 3626 si
2854 3573 3072 3628 morbus
3097 3575 3416 3647 quandoque
3446 3581 3650 3635 invase-

2061 3656 2149 3717 rit,
2177 3655 2270 3710 ille
2293 3658 2502 3726 quidem
2535 3659 2749 3715 indutus
2775 3677 3002 3733 purpura
3035 3665 3167 3719 nihil
3195 3683 3222 3720 a
3252 3670 3570 3726 satellitibus
3596 3685 3650 3728 et

2061 3747 2292 3817 superbo
2323 3749 2412 3802 illo
2439 3752 2687 3806 exteriori
2723 3765 2976 3823 apparatu
3016 3756 3234 3825 juvatur
3265 3759 3333 3813 ad
3369 3762 3644 3816 sulandatu

2061 3840 2432 3908 a‘gritudinem
2453 3885 2466 3907 ,
2500 3844 2592 3898 sed
2621 3845 2952 3904 domcszicis.
2998 3851 3304 3915 parentibus
3323 3895 3336 3919 ,
3367 3855 3644 3910 omnibus-

2061 3945 2165 3997 que
2193 3933 2560 3997 prmsentibns,
2590 3944 2644 3988 et
2667 3936 2842 3988 aureis
2863 3938 3101 3991 vestibus
3127 3957 3288 4009 super
3309 3960 3428 3999 eum
3459 3950 3646 4016 positis

2061 4031 2221 4091 atque
2260 4022 2571 4086 substratis,
2609 4024 2752 4091 jacet
2787 4026 2876 4080 ille
2905 4027 3096 4081 ardens
3129 4033 3290 4086 veluti
3327 4035 3377 4088 in
3411 4037 3646 4096 fornace.

2059 4111 2160 4178 Qui
2191 4121 2269 4165 est
2299 4121 2474 4166 autem
2505 4114 2621 4181 pius
2641 4156 2654 4177 ,
2686 4124 2739 4167 et
2779 4115 2938 4168 Deum
2971 4117 3146 4178 timet,
3175 4135 3282 4173 non
3324 4133 3473 4191 patre
3493 4167 3506 4188 ,
3539 4143 3641 4180 non

2061 4217 2246 4266 servo,
2281 4218 2384 4256 non
2424 4204 2532 4257 ullo
2574 4205 2682 4259 alio
2727 4217 3020 4274 prasente,
3059 4217 3334 4278 postquam
3367 4213 3418 4266 in
3456 4217 3640 4270 czelum

2057 4311 2166 4349 non
2197 4310 2370 4365 saepe,
2399 4295 2490 4351 sed
2521 4297 2601 4352 bis
2625 4311 2674 4352 et
2705 4307 2786 4352 ter
2815 4302 3082 4369 suiSpexit,
3109 4316 3322 4358 omnem
3361 4305 3503 4359 illam
3535 4308 3643 4362 for-

2059 4402 2240 4440 nacem
2267 4389 2542 4443 exstinxit.
2577 4390 2688 4444 Hoc
2713 4393 2873 4446 etiam
2912 4393 3104 4447 viderit
3135 4395 3395 4466 quispiam
3427 4402 3639 4457 evenire

2057 4482 2110 4536 in
2135 4482 2298 4537 rebus
2320 4483 2587 4550 adversis,
2619 4493 2673 4539 et
2713 4485 2763 4538 in
2794 4487 3038 4540 omnibus
3059 4503 3178 4558 quae
3207 4490 3474 4559 inopinato
3495 4495 3636 4548 acci-

2053 4575 2216 4642 dunt,
2243 4590 2336 4631 eos
2369 4577 2579 4646 quidem
2608 4578 2697 4646 qui
2733 4577 2930 4631 divitiis
2967 4578 3224 4646 afﬂuunt,
3254 4582 3486 4654 clarique
3515 4597 3637 4638 sunt

2049 4677 2104 4722 et
2127 4669 2377 4738 insignes,
2403 4667 2605 4722 turbari
2631 4685 2642 4720 ε
2667 4683 2761 4723 eos
2785 4684 2961 4723 au'em
2983 4672 3070 4738 qui
3094 4682 3216 4726 sunt
3243 4675 3333 4742 pii,
3360 4687 3410 4730 et
3437 4679 3635 4747 sapien-

2049 4760 2139 4813 tia:
2180 4759 2438 4825 studiosi,
2468 4761 2643 4812 omnia
2686 4759 2824 4813 Ferre
2855 4761 3008 4816 facile
3031 4771 3080 4816 et
3111 4765 3335 4834 placide.
3359 4767 3475 4822 Jam
3509 4786 3636 4824 vero
3691 4829 3700 4834 ε

2050 4859 2174 4905 ante
2203 4865 2262 4904 ea
2293 4851 2493 4916 omnia,
2524 4851 2566 4904 si
2597 4851 2723 4904 nihil
2747 4866 2908 4919 grave
2932 4857 3190 4924 evenerit,
3216 4857 3332 4926 ejus
3353 4863 3439 4930 qui
3467 4861 3631 4917 Deum

2051 4945 2201 4996 timet
2227 4944 2553 4997 conscientia
2575 4952 2663 4998 est
2689 4953 2744 4997 et
2769 4945 2952 5014 majori
2983 4955 3036 4999 et
3064 4948 3340 5004 sinceriori
3368 4953 3634 5019 voluptate

2051 5035 2239 5103 plena,
2271 5049 2426 5101 quam
2466 5033 2644 5088 divitis
2684 5036 2881 5089 anima.
2918 5037 3010 5092 Ille
3048 5041 3189 5093 enim
3213 5080 3227 5102 ,
3269 5041 3368 5093 etsi
3408 5053 3632 5095 externa

2047 5127 2170 5182 cibo
2205 5125 2411 5180 fruatur
2434 5127 2474 5192 ί,
2514 5127 2724 5196 gravius
2763 5127 3048 5182 afﬂictatur
3077 5131 3324 5182 omnibus
3362 5133 3450 5198 qui
3492 5130 3632 5184 laute

2049 5227 2328 5282 vexantur,
2355 5218 2478 5272 dum
2501 5233 2592 5272 sua
2621 5219 2758 5272 mala
2787 5221 2836 5272 in
2865 5220 3175 5274 memoriam
3206 5219 3416 5290 redigit,
3437 5229 3629 5278 etcum

2050 5311 2185 5365 mala
2215 5308 2342 5363 vivit
2381 5311 2702 5365 conscientia
2735 5329 2747 5364 :
2785 5310 2872 5363 hic
2905 5319 3089 5362 autem
3115 5351 3130 5375 ,
3167 5310 3293 5362 licet
3331 5316 3633 5369 necessario

2047 5403 2302 5456 alimento
2327 5409 2539 5466 careat,
2566 5401 2669 5455 erit
2697 5399 3049 5468 tranquilliori
3077 5409 3136 5453 et
3172 5398 3416 5456 alacriori
3449 5404 3627 5462 animo

2049 5510 2204 5566 qttam
2230 5494 2260 5547 ii
2284 5493 2373 5563 qui
2401 5492 2644 5546 fruuntur
2667 5489 2912 5544 omnibus
2933 5489 3160 5554 deliciis,
3184 5501 3236 5546 ut
3265 5494 3352 5563 qui
3378 5494 3514 5550 bona
3533 5509 3628 5566 Spe

2112 5591 2128 5620 ί
2165 5592 2405 5636 uorvetus
2431 5598 2441 5631 :
2477 5582 2563 5632 etsi
2580 5587 2782 5631 externa
2806 5579 3037 5643 voluptate
3057 5583 3270 5646 Imittur.
