4112 6214
513 241 610 294 167
1232 243 1288 296 S.
1327 242 1604 298 JOANNIS
1642 241 2083 297 CliliYSOSTOM

2187 241 2476 299 tRCillEP.
2507 243 3036 304 CONSTANTINOP.
3687 261 3789 327 MSS

509 355 700 417 alatur,
726 363 780 408 et
800 369 1016 408 suorum
1042 357 1186 410 recte
1214 356 1469 411 factorum
1499 358 1954 412 remunerationes
1972 373 2105 427 quo-

510 447 636 501 tidie
663 457 954 516 exspectet.
977 449 1084 503 Sed
1118 464 1183 502 ne
1203 449 1437 519 longiori
1469 459 1620 504 utens
1645 450 1887 505 oratione
1915 450 2094 504 videar

508 536 699 591 afferre
729 538 1025 592 molestiam
1050 580 1062 602 ,
1094 539 1398 610 relinquens
1428 541 1490 594 iis
1519 543 1604 610 qui
1643 550 1767 595 sunt
1795 541 1948 609 paulo
1978 550 2092 594 stu-

508 629 770 684 diosiores
793 630 1074 700 legendum
1106 631 1517 701 unumquodque
1541 647 1874 700 responsum,
1899 642 1952 686 et
1976 647 2093 702 qua:

509 726 561 776 in
588 738 654 780 eo
679 724 776 778 sita
809 735 910 790 est,
943 726 1280 779 scrutandam
1313 725 1436 789 vim,
1463 725 1547 779 hic
1571 725 1746 779 finiam
1771 727 2086 791 orationem,

509 817 597 871 illa
638 817 869 872 suadens
911 828 1106 872 vestrm
1143 817 1449 882 dilectioni,
1492 825 1548 871 ut
1592 832 1698 871 non
1740 818 1862 872 hinc
1899 818 2092 872 frustra

508 907 857 978 egrediamini
880 948 896 974 ,
928 909 1021 962 sed
1054 922 1306 976 responsa
1351 917 1616 978 tamquam
1659 910 1970 978 margaritas
2000 925 2090 963 su-

509 1010 739 1066 mentes,
768 1015 828 1055 ea
859 1002 1001 1054 domi
1031 1010 1282 1069 perpetuo
1307 1001 1633 1055 conservetis
1663 1011 1716 1055 et
1742 1000 2125 1066 meditemini,"

507 1093 797 1162 amicisque
822 1101 874 1146 et
902 1091 1156 1145 uxoribus
1183 1107 1240 1145 ea
1274 1091 1450 1144 omnia
1475 1091 1664 1145 dicatis
1687 1107 1700 1143 :
1725 1100 1778 1144 et
1802 1092 1845 1144 si
1870 1091 1973 1144 ulla
1998 1104 2092 1144 vos

513 1191 666 1236 vexet
688 1181 853 1235 animi
883 1180 1230 1250 perturbatio,
1257 1179 1302 1236 si
1324 1181 1585 1235 excitetur
1608 1179 1890 1248 cupiditas,
1914 1181 1957 1234 si
1991 1181 2087 1245 ira,

505 1285 597 1331 aut
619 1275 820 1345 qumvis
849 1274 950 1327 alia
977 1287 1006 1327 a
1038 1272 1244 1327 ratione
1269 1273 1440 1327 aliena
1473 1271 1802 1343 perturbatio
1826 1314 1840 1338 ,
1866 1287 1926 1326 ea
1953 1273 2089 1325 assi-

505 1367 611 1422 due
646 1365 850 1419 canalis
880 1379 894 1417 :
923 1371 979 1418 ut
1007 1372 1061 1417 et
1096 1365 1150 1417 in
1195 1363 1295 1418 hac
1329 1364 1433 1417 vita
1479 1379 1667 1434 magna
1713 1364 2090 1434 tranquillitate

507 1460 764 1523 fruamur,
793 1465 846 1510 et
872 1457 924 1510 in
957 1459 1128 1511 futura
1153 1459 1258 1510 vita
1287 1457 1422 1510 bona
1449 1467 1648 1511 acterna
1679 1473 2086 1527 consequamur,

501 1549 670 1620 gratia
707 1559 758 1602 et
801 1549 1126 1618 benignitate
1153 1547 1362 1602 Domini
1396 1549 1561 1604 nostri
1589 1547 1968 1616 Jesu’ChriSIi,
1998 1565 2091 1618 per

504 1657 661 1708 quem
695 1651 748 1694 et
774 1655 894 1693 cum
925 1655 1030 1709 quo
1067 1639 1210 1694 Patri
1242 1649 1294 1694 et
1331 1650 1514 1694 sancto
1541 1640 1759 1710 Spiritui
1786 1641 1855 1694 sit
1879 1640 2044 1710 gloria
2069 1682 2085 1706 ,

508 1731 786 1799 impcrimn
814 1770 829 1794 ,
861 1730 1060 1796 honor,
1087 1745 1225 1784 nunc
1253 1739 1305 1785 et
1333 1745 1576 1800 semper,
1603 1740 1656 1786 et
1683 1731 1735 1785 in
1764 1731 1955 1785 smeula
1985 1747 2085 1786 sa:-

505 1823 762 1875 eulorum.
799 1824 838 1876 Δ
847 1837 986 1878 men.

935 1953 997 2005 IN
1028 1952 1346 2009 rsautun
1373 1952 1529 2009 xuu
1566 1955 1660 2024 (a).

860 2067 909 2119 1.
954 2064 1186 2120 Victoria:
1219 2070 1408 2121 auctori
1439 2069 1559 2138 ﬁliis
1585 2068 1728 2124 Core.

501 2172 556 2231 ἓ.
588 2177 738 2242 Deus,
767 2163 971 2233 auribus
991 2180 1172 2232 nostris
1194 2181 1495 2243 audivimus,
1517 2193 1680 2252 patres
1701 2184 1858 2237 nostri
1882 2200 2084 2237 annun-

572 2272 821 2323 tiaeerunt
867 2269 1005 2324 nobis
1043 2286 1170 2340 Opus
1209 2272 1342 2339 quod
1375 2283 1609 2340 aperatns
1633 2289 1683 2325 es
1719 2273 1771 2326 in
1796 2274 1967 2326 diebus
1997 2291 2084 2327 co-

571 2379 707 2428 rum,
736 2372 786 2416 ct
823 2363 876 2415 in
922 2362 1096 2416 diebus
1137 2363 1379 2432 antiquis.
1422 2364 1573 2416 Alius
1611 2363 1872 2434 interpres
1901 2365 1992 2429 ait,
2019 2363 2086 2418 In

571 2455 742 2509 diebus
773 2452 1038 2524 prioribus.
1062 2453 1231 2520 Alius,
1258 2452 1323 2507 In
1353 2454 1524 2507 diebus
1549 2455 1610 2508 ab
1640 2455 1801 2508 initio.

573 2593 624 2646 1.
656 2589 808 2645 Hunc
843 2587 1111 2644 Psalmum
1155 2586 1281 2642 dicit
1327 2585 1582 2656 propheta
1619 2602 1722 2641 non
1763 2601 1825 2642 ex
1856 2601 2085 2657 persona

497 2682 734 2754 propria,
771 2680 864 2738 sed
901 2695 966 2734 ex
1006 2694 1228 2749 per.~ona
1277 2679 1728 2745 Maccabaeorum,
1777 2697 1997 2735 narrans
2031 2689 2087 2737 et

498 2773 793 2842 pnndicens
833 2787 950 2841 qua:
992 2770 1163 2825 futura
1207 2781 1359 2825 erant
1405 2771 1456 2825 in
1501 2771 1591 2826 illo
1617 2781 1877 2842 tempore.
1927 2772 2085 2828 Tales

501 2866 644 2922 enim
687 2874 811 2920 sunt
858 2863 1129 2934 propheta:
1171 2882 1184 2919 :
1235 2865 1408 2918 omnia
1455 2873 1691 2934 tempora
1746 2875 2080 2933 percurrunt,

501 2958 800 3028 praesentia,
849 2957 1138 3028 praeterita,
1188 2955 1378 3010 futura.
1419 2956 1644 3024 Quinam
1679 2966 1801 3011 sunt
1826 2967 2001 3014 autem
2031 2959 2084 3014 hi

497 3048 801 3113 Maccabaei,
828 3047 1062 3118 quidque
1099 3046 1236 3116 passi
1282 3055 1424 3113 sunt,
1455 3045 1660 3116 etquid
1700 3045 1958 3113 fecerunt,
1991 3062 2086 3104 ne-

498 3142 785 3195 cessarium
818 3148 900 3194 est
935 3139 1160 3208 prinunn
1190 3136 1388 3200 dicere,
1445 3144 1502 3190 ut
1545 3137 1652 3191 sint
1678 3137 1940 3205 apertiora
1966 3153 2084 3207 qua:

497 3232 550 3288 in
581 3239 896 3300 argumento
942 3228 1210 3283 dicuntur.
1255 3227 1293 3281 li
1321 3227 1482 3292 enim,
1527 3242 1648 3282 cum
1677 3227 1962 3283 invasisset
1985 3228 2083 3284 Ju-

498 3322 665 3376 dzeam
693 3319 1008 3385 Antiochus,
1035 3318 1321 3388 quidictns
1356 3327 1439 3372 est
1471 3318 1790 3387 Epiphanes,
1823 3329 1876 3374 et
1903 3319 2081 3373 omnia

495 3412 825 3468 devastassct
860 3420 914 3466 et
940 3410 1134 3464 multos
1169 3409 1258 3480 qui
1299 3418 1423 3463 tunc
1463 3418 1635 3476 erant,
1663 3424 1692 3463 a
1725 3411 1906 3477 patriis
1935 3410 2085 3465 insti-

498 3505 623 3556 tutis
651 3503 858 3558 resilire
897 3503 1180 3572 coegisset,
1226 3509 1632 3570 permanserunt
1675 3501 1825 3556 illaesi
1869 3501 1937 3555 ab
1980 3502 2084 3558 illis

501 3593 962 3664 tentationibnsﬂ.
992 3592 1225 3647 Maccob.
1254 3593 1305 3647 1.
1331 3593 1414 3646 11.
1439 3592 1597 3663 sqq.):
1624 3603 1676 3646 et
1696 3592 1906 3662 quando
1924 3609 2084 3663 grave

495 3683 708 3752 quidem
739 3665 934 3738 bellum
975 3681 1271 3752 ingruebat,
1299 3695 1405 3737 nec
1427 3680 1712 3751 quidquam
1741 3693 1982 3751 poterant
2007 3683 2082 3738 fa-

496 3789 616 3830 cere
668 3773 809 3844 quod
856 3773 1152 3842 prodesset,
1195 3787 1254 3828 se
1289 3772 1703 3828 abscondebam.
1731 3774 1884 3841 Quod
1921 3776 2081 3830 etiam

496 3867 734 3922 fecerunt
753 3866 997 3934 apostoli.
1027 3865 1140 3919 Non
1166 3866 1306 3920 enim
1336 3876 1863 3936 semperprtrsentes
1884 3866 1934 3920 in
1971 3883 2083 3923 me-

493 3958 578 4012 dia
605 3955 1152 4026 irruebantpericula,
1180 3956 1272 4010 sed
1309 3970 1704 4026 nonnumquam
1745 3966 1799 4012 et
1823 3957 2080 4028 fugientes

493 4058 546 4101 et
577 4048 800 4102 latentes
817 4047 1096 4103 cedebant.
1129 4047 1412 4118 Postquam
1441 4057 1627 4102 autem
1647 4055 1831 4118 parum
1859 4051 2080 4120 respira-

494 4149 700 4205 rerant,
732 4148 996 4210 tamquam
1019 4140 1271 4210 generosi
1296 4139 1508 4211 quidam
1549 4139 1780 4196 leunculi
1805 4157 1869 4196 ex
1911 4144 2078 4198 antris

491 4232 816 4297 exsilientes,
847 4240 900 4288 et
926 4247 958 4287 e
995 4232 1213 4287 latebris
1255 4244 1609 4302 emergentes,
1641 4233 1945 4289 statuebant
1971 4251 2078 4292 non

490 4339 550 4380 se
577 4324 804 4396 amplius
830 4323 974 4378 solos
995 4337 1232 4387 servare,
1257 4321 1349 4378 sed
1371 4323 1526 4376 etiam
1549 4323 1700 4388 alios,
1725 4335 2080 4396 quotcumque

494 4403 712 4484 possent
741 4433 756 4471 :
783 4423 838 4470 et
860 4415 1132 4472 civitatem
1163 4423 1218 4469 et
1247 4414 1514 4484 regionem
1539 4431 1750 4470 omnem
1793 4418 2074 4486 obeuntes,

489 4509 818 4582 collegerunt
841 4516 1100 4579 quotquot
1118 4510 1432 4564 invenerunt
1467 4509 1639 4565 adlmc
1675 4509 1834 4568 sanos
1861 4523 1912 4566 et
1944 4515 2080 4570 inle-

489 4616 615 4672 gros
649 4619 666 4660 :
696 4613 751 4658 et
792 4601 986 4656 multos
1034 4601 1192 4657 etiam
1235 4601 1324 4672 qui
1370 4602 1700 4669 laborabant,
1751 4615 1806 4658 et
1842 4607 2075 4674 corrupti

491 4705 662 4760 erant,
705 4695 757 4749 in
805 4703 999 4749 statum
1039 4694 1316 4764 pristinum
1365 4697 1703 4767 redegerunt,
1733 4697 1812 4752 eis
1861 4713 2076 4765 persua-

489 4786 699 4854 dentes,
731 4786 904 4843 redire
931 4787 998 4842 ad
1047 4786 1215 4858 legem
1263 4787 1507 4857 patriam.
1548 4787 1712 4842 Deum
1757 4788 1897 4841 enim
1927 4789 2074 4843 dice-

491 4876 620 4932 bant
646 4879 766 4933 esse
795 4877 1080 4949 benignum
1107 4885 1160 4934 et
1183 4877 1519 4944 clementem,
1565 4894 1664 4934 nec
1681 4894 1933 4948 umquam
1955 4879 2074 4933 adi-

489 4984 638 5025 mere
661 4968 911 5038 salutem,
951 4985 1070 5041 qua:
1112 4970 1464 5039 proficiscitur
1487 4986 1550 5026 ex
1583 4971 1910 5040 pmniteotia.
1950 4971 2074 5028 Haec

487 5069 666 5115 autem
686 5059 1264 5125 dicentes,~habuerunt
1282 5061 1544 5118 delectum
1569 5061 1784 5116 fortium
1814 5062 2068 5116 virorum.

486 5151 602 5208 Non
631 5153 772 5207 enim
801 5168 902 5223 pro
928 5153 1199 5217 uxoribus,
1231 5153 1413 5209 liberis
1444 5161 1498 5208 et
1522 5153 1750 5215 ancillis,
1779 5153 2071 5224 patrimqne

485 5244 765 5300 eversione
804 5251 856 5299 et
890 5244 1218 5314 captivitate,
1251 5243 1344 5299 sed
1367 5259 1472 5314 pro
1495 5244 1611 5316 lege
1636 5255 1690 5300 et
1717 5246 1880 5315 patria
1908 5261 2070 5314 repu-

487 5335 623 5392 blica
661 5335 965 5407 pugnabant
992 5353 1004 5389 :
1031 5350 1220 5392 eorum
1255 5344 1433 5389 autem
1471 5335 1575 5389 dux
1607 5344 1722 5390 erat
1751 5337 1910 5390 Deus.
1937 5335 2068 5392 Cum

485 5441 614 5495 ergo
639 5426 808 5482 aciem
827 5425 1137 5497 dirigerent,
1161 5435 1213 5482 et
1231 5427 1470 5496 proprias
1495 5436 1825 5496 exponerent
1845 5429 2064 5496 animas,

547 5608 712 5721 (qjsln
740 5609 869 5660 hunc
905 5608 1137 5661 Psahnum
1161 5617 1214 5661 et
1237 5610 1284 5660 in
1305 5617 1576 5684 sequentes
1609 5611 1789 5662 utimur
1813 5609 2068 5663 Codicibus

547 5683 602 5721 an
673 5671 789 5721 196?.
815 5679 865 5721 et
887 5673 1024 5721 περ.
1050 5681 1102 5721 et
1123 5672 1403 5721 fnlbertmo
1427 5673 1503 5721 lo.

487 5671 645 5732 κεδνῆς
673 5671 789 5721 1962
815 5679 865 5723 et
887 5673 1024 5734 περ,
1050 5681 1102 5724 et
1123 5671 1403 5723 camerina
1427 5673 1503 5723 to.

2208 359 2496 416 fundebant
2535 362 2886 432 adversarios,
2929 383 3030 420 non
3075 367 3236 421 armis
3268 368 3508 431 fidentes,
3541 373 3634 427 sed
3668 376 3788 444 loco

2201 452 2374 504 innuis
2389 465 2668 508 armaturse
2688 469 2874 526 pugna:
2893 471 3106 512 causam
3131 458 3376 515 sufficere
3394 461 3666 520 ducentes.
3703 472 3786 526 Ad

2201 538 2394 594 bellum
2425 553 2598 596 autem
2629 557 2837 610 euntes,
2872 551 3288 619 non‘tragmdias
3315 554 3643 622 excitabant,
3676 575 3784 616 non

2200 645 2378 698 preana
2409 634 2687 700 canebant,
2713 637 2847 690 sicut
2861 641 3103 694 nonnulli
3133 641 3358 707 faciunt;
3385 660 3488 697 non
3513 647 3782 705 adscisce-

2199 719 2317 774 ban:
2345 723 2602 789 tibicines,
2635 737 2690 779 ut
2721 727 2778 780 fit
2809 728 2858 781 in
2885 729 3001 782 aliis
3028 731 3219 786 castris
3251 747 3266 787 :
3297 734 3390 787 sed
3435 735 3524 789 Dei
3553 753 3785 809 superne

2196 813 2447 866 auxilium
2483 814 2815 879 invocabant,
2843 828 2894 872 ut
2929 821 3158 885 adesset,
3187 838 3340 892 opem
3376 824 3560 893 ferret,
3591 840 3643 882 et
3674 847 3779 884 ma.

2197 917 2320 954 num
2355 905 2634 973 prmberet,
2681 920 2894 978 prepter
2927 928 3084 980 quem
3128 913 3324 968 bellum
3370 918 3648 987 gerebant,
3687 937 3775 992 pro

2195 993 2346 1061 eujns
2387 995 2549 1063 gloria
2605 999 2966 1056 decertabant.
3017 1003 3300 1060 Videamus
3346 1021 3473 1076 ergo
3512 1011 3636 1079 quid
3668 1012 3780 1067 lure

2195 1095 2366 1138 castra
2401 1088 2490 1142 Dei
2519 1091 2819 1157 l0quautur,
2847 1113 2963 1164 qua:
3001 1091 3124 1151 sunt
3152 1101 3410 1169 spirituali
3448 1106 3647 1160 munita
3687 1125 3780 1160 an-

2195 1177 2339 1238 xilio.
2367 1195 2486 1234 cum
2518 1193 2640 1236 Sunt
2671 1183 2854 1240 hostes
2893 1203 3222 1256 aggressum.
3261 1190 3414 1258 Deus,
3453 1197 3655 1250 auribus
3682 1215 3777 1251 no-

2192 1269 2309 1324 stris
2339 1271 2643 1327 audirimus.
2686 1276 2817 1342 Quia
2853 1279 2992 1332 enim
3040 1281 3280 1334 nonnulli
3327 1299 3510 1338 eorum
3539 1289 3626 1356 qui
3655 1303 3776 1343 cum

2194 1359 2322 1429 ipsis
2355 1361 2562 1416 stabant
2598 1364 2650 1418 in
2693 1367 2826 1432 acie,
2854 1369 3098 1424 Antiochi
3138 1373 3550 1440 mul:itudinem,
3582 1379 3778 1433 instru-

2195 1457 2335 1503 ctam
2375 1451 2564 1518 aciem,
2612 1457 2962 1510 etvictnriam
2995 1460 3269 1528 videntes,
3310 1465 3556 1533 quodque
3598 1471 3777 1524 omnia

2194 1540 2364 1609 primo
2400 1542 2598 1613 impetu
2633 1548 2898 1616 cepisset,
2948 1553 3318 1623 propriamque
3363 1555 3776 1615 imbecillitatem

2193 1641 2246 1687 et
2274 1635 2590 1702 paucitatem
2629 1640 3055 1708 considerantes,
3093 1645 3365 1702 molliores
3404 1662 3552 1704 erant
3583 1661 3637 1706 et
3675 1653 3774 1705 im.

2193 1725 2493 1782 becilliores
2527 1745 2541 1780 :
2581 1745 2764 1784 eorum
2809 1734 3015 1788 animos
3054 1737 3372 1809 spiritusque
3419 1744 3686 1811 excitans,
3724 1758 3777 1800 et

2189 1818 2478 1873 Ostendens
2503 1820 2673 1876 in’Dei
2699 1822 2856 1878 ductu
2885 1826 3188 1882 universum
3226 1831 3384 1885 situm
3411 1848 3552 1900 esse,
3576 1846 3628 1890 et
3653 1837 3773 1892 al-s-

2191 1924 2294 1979 que
2321 1913 2576 1980 exercitu,
2600 1914 2642 1967 si
2675 1913 2717 1968 is
2736 1930 2890 1985 Opem
2920 1917 3069 1986 ferat,
3093 1936 3259 1990 posse
3287 1928 3456 1992 parari
3479 1927 3770 1994 victoriam,

2192 1999 2358 2053 instar
2401 2003 2718 2071 precationis
2771 2011 3116 2077 compositam
3153 2021 3454 2071 suasionem
3491 2029 3544 2072 et
3573 2019 3772 2075 exhor-

2193 2091 2443 2144 tationem
2475 2093 2628 2147 eflert
2668 2094 2732 2149 ad
2763 2099 3172 2167 conunilitones,
3203 2113 3256 2158 et
3305 2105 3469 2160 Deum
3500 2109 3772 2180 alloquens

2189 2194 2282 2236 eos
2309 2185 2658 2252 promptiores
2697 2185 2871 2241 reddit
2896 2198 2950 2243 et
2985 2190 3290 2248 alacriores.
3333 2195 3446 2250 Non
3477 2207 3560 2252 est
3597 2212 3771 2257 autem

2191 2269 2305 2324 hac
2347 2286 2500 2342 parva
2539 2290 2662 2345 pars
2701 2278 3104 2336 adhortationis.
3146 2283 3329 2355 Neque
3374 2289 3514 2344 enim
3565 2301 3767 2346 tantum

2190 2362 2378 2417 virium
2413 2364 2682 2421 habuisset
2728 2369 2790 2423 ad
2840 2386 2932 2425 eos
2973 2387 3227 2430 Conversa
3278 2379 3470 2445 oratio,
3523 2383 3656 2437 sicut
3703 2386 3771 2438 ad

2191 2454 2359 2509 Deum
2389 2455 2607 2512 directa.
2639 2459 2705 2514 Et
2735 2460 2854 2516 ideo
2883 2465 3176 2532 procedens
3203 2468 3341 2524 dixit
3371 2487 3386 2523 :
3419 2471 3537 2526 Non
3585 2475 3634 2528 in
3660 2475 3771 2544 glu-

2188 2545 2272 2599 dio
2297 2562 2390 2600 suo
2418 2550 2743 2619 possederunt
2773 2561 2977 2618 (errant,
3009 2564 3056 2608 et
3089 2555 3292 2611 dextera
3319 2576 3488 2614 earum
3531 2580 3631 2618 non
3667 2569 3772 2619 sal-

2183 2638 2319 2691 vovit
2356 2655 2438 2692 eos
2476 2638 2542 2710 (υ.
2575 2623 2650 2711 υἱ
2686 2641 2795 2696 Hoc
2819 2652 2901 2698 est
2927 2645 3068 2700 enim
3112 2647 3226 2717 ejus
3261 2651 3344 2718 qui
3373 2665 3466 2705 eos
3496 2664 3771 2710 recreatet

2188 2729 2376 2796 reficit,
2409 2731 2497 2799 qui
2527 2744 2646 2786 sunt
2678 2733 2906 2790 molliori
2937 2745 2990 2791 et
3024 2737 3356 2796 imbecilliori
3387 2745 3564 2798 animo
3593 2745 3657 2802 ad
3691 2747 3770 2801 la-

2189 2819 2346 2874 bores
2375 2823 2759 2892 suscipiendos,
2781 2827 2867 2897 qui
2891 2833 3426 2897 qumruntvietoriam
3449 2853 3511 2893 ex
3540 2838 3766 2895 humans

2187 2926 2367 2965 rerum
2393 2914 2549 2968 serie.
2575 2915 2758 2970 Ouinis
2788 2933 2914 2988 ergo
2943 2920 3053 2976 hzcc
3079 2925 3315 2992 precatio
3353 2936 3434 2980 est
3471 2929 3535 2982 ad
3576 2931 3770 2986 milites

2188 3001 2506 3069 adhortatio,
2531 3022 2650 3076 qua:
2675 3007 2825 3076 jubet
2852 3011 3029 3066 omnia
3061 3014 3114 3068 in
3149 3016 3310 3071 Deum
3338 3021 3624 3090 conjicere,
3657 3034 3765 3078 sta-

2189 3101 2442 3165 tuereque
2466 3113 2531 3152 ex
2561 3114 2655 3168 spe
2689 3099 2740 3154 in
2766 3101 3170 3174 illum'pendere
3197 3109 3494 3166 victoriam.
3537 3119 3648 3169 (Zur
3677 3131 3768 3170 au-

2190 3192 2296 3239 tem
2327 3201 2430 3241 non
2453 3187 2589 3243 dixit
2609 3190 2869 3259 absolute,
2898 3193 3228 3262 Audivimus,
3257 3201 3370 3265 sed,
3399 3201 3602 3258 Nostris
3627 3207 3764 3260 auri-

2188 3276 2276 3331 bus
2305 3279 2624 3335 audivimus.’
2649 3282 2885 3350 Quanam
2927 3288 3067 3341 enim
3098 3289 3195 3342 alia
3223 3294 3460 3361 corporis
3497 3305 3644 3364 parte
3669 3313 3765 3351 au-

2187 3371 2368 3426 ditur?
2408 3372 2669 3444 Numquid
2718 3391 2837 3446 quze
2880 3379 3127 3434 dicuntur
3167 3395 3290 3436 sunt
3333 3390 3768 3453 supervacanea?

2189 3461 2378 3519 Absit:
2410 3465 2502 3518 sed
2558 3465 2642 3520 hic
2684 3477 2766 3520 est
2816 3482 2934 3522 mos
2984 3472 3280 3525 conununis
3325 3473 3627 3542 horninmn,
3673 3479 3764 3547 qui

2186 3554 2400 3624 quando
2420 3556 2592 3627 aliqua
2622 3567 2857 3624 narrant,
2885 3560 2950 3615 dc
2971 3563 3159 3631 quibus
3185 3563 3453 3617 sunt‘facti
3485 3567 3759 3632 certiores,

2186 3655 2239 3700 et
2268 3661 2353 3701 res
2384 3663 2598 3718 magnas
2625 3659 2680 3703 et
2710 3652 2885 3720 magni
2914 3653 3162 3722 ponderis
3191 3653 3443 3718 referunt,
3467 3656 3543 3710 iis
3568 3659 3760 3727 quibus

2186 3753 2248 3792 ea
2270 3755 2372 3793 non
2398 3753 2519 3796 sunt
2550 3757 2715 3813 usque
2742 3743 2873 3798 adeo
2894 3757 3059 3810 certa,
3082 3759 3236 3799 aures
3257 3760 3467 3817 semper
3489 3749 3756 3818 adjiciunt.

2185 3831 2422 3887 dict'ntes
2451 3849 2508 3888 se
2533 3835 2751 3890 auribus
2781 3837 3064 3891 audivisse.
3110 3837 3222 3892 Non
3268 3838 3320 3893 in
3357 3840 3453 3894 hac
3479 3852 3651 3896 autem
3676 3857 3766 3898 so-

2187 3921 2290 3976 lum
2323 3924 2550 3987 actione,
2579 3925 2670 3980 sed
2696 3927 2854 3980 etiam
2886 3928 2937 3982 in
2963 3929 3080 3984 aliis
3111 3929 3211 3984 hoc
3239 3931 3411 3999 ipsum
3438 3933 3607 3987 facere
3631 3947 3763 3987 cou-

2185 4015 2472 4077 suevimus,
2506 4025 2717 4070 nostros
2757 4017 2991 4086 ipsorum
3023 4035 3208 4074 sensus
3235 4021 3584 4088 producentes
3607 4023 3655 4076 in
3686 4032 3776 4104 tuo.

2183 4107 2511 4162 stimonium.
2558 4109 2651 4162 Est
2687 4124 2814 4180 ergo
2845 4125 3028 4164 eorum
3056 4111 3143 4178 qui
3186 4113 3363 4164 volunt
3411 4113 3565 4166 fidem
3596 4114 3766 4170 facere
3797 4169 3800 4172 .

2183 4198 2432 4264 auditori,
2465 4215 2621 4256 aures
2647 4201 2951 4270 adiungere.
2987 4201 3114 4255 Nam
3149 4202 3198 4254 in
3225 4201 3394 4254 oculis
3417 4203 3599 4269 etiam,
3630 4216 3682 4258 et
3710 4208 3760 4260 in

2184 4292 2426 4345 manibus
2456 4289 2557 4345 hoc
2583 4292 2751 4361 ipsum
2767 4291 3012 4353 faciams,
3046 4300 3102 4344 ut
3122 4289 3335 4359 quando
3355 4290 3582 4348 dicimus
3609 4313 3621 4347 :
3649 4295 3760 4350 Ma-

2183 4381 2338 4435 nibus
2386 4381 2581 4434 nostris
2629 4380 2974 4450 palpavimus.
3021 4379 3270 4433 Dicebant
3317 4379 3442 4435 item
3488 4385 3759 4453 apostoli:

2187 4470 2313 4538 Qua:
2341 4471 2566 4524 viderunt
2594 4472 2726 4524 oculi
2763 4471 2940 4534 nostri,
2985 4482 3030 4524 et
3061 4487 3239 4524 manus
3273 4481 3460 4528 nostris
3483 4487 3761 4531 contrectre

2181 4573 2352 4616 verunt
2381 4563 2454 4631 (l.
2486 4561 2641 4616 Joan.
2681 4565 2728 4618 l.
2766 4562 2837 4634 1).
2863 4562 2995 4618 \‘ide
3022 4572 3196 4617 autem
3227 4579 3409 4620 eorum
3440 4569 3524 4622 vel
3549 4569 3670 4624 hinc
3695 4587 3756 4625 ex

2181 4656 2437 4724 prooemio
2463 4656 2729 4716 virtutem,
2758 4657 2845 4725 qui
2873 4671 2993 4712 cum
3018 4665 3094 4710 tot
3120 4665 3334 4711 ettanta
3362 4669 3576 4729 propter
3597 4662 3760 4716 Deum

2181 4748 2316 4817 passi
2346 4757 2547 4814 essent,
2568 4763 2595 4801 a
2621 4749 2783 4817 patria
2815 4757 2868 4802 et
2893 4748 3135 4802 libertate
3164 4749 3502 4810 excidissent.
3533 4752 3761 4820 pericula

2177 4835 2449 4900 adiissent,
2492 4839 2578 4892 alii
2610 4847 2783 4892 autem
2824 4838 2874 4892 in
2899 4837 3074 4908 fugam
3101 4838 3225 4902 acti,
3260 4846 3465 4893 montes
3488 4849 3542 4894 et
3579 4841 3762 4895 solitu-

2177 4929 2328 4985 dines
2374 4939 2836 4998 persequerentur,
2891 4929 3021 4983 nihil
3071 4945 3256 4984 eormn
3303 4931 3512 4984 interim
3559 4931 3758 4998 dicunt,

2178 5019 2444 5085 videlicet,
2473 5019 2582 5074 Hoc
2612 5029 2666 5074 et
2694 5020 2822 5075 illud
2851 5020 2990 5090 passi
3021 5034 3208 5075 sumus
3234 5030 3444 5090 propter
3472 5031 3543 5086 te,
3570 5021 3637 5079 da
3668 5040 3760 5078 no-

2179 5112 2260 5168 bis
2284 5112 2576 5167 auxilium:
2609 5111 2701 5166 sed
2745 5121 3011 5182 tamquam
3065 5110 3179 5165 hrcc
3221 5111 3300 5165 eis
3337 5111 3604 5176 deessent,
3645 5129 3760 5183 qua:

2172 5203 2294 5272 jure
2318 5201 2506 5257 afferre
2537 5212 2770 5272 possent,
2806 5217 2904 5258 nec
2953 5202 3196 5257 fiduciam
3229 5217 3292 5256 es
3334 5203 3444 5256 suis
3491 5204 3640 5259 fartis
3672 5209 3758 5258 Iza-

2176 5295 2382 5360 berent,
2428 5297 2492 5349 ad
2530 5310 2593 5349 ea
2625 5313 2740 5365 qua:
2785 5297 2923 5350 Deus
2961 5295 3250 5364 majoribus
3291 5296 3500 5362 illorum
3541 5299 3757 5364 fecerat,

2175 5386 2504 5456 etmfugiunt.
2533 5386 2638 5440 Eos
2665 5387 2806 5441 enim
2844 5387 2931 5457 qui
2965 5386 3208 5441 fiduciam
3240 5403 3345 5442 non
3388 5387 3602 5453 habent,
3648 5390 3760 5444 hzee

2177 5476 2349 5532 facere
2379 5492 2480 5530 non
2511 5488 2591 5531 est
2622 5477 2948 5542 mirandum,
2989 5494 3110 5532 cum
3163 5479 3304 5548 ipsos
3348 5479 3412 5532 ad
3461 5479 3560 5533 hoc
3589 5480 3757 5536 trahat

2177 5571 2464 5625 necessitas
2495 5587 2508 5623 :
2535 5586 2654 5625 cum
2685 5583 2862 5628 autem
2907 5573 3003 5641 illi,
3035 5572 3122 5643 qui
3150 5573 3400 5642 quoniam
3432 5583 3576 5630 recte
3620 5575 3755 5629 fece-

2181 5671 2324 5727 runt,
2353 5662 2628 5732 magnifice
2666 5663 2810 5735 loqui
2856 5673 3102 5736 possunt,
3147 5664 3326 5720 nolunt
3355 5681 3418 5720 cx
3450 5665 3512 5720 iis
3538 5667 3757 5735 servari,
