4112 6214
361 422 460 478 ἱὸο

357 539 451 593 sed
481 553 547 591 ex
580 536 670 589 Dei
717 534 1058 604 benignitate,
1091 547 1192 602 qua
1232 531 1285 584 iu
1328 537 1502 600 patres
1531 543 1658 583 usus
1697 535 1802 592 est,
1843 524 1946 578 hoc

358 641 439 686 cst
468 643 716 700 magnum
745 634 1113 697 argumentum
1132 637 1314 679 eorum
1337 618 1684 675 humilitatis:
1720 613 1945 687 prompti

360 731 537 776 autem
569 730 624 776 et
648 719 838 772 alacris
866 719 948 773 sui
977 716 1136 770 animi
1165 730 1268 769 non
1308 727 1528 784 parvam
1577 711 1700 764 hinc
1741 721 1951 779 quoque

362 829 575 871 causam
607 819 862 865 statuunt.
894 808 1099 864 Sufﬁcit
1125 808 1262 862 enim
1298 805 1390 861 Dei
1419 804 1502 858 vel
1527 801 1640 857 sola
1667 797 1951 870 appellatio

361 907 425 963 ad
456 903 782 976 proﬂiganda
815 901 954 958 bella
986 903 1280 956 innumera.

441 997 496 1054 2.
532 993 714 1051 Patres
737 995 883 1065 officii
903 995 983 1048 sui
1009 1003 1290 1047 monentur.
1313 990 1661 1045 Historiarum
1689 1001 1952 1042 sacrarum

365 1090 579 1143 utilitas.
607 1117 678 1128 —
705 1105 722 1140 ι
760 1085 941 1140 Patres
969 1085 1124 1139 nostri
1149 1083 1569 1137 annuntiat'erunt
1602 1078 1762 1132 nobis.
1795 1093 1814 1128 ι
1850 1075 1959 1127 Au-

365 1181 500 1250 dite,
520 1189 774 1252 quotquot
797 1178 1022 1232 liliorutn
1051 1177 1248 1231 nullam
1271 1189 1452 1231 curam
1471 1171 1655 1242 geritis
1679 1187 1690 1222 :
1712 1167 1956 1237 quicum-

365 1291 469 1346 que
497 1288 591 1329 eos
637 1270 869 1326 carmina
915 1269 1176 1325 diabolica
1226 1273 1481 1324 canentes
1523 1259 1785 1324 toleratis,
1826 1271 1954 1311 con-

367 1364 603 1420 temnitis
627 1379 754 1420 vero
782 1362 988 1418 divinas
1028 1359 1384 1414 narrationes.
1415 1353 1522 1410 Sed
1563 1368 1669 1406 non
1711 1349 1764 1404 hi
1809 1347 1952 1417 ejus-

368 1455 533 1520 modi,
563 1454 657 1509 sed
697 1457 746 1510 in
795 1451 1192 1508 narrationibus
1245 1449 1617 1519 praeclarorum
1662 1442 1753 1498 Dei
1795 1439 1957 1495 faeto-

368 1564 485 1603 rum
515 1549 670 1602 vitam
709 1545 926 1606 assidue
974 1541 1390 1605 consumebant;
1430 1546 1484 1592 et
1517 1536 1705 1605 duplex
1751 1534 1953 1588 lucrum

369 1640 656 1694 faciebant.
700 1637 834 1692 Nam
885 1642 939 1692 et
986 1635 1076 1706 qui
1126 1633 1386 1690 beneﬁcio
1425 1629 1595 1685 aﬁ'ecti
1626 1635 1795 1692 erant,
1826 1625 1954 1681 dum

370 1730 751 1786 beneﬁciorum
797 1727 1222 1788 recordarentur,
1257 1724 1502 1778 meliores
1530 1719 1825 1776 evadebant
1858 1737 1870 1772 :
1903 1725 1958 1773 et

374 1821 464 1891 qui
500 1837 562 1876 ex
595 1821 698 1874 illis
741 1818 842 1872 orti
879 1825 1051 1880 erant.
1086 1833 1188 1870 non
1234 1829 1452 1886 parvum
1503 1813 1597 1867 Dei
1637 1810 1957 1882 cognitionis

371 1920 737 1982 argumentum
766 1909 1048 1963 sumebant
1075 1923 1138 1962 ex
1185 1906 1265 1960 his
1305 1901 1719 1968 narrationibus,
1746 1910 1798 1957 et
1826 1899 1959 1956 inci-

369 2004 610 2058 tabuntur
633 2001 701 2056 ad
729 1999 1035 2056 imitandam
1063 1999 1331 2053 virtutem.
1359 1994 1454 2049 Eis
1490 1994 1632 2049 enim
1661 1991 1780 2047 libri
1805 1997 1961 2046 erant

365 2109 456 2148 ora
481 2108 690 2159 eorum,
720 2093 810 2162 qui
840 2091 984 2158 ipsos
1029 2097 1346 2161 genuerunt,
1391 2085 1670 2156 omnisque
1699 2083 1882 2139 schola
1905 2091 1960 2136 et

364 2184 540 2240 omnis
567 2183 795 2240 diatriba
831 2181 930 2237 has
955 2181 1186 2236 habebat
1213 2179 1567 2244 narrationes,
1600 2175 1792 2247 quibus
1829 2173 1960 2230 nihil

365 2286 480 2332 erat
503 2275 812 2346 jucundius,
855 2273 985 2328 nihil
1023 2273 1223 2327 utilius.
1277 2271 1333 2326 Si
1377 2269 1518 2325 enim
1562 2283 1740 2323 rerum
1787 2267 1958 2322 solum

370 2369 722 2429 narrationes,
755 2363 1072 2434 fabulaeque,
1104 2371 1157 2418 et
1186 2362 1430 2430 ﬁgmenta
1457 2361 1630 2414 solent
1655 2374 1798 2430 smpe
1824 2356 1960 2413 mul-

375 2467 456 2510 tos
481 2455 744 2510 consolari
789 2453 1060 2508 auditores
1089 2470 1102 2506 :
1144 2452 1311 2506 multo
1348 2451 1518 2522 magis
1556 2449 1673 2505 haec
1699 2465 1817 2520 qua:
1843 2463 1960 2504 ma-

377 2562 534 2615 gnam
563 2545 915 2599 ostendebant
953 2543 1379 2608 beneﬁcentiam,
1407 2541 1720 2612 potentiam,
1747 2539 1962 2608 sapien-

381 2637 525 2700 tiam,
573 2648 780 2700 curam,
811 2639 866 2687 et
905 2647 1010 2686 una
1038 2646 1158 2686 cum
1185 2631 1452 2701 voluptate
1489 2628 1782 2684 auditorem
1821 2628 1966 2682 exci-

382 2726 596 2788 tabant,
628 2732 682 2779 et
708 2723 991 2778 meliorem
1017 2721 1335 2776 reddebant.
1369 2719 1475 2787 Qui
1508 2718 1652 2774 enim
1685 2718 1821 2774 dum
1840 2717 1958 2774 hac

379 2814 1078 2888 agerenturinterfuerant,
1092 2820 1147 2868 et
1165 2813 1283 2867 visu
1302 2819 1654 2883 exceperant,
1669 2824 1732 2866 ea
1744 2809 1957 2868 auditui
1979 2841 1989 2862 ι

379 2909 689 2971 tradebant,
714 2915 768 2962 et
795 2905 863 2960 ad
893 2904 1049 2960 ﬁdem
1081 2903 1384 2958 faciendam
1415 2918 1524 2957 non
1545 2901 1726 2958 minus
1745 2903 1986 2958 valebat-

375 3000 790 3068 auditus,quam
809 2993 1114 3054 visus.Non
1136 2995 1317 3050 minus
1334 2995 1478 3049 enim
1493 2995 1791 3051 credebant
1808 2994 1844 3049 ii
1863 2995 1958 3066 qui

374 3108 484 3146 non
513 3091 828 3155 adfuerant,
854 3104 955 3145 nec
982 3088 1258 3151 viderant,
1284 3102 1450 3158 quam
1476 3087 1516 3141 ii
1545 3087 1638 3155 qui
1669 3086 1960 3156 adfuerant
1979 3114 1985 3126 π

373 3193 428 3240 ει
451 3183 700 3238 viderant
739 3203 751 3236 :
793 3183 900 3237 hoc
932 3195 1154 3251 quoque
1179 3194 1273 3234 eos
1308 3194 1417 3234 non
1449 3194 1642 3251 parum
1667 3179 1960 3235 exercebat
1979 3208 1986 3216 -

375 3275 442 3327 ad
465 3274 646 3328 ﬁdem.
674 3273 978 3326 Videamus
1001 3278 1183 3326 autem
1215 3270 1308 3340 qui
1331 3270 1630 3333 narrarint,
1655 3277 1708 3324 ει
1737 3285 1864 3323 num
1888 3269 1990 3324 si»

375 3366 522 3419 milis
561 3362 871 3433 argumenti
903 3361 1276 3416 meminerint.
1324 3359 1426 3427 Qui
1457 3361 1604 3416 enim
1639 3369 1724 3416 est
1755 3360 1962 3432 aliquid

375 3465 691 3525 rogaturus,
712 3463 764 3510 ει
786 3453 1118 3523 postulatum
1137 3459 1557 3516 consecuturus,
1588 3469 1651 3509 ex
1683 3453 1807 3508 data
1840 3453 1986 3508 aliis.

373 3547 549 3618 gratia
581 3561 705 3601 eum
728 3551 943 3616 oportet
976 3551 1156 3614 petere
1178 3543 1398 3599 similia.
1420 3543 1574 3610 Quod
1605 3553 1786 3601 autem
1813 3544 1960 3608 dico,

374 3650 459 3696 est
490 3638 796 3708 ejusmodi:
827 3637 960 3708 petit
983 3637 1185 3707 aliquis
1211 3635 1452 3693 famulus
1477 3653 1506 3691 a
1536 3637 1694 3693 nobis
1721 3638 1958 3694 donum:

375 3732 420 3788 si
443 3731 746 3787 ostenderit
765 3731 932 3785 alium
953 3745 1175 3802 quoque
1196 3731 1248 3785 id
1265 3731 1567 3801 accepisse,
1583 3731 1873 3785 maximam
1887 3729 1964 3785 af—

376 3825 483 3878 lert
507 3823 800 3888 rationem,
828 3837 927 3878 cur
951 3823 1002 3877 id
1023 3823 1504 3894 debeataecipere,
1533 3824 1638 3878 nisi
1655 3823 1983 3894 exemplum.

376 3913 540 3968 laedat
571 3911 902 3968 dill'erentia.
940 3911 1310 3968 Differentiam
1347 3922 1530 3968 autem
1562 3913 1688 3968 dico
1717 3928 1965 3984 persona:

377 4008 461 4063 vel
498 4013 595 4064 rei.
623 4005 679 4062 Si
696 4009 840 4063 enim
873 4007 966 4078 qui
988 4007 1363 4076 accepit,talis
1382 4007 1780 4076 sit,qualisqui
1809 4009 1961 4077 petit,

376 4107 429 4153 et
461 4099 512 4154 id
536 4100 679 4170 quod
706 4100 929 4168 petitur,
953 4097 1157 4160 simile,
1178 4105 1288 4153 stat
1311 4098 1650 4168 exemplum:
1675 4099 1758 4152 sin
1781 4108 1962 4154 autem

377 4191 470 4245 ille
497 4191 715 4262 quidem
742 4190 868 4261 jure
897 4188 1136 4261 accepit,
1160 4188 1252 4242 hic
1285 4197 1466 4243 autem
1501 4205 1608 4244 non
1643 4189 1852 4254 itidem,
1877 4204 1966 4260 po-

379 4265 675 4340 stulatione
689 4284 885 4352 majori
903 4285 1008 4338 erit
1022 4298 1180 4353 opus.
1201 4281 1440 4339 Necesse
1451 4291 1536 4337 cst
1556 4290 1735 4336 autem
1753 4281 1806 4335 id
1819 4282 1982 4352 quod-

380 4377 506 4433 dico
521 4375 871 4430 manifestum
889 4375 1070 4432 facere
1086 4392 1150 4432 ex
1167 4373 1805 4446 Scripturis.Chanana:a
1819 4378 1966 4444 post-

380 4484 546 4538 quam
572 4466 898 4533 audiit,Non
917 4477 995 4523 est
1019 4469 1211 4523 bonum
1229 4468 1468 4538 accipere
1492 4483 1680 4536 panem
1704 4466 1962 4536 ﬁliorum,

380 4573 428 4620 et
463 4559 593 4614 dare
614 4559 854 4626 canibus,
877 4559 1009 4615 dicit
1036 4579 1048 4614 :
1083 4558 1288 4625 Etiam,
1313 4558 1569 4615 Domine:
1587 4576 1711 4614 nam
1726 4571 1774 4614 et
1799 4558 1966 4614 catuli

374 4647 528 4700 edunt
555 4648 618 4700 de
652 4647 792 4702 micis
825 4664 1010 4703 mensa:
1034 4647 1353 4703 dominorum
1380 4665 1584 4703 suorum
1631 4646 1846 4720 (Matth.
1876 4647 1962 4703 15.

376 4739 466 4794 ‘26.
495 4739 609 4812 27).
640 4739 704 4794 Et
731 4739 927 4796 Paulus
953 4757 1137 4797 rursus
1167 4741 1184 4773 ¹
1215 4739 1473 4806 scribens,
1506 4741 1750 4797 dicebat:
1785 4741 1846 4797 Si
1873 4739 1963 4795 alii

375 4844 552 4887 restria
595 4833 852 4902 potestatis
893 4847 1010 4888 sunt
1057 4834 1343 4906 participes,
1377 4835 1536 4888 multo
1566 4835 1726 4906 magis
1770 4851 1862 4889 nos
1885 4834 1962 4906 (l.

375 4924 495 4979 Cor.
525 4924 578 4980 9.
616 4925 705 4994 l2)
737 4943 748 4977 :
782 4941 856 4980 es
884 4941 1124 4996 persona:
1151 4925 1448 4984 diﬁ‘erentia
1476 4943 1535 4983 se
1561 4928 1680 4997 plus
1697 4927 1832 4998 juris
1862 4927 1962 4983 ha-

376 5019 504 5074 bere
531 5019 840 5075 ostendens.
887 5019 956 5074 Et
994 5035 1176 5076 rursus
1211 5021 1452 5098 scribens
1478 5021 1544 5076 ad
1574 5020 1961 5088 Philemonem,

371 5103 586 5164 dicebat
619 5128 633 5166 :
663 5111 796 5179 Quia
835 5113 1024 5168 viscera
1063 5123 1351 5169 sanctorum
1401 5116 1744 5184 requieverunt
1781 5124 1962 5186 perte,

373 5206 536 5272 frater
565 5219 581 5256 :
609 5213 810 5276 propter
835 5205 970 5276 quod
999 5207 1210 5261 multum
1247 5207 1487 5278 ﬁduciam
1525 5207 1713 5262 habens
1738 5208 1792 5262 in
1819 5207 1964 5263 Clari-

371 5305 451 5346 sto
491 5292 620 5349 Jcsu
651 5297 936 5367 imperandi
982 5298 1069 5350 tibi
1098 5297 1232 5370 quod
1275 5298 1341 5351 ad
1367 5315 1470 5352 rem
1498 5299 1730 5369 pertinet,
1762 5310 1968 5367 prapter

373 5386 638 5440 caritatem
675 5389 833 5458 magis
871 5388 1073 5442 obsecro
1107 5388 1349 5459 (Philem.
1384 5407 1431 5444 υ.
1464 5391 1516 5444 7.
1549 5389 1624 5463 8).
1667 5389 1763 5445 Hic
1795 5399 1876 5446 est
1900 5407 1963 5447 cx

370 5495 524 5548 :rquo
569 5481 890 5551 exemplum.
917 5481 1142 5551 Quando
1168 5483 1309 5537 enim
1339 5483 1541 5552 primus
1581 5481 1742 5539 fuerit
1765 5484 1853 5553 qui
1880 5499 1968 5537 ae-

372 5571 533 5638 cepit,
557 5571 718 5626 veluti
763 5573 1047 5643 quamdam
1078 5573 1312 5627 secundo
1357 5573 1570 5641 ianuam
1599 5575 1790 5644 aperit,
1818 5574 1863 5631 si
1895 5575 1967 5630 si-

370 5661 512 5716 milis
540 5663 607 5716 sit
639 5663 725 5732 qui
762 5673 844 5717 est
891 5662 1171 5732 petiturus,
1218 5663 1300 5720 vel
1329 5663 1373 5719 si
1419 5665 1604 5720 eadem
1657 5675 1817 5737 petat.
1852 5665 1967 5723 Non

433 5840 444 5868 ι
487 5838 540 5888 lu
567 5839 731 5890 .\lut‘t:l.
759 5853 873 5900 vox,
899 5839 1294 5902 rursus,,deest.

1454 407 1807 467 EXPOSITIO
1844 405 1908 461 IN
1949 365 2263 461 assumit
2305 406 2480 462 XLIII.

3555 409 3652 464 ΠΟ

2065 521 2236 577 solum
2264 531 2440 578 autem
2483 538 2551 577 ex
2585 523 2674 588 iis,
2709 537 2827 596 qua:
2871 523 2990 579 aliis
3009 524 3138 582 data
3183 535 3326 592 sunt,
3367 528 3462 584 sed
3492 544 3558 584 ex
3588 530 3652 582 iis

2059 613 2216 668 etiam
2246 627 2366 682 qua:
2408 614 2460 668 in
2490 628 2588 668 nos
2631 614 2774 684 ipsos
2815 624 2969 670 antea
3013 616 3206 672 collata
3249 629 3391 684 sunt,
3420 622 3478 676 tit
3507 636 3649 690 saepe

2058 704 2230 758 valida
2263 704 2546 774 postulatio
2589 723 2601 758 :
2637 705 2778 775 quod
2808 707 2966 760 etiam
3006 706 3143 764 fecit;
3163 707 3360 765 Paulus
3402 709 3646 766 scribens

2057 796 2122 850 ad
2153 795 2539 866 Philippenses,
2570 808 2624 852 et
2644 798 2825 852 dicens
2850 818 2862 853 :
2890 799 3140 866 Quoniam
3161 809 3207 854 et
3235 799 3646 856 Thessalonicam

2059 887 2212 940 semel
2235 896 2281 938 ct
2309 887 2490 941 iterant
2533 887 2666 956 quod
2709 889 2834 942 milii
2878 891 3264 960 usuiJnturum
3308 902 3415 946 erat
3444 893 3648 947 misistis

2065 977 2320 1048 (Philipp.
2347 979 2398 1033 4.
2433 980 2544 1049 16).
2579 980 2644 1033 Ει
2673 980 2793 1035 ideo
2825 981 2971 1036 multi
2998 982 3090 1052 qui
3111 983 3291 1038 multis
3316 983 3514 1039 donant
3543 984 3645 1039 hoc

2063 1069 2396 1137 prmcipiuut,
2427 1083 2494 1124 ne
2521 1067 2570 1124 id
2599 1068 2779 1124 dicant
2811 1071 2930 1126 aliis
2955 1089 2965 1120 :
3000 1087 3068 1126 ne
3095 1073 3145 1127 in
3172 1089 3334 1129 unum
3362 1064 3494 1130 facta
3520 1089 3613 1146 ενα
3633 1107 3646 1116 -

2063 1159 2156 1225 tia,
2184 1160 2230 1212 ei
2259 1159 2348 1229 qui
2375 1159 2540 1224 dedit,
2574 1161 2769 1214 multos
2800 1162 3050 1232 petitores
3079 1165 3294 1230 excitet,
3325 1175 3504 1236 utpote
3523 1181 3647 1224 cum

2063 1265 2168 1304 non
2217 1252 2381 1319 possit
2427 1252 2811 1322 subterfugium
2854 1254 3093 1312 invenire
3129 1258 3218 1328 qui
3247 1258 3414 1325 dedit,
3447 1262 3652 1329 quomi-

2062 1357 2162 1396 nus
2191 1341 2283 1397 det
2303 1343 2440 1396 aliis.
2482 1343 2548 1398 Et
2579 1343 2680 1400 hoc
2705 1345 2920 1416 quidem
2962 1347 3152 1402 merito
3172 1347 3361 1418 jubent
3385 1350 3650 1417 homines,

2062 1440 2118 1488 ut
2162 1433 2253 1502 qui
2300 1432 2476 1488 dando
2527 1433 2656 1488 ﬁant
2701 1437 3089 1510 pauperiores:
3122 1439 3261 1494 Deus
3308 1449 3486 1497 autem
3528 1457 3655 1498 eon-

2061 1528 2140 1576 tra
2169 1521 2420 1592 praedicnt
2460 1533 2514 1579 et
2553 1526 2846 1596 proclamat
2879 1541 2944 1583 ea
2981 1544 3098 1598 qua:
3133 1529 3228 1585 dat
3269 1531 3408 1599 aliis,
3453 1542 3508 1587 ut
3535 1534 3653 1589 aliis

2063 1613 2222 1668 etiam
2273 1613 2507 1683 praebeat
2555 1618 2910 1674 occasionem.
2940 1635 3128 1680 rursus
3187 1624 3258 1678 ab
3303 1639 3370 1680 eo
3417 1627 3650 1697 petendi.

2061 1702 2245 1758 Danilo
2271 1705 2411 1759 enim
2440 1706 2667 1776 majores
2688 1709 2804 1780 ejus
2829 1714 3188 1771 ostenduntur
3201 1715 3419 1774 divitiae.
3447 1719 3513 1774 Et
3534 1718 3655 1775 ideo

2062 1794 2192 1852 dicit
2221 1796 2415 1852 Paulus
2449 1817 2463 1854 :
2494 1798 2594 1865 Qui
2623 1801 2760 1857 dives
2787 1813 2861 1858 est
2907 1807 2961 1860 in
3005 1823 3198 1876 omnes,
3240 1819 3285 1864 et
3309 1827 3467 1884 super
3483 1829 3656 1868 omnes

2061 1887 2348 1944 invocantes
2375 1905 2487 1943 eum
2511 1889 2684 1964 (Rom.
2718 1893 2805 1952 l0.
2836 1896 2947 1966 12).
2989 1895 3177 1956 Vidisti
3226 1919 3415 1958 novam
3462 1921 3655 1976 quam-

2065 1980 2188 2036 dam
2240 1990 2484 2037 naturam
2533 1983 2880 2044 divitiarum?
2924 1989 3054 2045 Eam
3102 2004 3156 2048 tu
3203 2010 3414 2066 quoque
3451 1999 3658 2055 imitare

2064 2075 2530 2146 magniﬁcentiam.
2577 2080 2802 2148 Quando
2835 2085 2990 2140 enim
3035 2101 3165 2156 opes
3220 2090 3479 2160 repositas
3528 2107 3657 2146 cou-

2065 2169 2378 2238 sumpseris,
2403 2177 2529 2226 tunc
2557 2171 2700 2243 ipsas
2742 2175 2910 2245 magis
2945 2177 3165 2248 augebis
3183 2196 3210 2236 .:
3242 2181 3288 2235 si
3312 2189 3488 2236 autem
3518 2183 3659 2239 int‘o-

2063 2261 2232 2330 deris‘,
2261 2262 2405 2333 ipsas
2445 2271 2571 2323 tunc
2606 2267 2774 2338 magis
2803 2267 3090 2327 diminues.
3120 2271 3184 2327 Et
3223 2273 3349 2344 quid
3377 2276 3568 2331 mirum
3613 2278 3657 2332 si

2066 2349 2170 2407 hoc
2211 2353 2405 2408 accidit
2449 2355 2504 2410 in
2550 2357 2936 2428 spiritualibus,
2987 2376 3108 2417 cum
3156 2362 3260 2418 hoc
3300 2365 3392 2420 ﬁat
3414 2364 3576 2421 etiam
3605 2368 3658 2421 in

2065 2445 2407 2504 carnalibus?
2447 2448 2502 2505 Si
2531 2451 2649 2520 quis
2691 2451 2834 2508 enim
2876 2467 3093 2525 propter
3121 2459 3504 2527 parcimoniam
3547 2459 3656 2514 fru-

2069 2545 2305 2592 mentum
2333 2538 2478 2593 domi
2525 2542 2686 2596 situm
2728 2560 2834 2600 non
2877 2535 3286 2615 consumpserit,
3328 2565 3428 2605 nec
3459 2551 3510 2605 in
3544 2561 3659 2607 ter-

2069 2640 2184 2680 ram
2209 2627 2419 2696 iecerit,
2462 2629 2513 2684 id
2541 2633 2812 2688 vermibus
2840 2635 3179 2692 exedendum
3217 2639 3375 2694 tradit
3406 2656 3421 2694 :
3451 2642 3532 2696 sin
3561 2658 3656 2698 au-

2074 2727 2179 2774 tem
2203 2718 2534 2789 disperserit,
2557 2723 2812 2792 majorem
2841 2741 3068 2786 messem
3089 2729 3324 2799 colliget.

2143 2811 2196 2866 3.
2243 2810 2464 2866 Divitum
2500 2829 2698 2868 summa
2725 2829 3018 2887 paupertas.
3067 2850 3129 2860 -—
3161 2821 3358 2876 Audito
3396 2832 3654 2895 quotquot

2071 2901 2201 2958 eetis
2222 2901 2358 2959 tardi
2388 2901 2455 2956 ad
2477 2903 2901 2978 .eleemosyuam.
2933 2907 3126 2965 Audite
3153 2910 3244 2980 qui
3272 2911 3420 2967 vobis
3447 2914 3660 2970 divitias

2069 2994 2332 3050 sanando
2359 2995 2674 3054 diminuitis.
2718 3001 2911 3056 Audite
2943 3003 3039 3073 qui
3077 3003 3242 3058 nihilo
3269 3006 3461 3062 melius
3486 3007 3656 3066 aﬂecti

2071 3088 2231 3152 estis,
2249 3103 2408 3158 quam
2457 3089 2548 3160 qui
2595 3100 2717 3147 sunt
2766 3093 2822 3148 in
2858 3094 3081 3149 seminis
3118 3096 3331 3153 divites.
3361 3097 3492 3166 Quae
3538 3115 3661 3155 sunt

2069 3178 2212 3234 enim
2270 3181 2588 3248 przesentia,
2635 3193 2761 3239 sunt
2803 3185 3018 3240 somnio
3053 3185 3222 3242 nihilo
3274 3189 3658 3250 meliorazsed

2070 3269 2520 3340 quemadmodum
2559 3275 2648 3345 qui
2697 3276 2750 3330 in
2803 3279 3026 3334 somniis
3055 3279 3157 3334 sibi
3189 3280 3660 3342 videnturhahere

2070 3364 2342 3432 pecunias,
2369 3365 2497 3424 licet
2519 3364 2720 3424 fuerint
2757 3370 2918 3438 regia:
2957 3385 3102 3441 gave
3129 3372 3354 3440 domini,
3381 3390 3514 3431 eum.
3543 3376 3661 3434 dies

2070 3451 2323 3518 illuxerit,
2352 3464 2476 3509 sunt
2500 3457 2736 3513 omnium
2766 3461 3086 3530 pauperrimi
3113 3479 3125 3516 :
3155 3464 3226 3517 ita
3271 3465 3524 3522 etiam-iu
3553 3467 3656 3523 vita

2069 3545 2340 3613 praesenti,
2361 3546 2461 3616 ~qui
2493 3547 2623 3602 nihil
2652 3549 2779 3604 illuc
2801 3549 3011 3608 auferre
3032 3554 3285 3623 potuerit,
3309 3566 3393 3611 est
3420 3559 3657 3614 omnium

2069 3639 2462 3707 pauperrimus,
2492 3639 2614 3696 licet
2631 3641 2815 3697 omnia
2837 3645 3164 3714 possederit;
3199 3647 3252 3703 in
3275 3650 3497 3706 somniis
3514 3651 3660 3706 enim

2068 3729 2238 3784 solum
2263 3729 2412 3786 dives
2434 3730 2548 3788 fuit.
2579 3732 2795 3790 Sitvelis
2811 3751 2938 3806 ergo
2959 3737 3088 3792 mihi
3107 3738 3392 3796 ostendere
3413 3739 3656 3804 divitem,

2069 3828 2195 3876 tunc
2244 3823 2372 3878 mihi
2415 3823 2642 3880 ostende
2682 3827 2898 3896 quando
2930 3827 3090 3885 fuerit
3129 3831 3279 3898 dies,
3329 3834 3547 3904 quando
3605 3835 3658 3890 in

2068 3910 2214 3966 illam
2245 3913 2470 3980 patriam
2499 3917 2922 3972 recesserimus:
2953 3935 3111 3975 nunc
3125 3930 3300 3977 autem
3330 3939 3436 3979 non
3461 3933 3647 3996 potero

2068 4001 2376 4057 discernere
2401 4001 2702 4058 divitenret
2729 4019 3036 4074 pauperem.
3067 4008 3182 4064 Non
3210 4013 3354 4068 enim
3375 4027 3454 4068 est
3480 4031 3657 4072 rerum

2071 4091 2292 4155 veritas,
2319 4091 2413 4146 sed
2445 4093 2620 4161 potius
2646 4105 2772 4148 sum
2791 4095 3026 4164 jucunda
3047 4109 3102 4154 et
3119 4103 3358 4168 speciosa
3381 4108 3657 4162 vocabula.

2069 4182 2528 4252 Quemadmodum
2557 4183 2700 4240 enim
2727 4187 3261 4258 nonnulliappellant
3287 4209 3460 4252 ca-cos
3513 4209 3660 4254 πολυ-

2070 4283 2342 4341 ελιπσντας,
2373 4272 2475 4329 hoc
2521 4283 2622 4342 est,
2643 4277 2886 4336 multum
2915 4278 3186 4347 videntes,
3204 4283 3328 4339 licet
3353 4301 3442 4342 res
3468 4304 3660 4346 nomen

2073 4379 2180 4420 non
2206 4373 2477 4436 sequatur,
2505 4366 2612 4422 imo
2650 4369 2686 4424 ii
2715 4370 2825 4426 sint
2862 4373 3109 4430 maxime.
3125 4377 3498 4435 non..videntes
3534 4398 3548 4434 :
3592 4381 3661 4436 ita

2074 4457 2234 4514 etiam
2261 4474 2453 4516 nomen
2480 4461 2702 4518 divitum
2740 4465 2826 4520 hic
2864 4465 2988 4521 dico
3010 4467 3340 4526 circumferri
3361 4487 3549 4533 eorum
3571 4479 3660 4548 qui

2073 4550 2204 4606 nihil
2244 4550 2354 4608 illic
2391 4554 2685 4624 possident.
2709 4557 2932 4626 Quando
2973 4561 3116 4617 enim
3161 4561 3249 4620 hic
3282 4564 3432 4622 dives
3478 4566 3658 4636 fuerit,

2073 4652 2198 4699 tunc
2222 4659 2345 4700 eum
2372 4647 2484 4702 seio
2513 4649 2742 4705 maxime
2766 4665 2885 4706 esse
2908 4667 3240 4723 pauperem:
3271 4658 3374 4715 nisi
3399 4662 3543 4718 etaim
3571 4677 3662 4720 es-

2071 4747 2154 4792 set
2178 4738 2332 4794 valde
2375 4755 2597 4810 paupcr,
2631 4758 2737 4796 non
2772 4743 2926 4800 valde
2966 4745 3274 4806 ditesceret.
3304 4752 3660 4820 Quemadmo-

2071 4827 2195 4884 dum
2219 4830 2361 4886 enim
2389 4847 2610 4899 ciccum,
2643 4834 2744 4889 nisi
2773 4836 2990 4892 omnino
3014 4850 3514 4914 esseLexcu‘catus,
3555 4863 3662 4905 non

2071 4921 2432 4990 appellassent
2477 4923 2651 4993 ipsum
2704 4933 3070 4993 πολυελιποντα,
3101 4931 3203 4988 hoe
3251 4944 3367 5003 est,
3436 4939 3659 4992 multum

2072 5011 2341 5066 videntem
2367 5027 2381 5071 :
2414 5012 2482 5065 ita
2510 5015 2595 5070 hic
2619 5016 2778 5070 etiam
2803 5019 3093 5086 putandum
3123 5033 3224 5078 est.
3253 5024 3504 5094 Deposita
3531 5041 3662 5095 ergo

2071 5104 2390 5175 deceptione
2420 5107 2713 5175 nominum,
2738 5113 3013 5168 veritatem
3035 5115 3371 5184 arripiamus.
3393 5115 3500 5171 [les
3519 5117 3662 5171 enim

2075 5211 2180 5252 non
2223 5197 2523 5254 consistunt
2567 5199 2618 5255 in
2661 5203 2988 5271 nominibus,
3021 5205 3116 5259 sed
3148 5221 3326 5261 rerum
3368 5216 3552 5262 natura
3581 5212 3658 5264 ef-

2077 5290 2225 5362 ﬁngit
2242 5290 2454 5344 nomina
2476 5307 2539 5348 ex
2563 5295 2772 5364 pr0pria
2797 5297 3113 5352 substantia.
3141 5298 3238 5353 llic
3255 5309 3472 5355 vocatur
3490 5300 3658 5366 dives,

2077 5383 2172 5440 sed
2203 5398 2307 5440 non
2331 5393 2432 5439 est.
2480 5385 2546 5441 Et
2585 5390 2853 5458 quomodo
2883 5405 2990 5444 non
3037 5397 3142 5456 est,
3180 5391 3394 5460 quando
3437 5395 3659 5450 multum

2077 5475 2302 5547 argenti,
2330 5477 2552 5531 multum
2582 5479 2725 5542 auri,
2751 5479 2952 5548 lapides
2993 5479 3228 5547 pretiosi,
3257 5491 3434 5539 vestes
3459 5499 3656 5550 aures,

2078 5578 2134 5624 et
2159 5567 2334 5622 omnia
2373 5568 2472 5622 alia
2499 5569 2548 5624 ei
2579 5568 2833 5624 afﬂuunt?
2860 5569 3122 5636 Quoniam
3167 5587 3274 5628 non
3313 5589 3524 5644 aurum,
3565 5595 3664 5636 nec

2080 5669 2278 5726 vestes,
2313 5674 2411 5716 nec
2442 5659 2703 5731 pecuniae,
2745 5659 3220 5737 sedeleemosyna
3260 5664 3384 5729 facit
3422 5667 3661 5728 divitem.

2083 5753 2208 5809 llaec
2225 5752 2366 5807 enim
2397 5761 2522 5806 sunt
2557 5750 2779 5818 Renum,
2811 5753 2926 5810 lucc
2965 5755 3104 5828 ligna
3144 5769 3199 5816 et
3241 5760 3454 5833 stipula.
3482 5763 3662 5828 Qualis

2085 5846 2245 5913 enim,
2287 5846 2390 5915 die,
2429 5861 2630 5918 quaso,
2659 5847 2888 5905 vestium
2914 5850 3140 5910 amictus
3167 5853 3314 5912 illum
3339 5859 3402 5915 ad
3434 5853 3664 5910 terribile
