4112 6214
471 341 563 398 m
987 369 1002 386 ς
1179 339 1238 395 s.
1275 336 1553 396 JOANNIS
1590 337 2057 398 cuuvsosront
2099 339 2416 400 Αιισιιιιςιν.
2455 318 2987 398 coxsrasrtxor.
3649 347 3750 403 ιτς

465 454 597 510 illud
623 450 851 510 tribunal
882 449 1081 508 nudum
1118 460 1347 506 stantem
1388 450 1599 521 operire
1634 449 1867 519 poterit?
1903 450 2053 518 Quod

469 547 858 612 pertimescens
891 541 1086 598 Paulus
1121 541 1331 597 dicebat
1359 557 1374 597 :
1415 542 1472 596 Si
1502 540 1701 612 quidem
1740 539 1922 606 induti,
1957 558 2056 594 non

466 637 589 689 ηειάὶ
615 637 924 704 reperiemur
954 633 1027 704 (9..
1077 632 1196 688 Cor.
1228 633 1280 688 5.
1311 630 1388 704 5).
1417 631 1546 699 Qum
1576 627 1813 700 pecunize
1853 646 1975 686 eum
2002 631 2053 684 in

468 727 762 796 perieulum
789 727 1090 780 adductum
1137 733 1384 794 poterunt
1419 721 1692 777 eximere?
1735 723 1822 792 qui
1874 721 2051 778 famuli

470 827 716 887 poterunt
747 816 934 870 adesse
971 815 1189 870 domino
1215 815 1301 883 qui
1332 812 1663 884 ﬂagellatur?
1684 829 1801 883 quae
1827 813 2054 867 domus?

469 911 558 980 qui
591 910 795 980 lapides
826 908 1080 979 pretiosi?
1109 922 1227 976 qua:
1254 905 1440 960 balnea
1472 913 1719 973 poterunt
1747 903 2054 974 abstergere

468 1001 656 1056 sordes
682 1011 955 1070 susceptas
987 1014 1052 1055 ex
1094 998 1356 1070 peccatis?
1382 996 1670 1067 Quousque
1703 997 1944 1066 vosipsas
1971 1011 2054 1051 se-

466 1091 694 1146 ducitis?
739 1105 1015 1160 quousque
1067 1103 1246 1143 rerum
1299 1089 1576 1142 veritatem
1628 1101 1734 1140 non
1786 1085 2002 1140 cernitis
2036 1127 2051 1151 ,

467 1183 562 1237 sed
591 1182 813 1236 somniis
842 1181 1076 1245 inbiatis,
1105 1196 1224 1236 cum
1270 1195 1437 1252 prope
1463 1189 1516 1234 et
1563 1180 1612 1232 in
1647 1179 1846 1233 foribus
1871 1179 1938 1232 sit
1962 1177 2052 1247 ju-

466 1273 705 1328 dicium?
737 1272 842 1328 Sed
889 1281 1221 1328 revertamur
1245 1272 1310 1326 ad
1355 1288 1415 1325 ea
1459 1286 1576 1342 qua:
1605 1280 1725 1324 sunt
1762 1274 2050 1340 proposita.

467 1365 648 1420 Patres
678 1365 835 1418 nostri
874 1363 1297 1418 annuntiaverunt
1325 1363 1464 1416 nobis
1493 1377 1618 1431 Opus
1656 1360 1789 1429 quod
1815 1360 1975 1428 fecisti
2001 1359 2051 1411 in

465 1457 640 1512 diebus
681 1473 874 1521 eorum,
927 1456 979 1509 in
1031 1456 1205 1509 diebus
1249 1454 1482 1524 antiquis.
1531 1455 1713 1507 Potest
1752 1453 1910 1506 etiam
1951 1450 2054 1505 hoc

466 1548 684 1601 verbum
713 1548 849 1600 sumi
876 1545 1186 1616 anagogice.
1220 1546 1332 1599 Etsi
1360 1544 1502 1598 enim
1535 1543 1639 1596 illis
1670 1554 1847 1612 patres
1872 1558 2054 1595 narra-

466 1649 678 1704 verunt,
714 1647 887 1692 tamen
921 1637 1073 1690 nobis
1114 1636 1270 1690 etiam
1315 1634 1463 1688 dedit
1499 1635 1588 1688 Dei
1631 1633 1820 1702 gratia,
1854 1643 1909 1684 ut
1935 1648 2052 1701 (ιιιιιε

464 1731 603 1798 apud
644 1731 762 1784 illos
804 1729 942 1783 facta
984 1737 1127 1792 sunt,
1167 1742 1260 1796 per
1289 1727 1455 1780 sancti
1499 1726 1726 1795 Spiritus
1768 1724 2050 1779 adventum

465 1823 815 1876 disceremus.
857 1818 1134 1886 Quomodo
1175 1827 1351 1872 autem
1398 1817 1590 1886 poterit
1629 1817 1888 1885 quispiam
1940 1815 2053 1868 lucc

465 1926 680 1966 sumere
724 1908 1048 1980 anagogiee?
1095 1908 1148 1963 Si
1194 1924 1254 1962 ea
1297 1907 1474 1961 trahat
1499 1905 1564 1960 ad
1607 1905 1856 1974 pra-clara
1901 1918 2052 1958 nova:

463 2005 644 2072 gratia:
673 2001 928 2067 facinora,
955 2000 1094 2071 quod
1136 2000 1194 2054 in
1232 2000 1421 2054 czelum
1451 1998 1638 2053 sublati
1682 1997 1869 2063 simus,
1910 1996 2056 2064 quod

464 2111 630 2166 regno
655 2093 800 2165 digni
831 2093 997 2147 simus
1028 2090 1214 2157 habiti,
1243 2091 1381 2162 quod
1417 2091 1554 2145 Deus
1583 2089 1743 2144 homo
1770 2087 1938 2142 lactus
1960 2088 2049 2154 sit,

463 2186 602 2254 quod
633 2184 809 2240 solvat
835 2182 1202 2238 intermediam
1227 2183 1368 2252 scpis
1400 2179 1696 2235 maceriam.
1731 2177 1836 2234 Sed
1866 2179 2050 2234 redea-

465 2291 588 2333 mus
613 2277 679 2332 ad
710 2275 1006 2332 historiam.
1029 2273 1170 2345 Opus
1189 2275 1322 2346 quod
1351 2283 1584 2344 operatus
1608 2290 1658 2327 es
1688 2273 1740 2326 in
1765 2273 1936 2326 diebus
1964 2287 2050 2325 eo-

461 2386 594 2435 rum,
634 2370 687 2423 in
736 2367 910 2422 diebus
948 2367 1184 2437 antiquis.
1225 2365 1464 2420 Meminit
1509 2363 1784 2434 cujusdam
1823 2364 2051 2432 antiqua:

463 2458 803 2523 narrationis,
828 2465 880 2512 et
907 2473 1026 2527 quae
1072 2456 1324 2525 prwclare
1349 2455 1475 2510 olim
1504 2454 1636 2510 facta
1665 2463 1787 2507 sunt
1815 2453 2046 2508 adducit.

462 2551 524 2604 Et
545 2565 640 2604 cur
661 2565 765 2602 non
797 2547 1025 2616 alicujus
1054 2547 1174 2600 novi
1207 2545 1770 2613 meminit?Quonia-m
1793 2543 1933 2614 apud
1951 2543 2049 2597 bo-

461 2639 631 2694 mines
659 2639 875 2710 quidem
908 2637 1032 2708 jure
1075 2653 1158 2704 ea,
1199 2653 1319 2708 qua:
1361 2646 1485 2691 sunt
1512 2651 1700 2692 recens
1741 2646 1876 2700 acta,
1925 2650 2052 2688 nar—

461 2747 640 2786 ramus
665 2750 679 2786 :
708 2740 762 2786 et
781 2730 874 2800 per
899 2745 959 2785 ea
988 2731 1130 2800 ipsos
1149 2728 1486 2794 attrahimus,
1519 2731 1640 2799 quia
1668 2743 1852 2783 eorum
1877 2727 2047 2782 imbe-

459 2823 582 2876 cilla
637 2831 721 2877 est
773 2821 1030 2876 memoria
1065 2821 1232 2875 :‘Dco
1277 2829 1455 2874 autem
1504 2834 1655 2889 teque
1703 2828 1827 2873 sunt
1871 2818 2050 2873 omnia

459 2913 693 2984 cognita,
722 2922 778 2968 et
815 2921 1018 2978 vetera,
1067 2921 1121 2967 et
1163 2927 1318 2966 nova.
1347 2910 1479 2964 Ecce
1521 2911 1702 2976 enim,
1753 2911 1954 2980 inquit,
1997 2920 2050 2962 tu

459 3004 734 3074 cognovisti
762 3005 952 3070 onmia,
983 3003 1253 3057 novissima
1281 3011 1328 3056 et
1352 3003 1560 3074 antiqua
1590 2999 1762 3073 (Psal.
1815 3001 1937 3056 158.
1969 3001 2046 3072 5).

460 3094 582 3148 Nilil
637 3102 815 3148 autem
861 3093 1028 3148 refert
1077 3109 1146 3147 an
1202 3103 1459 3155 veterem,
1506 3107 1572 3146 an
1629 3107 1818 3146 novam
1867 3107 2048 3146 narra-

462 3186 663 3242 tionem
703 3186 826 3256 quis
868 3185 1083 3247 dixerit,
1130 3185 1290 3240 modo
1318 3185 1389 3238 sit
1414 3185 1684 3254 prOposito
1704 3185 2046 3239 conveniens.

461 3280 760 3346 Quamnam
825 3288 1004 3332 autem
1058 3277 1168 3331 vult
1228 3277 1496 3348 antiquam
1555 3277 1735 3331 dicere
1789 3278 2050 3331 narratio-

466 3389 588 3428 netn
613 3373 638 3425 ?
679 3371 990 3427 Audiamus.
1033 3371 1086 3425 5.
1140 3369 1329 3424 Manus
1377 3379 1462 3423 tua
1503 3381 1671 3441 gentes
1718 3369 2047 3440 disperdidit,

463 3477 510 3519 et
555 3465 794 3534 pluntasti
839 3480 922 3518 eos
964 3483 982 3516 :
1028 3463 1247 3534 afflixiin
1290 3463 1530 3533 papulas,
1579 3471 1631 3516 et
1669 3463 1904 3532 expulisti
1945 3479 2052 3521 eos.

463 3554 842 3626 Agnovistisne
895 3553 1165 3625 quodnam
1221 3554 1414 3609 bellum
1460 3553 1641 3619 dicat,
1685 3569 1840 3624 quam
1883 3553 2050 3607 victo-

471 3648 630 3713 riam,
660 3645 800 3716 quod
831 3645 1131 3715 troptrum?
1161 3659 1364 3714 opusne
1407 3643 1632 3708 habetis,
1665 3653 1722 3698 ut
1753 3644 1809 3698 id~
1843 3658 1872 3696 a
1901 3643 2058 3699 nobis

463 3737 802 3794 declaretur?
831 3737 1091 3792 Existimo
1115 3736 1328 3808 quidem
1358 3736 1553 3791 multos
1577 3736 1688 3807 jam
1729 3737 2056 3792 intellexisse

463 3829 607 3900 quod
635 3829 830 3884 dicitur
857 3846 871 3894 ;
925 3838 1144 3899 propter
1177 3843 1272 3883 eos
1300 3837 1478 3883 autem
1512 3830 1601 3897 qni
1639 3828 1902 3896 ignorant,
1955 3840 2048 3882 ne-

464 3935 616 3976 cesse
643 3929 726 3976 est
748 3920 945 3990 aliquid
990 3930 1227 3975 nostrum
1265 3911 1481 3974 addere.
1512 3919 1748 3988 Quorum
1785 3934 1911 3989 ergo
1943 3929 2051 3972 tro-

469 4027 727 4079 pzcorum,
757 4025 986 4082 quorum
1029 4010 1320 4066 facinorum
1372 4011 1656 4066 meminit?
1697 4011 1893 4066 Eorum
1933 4027 2054 4081 qua:

468 4107 522 4157 in
571 4103 837 4176 Egypto,
875 4119 1064 4158 eorum
1110 4119 1228 4173 quae
1275 4104 1326 4157 in
1362 4103 1611 4167 deserto,
1639 4117 1823 4158 eorum
1851 4119 1969 4174 quae
2002 4103 2051 4156 in

468 4207 610 4250 terra
664 4195 1038 4267 promissionis
1095 4194 1230 4249 facta
1284 4203 1410 4249 sunt
1438 4234 1453 4256 ,
1505 4193 1588 4248 vel
1646 4194 1820 4264 potius
1867 4211 2051 4250 eorum

466 4304 588 4356 «pne
639 4288 691 4342 in
739 4288 1114 4358 promissione.
1167 4285 1349 4356 Neque
1385 4287 1528 4342 enim
1573 4287 1614 4340 ii-
1651 4288 1738 4356 qni
1775 4302 1837 4341 ex
1888 4287 2056 4358 Egy-

467 4387 561 4447 pto
603 4381 825 4449 egressi
853 4387 1014 4440 sunt,
1057 4387 1413 4448 pervenerunt
1457 4378 1509 4431 in
1559 4377 1916 4442 Ρειιωειίιιςιιιι,
1959 4378 2053 4432 sed

467 4487 655 4526 onmes
697 4471 1002 4526 ceciderunt
1032 4472 1083 4526 in
1109 4470 1328 4526 deserto
1353 4471 1370 4541 (
1399 4470 1656 4526 Nam“.
1683 4472 1776 4537 23;
1805 4471 1964 4526 Hebr.
1995 4472 2049 4526 ὃ.

472 4565 539 4618 17
563 4563 602 4633 ).
631 4562 859 4628 Quando
881 4578 1008 4633 ergo
1035 4562 1125 4633 qui
1171 4578 1234 4617 ex
1293 4562 1396 4617 illis
1449 4562 1558 4616 nati
1607 4573 1749 4626 sunt,
1798 4571 1854 4616 et
1881 4563 1972 4632 qui
2001 4563 2052 4617 in

467 4656 682 4710 deserto
710 4664 833 4710 sunt
867 4655 1114 4719 educati,
1162 4656 1384 4725 ingressi
1427 4663 1552 4709 sunt
1588 4655 1638 4708 in
1683 4655 2052 4719 Palaestinam,

471 4746 663 4814 inquit,
686 4747 765 4800 eis
794 4761 900 4800 non
945 4744 1045 4799 fuit
1063 4761 1198 4813 opus
1224 4745 1408 4810 armis,
1439 4745 1529 4800 sed
1554 4745 1634 4800 vel
1664 4746 1778 4814 ipso
1798 4745 1913 4799 solo
1941 4745 2054 4799 cla-

471 4854 624 4892 more
645 4838 806 4894 urbes
833 4848 1126 4908 ceperunt:
1156 4847 1208 4894 et
1233 4855 1351 4892 eum
1381 4837 1672 4894 Jordanem
1696 4837 2052 4905 tmnsiissent,

470 4930 696 4999 primam
727 4929 910 4984 urbem
939 4946 1057 5000 quae
1083 4931 1161 4984 eis
1188 4931 1442 4996 occurrit,
1473 4930 1720 4996 Iericho,
1749 4929 2052 4984 saltantium

469 5023 650 5091 potius
703 5038 862 5092 quam
909 5021 1230 5078 bellantium
1257 5023 1359 5076 ritu
1409 5025 1688 5078 diruerant
1735 5019 2050 5095 (Josueﬁ).

470 5115 678 5170 Armati
705 5116 849 5171 enim
877 5131 982 5170 non
1006 5123 1271 5186 tamquam
1301 5116 1368 5170 ad
1393 5131 1641 5186 pugnam,
1671 5115 1764 5171 sed
1789 5126 2054 5188 tamquam

466 5208 534 5262 ad
581 5207 924 5265 festivitatem
974 5225 1040 5264 ac
1086 5209 1335 5264 choream
1371 5208 1571 5277 egressi
1628 5218 1791 5274 sunt,
1837 5218 2057 5265 ornatus

482 5300 658 5368 potius
685 5301 888 5371 gratia,
921 5317 1080 5371 quam
1133 5312 1190 5354 nt
1236 5301 1459 5355 tutiores
1499 5309 1679 5356 essent
1707 5342 1722 5366 ,
1763 5303 1925 5356 armis
1973 5302 2055 5356 in-

472 5392 686 5455 structi,
713 5401 767 5448 et
801 5393 970 5448 sacris
989 5391 1227 5447 vestibus
1256 5391 1425 5445 induti
1453 5431 1468 5455 ,
1493 5400 1546 5445 et
1567 5390 1827 5448 habentes
1849 5392 2059 5447 Levitas

479 5481 571 5551 qui
601 5491 778 5538 castra
806 5481 1180 5554 praecedebant
1206 5523 1220 5546 ,
1248 5496 1431 5536 muros
1468 5481 1770 5537 cinxerunt.
1796 5483 1862 5538 Et
1891 5483 2058 5538 videri

466 5581 678 5641 poterat
715 5574 1076 5643 spectaculum
1107 5572 1440 5636 admirabile,
1467 5583 1521 5628 et
1558 5589 1694 5644 pene
1723 5573 2054 5640 incredibile,

476 5673 557 5720 tot
585 5664 746 5720 millia
775 5666 1043 5722 exercitus
1069 5675 1222 5721 certo
1247 5665 1437 5720 ordine
1482 5673 1537 5720 et
1583 5681 1866 5722 numerose
1909 5666 2057 5721 ince-

471 5755 652 5811 dentia
678 5798 694 5825 ,
725 5756 776 5810 in
827 5756 1041 5812 silentio
1069 5772 1280 5812 sutntno
1309 5798 1322 5821 ,
1353 5755 1679 5827 honesteque
1708 5774 1770 5812 ac
1815 5757 2009 5814 decore
2037 5798 2052 5824 ,

2173 453 2395 522 perinde
2422 468 2488 509 ac
2509 455 2553 509 si
2583 453 2759 509 nullus
2790 454 3019 520 adesset,
3053 469 3172 509 cum
3220 455 3464 514 tubarum
3499 457 3748 531 clangore

2164 556 2219 602 et
2251 545 2610 602 modulatione
2639 547 2816 601 omnia
2846 555 2993 603 recte
3017 550 3267 618 gessiSse.
3297 549 3624 609 Erubescant
3655 557 3744 625 qui

2164 637 2551 692 tumultuantur
2579 639 2630 692 in
2658 639 2904 692 ecclesia.
2941 638 2997 693 Si
3040 639 3181 693 enim
3212 641 3299 695 ubi
3340 642 3480 697 tubae
3525 659 3748 700 resona-

2163 720 2306 791 bant,
2345 737 2448 782 tam
2483 728 2704 798 pulcher
2751 737 2868 783 erat
2921 730 3086 792 ordo,
3120 739 3174 784 et
3217 739 3360 784 tanta
3401 733 3696 790 moderatio
3729 741 3750 790 ε’

2162 820 2249 874 ubi
2291 821 2430 874 Deus
2471 821 2583 890 ipse
2620 821 2883 890 loquitur,
2913 835 3069 890 quam
3106 823 3313 876 veniam
3360 837 3746 896 assequentur,

2159 911 2250 980 qui
2281 921 2497 981 propter
2524 927 2650 966 suos
2672 913 2928 966 tumultus
2960 913 3275 981 impediunt,
3311 931 3379 970 ne
3407 933 3526 985 qum
3556 919 3746 974 dicun-

2162 1009 2265 1064 tur,
2299 1003 2619 1057 audiantur?
2644 1003 2746 1058 Sed
2776 1019 2890 1065 cur,
2925 1004 3116 1074 inquit,
3151 1021 3254 1058 non
3282 1009 3529 1063 meminit
3555 1025 3744 1066 eorum

2159 1096 2247 1165 qui
2271 1104 2617 1150 excesserunt
2641 1112 2705 1151 ex
2730 1095 3002 1169 Egypto?
3030 1099 3293 1164 Quoniam
3321 1091 3510 1155 omnes
3535 1104 3744 1158 cecide-

2160 1198 2317 1253 runt,
2344 1189 2594 1258 quoniam
2646 1204 2830 1258 poenas
2871 1189 3153 1247 dederunt.
3201 1191 3306 1246 Cur
3337 1202 3514 1247 autem
3559 1173 3747 1251 omnes

2161 1279 2484 1346 perierunt?
2509 1279 2642 1344 Quia
2685 1279 2836 1334 valde
2866 1291 3180 1349 peccarunt.
3216 1281 3350 1336 Hinc
3379 1292 3556 1338 autem
3602 1287 3751 1340 aliud

2157 1383 2369 1438 quoque
2396 1368 2646 1437 providit,
2675 1371 2848 1437 utqui
2881 1369 3217 1424 Palaestinam
3257 1381 3408 1426 erant
3433 1359 3742 1444 occupaturi

2163 1465 2306 1519 mala
2335 1479 2457 1534 quae
2500 1469 2656 1516 erant
2685 1464 2738 1514 ln
2769 1459 3006 1532 ASgypto
3053 1475 3158 1512 non
3201 1459 3473 1522 viderent,
3521 1475 3738 1515 omnem

2163 1571 2356 1626 nempe
2399 1554 2871 1625 superstitionem,
2910 1568 3128 1606 omnem
3180 1553 3533 1621 impietatem,
3585 1561 3640 1608 ct
3682 1561 3746 1608 ut‘

2161 1655 2327 1704 tautae
2343 1647 2710 1716 improbitatis
2734 1645 2942 1700 nullum
2969 1645 3292 1714 magistrum
3315 1645 3582 1699 baberent
3633 1645 3739 1698 Eos

2161 1738 2306 1794 enim
2336 1737 2408 1790 ita
2437 1742 2848 1806 praeoccuparat
2872 1733 3258 1805 Egyptiorum
3289 1733 3656 1798 consuetudo,
3685 1741 3743 1788 et

2160 1851 2256 1890 eos
2285 1835 2357 1888 ita
2383 1842 2624 1903 ceperat,
2660 1841 2870 1903 utpost
2907 1840 2987 1886 tot
3023 1833 3288 1888 miracula
3323 1849 3390 1889 ne
3429 1835 3482 1888 in
3517 1835 3738 1890 deserto

2162 1929 2378 1998 quidem
2413 1942 2547 1997 pure
2565 1927 2772 1980 erroris
2799 1925 3060 1996 reliquias
3082 1925 3476 1996 abstergerent.
3503 1925 3659 1994 Quod
3691 1927 3746 1982 si'

2159 2025 2321 2079 etiam
2342 2022 2617 2092 cepissent
2640 2021 2980 2076 Chananaeos
3000 2020 3277 2091 prioribus
3296 2020 3599 2076 deteriores
3623 2037 3706 2072 ma
3723 2051 3750 2061 ι

2161 2115 2507 2185 gistras,qno
2542 2128 2648 2167 non
2685 2111 2961 2182 erupisset
2989 2126 3178 2166 eorum
3212 2111 3500 2181 impietas?
3522 2111 3588 2164 Et
3618 2111 3740 2165 ideo

2158 2222 2256 2264 eus
2288 2207 2377 2277 qui
2427 2206 2540 2260 nati
2587 2215 2744 2261 erant
2774 2206 3046 2262 continuit
3091 2205 3144 2260 in
3181 2205 3418 2267 deserto.
3452 2205 3627 2260 donec
3670 2205 3746 2260 ad

2161 2302 2404 2354 virorum
2432 2308 2646 2354 aetatem
2672 2299 3052 2370 pervenissent
3081 2313 3272 2352 eorum
3303 2296 3420 2350 filii.

2229 2391 2284 2446 4.
2329 2389 2451 2444 Ηωο
2478 2397 2658 2444 autem
2694 2389 2967 2458 loquimur
2991 2403 3098 2442 non
3119 2404 3185 2442 ex
3217 2388 3396 2452 nobis,
3419 2385 3512 2442 sed
3533 2403 3563 2442 e
3586 2387 3747 2442 Scri-

2163 2479 2340 2552 pturis
2383 2479 2726 2548 deprompta.
2761 2476 2896 2531 Nam
2943 2492 3039 2548 per
3088 2476 3429 2532 Ezechielem
3467 2477 3610 2533 Deus
3638 2478 3738 2532 hoc

2161 2573 2338 2644 ipsum
2363 2572 2444 2625 eis
2461 2569 2775 2641 exprobrat,
2797 2568 3088 2638 quodcum
3117 2584 3211 2622 eos
3231 2573 3284 2624 in
3302 2569 3577 2624 desertum
3605 2569 3738 2624 edu-

2158 2663 2352 2728 xisset,
2371 2671 2427 2718 et
2456 2663 2685 2716 multum
2715 2677 2838 2716 cum
2855 2660 2937 2714 eis
2959 2659 3336 2724 disseruisset,
3355 2675 3461 2714 non
3477 2659 3740 2715 audiebao

2157 2765 2246 2813 tur
2275 2755 2490 2828 (Ezech.
2513 2754 2604 2810 20.
2632 2753 2740 2824 l0).
2763 2752 2868 2808 Sed
2889 2767 2994 2822 qua
3012 2752 3081 2808 de
3103 2753 3554 2822 causajussiteos
3571 2753 3739 2808 armis

2157 2849 2335 2912 indui,
2357 2864 2484 2903 cum
2516 2855 2704 2902 essent
2724 2843 3036 2915 aggressuri
3067 2841 3327 2899 Jericbo?
3349 2841 3564 2899 Fuisset
3593 2843 3748 2898 enim.

2158 2939 2613 2999 admirabilius.si
2635 2939 2736 2992 hoc
2755 2936 3019 2992 fecissent
3034 2937 3154 2991 sine
3167 2935 3356 2991 armis.
3375 2936 3598 2990 Scilicet
3614 2951 3736 2990 cum

2151 3035 2344 3105 iubeat
2373 3031 2578 3103 aliquid
2607 3031 2905 3085 humanum
2941 3027 3145 3092 facere,
3187 3036 3242 3084 et
3285 3029 3490 3098 aliquid
3539 3028 3752 3084 sensile

2158 3127 2420 3182 auxilium
2451 3125 2720 3195 accipere,
2757 3123 2860 3177 hoc
2889 3121 3021 3178 facit
3046 3138 3105 3180 se
3139 3121 3432 3176 demittens
3457 3120 3522 3174 ad
3546 3136 3736 3176 eorum

2155 3216 2762 3283 imbecillitatem.Quid
2784 3216 3240 3286 potueruntenim
3263 3229 3412 3268 arma
3435 3213 3648 3268 allicere
3672 3212 3749 3266 ad

2155 3327 2346 3367 muros
2385 3310 2686 3366 diruendos
2714 3309 2738 3363 ?
2765 3308 2897 3378 quid
2930 3323 3060 3364 vero
3092 3307 3314 3378 clangor
3357 3304 3651 3360 tubarum?
3683 3304 3745 3358 Si

2152 3403 2298 3458 enim
2321 3400 2513 3456 fuisset
2527 3400 2727 3455 bellum
2743 3398 3010 3454 adversus
3027 3394 3500 3456 homines,l'nisset
3517 3393 3748 3463 aliquod

2153 3502 2492 3549 momentum
2519 3493 2574 3546 in
2607 3490 2779 3544 armis
2807 3488 3180 3560 reponendum
3213 3504 3226 3539 :
3259 3485 3342 3540 sin
3367 3493 3547 3538 autem
3577 3490 3743 3537 erant.

2152 3599 2352 3642 casura
2381 3583 2604 3646 mcenia,
2635 3595 2864 3634 curnam
2903 3579 3072 3632 armis
3105 3575 3451 3630 induuntur?
3483 3573 3597 3627 Sub
3625 3571 3734 3626 Ge-

2151 3679 2328 3735 deone
2353 3690 2572 3748 quoque
2597 3675 2696 3744 qui
2716 3669 2859 3742 capti
2887 3671 3035 3736 sunt,
3058 3677 3216 3724 erant
3250 3666 3490 3737 aequales
3513 3666 3608 3746 iis,
3639 3664 3732 3734 qui

2151 3784 2261 3826 non
2293 3767 2438 3839 capti
2474 3774 2604 3821 sunt
2631 3763 2706 3835 (a)
2739 3781 2752 3816 :
2787 3777 2979 3817 omnes
3011 3759 3156 3815 enim
3199 3756 3469 3813 manifesti
3519 3757 3740 3816 fuerunt

2153 3861 2358 3937 (J‘udic.
2385 3861 2465 3931 7).
2486 3858 2598 3913 Cur
2617 3871 2749 3927 ergo
2766 3855 2884 3910 haec
2911 3852 3089 3908 tiunt?
3114 3849 3181 3907 Ut
3205 3850 3302 3921 qui
3324 3850 3438 3905 haec
3461 3849 3753 3920 iubentur,

2151 3955 2222 4011 ad
2250 3955 2410 4010 fidem
2444 3951 2806 4008 deducmtur.
2844 3947 3043 4002 Anima
3086 3945 3234 4000 enim
3269 3959 3393 4014 qua:
3421 3942 3623 3996 coalita
3660 3947 3752 3996 est.

2157 4043 2399 4116 corpori,
2429 4050 2481 4096 et
2507 4041 2644 4095 nihil
2669 4053 2931 4110 umquam
2959 4038 3097 4092 vidit
3119 4037 3528 4104 incorporeum,
3548 4042 3602 4088 et
3625 4048 3748 4086 sen-

2153 4137 2414 4195 sibilibus
2432 4135 2626 4197 inhiat,
2656 4131 2724 4186 ab
2743 4133 2810 4186 iis
2835 4145 2957 4201 qua:
2975 4128 3226 4182 videntur
3242 4123 3316 4176 ad
3337 4139 3400 4176 ea
3423 4138 3544 4191 qua:
3563 4131 3746 4174 mente

2157 4229 2704 4302 comprehenduntur
2733 4223 2930 4280 deduci
2964 4235 3102 4290 opus
3149 4217 3332 4270 habet.
3384 4213 3543 4269 Unde
3577 4214 3744 4266 etiam

2154 4324 2439 4398 prophetis
2468 4323 2538 4377 de
2569 4325 2672 4375 lteo
2698 4315 3054 4388 loquentibus
3077 4325 3216 4380 opus
3243 4305 3346 4360 fuit
3379 4306 3743 4358 humanormn

2154 4421 2526 4476 membrorum
2549 4411 2886 4470 meminisse,
2909 4422 3018 4460 non
3043 4417 3101 4458 ut
3127 4403 3271 4456 illam
3296 4411 3548 4454 naturam
3572 4412 3601 4450 a
3625 4411 3752 4452 cor-

2153 4511 2410 4579 ruptione
2437 4515 2490 4561 et
2517 4503 2737 4558 interitu
2773 4501 3003 4554 alienam
3035 4494 3103 4550 ad
3144 4491 3515 4548 membrorum
3543 4490 3756 4560 figuras-

2155 4596 2597 4672 ellingerent,sed
2618 4603 2676 4648 ut
2709 4591 2944 4646 animam
2965 4589 3018 4642 in
3042 4584 3340 4642 sensilibus
3357 4597 3481 4636 cum
3511 4595 3746 4651 corpore

2155 4694 2450 4754 enutritam
2480 4705 2546 4744 es
2567 4683 2824 4742 humanis
2841 4698 2905 4736 ea
2923 4683 3184 4736 docerent
3203 4677 3456 4746 dogmata
3476 4689 3598 4744 qua:
3617 4681 3748 4728 sunt

2157 4804 2325 4861 supra
2357 4783 2653 4839 hominem.
2680 4777 2950 4846 Quoniam
2975 4788 3106 4844 ergo
3126 4771 3219 4826 Dei
3248 4768 3500 4840 operatio
3529 4775 3612 4821 est
3643 4763 3743 4818 ali-

2157 4859 2288 4956 quid
2323 4879 2470 4953 quod
2503 4871 2934 4948 apprehenditur
2959 4864 3319 4956 intelligentia
3349 4875 3468 4956 ;_ne
3490 4859 3584 4929 qui

2158 4949 2355 5040 erant;
2375 4986 2484 5026 non
2511 4968 2820 5029 crederent,
2857 4961 3013 5034 ponit
3033 4959 3197 5014 etiam
3225 4952 3433 5024 aliquid
3459 4949 3742 5007 sensibile.

2161 5069 2219 5124 Si
2255 5067 2399 5124 enim
2429 5063 2662 5118 dixisset
2689 5078 2703 5114 :
2733 5057 2792 5113 In
2822 5063 3031 5126 septem
3061 5050 3254 5106 diebus
3282 5053 3560 5102 evertetur
3589 5044 3744 5105 urbs,

2158 5161 2317 5218 vobis
2356 5153 2794 5230 quiescentibus,
2830 5158 2884 5205 et
2919 5145 3050 5202 nihil
3087 5141 3415 5198 facientibus
3461 5157 3474 5193 :
3511 5137 3748 5193 fortasse

2161 5253 2319 5310 tnulti
2356 5265 2467 5305 non
2495 5245 3080 5309 credidissent;nuuc
3109 5243 3290 5290 autem
3333 5232 3448 5286 bazc
3480 5235 3746 5300 praecepta

2159 5343 2325 5402 veluti
2342 5339 2614 5414 quoddam
2629 5335 3044 5392 fundamentum
3058 5328 3313 5384 humanae
3326 5322 3492 5378 menti
3508 5320 3746 5390 subjicit.

2226 5513 2299 5576 (α)
2331 5509 2459 5576 Quod
2482 5511 2554 5576 ait.
2571 5509 2940 5576 (ξιπιθρδιοιξιιιε
2960 5501 3086 5567 apud
3108 5494 3749 5576 βεβαρηςῐιέεὲεξιΐῗζῖθὲὶὲ

2163 5559 2514 5644 διιίιξ-’ωἶιιιὲιίοε
2530 5559 2686 5644 τιιίωὲ
2703 5571 2764 5620 iis
2892 5559 3126 5644 non'suLnt
3145 5562 3272 5644 capti

2165 5617 2863 5686 ἑΞξῖιιῦ’ἓὲέἷίίῖιὲῐιίτῗιιῖιὶί
2899 5641 3020 5679 vero
3057 5627 3136 5674 hic
3167 5617 3262 5671 non
3288 5617 3481 5669 Constat
3510 5617 3624 5686 (pud
3661 5618 3718 5664 stt
3736 5617 3758 5660 'L

2165 5678 2692 5760 iéiii'ChEsBsidftﬁig‘
2708 5678 3014 5744 btalefautem
3038 5697 3130 5747 tm,
3163 5694 3363 5734 numero
3397 5678 3626 5742 concites,
3640 5689 3751 5726 vcr-

2170 5768 2298 5812 terat
2321 5765 2574 5809 Hervetus.
