4112 6214
499 441 602 497 I73

494 554 557 609 Et
607 569 672 610 ne
704 551 754 607 id
799 552 939 624 quod
967 552 1162 608 dicitur
1202 549 1514 606 existimetis
1562 564 1681 603 esse
1731 543 2069 602 solummodo

491 645 871 714 conjecturam.
919 643 1040 697 volo
1079 643 1227 697 vobis
1271 656 1488 696 narrare
1533 649 1762 693 veterem
1795 637 2068 691 historiam

491 753 608 806 quae
653 734 933 789 Conﬁrmat
960 733 1097 803 quod
1129 733 1370 787 dicimus.
1417 731 1650 784 Naaman
1698 739 1812 784 erat
1855 729 2069 798 quidam

489 827 676 900 Syrus.
727 823 861 882 Eum
908 841 1027 878 cum
1082 825 1223 894 lepra
1275 823 1571 886 invasisset,
1624 831 1677 876 et
1705 831 1921 892 propter
1948 837 2067 875 eum

491 919 736 974 morbum
767 915 1126 979 erubesceret,
1152 925 1208 970 ut
1231 915 1321 986 qui
1349 915 1400 969 lu
1428 915 1660 968 maximo
1690 913 1928 984 periculo
1953 927 2073 966 ver-

491 1020 717 1076 saretur,
741 1011 884 1066 venit
912 1010 962 1064 in
993 1009 1323 1064 Palmstinam
1350 1008 1632 1080 (brevitate
1653 1008 1796 1062 enim
1819 1006 2072 1060 utendum

491 1101 618 1173 est),
655 1103 839 1156 volens
867 1117 894 1154 a
923 1100 1175 1170 propheta
1207 1101 1420 1156 liberari
1459 1099 1561 1155 hoc
1589 1097 1748 1153 malo.
1781 1097 1914 1151 Cum
1945 1109 2075 1166 ergo

489 1195 742 1257 venisset,
777 1202 831 1248 et
859 1193 908 1246 in
938 1194 1031 1246 viri
1064 1193 1261 1247 foribus
1287 1193 1636 1254 constitisset,
1668 1190 1876 1246 vocavit
1907 1187 2074 1242 medi-

487 1300 633 1340 cum.
661 1283 752 1340 Ille
777 1293 948 1338 autem
979 1284 1247 1338 exaudivit
1279 1282 1356 1354 (a)
1384 1283 1622 1352 quidem,
1650 1298 1755 1336 non
1786 1291 1958 1335 tamen
1992 1286 2073 1333 est

489 1387 761 1444 egressus,
790 1371 883 1429 sed
908 1385 1112 1428 tantum
1144 1375 1288 1429 misit
1313 1415 1326 1438 ,
1352 1373 1548 1442 jubens
1577 1385 1698 1427 eum
1745 1371 1869 1440 tingi
1899 1371 1947 1422 in
1975 1369 2074 1423 ilu-

487 1467 576 1521 vio
597 1466 846 1521 Iordane.
873 1467 962 1520 llle
977 1476 1176 1530 autem,
1197 1465 1446 1536 quoniam
1469 1475 1582 1519 erat
1607 1465 1722 1519 leve
1747 1463 2068 1528 mandatum,

489 1555 709 1610 multum
760 1555 962 1612 habens
994 1574 1055 1611 ex
1105 1557 1365 1622 sensibili,
1413 1563 1466 1611 et
1511 1555 1652 1627 quod
1695 1569 1797 1609 non
1848 1554 2074 1608 habebat

489 1665 623 1715 opus
644 1650 857 1705 sublimi
884 1651 1219 1721 cogitatione,
1247 1665 1350 1708 non
1375 1649 1612 1704 credidit.
1642 1648 1746 1703 Sed
1773 1646 1896 1717 quid
1920 1645 2072 1698 dicit?

491 1741 604 1812 Ego
629 1740 1119 1812 dicebam,quouiam
1145 1741 1425 1812 egredietur
1449 1739 1517 1792 ad
1536 1753 1632 1804 me,
1653 1749 1697 1792 ct
1725 1741 1941 1807 imponet
1964 1751 2072 1788 ma-

391 1856 394 1858 τ
491 1849 607 1886 num
635 1849 792 1896 suam,
823 1843 870 1886 et
895 1833 1138 1886 invocabit
1180 1831 1338 1885 Deum
1378 1847 1521 1886 suum
1561 1841 1606 1884 et
1639 1829 1830 1884 curabit
1878 1826 2071 1896 lepram

489 1922 509 1993 (
522 1924 560 1976 1.
597 1919 718 1993 Reg.
741 1923 794 1978 5.
831 1924 940 1993 11).
981 1923 1135 1978 Vides
1157 1923 1423 1994 quomodo
1446 1924 1622 1976 anima
1661 1935 1796 1991 opus
1823 1920 2067 1974 habuerit

485 2025 542 2066 re
593 2013 765 2082 aliqua
818 2015 1100 2068 sensibili?
1141 2011 1254 2068 Non
1302 2015 1622 2068 existimavit
1668 2014 1810 2066 enim
1863 2011 2068 2079 jussnm

484 2105 674 2159 medici
723 2106 990 2168 sufﬁcere,
1033 2106 1125 2160 sed
1177 2121 1335 2159 manu
1384 2119 1515 2173 opus
1565 2105 1747 2169 luisse,
1777 2102 1915 2172 quod
1957 2110 2073 2156 erat

483 2195 866 2250 imbecillitatis
894 2197 1030 2264 ejus,
1063 2197 1150 2265 qui
1177 2196 1480 2250 curabatur.
1511 2195 1678 2250 Porro
1726 2194 1888 2247 multa
1933 2208 2070 2262 quo-

485 2303 586 2356 que
630 2287 728 2341 alia
761 2287 886 2342 hinc
929 2289 1080 2342 nobis
1127 2289 1422 2342 solvuntur.
1473 2286 1596 2341 Ideo
1639 2286 1883 2341 Christus
1912 2286 2070 2341 etiam

489 2395 595 2434 non
640 2394 850 2447 semper
879 2380 1040 2432 verbo
1085 2388 1259 2442 sanat,
1301 2379 1393 2432 sed
1425 2379 1583 2432 etiam
1625 2394 1783 2432 manu
1810 2396 1824 2443 ;
1855 2379 2073 2434 immisit

494 2472 637 2524 enim
684 2486 897 2524 manum
928 2473 980 2524 in
1005 2487 1064 2522 os
1095 2471 1225 2524 etin
1255 2472 1486 2540 linguam
1517 2491 1529 2526 :
1561 2479 1614 2524 et
1639 2471 1829 2524 alicubi
1857 2471 2070 2540 quidem

491 2561 656 2614 verbo
701 2561 838 2627 solo,
887 2561 1079 2616 alicubi
1131 2571 1307 2615 autem
1359 2563 1632 2616 voluntate
1677 2563 1848 2615 solum
1894 2563 2070 2615 omnia

493 2655 712 2721 faciens,
760 2653 980 2710 curabat
1025 2669 1118 2710 eos
1146 2657 1233 2723 qui
1263 2655 1590 2710 accedebant
1639 2653 1826 2722 (Marc.
1871 2656 1922 2707 7.
1955 2653 2068 2723 53).

491 2747 665 2814 Quare
720 2763 848 2818 ergo
911 2749 1014 2804 hoc
1076 2747 1351 2805 faciebat?
1391 2748 1617 2816 Propter
1663 2747 2073 2801 imbecillitatem

495 2854 677 2893 eorum
705 2841 792 2909 qui
825 2841 1166 2894 accedebant.
1200 2841 1262 2894 Et
1294 2850 1348 2894 ut
1391 2840 1528 2893 scias
1559 2839 1656 2892 hoc
1682 2837 1878 2892 factum
1911 2838 2075 2894 fuisse

487 2941 702 3001 promer
731 2947 915 2985 eorum
957 2931 1390 2994 imbecillitatem,
1424 2930 1664 2983 laudabat
1694 2944 1787 2984 eos
1812 2927 1898 2999 qui
1931 2931 2073 2998 ejus-

485 3022 627 3076 modi
665 3023 822 3078 rebus
868 3023 1086 3077 minime
1120 3037 1255 3092 opus
1287 3023 1560 3076 haberent.
1594 3023 1754 3075 Amen
1791 3021 1953 3087 enim,
1987 3021 2070 3074 in-

485 3114 617 3183 quit,
663 3115 774 3166 dico
823 3115 980 3179 vobis,
1025 3131 1125 3167 non
1163 3113 1327 3167 inveni
1377 3122 1566 3166 tantam
1618 3113 1768 3182 ﬁdem
1813 3114 1864 3166 in
1904 3112 2072 3166 Israel

490 3207 698 3276 (.llatth.
733 3206 785 3262 8.
843 3206 930 3277 10)
964 3224 977 3260 :
1007 3206 1432 3276 quandoquidem
1484 3221 1588 3259 non
1640 3206 1800 3260 traxit
1845 3222 1968 3259 eum
2015 3206 2069 3260 in

486 3297 702 3353 domum
727 3313 878 3351 suam
900 3299 1160 3360 centurio,
1181 3296 1273 3351 sed
1291 3297 1424 3352 dixit
1448 3296 1776 3366 ejusjussum
1799 3294 2068 3350 sufﬁcere.

490 3390 544 3444 lu
581 3389 804 3443 Ezt-chia
849 3390 923 3458 (4.
957 3389 1064 3459 Reg
1116 3387 1202 3458 l8)
1251 3389 1427 3458 itaque
1455 3387 1584 3442 nihil
1615 3388 1720 3442 tale
1765 3385 1842 3452 fit,
1868 3386 1960 3442 scd
1989 3394 2071 3441 est

487 3479 822 3536 solummodo
848 3478 1136 3548 prmdictio,
1169 3487 1222 3532 et
1251 3477 1380 3532 nihil
1423 3477 1712 3531 humanum
1738 3488 2068 3545 assumptum

485 3583 566 3630 est
598 3592 612 3628 :
641 3583 696 3630 et
722 3573 840 3628 ideo
869 3574 918 3627 in
947 3589 1011 3627 eo
1037 3589 1269 3643 quoque,
1300 3573 1387 3643 qui
1415 3575 1594 3626 uxoris
1623 3571 1884 3642 zelotypia
1915 3570 2065 3624 labo-

485 3675 585 3729 rat,
610 3667 756 3735 jussa
783 3673 864 3721 est
884 3680 971 3720 res
995 3666 1166 3735 aliqua
1193 3666 1422 3718 crassior
1447 3663 1540 3734 (b).
1565 3663 1714 3730 Quod
1733 3665 1776 3719 si
1801 3663 1932 3716 velis
1955 3663 2069 3717 haec

484 3771 696 3826 quoque
741 3772 953 3812 sumere
981 3757 1266 3826 anagogice
1295 3747 1504 3827 (Omnia
1547 3755 1710 3820 enim,
1743 3755 1931 3824 inquit,
1959 3753 2066 3809 licet:

487 3848 539 3900 in
581 3848 744 3917 ﬁgura
772 3846 1057 3900 eveniebant
1095 3847 1196 3900 illis
1224 3863 1243 3900 :
1263 3848 1451 3916 scripta
1475 3856 1587 3899 sunt
1613 3854 1779 3898 autem
1805 3846 1872 3897 ad
1896 3860 2065 3898 corre-

484 3939 694 3994 aionem
736 3947 979 4001 nostram,
1011 3937 1078 3989 ad
1122 3953 1246 4005 quos
1283 3937 1407 4006 ﬁnes
1431 3938 1729 3990 sazculorum
1771 3936 2066 3989 devenerunt

486 4031 562 4097 (1.
595 4029 712 4084 Cor.
745 4030 829 4084 10.
863 4029 974 4099 11),
999 4027 1171 4098 Cogita
1200 4028 1338 4096 apud
1367 4036 1417 4082 te
1443 4025 1670 4097 Optimos
1697 4026 1945 4081 Ecclesia:
1965 4025 2064 4080 do-

487 4135 663 4178 ctores
711 4139 806 4193 pro
847 4124 970 4177 tuba
1015 4121 1256 4176 oratione
1295 4127 1502 4174 utentes
1543 4130 1596 4174 et
1641 4119 2063 4174 adversariorum

486 4215 678 4270 mantia
707 4215 997 4278 diruentes,
1026 4224 1080 4268 et
1107 4213 1360 4282 populum
1385 4212 1584 4280 integra
1613 4221 1664 4264 et
1689 4211 1917 4279 perfecta
1940 4209 2064 4263 .lesu

481 4316 750 4362 armatura
778 4315 1060 4364 armatum.
1089 4306 1305 4375 Septem
1353 4313 1530 4359 autem
1573 4305 1778 4358 dierum
1811 4316 2066 4357 numerus

477 4400 585 4474 jam
612 4410 735 4455 ante
757 4399 909 4453 nobis
935 4400 1090 4458 solvit
1118 4399 1416 4454 sabbatum.
1435 4396 1616 4467 Neque
1643 4397 1782 4450 enim
1804 4394 2063 4465 ejusmodi

483 4491 610 4560 legis
659 4500 919 4560 prmcepta
967 4490 1326 4558 principaliter
1371 4489 1490 4546 data
1543 4495 1686 4544 sunt.
1721 4489 1784 4542 Et
1832 4486 1952 4540 ideo
1997 4486 2066 4543 de

479 4581 754 4636 sacriﬁciis
806 4579 1018 4650 quidem
1065 4579 1236 4635 dicit:
1291 4580 1416 4647 Quis
1458 4581 1589 4633 enim
1651 4596 1710 4634 ea
1757 4578 2008 4648 requisiuit
2036 4595 2066 4634 ο

478 4674 708 4728 manibus
750 4674 922 4727 vestris
950 4672 1102 4744 (Isai.
1149 4678 1201 4727 1.
1248 4674 1375 4744 I2)?
1419 4673 1483 4728 Et
1526 4688 1750 4728 rursus:
1797 4671 2062 4743 Numquid

476 4775 592 4820 tota
637 4773 684 4820 et
725 4781 898 4819 carnes
942 4777 1129 4820 sancite
1169 4768 1398 4836 auferent
1444 4774 1645 4834 peccata
1678 4775 1763 4819 tua
1795 4762 1926 4837 (Jer.
1969 4765 2056 4820 11.

478 4857 611 4928 15)?
642 4857 709 4914 Et
735 4871 918 4912 rursus
947 4875 962 4913 :
995 4856 1260 4929 Numquid
1285 4858 1472 4912 hostias
1509 4868 1556 4910 et
1585 4857 1835 4924 sacriﬁcia
1873 4856 2057 4910 obtuli-

476 4951 564 5004 stis
595 4950 719 5003 milii
752 4951 803 5004 in
846 4951 1036 5004 deserto
1065 4950 1396 5019 quadraginta
1436 4950 1581 5002 annis
1613 4949 1785 5018 (Amos
1817 4950 1870 5004 5.
1914 4948 2053 5019 25)?

478 5041 543 5096 Et
570 5057 751 5096 rursus
785 5059 798 5095 :
832 5041 933 5097 Cur
963 5041 1086 5094 mihi
1115 5039 1269 5106 a/Tcrs
1309 5042 1426 5094 thus
1450 5057 1512 5094 ex
1557 5039 1715 5104 Saba,
1761 5049 1806 5092 et
1836 5040 2058 5095 (inamo-

475 5149 610 5186 mnm
642 5133 704 5186 de
725 5144 856 5187 terra
883 5134 1156 5204 longinqua
1182 5131 1316 5201 (Jer.
1347 5132 1400 5186 6.
1429 5130 1570 5201 90))
1599 5131 1661 5183 Et
1688 5131 1875 5184 iterum
1909 5147 1922 5183 :
1952 5129 2055 5183 Sa-

473 5224 719 5294 criﬁcium
759 5235 807 5280 et
833 5225 1132 5280 oblationem
1161 5226 1365 5282 noluisti
1397 5223 1566 5295 (Psal.
1601 5223 1689 5278 59.
1719 5223 1792 5290 7).
1827 5223 1892 5276 Et
1934 5238 2056 5276 rurv

533 5357 604 5420 la)
639 5358 696 5410 In
713 5365 892 5421 οντα).
914 5369 1108 5418 me
1140 5367 1253 5418 Quae
1285 5358 1482 5421 quidem
1521 5369 1614 5406 vox
1654 5355 1732 5421 hic
1767 5362 1907 5421 recte
1929 5355 2058 5421 verti

471 5414 662 5478 potest,
686 5420 932 5482 exaudivit
951 5414 1172 5480 {nescio
1206 5433 1268 5469 an
1303 5414 1473 5478 etiam,
1494 5417 1773 5482 respondit;
1809 5414 1890 5468 vel
1930 5415 2056 5466 forte

470 5488 742 5545 utrumque
753 5481 1107 5545 complectitur.

532 5543 603 5604 (b)
624 5537 762 5592 savii.
789 5557 802 5590 :
827 5560 849 5604 ιι
865 5537 908 5592 Si
926 5544 1171 5604 historiam
1191 5543 1436 5604 respiciat.
1451 5541 1813 5604 inquitdoctiss.
1832 5537 2055 5604 Alienus,

466 5600 512 5666 i
527 5599 641 5666 Reg.
678 5605 738 5653 20
761 5643 778 5666 ,
799 5603 942 5666 plane
965 5599 1678 5666 refragaturAc'ontextus'ipse;
1702 5615 1810 5650 nam
1834 5611 1991 5666 versu
2006 5599 2054 5657 7,

465 5662 643 5715 dicitur
674 5662 916 5728 accipiant
935 5662 1201 5728 canistrum
1223 5662 1429 5728 ﬂagrum
1444 5701 1457 5723 ,
1485 5662 1579 5714 etc'.
1617 5665 1694 5728 sin
1715 5671 1878 5728 autem
1899 5662 2055 5728 histo-

463 5736 582 5775 riam
619 5726 788 5791 innuat
809 5727 856 5776 4.
883 5735 998 5790 nee.
1025 5727 1100 5791 l_9.
1131 5727 1157 5776 7
1195 5726 1345 5791 et}!
1365 5761 1378 5785 ,
1403 5726 1466 5791 de
1514 5726 1821 5791 praedictione
1859 5726 2054 5791 quidem

464 5797 687 5848 constare
716 5790 904 5838 videtur
924 5783 1049 5848 (sed
1088 5783 1182 5836 non
1216 5788 1340 5836 adeo
1366 5783 1524 5836 'clarc'
1545 5791 1609 5835 de
1651 5783 1862 5834 tzeebia:
1878 5783 1998 5848 ωε.
2023 5799 2046 5828 ι

465 5847 526 5906 At
551 5862 644 5918 ego
665 5863 758 5901 non
781 5865 798 5898 ι
813 5851 919 5900 ideo
943 5851 1056 5922 quid
1077 5851 1208 5899 dubii
1232 5851 1295 5899 de
1321 5851 1527 5910 EZCClll‘J?
1552 5849 1646 5899 [ide
1671 5850 1798 5897 nasci
1824 5847 1990 5911 jussit.

1630 433 1988 490 EXPOSITIO
2027 431 2088 486 IN
2130 430 2446 488 PSALllUll
2486 429 2667 488 XLIII.

3663 447 3762 506 17G

2175 561 2264 603 sus
2288 567 2302 602 :
2332 548 2598 620 Numquid
2625 553 2916 609 holocausta
2957 564 3007 608 et
3031 556 3282 622 sacriﬁcia
3308 557 3409 612 vult
3435 555 3572 612 Deus
3601 557 3641 624 ¹,
3660 573 3760 612 att-

2175 661 2294 707 non,
2335 654 2390 698 ut
2431 646 2476 699 ei
2506 647 2763 700 obediatur
2790 647 2865 718 (1.
2898 647 3025 718 Reg.
3061 649 3145 703 I5.
3177 647 3272 719 ‘32)
3294 649 3318 701 ‘l
3344 647 3412 704 Et
3439 661 3624 704 rursus
3652 663 3668 704 :
3699 649 3758 702 Si

2174 735 2414 801 voluisses
2442 735 2767 804 sacriﬁcium,
2796 737 3040 791 dedissem
3067 737 3234 808 (Psal.
3268 739 3354 793 50.
3394 739 3501 810 18).
3537 739 3604 794 ει
3645 753 3758 794 ιἰιν⁸

2175 841 2264 878 sus
2289 840 2303 876 :
2333 821 2536 878 Auditia
2562 826 2691 879 bona
2716 841 2866 892 super
2901 830 3206 895 sacri/icium
3253 827 3330 890 (Ι.
3363 828 3484 900 Reg.
3523 831 3608 885 l5.
3639 830 3756 900 22).

2179 919 2240 971 Et
2285 919 2474 972 iterum
2520 917 2653 971 festa
2694 918 2912 988 ejiciens
2957 920 3162 989 ittquit:
3199 920 3329 973 Odia
3369 920 3542 983 habui,
3594 922 3760 988 repuli

2179 1011 2304 1077 festa
2334 1019 2515 1065 vestra.
2569 1009 2724 1080 Aufer
2751 1025 2782 1062 α
2810 1027 2888 1063 me
2928 1026 3104 1064 sonum
3131 1013 3434 1065 canticorum
3465 1024 3683 1075 tuorum,
3712 1022 3760 1064 et

2177 1107 2377 1154 cunmm
2399 1117 2700 1171 organorum
2729 1112 2925 1154 tuorum
2951 1119 3051 1155 non
3089 1103 3354 1156 exaudiam
3384 1104 3561 1168 (Amos
3579 1104 3634 1158 ὃ.
3665 1101 3756 1157 21.

2176 1191 2294 1264 23).
2327 1193 2412 1258 Ει,
2459 1192 2604 1246 Diem
2633 1209 2869 1263 maguum
2914 1209 3012 1246 non
3056 1195 3296 1256 sustineo,
3337 1205 3382 1248 et
3420 1195 3669 1265 jejunium
3711 1204 3762 1248 et

2179 1285 2333 1354 ferias
2374 1287 2479 1338 odit
2516 1286 2686 1338 animo
2715 1301 2825 1339 mea
2873 1285 3018 1355 (lsai.
3057 1278 3136 1339 1.’
3165 1285 3250 1339 15.
3290 1286 3396 1355 It).
3441 1287 3505 1338 Et
3530 1300 3756 1339 rursus:

2181 1377 2300 1430 Non
2330 1387 2400 1431 es!
2439 1379 2532 1430 hoc
2551 1378 2808 1449 jejunium
2832 1377 2966 1446 quod
2991 1376 3118 1445 elegi
3144 1374 3294 1448 (Isai.
3333 1377 3419 1431 58.
3453 1377 3526 1446 5).
3560 1375 3762 1428 Rursus

2178 1484 2389 1538 quoque
2432 1468 2640 1522 dicebat
2689 1468 2972 1522 Ezechiel:
3011 1466 3152 1520 Dabo
3198 1467 3333 1520 vobis
3380 1476 3630 1537 prazccpta
3656 1483 3760 1518 non

2177 1559 2324 1624 bona,
2369 1561 2419 1612 in
2449 1559 2627 1630 quibus
2671 1575 2770 1612 non
2811 1561 2980 1613 rivetis
3023 1560 3073 1612 in
3113 1560 3236 1628 ipsis
3264 1557 3471 1631 (Ezech.
3504 1557 3594 1612 20.
3639 1557 3757 1626 9-5).

2179 1652 2253 1707 Ita
2280 1643 2440 1708 etiam
2467 1654 2744 1707 sabbatum
2789 1653 2874 1708 hic
2898 1654 3140 1707 solvitur.
3164 1653 3267 1707 Sed
3294 1669 3390 1707 cur
3431 1653 3560 1706 dicit
3585 1670 3597 1704 :
3636 1652 3760 1719 Quis

2176 1744 2283 1798 lure
2312 1745 2561 1810 requisivit
2590 1744 2652 1796 de
2678 1743 2905 1796 manibus
2931 1744 3103 1796 vestris
3124 1744 3149 1795 ἔ)
3196 1743 3306 1798 lloc
3338 1743 3488 1796 vobis
3519 1743 3762 1811 relinquo

2177 1837 2491 1892 solvendum
2525 1855 2535 1888 :
2571 1837 2810 1905 poteritis
2834 1844 3014 1890 autem
3046 1834 3169 1888 talia
3213 1835 3468 1897 invenire,
3500 1835 3545 1888 si
3575 1849 3758 1904 puram

2178 1929 2335 1982 vitam
2367 1929 2599 1998 egeritis.

2247 2021 2300 2074 5.
2333 2019 2388 2073 Si
2415 2019 2555 2073 enim
2584 2018 2886 2072 Cornelium
2930 2025 3146 2087 propter
3169 2017 3331 2070 vitam
3371 2017 3624 2086 optimam
3655 2031 3755 2068 vo-

2176 2113 2316 2168 cavit
2346 2112 2396 2165 id
2440 2126 2754 2164 arcanorum
2783 2110 3140 2180 cognitionem
3174 2109 3306 2180 (Act.
3343 2109 3427 2163 10.
3457 2109 3513 2176 ι)
3539 2150 3552 2173 ,
3581 2116 3636 2162 et
3660 2124 3758 2162 eu-

2177 2201 2433 2263 nuehum.
2463 2200 2602 2268 quod
2632 2201 2869 2254 studiose
2905 2201 3138 2269 legeret,
3180 2199 3244 2252 ad
3295 2199 3370 2253 rei
3401 2198 3756 2268 cognitionem

2174 2295 2392 2350 deduxit
2422 2295 2557 2363 (.-lct.
2589 2294 2641 2347 8.
2673 2293 2763 2346 27.
2790 2294 2962 2362 sqq.):
2995 2291 3162 2345 multo
3193 2291 3358 2361 magis
3399 2307 3492 2345 vos
3536 2290 3626 2360 qui
3649 2291 3759 2358 jam

2176 2388 2332 2443 fidem
2365 2386 2634 2457 assequuti
2683 2386 2811 2439 estis
2832 2428 2846 2450 ,
2875 2386 2917 2439 si
2948 2395 3144 2439 rectam
3176 2385 3335 2438 vitam
3379 2381 3721 2438 ostenderitis
3741 2421 3756 2444 ,

2175 2480 2388 2534 docebit
2415 2495 2532 2549 qua:
2557 2487 2679 2532 sunt
2718 2477 3099 2532 manifestiora.
3131 2475 3588 2544 Quemadmodum
3613 2476 3756 2529 enim

2176 2573 2280 2624 vita
2313 2571 2581 2624 immunda
2611 2581 2692 2624 est
2722 2570 3102 2639 impedimento
3121 2609 3136 2634 ,
3165 2571 3447 2639 quominus
3469 2585 3528 2624 ea
3555 2583 3758 2640 cogno-

2179 2671 2391 2716 scantur
2426 2665 2506 2732 (tit
2532 2662 2659 2716 dicit
2687 2663 2916 2715 Paulus:
2949 2660 3068 2714 Non
3107 2662 3249 2731 potui
3288 2662 3425 2730 loqui
3464 2661 3599 2714 vobis
3629 2670 3757 2713 tant-

2177 2767 2328 2821 quant
2355 2751 2718 2820 spiritualibus.
2750 2745 2984 2821 quoniam
3009 2752 3121 2805 lites
3149 2761 3263 2805 sunt
3292 2752 3426 2805 vobis
3469 2761 3518 2804 et
3545 2762 3753 2804 conten-

2181 2844 2339 2896 tiones
2377 2841 2467 2915 [I.
2499 2841 2614 2895 Cor.
2639 2843 2692 2897 3.
2721 2843 2770 2895 1.
2802 2837 2856 2912 5]
2883 2859 2894 2904 ;
2926 2851 2980 2896 et
3016 2855 3200 2895 rursus
3237 2841 3398 2894 Isaias
3426 2859 3440 2895 :
3465 2841 3608 2894 Scire
3653 2843 3758 2894 uias

2179 2949 2316 2987 meas
2343 2931 2696 2986 desiderabant
2718 2974 2733 2996 ,
2763 2940 2816 2984 ut
2843 2932 3062 3001 populus
3081 2932 3167 3000 qui
3182 2928 3299 2999 fecit
3313 2929 3574 2999 justitiam
3597 2925 3751 2999 [lsai.

2177 3023 2266 3078 58.
2299 3023 2354 3096 2]
2379 3023 2396 3094 )
2423 3043 2434 3077 :
2467 3024 2545 3077 sic
2574 3024 2676 3077 vita
2708 3023 2906 3077 munda
2953 3032 3007 3076 et
3035 3021 3305 3092 quazrendi
3332 3021 3562 3075 studium
3602 3035 3759 3074 manu

2175 3116 2396 3171 ducunt.
2430 3117 2650 3184 Qua'rite
2694 3115 2872 3180 enim,
2902 3114 3109 3185 inquit,
3141 3123 3188 3167 et
3209 3112 3466 3167 invenietis
3491 3110 3640 3182 (Luc.
3665 3112 3754 3166 11.

2175 3209 2252 3279 9).
2284 3208 2420 3277 Quin
2449 3208 2606 3263 etiam
2634 3208 2881 3276 parabola
2909 3209 3046 3275 ejus,
3071 3205 3160 3276 qui
3191 3206 3321 3274 petit
3349 3219 3512 3274 panes
3535 3204 3603 3258 ab
3625 3205 3758 3257 alni.

2173 3316 2258 3365 co,
2309 3300 2396 3370 qui
2446 3299 2551 3370 jam
2603 3299 2938 3363 dormiebat;
2969 3297 3069 3352 hoc
3114 3297 3346 3352 ostendit
3385 3295 3490 3366 (Ib.
3535 3312 3582 3350 ιι.
3613 3295 3754 3362 5-8).

2173 3391 2460 3459 Propterea
2491 3390 2740 3445 Salomon
2772 3404 2980 3459 quoque
3001 3389 3247 3458 quoniam
3275 3387 3755 3457 petiitspiritualia,

2173 3499 2234 3538 ea
2261 3485 2418 3537 etiam
2449 3483 2684 3551 accepit,
2727 3495 2846 3551 quae
2899 3495 3005 3535 non
3056 3479 3204 3550 petiit
3257 3480 3334 3548 (5.
3370 3479 3496 3549 Reg.
3545 3479 3599 3532 3.
3643 3479 3752 3548 li).

2170 3575 2394 3644 Quando
2420 3582 2596 3629 autem
2625 3583 2680 3628 et
2710 3571 3012 3636 assiduitas,
3039 3580 3094 3626 et
3121 3571 3411 3641 spiritualis
3454 3570 3670 3640 petitio,
3703 3579 3756 3623 et

2170 3681 2300 3736 pura
2357 3666 2461 3720 vita
2533 3664 2798 3731 adfuerit,
2847 3665 3021 3734 cogita
3081 3661 3220 3731 apud
3297 3670 3349 3715 te
3397 3671 3592 3730 quanta
3654 3660 3756 3714 erit

2173 3758 2466 3828 accipiendi
2514 3757 2736 3812 facultas
2768 3774 2781 3810 :
2809 3757 2954 3825 atqui
2988 3757 3066 3809 vel
3110 3754 3222 3823 ipsa
3255 3769 3348 3822 per
3377 3768 3435 3806 se
3460 3752 3572 3806 sola
3622 3751 3755 3806 assi-

2169 3849 2346 3905 duitas
2399 3850 2682 3920 plurimum
2723 3847 2892 3918 potuit
2923 3864 2938 3900 :
2967 3845 3096 3900 Dico
3135 3845 3278 3899 enim
3300 3885 3314 3906 ,
3346 3843 3553 3914 inquit,
3583 3841 3754 3906 uobis,

2168 3945 2261 3998 etsi
2314 3959 2415 3994 non
2477 3951 2740 4009 propterea
2779 3939 2913 4006 quod
2956 3940 3020 3991 sit
3074 3941 3183 4008 ejus
3231 3937 3426 3990 amicus
3477 3935 3521 3988 ei
3581 3934 3749 3997 dabit,

2171 4042 2378 4102 prapter
2413 4030 2777 4098 impudentiam
2821 4037 2985 4080 tamen
3031 4029 3139 4096 ejus
3191 4027 3327 4080 dabit
3377 4027 3423 4080 ei
3475 4025 3628 4095 (Luc.
3663 4025 3750 4078 11.

2173 4123 2250 4190 8).
2325 4119 2432 4174 Sed
2490 4125 2820 4171 revertamur
2883 4115 2949 4168 ad
3001 4117 3353 4186 propositum.
3417 4116 3559 4184 Opus
3621 4114 3754 4182 quod

2171 4225 2408 4281 Operatus
2431 4226 2485 4264 es
2530 4210 2583 4262 in
2630 4207 2803 4261 diebus
2827 4222 3030 4266 eorum,
3069 4206 3120 4261 in
3159 4205 3333 4258 diebus
3365 4205 3601 4273 antiquis.
3635 4203 3753 4254 Mu-

2173 4323 2268 4359 nus
2339 4314 2424 4358 tua
2494 4311 2661 4373 gentes
2709 4297 3042 4370 disperdidit,
3090 4306 3136 4352 et
3190 4295 3429 4364 plantasti
3474 4309 3574 4347 eos.
3621 4291 3753 4346 Vide

2170 4413 2328 4467 quam
2381 4394 2591 4465 proprie
2631 4391 2864 4447 dictione
2901 4404 3025 4444 usus
3048 4399 3150 4446 est.
3185 4386 3300 4441 Non
3329 4400 3412 4448 co,
3445 4384 3631 4451 inquit,
3661 4398 3752 4434 so-

2172 4493 2278 4546 lum
2309 4505 2420 4546 rem
2445 4487 2714 4544 deduxisti
2740 4526 2755 4550 ,
2781 4494 2838 4539 ut
2865 4483 2939 4538 illi
2977 4482 3191 4553 quidem
3227 4481 3518 4542 vincerent,
3553 4475 3603 4528 bi
3628 4490 3753 4529 vero

2170 4585 2510 4638 vincerentur
2540 4597 2552 4632 :
2580 4578 2672 4633 sed
2716 4576 2892 4631 omnia
2943 4576 3148 4644 longius
3193 4577 3600 4642 processerunt;
3633 4566 3752 4621 licet

2167 4685 2322 4730 antea
2351 4686 2560 4743 quoque
2583 4685 2688 4725 non
2715 4681 2868 4738 :equo
2894 4667 3186 4720 certamine
3212 4676 3298 4717 res
3317 4667 3652 4732 gererentur.
3675 4655 3748 4710 Illi

2167 4770 2308 4823 enim
2339 4764 2718 4837 possidebant,
2743 4761 2794 4815 hi
2823 4775 2952 4815 vero
2988 4767 3140 4813 erant
3161 4757 3379 4810 advena:
3407 4771 3420 4808 :
3447 4752 3542 4808 sed
3573 4762 3748 4804 tamen

2167 4869 2306 4914 tanta
2339 4859 2472 4914 facta
2497 4865 2579 4912 est
2623 4854 2844 4910 mutatio
2867 4892 2882 4918 ,
2913 4860 2970 4905 ut
2995 4851 3067 4905 illi
3090 4847 3302 4918 quidem
3330 4845 3584 4902 radicitus
3607 4841 3752 4907 evel;

2167 4954 2425 5014 lerentur,
2460 4950 2510 5003 bi
2539 4961 2662 5002 vero
2692 4946 2878 5000 tierent
2903 4943 3050 4998 cives
3074 4949 3127 4997 et
3155 4939 3499 4995 habitatores.
3531 4934 3599 4993 Et
3629 4933 3755 4992 ideo

2164 5042 2232 5096 de
2275 5043 2378 5094 illis
2407 5040 2618 5109 quidem
2662 5037 2826 5091 dicit:
2857 5033 3044 5090 Manus
3073 5043 3160 5086 tua
3203 5041 3372 5103 gentes
3397 5024 3696 5095 disperdidit

2168 5133 2236 5187 de
2261 5131 2462 5186 Jud:eis
2483 5140 2661 5184 autem
2685 5170 2698 5194 ,
2726 5125 3001 5180 Plantaait.
3029 5124 3238 5178 Manum
3281 5130 3459 5174 autem
3485 5114 3611 5167 dicit
3631 5111 3754 5178 ejus

2169 5221 2476 5292 potentiam.
2511 5218 2662 5286 Quod
2699 5218 2740 5272 si
2774 5232 2867 5272 eos
2906 5216 2994 5285 qui
3043 5210 3259 5266 aliunde
3285 5202 3669 5264 adveniebant,
3693 5212 3748 5258 et

2167 5333 2265 5372 nec
2291 5315 2474 5370 urbem
2500 5357 2513 5378 ,
2543 5329 2640 5368 nec
2668 5312 2886 5368 domum
2928 5305 3193 5361 habebant
3217 5301 3271 5354 in
3305 5314 3407 5369 qua
3433 5295 3589 5350 sedes
3615 5294 3745 5364 lige-

2166 5417 2301 5467 rent.
2326 5413 2416 5458 aut
2444 5405 2494 5458 in
2521 5398 2679 5475 q'uam
2718 5417 2776 5456 se
2804 5399 3119 5465 reciperent,
3146 5389 3370 5445 reddidit
3401 5397 3504 5440 tam
3528 5386 3633 5442 cito
3653 5400 3746 5456 po-

2166 5497 2418 5553 tentiores
2466 5496 2530 5548 iis
2559 5493 2649 5563 qui
2677 5493 2818 5546 intus
2864 5485 3173 5542 habitabant
3204 5499 3216 5535 :
3247 5480 3414 5535 multo
3452 5478 3618 5551 magis
3645 5490 3746 5534 nos

2168 5589 2399 5658 paternis
2425 5585 2580 5639 bonis
2608 5583 2807 5650 ejectos
2834 5595 2938 5632 non
2965 5573 3242 5644 despiciet.
3274 5573 3408 5641 Quid
3436 5583 3514 5627 est
3541 5582 3734 5636 autem,

2169 5679 2459 5735 l’lantas'i?
2487 5675 2692 5731 Fixisti.
2725 5669 2874 5740 Quod
2905 5677 2985 5724 est
3030 5667 3170 5724 enim
3206 5666 3492 5736 plautatnm
3525 5708 3536 5727 ,
3574 5664 3629 5715 lit
3655 5664 3735 5714 lir-

2230 5841 2244 5871 '
2283 5836 2418 5890 (ἰοῦ).
2436 5872 2450 5900 ,
2475 5833 2745 5886 holocausta
2769 5837 2814 5883 et
2837 5828 3077 5882 columbas
3103 5826 3198 5880 vult
3227 5835 3367 5878 Deus.
