4064 6206
309 247 410 306 1⁸17

309 405 522 462 quoque
555 393 661 448 hoc
692 409 795 461 pro
833 411 1024 470 magna
1048 396 1303 466 dignitate
1329 400 1525 466 posuit,
1552 399 1738 455 dicens
1770 419 1783 455 :
1819 402 1920 467 Qui

311 492 479 536 autem
526 481 723 540 Christi
768 498 922 552 sunt,
962 504 1165 541 carnem
1213 490 1574 557 cruciﬁacrunt
1619 491 1818 562 (Galnt.
1866 495 1920 549 5.

313 575 426 647 2t).
461 575 792 646 Diapsalma.
823 580 995 645 Alius,
1025 580 1256 650 Semper.
1288 581 1542 637 Hebraeus
1588 595 1766 639 autem
1795 586 1918 639 illud

319 669 394 723 sic
434 669 726 738 exprimit,
765 671 878 728 Sel.
934 671 1016 726 10.
1050 671 1204 726 Nunc
1243 683 1408 726 autem
1449 676 1680 744 repulisti
1723 694 1845 739 nos,
1875 688 1922 730 et

323 759 598 830 confudisti
623 777 736 812 nos.
764 762 936 826 Alius,
963 761 1180 816 Tametsi
1206 763 1435 832 repulisti
1461 781 1573 817 nos.
1605 765 1784 829 Alius,
1815 767 1919 820 Sed

321 853 386 904 tul
411 852 518 906 hac
559 853 804 922 rejecisti.
847 853 910 906 Et
938 872 1038 907 non
1085 856 1354 925 egredieris
1398 855 1537 910 Deus
1579 857 1632 912 in
1655 858 1920 912 virtutibus

322 946 522 998 nostris.
558 945 730 1004 Alius.
769 944 835 997 Et
876 961 976 999 non
1023 946 1358 1018 progredieris
1400 948 1453 1002 in
1481 949 1675 1004 militiis
1703 951 1913 1006 nostris.

326 1037 608 1104 chulsam
654 1036 798 1091 cnim
831 1037 1009 1090 statim
1052 1038 1221 1108 pudor
1263 1039 1522 1109 sequitur,
1571 1049 1629 1094 et
1670 1040 1735 1093 ad
1777 1041 1913 1094 mala

322 1129 564 1198 patienda
591 1143 712 1183 esse
739 1130 990 1184 omnilnts
1012 1130 1330 1199 expositum.
1363 1132 1593 1186 Virtutes
1622 1143 1798 1186 autem
1825 1133 1912 1186 hic

320 1222 551 1290 appellat
591 1237 779 1276 coriam
821 1222 1120 1286 exercitus,
1163 1222 1595 1292 quandoquidem
1645 1224 1698 1278 in
1726 1224 1808 1278 eis
1829 1232 1913 1278 est

324 1312 464 1380 regis
493 1311 728 1380 potentia
761 1328 773 1363 :
802 1325 925 1366 cum
961 1310 1097 1365 Dens
1137 1308 1239 1366 hoc
1273 1327 1483 1367 summo
1527 1313 1752 1367 consilio
1782 1328 1908 1381 pro-

323 1401 530 1465 viderit,
565 1409 624 1454 ut
646 1409 790 1456 esset
815 1399 920 1455 hoc
949 1401 1191 1470 principi,
1213 1412 1268 1456 ct
1295 1403 1359 1456 iis
1396 1403 1482 1472 qui
1513 1403 1630 1470 ejus
1656 1413 1912 1472 reguntur

327 1493 578 1562 imperio,
611 1492 902 1548 vinculum.
932 1491 1064 1546 Nam
1116 1503 1171 1548 et
1195 1509 1290 1548 rex
1334 1493 1398 1546 iis
1449 1509 1584 1563 opus
1624 1494 1779 1550 habet
1817 1496 1906 1565 qui

323 1585 436 1650 ejus
461 1583 627 1652 jussis
650 1591 876 1653 parcant
900 1623 916 1646 ,
940 1593 994 1637 et
1023 1584 1078 1637 1ιί
1099 1599 1164 1638 eo
1187 1585 1274 1653 qui
1307 1585 1409 1638 illis
1435 1585 1614 1654 praesit
1647 1603 1659 1638 :
1689 1594 1743 1639 et
1770 1587 1906 1640 alter

317 1675 534 1730 alterius
578 1675 779 1730 auxilio
822 1674 1042 1746 indiget.
1092 1673 1170 1730 Ne
1197 1675 1371 1744 aliqua
1413 1677 1554 1730 enim
1584 1684 1724 1732 esset
1752 1692 1904 1731 arrn-

315 1766 510 1836 gautia,
538 1764 716 1821 ell‘ecit
741 1765 919 1836 Deus,
954 1775 1010 1820 ut
1047 1781 1234 1836 magna
1273 1782 1415 1836 szupe
1455 1767 1633 1836 parvis
1661 1779 1898 1837 egerem.

319 1857 424 1912 lloe
465 1855 642 1926 ipsum
689 1855 812 1912 fecit
847 1857 1006 1911 etiam
1035 1857 1086 1911 in
1128 1857 1287 1912 rebus
1314 1858 1580 1912 inanimis.
1610 1857 1900 1914 Labantem

313 1949 448 2004 enim
480 1950 785 2006 columnam
815 1950 1088 2020 subjectus
1117 1965 1258 2019 sarpe
1295 1951 1531 2006 calculus
1559 1951 1764 2007 ﬁrmam
1789 1961 1902 2007 sta-

315 2039 576 2110 bilemque
623 2041 904 2110 pnestitit,
932 2049 988 2096 et
1015 2041 1276 2110 navigium
1309 2043 1360 2096 in
1392 2057 1497 2112 quo
1523 2044 1898 2113 quamplurimi

311 2142 429 2188 sunt
453 2141 704 2190 vectores
723 2173 737 2200 ,
771 2147 968 2202 parvus
987 2133 1170 2188 clavus
1195 2133 1373 2204 dirigit
1401 2144 1454 2189 et
1475 2136 1665 2191 liberat
1695 2151 1724 2190 ιι
1759 2137 1900 2206 peri-

308 2223 456 2278 culis.
484 2223 622 2291 Quid
670 2234 754 2280 est
783 2231 960 2279 autem
985 2265 1000 2287 ,
1036 2222 1254 2279 Tametsi
1279 2226 1509 2288 repuliin
1537 2243 1630 2280 nos
1656 2229 1682 2282 Ρ
1712 2227 1894 2292 Licet,

307 2314 508 2383 inquit,
541 2322 620 2369 tot
645 2324 700 2368 et
730 2321 876 2368 tanta
908 2314 1046 2383 passi
1090 2315 1256 2370 simus
1277 2355 1292 2375 .
1313 2333 1344 2370 a
1372 2327 1422 2372 te
1452 2332 1556 2372 non
1582 2318 1859 2374 deﬁcimus
1879 2361 1892 2384 ,

306 2414 355 2459 te
382 2403 694 2471 laudantes,
722 2404 891 2474 gloria
918 2405 1249 2470 efﬁcientes,
1294 2408 1426 2462 etin
1473 2416 1525 2466 te
1573 2410 1880 2479 gloriantes.

305 2495 388 2548 11.
435 2494 670 2552 Αυεηὶιιί
713 2511 806 2550 nos
850 2506 983 2550 retro
1011 2505 1124 2565 post
1151 2497 1380 2552 inimicos
1423 2509 1638 2556 nostros.
1689 2500 1755 2553 Et
1796 2505 1882 2572 qui

300 2586 513 2639 oderunt
553 2603 677 2649 nos,
709 2585 1010 2655 diripiebant
1054 2587 1167 2642 sibi.
1198 2588 1368 2654 Alius,
1403 2587 1626 2644 Posuisti
1675 2607 1764 2646 nos
1807 2610 1896 2646 ea:-

299 2689 482 2734 tremos
527 2680 750 2748 cujusvis
792 2679 1002 2738 inimici.
1047 2679 1178 2738 Vide
1217 2682 1487 2754 quomodo
1539 2685 1677 2740 mala
1719 2687 1894 2741 verbis

297 2771 536 2835 extollit,
567 2780 622 2826 et
649 2770 1004 2826 calamitatem
1036 2772 1213 2832 verbis
1247 2774 1534 2844 ampliﬁcat
1556 2816 1572 2839 ,
1605 2778 1894 2834 ostendens

297 2875 410 2928 eos,
430 2860 641 2915 etiamsi
671 2869 852 2916 essent
889 2861 1170 2920 admodum
1199 2876 1527 2933 peccatores,
1553 2867 1684 2923 satis
1713 2878 1888 2926 tamen

298 2967 578 3021 pmnarum
607 2951 836 3007 dedisse.

366 3045 419 3097 7.
463 3043 578 3098 Hoc
623 3045 780 3100 etiam
813 3044 1050 3100 fecerunt
1094 3048 1244 3116 pueri
1287 3064 1350 3104 ex
1396 3049 1710 3106 redundami
1751 3067 1886 3123 qna-

291 3139 413 3194 dam
446 3140 601 3208 cepia
629 3141 680 3193 in
715 3140 929 3196 fornace
951 3153 1074 3196 tunc
1101 3151 1356 3202 canentes
1375 3154 1428 3198 ct
1448 3144 1688 3202 dicentes
1713 3164 1724 3199 :
1752 3146 1884 3204 Tra-

291 3230 468 3286 didisti
507 3245 599 3284 nos
637 3230 688 3282 in
730 3246 910 3284 manus
951 3231 1267 3285 inimicorum
1307 3243 1593 3288 nostrorum
1638 3238 1884 3304 pessimo-

292 3337 433 3381 rum,
483 3321 1016 3390 prevaricatorumque
1031 3362 1048 3388 ,
1097 3332 1143 3376 et
1192 3323 1296 3394 regi
1337 3325 1528 3394 injusto
1573 3336 1618 3379 et
1665 3328 1882 3396 pessimo

288 3413 430 3466 ultra
468 3429 666 3466 omnem
701 3423 886 3470 terrent
915 3413 1070 3483 (Dan.
1098 3415 1149 3470 5.
1183 3415 1294 3483 59.).
1338 3417 1405 3472 Et
1447 3433 1633 3478 rursus
1661 3438 1672 3472 :
1696 3419 1880 3474 Immi-

287 3504 396 3556 nuti
422 3518 603 3556 sumus
629 3503 741 3572 plus
759 3520 912 3573 quant
938 3520 1108 3558 omnes
1127 3516 1316 3575 gentes,
1340 3523 1610 3579 sumasque
1629 3509 1876 3566 Itumilcs‘

283 3595 338 3647 in
359 3595 595 3648 universa
625 3604 757 3650 terra
785 3595 945 3665 (Ibid.
975 3611 1025 3650 ιι.
1055 3598 1168 3666 57).
1203 3598 1310 3652 lloc
1337 3599 1507 3668 ipsum
1551 3601 1637 3658 hic
1667 3618 1878 3674 quoque

286 3684 571 3754 signiﬁcat,
602 3687 984 3755 propemodum
1011 3687 1198 3744 dicens
1225 3706 1237 3741 :
1271 3689 1531 3750 Omnibus
1569 3693 1875 3753 heminibus

285 3776 503 3830 viliores
528 3785 582 3832 et
610 3776 930 3848 abjectiores
968 3793 1174 3848 sumus,
1213 3781 1641 3852 quandoquidem
1691 3802 1876 3846 sumus

289 3876 374 3920 tua
408 3865 593 3928 nudati
624 3867 954 3938 providentia
987 3887 999 3922 :
1033 3880 1086 3924 et
1117 3886 1214 3938 nec
1243 3887 1480 3942 eousque
1503 3877 1712 3944 quidem
1737 3882 1874 3937 mala

287 3967 470 4014 nostra
505 3967 796 4024 steterunt,
826 3960 922 4016 sed
947 3963 1104 4024 etiam
1137 3964 1315 4033 prteda
1340 3965 1461 4022 facti
1486 3983 1670 4030 smnus
1693 3973 1872 4027 inimi-

285 4051 384 4117 cis,
413 4052 503 4122 qui
547 4066 646 4106 nos
686 4067 784 4106 suo
813 4053 1034 4112 arbitrio
1060 4054 1388 4112 dividebant.
1435 4059 1725 4124 lloc‘enim
1771 4066 1870 4120 sibi

285 4142 442 4196 vult:
483 4142 802 4210 Diripiebant
832 4144 1068 4218 sibiipsis,
1105 4147 1155 4201 id
1203 4157 1306 4218 est,
1349 4151 1493 4206 nullo
1533 4156 1867 4222 prohibente.

285 4236 374 4289 l2.
405 4235 607 4292 Dedisti
643 4253 732 4296 nos
759 4247 1018 4310 tamquam
1060 4254 1173 4296 oves
1213 4257 1460 4307 escarum,
1492 4254 1539 4298 et
1565 4247 1617 4302 in
1639 4251 1870 4318 gentibus

283 4328 563 4397 dispersisti
591 4344 702 4384 nos.
735 4329 905 4394 Alius,
951 4327 1214 4392 Ventilasti
1257 4348 1372 4388 nos.
1403 4333 1540 4402 Quid
1579 4348 1683 4405 est,
1719 4339 1870 4396 Tam-

281 4433 429 4486 quam
449 4433 566 4472 ovcs
580 4419 846 4474 escarum?
876 4418 929 4474 ld
963 4429 1065 4483 est,
1095 4419 1288 4486 Fecisti
1315 4438 1432 4490 nos,
1469 4426 1660 4496 inquit,
1688 4431 1754 4485 ad
1783 4432 1866 4486 in-

282 4507 583 4563 vadendum
616 4508 917 4570 facillimos,
953 4526 1050 4564 nos
1078 4512 1208 4566 viles
1231 4529 1353 4570 esse
1383 4518 1691 4576 ostendens.
1731 4523 1868 4582 Sunt

281 4601 421 4654 euim
465 4600 666 4669 aliqum
709 4614 838 4654 oves
882 4601 1270 4670 acquisitionis,
1319 4621 1435 4676 qua:
1472 4619 1598 4666 sunt
1634 4623 1772 4682 apta:
1799 4616 1864 4670 ad

281 4694 652 4762 generandum
678 4709 691 4745 :
722 4705 846 4754 sunt
885 4710 1013 4748 vero
1040 4695 1180 4764 alia),
1211 4713 1330 4768 qua:
1375 4711 1592 4772 promer
1631 4709 1861 4776 senium,

279 4783 360 4838 vel
385 4795 610 4855 propter
630 4785 962 4842 sterilitatem
1001 4798 1124 4842 sunt
1156 4797 1358 4845 tantum
1393 4795 1551 4850 utiles
1577 4797 1643 4852 ad
1677 4815 1863 4860 come-

279 4873 531 4936 dendum.
563 4877 632 4931 Et
657 4876 798 4954 quod
836 4885 918 4932 est
941 4878 1359 4950 acerbissimum,
1395 4885 1446 4940 in
1485 4897 1672 4958 gentes
1709 4907 1863 4952 erant

275 4966 532 5038 dispersi;
562 4969 813 5040 quodque
837 4969 942 5024 illis
963 4971 1199 5030 omnium
1229 4977 1602 5043 gravissimum
1626 4993 1760 5048 erat,
1795 5003 1864 5044 ne

274 5058 441 5126 legem
460 5059 679 5136 quidem
697 5069 948 5132 poterant
970 5060 1073 5119 illic
1087 5074 1332 5121 accurate
1345 5082 1558 5134 servare
1569 5081 1622 5128 et
1633 5088 1663 5128 a
1677 5079 1862 5144 patriai

275 5151 573 5222 reipublicae
602 5151 863 5207 institutis
887 5150 1209 5210 exciderant.
1239 5153 1308 5214 Et
1332 5173 1437 5214 non
1466 5161 1518 5216 in
1543 5179 1702 5221 unam
1726 5185 1861 5239 gen.

275 5249 398 5308 ωιη,
418 5242 513 5298 sed
538 5241 764 5312 ubique,
797 5240 988 5310 inquit,
1010 5240 1232 5313 dispersi
1256 5262 1460 5316 sumus,
1482 5253 1549 5310 ad
1581 5273 1741 5314 unum
1767 5277 1860 5318 so-

275 5329 396 5397 lum,
417 5348 613 5404 nempe
631 5332 776 5387 male
797 5330 1119 5400 patiendum,
1139 5339 1335 5404 parati:
1354 5342 1531 5399 ulcisci
1550 5358 1748 5415 autem,
1771 5366 1860 5410 aut

272 5438 451 5482 mnus
471 5427 741 5483 extollere
764 5439 873 5479 non
895 5437 1188 5491 possumus.
1211 5429 1318 5486 lloc
1336 5437 1478 5492 enim
1497 5441 1758 5512 signiﬁcat
1780 5449 1856 5503 si-

269 5516 504 5574 militudo
519 5520 728 5575 ovium.
748 5516 840 5570 l3.
855 5512 1131 5574 Vendidisti
1143 5527 1384 5593 populum
1402 5541 1540 5588 tuum
1553 5537 1661 5592 sine
1672 5543 1852 5608 pretio.

319 5673 338 5708 ι
372 5679 504 5726 nam
524 5674 706 5734 habet,
729 5685 900 5737 pauci,
921 5687 1021 5739 pro,
1043 5678 1255 5735 humiles.

1430 259 1780 320 EXPOSITIO
1820 261 1881 318 IN
1923 262 2240 325 PSALMUM
2282 265 2462 326 XLIII.

3532 291 3629 348 HS

2037 382 2210 451 Alius,
2232 383 2297 438 In
2319 402 2420 438 non
2447 387 2746 445 substantia.
2774 391 2941 460 Alius,
2971 394 3088 452 Non
3110 398 3414 458 substantia.
3443 403 3506 458 Et
3526 423 3628 460 non

2031 474 2131 542 fuit
2151 477 2419 532 utultitndo
2441 478 2492 532 in
2518 483 2992 542 commutationibus
3013 491 3216 546 nostris.
3240 493 3414 560 Alius,
3436 493 3502 552 Et
3521 513 3622 550 non

2033 567 2246 626 multum
2267 569 2428 640 fecisti
2447 572 2661 640 pretium
2689 590 2880 630 eorum.
2903 577 3053 645 Quod
3076 588 3252 638 autem
3271 586 3349 640 ait
3371 594 3454 646 est
3477 586 3618 656 ejtts-

2031 657 2176 712 modi
2211 676 2224 710 :
2258 660 2468 721 videtur
2513 665 2655 718 enim
2696 665 2894 724 dictum
2923 684 3044 726 esse
3083 673 3235 732 valde
3281 677 3566 734 obscurum
3596 697 3613 734 :

2025 748 2118 800 scd
2151 751 2428 815 attendite,
2463 761 2518 808 ut
2545 757 2785 824 psallatis
2819 775 2940 816 cum
2968 762 3332 834 intelligentia.
3366 768 3501 836 Quid
3529 779 3614 825 est

2023 851 2152 908 ergo
2183 841 2324 910 quod
2351 841 2585 898 dicitur?
2615 847 2781 914 Quam
2825 851 2934 906 sint
2963 853 3095 910 viles
3121 865 3178 912 et
3205 857 3395 927 abiecti
3423 872 3612 918 esten.

2023 927 2119 995 dit,
2153 948 2345 1001 nempe
2372 937 2567 992 nullius
2591 941 2746 1008 pretii
2772 960 2785 994 :
2816 951 3083 1014 tamquam
3106 949 3246 1016 vilis,
3274 951 3464 1024 inquit,
3489 975 3612 1026 pre-

2024 1020 2102 1084 tii,
2131 1023 2370 1090 objectos
2403 1038 2457 1082 et
2481 1033 2902 1088 contemnendos
2942 1052 3040 1090 nos
3069 1020 3608 1107 dimisisti.-Iloe'au-

2024 1119 2131 1165 tem
2165 1112 2293 1167 dicit
2319 1132 2467 1172 more
2497 1117 2730 1176 humano
2758 1140 2770 1175 :
2800 1126 3036 1183 solemus
3057 1131 3196 1186 enim
3231 1148 3457 1207 quaeque
3486 1143 3608 1200 vilia

2021 1199 2149 1258 dare
2177 1203 2259 1258 vel
2291 1206 2404 1260 sine
2443 1208 2632 1276 pretio.
2665 1210 2792 1278 Quae
2816 1230 2972 1282 porro
2997 1220 3170 1288 magni
3194 1199 3436 1292 facimus,
3467 1245 3530 1286 ea
3561 1234 3607 1288 si

2019 1293 2328 1362 vendamus,
2361 1313 2552 1368 magno
2579 1305 2750 1370 pretio
2778 1305 3052 1368 vendimus
3082 1327 3094 1360 :
3130 1326 3248 1381 quae
3277 1331 3402 1372 vero
3428 1323 3597 1390 parvi,

2013 1396 2072 1438 ea
2103 1383 2185 1438 vel
2221 1386 2406 1456 gratis.
2446 1387 2721 1457 [inprobos
2750 1394 2927 1464 itaque
2951 1411 3135 1454 servos
3153 1402 3242 1456 alii
3269 1383 3482 1474 quidem
3517 1383 3604 1468 di;

2013 1472 2175 1528 midio
2201 1476 2392 1544 pretio,
2417 1479 2504 1533 alii
2536 1496 2662 1536 vero
2689 1484 2836 1538 nullo
2868 1497 3088 1555 accepto
3118 1472 3600 1560 pretioidcderuut.

2011 1562 2066 1619 Si
2097 1567 2289 1622 minori
2319 1580 2500 1626 autem
2533 1576 2704 1642 pretio
2731 1579 2938 1636 tradere
2961 1585 3193 1644 ostendit
3219 1606 3374 1657 quam
3402 1594 3470 1648 sit
3498 1599 3602 1654 vile

2008 1657 2147 1727 quod
2188 1659 2469 1716 \enditur:
2501 1665 2650 1720 nullo
2680 1666 2804 1722 dato
2831 1673 3002 1739 pretio
3041 1676 3304 1746 accipere.
3356 1684 3450 1742 sed
3481 1686 3600 1742 sine

2008 1750 2196 1818 pretio,
2240 1753 2410 1808 multo
2438 1757 2628 1826 magis.
2681 1758 2792 1815 lloc
2841 1778 2968 1834 ergo
2997 1765 3122 1822 dicit
3155 1786 3168 1824 :
3203 1771 3428 1830 Perinde
3460 1793 3522 1832 ac
3549 1781 3597 1834 si

2007 1837 2166 1894 homo
2195 1843 2454 1912 quispiam
2481 1847 2640 1903 rebus
2663 1850 2771 1904 suis
2800 1855 2950 1908 cedat
2975 1859 3090 1912 sine
3118 1862 3308 1928 pretio,
3337 1865 3406 1918 ita
3433 1869 3596 1925 etiam

2007 1930 2118 1999 ipse
2153 1947 2250 1986 nos
2292 1943 2560 2006 minquam
2586 1941 2782 1996 nullius
2823 1948 2976 2014 pretii
3010 1948 3278 2017 dimisisti,
3313 1972 3410 2010 nos
3441 1960 3596 2016 valde

2001 2027 2390 2096 Contempsisti.
2419 2030 2528 2085 lloc
2562 2033 2739 2102 itaque
2764 2039 3026 2107 signiﬁcat
3052 2045 3210 2102 etiam
3242 2062 3339 2117 por
3368 2049 3418 2106 id
3447 2056 3591 2122 quod

2001 2114 2268 2188 subjungit
2298 2135 2311 2170 :
2344 2119 2411 2172 Et
2453 2124 2671 2194 nonfuit
2713 2129 2989 2190 multitudo
3028 2133 3080 2188 in
3115 2114 3591 2200 commutationibus

2003 2208 2222 2272 nostris;
2267 2207 2368 2264 hoc
2415 2223 2515 2275 cst,
2560 2214 2613 2270 ln
2663 2220 2931 2287 eruptione
2961 2235 3162 2283 noSIra.
3210 2227 3276 2286 Et
3305 2230 3426 2287 ideo
3453 2235 3591 2291 dicit

1998 2297 2154 2364 alius,
2205 2298 2270 2354 In
2305 2306 2672 2374 appretiationc
2711 2321 2906 2380 nostra,
2952 2315 3000 2370 id
3038 2327 3140 2386 cst,
3201 2320 3253 2380 in
3284 2324 3590 2383 venditione

1999 2401 2205 2448 nostra.
2249 2394 2483 2452 Pretium
2536 2401 2676 2456 enim
2735 2414 2820 2459 est
2863 2413 3218 2476 permutatio:
3246 2431 3391 2486 serpe
3441 2422 3585 2476 enim

1996 2495 2210 2538 servum
2247 2485 2458 2553 damus,
2503 2499 2556 2543 ct
2601 2507 2789 2548 aurum
2831 2497 2910 2552 vel
2951 2512 3228 2570 argentum
3271 2485 3610 2578 accipimus..

1999 2571 2084 2626 14.
2121 2571 2344 2629 Posuisti
2385 2595 2475 2632 nos
2505 2584 2833 2651 opprobrium
2861 2589 3034 2648 uicinis
3059 2596 3266 2660 nostris,
3300 2571 3584 2656 subsanna-

1995 2664 2178 2718 tionem
2207 2675 2250 2719 et
2277 2667 2498 2722 derisum
2527 2673 2588 2726 iis
2615 2679 2702 2744 qui
2731 2677 2784 2730 in
2823 2681 3037 2736 circuitu
3067 2695 3238 2740 nostra
3268 2701 3403 2746 sunt.
3431 2695 3582 2748 Alius

1993 2755 2140 2820 dicit,
2174 2757 2425 2826 Pompam
2455 2763 2518 2816 iis
2557 2767 2643 2833 qui
2670 2768 2720 2820 in
2751 2769 2964 2822 circuitu
2993 2783 3162 2832 nostra
3189 2790 3325 2832 sunt.
3361 2781 3446 2836 £5.
3481 2781 3582 2836 Ρο-

1991 2847 2134 2902 suisti
2155 2866 2246 2906 nos
2266 2851 2318 2906 in
2345 2855 2638 2922 parabolam
2667 2858 2722 2912 in
2743 2861 2990 2930 gentibus.
3023 2863 3195 2926 Grave
3215 2879 3297 2925 est
3327 2871 3426 2928 hoc
3450 2889 3582 2945 sup-

1947 2939 2206 3008 ..plicium
2250 2953 2305 2998 et
2349 2944 2706 3016 intolerabile,
2760 2952 2828 3012 ab
2877 2953 3051 3024 impiis
3091 2961 3323 3017 maxime
3369 2939 3576 3033 probris

1989 3030 2150 3099 allici,
2177 3033 2245 3090 ab
2281 3034 2506 3092 inimicis
2539 3037 2655 3095 hmc
2683 3041 2812 3111 pati,
2855 3058 2976 3100 esse
3005 3047 3348 3108 circumcirca
3369 3030 3466 3126 qui
3495 3059 3576 3112 in.

1987 3123 2202 3188 saltent,
2227 3136 2279 3179 et
2309 3127 2541 3198 undique
2566 3132 2834 3192 circumiri
2866 3135 2933 3191 ab
2965 3137 3027 3193 iis
3055 3141 3143 3210 qui
3184 3145 3376 3213 probra
3397 3123 3570 3220 tinge-

1987 3220 2129 3266 runt.
2165 3214 2301 3280 Quid
2336 3227 2418 3274 est
2460 3229 2643 3277 autem
2679 3225 2926 3293 parabola
2949 3228 2973 3281 ?
2997 3228 3261 3299 Narratio,
3293 3214 3565 3306 probrum.

1985 3303 2154 3361 Erant
2201 3308 2342 3362 enim
2380 3310 2728 3370 circumcirca
2759 3317 2975 3387 quidam
3011 3303 3566 3402 sceleratipnulloque

1983 3412 2143 3452 sensu
2175 3401 2402 3469 przcditi,
2429 3405 2518 3474 qui
2545 3422 2649 3464 non
2677 3409 2849 3472 solum
2896 3428 2999 3468 non
3031 3417 3438 3487 miserebantur,
3468 3401 3564 3480 scd

1983 3490 2189 3558 probris
2227 3493 2384 3548 etiam
2431 3507 2483 3550 et
2525 3502 2862 3556 contumeliis
2914 3504 3234 3575 afﬁcit-bant,
3289 3515 3430 3584 quod
3473 3533 3569 3574 eus

1982 3583 2210 3639 maxime
2238 3587 2485 3664 angebat.
2511 3589 2632 3645 Mibi
2660 3602 2836 3648 autem
2866 3596 3073 3652 videtur
3102 3601 3190 3656 hic
3225 3603 3403 3666 dicere
3427 3610 3562 3666 Ara-

1979 3671 2094 3738 bas,
2139 3674 2230 3744 qui
2257 3692 2422 3747 propc
2447 3693 2542 3734 eos
2581 3680 2909 3744 habitabant.
2949 3687 3341 3752 Commotionctn
3383 3701 3566 3770 capitis

1977 3764 2027 3816 in
2068 3768 2290 3836 populis.
2331 3769 2503 3838 Alius,
2540 3771 2972 3840 Transmotionem
3002 3797 3020 3834 :
3051 3781 3310 3846 llebrteus'
3350 3764 3556 3854 autem,

1978 3854 2229 3914 Menand.
2261 3859 2356 3915 Vel
2402 3861 2505 3918 hoc
2529 3879 2657 3936 ergo
2682 3867 2828 3934 dicit,
2857 3869 3244 3934 Transmovisti
3293 3895 3434 3946 nos;
3478 3886 3558 3940 ιὐΙ

1976 3963 2071 4016 per
2109 3959 2314 4018 gestum
2346 3962 2523 4008 motus
2549 3956 2739 4026 capitis
2767 3961 2999 4022 ostendit
3033 3965 3183 4020 valde
3211 3968 3440 4026 laetantis
3477 3973 3559 4030 in-

1975 4039 2274 4094 solcntium.
2302 4043 2388 4102 115.
2421 4043 2546 4099 Tota
2573 4046 2656 4102 dic
2692 4053 2990 4114 verecundia
3018 4072 3127 4118 mea
3151 4071 3326 4118 contra
3355 4079 3434 4120 me
3457 4077 3553 4120 est.

1973 4129 2142 4192 Alius,
2165 4129 2452 4202 Ignominia
2473 4151 2597 4192 mea.
2632 4136 2699 4191 Et
2715 4143 2944 4212 confusio
2970 4147 3120 4214 faciei
3141 4166 3262 4204 ntere
3286 4159 3548 4223 cooperuit

1973 4235 2069 4283 me,
2109 4221 2191 4274 l7.
2224 4238 2255 4274 α
2281 4237 2396 4276 race
2437 4228 2788 4296 exprobrantis
2831 4239 2878 4285 et
2903 4233 3233 4305 ablaqueatio.
3285 4221 3454 4306 Alius,
3487 4243 3554 4300 Et

1971 4309 2380 4381 blasphcmantis.
2410 4316 2454 4370 Α
2480 4321 2612 4388 facie
2637 4320 2828 4376 inimici
2850 4333 2897 4378 ct
2920 4331 3276 4398 perscqucntis.
3309 4331 3431 4389 ΙΙωο
3458 4349 3554 4391 eos

1971 4402 2136 4470 magis
2159 4419 2314 4472 quam
2347 4407 2604 4477 supplicia
2633 4413 2961 4470 cruciabant.
2991 4417 3122 4485 Quia
3147 4421 3287 4482 enim
3315 4423 3393 4480 cis
3412 4440 3554 4481 sem-

1971 4512 2066 4566 per
2090 4507 2145 4554 et
2165 4501 2378 4558 assidue
2407 4506 2722 4563 eveniebant
2749 4525 2836 4566 res
2861 4513 3131 4582 secundae,
3155 4527 3208 4572 et
3231 4515 3412 4575 hostes
3435 4523 3550 4575 vin-

1968 4591 2180 4660 cebant,
2205 4596 2443 4652 omnium
2478 4608 2602 4656 tunc
2629 4617 2720 4658 ora
2763 4614 2946 4672 aperta
2984 4617 3252 4667 suntcum
3284 4610 3382 4680 ipsi
3408 4615 3550 4669 ceci-

1969 4681 2196 4752 dissent,
2224 4686 2512 4760 alﬁictique
2537 4700 2588 4746 ct
2621 4695 2872 4761 prostrati
2902 4707 3119 4755 essent:
3149 4715 3248 4757 nec
3278 4704 3547 4774 respirare

1967 4776 2184 4845 quidem
2215 4789 2483 4846 poterant.
2511 4783 2605 4838 sed
2653 4794 2967 4854 perpetuum
3011 4791 3328 4859 supplicium
3356 4809 3550 4867 exspo-

1965 4869 2196 4930 ctabaut.
2230 4869 2315 4928 l8.
2350 4870 2472 4928 Ilico
2495 4875 2664 4928 omnia
2687 4891 2924 4934 uenerunt
2960 4897 3114 4951 super
3152 4901 3260 4946 nos.
3292 4903 3383 4942 nec
3406 4889 3548 4945 obliti

1964 4973 2137 5018 sumus
2161 4967 2228 5025 te,
2247 4969 2294 5014 et
2319 4961 2488 5034 inique
2511 4981 2612 5018 non
2633 4967 2823 5036 egimus
2851 4969 2903 5023 in
2927 4981 3221 5034 testamento
3245 4987 3346 5034 tuo.
3373 4979 3547 5042 Alius,

1969 5048 2079 5104 Nec
2113 5051 2347 5126 fraudem
2395 5055 2606 5126 fecimus
2648 5067 2795 5125 pacto
2841 5070 2944 5116 tuo.
2992 5063 3123 5130 Nos,
3183 5069 3370 5137 inquit,
3421 5071 3542 5126 aliis

1962 5144 2228 5200 contraria
2261 5145 2340 5204 via
2363 5146 2584 5216 ingressi
2612 5166 2816 5208 sumus.
2848 5153 2927 5214 Illi
2956 5156 3119 5218 enim,
3140 5169 3424 5228 antequam
3455 5178 3543 5218 res

1962 5233 2085 5286 ulla:
2106 5233 2342 5292 adversm
2371 5239 2698 5308 evenissent,
2731 5248 2981 5312 prostrati
3029 5257 3151 5300 sunt
3180 5266 3192 5299 :
3223 5263 3320 5304 nos
3363 5261 3542 5312 autem

1963 5331 2083 5391 post
2105 5339 2192 5378 res
2218 5325 2468 5385 adversus
2490 5345 2782 5402 gravesque
2812 5335 3142 5394 calatnitates
3180 5339 3335 5394 lirmo
3359 5350 3414 5396 et
3443 5341 3545 5398 im-

1963 5413 2146 5470 mobili
2169 5417 2348 5470 animo
2377 5421 2734 5477 constitimus.
2766 5423 2892 5478 llaec
2918 5435 3094 5480 autem
3128 5427 3332 5490 dicunt,
3363 5442 3414 5484 ut
3437 5432 3546 5505 bo-I

1961 5519 2084 5558 nam
2108 5519 2256 5574 spem
2283 5509 2583 5578 concipiant
2618 5513 2703 5582 qui
2732 5527 2851 5566 cum
2880 5515 2956 5568 eis
2985 5525 3106 5571 sunt
3137 5516 3429 5578 hortantes.
3480 5527 3545 5582 Et

1963 5594 2082 5650 ideo
2110 5611 2228 5649 cum
2274 5597 2455 5652 Daniel
2501 5609 2554 5655 et
2603 5611 2710 5656 tres
2737 5604 2886 5674 pueri
2931 5605 3154 5664 dicant:
3187 5611 3536 5685 Peccavimus,

1968 5689 2152 5760 injuste
2189 5692 2395 5762 fecimus
2421 5691 2578 5764 (Dan.
2613 5697 2664 5752 5.
2695 5697 2789 5770 ‘29)
2818 5715 2830 5753 :
2880 5698 2932 5755 bi
2961 5701 3140 5760 dicunt
3171 5723 3182 5758 :
3217 5705 3334 5762 Non
3379 5709 3550 5783 inique
