4112 6214
472 298 574 356 Πθ

474 412 663 484 egimus
702 407 761 465 in
805 415 1098 465 testametuo
1128 414 1214 461 tuo
1240 420 1260 460 :
1286 403 1710 461 commilitonum
1752 398 1965 456 animos
2000 406 2057 454 et

470 502 692 572 spiritus
734 499 1051 556 excitantes.
1098 493 1155 553 Si
1208 497 1373 561 enim,
1419 494 1609 566 inquit,
1657 491 1888 548 maxima
1918 487 2056 559 passi

471 606 677 659 sumus,
708 604 765 648 et
786 590 859 648 ab
885 591 966 647 eis
988 589 1250 660 originem
1276 588 1540 649 ducimus,
1576 585 1664 655 qui
1695 584 1902 655 magnis
1929 581 2060 636 atie-

471 687 543 741 cti
573 693 700 740 sunt
737 682 1032 749 beneﬂciis,
1059 692 1117 737 et
1140 680 1197 736 in
1218 678 1612 736 calamitatibus
1649 678 1869 732 minime
1890 675 2061 731 decli-

474 775 745 841 navimus,
773 789 898 844 spes
922 783 1006 829 est
1034 772 1188 828 nobis
1226 785 1432 841 magna;
1456 769 1664 823 salutis.

546 869 602 924 8.
642 867 795 935 Quod
828 880 959 935 ergo
984 865 1091 920 dixi
1127 879 1157 917 a
1202 862 1481 933 principio,
1527 861 1630 915 hoc
1670 874 1887 931 quoque
1921 870 2061 912 nune

474 960 618 1026 dico,
642 975 737 1017 eos
756 959 874 1014 vice
895 956 1217 1028 precationis
1238 955 1344 1010 illis
1361 953 1560 1009 addere
1579 954 1810 1019 animos,
1843 948 2062 1021 perinde

476 1053 609 1109 acsi
637 1052 717 1106 eis
746 1050 986 1105 dicerent
1025 1066 1040 1103 :
1082 1048 1325 1116 Quanam
1369 1046 1438 1099 de
1478 1058 1638 1100 causa
1679 1058 1828 1111 spem
1876 1041 2061 1097 salutis

476 1142 786 1212 abjecistis?
832 1141 996 1196 Deum
1029 1140 1287 1194 habemus
1324 1138 1415 1208 qui
1449 1152 1548 1192 nos
1572 1135 1817 1191 defendit
1859 1151 1874 1189 :
1924 1144 1979 1189 et
2015 1133 2062 1188 sl

480 1235 607 1306 quid
634 1233 989 1305 peccavimus,
1020 1233 1149 1287 satis
1179 1246 1453 1300 pmnarum
1492 1229 1773 1300 pendimus
1805 1244 1819 1280 :
1860 1229 1913 1281 in
1947 1236 2062 1281 ten-

478 1326 764 1382 tationibus
803 1324 1007 1380 fortiter
1036 1322 1329 1379 restitimus
1372 1340 1384 1375 :
1427 1336 1548 1377 cum
1574 1321 1663 1390 qui
1690 1320 1849 1375 etiam
1874 1332 2059 1388 pecca-

479 1431 651 1476 torum
678 1432 893 1487 semper
919 1415 1279 1485 curamgerit,
1313 1415 1411 1468 via:
1449 1414 1638 1468 ducem
1683 1412 1962 1475 habemus,
2010 1419 2065 1465 et

480 1511 599 1567 ideo
635 1509 806 1565 bonus
850 1508 1029 1563 exitus
1071 1517 1153 1561 est
1202 1506 1355 1559 nobis
1398 1506 1616 1558 omnino
1648 1501 2059 1574 exspectandus.

478 1601 615 1669 Quid
638 1609 725 1654 est
747 1609 925 1653 autem
950 1614 963 1649 :
995 1594 1116 1650 Non
1141 1596 1311 1666 inique
1331 1595 1539 1665 fecimus
1557 1594 1609 1647 in
1631 1602 1923 1647 testamento
1944 1592 2065 1647 tuo?

482 1694 595 1749 lloe
622 1701 725 1755 est,
754 1690 869 1745 Non
910 1689 1091 1758 inique
1124 1702 1223 1741 nos
1264 1688 1524 1753 gessimus
1564 1684 1615 1738 in
1659 1684 1724 1738 iis
1756 1699 1874 1753 qtue
1914 1683 2065 1739 nobis

480 1782 681 1837 credita
709 1789 854 1845 sunt,
885 1778 980 1834 sed
1015 1793 1079 1833 ca
1111 1776 1344 1849 perfecte
1372 1775 1775 1831 custodivimus.
1806 1775 1899 1830 Est
1922 1775 2064 1830 enim

481 1874 708 1929 maxime
738 1870 1007 1938 iniquitas.
1035 1867 1249 1940 quando
1287 1868 1407 1939 quis
1445 1868 1830 1939 transgreditur
1873 1867 2064 1938 legem,

479 1982 599 2038 qurc
626 1964 878 2030 vindicat,
906 1976 1026 2032 quae
1054 1975 1158 2015 non
1202 1960 1329 2014 sinit
1366 1968 1423 2013 ut
1450 1959 1533 2012 vel
1567 1975 1595 2012 a
1632 1957 1940 2029 propinquis
1983 1958 2067 2012 itt-

476 2059 617 2130 juria
646 2056 963 2120 afticiamur,
991 2064 1048 2109 et
1078 2055 1262 2108 vitium
1291 2053 1565 2123 prohibet;
1608 2055 1821 2123 quando
1846 2052 1965 2122 quis
1984 2059 2070 2107 est

485 2153 725 2220 ingratus
763 2149 815 2202 in
855 2162 980 2203 eum
1019 2145 1110 2217 qui
1140 2155 1217 2200 tot
1244 2144 1399 2200 nobis
1435 2145 1571 2199 bona
1612 2143 1833 2214 prmbet.
1867 2142 1953 2198 l9.
2001 2141 2068 2196 Et

484 2260 582 2297 non
612 2242 811 2297 recessit
835 2251 969 2296 retro
988 2257 1077 2294 cor
1095 2249 1341 2294 nostrum.
1373 2237 1542 2303 Alius,
1575 2235 1695 2291 Non
1717 2235 1974 2291 abscessit.
2001 2233 2070 2288 Et

485 2350 586 2388 non
610 2332 874 2387 ὡςιὶηωὶ
910 2332 1112 2386 semitas
1153 2340 1351 2385 nostras
1398 2344 1429 2383 a
1474 2329 1555 2382 rio
1606 2337 1712 2380 tua.
1753 2326 1926 2392 Alius,
1960 2324 2071 2379 Nec

484 2425 730 2481 inclinata
756 2432 873 2478 sunt
899 2438 1012 2495 qua:
1035 2439 1128 2477 nos
1156 2423 1377 2492 erigunt.
1408 2420 1580 2486 Alius,
1617 2417 1681 2472 Et
1712 2435 1813 2472 non
1840 2432 2071 2471 aversum

485 2526 558 2571 est
578 2525 713 2571 retro
737 2530 824 2568 cor
843 2524 1088 2578 nostrum,
1117 2528 1208 2566 nec
1232 2512 1547 2566 declinarunt
1572 2525 1771 2581 gressus
1794 2507 1951 2562 nostri
1968 2506 2065 2577 (α).

487 2607 639 2674 Quod
670 2605 816 2674 prius
842 2604 997 2669 dixit,
1036 2602 1140 2658 hoc
1178 2603 1337 2657 etiam
1376 2601 1461 2657 hic
1488 2600 1639 2666 dicit,
1676 2615 1772 2655 eos
1817 2599 1869 2653 in
1912 2598 2072 2654 tantis

490 2697 754 2754 malorum
790 2695 1038 2750 ﬂuctibus
1078 2710 1147 2749 ne
1187 2693 1451 2748 tantillum
1482 2692 1905 2763 quidenr‘lapsos
1929 2703 2070 2746 esse.

488 2787 715 2844 Pulchre
751 2797 931 2842 autem
976 2786 1055 2840 sie
1102 2784 1251 2840 dicit.
1303 2783 1759 2850 Quemadmodum
1798 2783 1940 2838 enim
1986 2783 2073 2839 lex

485 2879 635 2934 ducit
664 2881 715 2932 in
757 2878 1048 2941 anteriora,
1093 2877 1162 2930 ita
1198 2877 1447 2946 iniquitas
1478 2884 1624 2931 retro
1668 2876 1923 2931 transfert
1963 2893 1978 2929 :
2018 2883 2075 2929 et

486 2956 933 3040 quemadmodum
961 2968 1051 3029 lex
1074 2967 1227 3036 jubet
1251 2978 1393 3022 recta
1421 2967 1502 3020 via
1547 2966 1772 3038 ingredi,
1810 2967 1881 3021 ita
1910 2967 2071 3022 etiam

489 3064 741 3134 iniquitas
790 3061 1019 3117 traducit
1067 3060 1339 3116 hominem
1380 3061 1432 3114 in
1476 3059 1650 3116 locum
1694 3059 1966 3115 desertum
2020 3069 2075 3116 et

492 3160 845 3213 inaccessum.
879 3155 1028 3209 Viam
1060 3169 1192 3225 ergo
1226 3153 1312 3209 hic
1338 3154 1470 3209 dicit
1497 3156 1688 3225 legem.
1715 3154 1844 3210 illud
1870 3164 2070 3225 autem,

492 3248 792 3315 Declinosti,
824 3247 965 3318 quod
1009 3247 1099 3301 alii
1142 3244 1345 3312 dicunt,
1391 3244 1501 3301 Nec
1533 3247 1775 3301 inclinata
1819 3257 1936 3303 sunt
1962 3263 2075 3317 quae

492 3357 582 3396 nos
609 3341 827 3412 erigunt,
857 3356 890 3392 tt
911 3339 990 3392 via
1020 3347 1107 3391 tua
1138 3352 1158 3392 :
1188 3337 1443 3394 llebrcus
1468 3338 1616 3403 dicit,
1650 3337 1829 3395 Vathet
1885 3342 2073 3397 asc/tu-

492 3449 614 3486 rcnu
642 3431 775 3485 meai
803 3431 958 3484 oracli
985 3430 1085 3499 (b).
1111 3428 1165 3485 Si
1198 3431 1317 3500 quis
1350 3439 1528 3485 autem
1560 3432 1687 3486 velit
1719 3434 1868 3504 sequi
1910 3434 2076 3490 inter-

492 3522 845 3592 pretationem
875 3519 1239 3591 Septuaginta,
1281 3529 1335 3575 et
1379 3536 1483 3575 non
1514 3521 1759 3585 aliorum,
1786 3523 1938 3585 illud.
1972 3523 2073 3580 De-

492 3616 698 3671 clinain
721 3614 927 3669 semitas
952 3622 1150 3668 nostras
1182 3631 1213 3667 a
1244 3613 1324 3668 ria
1371 3622 1477 3678 tua,
1518 3613 1621 3669 hoc
1662 3626 1765 3680 est,
1814 3615 2002 3671 Procul
2041 3633 2072 3674 a

494 3707 694 3777 templo
722 3717 812 3761 tuo
839 3716 938 3761 nos
961 3704 1257 3771 collocasti,
1282 3714 1338 3758 et
1368 3704 1420 3758 in
1447 3704 1619 3759 aliena
1662 3713 1801 3759 terra
1839 3706 2075 3763 habitare

491 3799 734 3853 rnmsti:
771 3797 914 3868 quod
951 3813 1055 3852 non
1093 3797 1456 3866 permittebat,
1488 3807 1540 3850 ut
1586 3796 1764 3851 cultus
1792 3812 2075 3870 peragere-

495 3902 599 3947 tur.
639 3890 729 3947 20.
764 3890 1017 3959 Quoniam
1064 3888 1341 3944 humilitati
1384 3907 1479 3945 nos
1522 3890 1575 3943 in
1615 3891 1726 3945 loco
1764 3892 2072 3963 afflictionis.

495 3985 664 4047 Alius,
693 3982 757 4038 In
798 3983 910 4038 loco
946 3982 1244 4037 inhabituto.
1276 3981 1421 4036 Alius
1441 4022 1455 4046 ,
1484 3980 1552 4036 In
1578 3982 1689 4036 loco
1718 3982 1974 4037 Sirenum.
2007 3983 2076 4038 Et

495 4075 750 4147 cooperuit
796 4090 889 4128 nos
935 4073 1111 4127 umbra
1155 4071 1347 4126 mortis.
1398 4072 1570 4138 Alius,
1623 4071 1927 4128 Obstruxt'sti
1959 4088 2073 4132 nos.

493 4167 621 4221 lla-e
648 4164 779 4219 mihi
805 4178 927 4219 esse
956 4162 1169 4218 ridetur
1194 4162 1497 4226 retributio,
1527 4178 1595 4217 eo
1623 4163 1763 4233 quod
1806 4165 2072 4234 superius,

492 4272 612 4311 cum
640 4255 777 4310 male
802 4264 1100 4321 narrarent,
1131 4253 1374 4309 dicerent
1402 4269 1417 4309 :
1450 4252 1514 4307 Et
1538 4255 1767 4323 confusio
1786 4255 1936 4326 faciei
1956 4273 2079 4311 mea:

492 4345 751 4418 cooperuit
775 4361 874 4408 me,
900 4362 933 4399 ο
960 4360 1078 4399 roce
1116 4344 1465 4414 exprobrantis
1493 4353 1538 4399 et
1562 4346 1908 4417 obloquentis:
1939 4348 2079 4415 Quo-

493 4441 628 4493 niam
650 4437 929 4492 humiliasti
962 4451 1073 4490 nos.

569 4529 761 4585 Umbra
790 4528 963 4583 mortis
986 4528 1109 4599 quid
1127 4526 1307 4583 i—Si
1333 4527 1452 4599 quis
1477 4528 1546 4583 ita
1586 4513 1851 4600 acceperit
1892 4540 1949 4587 ut
1988 4546 2069 4586 re-

500 4623 703 4677 feratur
723 4621 789 4675 ad
821 4620 970 4683 illud,
1003 4618 1280 4673 Dccliuasti
1304 4620 1506 4675 semitas
1528 4630 1727 4676 nostras
1749 4639 1781 4675 a
1809 4622 1891 4676 eia
1930 4632 2021 4676 tua
2059 4638 2079 4677 :

500 4711 775 4768 hahethic
798 4710 1233 4781 consequentiam
1258 4711 1662 4767 convenientem
1701 4714 1881 4769 sensui
1920 4726 2077 4783 quem

498 4805 749 4860 diximus.
778 4802 1051 4873 Signiﬁcat
1075 4802 1218 4856 enim
1246 4803 1515 4873 quomodo
1544 4818 1639 4859 eos
1663 4819 1691 4857 a
1720 4803 1819 4859 viis
1856 4806 1968 4861 suis
1997 4822 2082 4861 re-

501 4896 729 4970 pulerit;
759 4895 985 4966 legibus,
1014 4895 1250 4964 inquam,
1275 4908 1329 4951 et
1350 4896 1633 4962 institutis;
1661 4912 1859 4967 eosque
1881 4898 1934 4953 iu
1962 4897 2078 4954 loca

502 4992 713 5046 deserta
743 4986 1044 5053 abduxerit,
1086 4995 1141 5041 et
1181 4986 1320 5042 inter
1365 4986 1611 5044 inimicos
1644 4988 1926 5045 dimiserit.
1970 4986 2082 5046 lloc

499 5082 643 5139 enim
688 5078 954 5152 significat
992 5077 1120 5133 illud
1165 5095 1178 5131 :
1221 5077 1489 5149 Cooperuit
1534 5095 1626 5134 nos
1665 5079 1842 5134 umbra
1871 5081 2082 5147 mortis,-

503 5174 735 5246 pericula
755 5172 960 5234 dicens,
983 5185 1104 5242 quae
1124 5180 1353 5225 mortem
1382 5170 1612 5240 pariunt,
1642 5182 1696 5226 et
1720 5171 1912 5243 quibus
1937 5190 2084 5232 mors

500 5281 582 5325 est
609 5268 872 5338 proxima,
904 5279 1010 5334 quo
1049 5278 1209 5320 sensu
1238 5263 1456 5318 dolores
1494 5265 1681 5319 mortis
1707 5273 1761 5319 et
1790 5262 2080 5321 inferorum

505 5371 686 5432 portas
713 5365 867 5412 vocat
894 5354 1192 5425 Scriptura.
1234 5353 1554 5408 lnevitabilia
1589 5365 1767 5412 autem
1794 5371 1914 5412 esse
1947 5360 2081 5412 mala

505 5454 592 5509 hic
621 5465 714 5522 per
754 5447 998 5504 umbram
1031 5456 1087 5502 et
1113 5446 1503 5517 cperimentum
1546 5447 1801 5517 ostendit,
1832 5464 1862 5504 a
1893 5451 2085 5521 quibus

589 5610 641 5672 ιι)
673 5615 781 5658 Haec
794 5607 1133 5672 interpretatio
1151 5612 1231 5672 est
1251 5606 1532 5672 Symmachi.

595 5665 645 5731 b')
679 5677 788 5733 Haec
805 5665 1129 5733 pmtérmissa
1147 5665 1348 5717 fuere'iu
1372 5668 1599 5726 ttexaplis
1611 5673 1808 5725 nostris.
1826 5673 2088 5726 llebraicus

497 5744 663 5786 textus
680 5734 750 5781 sic
774 5732 945 5792 habet,
973 5734 1127 5808 ’ἴτης
1145 5734 1244 5783 93-;
1262 5736 1435 5786 πνέοις
1454 5739 1589 5789 tm.

1247 287 1302 345 S.
1345 284 1628 344 JOANNIS
1652 276 2130 339 (ῖιιιιῖεοετυιη
2167 275 2486 335 Αιιοιιιερ.
2525 273 3059 334 CONSTANTINOP.

3649 283 3749 343 l80

2164 410 2267 452 nec
2294 395 2533 465 liberari,
2563 413 2661 454 nec
2682 399 2765 455 vel
2790 402 3074 458 minimum
3096 405 3313 473 quidem
3341 403 3609 472 respirare
3637 419 3751 474 pos

2161 493 2299 547 seni.
2326 489 2417 545 Si.
2451 488 2514 545 Si
2531 491 2674 546 obliti
2696 509 2871 548 sumtis
2890 509 3072 549 nomen
3092 492 3192 550 Dei
3210 495 3390 560 nostri,
3424 504 3473 548 et
3491 495 3535 549 si
3567 511 3753 568 expau-

2161 582 2328 638 dintus
2356 599 2536 639 manus
2560 595 2759 641 nostras
2781 587 2851 641 ad
2889 590 3039 642 deum
3075 588 3300 643 alienum
3326 604 3346 643 :
3372 587 3465 642 ΕΞ.
3505 591 3752 659 iiuuiqtiid

2165 672 2300 728 Deus
2329 675 2544 743 requiret
2572 675 2706 731 ista!
2732 676 2760 730 Ι
2767 694 2855 748 pse
2890 679 3027 732 sitim
3070 679 3207 733 novit
3233 678 3527 734 abscondita
3555 681 3745 736 cordis.

2164 764 2274 819 lloc
2302 774 2382 820 est
2414 766 2672 821 bonorum
2704 781 3000 830 servorum,
3024 769 3165 826 male
3192 770 3456 841 patientes
3475 770 3751 826 dominum

2162 857 2344 912 colere
2370 866 2422 912 et
2448 872 2795 926 perseverare
2829 878 2842 914 :
2883 860 3001 917 iure
3027 870 3155 917 sunt
3178 862 3496 917 documenta
3521 863 3754 933 philoso-

2167 947 2327 1017 phize.
2361 947 2459 1004 llic
2487 950 2649 1004 etiam
2671 951 2869 1006 docent
2895 952 3186 1017 auditores.
3218 969 3323 1009 non
3349 954 3625 1021 simulare,
3652 958 3747 1012 sed

2166 1040 2331 1095 Deum
2364 1050 2474 1096 toto
2499 1042 2662 1099 corde
2684 1044 2929 1100 adorare.
2958 1044 3112 1101 Novit
3136 1047 3302 1111 enim,
3326 1047 3516 1118 inquit,
3540 1049 3752 1104 abscon-

2165 1129 2272 1183 dita
2291 1131 2477 1186 cordis.
2499 1131 2624 1187 Hmc
2640 1143 2821 1188 autem
2849 1134 3052 1200 dicunt,
3077 1136 3198 1191 illos
3221 1147 3504 1204 terrentes,
3534 1155 3603 1194 ne
3622 1140 3752 1210 quid

2166 1222 2277 1277 Deo
2308 1222 2578 1293 indignum
2606 1225 2861 1296 cogitent.
2893 1226 3023 1283 Vide
3051 1237 3228 1283 autem
3259 1246 3506 1301 magnum
3540 1231 3753 1287 virtutis

2167 1312 2553 1370 incrementum
2579 1333 2594 1370 :
2625 1317 2897 1388 subiungit
2919 1319 3060 1373 enim
3087 1319 3272 1376 dicens
3300 1339 3315 1375 :
3347 1320 3600 1389 Quoniam
3631 1340 3751 1394 pro.

2169 1413 2280 1472 pter
2306 1415 2354 1459 te
2379 1406 2746 1475 mortiﬁcamur
2768 1417 2874 1462 tota
2898 1407 3014 1464 die:
3037 1412 3272 1465 «stimuli
3293 1428 3469 1466 sumus
3494 1415 3621 1467 sicut
3641 1431 3755 1470 oves

2167 1498 2451 1553 occisidnis.
2483 1499 2727 1573 Magnum
2753 1510 2836 1556 est
2873 1501 3016 1556 enim
3046 1518 3262 1558 manere
3292 1503 3381 1560 Dei
3416 1506 3669 1574 cultores,
3700 1517 3755 1564 et

2167 1590 2232 1642 ad
2259 1588 2421 1644 alium
2450 1605 2554 1643 non
2576 1588 2837 1646 defecisse
2865 1609 2879 1645 :
2912 1593 3080 1647 multo
3106 1604 3283 1649 autem
3308 1595 3480 1664 majus
3502 1608 3607 1661 est,
3632 1614 3752 1654 eum

2169 1695 2316 1735 mors
2343 1679 2573 1746 assidue,
2603 1691 2658 1737 et
2684 1682 2989 1752 quotidiana
3040 1685 3273 1752 pericula
3304 1685 3637 1753 immineant,
3676 1699 3754 1744 ta-

2168 1772 2273 1826 lem
2302 1785 2624 1827 conservare
2649 1771 3008 1828 dilectionem.
3051 1772 3343 1832 Considera
3382 1786 3557 1833 autem
3584 1794 3753 1849 quau-

2171 1873 2282 1918 tum
2312 1864 2384 1919 sit
2402 1878 2572 1934 genus
2603 1864 2975 1935 philosophice,
3003 1882 3124 1922 cum
3167 1868 3284 1938 ipse
3309 1884 3521 1939 quoque
3561 1871 3755 1928 Paulus

2169 1969 2237 2010 eo
2274 1962 2471 2019 utatur,
2518 1955 2930 2025 apostolieorum
2979 1958 3332 2027 periculorum
3378 1962 3638 2028 procellas
3677 1960 3752 2033 (tt)

2170 2061 2493 2102 enumerans
2537 2047 2590 2101 in
2637 2046 2874 2118 Epistula
2912 2048 2979 2103 ad
3023 2048 3294 2105 Romanos
3321 2049 3496 2121 (Rom.
3544 2052 3598 2107 8.
3640 2054 3755 2123 56).

2172 2138 2312 2206 Quot
2335 2154 2463 2209 ergo
2493 2139 2547 2194 hi
2575 2141 2791 2196 coronis
2812 2140 2957 2211 digni
3000 2141 3215 2207 fuerint,
3250 2144 3465 2214 quando
3491 2145 3543 2200 iu
3579 2144 3756 2202 Veteri

2173 2230 2518 2286 Testamento
2545 2230 2611 2286 ad
2640 2232 2883 2287 eamdem
2905 2248 3211 2289 mensuram
3239 2237 3607 2303 certaminum,
3639 2253 3760 2307 qum

2173 2322 2510 2392 suscipienda
2537 2332 2691 2378 erant
2716 2323 2769 2378 iu
2800 2323 2969 2391 Novo,
3008 2327 3385 2396 pervenerint?
3420 2328 3573 2396 Quod
3614 2334 3758 2385 cnim

2174 2414 2303 2470 dicit
2326 2414 2540 2482 Paulus,
2575 2415 2811 2480 Quotidie
2833 2417 3022 2472 morior
3046 2417 3123 2478 (ι.
3150 2417 3269 2473 Cor.
3301 2421 3381 2476 15.
3405 2418 3520 2492 51),
3549 2423 3600 2476 hi
3628 2438 3761 2492 quo-

2174 2519 2280 2574 que
2294 2504 2475 2560 dicunt
2495 2548 2510 2572 ,
2544 2521 2649 2560 non
2679 2507 3002 2577 experientia
3019 2549 3036 2574 ,
3066 2525 3164 2565 nec
3190 2521 3381 2566 eventu
3398 2555 3413 2576 ,
3436 2514 3531 2568 sed
3556 2515 3755 2569 animo.

2174 2596 2353 2662 Quare
2389 2605 2567 2653 autem
2597 2597 2746 2666 dicit,
2778 2596 2993 2670 Propter
3013 2600 3101 2655 te?
3122 2600 3341 2658 Lieehat
3370 2604 3541 2669 nobis,
3566 2605 3783 2677 inquit,-

2174 2690 2426 2758 deiicere,
2458 2707 2487 2745 a
2515 2693 2697 2762 patria:
2742 2692 3050 2762 reipublica:
3100 2695 3353 2753 institutis
3389 2698 3658 2763 recedere,
3704 2711 3758 2755 et

2178 2792 2321 2839 tutos
2345 2798 2485 2849 esse,
2513 2785 2606 2839 sed
2635 2786 2900 2841 malumus
2932 2788 3070 2843 male
3098 2790 3228 2859 pati,
3251 2800 3300 2845 et
3324 2792 3494 2862 patria
3525 2794 3757 2849 instituta

2177 2891 2415 2943 servare,
2444 2892 2603 2948 quam
2635 2889 2913 2950 postquam
2940 2895 2968 2933 a
2997 2882 3181 2951 patriis
3212 2882 3466 2938 institutis
3491 2886 3757 2941 excideri-

2178 2985 2318 3032 mus,
2353 2970 2404 3024 in
2438 2985 2566 3040 pace
2595 2971 2756 3027 vitam
2783 2987 2964 3042 agere.
2993 2971 3258 3029 .Estimati
3288 2991 3464 3030 sumus
3488 2978 3612 3032 sicut
3648 2994 3761 3033 ores

2179 3060 2467 3115 occisionis.
2517 3054 2647 3116 Tam
2696 3061 2869 3129 facile,
2914 3065 3100 3135 inquit,
3140 3078 3242 3120 nos
3284 3066 3610 3123 interimunt.
3665 3070 3760 3126 Hic

2177 3167 2354 3212 autem
2401 3159 2634 3215 ostendit
2676 3175 2864 3216 eorum
2904 3165 3383 3222 mansuetudinem.
3431 3167 3536 3225 Sed
3580 3178 3755 3224 tamen

2177 3254 2419 3322 quamvis
2459 3252 2627 3308 simus
2671 3264 2777 3309 tam
2819 3255 2974 3313 facile
3015 3260 3265 3329 expositi,
3302 3260 3457 3318 firmo
3486 3272 3661 3319 tamen
3705 3273 3760 3318 et

2182 3341 2442 3398 immobili
2471 3345 2652 3400 animo
2684 3360 3079 3417 permanemus.
3119 3349 3216 3406 Hic
3240 3352 3402 3407 etiam
3431 3352 3553 3424 jure
3592 3353 3761 3408 admi-

2180 3435 2343 3487 randa
2366 3443 2455 3489 est
2481 3434 2571 3490 Dei
2601 3438 2856 3506 potentia,
2887 3440 3027 3508 quod
3054 3456 3147 3496 eos
3175 3442 3264 3511 qui
3304 3450 3571 3513 tamquam
3613 3445 3758 3499 occi-

2177 3523 2343 3579 sionis
2368 3538 2498 3581 oves
2533 3535 2688 3582 erant
2712 3528 2962 3598 expositi,
2988 3532 3404 3592 consecraverit.
3434 3541 3489 3586 et
3526 3532 3761 3600 quotidie

2178 3615 2467 3671 morientes
2484 3632 2591 3671 non
2603 3617 2785 3674 siverit
2806 3618 2859 3672 in
2875 3626 3101 3673 mortem
3116 3619 3368 3675 incidere.
3388 3620 3480 3678 ‘25.
3504 3620 3755 3692 Exsurge,

2178 3723 2337 3778 quare
2381 3708 2654 3774 obdormis,
2697 3707 2947 3765 Domine!
2994 3710 3162 3776 Alius,
3197 3709 3368 3778 Quare
3408 3718 3461 3766 e's
3505 3721 3759 3781 tamquam

2178 3800 2431 3855 demicus
2449 3802 2475 3855 .’
2493 3803 2662 3868 Alius,
2684 3801 3059 3875 Expergiscere.
3079 3804 3247 3870 Alius,
3271 3803 3491 3878 Evigilo.
3510 3804 3759 3874 Exsurge,

2179 3902 2227 3945 et
2253 3908 2315 3946 ne
2338 3892 2554 3962 repellas
2580 3894 2632 3947 in
2656 3893 2825 3963 finem.
2855 3894 2948 3951 24.
2978 3894 3148 3963 Quare
3169 3896 3350 3969 [aciem
3377 3906 3516 3951 luant
3543 3897 3721 3950 avertis
3739 3896 3765 3949 7

2179 3984 2350 4048 Alius,
2378 3984 2678 4040 Abscondii.
2708 3984 3028 4043 Oblivisceris
3052 3989 3241 4057 inapite
3264 3998 3452 4045 nostra
3477 3997 3526 4044 et
3556 3987 3766 4042 tribula-

2180 4075 2329 4130 tionis
2358 4079 2585 4132 nostrae?
2612 4079 2784 4147 Alius,
2820 4078 3035 4136 Malitia:
3061 4090 3265 4136 nostra.
3293 4079 3446 4147 Quod
3473 4089 3648 4134 autem
3679 4080 3765 4133 di-

2180 4167 2273 4236 cit,
2306 4176 2389 4222 est
2412 4169 2675 4237 ejusmodi
2714 4187 2729 4224 :
2763 4170 2923 4226 Potes
2953 4171 3089 4225 mala
3117 4170 3327 4225 solvere
3357 4185 3372 4222 :
3414 4184 3587 4240 neque
3620 4172 3763 4226 enim

2182 4269 2397 4330 propter
2422 4269 2566 4315 tuam
2596 4260 3033 4326 imbecillitatem,
3064 4259 3158 4314 sed
3184 4274 3250 4314 ex
3283 4269 3369 4313 tua
3410 4261 3765 4331 permissione

2183 4352 2299 4407 lucc
2314 4352 2464 4406 tium.
2479 4351 2738 4407 Somnum
2760 4349 2844 4404 hic
2859 4350 2987 4405 dicit
3001 4350 3262 4419 quietem;
3282 4353 3761 4416 exsurrcctionem,

2184 4444 2620 4510 retributionem;
2651 4443 2840 4499 faciem
2867 4459 3016 4508 vero,
3051 4443 3457 4513 protectionem,
3480 4443 3763 4515 provideo.

2184 4539 2332 4605 tiam,
2360 4554 2563 4604 curam,
2593 4537 2868 4593 auxilium.

2255 4631 2309 4685 9.
2350 4628 2456 4685 Cur
2472 4629 2775 4687 oblivisceris
2799 4630 2987 4700 inopia:
3012 4630 3234 4684 nostra?
3256 4628 3391 4685 Vide
3416 4642 3600 4685 rursus
3625 4627 3766 4698 pium

2184 4735 2240 4781 et
2262 4734 2471 4795 gratum
2501 4726 2758 4780 animum.
2791 4720 2907 4779 Non
2933 4721 3087 4788 dixit,
3121 4722 3286 4779 Recte
3323 4721 3615 4787 factorum;
3663 4738 3767 4775 non

2185 4819 2340 4881 dixit,
2373 4818 2550 4873 Animi
2578 4817 2718 4872 tirmi
2763 4826 2819 4872 et
2857 4814 3178 4880 immobilis;
3222 4830 3327 4870 non
3371 4813 3523 4879 dixit,
3561 4812 3770 4868 Anima:

2190 4909 2424 4981 probate
2447 4909 2500 4963 in
2533 4906 2915 4964 tentationibus
2953 4922 2966 4959 :
3009 4903 3104 4960 sed
3137 4904 3353 4976 quando
3389 4902 3605 4975 quidam
3652 4916 3772 4958 sese

2189 5011 2436 5073 purgant,
2465 5001 2550 5056 illa
2576 5009 2809 5072 ponunt;
2837 4995 3055 5071 quando
3075 5006 3251 5051 autem
3283 5004 3470 5067 petunt
3494 4996 3767 5059 auxilium,

2187 5110 2255 5150 ex
2282 5094 2345 5153 iis
2370 5104 2427 5149 ut
2454 5092 2593 5149 salvi
2639 5091 2768 5146 ﬂant
2809 5090 3102 5163 postulant,
3133 5105 3199 5144 ex
3243 5088 3435 5159 quibus
3463 5088 3497 5144 ii
3524 5088 3613 5159 qui
3649 5098 3772 5142 sunt

2188 5184 2551 5242 condemnati.
2579 5182 2868 5251 Quoniam,
2910 5181 3103 5251 inquit,
3133 5179 3262 5235 satis
3305 5193 3578 5250 manarum
3606 5179 3769 5234 dede-

2191 5287 2337 5344 runt,
2364 5276 2613 5348 quoniam
2644 5284 2885 5332 extrema
2918 5272 3060 5347 passi
3088 5283 3232 5329 sunt.
3272 5272 3385 5328 lloc
3428 5273 3590 5327 etiam
3632 5286 3773 5345 stupe

2255 5492 2327 5556 (tt)
2361 5499 2411 5543 in
2432 5500 2594 5543 Gnaeo
2608 5530 2647 5556 ,-
2665 5497 2731 5544 τὰς
2753 5492 2903 5556 νηιάδες
2922 5501 2993 5556 τῆν
3011 5494 3259 5556 ἀποστοῇαῶ
3292 5487 3475 5556 sistimus.
3488 5486 3777 5556 purgamen:

2192 5536 2735 5617 méiiiié.’m"é§&iuh_eai
2756 5536 3032 5617 sententia,
3061 5550 3393 5617 verterentur,
3414 5536 3778 5617 opo.toticon_§m

2193 5606 2519 5683 peduclme
2542 5606 2916 5683 ξνηιιιιῖενάίηεῖη
2945 5607 3180 5683 te???
3208 5606 3781 5683 Y9‘..‘.‘.‘§9£"’.1Zf'.‘§1‘j3‘

2195 5662 2843 5742 iniungas;
2866 5674 2917 5723 in
2962 5669 3200 5733 Epistolis,
3224 5674 3278 5716 ut
3298 5662 3597 5717 innumeram
3618 5662 3777 5715 multi.

2200 5741 2413 5796 tudinem
2429 5739 2686 5806 significet.
