4112 6214
384 369 475 428 lSl

378 486 504 541 facit
551 481 766 548 Paulus,
805 487 858 537 et
894 479 984 534 alii
1029 476 1322 548 praphete.
1358 475 1526 546 Atque
1576 475 1687 528 hrcc
1734 473 1786 528 hi
1828 473 1966 527 dice-

377 577 524 642 bant,
557 589 676 630 cum
704 573 831 628 nihil
858 571 1031 626 adhuc
1074 570 1272 625 scirent
1302 583 1401 624 nec
1443 568 1510 623 de
1554 569 1815 638 gehenna,
1865 582 1963 621 nec

377 671 443 726 de
470 675 656 739 regno,
687 676 789 720 nec
815 665 974 720 ullam
1003 662 1175 717 adhuc
1204 662 1360 716 talem
1386 661 1700 716 didicissent
1724 659 1964 728 philoso-

378 760 580 830 phiam,
613 756 894 826 omniaque
921 754 1074 810 facile
1099 753 1361 809 ferebant.
1393 751 1481 808 25.
1516 752 1766 817 Quoniam
1792 751 1960 804 humi-

377 853 502 906 liata
525 861 596 903 est
627 849 678 901 in
707 847 908 918 pulvere
941 847 1110 900 anima
1140 855 1311 898 nostra
1344 860 1363 898 :
1398 844 1766 915 conglutinatus
1798 853 1866 896 est
1909 844 1960 896 in

373 951 510 995 terra
533 947 702 992 venter
733 947 919 992 noster.
946 936 1202 1004 Quoniam
1234 936 1374 990 enim
1402 934 1534 990 dixit
1580 950 1594 986 ι
1642 933 1962 988 Oblivisceris

374 1029 563 1098 inapite
590 1039 796 1093 nostra',
823 1026 924 1082 hoc
949 1036 1048 1091 est,
1072 1026 1396 1092 afﬂictionis,
1422 1025 1550 1079 dicit
1572 1024 1824 1092 deinceps
1847 1037 1965 1092 qnzc

376 1122 444 1176 sit
475 1119 716 1174 afﬂictio.
761 1119 914 1187 Quod
946 1129 1122 1174 autem
1165 1119 1315 1183 dicit,
1359 1119 1463 1172 tale
1508 1125 1593 1172 est
1641 1134 1654 1170 :
1700 1116 1960 1180 Perimns,

373 1211 573 1268 defessi
604 1226 804 1276 sumus,
833 1211 996 1266 nihilo
1017 1211 1224 1266 meliori
1247 1224 1432 1264 sumus
1451 1207 1780 1272 conditione,
1806 1221 1961 1275 quam

377 1304 596 1358 mortui.
628 1302 758 1358 iure
786 1309 963 1358 autem
992 1303 1186 1358 dixerit
1233 1301 1500 1370 quispiam
1547 1313 1731 1353 eorum
1779 1298 1959 1363 etiam,

374 1397 466 1466 qui
503 1397 658 1452 rebus
707 1395 1060 1465 praesentibus
1092 1395 1237 1448 affixi
1271 1403 1431 1458 sunt,
1472 1391 1704 1444 animam
1749 1391 1798 1443 in
1847 1401 1950 1444 ter-

377 1491 490 1541 ram
533 1499 652 1542 esse
697 1485 1056 1548 hutniliatam,
1095 1498 1391 1552 eorumque
1419 1482 1505 1552 qui
1533 1481 1672 1551 gula:
1701 1479 1955 1544 sertinnt,

377 1587 616 1631 ventrem
645 1591 766 1632 esse
795 1587 952 1632 terra:
979 1575 1376 1646 agglutinatum.

446 1667 790 1722 Pulchritudo
817 1668 1042 1738 corporis
1063 1667 1258 1730 lutum;
1279 1667 1328 1718 in
1350 1665 1709 1736 fornicatores;
1729 1663 1958 1731 pale/tri-

371 1759 493 1814 tudo
526 1769 774 1829 quatenus
813 1758 1154 1823 admiranda;
1199 1757 1573 1809 matrimonium
1602 1771 1693 1808 cur
1738 1754 1952 1824 permis-

367 1850 814 1907 sum—Etenim
856 1851 947 1921 qui
984 1865 1170 1905 amore
1209 1849 1414 1904 vinctus
1461 1857 1694 1914 tenetur,
1739 1855 1795 1902 et
1847 1831 1956 1902 luto

364 1942 551 2008 inhiat,
596 1943 1069 2012 incorporeamqne
1094 1955 1218 2012 qua:
1249 1942 1302 1996 in
1331 1956 1390 1997 se
1429 1949 1513 1996 est
1538 1941 1845 1996 facultatem
1874 1941 1952 1995 ci-

359 2037 478 2090 neri
505 2036 790 2106 mancipat,
819 2035 938 2105 jure
978 2035 1092 2090 haec
1121 2035 1228 2106 pati
1258 2035 1467 2090 dicatur
1499 2033 1596 2105 (a).
1631 2035 1771 2101 Quid
1812 2035 1952 2090 enim

360 2127 503 2183 aliud
534 2138 617 2182 est
645 2127 984 2196 pulchritudo
1023 2126 1286 2196 corporis,
1336 2127 1438 2180 nisi
1482 2127 1653 2196 pulvis
1681 2134 1734 2181 ct
1763 2125 1948 2191 lututn,

345 2230 519 2289 atque
547 2221 682 2276 adeo
718 2219 987 2290 quidpiam
1025 2219 1106 2274 his
1141 2220 1300 2273 etiam
1327 2217 1618 2273 deformius
1643 2233 1704 2272 ac
1732 2217 1955 2272 tetrius?

357 2311 515 2380 Quod
541 2313 584 2365 si
613 2311 776 2366 fidem
805 2325 913 2366 non
959 2310 1146 2374 habes,
1178 2308 1455 2364 considera
1495 2308 1738 2378 sepulcra
1775 2307 1950 2362 homi-

367 2419 521 2469 num,
551 2413 606 2458 et
633 2402 838 2457 videbis
862 2402 1030 2455 lutum
1056 2410 1110 2455 et
1136 2402 1428 2471 pulverem.
1460 2399 1683 2467 Quando
1708 2400 1848 2454 enim
1878 2399 1954 2453 fa-

361 2497 478 2549 cies
504 2495 666 2547 vitam
696 2503 1012 2562 praesentem
1041 2493 1268 2558 exuerit,
1297 2502 1421 2546 tunc
1458 2501 1678 2562 apparet
1720 2491 1770 2546 id
1811 2492 1954 2562 quod

358 2593 486 2648 rest;
531 2584 638 2637 imo
666 2597 793 2637 vero
817 2583 976 2636 etiam
1007 2593 1131 2636 ante
1160 2593 1408 2636 mortem.
1447 2582 1672 2649 Quando
1700 2583 1840 2636 enim
1872 2599 1958 2638 se-

368 2683 561 2729 nectus
619 2673 910 2738 invaserit,
964 2673 1177 2742 quando
1225 2673 1440 2726 morbus
1493 2673 1776 2738 afflixerit,
1833 2683 1955 2728 tunc

367 2768 578 2824 videbis
620 2767 746 2838 quid
798 2776 1086 2838 appareat;
1146 2775 1229 2821 est
1280 2768 1420 2821 enim
1476 2766 1643 2821 lutum
1694 2785 1707 2820 :
1755 2767 1848 2822 sed
1901 2779 1957 2822 ut

367 2860 570 2929 peritus
625 2857 813 2914 artifex
856 2858 940 2913 vel
989 2874 1054 2912 ex
1108 2858 1195 2912 vili
1247 2865 1302 2912 et
1355 2859 1550 2912 nullius
1593 2859 1747 2929 pretii
1791 2867 1957 2915 matc-

361 2955 440 3008 ria
494 2953 617 3008 fecit
671 2953 937 3022 ingentem
994 2952 1122 3006 oriri
1181 2951 1668 3021 pulchritudinem,
1727 2967 1834 3006 non
1899 2961 1955 3008 ut

362 3039 678 3109 forniceris,
721 3042 813 3098 sed
844 3051 902 3096 ut
941 3042 1032 3096 tibi
1074 3057 1225 3096 suam
1261 3042 1568 3098 ostenderet
1609 3045 1948 3114 sapientiam.

363 3136 441 3192 Ne
471 3152 598 3207 ergo
637 3135 839 3190 Artifiei
873 3134 1119 3205 injuriam
1153 3135 1365 3203 feceris,
1408 3152 1506 3193 nec
1530 3137 1648 3208 ejus
1677 3138 1951 3207 sapientia:

363 3245 499 3299 opus
529 3229 696 3298 stupri
723 3238 776 3284 et
806 3228 1150 3297 impudicitia:
1179 3244 1207 3280 a
1238 3237 1289 3283 te
1317 3229 1406 3283 fiat
1433 3231 1672 3284 materia.
1704 3229 1948 3284 Formam

361 3335 601 3390 eousque
624 3320 836 3386 mirare,
862 3327 918 3372 ut
939 3319 1105 3389 gloria
1128 3329 1180 3374 et
1201 3318 1404 3376 honore
1431 3320 1632 3375 afficias
1650 3321 1905 3376 artiﬁcem
1931 3337 1946 3386 ;

364 3417 589 3472 ulterius
615 3409 790 3472 autem
814 3433 882 3472 ne
905 3416 1248 3487 progrediare
1269 3458 1284 3483 ,
1306 3418 1468 3472 animi
1499 3419 1947 3486 perturbationem

358 3509 621 3572 excitans.
657 3507 936 3563 Pulchrum
969 3523 1104 3576 Opus
1132 3526 1145 3562 :
1174 3509 1218 3563 is
1245 3523 1374 3579 ergo
1408 3509 1498 3579 qui
1528 3508 1650 3563 fecit
1669 3549 1683 3574 ,
1713 3517 1794 3564 est
1820 3510 1949 3563 ado-

359 3599 594 3664 randus,
627 3615 732 3654 non
777 3601 1096 3655 contumelia
1136 3601 1469 3657 afficiendus.
1515 3581 1570 3656 Si
1611 3601 1769 3672 quis,
1822 3601 1943 3668 die,

361 3707 543 3762 qutoso
563 3737 578 3759 ,
604 3709 818 3749 auream
849 3694 1072 3764 alicujus
1103 3704 1329 3750 statuam
1359 3705 1412 3750 et
1433 3696 1629 3766 regiam
1659 3695 1942 3766 imaginem

362 3800 522 3841 emno
543 3829 557 3852 ,
586 3795 638 3840 et
663 3785 780 3840 aliis
805 3785 1067 3856 ejusmodi
1124 3784 1399 3842 foedaverit
1423 3825 1438 3850 ,
1488 3803 1666 3842 nonne
1705 3788 1944 3842 ultimum

363 3879 520 3934 luerit
544 3877 897 3948 supplicium?
922 3877 977 3934 Si
1001 3886 1176 3932 autem
1199 3879 1287 3948 qui
1310 3879 1446 3934 inter
1477 3879 1720 3935 homines
1743 3882 1947 3950 ingrate

361 3982 413 4025 ct
435 3973 690 4027 scelerate
720 3985 779 4025 se
807 3970 944 4040 gerit
968 4012 982 4034 ,
1018 3969 1147 4023 tanti
1174 3985 1296 4024 rcus
1317 3980 1398 4025 est
1425 3972 1665 4042 supplicii
1693 3991 1706 4026 :
1735 3973 1822 4043 qui
1855 3973 1944 4028 Dei

361 4079 497 4133 Opus
525 4072 668 4118 tanta
713 4061 890 4118 aﬂecit
921 4062 1206 4130 ignominia
1229 4101 1245 4128 ,
1278 4062 1401 4132 quid
1435 4063 1644 4117 tandem
1679 4065 1942 4133 patietur:

361 4167 412 4210 et
437 4156 664 4211 maxime
693 4155 905 4226 quando
931 4156 1018 4225 qni
1052 4154 1164 4209 haec
1195 4154 1352 4219 facit,
1385 4153 1542 4210 habet
1568 4158 1824 4212 nitorem?
1870 4157 1948 4213 Ne

361 4249 490 4302 mihi
545 4248 686 4302 enim
741 4247 941 4303 dixeris
989 4257 1191 4302 natura:
1241 4246 1605 4315 cupiditatem.
1661 4246 1947 4316 Propterea

359 4343 500 4397 cnim
532 4341 850 4411 permissum
877 4340 972 4395 fuit
1003 4339 1422 4405 matrimonium,
1444 4354 1509 4394 ne
1539 4339 1669 4392 ultra
1703 4338 1948 4408 proprios

361 4433 620 4487 terminos
664 4432 1081 4503 progredereris.
1138 4431 1268 4486 Vide
1316 4431 1456 4485 enim
1506 4439 1705 4501 quanto
1757 4429 1947 4500 dignus

358 4526 466 4578 eris
517 4525 796 4596 supplicio.
843 4522 976 4579 Nam
1009 4524 1145 4578 Dens
1175 4533 1278 4578 tua“:
1318 4520 1478 4592 quieti
1511 4531 1560 4576 et
1595 4519 1782 4576 honori
1825 4537 1945 4592 pro-

358 4617 552 4686 spexit,
576 4624 702 4670 utet
732 4625 933 4669 natura:
962 4615 1164 4669 rabiem
1191 4629 1284 4683 per
1308 4628 1527 4668 uxorem
1550 4627 1940 4682 compesceres,

358 4717 410 4762 ct
436 4709 537 4762 hoc
565 4706 767 4777 absque
798 4705 908 4760 ullo
945 4705 1179 4776 periculo
1205 4705 1402 4759 faceres
1430 4721 1444 4770 ;
1477 4714 1532 4759 et
1561 4703 1630 4760 ab
1658 4705 1801 4758 omni
1835 4717 1945 4758 tur-

357 4801 597 4871 pitudine
624 4809 675 4868 et
705 4797 969 4852 dedecore
1001 4797 1319 4850 liberareris.
1350 4795 1428 4851 Tn
1458 4805 1634 4851 autem
1664 4811 1786 4850 eum
1807 4838 1820 4860 ,
1852 4795 1943 4865 qui

359 4902 554 4946 tantam
580 4892 652 4945 tui
675 4906 854 4946 curam
881 4889 1043 4960 gerit,
1069 4904 1130 4943 ex
1156 4886 1466 4942 redundanti
1495 4887 1720 4957 quadam
1743 4899 1794 4942 et
1823 4903 1944 4942 exu-

355 4985 562 5042 beranti
587 4985 736 5052 ecpia
763 5025 778 5049 ,
813 4983 1005 5052 injuria
1032 4980 1236 5036 aflicis?
1263 4980 1354 5035 Dic
1379 4981 1518 5034 enim
1545 4979 1672 5034 mihi
1695 5020 1709 5046 ,
1736 4995 1940 5050 quaeso,

357 5077 401 5130 si
423 5075 678 5130 noluisset
698 5076 809 5144 lege
835 5074 938 5128 lata
967 5081 1200 5127 statuere
1221 5071 1616 5125 matrimonium
1641 5113 1655 5133 ,
1688 5081 1941 5141 quantam

355 5167 496 5231 vim,
545 5176 598 5220 et
635 5175 889 5236 quantum
921 5165 1210 5218 cruciatum
1240 5163 1620 5217 sustinuisses?
1648 5159 1781 5215 Cum
1815 5175 1943 5230 ergo

353 5265 600 5329 oporteat
629 5266 678 5312 te
717 5257 766 5313 ei
796 5258 992 5328 gratias
1021 5271 1212 5326 agere,
1245 5264 1298 5310 et
1327 5256 1492 5326 gloria
1524 5270 1645 5308 emn
1692 5255 1905 5308 afficere
1925 5296 1938 5318 ,

352 5349 494 5422 quod
518 5350 611 5404 tibi
636 5351 922 5404 maximam
945 5347 1142 5402 laboris
1166 5356 1369 5416 partem
1391 5347 1745 5415 amputaverit
1769 5388 1783 5412 ,
1815 5345 1940 5400 dum

356 5443 448 5497 tibi
483 5459 586 5496 non
631 5443 847 5512 vulgare
877 5441 1124 5495 solatium
1167 5439 1521 5508 excogitavit:
1555 5448 1608 5492 tu
1657 5454 1752 5508 per
1793 5454 1942 5492 sum-

355 5554 502 5594 mmn
542 5537 730 5606 ingrati
773 5534 936 5590 animi
975 5533 1176 5598 crimen
1218 5549 1336 5586 cum
1379 5531 1697 5586 contumelia
1738 5530 1942 5598 ofﬁcis,

353 5644 566 5684 omnem
620 5627 879 5698 pudorem
928 5625 1111 5690 exuis,
1157 5624 1414 5679 terminos
1459 5624 1552 5677 tibi
1604 5624 1944 5693 prmscriptos

418 5767 492 5827 (a)
528 5767 604 5815 llis
631 5775 824 5826 prorsus
857 5761 1032 5827 similia
1056 5763 1168 5812 vide
1218 5763 1263 5810 in
1290 5762 1432 5823 Epist.
1471 5763 1618 5822 prima
1645 5760 1700 5809 ad
1727 5760 1941 5818 ’Πωούοο

355 5825 693 5889 ΠιυιἸιιιιδιιιιι,
718 5835 850 5875 ἰὐιιι.
877 5825 918 5874 Ι.

1546 353 1901 415 EXPOSITIO
1941 356 2004 412 ΙΝ
2046 354 2366 412 ΡΞΑΙΛΙΕΜ
2402 355 2585 412 XLIV.

3557 365 3662 420 18E!

2079 471 2312 526 transilis
2332 514 2347 539 ,
2378 481 2432 527 et
2461 480 2603 526 tuam
2636 471 2857 543 gloriam
2898 474 3091 544 probro
3121 475 3328 534 amcis?
3365 479 3480 536 Non
3507 482 3660 538 audis

2069 564 2286 618 Paulum
2311 574 2362 618 et
2385 579 2523 618 nunc
2545 606 2558 629 ,
2587 574 2642 619 et
2661 565 2721 618 in
2755 565 2930 620 medio
2956 567 3274 624 clamantem
3299 588 3312 626 :
3340 571 3525 644 Fugite
3549 577 3658 645 for-

2067 655 2368 709 nicationem
2402 651 2449 719 (l
2467 695 2478 707 .
2503 656 2619 710 Cor.
2644 656 2696 710 6.
2730 657 2859 727 18)?
2880 657 2973 712 Vel
3003 661 3178 729 potius
3196 660 3466 718 Christum
3493 665 3615 720 andi
3637 708 3652 731 ,

2064 749 2155 817 qui
2181 748 2295 818 ejus
2320 756 2499 802 movet
2523 749 2775 804 animum.
2802 751 2909 804 Cur
2934 751 3163 808 alienam
3192 754 3385 810 ediscis
3415 757 3659 826 pulchri-

2067 840 2338 895 tudinem?
2364 855 2459 895 cur
2482 839 2548 894 de
2577 841 2720 894 vultu
2748 857 2852 896 non
2885 851 2974 897 tuo
3001 845 3208 899 curiose
3237 847 3527 902 scrutaris?
3557 863 3654 903 cur

2067 929 2224 986 ferris
2267 948 2358 1000 per
2390 932 2714 1002 pra-cipitia?
2743 949 2837 987 cur
2867 934 3065 988 retibus
3111 937 3332 1006 toipsum
3363 938 3659 1010 illaqueas?

2067 1021 2287 1090 Oppone
2315 1037 2525 1078 murum
2555 1025 2656 1078 tuis
2683 1025 2850 1079 oculis
2869 1065 2885 1090 ,
2911 1034 3030 1082 tuos
3062 1029 3244 1083 oculos
3271 1030 3489 1087 obstrue
3507 1073 3522 1099 ,
3553 1033 3658 1086 im-

2071 1127 2206 1180 pone
2233 1113 2404 1181 legcm
2437 1115 2540 1168 tuis
2562 1115 2749 1169 oculis.
2779 1115 2915 1169 Audi
2942 1116 3208 1171 Christum
3239 1120 3526 1176 minantem
3553 1163 3567 1186 ,
3601 1132 3656 1176 et

2067 1202 2391 1271 impudicum
2419 1212 2689 1274 aspectum
2732 1215 2996 1275 tamquam
3039 1207 3354 1264 adulterium
3400 1213 3656 1268 condem-

2067 1306 2282 1350 uantem
2313 1294 2525 1362 (Matth.
2550 1299 2602 1352 5.
2628 1298 2743 1366 28).
2777 1298 2911 1365 Quid
2944 1308 2994 1354 le
3015 1299 3166 1369 juvat
3189 1302 3428 1372 voluptas
3449 1345 3462 1370 ,
3493 1321 3659 1375 quau-

2063 1386 2133 1440 do
2152 1401 2212 1441 ea
2234 1405 2464 1445 vermem
2493 1389 2651 1459 parit,
2669 1389 2882 1460 quando
2901 1399 3104 1445 metum
3126 1402 3432 1462 perpetuum
3451 1435 3464 1462 ,
3489 1411 3658 1464 quan-

2062 1478 2132 1532 do
2172 1479 2476 1536 immortale
2505 1481 2554 1535 ei
2595 1481 2684 1550 qui
2727 1480 2912 1536 fecerit
2954 1483 3307 1553 supplicium?
3337 1485 3545 1553 Quanto
3571 1495 3653 1539 est

2065 1570 2252 1626 melius
2266 1571 2388 1626 dum
2410 1580 2709 1626 nostrarum
2729 1574 3105 1644 cogitationum
3124 1575 3229 1630 vim
3250 1592 3534 1648 parumper
3548 1592 3652 1630 sus-

2065 1663 2312 1728 tinemus,
2332 1665 2431 1718 frui
2456 1675 2705 1734 perpetua
2729 1666 2890 1720 animi
2916 1667 3316 1736 tranquillitate,
3342 1685 3501 1738 quam
3527 1669 3652 1724 dum

2063 1755 2279 1811 nefariis
2323 1757 2520 1812 nostris
2561 1758 2936 1828 cupiditatibus
2967 1759 3234 1828 paululum
3281 1762 3650 1832 indulgemus,

2061 1849 2343 1906 immortali
2367 1852 2605 1906 cruciatu
2625 1851 2797 1906 afﬁci?
2821 1851 2919 1918 Ne,
2939 1870 2967 1906 ο
2989 1854 3104 1920 ﬁlii,
3127 1871 3189 1907 ne
3203 1854 3272 1906 ita
3293 1855 3512 1924 faciatis.
3534 1853 3654 1909 Non

2061 1941 2190 1995 bona
2217 1950 2288 1995 est
2306 1946 2442 2012 fama
2463 1959 2613 2013 quam
2635 1943 2696 1997 de
2711 1943 2846 1997 vobis
2871 1944 3024 1996 audio
3055 1945 3101 2014 (Ι
3117 1984 3128 1995 .
3159 1943 3280 2015 Reg.
3304 1945 3359 1997 2.
3389 1945 3502 2012 24).
3529 1946 3652 2000 Scin

2060 2032 2126 2088 ad
2155 2047 2288 2102 quos
2312 2032 2566 2102 dirigatur
2592 2033 2786 2100 oratio,
2818 2049 2920 2087 non
2949 2033 3014 2088 ad
3043 2049 3231 2088 omnes
3257 2052 3269 2087 :
3297 2034 3390 2089 sed
3419 2036 3506 2089 ubi
3531 2036 3646 2089 vul-

2061 2141 2160 2178 nus
2192 2125 2475 2189 invenerit,
2511 2125 2616 2180 illic
2645 2125 3089 2180 medicamentum
3128 2125 3364 2181 adhibet.
3395 2125 3504 2181 Cur
3537 2143 3654 2180 nta-

2061 2218 2364 2274 trimonium
2393 2218 2593 2274 violas?
2613 2233 2708 2274 cur
2729 2219 2899 2274 cubile
2923 2219 3112 2288 injuria
3135 2219 3335 2274 aflicis?
3355 2236 3450 2274 cur
3469 2236 3608 2275 metu
3623 2253 3643 2262 -

2061 2310 2214 2365 brum
2239 2322 2384 2367 tuum
2411 2312 2597 2367 laedis?
2628 2309 2724 2367 cur
2743 2311 2899 2367 fama:
2925 2321 3030 2367 tua:
3056 2313 3318 2368 maculam
3345 2325 3399 2368 et
3421 2314 3649 2385 ignomi-

2059 2402 2198 2456 niam
2246 2403 2445 2458 inuris?
2477 2403 2738 2460 Exseinde
2782 2403 2945 2458 animi
2988 2403 3474 2473 perturbationem,
3523 2406 3651 2459 tolle

2058 2491 2282 2549 delicias
2310 2497 2358 2564 (l
2375 2536 2387 2548 .
2411 2494 2529 2549 Cor.
2551 2495 2604 2550 6.
2637 2497 2702 2552 15
2719 2497 2763 2567 )ι.
2795 2496 3006 2552 Deliciae
3027 2497 3168 2551 enim
3193 2505 3248 2552 et
3270 2496 3503 2552 ebrietas
3529 2512 3590 2551 su
3634 2506 3651 2551 t

2062 2584 2179 2638 fons
2219 2585 2600 2642 fornicationis.
2643 2589 2698 2644 Si
2725 2589 2888 2644 animi
2921 2588 3232 2644 remissione
3261 2604 3365 2643 non
3399 2591 3564 2644 utaris
3592 2599 3649 2643 ut

2059 2686 2303 2745 oportet,
2333 2677 2387 2731 id
2429 2678 2584 2734 affert
2632 2679 2722 2734 tibi
2770 2679 3133 2734 afﬂictioncm.
3176 2679 3312 2734 Audi
3350 2679 3475 2749 quid
3505 2683 3648 2749 passi

2061 2769 2164 2824 sint
2187 2779 2240 2824 et
2254 2769 2446 2836 Judaei,
2465 2771 2553 2840 qui
2576 2771 2815 2826 fornicati
2845 2771 3070 2835 fuerant,
3089 2773 3176 2841 qui
3203 2773 3440 2842 corporis
3454 2771 3651 2828 Christi

2062 2875 2166 2914 non
2196 2860 2401 2916 fuerant
2423 2861 2705 2932 participes
2727 2903 2742 2927 ,
2770 2863 2860 2933 qui
2881 2862 3169 2931 Spiritnalis
3190 2876 3389 2917 mensa:
3409 2861 3646 2936 fructum

2060 2968 2165 3008 non
2211 2961 2579 3023 perceperant.
2611 2952 2721 3008 Nec
2759 2955 3097 3025 forniccmnr,
3126 2954 3329 3023 inquit,
3357 2954 3485 3010 sicut
3518 2971 3651 3008 non-

2057 3045 2186 3099 nulli
2228 3062 2402 3100 eorunt
2447 3047 2683 3117 fornicati
2724 3054 2880 3110 sunt,
2914 3055 2960 3098 et
2989 3045 3272 3098 ceciderunt
3315 3047 3368 3100 in
3419 3063 3519 3100 uno
3570 3047 3651 3100 die
3739 3066 3742 3070 '

2053 3140 2232 3210 viginti
2256 3140 2354 3193 tria
2384 3141 2544 3194 millia
2575 3141 2650 3214 (i.
2681 3141 2797 3196 Cor.
2830 3141 2916 3196 l0.
2945 3142 3022 3212 8).
3052 3141 3140 3196 26.
3176 3141 3442 3212 Exsurge,
3465 3139 3650 3194 Domi-

2055 3247 2151 3298 ne,
2184 3231 2370 3302 adjura
2414 3247 2538 3296 nos,
2585 3243 2632 3286 et
2657 3233 2844 3286 redime
2881 3248 2972 3286 nos
3015 3243 3219 3302 prapter
3263 3249 3442 3286 nomen
3487 3241 3648 3286 tuum.

2056 3321 2207 3376 Alius
2229 3363 2243 3386 ,
2277 3323 2373 3378 Sta
2399 3335 2489 3377 nos
2516 3323 2788 3392 defendens
2804 3363 2820 3392 ,
2851 3333 2896 3378 et
2921 3323 3079 3378 libera
3109 3340 3202 3378 nos
3229 3335 3430 3394 prapter
3455 3325 3651 3378 "riseri-

2049 3416 2278 3469 cordiatn
2299 3424 2454 3469 tuam.
2484 3415 2614 3471 Vide
2634 3416 2902 3486 quomodo
2922 3416 3298 3472 concluserunt
3315 3417 3609 3471 orationem
3634 3437 3642 3467 :

2055 3516 2175 3574 post
2218 3507 2625 3562 innumerabilia
2664 3523 2780 3578 qua:
2806 3507 2874 3562 ab
2902 3507 2982 3562 eis
3009 3517 3156 3562 recte
3179 3517 3232 3562 et
3257 3522 3324 3562 ex
3351 3506 3545 3562 virtute
3573 3507 3652 3559 fa-

2057 3609 2142 3653 cta
2161 3597 2388 3666 fuerant,
2407 3598 2672 3653 undenam
2693 3599 2917 3654 salutem
2934 3599 3144 3670 assequi
3165 3613 3374 3670 aequum
3389 3611 3601 3654 censen:
3627 3599 3648 3650 ‘t

2059 3692 2102 3744 Α
2137 3691 2498 3746 misericordia
2517 3734 2530 3756 ,
2561 3707 2590 3745 a
2634 3691 2957 3763 benignitate
2995 3703 3050 3747 et
3079 3693 3362 3748 clementia
3385 3732 3400 3756 ,
3431 3701 3649 3762 propter

2059 3799 2253 3838 nomen
2284 3783 2393 3838 Dei.
2419 3782 2556 3852 Quid
2576 3793 2693 3850 est,
2722 3793 2929 3855 propter
2955 3802 3135 3840 nomen
3166 3795 3306 3839 tuum
3326 3786 3348 3840 ?
3369 3783 3446 3841 Ne
3475 3785 3644 3854 ipsum

2055 3874 2393 3944 profanetur,
2426 3875 2568 3944 quod
2593 3875 2708 3944 ipse
2739 3877 2895 3930 etiam
2923 3891 3067 3945 sa'pe
3104 3876 3234 3931 dicit
3267 3894 3280 3930 :
3316 3875 3478 3930 Facio
3528 3894 3644 3947 pro-

2052 3975 2164 4036 pter
2195 3981 2373 4018 nomen
2403 3981 2587 4017 meum.
2616 3963 2856 4017 Vidistiu’
2896 3964 3246 4020 humilitatem
3275 3976 3331 4023 et
3359 3967 3642 4021 contritum

2051 4060 2330 4114 animum?
2361 4058 2426 4112 Et
2455 4057 2722 4112 undenam
2751 4065 2935 4126 petunt
2959 4059 3221 4114 salutem?
3248 4061 3292 4114 Α
3322 4063 3600 4116 clementia
3626 4103 3640 4123 ,

2051 4168 2080 4206 a
2110 4149 2502 4212 misericordia;
2526 4159 2773 4220 tanquam
2797 4149 2986 4219 quibus
3007 4159 3149 4204 recte
3172 4149 3305 4205 facta
3332 4151 3640 4212 deficerent,

2051 4255 2101 4300 et
2125 4243 2422 4312 nullajusta
2446 4243 2633 4297 salutis
2658 4257 2816 4297 causa
2840 4248 3186 4311 suppeteret,
3214 4241 3334 4296 licet
3362 4249 3435 4294 tot
3457 4253 3510 4295 et
3531 4249 3642 4294 tan—

2054 4347 2103 4392 ta
2150 4335 2382 4406 pericula
2414 4334 2730 4406 laboresque
2757 4343 3034 4404 susceptos
3057 4332 3258 4402 jactare
3290 4341 3542 4402 possent,
3575 4334 3642 4386 ad

2053 4431 2220 4485 Deum
2264 4439 2451 4484 cuncta
2497 4427 2822 4483 referebant.
2854 4426 2964 4482 Nos
2991 4440 3202 4497 quoque
3225 4467 3240 4492 ,
3271 4427 3361 4496 qui
3395 4425 3444 4479 in
3475 4428 3640 4495 gratia

2047 4537 2253 4587 sumus,
2277 4521 2683 4584 eosimitcmur,
2713 4531 2766 4574 et
2797 4519 2905 4574 Deo
2932 4518 3154 4589 gloriam
3184 4519 3524 4573 omittamus:
3557 4517 3640 4570 cui

2047 4615 2214 4686 gloria
2240 4614 2290 4670 in
2316 4613 2506 4669 saecula
2533 4615 2870 4667 sicculorum.
2905 4615 3094 4667 Amen.

2512 4769 2575 4824 IN
2616 4769 2938 4826 PSALMUM
2978 4767 3158 4823 XLIV.

2049 4907 2099 4960 l.
2145 4905 2249 4960 Pro
2277 4906 2504 4972 victoria,
2537 4921 2628 4976 pro
2650 4905 2860 4975 ﬂoribus
2887 4903 3106 4972 ﬁliorum
3145 4903 3291 4960 Core.
3324 4905 3496 4970 Alius,
3541 4902 3634 4956 Vi—

2117 4998 2288 5050 ctoria!
2328 4997 2523 5049 auctori
2551 4995 2626 5066 (a)
2663 5005 2907 5066 :prOpter
2935 4995 3042 5048 lilia
3072 4997 3294 5064 ﬁliorum
3340 4997 3486 5050 Core.
3529 4993 3634 5047 He-

2119 5089 2293 5141 brmtts
2322 5101 2440 5155 pro,
2488 5085 2652 5151 Liliis,
2699 5087 2848 5152 dicit,
2900 5088 2963 5141 Al
2990 5089 3229 5141 sosanim.
3277 5085 3638 5154 Intelligentite

2120 5179 2370 5231 canticum
2401 5177 2451 5230 in
2479 5178 2734 5232 dilectum.
2782 5179 2952 5244 Alius,
2987 5179 3206 5233 Scienti;
3235 5177 3485 5229 canticum
3511 5189 3634 5242 pro-

2121 5280 2228 5339 pter
2257 5267 2552 5320 amicitiam.
2581 5269 2750 5330 Alius,
2777 5267 2988 5322 Dilectis
3015 5284 3033 5338 ς
3064 5267 3320 5320 Ποιιτειιιις
3349 5272 3524 5317 autem
3556 5263 3638 5315 di-

2121 5363 2212 5426 cit,
2267 5359 2517 5427 Iditltoth.
2568 5361 2932 5432 Septuaginta,
2980 5358 3046 5411 In
3099 5359 3250 5425 linem
3307 5372 3398 5426 pro
3447 5355 3506 5408 iis
3551 5357 3635 5425 qui

2118 5453 2578 5522 comntutabuntur,
2603 5455 2722 5523 ﬁliis
2741 5451 2890 5517 Core,
2921 5451 2987 5503 ad
3015 5449 3342 5513 intellectum,
3384 5449 3633 5503 canticum

2120 5564 2212 5617 pro
2236 5545 2436 5600 dilecto.

2122 5741 2192 5799 (a)
2224 5737 2304 5786 Gr.
2329 5737 2402 5798 τῷ
2429 5733 2676 5794 νικοποιῷ.
2718 5730 2834 5779 Huc
2858 5724 3010 5776 lectio
3033 5733 3111 5779 est
3135 5725 3346 5790 Aquiltr,
3389 5736 3443 5776 ut
3467 5729 3635 5799 videas

3441 5788 3613 5830 ..υ-ι...

2063 5825 2106 5870 in
2135 5818 2374 5880 Hexaplis
2402 5817 2597 5868 nostris.
2627 5815 2771 5875 Infra,
2795 5814 2851 5865 Al
2875 5813 3104 5870 scstmim,
3135 5811 3282 5860 Hebr.
3313 5811 3630 5861 επεν-Ἣ·
