4112 6214
484 348 606 402 485
1212 340 1268 397 S.
1311 336 1589 395 JOANNIS
1623 330 2096 390 CllllYSOSTOllI

497 461 553 514 Β.
596 456 854 514 Eruetaeit
893 472 979 511 cor
1011 468 1179 509 meum
1225 452 1431 508 uerbum
1479 451 1682 505 bonum.
1735 447 1904 521 Alius,
1938 444 2083 500 Irre-
2134 518 2144 529 κ

628 549 762 621 .psit.
789 548 960 612 Alius,
994 544 1194 601 Motum
1222 553 1295 599 est
1322 560 1411 598 cor
1438 560 1603 597 meum
1622 540 1767 595 verba
1792 540 1941 595 bono.

554 667 614 721 σι.
654 662 1024 720 Testimonium
1047 662 1366 717 inimicorum
1393 661 1598 715 minime
1616 670 1937 732 suspectum;
1967 672 2087 711 eru-

499 758 652 813 ctatio
683 756 949 828 prophetia
971 772 990 823 ;
1017 754 1263 827 propheta
1282 751 1452 819 ili/fert
1478 762 1605 806 vote.
1628 782 1701 793 —
1720 751 1920 808 Vellem
1945 763 2088 804 nunc

513 845 704 904 adesse
718 862 913 902 -on.nes
936 845 1150 902 Judmos
1177 853 1231 898 et
1266 843 1511 914 gentiles,
1555 854 1608 898 et
1637 844 1739 899 hoc
1765 842 1899 897 libro
1927 857 1956 894 a
2000 840 2092 895 .lu-

519 926 661 998 dteis
676 948 918 1010 accepto,
946 938 1209 994 l’salmnm
1237 936 1308 990 ita
1345 935 1540 1006 legere.
1566 933 1749 1005 Neque
1773 935 1915 989 enim
1945 933 2094 1002 igno-

510 1031 661 1097 ratis,
694 1030 826 1087 etin
851 1027 1086 1100 iudieiis,
1120 1036 1173 1082 et
1208 1026 1410 1097 ubique
1434 1035 1560 1081 tunc
1596 1025 1825 1080 maxime
1850 1037 1881 1077 a
1919 1023 2096 1092 suspi-

498 1127 661 1183 cione
701 1133 964 1179 remotum
991 1136 1114 1177 esse
1161 1133 1339 1175 rerum
1384 1118 1767 1179 testimonium,
1799 1114 2011 1187 quando
2040 1114 2089 1168 id

498 1216 672 1271 l'ertur
694 1214 764 1270 ob
794 1214 1039 1271 inimicis.
1065 1212 1134 1271 Ut
1162 1211 1265 1268 hoc
1290 1227 1419 1283 ergo
1440 1210 1600 1266 hodie
1624 1225 1835 1282 quoque
1858 1209 2090 1275 eveniat,

498 1309 848 1365 exhibeamus
899 1305 1260 1362 testimonium
1301 1319 1367 1359 ex
1412 1301 1615 1367 Veteri,
1646 1311 1703 1357 ut
1743 1311 1799 1356 et
1841 1300 2010 1356 Judtei
2038 1308 2095 1354 et

498 1400 727 1469 gentiles
767 1398 970 1470 pudore
1014 1393 1548 1452 aiﬁcianturdudtei
1592 1392 1806 1464 quidem
1832 1392 2091 1462 legentes,

504 1504 556 1549 et
606 1508 713 1547 non
764 1490 1160 1561 intelligentes;
1201 1488 1425 1558 gentiles
1467 1500 1597 1541 vero
1635 1485 1878 1541 videntes
1929 1483 2093 1540 libros

502 1588 657 1643 nobis
683 1586 864 1642 oﬂ‘erri
891 1584 959 1639 ab
1000 1583 1249 1637 inimicis.
1297 1578 1482 1651 Neque
1508 1580 1649 1634 enim
1678 1587 1929 1647 poterunt
1974 1594 2035 1632 ea
2062 1593 2093 1632 a

504 1681 659 1735 nobis
699 1693 825 1735 esse
870 1674 1094 1731 conﬁcta
1140 1674 1343 1739 dicere,
1387 1687 1507 1726 cum
1554 1686 1659 1724 non
1708 1684 1824 1733 nos,
1872 1669 1966 1723 sed
2004 1669 2092 1734 qui

502 1770 772 1825 Christum
811 1768 1206 1832 cruciﬁxerunt,
1254 1764 1624 1819 libros’nuhis
1667 1762 1957 1832 pra-beant,
1999 1761 2090 1831 qui

480 1865 579 1919 -de’
611 1863 727 1932 eius
774 1868 1032 1929 petestate
1072 1859 1377 1927 loquuntur.
1422 1855 1528 1911 Sed
1576 1856 1688 1909 sive
1724 1853 1937 1918 adsunt,
1984 1853 2096 1907 sive

504 1971 634 2016 non,
663 1966 760 2008 nos
786 1959 972 2006 nostro
994 1947 1171 2003 ol‘zieio
1201 1948 1500 2017 fungamur,
1529 1955 1584 2002 et
1610 1946 1983 2016 aggrediamur
2008 1944 2095 1999 in-

506 2043 966 2114 terpretationem.
1000 2039 1094 2094 llic
1134 2039 1276 2093 enim
1323 2037 1563 2092 [’saltnus
1603 2037 1653 2090 in
1697 2036 1968 2091 Christum
2013 2046 2096 2090 est

507 2135 816 2207 inscriptus,
845 2140 900 2188 et
927 2132 1048 2188 ideo
1076 2130 1237 2185 habet
1265 2129 1689 2200 inscriptionem,
1724 2125 1790 2183 In
1830 2129 2093 2193 dilectum,

502 2239 579 2294 et,
611 2227 719 2282 Pro
741 2227 805 2281 iis
832 2225 920 2297 qui
942 2221 1404 2279 comntutabuntur.
1429 2223 1478 2278 is
1503 2222 1644 2277 enim
1669 2220 1823 2276 nobis
1849 2235 2094 2291 magnam

506 2321 632 2377 lecit
661 2321 1035 2386 mutationem,
1064 2331 1349 2388 rerumque
1368 2317 1774 2373 conversionem
1814 2328 1878 2369 ac
1913 2311 2095 2368 tradu-

506 2415 764 2470 ctionem.
796 2411 941 2467 ilanc
969 2411 1318 2468 mutationem
1340 2409 1645 2478 signiﬁcans
1668 2420 1878 2478 quoque
1904 2403 2097 2461 Paulus

507 2504 721 2560 dicebat
740 2504 761 2558 ε’
776 2502 948 2569 Quare
959 2503 1005 2559 si
1014 2519 1115 2574 qua
1131 2503 1185 2557 in
1203 2501 1405 2558 Christo
1421 2514 1549 2554 nova
1564 2507 1797 2554 creatura
1813 2497 1887 2569 (2.
1907 2493 2021 2551 Cor.
2040 2495 2095 2551 5.

509 2601 622 2668 li).
655 2597 725 2653 Et
760 2596 882 2653 ideo
909 2604 1016 2653 non
1044 2596 1173 2652 dicit
1210 2596 1262 2650 in
1294 2593 1576 2666 principio,
1607 2591 1747 2646 Dixit
1775 2602 2094 2645 cornicum.

504 2688 772 2757 Quoniam
804 2687 946 2743 enim
974 2702 1160 2742 eorum
1182 2700 1304 2757 qua:
1341 2683 1656 2740 dicebantur
1683 2680 1812 2736 nihil
1845 2688 1962 2736 erat
1992 2678 2097 2734 hu-

510 2793 747 2843 manum,
793 2777 889 2833 sed
919 2777 1150 2833 caelestia
1182 2791 1245 2832 ac
1272 2774 1567 2847 spiritualia
1610 2780 1727 2830 erat
1756 2779 2093 2836 narraturus,

484 2887 679 2940 .eaque
716 2886 820 2926 no.1
849 2886 914 2926 ex
949 2869 1163 2941 propria
1192 2868 1516 2934 inventione,
1542 2867 1639 2924 sed
1670 2882 1733 2922 ex
1761 2865 1939 2921 divina
1966 2879 2102 2935 ope-

512 2970 742 3032 ratione,
784 2962 1135 3020 eructationis
1179 2961 1397 3017 nomine
1425 2960 1530 3015 hoc
1556 2959 1838 3030 signiﬁcat.
1872 2957 2101 3013 Eructa-

512 3058 633 3113 mus
652 3057 799 3113 enim
824 3070 929 3111 non
960 3053 1176 3127 quando
1206 3053 1474 3120 volumus,
1497 3052 1592 3107 sed
1620 3051 1762 3107 hunc
1786 3063 2097 3105 sermonem

513 3149 774 3205 habemus
811 3147 1025 3219 quando
1069 3147 1333 3209 volumus,
1381 3160 1613 3217 euntque
1655 3151 1713 3200 et
1757 3143 2005 3210 dicimus,
2049 3148 2105 3199 et

516 3240 855 3312 rcprimimus
884 3256 898 3291 :
927 3237 1311 3295 eructationem
1332 3245 1509 3292 autem
1539 3251 1644 3292 non
1676 3235 1876 3291 itidem.
1911 3233 2107 3291 Osten-

513 3334 648 3389 deus
699 3332 876 3402 itaque
912 3345 1030 3401 qua:
1058 3328 1308 3384 dicuntur
1346 3344 1453 3382 non
1502 3342 1623 3383 esse
1656 3327 1872 3382 humani
1910 3324 2101 3391 studii,

519 3425 613 3480 sed
641 3423 842 3479 divinze
870 3419 1252 3492 inSpirationis,
1283 3435 1403 3492 qua:
1430 3434 1552 3475 eum
1584 3420 1854 3485 incitabat,
1891 3426 2104 3474 eructa-

519 3518 715 3571 tionem
747 3513 1081 3584 prephetiam
1107 3511 1411 3581 appellavit.
1455 3509 1915 3578 Quemadmodum
1960 3510 2104 3564 enim

522 3611 576 3663 in
620 3608 952 3663 eructatione
996 3606 1048 3661 id
1075 3604 1216 3675 quod
1256 3605 1333 3671 lit,
1379 3603 1552 3659 oritur
1587 3618 1651 3659 ex
1680 3602 1931 3673 qualitate
1954 3601 2105 3658 cibo-

517 3716 637 3754 rmn
661 3717 674 3753 :
706 3700 777 3753 ita
804 3699 964 3754 etiam
990 3697 1044 3752 in
1066 3695 1308 3751 doctrina
1340 3693 1623 3764 spirituali.
1651 3691 1799 3748 Talia
1828 3708 1955 3765 ergo
1981 3707 2106 3746 eru-

518 3792 719 3857 Nabal,
756 3790 930 3860 qualia
960 3786 1294 3844 comedebat.
1328 3786 1461 3841 Vide
1502 3792 1680 3840 autem
1718 3784 1843 3839 alibi
1890 3798 2107 3855 quoque

519 3882 681 3937 alium
703 3881 1013 3952 prophetam
1045 3880 1181 3934 hanc
1206 3878 1572 3949 Operationem
1597 3875 1948 3931 similitudine
1975 3891 2106 3931 sen-

512 3976 659 4030 sibili
704 3975 1113 4044 exprimentem,
1155 3981 1209 4026 et
1257 3970 1501 4025 volumen
1546 3967 1664 4023 libri
1713 3966 2102 4033 comedentem,

508 4067 677 4139 idque
712 4082 837 4123 cum
865 4068 1151 4136 voluptate.
1201 4063 1326 4119 Fuit
1356 4065 1521 4130 enim,
1561 4063 1750 4133 inquit,
1779 4062 1832 4115 in
1875 4077 1961 4115 ore
1996 4077 2106 4116 meo

517 4171 773 4231 tuntqttom
800 4159 898 4214 mel
920 4157 1072 4213 dulce
1095 4155 1307 4231 (EsecIt.
1336 4157 1390 4212 5.
1422 4157 1477 4226 ’5)
1532 4155 1665 4224 Quia
1693 4169 1819 4224 ergo
1847 4153 2107 4223 Spiritun-

518 4251 621 4308 lem
651 4253 876 4324 gratiam
907 4257 1252 4321 acceperunt,
1303 4249 1383 4303 eis
1419 4262 1633 4319 quoque
1677 4245 1867 4300 similia
1900 4253 2110 4300 eructa-

518 4351 660 4398 ient.
701 4341 852 4410 Quod
890 4342 1038 4396 enim
1074 4354 1178 4395 nec
1223 4338 1294 4394 de
1330 4336 1433 4393 hac
1478 4336 1810 4393 eructatione
1843 4335 2105 4402 sensibili,

518 4449 617 4489 nec
644 4434 713 4489 de
739 4433 882 4489 cibis
922 4440 1128 4503 agatur,
1160 4430 1284 4486 audi
1334 4428 1587 4501 quidnam
1625 4435 1853 4491 eruetct,
1890 4435 1947 4483 et
1989 4427 2109 4498 quis

514 4527 608 4582 ille
652 4527 722 4581 sit
749 4527 839 4598 qui
861 4532 1085 4581 eructat.
1118 4522 1233 4579 Non
1261 4520 1587 4587 stomachus,
1617 4521 1708 4592 qui
1753 4530 1838 4577 est
1861 4519 2104 4575 ciborum

519 4620 930 4691 receptaculum,
979 4617 1073 4674 sed
1120 4632 1234 4673 eor.
1285 4614 1551 4670 Eructavit
1597 4613 1764 4676 enim,
1796 4611 1987 4683 inquit,
2019 4625 2108 4664 cor

517 4729 701 4767 uicum.
734 4713 800 4768 Et
822 4710 949 4782 quid
977 4706 1228 4768 eructat?
1270 4707 1385 4764 Non
1416 4706 1615 4771 cibum,
1644 4719 1745 4760 nec
1776 4713 1983 4775 potum,
2012 4700 2108 4756 sed

521 4820 641 4875 quae
667 4813 792 4858 sunt
817 4817 1017 4859 menste
1045 4811 1366 4873 opportuna,
1394 4797 1596 4853 Bonum
1640 4796 1864 4857 verbum,
1914 4806 2108 4864 nempe

521 4896 588 4950 de
618 4892 898 4965 Unigenito
924 4910 939 4949 :
962 4893 1008 4949 is
1030 4900 1114 4949 est
1140 4892 1283 4949 enim
1305 4890 1538 4946 maxime
1557 4888 1748 4945 bonus.
1789 4885 1915 4941 Veni
1937 4885 2104 4950 enim,

522 4986 712 5057 inquit,
743 5000 844 5040 non
870 4994 924 5039 ut
940 4982 1168 5057 iudicem
1196 4981 1465 5047 mundum,
1488 4979 1598 5034 -sed
1625 4986 1679 5033 ut
1724 4976 1972 5032 mundum
2001 4975 2108 5029 sal-

517 5098 633 5137 vum
659 5076 1051 5153 faciam-(101m.
1072 5075 1160 5133 12.
1182 5076 1296 5149 47).
1321 5073 1509 5130 Omnia
1534 5072 1681 5128 mitia
1711 5086 1775 5127 ac
1803 5076 2106 5133 mansueta,

517 5173 697 5228 omnia
723 5171 986 5243 supplicio
1006 5169 1195 5226 libera.
1229 5169 1447 5223 Eructat
1465 5172 1645 5222 autem
1676 5163 1823 5227 talia,
1852 5161 2104 5233 quoniam

517 5283 614 5322 cor
640 5281 796 5323 suum
840 5260 1177 5336 expurgavit.
1211 5258 1671 5331 Quemadmodum
1719 5257 1862 5313 enim
1895 5261 2104 5321 venter,

518 5358 732 5431 quando
772 5357 1005 5414 sordidis
1031 5354 1217 5413 succis
1241 5351 1406 5409 fuerit
1435 5351 1644 5423 plenus,
1664 5350 1754 5405 eis
1794 5354 2021 5418 cognata
2052 5354 2109 5400 et

518 5452 817 5510 consimilia
842 5457 1074 5516 eructat,
1101 5446 1195 5504 sed
1234 5443 1448 5519 quando
1486 5459 1650 5517 sanus
1678 5439 1858 5504 fuerit,
1889 5437 1940 5493 ei
1972 5449 2108 5507 quo-

518 5562 622 5617 que
660 5544 1067 5601 convenientem
1103 5538 1212 5595 edit
1235 5536 1623 5596 eruetationem
1662 5550 1676 5587 :
1706 5532 1779 5587 ita
1821 5529 1982 5585 etiam
2012 5540 2108 5582 cor

522 5638 797 5710 propheta:
850 5642 1129 5707 postquam
1160 5630 1261 5687 fuit
1284 5644 1313 5683 a
1356 5628 1589 5701 peccatis
1627 5623 1874 5688 liberum,
1904 5617 2109 5686 accepit

516 5731 743 5803 gratiam
758 5727 1008 5798 Spiritus,
1026 5734 1081 5783 et
1095 5732 1302 5783 eructat
1315 5719 1537 5776 verbum
1554 5717 1773 5774 bonum.
1797 5714 1930 5769 lliuc
1945 5711 2105 5803 etiam

410 5818 418 5827 ’
519 5802 717 5893 aliquid
756 5819 899 5876 aliud
930 5819 1205 5884 discimus,
1237 5827 1427 5884 nempe
1456 5809 1739 5881 prophetas
1785 5820 1889 5862 non
1933 5802 2096 5859 fuisse

2141 332 2178 385 .\
2193 327 2462 385 llClllEP.
2503 325 2930 385 CONSTANTIN
2942 325 3049 383 ΟΡ.

3684 326 3782 383 ιιι

2192 443 2331 498 sicut
2344 450 2511 500 vates.
2533 443 2641 499 lllie
2655 442 2798 500 enim
2814 442 3025 514 quando
3041 441 3248 499 daemon
3262 441 3491 497 animam
3507 442 3783 512 invaserit,

2195 534 2348 590 orbat
2377 545 2608 592 mentem
2628 551 2691 592 ac
2713 536 3108 606 cogitationem,
3131 544 3184 589 et
3208 537 3470 592 rationem
3509 536 3782 599 obscurat.

2195 637 2248 683 et
2271 629 2339 686 ita
2362 628 2540 685 omnia
2562 629 2637 685 illi
2656 644 2751 686 ore
2772 644 2869 684 suo
2898 629 3204 700 loquuntur,
3235 639 3412 686 mente
3433 629 3564 686 nihil
3589 632 3786 687 intelli-

2193 732 2351 794 gente
2365 737 2549 779 eorum
2565 738 2684 794 qum
2698 722 3009 793 loquontur,
3033 738 3136 778 non
3151 737 3308 778 secus
3324 737 3388 779 ac
3403 722 3448 778 si
3467 723 3590 778 tibia
3607 725 3786 796 aliqua

2197 816 2480 870 inanimato
2504 817 2769 887 loquatur.
2789 816 2902 872 Hoc
2932 817 3091 872 etiam
3117 815 3247 872 dixit
3265 816 3459 888 aliquis
3483 833 3669 873 eorum
3695 820 3789 888 qui

2195 916 2321 962 sunt
2332 906 2471 977 apud
2487 907 2631 977 ipsos
2642 898 3073 978 philosophorum
3092 907 3193 977 (α),
3214 908 3295 963 his
3308 909 3482 964 verbis
3498 926 3511 960 :
3531 909 3795 976 Quemad.

2197 1000 2401 1054 modum
2419 1000 2457 1052 ii
2479 1001 2567 1070 qui
2585 1016 2826 1071 responsa
2855 1010 3042 1054 canunt
3063 1009 3110 1055 et
3140 1009 3276 1055 vates
3297 1001 3458 1055 multa
3480 1001 3683 1070 quidem
3702 1004 3789 1056 di-

2195 1101 2333 1156 cunt,
2350 1108 2520 1145 eorum
2534 1101 2698 1145 autem
2714 1107 2827 1159 qua:
2842 1092 3036 1159 dicunt,
3053 1092 3181 1147 nihil
3195 1094 3375 1148 sciunt.
3393 1092 3498 1149 Sed
3513 1108 3615 1149 non
3634 1094 3704 1149 ita
3720 1094 3792 1149 l'a-

2195 1183 2266 1237 cit
2297 1193 2515 1238 sanctus
2548 1183 2800 1253 Spiritus,
2846 1182 2941 1238 sed
2981 1184 3239 1252 permittit
3278 1192 3336 1239 ut
3374 1199 3468 1239 cor
3497 1195 3790 1256 cognoscat

2195 1289 2315 1344 qnze
2354 1272 2621 1328 dicuntur.
2665 1273 2720 1329 Si
2765 1275 2909 1329 enim
2955 1290 3062 1328 non
3105 1284 3473 1345 cognosceret,
3514 1277 3786 1346 quomodo

2196 1365 2418 1429 diceret,
2456 1364 2672 1421 Verbum
2706 1366 2934 1422 bonum?
2971 1367 3185 1422 Daemon
3213 1368 3379 1432 enim,
3408 1377 3591 1437 utpote
3617 1368 3788 1425 hostis

2200 1470 2255 1513 et
2288 1458 2556 1526 inimicus,
2583 1473 2707 1514 cum
2736 1457 3011 1513 hominum
3034 1468 3221 1514 natura
3246 1458 3442 1515 bellum
3465 1469 3603 1530 gerit
3625 1476 3639 1513 :
3665 1459 3788 1530 Spi-

2197 1553 2332 1606 ritus
2364 1560 2541 1605 antem
2584 1558 2822 1615 sanctus,
2862 1559 2921 1604 ut
2964 1549 3055 1620 qui
3101 1551 3265 1606 nostri
3301 1566 3481 1605 curam
3522 1561 3692 1620 gerat,
3733 1560 3787 1607 et

2199 1641 2460 1697 beneﬁcio
2502 1641 2716 1710 aiﬁciat,
2745 1640 2797 1697 id
2823 1642 2929 1710 agit
2959 1651 3018 1696 ut
3041 1642 3130 1712 qni
3168 1657 3290 1696 cum
3329 1627 3643 1711 suscipiunt,
3673 1644 3782 1697 sint

2199 1748 2388 1788 sensus
2418 1735 2723 1804 participes,
2754 1742 2809 1788 et
2838 1734 2940 1790 illis
2968 1734 3403 1804 intelligentibus,
3435 1735 3637 1790 revelat
3665 1753 3783 1805 qua:

2198 1826 2463 1881 dicuntur.
2500 1825 2627 1879 Dico
2652 1843 2743 1897 ego
2774 1842 2928 1897 opera
2954 1842 3064 1880 mea
3107 1826 3233 1898 regi.
3261 1827 3430 1893 Alius,
3461 1824 3619 1880 Facta
3651 1845 3783 1882 mea.

2198 1916 2455 1984 Quaenam
2505 1916 2632 1972 dicit
2672 1918 2875 1986 opera?
2918 1916 3280 1987 Prophetiam.
3323 1917 3782 1986 Quemadmodum

2198 2009 2340 2065 enim
2374 2007 2509 2063 labri
2532 2008 2705 2063 aerarii
2735 2023 2870 2079 opus
2894 2020 2978 2066 est
3012 2010 3185 2065 facere
3207 2009 3507 2075 dolabram.
3532 2021 3588 2067 et
3610 2013 3785 2067 archi-

2202 2098 2326 2154 tecti
2368 2097 2588 2153 domrun
2636 2097 2831 2167 facere,
2885 2113 2940 2156 et
2979 2101 3191 2156 navium
3225 2100 3555 2157 l‘abricatoris
3593 2117 3786 2158 navem

2199 2189 2541 2261 compingere
2571 2207 2585 2244 :
2620 2190 2689 2244 ita
2731 2199 2814 2246 est
2842 2190 3004 2246 etiam
3034 2191 3305 2262 prophetzn
3334 2176 3514 2248 texere
3553 2192 3788 2262 prophe-

2202 2282 2348 2336 tiam.
2377 2281 2530 2349 Quod
2558 2282 2700 2336 enim
2726 2280 2827 2337 hoc
2853 2294 3064 2353 quoque
3088 2283 3158 2338 sit
3179 2298 3337 2353 Opus,
3363 2283 3486 2338 audi
3514 2284 3783 2341 Christum

2200 2375 2468 2431 dicentem
2507 2374 2576 2431 de
2603 2376 2878 2447 apostolis.
2923 2374 3125 2448 Dignus
3150 2386 3224 2432 est
3258 2377 3521 2448 operarius
3564 2380 3787 2434 mercede

2202 2482 2297 2521 sua
2331 2463 2481 2538 (Luc.
2513 2465 2600 2522 ιο.
2635 2465 2709 2537 7).
2744 2465 2809 2521 Et
2834 2466 3029 2522 Paulus
3056 2484 3071 2521 :
3104 2467 3332 2523 Maxime
3358 2471 3445 2537 qui
3476 2469 3705 2524 laborant
3733 2471 3789 2525 iu

2202 2555 2350 2609 verbo
2369 2565 2417 2609 et
2434 2555 2663 2610 doctrina
2681 2556 2758 2627 (ἱ.
2781 2554 2912 2610 Tim.
2933 2556 2985 2611 5.
3006 2554 3115 2631 l7).
3134 2556 3189 2614 Si
3209 2556 3351 2614 enim
3369 2574 3473 2613 non
3494 2567 3609 2615 erat
3632 2575 3785 2630 opus,

2202 2646 2471 2719 quomodo
2500 2646 2682 2702 habuit
2720 2646 2992 2704 laborem?
3021 2648 3159 2716 Quid
3201 2658 3284 2704 est
3310 2650 3452 2705 enim
3489 2650 3592 2706 hoc
3626 2665 3790 2720 opere

2206 2738 2583 2808 praestantius?
2610 2737 2737 2810 quid
2774 2753 2898 2794 vero
2922 2738 3146 2795 utilius?
3166 2739 3423 2795 Omnibus
3456 2741 3660 2796 artibus
3685 2754 3795 2796 su—

2206 2830 2421 2887 blimius
2447 2841 2548 2887 est.
2581 2830 2859 2901 Quodnam
2904 2840 2988 2888 est
3015 2847 3143 2904 ergo
3183 2832 3285 2890 hoc
3312 2848 3468 2903 opus,
3497 2833 3636 2904 quod
3674 2836 3789 2903 regi

2204 2921 2374 2978 dicit?
2411 2922 2509 2978 Hic
2534 2922 2789 2996 hymnus,
2830 2921 2946 2979 haec
2974 2922 3271 2994 prolihetia.
3302 2921 3420 2979 Non
3447 2924 3583 2979 dixit
3614 2934 3790 2979 autem

2207 3014 2417 3069 cuinam
2456 3014 2594 3084 regi,
2625 3014 2930 3086 signiﬁcans
2961 3029 3022 3071 se
3048 3016 3225 3071 dicere
3258 3015 3366 3071 Deo
3404 3016 3792 3071 universorum.

2207 3105 2664 3175 Quemadmodum
2711 3108 2855 3163 enim
2882 3106 3095 3178 quando
3119 3107 3347 3162 dicimus
3387 3122 3567 3179 regem
3598 3107 3788 3162 Persa-

2209 3216 2350 3265 rum,
2378 3214 2482 3254 non
2507 3198 2823 3269 simpliciter
2849 3208 2904 3256 et
2930 3200 3171 3256 absolute
3215 3215 3392 3271 regem
3419 3201 3663 3265 dicimus,
3694 3198 3793 3254 sed

2207 3291 2487 3362 adjieimus
2514 3292 2814 3358 Persarum,
2848 3294 2917 3347 ita
2943 3294 3102 3348 etiam
3150 3295 3556 3361 Armeniorum;
3584 3295 3795 3364 quando

2209 3398 2387 3441 autem
2420 3394 2663 3439 nostrum
2691 3383 2941 3452 dicimus,
2990 3400 3093 3441 non
3126 3385 3384 3441 habemus
3428 3399 3563 3455 opus
3591 3384 3795 3439 addita-

2210 3484 2415 3541 menta,
2456 3475 2550 3530 sed
2599 3474 2796 3531 sufﬁcit
2841 3476 2994 3530 nobis
3042 3490 3220 3545 regem
3265 3474 3484 3528 dicere:
3514 3474 3583 3527 ita
3630 3476 3792 3528 etiam

2213 3567 2489 3640 prepheta,
2525 3567 2775 3639 quoniam
2813 3568 3044 3638 loquitur
3086 3566 3154 3621 de
3193 3580 3258 3621 eo
3285 3564 3373 3635 qui
3404 3579 3526 3619 vere
3560 3580 3652 3619 rex
3687 3573 3790 3629 est,

2211 3661 2342 3717 satis
2386 3660 2545 3717 habet
2571 3661 2619 3716 si
2658 3660 2822 3726 dicat,
2856 3659 3002 3731 Regi.
3053 3659 3202 3714 Sicut
3234 3658 3375 3713 enim
3416 3671 3536 3711 cum
3563 3656 3791 3712 dicimus

2211 3755 2654 3825 omnipotentem,
2685 3753 2826 3809 nulla
2851 3768 2984 3826 opus
3023 3752 3279 3808 habemus
3308 3750 3628 3821 adiectione,
3658 3764 3793 3819 quo-

2212 3847 2353 3902 niam
2382 3862 2490 3902 non
2514 3856 2594 3903 est
2619 3847 2755 3902 alius
2774 3846 3156 3917 omnipotens:
3190 3844 3261 3898 ita
3283 3843 3442 3898 etiam
3467 3856 3587 3898 cum
3614 3855 3792 3910 regem

2211 3938 2458 4005 dicimus,
2506 3952 2612 3993 non
2660 3936 2923 3994 habemus
2965 3952 3100 4009 opus
3141 3935 3241 3991 alia
3285 3934 3606 4005 adiectione,
3654 3931 3794 4002 quod

2212 4046 2320 4086 non
2340 4031 2411 4086 sit
2431 4029 2568 4085 alius
2590 4044 2681 4084 rex
2716 4029 2874 4085 Deus.
2905 4028 3152 4099 Alioquin
3173 4035 3351 4081 autem
3381 4026 3427 4080 is
3454 4026 3545 4095 qui
3575 4024 3625 4078 id
3656 4023 3797 4078 dice.

2212 4119 2305 4175 hat
2341 4135 2435 4176 rex
2462 4129 2598 4175 erat.
2628 4117 2781 4175 Unde
2824 4117 3027 4174 clarum
3071 4126 3152 4172 est
3181 4130 3302 4170 eum
3346 4128 3452 4168 non
3487 4112 3556 4168 de
3582 4113 3798 4167 homine

2212 4211 2413 4277 dicere,
2462 4210 2557 4266 sed
2584 4209 2652 4266 de
2680 4210 2790 4264 Deo
2832 4208 3235 4271 universorum;
3287 4213 3343 4257 ct
3382 4201 3503 4258 ideo
3532 4218 3639 4258 non
3670 4204 3799 4259 dixit

2211 4311 2428 4377 paula,
2450 4301 2544 4359 sed
2570 4311 2638 4374 τῷ
2657 4307 2873 4373 βασιλῆ,
2903 4294 3201 4366 adiectione
3239 4292 3450 4348 articuli
3472 4294 3796 4363 peculiarem
3878 4278 3891 4287 ’

2212 4397 2628 4454 dominationem
2652 4391 2963 4450 ostendens.

2282 4491 2338 4546 2.
2380 4488 2578 4545 Deinde
2598 4499 2782 4541 rursus
2801 4482 3080 4539 declarans
3107 4494 3229 4552 qute
3247 4477 3515 4544 dicuntur,
3546 4493 3651 4533 non
3673 4492 3795 4534 esse

2213 4582 2282 4638 ab
2310 4581 2527 4637 homine
2551 4576 2869 4648 excogitata,
2901 4574 3150 4630 meditata
3181 4584 3236 4629 et
3258 4575 3553 4644 composita
3572 4612 3587 4636 ,
3619 4570 3714 4626 sed
3737 4586 3799 4625 ea

2212 4691 2332 4732 esse
2356 4674 2548 4731 divinae
2575 4670 2779 4745 gratim,
2807 4680 2858 4726 et
2879 4682 2939 4724 se
2960 4675 3164 4723 tantum
3188 4665 3420 4735 linguam
3450 4663 3530 4719 eis
3558 4675 3801 4717 commo-

2210 4769 2390 4836 dasse,
2420 4764 2695 4836 subiunxit
2722 4780 2738 4819 :
2760 4760 2960 4834 Lingua
2980 4775 3093 4814 mea
3116 4757 3342 4812 calamus
3365 4754 3544 4810 scriba
3569 4752 3806 4807 velociter

2211 4859 2492 4917 scribentis.
2523 4856 2773 4913 Calamus
2792 4864 2972 4908 autem
2996 4864 3058 4905 ea
3074 4848 3279 4913 scribit,
3307 4860 3427 4916 quae
3448 4844 3598 4915 iubet
3613 4858 3804 4900 manus

2210 4954 2328 5026 eius
2352 4951 2442 5023 qui
2472 4964 2595 5006 eum
2624 4955 2790 5004 tenet.
2821 4943 2975 5000 Alius
3002 4948 3181 4996 autem
3208 4938 3359 5001 dicit,
3391 4935 3591 5026 Lingua
3617 4946 3802 5026 meant

2210 5024 2374 5118 stylus
2394 5041 2571 5099 scriba
2596 5038 2791 5096 celeris.
2823 5033 2961 5105 Quid
3001 5032 3101 5088 sibi
3132 5029 3244 5087 vult
3282 5026 3413 5084 illud
3430 5068 3448 5095 ,
3479 5024 3708 5118 Celeris?
3734 5024 3805 5082 Ut

2211 5154 2280 5195 ex
2308 5153 2374 5194 eo
2398 5148 2612 5208 quoque
2649 5129 2901 5189 ostendat
2927 5124 3173 5198 gratiam.
3219 5121 3318 5190 Qui
3345 5119 3489 5176 enim
3511 5117 3709 5189 aliquid
3735 5133 3802 5173 ex

2212 5247 2273 5289 se
2299 5231 2562 5304 prolatum
2590 5225 2844 5296 loquitur,
2870 5219 3049 5277 diﬁ'ert
3072 5227 3126 5273 et
3153 5223 3437 5273 cunctatur
3453 5252 3470 5279 ,
3500 5210 3764 5267 meditans
3782 5251 3801 5279 ,

2212 5301 2575 5394 componens,
2621 5315 2907 5388 impeditus
2936 5308 3303 5383 ignoratione,
3334 5302 3546 5362 inscitia
3576 5311 3632 5359 et
3669 5301 3805 5356 dila-

2211 5392 2397 5483 tione;
2423 5421 2479 5470 et
2503 5411 2666 5469 multa
2692 5414 2819 5466 sunt
2844 5420 2963 5477 qute
2988 5401 3325 5461 velocitatem
3350 5394 3615 5452 sermonis
3632 5392 3803 5448 inter-

2214 5480 2427 5567 turbant
2452 5523 2466 5561 :
2493 5502 2706 5577 quando
2730 5509 2909 5556 autem
2932 5506 3167 5553 mentem
3190 5501 3370 5547 movet
3392 5486 3644 5558 Spiritus,
3672 5480 3804 5537 nihil

2212 5599 2460 5673 estquod
2502 5591 2920 5669 impediat;sed
2961 5592 3102 5645 sicut
3157 5599 3312 5658 aqua:
3365 5582 3634 5652 impetus,
3678 5590 3801 5635 cum

2213 5737 2353 5853 990?)
2382 5734 2511 5787 Plato
2549 5734 2599 5786 in
2623 5729 2829 5796 Apolog.
2855 5722 3063 5777 Socratis
3098 5733 3145 5784 ι).
3189 5717 3272 5779 22,
3290 5723 3342 5778 c,
3371 5716 3425 5767 et
3454 5714 3505 5765 iu
3524 5717 3727 5764 lenone
3750 5721 3800 5773 p.

2279 5834 2370 5863 ,νο
