4064 6206
266 337 369 392 185

267 462 462 520 magno
492 460 795 504 murmure
836 445 1161 518 praecipitat,
1189 430 1564 515 progreditur:
1600 440 1670 494 ita
1715 437 1887 510 gratia

273 538 510 611 Spiritus
537 554 667 594 cum
703 554 901 611 magna
928 538 1202 594 celeritate
1232 530 1490 604 procedit,
1524 531 1702 586 omnia
1734 531 1890 596 levia,

278 633 429 705 plana
448 640 506 687 et
527 629 789 702 expedita
824 628 1122 700 proferens.
1157 622 1357 683 Deinde
1378 623 1481 679 hoc
1507 623 1681 695 ipsum
1708 636 1897 678 rursus

282 739 585 798 expurgans
608 765 624 789 ,
658 732 717 780 et
746 722 1035 779 ostendens
1063 718 1190 774 nihil
1217 732 1336 774 esse
1368 717 1654 771 humanum
1700 730 1885 769 eorum

284 832 397 888 quin
420 816 699 883 dicuntur,
731 812 1009 886 subjungit
1039 811 1126 867 εὖ.
1157 808 1428 883 Speciasus
1450 807 1618 879 [arma
1640 821 1749 877 prie
1776 804 1897 871 ﬁliis

289 908 571 963 hominum.

364 997 554 1054 Versus
578 995 793 1068 quidam
818 995 971 1065 hujus
995 991 1186 1047 Psalmi
1213 991 1281 1045 ad
1302 989 1557 1043 Christum
1578 991 1888 1060 referantur;

292 1106 343 1147 ιιι
371 1109 484 1146 uere
510 1090 669 1162 fuerit
699 1106 900 1160 pauper
928 1086 1180 1144 Christus.
1202 1116 1274 1127 —
1292 1084 1540 1140 Nonnulli
1574 1081 1788 1153 quidem
1810 1081 1894 1135 di-

291 1191 417 1238 cunt
442 1181 550 1236 hoc
578 1178 781 1235 dictum
805 1190 928 1233 esse
950 1177 1017 1233 de
1039 1176 1236 1247 lingua,
1264 1176 1405 1247 qttod
1433 1175 1501 1229 sit
1521 1175 1757 1229 calamus
1779 1186 1898 1242 spe-

290 1274 469 1327 ciosus
496 1269 673 1325 forma
707 1287 721 1324 :
757 1268 887 1322 mihi
939 1276 1118 1323 autem
1160 1267 1369 1321 videtur
1394 1281 1515 1320 eum
1558 1263 1807 1334 deinceps
1834 1261 1900 1318 de

214 1403 218 1407 -
288 1363 510 1420 Christo
530 1363 730 1416 dicere.
752 1359 819 1416 Et
839 1360 958 1414 ideo
973 1359 1112 1415 alius
1133 1372 1347 1428 quoque
1363 1356 1491 1410 dicit
1513 1356 1776 1427 interpres
1801 1353 1896 1425 (a):

292 1453 686 1510 Pulchritudine
713 1460 925 1507 ornatus
945 1466 997 1504 es
1015 1464 1048 1503 a
1070 1448 1194 1519 ﬁliis
1222 1448 1507 1503 hominum.
1542 1446 1730 1517 Magno
1748 1445 1889 1499 enim

290 1547 490 1604 ardore
523 1555 582 1601 et
607 1559 819 1601 summa
844 1544 895 1598 in
930 1558 1054 1600 eum
1082 1541 1365 1597 atii-ctione
1391 1540 1625 1610 percitus
1647 1580 1662 1604 ,
1686 1537 1749 1592 ad
1779 1552 1900 1592 eum

289 1641 563 1698 convertit
599 1640 935 1705 oralionem,
979 1634 1427 1707 quemadmodum
1469 1632 1635 1688 Jacob
1689 1644 1902 1702 quoque

292 1733 554 1789 dicebat:
592 1727 674 1785 Ea:
716 1730 971 1801 germine,
1000 1729 1079 1797 ﬁli
1125 1727 1232 1792 mi,
1272 1723 1545 1779 ascendisti
1565 1741 1582 1785 ;
1615 1722 1903 1777 recumbens
1958 1730 1965 1739 ‘

296 1823 591 1885 dormiuisti
629 1832 683 1875 ut
711 1823 789 1877 leo
817 1821 836 1889 (
863 1818 991 1875 Gen.
1019 1818 1112 1874 49.
1143 1817 1242 1887 9).
1284 1820 1323 1871 Α
1359 1817 1469 1870 Deo
1506 1815 1649 1869 enim
1694 1810 1905 1867 ttﬂiatus

296 1931 416 1973 cum
446 1928 517 1969 eo
542 1912 797 1979 deinceps
828 1910 1083 1979 loquitur,
1114 1916 1170 1963 et
1195 1908 1259 1963 ad
1288 1906 1461 1976 ipsum
1493 1904 1669 1977 dirigit
1700 1903 1903 1959 oratio-

296 2020 438 2062 nem.
482 2004 598 2060 Hoc
623 2013 802 2059 autem
834 2001 962 2057 dicit
987 2014 1094 2054 non
1134 2014 1228 2069 per
1270 1994 1721 2067 comparationem
1751 2011 1764 2046 :
1795 2008 1902 2048 nun

298 2099 438 2154 enim
471 2097 630 2164 dixit,
661 2093 987 2165 Speciosinr,
1018 2092 1135 2156 sed,
1162 2091 1437 2161 Speciosus
1459 2093 1623 2160 forma
1646 2102 1752 2157 pra:
1782 2086 1903 2155 ﬁliis

310 2191 595 2245 hominum.
629 2188 753 2249 llarc
789 2184 1130 2257 pulchritudo
1150 2192 1230 2238 est
1258 2183 1359 2235 alia
1384 2182 1450 2235 ab
1469 2181 1579 2235 illa.
1604 2178 1899 2234 Considera

297 2290 475 2336 autem
496 2278 768 2350 quomodo
795 2276 1027 2349 primum
1056 2275 1307 2346 loquitur,
1331 2272 1397 2328 de
1424 2273 1670 2327 humana:
1701 2279 1905 2325 nutum:

297 2372 660 2444 susceptione.
688 2368 843 2438 Quod
869 2376 1043 2423 autem
1091 2366 1160 2421 de
1196 2380 1258 2419 ea
1302 2364 1548 2436 loquatur
1572 2405 1586 2429 ,
1619 2361 1905 2416 ostendunt

298 2481 416 2537 quae
448 2472 765 2535 sequuntur.
793 2459 927 2517 Cum
971 2460 1113 2515 enim
1154 2456 1413 2519 dixisset,
1440 2455 1709 2526 Speciosus
1740 2457 1905 2525 forma

301 2572 405 2625 pm
442 2556 569 2625 ﬁliis
598 2553 884 2619 hominum,
931 2549 1210 2621 subjunxit
1240 2566 1255 2602 :
1287 2547 1495 2619 Diffusa
1534 2555 1604 2600 cst
1644 2544 1809 2615 gratia
1850 2544 1904 2598 in

301 2650 446 2704 labiis
492 2648 615 2701 tuis.
671 2645 816 2701 Deus
881 2651 1058 2698 autem
1120 2655 1228 2696 non
1272 2639 1431 2695 habet
1475 2639 1505 2693 l.
1526 2638 1611 2694 hia
1641 2679 1654 2702 ,
1699 2637 1793 2693 sed
1840 2636 1908 2692 de

302 2744 553 2797 humana:
618 2747 828 2794 natum:
880 2736 1217 2805 susceptione
1273 2734 1463 2802 agitur.
1515 2731 1666 2788 Alius
1724 2741 1915 2786 autem.

302 2836 569 2902 interpres
608 2829 790 2885 dicens
814 2872 828 2893 ,
877 2826 1064 2896 Refusa
1107 2837 1179 2881 est
1217 2826 1379 2898 gratia
1418 2825 1563 2880 labiis
1610 2823 1709 2877 tuis
1736 2868 1750 2887 ,
1800 2821 1904 2877 hoc

305 2924 424 2981 fecit
466 2923 723 2994 apertius.
748 2919 886 2987 Quid
910 2931 1092 2973 autem
1132 2926 1247 2980 est,
1279 2916 1468 2985 Refusa
1498 2923 1589 2981 est,
1622 2914 1721 2971 nisi
1760 2912 1911 2970 velut.

300 3018 343 3070 si
381 3015 501 3087 quis
534 3014 736 3069 diceret
756 3054 771 3078 ,
801 3012 932 3080 Quae
957 3020 1073 3067 erat
1099 3010 1240 3064 intus
1263 3050 1278 3073 ,
1305 3007 1571 3071 scaturiit,
1594 3006 1905 3062 emanavit?

300 3108 581 3179 Quomodo
603 3121 732 3177 ergo
756 3105 887 3161 dicit
922 3104 1057 3158 alius
1100 3102 1353 3173 propheta
1386 3119 1399 3155 :
1439 3098 1667 3155 Vidimus
1692 3104 1860 3170 ipsum
1885 3138 1903 3165 ,

301 3212 348 3255 et
404 3216 511 3254 non
568 3196 734 3252 habuit
799 3194 1019 3265 speciem
1056 3235 1072 3260 ,
1128 3209 1221 3247 nec
1289 3189 1714 3261 pulchritudinem
1744 3230 1758 3253 ,
1816 3188 1905 3242 sed

301 3292 530 3363 speciem
591 3289 698 3356 ejus
752 3287 1044 3342 indecorum
1078 3328 1094 3353 ,
1149 3284 1448 3361 diminutum
1509 3296 1614 3353 pra:
1652 3282 1772 3351 ﬁliis
1815 3283 1906 3335 ho-

300 3386 503 3440 minum
533 3379 699 3456 (lsai.
730 3382 821 3439 55.
846 3380 906 3437 2.
952 3379 1066 3450 5)?
1104 3377 1218 3433 Non
1266 3377 1393 3432 dicit
1434 3375 1502 3432 de
1537 3374 1894 3439 deformitate,

301 3475 486 3530 absit:
532 3472 626 3529 sed
665 3472 733 3529 de
772 3470 892 3542 ejus
918 3469 1333 3539 contemptione.
1369 3466 1502 3522 Cum
1542 3465 1685 3521 enim
1729 3465 1897 3520 semel

305 3567 596 3620 humanam
647 3571 893 3618 naturam
933 3560 1297 3631 suscepisset,
1350 3572 1702 3628 quaecumque
1745 3566 1921 3612 erant

305 3658 426 3713 vilia
457 3667 513 3713 et
536 3653 929 3712 contemnenda
977 3651 1208 3721 pervasit
1231 3691 1247 3716 ,
1296 3659 1352 3704 ut
1387 3651 1478 3720 qui
1516 3663 1616 3704 nec
1650 3649 1753 3703 sibi
1784 3663 1900 3702 tnu-

305 3761 438 3805 trem
473 3749 711 3819 reginam
737 3745 986 3802 asciverit
1005 3787 1021 3811 ,
1048 3757 1149 3799 nec
1175 3753 1417 3813 tempore
1454 3740 1897 3797 incunabulorum

306 3844 356 3897 in
383 3843 527 3898 lecto
554 3854 722 3897 aureo
748 3839 952 3910 positus
982 3837 1070 3901 sit,
1102 3835 1197 3891 sed
1218 3836 1273 3893 in
1303 3833 1548 3905 praesepi,
1574 3848 1673 3889 nec
1701 3835 1753 3888 in
1786 3848 1899 3889 ma-

305 3935 494 4007 gniﬁca
518 3934 685 3989 domo
704 3932 878 3988 fuerit
902 3929 1178 3998 educatus,
1205 3928 1299 3983 sed
1322 3928 1372 3982 in
1402 3926 1535 3983 labri
1564 3927 1769 3998 lignarii
1799 3926 1900 3979 hu-

304 4026 414 4084 mili
435 4024 759 4081 domuncula
782 4020 948 4095 (Lue.
969 4020 1024 4079 2.
1051 4018 1145 4092 7).
1170 4015 1236 4073 Et
1262 4031 1445 4073 rursus
1470 4030 1593 4072 eum
1613 4015 1903 4086 discipulos

305 4128 638 4183 assumeret,
673 4130 781 4171 non
811 4113 1058 4169 rhetores
1096 4121 1148 4167 et
1179 4108 1528 4180 pltil0$0phos
1568 4107 1776 4177 accepit
1800 4147 1814 4172 ,
1845 4114 1905 4162 et

306 4228 478 4285 reges,
509 4211 604 4267 sed
630 4210 923 4281 piscatores
946 4215 1002 4262 et
1039 4203 1353 4277 publicanos
1379 4199 1400 4273 (
1426 4198 1612 4255 Matth.
1640 4199 1695 4254 4.
1730 4196 1818 4253 ts.
1851 4206 1900 4252 et

306 4309 361 4364 9.
388 4307 498 4377 9):
528 4312 584 4361 et
612 4312 829 4359 tenuem
852 4299 992 4356 hanc
1017 4292 1177 4352 vitam
1210 4292 1648 4367 persequebatur,
1674 4305 1773 4344 nec
1800 4289 1898 4344 do-

308 4414 452 4455 mum
480 4394 710 4461 babens,
742 4407 847 4450 nec
872 4390 1110 4447 vestibus
1137 4386 1384 4460 pretiosis
1413 4384 1648 4449 indutas,
1678 4394 1777 4437 nec
1804 4379 1902 4436 de-

309 4494 460 4548 licata
506 4499 563 4548 et
596 4490 740 4545 lauta
773 4496 958 4542 mensa
1001 4480 1186 4538 fruens
1207 4522 1222 4546 ,
1253 4478 1347 4533 sed
1374 4477 1444 4534 ab
1480 4475 1598 4530 aliis
1628 4473 1859 4529 nutritus
1882 4513 1901 4539 ,

310 4585 520 4655 probris
545 4581 791 4644 aﬂ‘ectus,
819 4580 1170 4644 contemptus,
1197 4571 1397 4643 eiectus
1416 4576 1473 4624 et
1495 4567 1705 4638 fugatus
1728 4564 1749 4637 (
1773 4563 1909 4622 Luc.

309 4678 361 4733 9.
388 4677 460 4736 58
480 4676 521 4747 ).
548 4672 678 4731 [lue
703 4682 885 4727 autem
922 4665 1153 4723 faciebat
1190 4678 1253 4719 ex
1281 4655 1737 4747 superabundauti
1777 4670 1905 4724 qua-

310 4769 430 4824 ιιςιιη
476 4744 635 4837 copia
681 4762 978 4820 humanum
1022 4757 1216 4814 fastum
1255 4751 1596 4810 cotteuluans.
1640 4744 1900 4815 Quoniam

310 4881 435 4937 etgo
460 4864 534 4919 nil
579 4854 920 4931 magniﬁcum
949 4866 1051 4910 nec
1089 4849 1376 4920 gloriosum
1416 4858 1524 4915 prta
1562 4857 1622 4898 se
1655 4838 1898 4904 terebat,

311 4935 405 5014 nec
432 4956 573 5012 ullos
603 4953 839 5010 comites
871 4946 1101 5002 habebat
1123 4985 1138 5008 ,
1178 4956 1278 4997 nec
1303 4936 1561 4996 satellites
1584 4976 1600 5004 ,
1638 4935 1748 4990 imo
1773 4946 1902 4989 vero

311 5062 710 5120 nonnumquam
741 5042 905 5099 etiam
935 5038 1083 5093 solus
1127 5033 1385 5091 circuibat
1408 5071 1422 5096 ,
1452 5031 1593 5086 sicut
1616 5027 1841 5099 quilibet
1867 5039 1902 5080 ο

309 5144 537 5215 populo,
568 5118 861 5211 prapterea
893 5132 981 5187 ille
1007 5128 1222 5199 quidem
1262 5124 1411 5187 dicit,
1454 5120 1681 5176 Vidimus
1706 5118 1897 5188 ipsum,

308 5210 350 5290 et
377 5210 478 5289 non
502 5210 679 5288 habuit
702 5224 944 5297 speciem,
971 5236 1060 5275 nec
1082 5215 1505 5288 pulchritudinem
1532 5228 1552 5268 .°
1573 5210 1660 5266 hic
1685 5218 1861 5265 autem
1881 5248 1899 5275 ,

308 5327 576 5396 Speciem
604 5326 777 5385 {arma
803 5328 908 5387 pm
927 5314 1043 5383 ﬁliis
1067 5311 1323 5365 hominum
1349 5308 1367 5373 l
1386 5306 1513 5361 Isai.
1555 5306 1644 5360 53.
1670 5302 1705 5357 ἓ
1730 5300 1750 5373 )
1776 5316 1791 5367 ;
1823 5301 1869 5355 si
1887 5330 1898 5341 ο

304 5391 558 5491 gitilicaus
596 5409 858 5485 gratiam,
888 5403 1223 5473 sapientiam,
1258 5399 1552 5453 decu-inata
1572 5436 1588 5459 ,
1622 5391 1898 5448 utin-acula.

307 5484 505 5567 iit-inde
533 5484 863 5562 describens
886 5496 999 5565 ejus
1026 5491 1469 5564 pulchritudinem
1500 5487 1665 5543 dicit:
1698 5484 1902 5550 Dlll‘usa

301 5616 367 5660 est
400 5603 570 5679 gratia
588 5600 647 5654 in
672 5591 830 5651 labiis
859 5589 978 5645 tuis.
1006 5587 1166 5642 Vides
1194 5598 1314 5640 eum
1342 5581 1459 5641 hmo
1480 5581 1660 5637 dicere
1700 5578 1768 5633 de
1799 5576 1900 5634 hu.-

298 5668 450 5752 ntatia
494 5693 566 5749 ab
608 5702 679 5744 eo
725 5688 976 5749 suscepta
1022 5676 1243 5733 natura?
1269 5673 1397 5742 Qurc
1436 5681 1522 5729 est
1566 5679 1740 5726 autem
1787 5668 1901 5723 lucc

354 5814 429 5876 (α)
464 5809 664 5874 Aquila.

1463 326 1816 387 exposmo
1854 308 1917 382 tu
1957 324 2275 383 essanun
2316 303 2493 384 tium.

3498 326 3627 381 ἰὲὑι

2005 437 2173 508 gratia
2197 440 2219 489 ‘t
2244 439 2346 493 Per
2373 434 2533 509 quam
2576 437 2793 499 docuit.
2830 451 2925 508 per
2968 453 3125 509 quam
3153 435 3617 496 focitiniraruls»

2000 529 2235 589 Gratiam
2268 532 2352 586 hic
2392 531 2519 586 dicit
2543 573 2557 596 ,
2600 546 2718 586 eam
2745 547 2864 601 qua:
2889 528 3036 586 venit
3055 529 3121 586 ad
3144 544 3411 587 carnem:
3431 528 3598 598 Super

1999 643 2177 698 quem,
2207 626 2375 695 inquit
2395 665 2408 689 ,
2442 625 2625 679 uideris
2640 624 2899 696 Spiritum
2938 623 3315 679 descendentem
3341 632 3596 692 tamquam
3616 643 3637 663 ηε

2001 719 2302 782 columbam,
2326 727 2371 771 et
2396 727 2677 773 manentem
2697 734 2849 788 super
2871 718 3062 788 ipsum,
3095 711 3140 771 is
3160 726 3232 771 est
3260 715 3349 786 qui
3371 714 3627 784 baptizat.

2001 809 2193 883 (Joan.
2232 811 2282 864 1.
2313 810 2442 880 55).
2472 807 2657 865 Omnis
2683 809 2826 864 enim
2857 808 3025 880 gratia
3064 806 3235 864 θῶμα
3258 814 3342 862 est
3382 806 3437 860 in
3462 803 3597 860 illud

2002 904 2256 974 templum
2302 902 2417 956 Non
2438 901 2529 956 dat
2548 902 2689 957 enim
2718 901 2793 958 illi
2812 902 3068 972 Spiritum
3090 903 3143 955 in
3167 912 3416 955 mensura
3440 915 3452 953 :
3484 895 3603 950 Nos

2000 997 2133 1051 enim
2175 995 2240 1050 de
2284 994 2395 1066 ejus
2423 993 2741 1065 plenitudine
2786 994 3071 1065 accepimus
3121 989 3320 1064 (Joan.
3361 992 3423 1045 l.
3448 986 3553 1061 lli)
3580 1005 3604 1051 ‘.

2004 1088 2132 1144 illud
2159 1097 2335 1143 autem
2366 1088 2626 1158 templum
2666 1087 2927 1157 integram
2964 1084 3349 1141 etunirersam
3380 1084 3607 1151 accepit

2004 1182 2251 1252 gratiam.
2316 1181 2432 1236 Hoc
2474 1181 2637 1235 isaias
2677 1192 2891 1248 quoque
2943 1174 3287 1245 significans,
3337 1172 3599 1237 dicebat,

2005 1275 2297 1348 Requiescet
2321 1291 2476 1347 super
2496 1274 2665 1344 ipsum
2695 1270 2922 1343 Spiritus
2948 1268 3210 1341 sapientiai
3232 1277 3277 1321 et
3306 1265 3597 1336 intelling

2006 1368 2091 1422 tia:
2112 1409 2128 1433 ,
2161 1365 2385 1437 Spiritus
2421 1363 2618 1419 consilii
2661 1371 2711 1416 et
2750 1361 2949 1416 virtutis
2970 1399 2987 1426 ,
3031 1358 3258 1429 Spiritus
3292 1356 3517 1413 scientia:
3546 1363 3605 1408 et

2007 1459 2224 1531 pietatis.
2257 1458 2483 1530 Spiritus
2517 1455 2712 1510 timoris
2732 1453 2829 1509 Dei
2852 1451 3079 1523 implebit
3110 1450 3278 1522 ipsum
3309 1448 3473 1523 (.Isai.
3502 1449 3562 1504 11
3580 1487 3594 1496 .

2006 1550 2061 1604 2.
2092 1551 2129 1607 ὅ
2149 1553 2191 1620 ).
2218 1548 2322 1606 Sed
2349 1549 2457 1604 illic
2482 1546 2696 1619 quidem
2717 1554 2800 1602 est
2825 1546 3033 1614 integra
3053 1551 3108 1598 et
3126 1542 3370 1597 universa
3390 1540 3557 1612 gratia
3580 1558 3594 1592 :

2008 1644 2060 1698 in
2088 1642 2395 1699 horninibus
2415 1652 2594 1698 autem
2620 1655 2805 1712 parum
2835 1639 2982 1711 quid,
3014 1645 3069 1695 et
3090 1644 3239 1707 gutta
3269 1651 3334 1691 ex
3360 1634 3449 1714 illa
3473 1648 3597 1705 sta:

2010 1738 2098 1792 tia.
2132 1737 2418 1806 Propterea
2444 1750 2551 1790 non
2579 1733 2732 1801 dixit,
2762 1733 2841 1787 Do
2864 1731 3141 1803 Spiritum,
3164 1728 3282 1795 sed,
3318 1725 3607 1794 E/Tundant

2009 1830 2072 1884 de
2101 1829 2299 1898 Spiritu
2324 1845 2433 1883 tneo
2453 1843 2607 1898 super
2620 1841 2826 1881 omnem
2853 1840 3056 1880 carnem
3082 1821 3254 1895 (Joel.
3286 1819 3342 1874 2.
3371 1818 3503 1889 28).

2080 1924 2134 1979 5.
2168 1923 2278 1977 Hoc
2306 1923 2485 1992 itaque
2527 1919 2727 1974 evenit.
2754 1918 2939 1974 Omnis
2966 1917 3109 1972 enim
3150 1915 3299 1969 orbis
3330 1923 3593 1967 terrarum

2010 2017 2215 2087 accepit
2242 2031 2306 2072 ex
2341 2015 2430 2071 illo
2458 2014 2679 2084 Spiritu.
2707 2012 2910 2082 lncepit
2950 2011 3094 2067 enim
3133 2008 3330 2063 donum
3360 2022 3390 2061 a
3422 2005 3599 2060 Palin-

2009 2112 2146 2166 stina
2178 2152 2194 2176 ,
2246 2109 2508 2181 processit
2563 2116 2741 2163 autem
2796 2106 2851 2160 in
2912 2103 3239 2176 Egyptum,
3278 2101 3331 2156 in
3384 2098 3589 2154 Ptianii.

2009 2202 2166 2268 ciam,
2204 2200 2434 2271 Syriam,
2463 2196 2722 2263 Ciliciam,
2761 2195 3108 2267 Euphratem,
3134 2191 3598 2262 Mesopotamiam,

2009 2292 2422 2363 Cappadociam,
2456 2289 2742 2356 Galatiam,
2780 2286 3079 2360 Scythiam,
3112 2283 3422 2350 Thraciam,
3444 2280 3599 2336 Grae-

2010 2387 2169 2454 ciam,
2205 2384 2463 2451 Galliam,
2490 2382 2717 2449 italiam,
2741 2394 2955 2435 omnem
2987 2379 3208 2451 Libyam
3235 2417 3251 2441 ,
3285 2374 3554 2445 Europam
3578 2411 3597 2437 ,

2009 2478 2211 2545 Asiam,
2264 2476 2317 2530 in
2360 2476 2535 2547 ipsum
2564 2473 2857 2531 Oceanum.
2905 2470 3042 2539 Quid
3092 2467 3314 2538 longiori
3359 2464 3601 2521 oratione

2010 2586 2144 2642 opus
2165 2580 2247 2627 est
2266 2551 2579 2639 iQuantutn
2624 2576 2786 2623 terra:
2839 2565 2921 2620 sol
2965 2562 3449 2633 respicit,tantum
3481 2572 3601 2627 per-

2010 2665 2144 2722 vasit
2170 2664 2285 2718 haec
2308 2664 2476 2735 gratia
2508 2680 2522 2715 :
2558 2670 2614 2716 et
2662 2660 2780 2714 haec
2807 2665 2955 2729 gutta
2976 2669 3039 2710 ac
3067 2652 3209 2710 stilla
3236 2651 3464 2722 Spiritus
3494 2649 3624 2703 im--

2012 2757 2177 2828 [derit
2199 2757 2506 2811 universum
2536 2752 2725 2808 orbem
2758 2759 3021 2805 terrarum
3073 2744 3318 2801 scientia.
3349 2742 3453 2798 Per
3477 2755 3603 2806 eaut

2010 2853 2160 2923 signa
2193 2849 2426 2914 ﬁebant,
2478 2846 2719 2901 omnium
2760 2850 2977 2913 peccata
3027 2831 3605 2894 solvebantur.Gratia

2012 2953 2188 2999 tamen
2220 2957 2338 3012 qua:
2367 2938 2489 2994 data
2521 2947 2603 2993 est
2656 2936 2715 2990 in
2765 2941 2845 2989 tot
2894 2930 3240 3002 regionibus,
3291 2935 3377 2982 est
3422 2924 3598 2994 aliqua

2012 3044 2215 3091 tantum
2248 3046 2373 3103 pars
2398 3040 2453 3086 et
2477 3028 2634 3085 arrha
2663 3025 2811 3083 doni.
2845 3022 2989 3079 Datis
3014 3021 3157 3078 enim
3187 3059 3203 3086 ,
3226 3018 3400 3088 inquit
3453 3018 3599 3086 Apu-

2009 3130 2199 3196 stolus,
2230 3126 2436 3181 arrham
2460 3121 2684 3193 Spiritus
2711 3121 2765 3174 in
2790 3116 3026 3173 cordibus
3053 3110 3289 3181 nostris.(
3306 3109 3363 3164 2.
3393 3106 3513 3164 Cor.
3548 3108 3597 3165 l.

2008 3221 2234 3292 22),hoc
2258 3227 2371 3283 est,
2397 3222 2598 3287 partem
2645 3209 2972 3284 operationis
2990 3249 3005 3275 ,
3034 3204 3266 3277 Spiritus
3296 3204 3439 3258 enim
3485 3215 3597 3256 non

2010 3311 2282 3369 dividitur.
2315 3307 2447 3363 Vide
2473 3315 2653 3361 autem
2682 3311 2914 3375 quantus
2938 3300 3013 3354 sit
3047 3296 3182 3353 lous.
3214 3294 3318 3350 Alii
3341 3293 3474 3349 enim
3505 3308 3594 3361 per

2012 3407 2260 3479 Spiritum
2280 3404 2432 3457 datur
2459 3415 2622 3457 sermo
2644 3395 2940 3467 sapientitc;
2965 3391 3056 3446 alii
3087 3405 3204 3445 vero
3243 3401 3408 3442 sermo
3432 3384 3598 3439 scien-

2010 3475 2094 3556 tia:
2130 3497 2411 3555 secundum
2452 3490 2679 3548 eumdem
2730 3487 3024 3560 Spiritum;
3053 3481 3144 3537 alii
3172 3496 3288 3536 vero
3309 3477 3439 3548 ﬁdes
3466 3515 3481 3541 ,
3508 3475 3599 3528 alii

2009 3594 2190 3668 gratia:
2215 3590 2568 3653 curationum;
2598 3587 2689 3640 alii
2713 3598 2827 3638 vero
2856 3579 3178 3651 operation“
3215 3583 3519 3647 potestatum
3545 3572 3600 3626 in

2008 3690 2180 3745 cadent
2210 3685 2449 3757 Spiritu;
2487 3680 2580 3735 alii
2606 3688 2774 3733 autem
2804 3674 3080 3748 prophetia
3104 3714 3120 3739 ,
3160 3670 3250 3725 alii
3277 3667 3600 3722 discretiones

2009 3783 2297 3855 spirituum,
2327 3776 2413 3832 alii
2444 3792 2628 3849 genera
2657 3774 2946 3843 linguarum
2975 3768 2993 3837 (
3016 3768 3071 3822 1.
3099 3764 3218 3820 Cor.
3252 3762 3339 3819 19.
3369 3758 3528 3816 8.-10
3546 3756 3589 3827 ).

2008 3873 2110 3928 Tot
2136 3871 2272 3927 dona
2307 3870 2365 3925 in
2394 3875 2470 3922 tot
2501 3873 2712 3937 gentes,
2730 3877 2848 3937 qua:
2877 3861 2929 3914 in
2952 3856 3222 3929 baptismo
3249 3860 3495 3922 suscepta
3517 3858 3597 3903 est

2008 3964 2176 4038 gratia
2204 4004 2219 4028 ,
2250 3963 2302 4016 iu
2325 3935 2630 4014 universum
2658 3935 2921 4008 terra'ru-m
2956 3950 3143 4005 orbem
3183 3944 3444 4002 extendit.
3472 3942 3599 3998 Ha-c

2007 4034 2185 4112 autem
2210 4051 2386 4108 nuntia
2414 4048 2538 4103 facit
2565 4044 2704 4101 stilla
2731 4042 2983 4112 Spiritus.
3009 4037 3161 4107 Quod
3187 4036 3329 4095 enim
3355 4034 3497 4091 stilla
3513 4048 3599 4087 cs-

2007 4157 2108 4217 sct,
2136 4143 2432 4202 declaravit
2457 4154 2579 4195 cum
2605 4136 2777 4192 dixit:
2821 4130 3103 4199 Effundam
3145 4127 3209 4183 de
3251 4124 3452 4217 Spiritu
3489 4138 3598 4217 meo

2016 4214 2170 4319 (laet.
2185 4240 2240 4295 2.
2263 4236 2379 4311 28),
2401 4244 2455 4292 et
2477 4247 2599 4289 cum
2630 4228 2838 4285 art-ham
2864 4220 3173 4295 appellarit.
3202 4220 3306 4274 Per
3327 4216 3430 4319 hoc
3451 4214 3595 4271 enim

2007 4306 2208 4393 ciarum
2233 4306 2349 4395 est,
2366 4338 2553 4399 parum
2580 4320 2706 4394 quid
2735 4332 2803 4376 ex
2832 4325 2947 4373 toto
2971 4312 3155 4369 datum
3175 4306 3594 4399 esse.Quocires

2008 4432 2244 4489 Joannes
2269 4395 2482 4495 quoque
2510 4417 2613 4472 hoc
2656 4415 2829 4485 ipsum
2868 4398 3442 4495 signiﬁcans,dicehat
3468 4395 3598 4495 alia:

2008 4489 2317 4597 plenitudine
2358 4489 2468 4586 qius
2512 4526 2611 4565 nos
2650 4520 2821 4563 omnes
2866 4499 3148 4572 accepimus
3176 4494 3357 4570 (locu.
3388 4492 3443 4547 1.
3475 4489 3591 4597 16)Ξ

2005 4581 2079 4676 ex
2100 4633 2166 4675 eo
2192 4610 2334 4686 quod
2358 4581 2455 4676 ,vut
2474 4607 2546 4662 ita
2570 4599 2825 4667 dixerim,
2851 4591 3238 4686 superbum},
3264 4602 3330 4644 es
3359 4600 3426 4642 eo
3453 4581 3593 4655 quod

2008 4680 2380 4771 redund-abat,
2426 4713 2492 4757 ex
2529 4708 2598 4753 eo
2620 4690 2762 4766 quod
2805 4680 3379 4760 supereﬂ‘oudcbatur,
3407 4689 3597 4732 omnes

2006 4800 2331 4877 accepimus.
2372 4791 2664 4854 Considera
2712 4800 2842 4858 ergo
2862 4792 3021 4871 quam
3065 4777 3138 4834 sit
3172 4773 3321 4833 omni
3443 4776 3596 4841 parte

2006 4865 2283 4958 sufﬁciens
2310 4890 2481 4963 gratia
2509 4883 2743 4956 Spiritus
2762 4880 2807 4945 ⁸,
2839 4865 2958 4948 quae
2996 4872 3256 4929 universo
3280 4865 3597 4963 orbi-terra-

2005 5015 2123 5058 rum
2156 4956 2569 5059 tantoiempore
2597 4976 2814 5044 sufﬁcit,
2840 4981 2894 5029 et
2918 4980 3092 5042 neque
3113 4956 3593 5059 ciretunscribitur,

2006 5108 2105 5150 nec
2132 5049 2483 5147 consumitur,
2510 5073 2603 5132 sed
2647 5083 2835 5127 omnes
2859 5063 3075 5138 quidem
3107 5049 3513 5150 impirt‘opibus
3539 5057 3595 5100 et

2005 5184 2172 5261 gratia
2199 5199 2212 5236 :
2239 5179 2355 5250 ipsa
2382 5184 2511 5229 vero
2542 5164 2768 5224 minime
2821 5152 3179 5261 consumitur.
3216 5141 3595 5261 Deindenqtlto:

2009 5231 2154 5335 niam
2212 5231 2407 5327 nomen
2453 5260 2675 5334 spiritus
2725 5251 2889 5329 multa
2945 5242 3163 5303 nomina
3219 5231 3617 5335 completztituc

2009 5320 2181 5440 lunam
2205 5372 2260 5419 et
2303 5320 2526 5428 angellis
2548 5393 2562 5418 ,
2594 5358 2650 5405 et
2686 5320 2863 5402 anima
2889 5382 2905 5407 ,
2930 5349 2985 5393 et
3010 5339 3203 5440 reatus
3228 5320 3592 5440 hocndicltug,
3618 5376 3621 5379 η

2282 5411 2426 5519 alia”)
2450 5490 2465 5515 ,
2488 5411 2788 5512 subiunxit,
2823 5433 2901 5488 De
2935 5427 3290 5519 Spirituimeo.
3322 5411 3594 5519 Quemad-

2007 5508 2378 5617 nio-duuicrgo
2408 5508 2639 5596 hominis
2665 5527 2874 5604 spiritui
2900 5516 3184 5581 intercedit
3213 5527 3337 5571 cum
3376 5508 3592 5567 homine

2075 5713 2090 5745 ί
2129 5718 2245 5771 neg.
2284 5714 2441 5761 unus,
2473 5682 2939 5771 ρᾳεξφέρξςίριε.
2974 5686 3027 5734 Et
3065 5678 3139 5730 sic
3178 5672 3305 5737 legit
3335 5667 3598 5721 continuus

2011 5748 2269 5830 “crucias.
2287 5748 2503 5829 bifidae
2522 5756 2664 5809 lectio
2686 5748 2907 5817 quadrat.
