  <div class='ocr_page' id='page_1' title='image "/cluster/home/n/w/nwhite01/storage/ocr_20150623/55/hvd.32044054086814/183.png"; bbox 0 0 4112 6214; ppageno 0'>
   <div class='ocr_carea' id='block_1_1' title="bbox 445 319 556 381">
    <p class='ocr_par' dir='ltr' id='par_1_1' title="bbox 445 319 556 381">
     <span class='ocr_line' id='line_1_1' title="bbox 445 319 556 381; baseline -0.045 -1"><span class='ocrx_word' id='word_1_1' title='bbox 445 319 556 381; x_wconf 62' lang='grc'><strong>137</strong></span> 
     </span>
    </p>
   </div>
   <div class='ocr_carea' id='block_1_2' title="bbox 443 525 2025 599">
    <p class='ocr_par' dir='ltr' id='par_1_2' title="bbox 443 525 2025 599">
     <span class='ocr_line' id='line_1_2' title="bbox 443 525 2025 599; baseline -0.001 -19"><span class='ocrx_word' id='word_1_2' title='bbox 443 526 679 581; x_wconf 84' lang='lat' dir='ltr'><strong>manenti</strong></span> <span class='ocrx_word' id='word_1_3' title='bbox 719 525 770 582; x_wconf 84' lang='lat' dir='ltr'><strong>iu</strong></span> <span class='ocrx_word' id='word_1_4' title='bbox 801 527 1014 598; x_wconf 86' lang='lat' dir='ltr'><strong>propria</strong></span> <span class='ocrx_word' id='word_1_5' title='bbox 1069 525 1364 599; x_wconf 79' lang='lat' dir='ltr'><strong>hypostasi.</strong></span> <span class='ocrx_word' id='word_1_6' title='bbox 1412 527 1572 598; x_wconf 89' lang='lat' dir='ltr'><strong>quue</strong></span> <span class='ocrx_word' id='word_1_7' title='bbox 1600 526 1796 582; x_wconf 83' lang='lat' dir='ltr'><strong>Paulus</strong></span> <span class='ocrx_word' id='word_1_8' title='bbox 1821 526 2025 596; x_wconf 80' lang='lat' dir='ltr'><strong>signiﬁ-</strong></span> 
     </span>
    </p>
   </div>
   <div class='ocr_carea' id='block_1_3' title="bbox 440 620 2027 689">
    <p class='ocr_par' dir='ltr' id='par_1_3' title="bbox 440 620 2027 689">
     <span class='ocr_line' id='line_1_3' title="bbox 440 620 2027 689; baseline 0.001 -16"><span class='ocrx_word' id='word_1_9' title='bbox 440 636 570 674; x_wconf 87' lang='lat' dir='ltr'><strong>cans</strong></span> <span class='ocrx_word' id='word_1_10' title='bbox 595 620 807 676; x_wconf 80' lang='lat' dir='ltr'><strong>dicebat</strong></span> <span class='ocrx_word' id='word_1_11' title='bbox 836 637 853 675; x_wconf 90' lang='lat'><strong>:</strong></span> <span class='ocrx_word' id='word_1_12' title='bbox 897 621 1022 688; x_wconf 83' lang='lat' dir='ltr'><strong>Quis</strong></span> <span class='ocrx_word' id='word_1_13' title='bbox 1044 622 1186 676; x_wconf 89' lang='lat' dir='ltr'><strong>enim</strong></span> <span class='ocrx_word' id='word_1_14' title='bbox 1208 621 1467 676; x_wconf 81' lang='lat' dir='ltr'><strong>hominum</strong></span> <span class='ocrx_word' id='word_1_15' title='bbox 1496 622 1630 675; x_wconf 87' lang='lat' dir='ltr'><strong>novit</strong></span> <span class='ocrx_word' id='word_1_16' title='bbox 1659 637 1772 689; x_wconf 72' lang='lat' dir='ltr'><strong>qua:</strong></span> <span class='ocrx_word' id='word_1_17' title='bbox 1795 630 1909 675; x_wconf 88' lang='lat' dir='ltr'><strong>sunt</strong></span> <span class='ocrx_word' id='word_1_18' title='bbox 1934 621 2027 674; x_wconf 90' lang='lat' dir='ltr'><strong>ho-</strong></span> 
     </span>
    </p>
   </div>
   <div class='ocr_carea' id='block_1_4' title="bbox 437 711 2025 784">
    <p class='ocr_par' dir='ltr' id='par_1_4' title="bbox 437 711 2025 784">
     <span class='ocr_line' id='line_1_4' title="bbox 437 711 2025 784; baseline 0.001 -20"><span class='ocrx_word' id='word_1_19' title='bbox 437 714 622 776; x_wconf 78' lang='lat' dir='ltr'><strong>minis,</strong></span> <span class='ocrx_word' id='word_1_20' title='bbox 655 714 754 770; x_wconf 87' lang='lat' dir='ltr'><strong>nisi</strong></span> <span class='ocrx_word' id='word_1_21' title='bbox 777 714 984 781; x_wconf 73' lang='lat' dir='ltr'><strong>spiritus</strong></span> <span class='ocrx_word' id='word_1_22' title='bbox 1011 713 1228 768; x_wconf 86' lang='lat' dir='ltr'><strong>hominis</strong></span> <span class='ocrx_word' id='word_1_23' title='bbox 1255 715 1343 784; x_wconf 88' lang='lat' dir='ltr'><strong>qui</strong></span> <span class='ocrx_word' id='word_1_24' title='bbox 1381 716 1432 768; x_wconf 88' lang='lat' dir='ltr'><strong>in</strong></span> <span class='ocrx_word' id='word_1_25' title='bbox 1462 715 1572 783; x_wconf 89' lang='lat' dir='ltr'><strong>ipso</strong></span> <span class='ocrx_word' id='word_1_26' title='bbox 1610 724 1681 767; x_wconf 86' lang='lat' dir='ltr'><strong>est</strong></span> <span class='ocrx_word' id='word_1_27' title='bbox 1707 714 1732 766; x_wconf 71' lang='grc' dir='ltr'><strong><em>Ρ</em></strong></span> <span class='ocrx_word' id='word_1_28' title='bbox 1769 711 1855 766; x_wconf 83' lang='grc' dir='ltr'><strong>Ιια</strong></span> <span class='ocrx_word' id='word_1_29' title='bbox 1875 714 2025 768; x_wconf 88' lang='lat' dir='ltr'><strong>etiam</strong></span> 
     </span>
    </p>
   </div>
   <div class='ocr_carea' id='block_1_5' title="bbox 437 805 2023 880">
    <p class='ocr_par' dir='ltr' id='par_1_5' title="bbox 437 805 2023 880">
     <span class='ocr_line' id='line_1_5' title="bbox 437 805 2023 880; baseline -0.002 -18"><span class='ocrx_word' id='word_1_30' title='bbox 437 824 550 877; x_wconf 78' lang='lat' dir='ltr'><strong>qutc</strong></span> <span class='ocrx_word' id='word_1_31' title='bbox 577 817 694 862; x_wconf 71' lang='lat' dir='ltr'><strong>sunt</strong></span> <span class='ocrx_word' id='word_1_32' title='bbox 711 806 808 862; x_wconf 82' lang='lat' dir='ltr'><strong>Dei</strong></span> <span class='ocrx_word' id='word_1_33' title='bbox 830 847 847 871; x_wconf 90' lang='lat'><strong>,</strong></span> <span class='ocrx_word' id='word_1_34' title='bbox 878 823 1026 862; x_wconf 85' lang='lat' dir='ltr'><strong>nemo</strong></span> <span class='ocrx_word' id='word_1_35' title='bbox 1053 808 1211 876; x_wconf 78' lang='lat' dir='ltr'><strong>novit,</strong></span> <span class='ocrx_word' id='word_1_36' title='bbox 1241 809 1339 862; x_wconf 89' lang='lat' dir='ltr'><strong>nisi</strong></span> <span class='ocrx_word' id='word_1_37' title='bbox 1357 807 1587 878; x_wconf 86' lang='lat' dir='ltr'><strong>Spiritus</strong></span> <span class='ocrx_word' id='word_1_38' title='bbox 1603 807 1695 862; x_wconf 89' lang='lat' dir='ltr'><strong>Dei</strong></span> <span class='ocrx_word' id='word_1_39' title='bbox 1722 805 1799 880; x_wconf 89' lang='grc' dir='ltr'><strong>(Ι.</strong></span> <span class='ocrx_word' id='word_1_40' title='bbox 1827 806 1947 862; x_wconf 86' lang='lat' dir='ltr'><strong>Cor.</strong></span> <span class='ocrx_word' id='word_1_41' title='bbox 1968 806 2023 867; x_wconf 71' lang='grc'><strong>2.</strong></span> 
     </span>
    </p>
   </div>
   <div class='ocr_carea' id='block_1_6' title="bbox 437 901 2020 972">
    <p class='ocr_par' dir='ltr' id='par_1_6' title="bbox 437 901 2020 972">
     <span class='ocr_line' id='line_1_6' title="bbox 437 901 2020 972; baseline -0.001 -16"><span class='ocrx_word' id='word_1_42' title='bbox 437 903 555 972; x_wconf 72' lang='lat' dir='ltr'><strong>ti),</strong></span> <span class='ocrx_word' id='word_1_43' title='bbox 590 918 694 958; x_wconf 88' lang='lat' dir='ltr'><strong>non</strong></span> <span class='ocrx_word' id='word_1_44' title='bbox 724 901 1058 958; x_wconf 77' lang='lat' dir='ltr'><strong>confundens</strong></span> <span class='ocrx_word' id='word_1_45' title='bbox 1090 901 1407 972; x_wconf 85' lang='lat' dir='ltr'><strong>hypostases</strong></span> <span class='ocrx_word' id='word_1_46' title='bbox 1437 914 1532 956; x_wconf 86' lang='lat' dir='ltr'><strong>seu</strong></span> <span class='ocrx_word' id='word_1_47' title='bbox 1565 916 1839 970; x_wconf 79' lang='lat' dir='ltr'><strong>personas,</strong></span> <span class='ocrx_word' id='word_1_48' title='bbox 1861 901 2020 964; x_wconf 87' lang='lat' dir='ltr'><strong>absit;</strong></span> 
     </span>
    </p>
   </div>
   <div class='ocr_carea' id='block_1_7' title="bbox 437 993 2026 1064">
    <p class='ocr_par' dir='ltr' id='par_1_7' title="bbox 437 993 2026 1064">
     <span class='ocr_line' id='line_1_7' title="bbox 437 993 2026 1064; baseline 0.001 -17"><span class='ocrx_word' id='word_1_49' title='bbox 437 994 532 1048; x_wconf 83' lang='lat' dir='ltr'><strong>scd</strong></span> <span class='ocrx_word' id='word_1_50' title='bbox 585 993 914 1050; x_wconf 70' lang='lat' dir='ltr'><strong>nobilitatem</strong></span> <span class='ocrx_word' id='word_1_51' title='bbox 943 993 1174 1064; x_wconf 73' lang='lat' dir='ltr'><strong>Spiritus</strong></span> <span class='ocrx_word' id='word_1_52' title='bbox 1200 993 1526 1064; x_wconf 85' lang='lat' dir='ltr'><strong>signiﬁcans.</strong></span> <span class='ocrx_word' id='word_1_53' title='bbox 1557 994 1761 1062; x_wconf 87' lang='lat' dir='ltr'><strong>Quanta</strong></span> <span class='ocrx_word' id='word_1_54' title='bbox 1793 1008 1920 1063; x_wconf 84' lang='lat' dir='ltr'><strong>ergo</strong></span> <span class='ocrx_word' id='word_1_55' title='bbox 1943 1001 2026 1048; x_wconf 91' lang='lat' dir='ltr'><strong>est</strong></span> 
     </span>
    </p>
   </div>
   <div class='ocr_carea' id='block_1_8' title="bbox 436 1085 2024 1156">
    <p class='ocr_par' dir='ltr' id='par_1_8' title="bbox 436 1085 2024 1156">
     <span class='ocr_line' id='line_1_8' title="bbox 436 1085 2024 1156; baseline -0.002 -15"><span class='ocrx_word' id='word_1_56' title='bbox 436 1087 605 1156; x_wconf 83' lang='lat' dir='ltr'><strong>ipsius</strong></span> <span class='ocrx_word' id='word_1_57' title='bbox 625 1088 816 1142; x_wconf 77' lang='lat' dir='ltr'><strong>anima:</strong></span> <span class='ocrx_word' id='word_1_58' title='bbox 843 1101 965 1142; x_wconf 92' lang='lat' dir='ltr'><strong>cum</strong></span> <span class='ocrx_word' id='word_1_59' title='bbox 992 1087 1162 1156; x_wconf 86' lang='lat' dir='ltr'><strong>scipsa</strong></span> <span class='ocrx_word' id='word_1_60' title='bbox 1185 1087 1491 1153; x_wconf 82' lang='lat' dir='ltr'><strong>consensio,</strong></span> <span class='ocrx_word' id='word_1_61' title='bbox 1518 1095 1658 1140; x_wconf 86' lang='lat' dir='ltr'><strong>tanta</strong></span> <span class='ocrx_word' id='word_1_62' title='bbox 1686 1094 1768 1141; x_wconf 90' lang='lat' dir='ltr'><strong>est</strong></span> <span class='ocrx_word' id='word_1_63' title='bbox 1795 1085 2024 1154; x_wconf 75' lang='lat' dir='ltr'><strong>Spiritus</strong></span> 
     </span>
    </p>
   </div>
   <div class='ocr_carea' id='block_1_9' title="bbox 433 1178 2020 1249">
    <p class='ocr_par' dir='ltr' id='par_1_9' title="bbox 433 1178 2020 1249">
     <span class='ocr_line' id='line_1_9' title="bbox 433 1178 2020 1249; baseline 0 -17"><span class='ocrx_word' id='word_1_64' title='bbox 433 1195 554 1232; x_wconf 81' lang='lat' dir='ltr'><strong>eum</strong></span> <span class='ocrx_word' id='word_1_65' title='bbox 591 1179 747 1233; x_wconf 88' lang='lat' dir='ltr'><strong>Patre</strong></span> <span class='ocrx_word' id='word_1_66' title='bbox 772 1178 1038 1249; x_wconf 89' lang='lat' dir='ltr'><strong>cognatio.</strong></span> <span class='ocrx_word' id='word_1_67' title='bbox 1059 1178 1518 1246; x_wconf 81' lang='lat' dir='ltr'><strong>Quemadmodum</strong></span> <span class='ocrx_word' id='word_1_68' title='bbox 1544 1195 1671 1248; x_wconf 85' lang='lat' dir='ltr'><strong>ergo</strong></span> <span class='ocrx_word' id='word_1_69' title='bbox 1699 1179 1862 1232; x_wconf 88' lang='lat' dir='ltr'><strong>Filius</strong></span> <span class='ocrx_word' id='word_1_70' title='bbox 1886 1194 2020 1249; x_wconf 87' lang='lat' dir='ltr'><strong>quo-</strong></span> 
     </span>
    </p>
   </div>
   <div class='ocr_carea' id='block_1_10' title="bbox 441 1271 2020 1342">
    <p class='ocr_par' dir='ltr' id='par_1_10' title="bbox 441 1271 2020 1342">
     <span class='ocr_line' id='line_1_10' title="bbox 441 1271 2020 1342; baseline 0.003 -20"><span class='ocrx_word' id='word_1_71' title='bbox 441 1285 545 1340; x_wconf 84' lang='lat' dir='ltr'><strong>que</strong></span> <span class='ocrx_word' id='word_1_72' title='bbox 568 1271 762 1326; x_wconf 84' lang='lat' dir='ltr'><strong>dicitur</strong></span> <span class='ocrx_word' id='word_1_73' title='bbox 790 1271 1034 1337; x_wconf 77' lang='lat' dir='ltr'><strong>verbum,</strong></span> <span class='ocrx_word' id='word_1_74' title='bbox 1069 1287 1169 1326; x_wconf 87' lang='lat' dir='ltr'><strong>nec</strong></span> <span class='ocrx_word' id='word_1_75' title='bbox 1196 1282 1277 1326; x_wconf 87' lang='lat' dir='ltr'><strong>est</strong></span> <span class='ocrx_word' id='word_1_76' title='bbox 1318 1282 1492 1327; x_wconf 90' lang='lat' dir='ltr'><strong>tamen</strong></span> <span class='ocrx_word' id='word_1_77' title='bbox 1539 1271 1806 1342; x_wconf 80' lang='lat' dir='ltr'><strong>ejusmodi</strong></span> <span class='ocrx_word' id='word_1_78' title='bbox 1829 1280 1885 1326; x_wconf 93' lang='lat' dir='ltr'><strong>ut</strong></span> <span class='ocrx_word' id='word_1_79' title='bbox 1909 1286 2020 1336; x_wconf 85' lang='lat' dir='ltr'><strong>non</strong></span> 
     </span>
    </p>
   </div>
   <div class='ocr_carea' id='block_1_11' title="bbox 433 1361 2022 1434">
    <p class='ocr_par' dir='ltr' id='par_1_11' title="bbox 433 1361 2022 1434">
     <span class='ocr_line' id='line_1_11' title="bbox 433 1361 2022 1434; baseline 0.004 -20"><span class='ocrx_word' id='word_1_80' title='bbox 433 1362 716 1428; x_wconf 75' lang='lat' dir='ltr'><strong>subsistat,</strong></span> <span class='ocrx_word' id='word_1_81' title='bbox 757 1361 856 1416; x_wconf 85' lang='lat' dir='ltr'><strong>sed-</strong></span> <span class='ocrx_word' id='word_1_82' title='bbox 881 1377 974 1432; x_wconf 89' lang='lat' dir='ltr'><strong>per</strong></span> <span class='ocrx_word' id='word_1_83' title='bbox 1004 1361 1057 1416; x_wconf 87' lang='lat' dir='ltr'><strong><em>id</em></strong></span> <span class='ocrx_word' id='word_1_84' title='bbox 1085 1363 1462 1434; x_wconf 69' lang='lat' dir='ltr'><strong>cognoscimus</strong></span> <span class='ocrx_word' id='word_1_85' title='bbox 1492 1379 1610 1432; x_wconf 66' lang='lat' dir='ltr'><strong>quae</strong></span> <span class='ocrx_word' id='word_1_86' title='bbox 1648 1364 1718 1418; x_wconf 88' lang='lat' dir='ltr'><strong>sit</strong></span> <span class='ocrx_word' id='word_1_87' title='bbox 1754 1363 1869 1432; x_wconf 87' lang='lat' dir='ltr'><strong>ejus</strong></span> <span class='ocrx_word' id='word_1_88' title='bbox 1898 1378 2022 1420; x_wconf 89' lang='lat' dir='ltr'><strong>cum</strong></span> 
     </span>
    </p>
   </div>
   <div class='ocr_carea' id='block_1_12' title="bbox 435 1453 2020 1526">
    <p class='ocr_par' dir='ltr' id='par_1_12' title="bbox 435 1453 2020 1526">
     <span class='ocr_line' id='line_1_12' title="bbox 435 1453 2020 1526; baseline 0.003 -19"><span class='ocrx_word' id='word_1_89' title='bbox 435 1453 593 1509; x_wconf 86' lang='lat' dir='ltr'><strong>Patre</strong></span> <span class='ocrx_word' id='word_1_90' title='bbox 621 1454 1006 1523; x_wconf 9' lang='lat' dir='ltr'><strong>cognatioc-gita</strong></span> <span class='ocrx_word' id='word_1_91' title='bbox 1034 1454 1194 1508; x_wconf 84' lang='lat' dir='ltr'><strong>etiam</strong></span> <span class='ocrx_word' id='word_1_92' title='bbox 1223 1453 1452 1525; x_wconf 89' lang='lat' dir='ltr'><strong>Spiritus</strong></span> <span class='ocrx_word' id='word_1_93' title='bbox 1499 1457 1592 1511; x_wconf 91' lang='lat' dir='ltr'><strong>Dei</strong></span> <span class='ocrx_word' id='word_1_94' title='bbox 1630 1456 1822 1513; x_wconf 86' lang='lat' dir='ltr'><strong>dicitur</strong></span> <span class='ocrx_word' id='word_1_95' title='bbox 1848 1456 2020 1526; x_wconf 86' lang='lat' dir='ltr'><strong>Spiri-</strong></span> 
     </span>
    </p>
   </div>
   <div class='ocr_carea' id='block_1_13' title="bbox 432 1545 2021 1621">
    <p class='ocr_par' dir='ltr' id='par_1_13' title="bbox 432 1545 2021 1621">
     <span class='ocr_line' id='line_1_13' title="bbox 432 1545 2021 1621; baseline 0.006 -25"><span class='ocrx_word' id='word_1_96' title='bbox 432 1555 538 1608; x_wconf 82' lang='lat' dir='ltr'><strong>tus,</strong></span> <span class='ocrx_word' id='word_1_97' title='bbox 572 1561 670 1600; x_wconf 92' lang='lat' dir='ltr'><strong>nec</strong></span> <span class='ocrx_word' id='word_1_98' title='bbox 699 1553 874 1600; x_wconf 89' lang='lat' dir='ltr'><strong>tamen</strong></span> <span class='ocrx_word' id='word_1_99' title='bbox 905 1561 1010 1600; x_wconf 89' lang='lat' dir='ltr'><strong>non</strong></span> <span class='ocrx_word' id='word_1_100' title='bbox 1045 1545 1304 1601; x_wconf 75' lang='lat' dir='ltr'><strong>subsistit.</strong></span> <span class='ocrx_word' id='word_1_101' title='bbox 1327 1547 1396 1601; x_wconf 90' lang='lat' dir='ltr'><strong>Et</strong></span> <span class='ocrx_word' id='word_1_102' title='bbox 1417 1548 1866 1618; x_wconf 78' lang='lat' dir='ltr'><strong>quemadmodum</strong></span> <span class='ocrx_word' id='word_1_103' title='bbox 1887 1566 2021 1621; x_wconf 86' lang='lat' dir='ltr'><strong>quo-</strong></span> 
     </span>
    </p>
   </div>
   <div class='ocr_carea' id='block_1_14' title="bbox 431 1636 2018 1712">
    <p class='ocr_par' dir='ltr' id='par_1_14' title="bbox 431 1636 2018 1712">
     <span class='ocr_line' id='line_1_14' title="bbox 431 1636 2018 1712; baseline 0.005 -22"><span class='ocrx_word' id='word_1_104' title='bbox 431 1636 576 1690; x_wconf 83' lang='lat' dir='ltr'><strong>niam</strong></span> <span class='ocrx_word' id='word_1_105' title='bbox 598 1645 679 1692; x_wconf 87' lang='lat' dir='ltr'><strong>est</strong></span> <span class='ocrx_word' id='word_1_106' title='bbox 700 1638 953 1708; x_wconf 84' lang='lat' dir='ltr'><strong>proprius</strong></span> <span class='ocrx_word' id='word_1_107' title='bbox 967 1652 1028 1692; x_wconf 90' lang='lat' dir='ltr'><strong>ac</strong></span> <span class='ocrx_word' id='word_1_108' title='bbox 1045 1653 1331 1708; x_wconf 86' lang='lat' dir='ltr'><strong>germanus</strong></span> <span class='ocrx_word' id='word_1_109' title='bbox 1346 1638 1517 1695; x_wconf 82' lang='lat' dir='ltr'><strong>Patris</strong></span> <span class='ocrx_word' id='word_1_110' title='bbox 1532 1640 1715 1705; x_wconf 85' lang='lat' dir='ltr'><strong>Filius,</strong></span> <span class='ocrx_word' id='word_1_111' title='bbox 1739 1650 2018 1712; x_wconf 90' lang='lat' dir='ltr'><strong>propterea</strong></span> 
     </span>
    </p>
   </div>
   <div class='ocr_carea' id='block_1_15' title="bbox 436 1729 2019 1806">
    <p class='ocr_par' dir='ltr' id='par_1_15' title="bbox 436 1729 2019 1806">
     <span class='ocr_line' id='line_1_15' title="bbox 436 1729 2019 1806; baseline 0.006 -24"><span class='ocrx_word' id='word_1_112' title='bbox 436 1729 590 1784; x_wconf 69' lang='lat' dir='ltr'><strong>nabis</strong></span> <span class='ocrx_word' id='word_1_113' title='bbox 623 1730 842 1802; x_wconf 75' lang='lat' dir='ltr'><strong>largitur</strong></span> <span class='ocrx_word' id='word_1_114' title='bbox 869 1731 1209 1801; x_wconf 73' lang='lat' dir='ltr'><strong>adoptionem</strong></span> <span class='ocrx_word' id='word_1_115' title='bbox 1251 1731 1478 1787; x_wconf 80' lang='lat' dir='ltr'><strong>ﬁliorum</strong></span> <span class='ocrx_word' id='word_1_116' title='bbox 1509 1750 1522 1788; x_wconf 88' lang='lat'><strong>:</strong></span> <span class='ocrx_word' id='word_1_117' title='bbox 1566 1734 1636 1792; x_wconf 87' lang='lat' dir='ltr'><strong>ita</strong></span> <span class='ocrx_word' id='word_1_118' title='bbox 1666 1734 1824 1789; x_wconf 89' lang='lat' dir='ltr'><strong>etiam</strong></span> <span class='ocrx_word' id='word_1_119' title='bbox 1847 1736 2019 1806; x_wconf 85' lang='lat' dir='ltr'><strong>Spiri-</strong></span> 
     </span>
    </p>
   </div>
   <div class='ocr_carea' id='block_1_16' title="bbox 438 1823 2017 1892">
    <p class='ocr_par' dir='ltr' id='par_1_16' title="bbox 438 1823 2017 1892">
     <span class='ocr_line' id='line_1_16' title="bbox 438 1823 2017 1892; baseline 0.008 -19"><span class='ocrx_word' id='word_1_120' title='bbox 438 1830 539 1884; x_wconf 88' lang='lat' dir='ltr'><strong>tus,</strong></span> <span class='ocrx_word' id='word_1_121' title='bbox 571 1823 822 1892; x_wconf 75' lang='lat' dir='ltr'><strong>qupniam</strong></span> <span class='ocrx_word' id='word_1_122' title='bbox 851 1837 946 1877; x_wconf 86' lang='lat' dir='ltr'><strong>sua</strong></span> <span class='ocrx_word' id='word_1_123' title='bbox 976 1832 1160 1878; x_wconf 79' lang='lat' dir='ltr'><strong>natura</strong></span> <span class='ocrx_word' id='word_1_124' title='bbox 1189 1833 1272 1879; x_wconf 88' lang='lat' dir='ltr'><strong>est</strong></span> <span class='ocrx_word' id='word_1_125' title='bbox 1316 1840 1380 1880; x_wconf 80' lang='lat' dir='ltr'><strong>ex</strong></span> <span class='ocrx_word' id='word_1_126' title='bbox 1426 1826 1525 1886; x_wconf 76' lang='lat' dir='ltr'><strong>Dei.</strong></span> <span class='ocrx_word' id='word_1_127' title='bbox 1546 1827 1860 1892; x_wconf 82' lang='lat' dir='ltr'><strong>substantia,</strong></span> <span class='ocrx_word' id='word_1_128' title='bbox 1880 1828 2017 1885; x_wconf 90' lang='lat' dir='ltr'><strong>dona</strong></span> 
     </span>
    </p>
   </div>
   <div class='ocr_carea' id='block_1_17' title="bbox 435 1913 2016 1989">
    <p class='ocr_par' dir='ltr' id='par_1_17' title="bbox 435 1913 2016 1989">
     <span class='ocr_line' id='line_1_17' title="bbox 435 1913 2016 1989; baseline 0.009 -24"><span class='ocrx_word' id='word_1_129' title='bbox 435 1914 590 1968; x_wconf 76' lang='lat' dir='ltr'><strong>nobis</strong></span> <span class='ocrx_word' id='word_1_130' title='bbox 614 1914 838 1982; x_wconf 68' lang='lat' dir='ltr'><strong>przrbet.</strong></span> <span class='ocrx_word' id='word_1_131' title='bbox 856 1913 988 1969; x_wconf 82' lang='lat' dir='ltr'><strong>Nam</strong></span> <span class='ocrx_word' id='word_1_132' title='bbox 1027 1914 1186 1969; x_wconf 84' lang='lat' dir='ltr'><strong>homo</strong></span> <span class='ocrx_word' id='word_1_133' title='bbox 1215 1931 1425 1986; x_wconf 86' lang='lat' dir='ltr'><strong>quoque</strong></span> <span class='ocrx_word' id='word_1_134' title='bbox 1463 1918 1891 1989; x_wconf 79' lang='lat' dir='ltr'><strong>quandoquidem</strong></span> <span class='ocrx_word' id='word_1_135' title='bbox 1917 1936 2016 1979; x_wconf 83' lang='lat' dir='ltr'><strong>na-</strong></span> 
     </span>
    </p>
   </div>
   <div class='ocr_carea' id='block_1_18' title="bbox 434 2003 2017 2082">
    <p class='ocr_par' dir='ltr' id='par_1_18' title="bbox 434 2003 2017 2082">
     <span class='ocr_line' id='line_1_18' title="bbox 434 2003 2017 2082; baseline 0.004 -25"><span class='ocrx_word' id='word_1_136' title='bbox 434 2015 549 2058; x_wconf 88' lang='lat' dir='ltr'><strong>tura</strong></span> <span class='ocrx_word' id='word_1_137' title='bbox 600 2003 762 2059; x_wconf 82' lang='lat' dir='ltr'><strong>homo</strong></span> <span class='ocrx_word' id='word_1_138' title='bbox 788 2013 905 2070; x_wconf 87' lang='lat' dir='ltr'><strong>est,</strong></span> <span class='ocrx_word' id='word_1_139' title='bbox 945 2005 1064 2060; x_wconf 90' lang='lat' dir='ltr'><strong>ideo</strong></span> <span class='ocrx_word' id='word_1_140' title='bbox 1088 2015 1268 2076; x_wconf 85' lang='lat' dir='ltr'><strong>potest</strong></span> <span class='ocrx_word' id='word_1_141' title='bbox 1309 2007 1541 2064; x_wconf 87' lang='lat' dir='ltr'><strong>hominis</strong></span> <span class='ocrx_word' id='word_1_142' title='bbox 1571 2010 1788 2081; x_wconf 79' lang='lat' dir='ltr'><strong>pingere</strong></span> <span class='ocrx_word' id='word_1_143' title='bbox 1829 2012 2017 2082; x_wconf 39' lang='lat' dir='ltr'><strong>imagis</strong></span> 
     </span>
    </p>
   </div>
   <div class='ocr_carea' id='block_1_19' title="bbox 432 2094 2018 2168">
    <p class='ocr_par' dir='ltr' id='par_1_19' title="bbox 432 2094 2018 2168">
     <span class='ocr_line' id='line_1_19' title="bbox 432 2094 2018 2168; baseline 0.007 -20"><span class='ocrx_word' id='word_1_144' title='bbox 432 2109 576 2149; x_wconf 86' lang='lat' dir='ltr'><strong>nem.</strong></span> <span class='ocrx_word' id='word_1_145' title='bbox 620 2094 899 2168; x_wconf 81' lang='lat' dir='ltr'><strong>Propterea</strong></span> <span class='ocrx_word' id='word_1_146' title='bbox 947 2095 1198 2159; x_wconf 66' lang='lat' dir='ltr'><strong>benedixit</strong></span> <span class='ocrx_word' id='word_1_147' title='bbox 1241 2106 1289 2152; x_wconf 88' lang='lat' dir='ltr'><strong>te</strong></span> <span class='ocrx_word' id='word_1_148' title='bbox 1336 2097 1470 2162; x_wconf 85' lang='lat' dir='ltr'><strong>Deus</strong></span> <span class='ocrx_word' id='word_1_149' title='bbox 1497 2101 1551 2154; x_wconf 87' lang='lat' dir='ltr'><strong>in</strong></span> <span class='ocrx_word' id='word_1_150' title='bbox 1571 2111 1832 2165; x_wconf 81' lang='lat' dir='ltr'><strong>teternum.</strong></span> <span class='ocrx_word' id='word_1_151' title='bbox 1867 2104 2018 2166; x_wconf 80' lang='lat' dir='ltr'><strong>Alius</strong></span> 
     </span>
    </p>
   </div>
   <div class='ocr_carea' id='block_1_20' title="bbox 428 2185 1106 2258">
    <p class='ocr_par' dir='ltr' id='par_1_20' title="bbox 428 2185 1106 2258">
     <span class='ocr_line' id='line_1_20' title="bbox 428 2185 1106 2258; baseline 0.007 -19"><span class='ocrx_word' id='word_1_152' title='bbox 428 2186 552 2242; x_wconf 83' lang='lat' dir='ltr'><strong>dicit</strong></span> <span class='ocrx_word' id='word_1_153' title='bbox 580 2229 594 2253; x_wconf 92' lang='lat'><strong>,</strong></span> <span class='ocrx_word' id='word_1_154' title='bbox 628 2185 801 2258; x_wconf 80' lang='lat' dir='ltr'><strong>Hujus</strong></span> <span class='ocrx_word' id='word_1_155' title='bbox 821 2189 892 2241; x_wconf 81' lang='lat' dir='ltr'><strong>rei</strong></span> <span class='ocrx_word' id='word_1_156' title='bbox 919 2189 1106 2258; x_wconf 72' lang='lat' dir='ltr'><strong>gratia.</strong></span> 
     </span>
    </p>
   </div>
   <div class='ocr_carea' id='block_1_21' title="bbox 500 2278 2016 2358">
    <p class='ocr_par' dir='ltr' id='par_1_21' title="bbox 500 2278 2016 2358">
     <span class='ocr_line' id='line_1_21' title="bbox 500 2278 2016 2358; baseline 0.007 -26"><span class='ocrx_word' id='word_1_157' title='bbox 500 2278 776 2349; x_wconf 76' lang='lat' dir='ltr'><strong>Propheta:</strong></span> <span class='ocrx_word' id='word_1_158' title='bbox 803 2289 850 2333; x_wconf 86' lang='lat' dir='ltr'><strong>et</strong></span> <span class='ocrx_word' id='word_1_159' title='bbox 876 2279 1199 2351; x_wconf 71' lang='lat' dir='ltr'><strong>evangelistat-</strong></span> <span class='ocrx_word' id='word_1_160' title='bbox 1235 2280 1550 2349; x_wconf 67' lang='lat' dir='ltr'><strong>dilferentia.</strong></span> <span class='ocrx_word' id='word_1_161' title='bbox 1595 2315 1666 2324; x_wconf 89' lang='lat'><strong>—</strong></span> <span class='ocrx_word' id='word_1_162' title='bbox 1702 2285 1862 2342; x_wconf 83' lang='lat' dir='ltr'><strong>Vides</strong></span> <span class='ocrx_word' id='word_1_163' title='bbox 1883 2302 2016 2358; x_wconf 78' lang='lat' dir='ltr'><strong>quo-</strong></span> 
     </span>
    </p>
   </div>
   <div class='ocr_carea' id='block_1_22' title="bbox 429 2370 2022 2446">
    <p class='ocr_par' dir='ltr' id='par_1_22' title="bbox 429 2370 2022 2446">
     <span class='ocr_line' id='line_1_22' title="bbox 429 2370 2022 2446; baseline 0.009 -20"><span class='ocrx_word' id='word_1_164' title='bbox 429 2370 590 2427; x_wconf 86' lang='lat' dir='ltr'><strong>modo</strong></span> <span class='ocrx_word' id='word_1_165' title='bbox 631 2387 698 2427; x_wconf 80' lang='lat' dir='ltr'><strong>ex</strong></span> <span class='ocrx_word' id='word_1_166' title='bbox 737 2371 1040 2428; x_wconf 76' lang='lat' dir='ltr'><strong>vehementi</strong></span> <span class='ocrx_word' id='word_1_167' title='bbox 1069 2373 1350 2430; x_wconf 72' lang='lat' dir='ltr'><strong>affectione</strong></span> <span class='ocrx_word' id='word_1_168' title='bbox 1379 2375 1450 2431; x_wconf 88' lang='lat' dir='ltr'><strong>ad</strong></span> <span class='ocrx_word' id='word_1_169' title='bbox 1497 2377 1671 2446; x_wconf 87' lang='lat' dir='ltr'><strong>ipsum</strong></span> <span class='ocrx_word' id='word_1_170' title='bbox 1717 2380 2022 2440; x_wconf 78' lang='lat' dir='ltr'><strong>orationem</strong></span> 
     </span>
    </p>
   </div>
   <div class='ocr_carea' id='block_1_23' title="bbox 426 2463 2016 2540">
    <p class='ocr_par' dir='ltr' id='par_1_23' title="bbox 426 2463 2016 2540">
     <span class='ocr_line' id='line_1_23' title="bbox 426 2463 2016 2540; baseline 0.006 -22"><span class='ocrx_word' id='word_1_171' title='bbox 426 2463 658 2535; x_wconf 72' lang='lat' dir='ltr'><strong>dirigit?</strong></span> <span class='ocrx_word' id='word_1_172' title='bbox 703 2465 774 2519; x_wconf 88' lang='lat' dir='ltr'><strong>Ea</strong></span> <span class='ocrx_word' id='word_1_173' title='bbox 806 2464 872 2523; x_wconf 90' lang='lat' dir='ltr'><strong>de</strong></span> <span class='ocrx_word' id='word_1_174' title='bbox 901 2480 1065 2522; x_wconf 87' lang='lat' dir='ltr'><strong>causa</strong></span> <span class='ocrx_word' id='word_1_175' title='bbox 1113 2465 1248 2524; x_wconf 84' lang='lat' dir='ltr'><strong>alibi,</strong></span> <span class='ocrx_word' id='word_1_176' title='bbox 1287 2482 1503 2538; x_wconf 89' lang='lat' dir='ltr'><strong>quoque</strong></span> <span class='ocrx_word' id='word_1_177' title='bbox 1547 2483 1655 2524; x_wconf 85' lang='lat' dir='ltr'><strong>non</strong></span> <span class='ocrx_word' id='word_1_178' title='bbox 1699 2471 2016 2540; x_wconf 82' lang='lat' dir='ltr'><strong>simpliciter</strong></span> 
     </span>
    </p>
   </div>
   <div class='ocr_carea' id='block_1_24' title="bbox 429 2558 2012 2635">
    <p class='ocr_par' dir='ltr' id='par_1_24' title="bbox 429 2558 2012 2635">
     <span class='ocr_line' id='line_1_24' title="bbox 429 2558 2012 2635; baseline 0.008 -23"><span class='ocrx_word' id='word_1_179' title='bbox 429 2558 604 2627; x_wconf 77' lang='lat' dir='ltr'><strong>futura</strong></span> <span class='ocrx_word' id='word_1_180' title='bbox 633 2558 890 2629; x_wconf 66' lang='lat' dir='ltr'><strong>praedicit,</strong></span> <span class='ocrx_word' id='word_1_181' title='bbox 923 2559 1021 2614; x_wconf 81' lang='lat' dir='ltr'><strong>sed.</strong></span> <span class='ocrx_word' id='word_1_182' title='bbox 1045 2575 1152 2630; x_wconf 74' lang='lat' dir='ltr'><strong>pra:</strong></span> <span class='ocrx_word' id='word_1_183' title='bbox 1175 2574 1233 2616; x_wconf 89' lang='lat' dir='ltr'><strong>se</strong></span> <span class='ocrx_word' id='word_1_184' title='bbox 1263 2559 1443 2617; x_wconf 90' lang='lat' dir='ltr'><strong>ferens</strong></span> <span class='ocrx_word' id='word_1_185' title='bbox 1472 2562 1695 2635; x_wconf 83' lang='lat' dir='ltr'><strong>ﬁguram</strong></span> <span class='ocrx_word' id='word_1_186' title='bbox 1720 2565 1883 2622; x_wconf 82' lang='lat' dir='ltr'><strong>oblati</strong></span> <span class='ocrx_word' id='word_1_187' title='bbox 1905 2569 2012 2624; x_wconf 89' lang='lat' dir='ltr'><strong>cri-</strong></span> 
     </span>
    </p>
   </div>
   <div class='ocr_carea' id='block_1_25' title="bbox 425 2652 2013 2730">
    <p class='ocr_par' dir='ltr' id='par_1_25' title="bbox 425 2652 2013 2730">
     <span class='ocr_line' id='line_1_25' title="bbox 425 2652 2013 2730; baseline 0.008 -25"><span class='ocrx_word' id='word_1_188' title='bbox 425 2653 585 2707; x_wconf 87' lang='lat' dir='ltr'><strong>minis</strong></span> <span class='ocrx_word' id='word_1_189' title='bbox 613 2669 627 2706; x_wconf 88' lang='lat'><strong>:</strong></span> <span class='ocrx_word' id='word_1_190' title='bbox 662 2661 720 2707; x_wconf 88' lang='lat' dir='ltr'><strong>ut</strong></span> <span class='ocrx_word' id='word_1_191' title='bbox 742 2652 956 2724; x_wconf 79' lang='lat' dir='ltr'><strong>quando</strong></span> <span class='ocrx_word' id='word_1_192' title='bbox 978 2653 1110 2710; x_wconf 89' lang='lat' dir='ltr'><strong>dicit</strong></span> <span class='ocrx_word' id='word_1_193' title='bbox 1135 2669 1148 2706; x_wconf 89' lang='lat'><strong>:</strong></span> <span class='ocrx_word' id='word_1_194' title='bbox 1185 2653 1356 2721; x_wconf 82' lang='lat' dir='ltr'><strong>Quare</strong></span> <span class='ocrx_word' id='word_1_195' title='bbox 1377 2655 1694 2726; x_wconf 81' lang='lat' dir='ltr'><strong>fremuerunt</strong></span> <span class='ocrx_word' id='word_1_196' title='bbox 1715 2669 1886 2730; x_wconf 87' lang='lat' dir='ltr'><strong>gentes</strong></span> <span class='ocrx_word' id='word_1_197' title='bbox 1909 2701 1923 2726; x_wconf 94' lang='lat'><strong>,</strong></span> <span class='ocrx_word' id='word_1_198' title='bbox 1965 2670 2013 2716; x_wconf 88' lang='lat' dir='ltr'><strong>et</strong></span> 
     </span>
    </p>
   </div>
   <div class='ocr_carea' id='block_1_26' title="bbox 425 2745 2012 2822">
    <p class='ocr_par' dir='ltr' id='par_1_26' title="bbox 425 2745 2012 2822">
     <span class='ocr_line' id='line_1_26' title="bbox 425 2745 2012 2822; baseline 0.007 -24"><span class='ocrx_word' id='word_1_199' title='bbox 425 2745 602 2817; x_wconf 79' lang='lat' dir='ltr'><strong>populi</strong></span> <span class='ocrx_word' id='word_1_200' title='bbox 633 2745 860 2801; x_wconf 80' lang='lat' dir='ltr'><strong>meditati</strong></span> <span class='ocrx_word' id='word_1_201' title='bbox 887 2756 1004 2802; x_wconf 85' lang='lat' dir='ltr'><strong>sunt</strong></span> <span class='ocrx_word' id='word_1_202' title='bbox 1025 2747 1200 2803; x_wconf 83' lang='lat' dir='ltr'><strong>inania</strong></span> <span class='ocrx_word' id='word_1_203' title='bbox 1226 2747 1396 2820; x_wconf 81' lang='lat' dir='ltr'><strong>(Psal.</strong></span> <span class='ocrx_word' id='word_1_204' title='bbox 1417 2749 1473 2804; x_wconf 75' lang='grc'><strong>2.</strong></span> <span class='ocrx_word' id='word_1_205' title='bbox 1508 2750 1564 2822; x_wconf 78' lang='grc'><strong>1)</strong></span> <span class='ocrx_word' id='word_1_206' title='bbox 1588 2752 1612 2806; x_wconf 72' lang='grc'><strong><em>2</em></strong></span> <span class='ocrx_word' id='word_1_207' title='bbox 1634 2751 1708 2808; x_wconf 92' lang='lat' dir='ltr'><strong>ita</strong></span> <span class='ocrx_word' id='word_1_208' title='bbox 1735 2753 1894 2808; x_wconf 88' lang='lat' dir='ltr'><strong>etiam</strong></span> <span class='ocrx_word' id='word_1_209' title='bbox 1923 2753 2012 2810; x_wconf 86' lang='lat' dir='ltr'><strong>hic</strong></span> 
     </span>
    </p>
   </div>
   <div class='ocr_carea' id='block_1_27' title="bbox 421 2837 2006 2910">
    <p class='ocr_par' dir='ltr' id='par_1_27' title="bbox 421 2837 2006 2910">
     <span class='ocr_line' id='line_1_27' title="bbox 421 2837 2006 2910; baseline 0.004 -18"><span class='ocrx_word' id='word_1_210' title='bbox 421 2852 544 2892; x_wconf 88' lang='lat' dir='ltr'><strong>cum</strong></span> <span class='ocrx_word' id='word_1_211' title='bbox 580 2837 713 2894; x_wconf 85' lang='lat' dir='ltr'><strong>dicit</strong></span> <span class='ocrx_word' id='word_1_212' title='bbox 745 2855 760 2894; x_wconf 89' lang='lat'><strong>:</strong></span> <span class='ocrx_word' id='word_1_213' title='bbox 794 2837 1073 2910; x_wconf 81' lang='lat' dir='ltr'><strong>Propterea</strong></span> <span class='ocrx_word' id='word_1_214' title='bbox 1120 2838 1371 2896; x_wconf 76' lang='lat' dir='ltr'><strong>benedixit</strong></span> <span class='ocrx_word' id='word_1_215' title='bbox 1401 2851 1448 2900; x_wconf 89' lang='lat' dir='ltr'><strong>te</strong></span> <span class='ocrx_word' id='word_1_216' title='bbox 1477 2841 1616 2897; x_wconf 86' lang='lat' dir='ltr'><strong>Deus</strong></span> <span class='ocrx_word' id='word_1_217' title='bbox 1645 2844 1701 2900; x_wconf 85' lang='lat' dir='ltr'><strong>in</strong></span> <span class='ocrx_word' id='word_1_218' title='bbox 1741 2853 2006 2899; x_wconf 63' lang='lat' dir='ltr'><strong>aeternum.</strong></span> 
     </span>
    </p>
   </div>
   <div class='ocr_carea' id='block_1_28' title="bbox 423 2931 2009 3002">
    <p class='ocr_par' dir='ltr' id='par_1_28' title="bbox 423 2931 2009 3002">
     <span class='ocr_line' id='line_1_28' title="bbox 423 2931 2009 3002; baseline 0.006 -20"><span class='ocrx_word' id='word_1_219' title='bbox 423 2931 555 2986; x_wconf 78' lang='lat' dir='ltr'><strong>Cum</strong></span> <span class='ocrx_word' id='word_1_220' title='bbox 582 2931 727 2986; x_wconf 87' lang='lat' dir='ltr'><strong>enim</strong></span> <span class='ocrx_word' id='word_1_221' title='bbox 753 2947 862 2986; x_wconf 86' lang='lat' dir='ltr'><strong>nec</strong></span> <span class='ocrx_word' id='word_1_222' title='bbox 879 2932 946 2986; x_wconf 91' lang='lat' dir='ltr'><strong>dc</strong></span> <span class='ocrx_word' id='word_1_223' title='bbox 967 2931 1084 3002; x_wconf 78' lang='lat' dir='ltr'><strong>ejus</strong></span> <span class='ocrx_word' id='word_1_224' title='bbox 1115 2941 1234 2987; x_wconf 88' lang='lat' dir='ltr'><strong>ortu</strong></span> <span class='ocrx_word' id='word_1_225' title='bbox 1258 2974 1279 2999; x_wconf 92' lang='lat'><strong>,_</strong></span> <span class='ocrx_word' id='word_1_226' title='bbox 1306 2948 1406 2988; x_wconf 82' lang='lat' dir='ltr'><strong>nec</strong></span> <span class='ocrx_word' id='word_1_227' title='bbox 1431 2934 1499 2989; x_wconf 88' lang='lat' dir='ltr'><strong>de</strong></span> <span class='ocrx_word' id='word_1_228' title='bbox 1527 2933 1844 2991; x_wconf 84' lang='lat' dir='ltr'><strong>educatione</strong></span> <span class='ocrx_word' id='word_1_229' title='bbox 1867 2978 1881 3000; x_wconf 95' lang='lat'><strong>,</strong></span> <span class='ocrx_word' id='word_1_230' title='bbox 1908 2951 2009 2992; x_wconf 91' lang='lat' dir='ltr'><strong>nec</strong></span> 
     </span>
    </p>
   </div>
   <div class='ocr_carea' id='block_1_29' title="bbox 424 3023 2005 3100">
    <p class='ocr_par' dir='ltr' id='par_1_29' title="bbox 424 3023 2005 3100">
     <span class='ocr_line' id='line_1_29' title="bbox 424 3023 2005 3100; baseline 0.005 -24"><span class='ocrx_word' id='word_1_231' title='bbox 424 3026 493 3080; x_wconf 81' lang='lat' dir='ltr'><strong>de</strong></span> <span class='ocrx_word' id='word_1_232' title='bbox 519 3023 632 3081; x_wconf 88' lang='lat' dir='ltr'><strong>aliis</strong></span> <span class='ocrx_word' id='word_1_233' title='bbox 655 3025 942 3096; x_wconf 81' lang='lat' dir='ltr'><strong>quidquam</strong></span> <span class='ocrx_word' id='word_1_234' title='bbox 975 3025 1220 3094; x_wconf 80' lang='lat' dir='ltr'><strong>dixisset,</strong></span> <span class='ocrx_word' id='word_1_235' title='bbox 1250 3025 1336 3082; x_wconf 91' lang='lat' dir='ltr'><strong>hic</strong></span> <span class='ocrx_word' id='word_1_236' title='bbox 1363 3026 1538 3082; x_wconf 77' lang='lat' dir='ltr'><strong>obiter</strong></span> <span class='ocrx_word' id='word_1_237' title='bbox 1561 3027 1634 3083; x_wconf 90' lang='lat' dir='ltr'><strong>de</strong></span> <span class='ocrx_word' id='word_1_238' title='bbox 1654 3043 1726 3084; x_wconf 85' lang='lat' dir='ltr'><strong>eo</strong></span> <span class='ocrx_word' id='word_1_239' title='bbox 1749 3029 2005 3100; x_wconf 89' lang='lat' dir='ltr'><strong>loquitur.</strong></span> 
     </span>
    </p>
   </div>
   <div class='ocr_carea' id='block_1_30' title="bbox 425 3118 2006 3192">
    <p class='ocr_par' dir='ltr' id='par_1_30' title="bbox 425 3118 2006 3192">
     <span class='ocr_line' id='line_1_30' title="bbox 425 3118 2006 3192; baseline 0.003 -19"><span class='ocrx_word' id='word_1_240' title='bbox 425 3118 540 3188; x_wconf 84' lang='lat' dir='ltr'><strong>Qua</strong></span> <span class='ocrx_word' id='word_1_241' title='bbox 568 3119 634 3175; x_wconf 88' lang='lat' dir='ltr'><strong>de</strong></span> <span class='ocrx_word' id='word_1_242' title='bbox 661 3121 759 3174; x_wconf 85' lang='lat' dir='ltr'><strong>re?</strong></span> <span class='ocrx_word' id='word_1_243' title='bbox 787 3119 940 3188; x_wconf 86' lang='lat' dir='ltr'><strong>Quod</strong></span> <span class='ocrx_word' id='word_1_244' title='bbox 968 3119 1146 3174; x_wconf 85' lang='lat' dir='ltr'><strong>omnia</strong></span> <span class='ocrx_word' id='word_1_245' title='bbox 1177 3119 1389 3189; x_wconf 87' lang='lat' dir='ltr'><strong>quidem</strong></span> <span class='ocrx_word' id='word_1_246' title='bbox 1424 3121 1606 3178; x_wconf 89' lang='lat' dir='ltr'><strong>dicere</strong></span> <span class='ocrx_word' id='word_1_247' title='bbox 1637 3137 1732 3192; x_wconf 85' lang='lat' dir='ltr'><strong>per</strong></span> <span class='ocrx_word' id='word_1_248' title='bbox 1761 3121 2006 3178; x_wconf 89' lang='lat' dir='ltr'><strong>ordinem</strong></span> 
     </span>
    </p>
   </div>
   <div class='ocr_carea' id='block_1_31' title="bbox 421 3211 2015 3284">
    <p class='ocr_par' dir='ltr' id='par_1_31' title="bbox 421 3211 2015 3284">
     <span class='ocr_line' id='line_1_31' title="bbox 421 3211 2015 3284; baseline 0.004 -17"><span class='ocrx_word' id='word_1_249' title='bbox 421 3222 504 3267; x_wconf 79' lang='lat' dir='ltr'><strong>est</strong></span> <span class='ocrx_word' id='word_1_250' title='bbox 535 3212 983 3284; x_wconf 81' lang='lat' dir='ltr'><strong>cvangelistarum</strong></span> <span class='ocrx_word' id='word_1_251' title='bbox 1009 3253 1022 3277; x_wconf 94' lang='lat'><strong>,</strong></span> <span class='ocrx_word' id='word_1_252' title='bbox 1055 3221 1109 3266; x_wconf 90' lang='lat' dir='ltr'><strong>et</strong></span> <span class='ocrx_word' id='word_1_253' title='bbox 1147 3211 1268 3268; x_wconf 88' lang='lat' dir='ltr'><strong>ideo</strong></span> <span class='ocrx_word' id='word_1_254' title='bbox 1294 3213 1382 3268; x_wconf 84' lang='lat' dir='ltr'><strong>illa</strong></span> <span class='ocrx_word' id='word_1_255' title='bbox 1414 3213 1494 3268; x_wconf 88' lang='lat' dir='ltr'><strong>eis</strong></span> <span class='ocrx_word' id='word_1_256' title='bbox 1539 3215 1871 3280; x_wconf 82' lang='lat' dir='ltr'><strong>reservavit;</strong></span> <span class='ocrx_word' id='word_1_257' title='bbox 1905 3213 2015 3273; x_wconf 83' lang='lat' dir='ltr'><strong>hoc</strong></span> 
     </span>
    </p>
   </div>
   <div class='ocr_carea' id='block_1_32' title="bbox 383 3281 2008 3375">
    <p class='ocr_par' dir='ltr' id='par_1_32' title="bbox 383 3281 2008 3375">
     <span class='ocr_line' id='line_1_32' title="bbox 383 3281 2008 3375; baseline 0.001 -17"><span class='ocrx_word' id='word_1_258' title='bbox 383 3281 564 3359; x_wconf 44' lang='lat' dir='ltr'><strong>Icnim</strong></span> <span class='ocrx_word' id='word_1_259' title='bbox 593 3314 706 3359; x_wconf 84' lang='lat' dir='ltr'><strong>erat</strong></span> <span class='ocrx_word' id='word_1_260' title='bbox 750 3305 984 3360; x_wconf 66' lang='lat' dir='ltr'><strong>cilicium</strong></span> <span class='ocrx_word' id='word_1_261' title='bbox 1031 3303 1242 3358; x_wconf 89' lang='lat' dir='ltr'><strong>illorum</strong></span> <span class='ocrx_word' id='word_1_262' title='bbox 1289 3303 1614 3359; x_wconf 84' lang='lat' dir='ltr'><strong>narrationis</strong></span> <span class='ocrx_word' id='word_1_263' title='bbox 1665 3322 1679 3358; x_wconf 92' lang='lat'><strong>:</strong></span> <span class='ocrx_word' id='word_1_264' title='bbox 1715 3304 2008 3375; x_wconf 72' lang='lat' dir='ltr'><strong>prophetia:</strong></span> 
     </span>
    </p>
   </div>
   <div class='ocr_carea' id='block_1_33' title="bbox 423 3395 2006 3467">
    <p class='ocr_par' dir='ltr' id='par_1_33' title="bbox 423 3395 2006 3467">
     <span class='ocr_line' id='line_1_33' title="bbox 423 3395 2006 3467; baseline 0.003 -18"><span class='ocrx_word' id='word_1_265' title='bbox 423 3413 556 3452; x_wconf 85' lang='lat' dir='ltr'><strong>vero</strong></span> <span class='ocrx_word' id='word_1_266' title='bbox 598 3411 791 3452; x_wconf 85' lang='lat' dir='ltr'><strong>munus</strong></span> <span class='ocrx_word' id='word_1_267' title='bbox 817 3407 934 3461; x_wconf 87' lang='lat' dir='ltr'><strong>est,</strong></span> <span class='ocrx_word' id='word_1_268' title='bbox 971 3404 1151 3465; x_wconf 87' lang='lat' dir='ltr'><strong>partes</strong></span> <span class='ocrx_word' id='word_1_269' title='bbox 1194 3396 1400 3467; x_wconf 86' lang='lat' dir='ltr'><strong>aliquas</strong></span> <span class='ocrx_word' id='word_1_270' title='bbox 1453 3411 1668 3452; x_wconf 87' lang='lat' dir='ltr'><strong>sumere</strong></span> <span class='ocrx_word' id='word_1_271' title='bbox 1691 3438 1704 3462; x_wconf 93' lang='lat'><strong>,</strong></span> <span class='ocrx_word' id='word_1_272' title='bbox 1749 3395 1898 3455; x_wconf 87' lang='lat' dir='ltr'><strong>etde</strong></span> <span class='ocrx_word' id='word_1_273' title='bbox 1927 3397 2006 3453; x_wconf 86' lang='lat' dir='ltr'><strong>eis</strong></span> 
     </span>
    </p>
   </div>
   <div class='ocr_carea' id='block_1_34' title="bbox 423 3486 2004 3558">
    <p class='ocr_par' dir='ltr' id='par_1_34' title="bbox 423 3486 2004 3558">
     <span class='ocr_line' id='line_1_34' title="bbox 423 3486 2004 3558; baseline 0 -18"><span class='ocrx_word' id='word_1_274' title='bbox 423 3487 710 3542; x_wconf 70' lang='lat' dir='ltr'><strong>disserere.</strong></span> <span class='ocrx_word' id='word_1_275' title='bbox 763 3487 832 3542; x_wconf 83' lang='lat' dir='ltr'><strong>Et</strong></span> <span class='ocrx_word' id='word_1_276' title='bbox 871 3487 992 3542; x_wconf 86' lang='lat' dir='ltr'><strong>ideo</strong></span> <span class='ocrx_word' id='word_1_277' title='bbox 1022 3487 1296 3558; x_wconf 68' lang='lat' dir='ltr'><strong>propheta:</strong></span> <span class='ocrx_word' id='word_1_278' title='bbox 1323 3502 1542 3558; x_wconf 81' lang='lat' dir='ltr'><strong>quoque</strong></span> <span class='ocrx_word' id='word_1_279' title='bbox 1565 3486 1666 3542; x_wconf 90' lang='lat' dir='ltr'><strong>hoc</strong></span> <span class='ocrx_word' id='word_1_280' title='bbox 1700 3487 1896 3558; x_wconf 88' lang='lat' dir='ltr'><strong>ubique</strong></span> <span class='ocrx_word' id='word_1_281' title='bbox 1923 3486 2004 3541; x_wconf 79' lang='lat' dir='ltr'><strong>ta-</strong></span> 
     </span>
    </p>
   </div>
   <div class='ocr_carea' id='block_1_35' title="bbox 419 3579 2006 3650">
    <p class='ocr_par' dir='ltr' id='par_1_35' title="bbox 419 3579 2006 3650">
     <span class='ocr_line' id='line_1_35' title="bbox 419 3579 2006 3650; baseline 0.002 -17"><span class='ocrx_word' id='word_1_282' title='bbox 419 3580 610 3634; x_wconf 81' lang='lat' dir='ltr'><strong>oiunt-z</strong></span> <span class='ocrx_word' id='word_1_283' title='bbox 641 3594 762 3633; x_wconf 89' lang='lat' dir='ltr'><strong>nam</strong></span> <span class='ocrx_word' id='word_1_284' title='bbox 797 3594 963 3649; x_wconf 83' lang='lat' dir='ltr'><strong>pauca</strong></span> <span class='ocrx_word' id='word_1_285' title='bbox 989 3583 1240 3650; x_wconf 68' lang='lat' dir='ltr'><strong>quautam</strong></span> <span class='ocrx_word' id='word_1_286' title='bbox 1277 3595 1397 3650; x_wconf 77' lang='lat' dir='ltr'><strong>qua:</strong></span> <span class='ocrx_word' id='word_1_287' title='bbox 1423 3579 1490 3634; x_wconf 90' lang='lat' dir='ltr'><strong>ad</strong></span> <span class='ocrx_word' id='word_1_288' title='bbox 1533 3579 1806 3635; x_wconf 85' lang='lat' dir='ltr'><strong>historiam</strong></span> <span class='ocrx_word' id='word_1_289' title='bbox 1839 3581 2006 3650; x_wconf 85' lang='lat' dir='ltr'><strong>perti-</strong></span> 
     </span>
    </p>
   </div>
   <div class='ocr_carea' id='block_1_36' title="bbox 420 3671 2007 3744">
    <p class='ocr_par' dir='ltr' id='par_1_36' title="bbox 420 3671 2007 3744">
     <span class='ocr_line' id='line_1_36' title="bbox 420 3671 2007 3744; baseline 0.001 -16"><span class='ocrx_word' id='word_1_290' title='bbox 420 3681 572 3737; x_wconf 86' lang='lat' dir='ltr'><strong>nent,</strong></span> <span class='ocrx_word' id='word_1_291' title='bbox 604 3672 904 3744; x_wconf 85' lang='lat' dir='ltr'><strong>injicicntes</strong></span> <span class='ocrx_word' id='word_1_292' title='bbox 935 3681 989 3729; x_wconf 91' lang='lat' dir='ltr'><strong>ct</strong></span> <span class='ocrx_word' id='word_1_293' title='bbox 1015 3673 1393 3727; x_wconf 88' lang='lat' dir='ltr'><strong>adumbrantes</strong></span> <span class='ocrx_word' id='word_1_294' title='bbox 1417 3715 1432 3739; x_wconf 93' lang='lat'><strong>,</strong></span> <span class='ocrx_word' id='word_1_295' title='bbox 1462 3671 1738 3728; x_wconf 89' lang='lat' dir='ltr'><strong>recedunt.</strong></span> <span class='ocrx_word' id='word_1_296' title='bbox 1773 3671 1894 3728; x_wconf 89' lang='lat' dir='ltr'><strong>Ideo</strong></span> <span class='ocrx_word' id='word_1_297' title='bbox 1919 3673 2007 3729; x_wconf 89' lang='lat' dir='ltr'><strong>hic</strong></span> 
     </span>
    </p>
   </div>
   <div class='ocr_carea' id='block_1_37' title="bbox 418 3763 2007 3836">
    <p class='ocr_par' dir='ltr' id='par_1_37' title="bbox 418 3763 2007 3836">
     <span class='ocr_line' id='line_1_37' title="bbox 418 3763 2007 3836; baseline 0.001 -17"><span class='ocrx_word' id='word_1_298' title='bbox 418 3781 654 3836; x_wconf 86' lang='lat' dir='ltr'><strong>quoque,</strong></span> <span class='ocrx_word' id='word_1_299' title='bbox 700 3763 969 3819; x_wconf 70' lang='lat' dir='ltr'><strong>Benedixit</strong></span> <span class='ocrx_word' id='word_1_300' title='bbox 1015 3773 1062 3818; x_wconf 91' lang='lat' dir='ltr'><strong>te</strong></span> <span class='ocrx_word' id='word_1_301' title='bbox 1097 3763 1230 3818; x_wconf 86' lang='lat' dir='ltr'><strong>Deus</strong></span> <span class='ocrx_word' id='word_1_302' title='bbox 1256 3805 1270 3830; x_wconf 95' lang='lat'><strong>,</strong></span> <span class='ocrx_word' id='word_1_303' title='bbox 1303 3763 1510 3834; x_wconf 89' lang='lat' dir='ltr'><strong>inquit,</strong></span> <span class='ocrx_word' id='word_1_304' title='bbox 1535 3765 1590 3818; x_wconf 85' lang='lat' dir='ltr'><strong>in</strong></span> <span class='ocrx_word' id='word_1_305' title='bbox 1618 3772 1863 3818; x_wconf 73' lang='lat' dir='ltr'><strong>aeternum</strong></span> <span class='ocrx_word' id='word_1_306' title='bbox 1890 3806 1904 3830; x_wconf 96' lang='lat'><strong>,</strong></span> <span class='ocrx_word' id='word_1_307' title='bbox 1928 3765 2007 3821; x_wconf 88' lang='lat' dir='ltr'><strong>sic</strong></span> 
     </span>
    </p>
   </div>
   <div class='ocr_carea' id='block_1_38' title="bbox 417 3854 2007 3927">
    <p class='ocr_par' dir='ltr' id='par_1_38' title="bbox 417 3854 2007 3927">
     <span class='ocr_line' id='line_1_38' title="bbox 417 3854 2007 3927; baseline -0.001 -16"><span class='ocrx_word' id='word_1_308' title='bbox 417 3857 700 3912; x_wconf 85' lang='lat' dir='ltr'><strong>declarans</strong></span> <span class='ocrx_word' id='word_1_309' title='bbox 720 3855 836 3927; x_wconf 86' lang='lat' dir='ltr'><strong>ejus</strong></span> <span class='ocrx_word' id='word_1_310' title='bbox 861 3857 1021 3911; x_wconf 83' lang='lat' dir='ltr'><strong>verba</strong></span> <span class='ocrx_word' id='word_1_311' title='bbox 1053 3865 1196 3911; x_wconf 87' lang='lat' dir='ltr'><strong>tanta</strong></span> <span class='ocrx_word' id='word_1_312' title='bbox 1219 3855 1387 3926; x_wconf 80' lang='lat' dir='ltr'><strong>gratia</strong></span> <span class='ocrx_word' id='word_1_313' title='bbox 1417 3855 1583 3915; x_wconf 85' lang='lat' dir='ltr'><strong>fuisse</strong></span> <span class='ocrx_word' id='word_1_314' title='bbox 1609 3855 1788 3925; x_wconf 83' lang='lat' dir='ltr'><strong>plena.</strong></span> <span class='ocrx_word' id='word_1_315' title='bbox 1817 3854 2007 3914; x_wconf 85' lang='lat' dir='ltr'><strong>Consi-</strong></span> 
     </span>
    </p>
   </div>
   <div class='ocr_carea' id='block_1_39' title="bbox 414 3948 2002 4021">
    <p class='ocr_par' dir='ltr' id='par_1_39' title="bbox 414 3948 2002 4021">
     <span class='ocr_line' id='line_1_39' title="bbox 414 3948 2002 4021; baseline 0 -15"><span class='ocrx_word' id='word_1_316' title='bbox 414 3952 544 4006; x_wconf 83' lang='lat' dir='ltr'><strong>dera</strong></span> <span class='ocrx_word' id='word_1_317' title='bbox 586 3965 714 4021; x_wconf 87' lang='lat' dir='ltr'><strong>ergo</strong></span> <span class='ocrx_word' id='word_1_318' title='bbox 748 3951 996 4007; x_wconf 76' lang='lat' dir='ltr'><strong>virtutem</strong></span> <span class='ocrx_word' id='word_1_319' title='bbox 1048 3950 1252 4021; x_wconf 70' lang='lat' dir='ltr'><strong>gratim.</strong></span> <span class='ocrx_word' id='word_1_320' title='bbox 1306 3949 1622 4004; x_wconf 88' lang='lat' dir='ltr'><strong>Deambulat</strong></span> <span class='ocrx_word' id='word_1_321' title='bbox 1679 3948 2002 4020; x_wconf 84' lang='lat' dir='ltr'><strong>quandoque</strong></span> 
     </span>
    </p>
   </div>
   <div class='ocr_carea' id='block_1_40' title="bbox 415 4041 2006 4114">
    <p class='ocr_par' dir='ltr' id='par_1_40' title="bbox 415 4041 2006 4114">
     <span class='ocr_line' id='line_1_40' title="bbox 415 4041 2006 4114; baseline 0.001 -17"><span class='ocrx_word' id='word_1_322' title='bbox 415 4059 585 4114; x_wconf 83' lang='lat' dir='ltr'><strong>prope</strong></span> <span class='ocrx_word' id='word_1_323' title='bbox 605 4058 773 4111; x_wconf 90' lang='lat' dir='ltr'><strong>mare,</strong></span> <span class='ocrx_word' id='word_1_324' title='bbox 801 4054 854 4099; x_wconf 88' lang='lat' dir='ltr'><strong>et</strong></span> <span class='ocrx_word' id='word_1_325' title='bbox 881 4044 1080 4099; x_wconf 76' lang='lat' dir='ltr'><strong>invenit</strong></span> <span class='ocrx_word' id='word_1_326' title='bbox 1101 4042 1361 4098; x_wconf 80' lang='lat' dir='ltr'><strong>laeubnm</strong></span> <span class='ocrx_word' id='word_1_327' title='bbox 1384 4051 1439 4098; x_wconf 88' lang='lat' dir='ltr'><strong>et</strong></span> <span class='ocrx_word' id='word_1_328' title='bbox 1463 4042 1749 4109; x_wconf 81' lang='lat' dir='ltr'><strong>Joannem,</strong></span> <span class='ocrx_word' id='word_1_329' title='bbox 1769 4041 2006 4113; x_wconf 87' lang='lat' dir='ltr'><strong>dicitque</strong></span> 
     </span>
    </p>
   </div>
   <div class='ocr_carea' id='block_1_41' title="bbox 413 4134 2002 4208">
    <p class='ocr_par' dir='ltr' id='par_1_41' title="bbox 413 4134 2002 4208">
     <span class='ocr_line' id='line_1_41' title="bbox 413 4134 2002 4208; baseline -0.001 -18"><span class='ocrx_word' id='word_1_330' title='bbox 413 4137 492 4190; x_wconf 77' lang='lat' dir='ltr'><strong>eis</strong></span> <span class='ocrx_word' id='word_1_331' title='bbox 515 4150 532 4190; x_wconf 84' lang='lat'><strong>:</strong></span> <span class='ocrx_word' id='word_1_332' title='bbox 573 4135 746 4191; x_wconf 81' lang='lat' dir='ltr'><strong>Venite</strong></span> <span class='ocrx_word' id='word_1_333' title='bbox 773 4144 995 4208; x_wconf 83' lang='lat' dir='ltr'><strong>postme,</strong></span> <span class='ocrx_word' id='word_1_334' title='bbox 1025 4145 1072 4190; x_wconf 88' lang='lat' dir='ltr'><strong>et</strong></span> <span class='ocrx_word' id='word_1_335' title='bbox 1099 4137 1284 4206; x_wconf 78' lang='lat' dir='ltr'><strong>faciam</strong></span> <span class='ocrx_word' id='word_1_336' title='bbox 1313 4151 1398 4190; x_wconf 85' lang='lat' dir='ltr'><strong>uos</strong></span> <span class='ocrx_word' id='word_1_337' title='bbox 1419 4137 1694 4205; x_wconf 85' lang='lat' dir='ltr'><strong>piscatores</strong></span> <span class='ocrx_word' id='word_1_338' title='bbox 1722 4134 2002 4196; x_wconf 79' lang='lat' dir='ltr'><strong>hominum.</strong></span> 
     </span>
    </p>
   </div>
   <div class='ocr_carea' id='block_1_42' title="bbox 419 4225 2005 4296">
    <p class='ocr_par' dir='ltr' id='par_1_42' title="bbox 419 4225 2005 4296">
     <span class='ocr_line' id='line_1_42' title="bbox 419 4225 2005 4296; baseline -0.002 -15"><span class='ocrx_word' id='word_1_339' title='bbox 419 4225 512 4281; x_wconf 74' lang='lat' dir='ltr'><strong>Mli</strong></span> <span class='ocrx_word' id='word_1_340' title='bbox 535 4243 650 4282; x_wconf 82' lang='lat' dir='ltr'><strong>vero</strong></span> <span class='ocrx_word' id='word_1_341' title='bbox 679 4236 729 4281; x_wconf 88' lang='lat' dir='ltr'><strong>et</strong></span> <span class='ocrx_word' id='word_1_342' title='bbox 757 4236 902 4296; x_wconf 87' lang='lat' dir='ltr'><strong>patre</strong></span> <span class='ocrx_word' id='word_1_343' title='bbox 927 4236 978 4282; x_wconf 85' lang='lat' dir='ltr'><strong>et</strong></span> <span class='ocrx_word' id='word_1_344' title='bbox 1003 4225 1192 4281; x_wconf 88' lang='lat' dir='ltr'><strong>retibus</strong></span> <span class='ocrx_word' id='word_1_345' title='bbox 1223 4225 1412 4280; x_wconf 74' lang='lat' dir='ltr'><strong>relictis</strong></span> <span class='ocrx_word' id='word_1_346' title='bbox 1432 4264 1452 4290; x_wconf 81' lang='lat'><strong>,</strong></span> <span class='ocrx_word' id='word_1_347' title='bbox 1495 4241 1612 4279; x_wconf 88' lang='lat' dir='ltr'><strong>eum</strong></span> <span class='ocrx_word' id='word_1_348' title='bbox 1647 4225 1846 4294; x_wconf 78' lang='lat' dir='ltr'><strong>sequuti</strong></span> <span class='ocrx_word' id='word_1_349' title='bbox 1885 4234 2005 4279; x_wconf 84' lang='lat' dir='ltr'><strong>sunt</strong></span> 
     </span>
    </p>
   </div>
   <div class='ocr_carea' id='block_1_43' title="bbox 415 4316 2005 4389">
    <p class='ocr_par' dir='ltr' id='par_1_43' title="bbox 415 4316 2005 4389">
     <span class='ocr_line' id='line_1_43' title="bbox 415 4316 2005 4389; baseline -0.001 -16"><span class='ocrx_word' id='word_1_350' title='bbox 415 4319 626 4387; x_wconf 77' lang='lat' dir='ltr'><strong>(Matth.</strong></span> <span class='ocrx_word' id='word_1_351' title='bbox 653 4320 708 4375; x_wconf 72' lang='lat' dir='ltr'><strong>tt.</strong></span> <span class='ocrx_word' id='word_1_352' title='bbox 738 4318 830 4373; x_wconf 59' lang='lat' dir='ltr'><strong>ﬁt.</strong></span> <span class='ocrx_word' id='word_1_353' title='bbox 859 4317 988 4389; x_wconf 58' lang='grc' dir='ltr'><strong>ἓξ).</strong></span> <span class='ocrx_word' id='word_1_354' title='bbox 1026 4316 1231 4373; x_wconf 84' lang='lat' dir='ltr'><strong>Deinde</strong></span> <span class='ocrx_word' id='word_1_355' title='bbox 1259 4317 1422 4372; x_wconf 89' lang='lat' dir='ltr'><strong>etiam</strong></span> <span class='ocrx_word' id='word_1_356' title='bbox 1463 4331 1585 4375; x_wconf 86' lang='lat' dir='ltr'><strong>cum</strong></span> <span class='ocrx_word' id='word_1_357' title='bbox 1633 4316 1759 4370; x_wconf 83' lang='lat' dir='ltr'><strong>alibi</strong></span> <span class='ocrx_word' id='word_1_358' title='bbox 1801 4317 2005 4377; x_wconf 86' lang='lat' dir='ltr'><strong>diceret</strong></span> 
     </span>
    </p>
   </div>
   <div class='ocr_carea' id='block_1_44' title="bbox 413 4408 2003 4481">
    <p class='ocr_par' dir='ltr' id='par_1_44' title="bbox 413 4408 2003 4481">
     <span class='ocr_line' id='line_1_44' title="bbox 413 4408 2003 4481; baseline -0.001 -17"><span class='ocrx_word' id='word_1_359' title='bbox 413 4413 662 4468; x_wconf 74' lang='lat' dir='ltr'><strong>omnibus</strong></span> <span class='ocrx_word' id='word_1_360' title='bbox 685 4411 948 4481; x_wconf 85' lang='lat' dir='ltr'><strong>apostolis</strong></span> <span class='ocrx_word' id='word_1_361' title='bbox 981 4427 992 4461; x_wconf 88' lang='lat'><strong>:</strong></span> <span class='ocrx_word' id='word_1_362' title='bbox 1035 4408 1299 4478; x_wconf 84' lang='lat' dir='ltr'><strong>Numquid</strong></span> <span class='ocrx_word' id='word_1_363' title='bbox 1329 4423 1416 4462; x_wconf 83' lang='lat' dir='ltr'><strong>vos</strong></span> <span class='ocrx_word' id='word_1_364' title='bbox 1451 4423 1648 4477; x_wconf 86' lang='lat' dir='ltr'><strong>quoque</strong></span> <span class='ocrx_word' id='word_1_365' title='bbox 1690 4409 1838 4462; x_wconf 84' lang='lat' dir='ltr'><strong>vultis</strong></span> <span class='ocrx_word' id='word_1_366' title='bbox 1864 4425 2003 4463; x_wconf 83' lang='lat' dir='ltr'><strong>rece-</strong></span> 
     </span>
    </p>
   </div>
   <div class='ocr_carea' id='block_1_45' title="bbox 413 4499 2006 4567">
    <p class='ocr_par' dir='ltr' id='par_1_45' title="bbox 413 4499 2006 4567">
     <span class='ocr_line' id='line_1_45' title="bbox 413 4499 2006 4567; baseline -0.003 -9"><span class='ocrx_word' id='word_1_367' title='bbox 413 4507 576 4560; x_wconf 79' lang='lat' dir='ltr'><strong>dere?</strong></span> <span class='ocrx_word' id='word_1_368' title='bbox 625 4505 752 4560; x_wconf 90' lang='lat' dir='ltr'><strong>dicit</strong></span> <span class='ocrx_word' id='word_1_369' title='bbox 803 4505 852 4559; x_wconf 91' lang='lat' dir='ltr'><strong>ei</strong></span> <span class='ocrx_word' id='word_1_370' title='bbox 904 4503 1093 4558; x_wconf 80' lang='lat' dir='ltr'><strong>Petrus</strong></span> <span class='ocrx_word' id='word_1_371' title='bbox 1134 4517 1147 4554; x_wconf 92' lang='lat'>:</span> <span class='ocrx_word' id='word_1_372' title='bbox 1199 4500 1444 4567; x_wconf 67' lang='lat' dir='ltr'><strong>Domine,</strong></span> <span class='ocrx_word' id='word_1_373' title='bbox 1474 4499 1622 4558; x_wconf 82' lang='lat' dir='ltr'><strong>verba</strong></span> <span class='ocrx_word' id='word_1_374' title='bbox 1657 4501 1772 4560; x_wconf 64' lang='lat' dir='ltr'><strong>vita</strong></span> <span class='ocrx_word' id='word_1_375' title='bbox 1802 4510 2006 4558; x_wconf 61' lang='lat' dir='ltr'><strong>(eterna</strong></span> 
     </span>
    </p>
   </div>
   <div class='ocr_carea' id='block_1_46' title="bbox 415 4591 2004 4662">
    <p class='ocr_par' dir='ltr' id='par_1_46' title="bbox 415 4591 2004 4662">
     <span class='ocr_line' id='line_1_46' title="bbox 415 4591 2004 4662; baseline -0.003 -14"><span class='ocrx_word' id='word_1_376' title='bbox 415 4597 588 4662; x_wconf 79' lang='lat' dir='ltr'><strong>habes,</strong></span> <span class='ocrx_word' id='word_1_377' title='bbox 619 4607 667 4650; x_wconf 87' lang='lat' dir='ltr'><strong>et</strong></span> <span class='ocrx_word' id='word_1_378' title='bbox 718 4612 814 4650; x_wconf 83' lang='lat' dir='ltr'><strong>nos</strong></span> <span class='ocrx_word' id='word_1_379' title='bbox 860 4593 1172 4649; x_wconf 76' lang='lat' dir='ltr'><strong>credidimus</strong></span> <span class='ocrx_word' id='word_1_380' title='bbox 1215 4601 1267 4646; x_wconf 90' lang='lat' dir='ltr'><strong>et</strong></span> <span class='ocrx_word' id='word_1_381' title='bbox 1303 4591 1638 4662; x_wconf 68' lang='lat' dir='ltr'><strong>cognovimus,</strong></span> <span class='ocrx_word' id='word_1_382' title='bbox 1665 4591 1802 4661; x_wconf 79' lang='lat' dir='ltr'><strong>quod</strong></span> <span class='ocrx_word' id='word_1_383' title='bbox 1848 4599 1904 4644; x_wconf 91' lang='lat' dir='ltr'><strong>tu</strong></span> <span class='ocrx_word' id='word_1_384' title='bbox 1951 4608 2004 4646; x_wconf 86' lang='lat' dir='ltr'><strong>es</strong></span> 
     </span>
    </p>
   </div>
   <div class='ocr_carea' id='block_1_47' title="bbox 413 4680 2002 4754">
    <p class='ocr_par' dir='ltr' id='par_1_47' title="bbox 413 4680 2002 4754">
     <span class='ocr_line' id='line_1_47' title="bbox 413 4680 2002 4754; baseline -0.002 -13"><span class='ocrx_word' id='word_1_385' title='bbox 413 4688 642 4741; x_wconf 74' lang='lat' dir='ltr'><strong>Christus</strong></span> <span class='ocrx_word' id='word_1_386' title='bbox 663 4686 831 4741; x_wconf 85' lang='lat' dir='ltr'><strong>Filius</strong></span> <span class='ocrx_word' id='word_1_387' title='bbox 860 4685 956 4740; x_wconf 88' lang='lat' dir='ltr'><strong>Dei</strong></span> <span class='ocrx_word' id='word_1_388' title='bbox 976 4686 1072 4739; x_wconf 77' lang='lat' dir='ltr'><strong>rivi</strong></span> <span class='ocrx_word' id='word_1_389' title='bbox 1105 4701 1125 4739; x_wconf 92' lang='lat'><strong><em>:</em></strong></span> <span class='ocrx_word' id='word_1_390' title='bbox 1169 4693 1216 4738; x_wconf 93' lang='lat' dir='ltr'><strong>et</strong></span> <span class='ocrx_word' id='word_1_391' title='bbox 1244 4683 1312 4737; x_wconf 90' lang='lat' dir='ltr'><strong>ad</strong></span> <span class='ocrx_word' id='word_1_392' title='bbox 1338 4698 1486 4751; x_wconf 86' lang='lat' dir='ltr'><strong>quem</strong></span> <span class='ocrx_word' id='word_1_393' title='bbox 1507 4680 1754 4746; x_wconf 85' lang='lat' dir='ltr'><strong>abibimus</strong></span> <span class='ocrx_word' id='word_1_394' title='bbox 1781 4682 1800 4754; x_wconf 96' lang='lat'><strong>(</strong></span> <span class='ocrx_word' id='word_1_395' title='bbox 1841 4681 2002 4750; x_wconf 11' lang='lat' dir='ltr'><strong>Joan‘.</strong></span> 
     </span>
    </p>
   </div>
   <div class='ocr_carea' id='block_1_48' title="bbox 417 4775 2003 4849">
    <p class='ocr_par' dir='ltr' id='par_1_48' title="bbox 417 4775 2003 4849">
     <span class='ocr_line' id='line_1_48' title="bbox 417 4775 2003 4849; baseline -0.001 -16"><span class='ocrx_word' id='word_1_396' title='bbox 417 4784 471 4833; x_wconf 66' lang='lat' dir='ltr'><strong>ti.</strong></span> <span class='ocrx_word' id='word_1_397' title='bbox 506 4778 770 4849; x_wconf 76' lang='lat'><strong>68.-70)?</strong></span> <span class='ocrx_word' id='word_1_398' title='bbox 796 4778 933 4846; x_wconf 84' lang='lat' dir='ltr'><strong>Quid</strong></span> <span class='ocrx_word' id='word_1_399' title='bbox 961 4777 1084 4832; x_wconf 92' lang='lat' dir='ltr'><strong>dico</strong></span> <span class='ocrx_word' id='word_1_400' title='bbox 1109 4775 1444 4846; x_wconf 80' lang='lat' dir='ltr'><strong>discipulos?</strong></span> <span class='ocrx_word' id='word_1_401' title='bbox 1474 4775 1576 4846; x_wconf 88' lang='lat' dir='ltr'><strong>Ipsi</strong></span> <span class='ocrx_word' id='word_1_402' title='bbox 1597 4775 1860 4844; x_wconf 64' lang='lat' dir='ltr'><strong>Pharisaei</strong></span> <span class='ocrx_word' id='word_1_403' title='bbox 1881 4792 2003 4847; x_wconf 85' lang='lat' dir='ltr'><strong>cum</strong></span> 
     </span>
    </p>
   </div>
   <div class='ocr_carea' id='block_1_49' title="bbox 417 4866 2006 4936">
    <p class='ocr_par' dir='ltr' id='par_1_49' title="bbox 417 4866 2006 4936">
     <span class='ocr_line' id='line_1_49' title="bbox 417 4866 2006 4936; baseline 0.002 -12"><span class='ocrx_word' id='word_1_404' title='bbox 417 4871 690 4925; x_wconf 80' lang='lat' dir='ltr'><strong>misissent</strong></span> <span class='ocrx_word' id='word_1_405' title='bbox 738 4869 1047 4936; x_wconf 88' lang='lat' dir='ltr'><strong>ministros,</strong></span> <span class='ocrx_word' id='word_1_406' title='bbox 1076 4867 1364 4926; x_wconf 86' lang='lat' dir='ltr'><strong>audierunt</strong></span> <span class='ocrx_word' id='word_1_407' title='bbox 1405 4881 1509 4927; x_wconf 79' lang='lat' dir='ltr'><strong>eos</strong></span> <span class='ocrx_word' id='word_1_408' title='bbox 1527 4867 1768 4934; x_wconf 82' lang='lat' dir='ltr'><strong>dicentes</strong></span> <span class='ocrx_word' id='word_1_409' title='bbox 1794 4885 1810 4924; x_wconf 90' lang='lat'><strong>:</strong></span> <span class='ocrx_word' id='word_1_410' title='bbox 1835 4866 2006 4927; x_wconf 82' lang='lat' dir='ltr'><strong>Num-</strong></span> 
     </span>
    </p>
   </div>
   <div class='ocr_carea' id='block_1_50' title="bbox 411 4959 1998 5034">
    <p class='ocr_par' dir='ltr' id='par_1_50' title="bbox 411 4959 1998 5034">
     <span class='ocr_line' id='line_1_50' title="bbox 411 4959 1998 5034; baseline 0.001 -17"><span class='ocrx_word' id='word_1_411' title='bbox 411 4980 562 5030; x_wconf 87' lang='lat' dir='ltr'><strong>quam</strong></span> <span class='ocrx_word' id='word_1_412' title='bbox 586 4964 737 5018; x_wconf 91' lang='lat' dir='ltr'><strong>homo</strong></span> <span class='ocrx_word' id='word_1_413' title='bbox 761 4963 834 5018; x_wconf 88' lang='lat' dir='ltr'><strong>sie</strong></span> <span class='ocrx_word' id='word_1_414' title='bbox 866 4963 1226 5033; x_wconf 37' lang='lat' dir='ltr'><strong>loquutustest,</strong></span> <span class='ocrx_word' id='word_1_415' title='bbox 1250 4971 1311 5021; x_wconf 27' lang='lat' dir='ltr'><strong>ut,</strong></span> <span class='ocrx_word' id='word_1_416' title='bbox 1331 4961 1414 5022; x_wconf 76' lang='lat' dir='ltr'><strong>hic</strong></span> <span class='ocrx_word' id='word_1_417' title='bbox 1449 4961 1599 5016; x_wconf 88' lang='lat' dir='ltr'><strong>homo</strong></span> <span class='ocrx_word' id='word_1_418' title='bbox 1627 4959 1788 5034; x_wconf 75' lang='lat' dir='ltr'><strong>(Ibid.</strong></span> <span class='ocrx_word' id='word_1_419' title='bbox 1816 4962 1998 5034; x_wconf 70' lang='lat'><strong>7.46).</strong></span> 
     </span>
    </p>
   </div>
   <div class='ocr_carea' id='block_1_51' title="bbox 416 5051 2002 5132">
    <p class='ocr_par' dir='ltr' id='par_1_51' title="bbox 416 5051 2002 5132">
     <span class='ocr_line' id='line_1_51' title="bbox 416 5051 2002 5132; baseline -0.003 -21"><span class='ocrx_word' id='word_1_420' title='bbox 416 5057 479 5112; x_wconf 67' lang='lat' dir='ltr'><strong>lit</strong></span> <span class='ocrx_word' id='word_1_421' title='bbox 507 5056 594 5110; x_wconf 88' lang='lat' dir='ltr'><strong>alii</strong></span> <span class='ocrx_word' id='word_1_422' title='bbox 649 5069 835 5112; x_wconf 84' lang='lat' dir='ltr'><strong>rursus</strong></span> <span class='ocrx_word' id='word_1_423' title='bbox 861 5053 1108 5110; x_wconf 82' lang='lat' dir='ltr'><strong>dicebant</strong></span> <span class='ocrx_word' id='word_1_424' title='bbox 1130 5094 1152 5119; x_wconf 28' lang='grc' dir='ltr'><strong>,ε</strong></span> <span class='ocrx_word' id='word_1_425' title='bbox 1193 5051 1486 5123; x_wconf 82' lang='lat' dir='ltr'><strong>Numquam</strong></span> <span class='ocrx_word' id='word_1_426' title='bbox 1523 5053 1596 5106; x_wconf 86' lang='lat' dir='ltr'><strong>sic</strong></span> <span class='ocrx_word' id='word_1_427' title='bbox 1628 5051 1808 5132; x_wconf 53' lang='grc' dir='ltr'><strong>ι’ἱιιιηιχ</strong></span> <span class='ocrx_word' id='word_1_428' title='bbox 1829 5061 1902 5107; x_wconf 88' lang='lat' dir='ltr'><strong>est</strong></span> <span class='ocrx_word' id='word_1_429' title='bbox 1949 5053 2002 5106; x_wconf 87' lang='lat' dir='ltr'><strong>in</strong></span> 
     </span>
    </p>
   </div>
   <div class='ocr_carea' id='block_1_52' title="bbox 418 5146 2002 5219">
    <p class='ocr_par' dir='ltr' id='par_1_52' title="bbox 418 5146 2002 5219">
     <span class='ocr_line' id='line_1_52' title="bbox 418 5146 2002 5219; baseline -0.001 -15"><span class='ocrx_word' id='word_1_430' title='bbox 418 5149 604 5204; x_wconf 72' lang='lat' dir='ltr'><strong>Israel.</strong></span> <span class='ocrx_word' id='word_1_431' title='bbox 641 5149 709 5202; x_wconf 84' lang='lat' dir='ltr'><strong>Et</strong></span> <span class='ocrx_word' id='word_1_432' title='bbox 753 5148 1289 5219; x_wconf 80' lang='lat' dir='ltr'><strong>mirabantur,~inquit</strong></span> <span class='ocrx_word' id='word_1_433' title='bbox 1313 5146 1486 5219; x_wconf 75' lang='lat' dir='ltr'><strong>,quod</strong></span> <span class='ocrx_word' id='word_1_434' title='bbox 1525 5163 1611 5202; x_wconf 85' lang='lat' dir='ltr'><strong>eos</strong></span> <span class='ocrx_word' id='word_1_435' title='bbox 1649 5147 1846 5202; x_wconf 88' lang='lat' dir='ltr'><strong>doceret</strong></span> <span class='ocrx_word' id='word_1_436' title='bbox 1873 5158 2002 5210; x_wconf 86' lang='lat' dir='ltr'><strong>tam-</strong></span> 
     </span>
    </p>
   </div>
   <div class='ocr_carea' id='block_1_53' title="bbox 413 5240 2002 5314">
    <p class='ocr_par' dir='ltr' id='par_1_53' title="bbox 413 5240 2002 5314">
     <span class='ocr_line' id='line_1_53' title="bbox 413 5240 2002 5314; baseline 0.001 -20"><span class='ocrx_word' id='word_1_437' title='bbox 413 5259 563 5310; x_wconf 85' lang='lat' dir='ltr'><strong>quam</strong></span> <span class='ocrx_word' id='word_1_438' title='bbox 593 5243 782 5308; x_wconf 76' lang='lat' dir='ltr'><strong>habens</strong></span> <span class='ocrx_word' id='word_1_439' title='bbox 825 5251 1148 5314; x_wconf 89' lang='lat' dir='ltr'><strong>potestatem,</strong></span> <span class='ocrx_word' id='word_1_440' title='bbox 1180 5249 1228 5295; x_wconf 84' lang='lat' dir='ltr'><strong>et</strong></span> <span class='ocrx_word' id='word_1_441' title='bbox 1265 5257 1366 5295; x_wconf 86' lang='lat' dir='ltr'><strong>non</strong></span> <span class='ocrx_word' id='word_1_442' title='bbox 1391 5249 1445 5295; x_wconf 87' lang='lat' dir='ltr'><strong>ut</strong></span> <span class='ocrx_word' id='word_1_443' title='bbox 1470 5240 1648 5308; x_wconf 66' lang='lat' dir='ltr'><strong>scriba;</strong></span> <span class='ocrx_word' id='word_1_444' title='bbox 1685 5241 1914 5310; x_wconf 81' lang='lat' dir='ltr'><strong>ipsorum</strong></span> <span class='ocrx_word' id='word_1_445' title='bbox 1955 5252 2002 5296; x_wconf 89' lang='lat' dir='ltr'><strong>et</strong></span> 
     </span>
    </p>
   </div>
   <div class='ocr_carea' id='block_1_54' title="bbox 417 5328 1986 5406">
    <p class='ocr_par' dir='ltr' id='par_1_54' title="bbox 417 5328 1986 5406">
     <span class='ocr_line' id='line_1_54' title="bbox 417 5328 1986 5406; baseline -0.002 -20"><span class='ocrx_word' id='word_1_446' title='bbox 417 5332 672 5389; x_wconf 59' lang='lat' dir='ltr'><strong>minuset</strong></span> <span class='ocrx_word' id='word_1_447' title='bbox 700 5332 721 5406; x_wconf 85' lang='lat'><strong>(</strong></span> <span class='ocrx_word' id='word_1_448' title='bbox 753 5333 940 5388; x_wconf 79' lang='lat' dir='ltr'><strong>Matth.</strong></span> <span class='ocrx_word' id='word_1_449' title='bbox 969 5334 1024 5390; x_wconf 87' lang='lat'><strong>9.</strong></span> <span class='ocrx_word' id='word_1_450' title='bbox 1041 5335 1130 5388; x_wconf 78' lang='lat'><strong>53.</strong></span> <span class='ocrx_word' id='word_1_451' title='bbox 1162 5342 1208 5388; x_wconf 90' lang='lat' dir='ltr'><strong>et</strong></span> <span class='ocrx_word' id='word_1_452' title='bbox 1233 5333 1286 5388; x_wconf 91' lang='lat'><strong>7.</strong></span> <span class='ocrx_word' id='word_1_453' title='bbox 1313 5331 1406 5398; x_wconf 71' lang='lat'><strong>23.</strong></span> <span class='ocrx_word' id='word_1_454' title='bbox 1438 5328 1553 5403; x_wconf 40' lang='lat'><strong>29)..</strong></span> <span class='ocrx_word' id='word_1_455' title='bbox 1983 5346 1986 5348; x_wconf 53' lang='grc' dir='ltr'><strong>ν</strong></span> 
     </span>
    </p>
   </div>
   <div class='ocr_carea' id='block_1_55' title="bbox 481 5422 2001 5497">
    <p class='ocr_par' dir='ltr' id='par_1_55' title="bbox 481 5422 2001 5497">
     <span class='ocr_line' id='line_1_55' title="bbox 481 5422 2001 5497; baseline -0.002 -16"><span class='ocrx_word' id='word_1_456' title='bbox 481 5429 534 5481; x_wconf 74' lang='grc'><strong>4.</strong></span> <span class='ocrx_word' id='word_1_457' title='bbox 565 5425 622 5482; x_wconf 85' lang='lat' dir='ltr'><strong>Si</strong></span> <span class='ocrx_word' id='word_1_458' title='bbox 648 5427 781 5482; x_wconf 85' lang='lat' dir='ltr'><strong>velis</strong></span> <span class='ocrx_word' id='word_1_459' title='bbox 809 5436 988 5483; x_wconf 81' lang='lat' dir='ltr'><strong>autem</strong></span> <span class='ocrx_word' id='word_1_460' title='bbox 1020 5436 1078 5482; x_wconf 89' lang='lat' dir='ltr'><strong>tu</strong></span> <span class='ocrx_word' id='word_1_461' title='bbox 1103 5440 1314 5497; x_wconf 75' lang='lat' dir='ltr'><strong>quoque</strong></span> <span class='ocrx_word' id='word_1_462' title='bbox 1352 5423 1491 5480; x_wconf 86' lang='lat' dir='ltr'><strong>scire</strong></span> <span class='ocrx_word' id='word_1_463' title='bbox 1517 5422 1740 5494; x_wconf 83' lang='lat' dir='ltr'><strong>gratiam</strong></span> <span class='ocrx_word' id='word_1_464' title='bbox 1765 5463 1782 5490; x_wconf 91' lang='lat'><strong>,</strong></span> <span class='ocrx_word' id='word_1_465' title='bbox 1821 5423 2001 5480; x_wconf 84' lang='lat' dir='ltr'><strong>consi-</strong></span> 
     </span>
    </p>
   </div>
   <div class='ocr_carea' id='block_1_56' title="bbox 413 5513 1998 5589">
    <p class='ocr_par' dir='ltr' id='par_1_56' title="bbox 413 5513 1998 5589">
     <span class='ocr_line' id='line_1_56' title="bbox 413 5513 1998 5589; baseline -0.003 -17"><span class='ocrx_word' id='word_1_466' title='bbox 413 5518 544 5572; x_wconf 71' lang='lat' dir='ltr'><strong>dm</strong></span> <span class='ocrx_word' id='word_1_467' title='bbox 567 5522 748 5588; x_wconf 80' lang='lat' dir='ltr'><strong>quanti</strong></span> <span class='ocrx_word' id='word_1_468' title='bbox 776 5519 883 5574; x_wconf 87' lang='lat' dir='ltr'><strong>sint</strong></span> <span class='ocrx_word' id='word_1_469' title='bbox 907 5518 1161 5589; x_wconf 85' lang='lat' dir='ltr'><strong>ponderis</strong></span> <span class='ocrx_word' id='word_1_470' title='bbox 1179 5528 1233 5574; x_wconf 90' lang='lat' dir='ltr'><strong>et</strong></span> <span class='ocrx_word' id='word_1_471' title='bbox 1259 5515 1516 5586; x_wconf 86' lang='lat' dir='ltr'><strong>momenti</strong></span> <span class='ocrx_word' id='word_1_472' title='bbox 1555 5513 1672 5585; x_wconf 88' lang='lat' dir='ltr'><strong>ejus</strong></span> <span class='ocrx_word' id='word_1_473' title='bbox 1698 5524 1960 5586; x_wconf 74' lang='lat' dir='ltr'><strong>prarcepta</strong></span> <span class='ocrx_word' id='word_1_474' title='bbox 1983 5557 1998 5583; x_wconf 94' lang='lat'><strong>,</strong></span> 
     </span>
    </p>
   </div>
   <div class='ocr_carea' id='block_1_57' title="bbox 413 5608 2000 5681">
    <p class='ocr_par' dir='ltr' id='par_1_57' title="bbox 413 5608 2000 5681">
     <span class='ocr_line' id='line_1_57' title="bbox 413 5608 2000 5681; baseline -0.003 -17"><span class='ocrx_word' id='word_1_475' title='bbox 413 5621 470 5679; x_wconf 86' lang='lat' dir='ltr'><strong>et</strong></span> <span class='ocrx_word' id='word_1_476' title='bbox 497 5610 700 5667; x_wconf 87' lang='lat' dir='ltr'><strong>videbis</strong></span> <span class='ocrx_word' id='word_1_477' title='bbox 724 5610 840 5680; x_wconf 89' lang='lat' dir='ltr'><strong>ejus</strong></span> <span class='ocrx_word' id='word_1_478' title='bbox 868 5611 1180 5680; x_wconf 86' lang='lat' dir='ltr'><strong>potentiam.</strong></span> <span class='ocrx_word' id='word_1_479' title='bbox 1215 5609 1334 5664; x_wconf 80' lang='lat' dir='ltr'><strong>Nisi</strong></span> <span class='ocrx_word' id='word_1_480' title='bbox 1359 5609 1471 5681; x_wconf 89' lang='lat' dir='ltr'><strong>quis</strong></span> <span class='ocrx_word' id='word_1_481' title='bbox 1509 5608 1866 5662; x_wconf 78' lang='lat' dir='ltr'><strong>renuntiaverit</strong></span> <span class='ocrx_word' id='word_1_482' title='bbox 1887 5623 2000 5660; x_wconf 87' lang='lat' dir='ltr'><strong>om-</strong></span> 
     </span>
    </p>
   </div>
   <div class='ocr_carea' id='block_1_58' title="bbox 414 5700 1997 5772">
    <p class='ocr_par' dir='ltr' id='par_1_58' title="bbox 414 5700 1997 5772">
     <span class='ocr_line' id='line_1_58' title="bbox 414 5700 1997 5772; baseline -0.003 -14"><span class='ocrx_word' id='word_1_483' title='bbox 414 5707 582 5769; x_wconf 75' lang='lat' dir='ltr'><strong>nibus,</strong></span> <span class='ocrx_word' id='word_1_484' title='bbox 611 5713 655 5756; x_wconf 92' lang='lat' dir='ltr'><strong>et</strong></span> <span class='ocrx_word' id='word_1_485' title='bbox 680 5712 920 5772; x_wconf 56' lang='lat' dir='ltr'><strong>praeterea</strong></span> <span class='ocrx_word' id='word_1_486' title='bbox 957 5704 1181 5758; x_wconf 86' lang='lat' dir='ltr'><strong>animam</strong></span> <span class='ocrx_word' id='word_1_487' title='bbox 1204 5721 1349 5758; x_wconf 87' lang='lat' dir='ltr'><strong>suam</strong></span> <span class='ocrx_word' id='word_1_488' title='bbox 1373 5702 1490 5756; x_wconf 86' lang='lat' dir='ltr'><strong>odio</strong></span> <span class='ocrx_word' id='word_1_489' title='bbox 1518 5700 1777 5764; x_wconf 88' lang='lat' dir='ltr'><strong>habuerit,</strong></span> <span class='ocrx_word' id='word_1_490' title='bbox 1809 5700 1997 5770; x_wconf 87' lang='lat' dir='ltr'><strong>inquit,</strong></span> 
     </span>
    </p>
   </div>
   <div class='ocr_carea' id='block_1_59' title="bbox 414 5790 1994 5872">
    <p class='ocr_par' dir='ltr' id='par_1_59' title="bbox 414 5790 1994 5872">
     <span class='ocr_line' id='line_1_59' title="bbox 414 5790 1994 5872; baseline -0.005 -20"><span class='ocrx_word' id='word_1_491' title='bbox 414 5813 512 5864; x_wconf 70' lang='lat' dir='ltr'><strong>non</strong></span> <span class='ocrx_word' id='word_1_492' title='bbox 537 5807 606 5854; x_wconf 84' lang='lat' dir='ltr'><strong>est</strong></span> <span class='ocrx_word' id='word_1_493' title='bbox 636 5812 714 5851; x_wconf 89' lang='lat' dir='ltr'><strong>me</strong></span> <span class='ocrx_word' id='word_1_494' title='bbox 741 5795 922 5872; x_wconf 71' lang='lat' dir='ltr'><strong>dignus</strong></span> <span class='ocrx_word' id='word_1_495' title='bbox 949 5793 1100 5867; x_wconf 86' lang='lat' dir='ltr'><strong>(Luc.</strong></span> <span class='ocrx_word' id='word_1_496' title='bbox 1133 5796 1215 5850; x_wconf 78' lang='grc' dir='ltr'><strong>Η.</strong></span> <span class='ocrx_word' id='word_1_497' title='bbox 1245 5796 1341 5858; x_wconf 76' lang='lat'><strong>33&#39;,</strong></span> <span class='ocrx_word' id='word_1_498' title='bbox 1377 5793 1533 5849; x_wconf 70' lang='lat' dir='ltr'><strong>J&#39;oau.</strong></span> <span class='ocrx_word' id='word_1_499' title='bbox 1563 5791 1740 5852; x_wconf 71' lang='lat'><strong>12.25</strong></span> <span class='ocrx_word' id='word_1_500' title='bbox 1766 5807 1780 5859; x_wconf 89' lang='lat'><strong>;</strong></span> <span class='ocrx_word' id='word_1_501' title='bbox 1812 5790 1994 5852; x_wconf 78' lang='lat' dir='ltr'><strong>Matth.</strong></span> 
     </span>
    </p>
   </div>
   <div class='ocr_carea' id='block_1_60' title="bbox 1215 291 3038 381">
    <p class='ocr_par' dir='ltr' id='par_1_60' title="bbox 1215 291 3038 381">
     <span class='ocr_line' id='line_1_60' title="bbox 1215 291 3038 381; baseline 0.001 -5"><span class='ocrx_word' id='word_1_502' title='bbox 1215 291 1280 376; x_wconf 33' lang='lat'><strong>5..</strong></span> <span class='ocrx_word' id='word_1_503' title='bbox 1304 317 1583 376; x_wconf 74' lang='lat' dir='ltr'><strong>JOANNIS</strong></span> <span class='ocrx_word' id='word_1_504' title='bbox 1620 313 2100 376; x_wconf 75' lang='lat' dir='ltr'><strong>CIIRYSOSTOMI</strong></span> <span class='ocrx_word' id='word_1_505' title='bbox 2139 319 2460 377; x_wconf 78' lang='lat' dir='ltr'><strong>ARCHIEP.</strong></span> <span class='ocrx_word' id='word_1_506' title='bbox 2501 321 3038 381; x_wconf 75' lang='lat' dir='ltr'><strong>CONSTANTINOP.</strong></span> 
     </span>
    </p>
   </div>
   <div class='ocr_carea' id='block_1_61' title="bbox 440 432 2064 506">
    <p class='ocr_par' dir='ltr' id='par_1_61' title="bbox 440 432 2064 506">
     <span class='ocr_line' id='line_1_61' title="bbox 440 432 2064 506; baseline 0 -18"><span class='ocrx_word' id='word_1_507' title='bbox 440 432 710 504; x_wconf 75' lang='lat' dir='ltr'><strong>cognatio,</strong></span> <span class='ocrx_word' id='word_1_508' title='bbox 736 432 805 488; x_wconf 88' lang='lat' dir='ltr'><strong>ita</strong></span> <span class='ocrx_word' id='word_1_509' title='bbox 833 433 994 490; x_wconf 85' lang='lat' dir='ltr'><strong>etiam</strong></span> <span class='ocrx_word' id='word_1_510' title='bbox 1039 433 1132 490; x_wconf 85' lang='lat' dir='ltr'><strong>Dei</strong></span> <span class='ocrx_word' id='word_1_511' title='bbox 1175 433 1432 506; x_wconf 82' lang='lat' dir='ltr'><strong>Spiritui,</strong></span> <span class='ocrx_word' id='word_1_512' title='bbox 1457 433 1550 490; x_wconf 88' lang='lat' dir='ltr'><strong>sed</strong></span> <span class='ocrx_word' id='word_1_513' title='bbox 1576 435 1623 490; x_wconf 87' lang='lat' dir='ltr'><strong>ei</strong></span> <span class='ocrx_word' id='word_1_514' title='bbox 1655 433 1822 489; x_wconf 85' lang='lat' dir='ltr'><strong>nihilo</strong></span> <span class='ocrx_word' id='word_1_515' title='bbox 1851 434 2025 489; x_wconf 87' lang='lat' dir='ltr'><strong>secius</strong></span> <span class='ocrx_word' id='word_1_516' title='bbox 2061 477 2064 480; x_wconf 89' lang='lat'><strong>.</strong></span> 
     </span>
    </p>
   </div>
   <div class='ocr_carea' id='block_1_62' title="bbox 3613 326 3719 386">
    <p class='ocr_par' dir='ltr' id='par_1_62' title="bbox 3613 326 3719 386">
     <span class='ocr_line' id='line_1_62' title="bbox 3613 326 3719 386; baseline 0.019 -2"><span class='ocrx_word' id='word_1_517' title='bbox 3613 326 3719 386; x_wconf 67' lang='lat'><strong>188</strong></span> 
     </span>
    </p>
   </div>
   <div class='ocr_carea' id='block_1_63' title="bbox 2141 433 3721 512">
    <p class='ocr_par' dir='ltr' id='par_1_63' title="bbox 2141 433 3721 512">
     <span class='ocr_line' id='line_1_63' title="bbox 2141 433 3721 512; baseline 0.008 -25"><span class='ocrx_word' id='word_1_518' title='bbox 2141 433 2228 490; x_wconf 80' lang='lat' dir='ltr'><strong>l0.</strong></span> <span class='ocrx_word' id='word_1_519' title='bbox 2257 433 2344 488; x_wconf 83' lang='lat'><strong>57.</strong></span> <span class='ocrx_word' id='word_1_520' title='bbox 2374 435 2494 506; x_wconf 76' lang='lat'><strong>38).</strong></span> <span class='ocrx_word' id='word_1_521' title='bbox 2537 435 2726 492; x_wconf 88' lang='lat' dir='ltr'><strong>Sermo</strong></span> <span class='ocrx_word' id='word_1_522' title='bbox 2757 447 2930 494; x_wconf 89' lang='lat' dir='ltr'><strong>tamen</strong></span> <span class='ocrx_word' id='word_1_523' title='bbox 2973 447 3173 494; x_wconf 86' lang='lat' dir='ltr'><strong>tantum</strong></span> <span class='ocrx_word' id='word_1_524' title='bbox 3205 440 3397 511; x_wconf 85' lang='lat' dir='ltr'><strong>potuit,</strong></span> <span class='ocrx_word' id='word_1_525' title='bbox 3429 449 3485 498; x_wconf 87' lang='lat' dir='ltr'><strong>ut</strong></span> <span class='ocrx_word' id='word_1_526' title='bbox 3514 442 3563 496; x_wconf 91' lang='lat' dir='ltr'><strong>in</strong></span> <span class='ocrx_word' id='word_1_527' title='bbox 3587 459 3721 512; x_wconf 86' lang='lat' dir='ltr'><strong>opus</strong></span> 
     </span>
    </p>
   </div>
   <div class='ocr_carea' id='block_1_64' title="bbox 2134 525 3714 602">
    <p class='ocr_par' dir='ltr' id='par_1_64' title="bbox 2134 525 3714 602">
     <span class='ocr_line' id='line_1_64' title="bbox 2134 525 3714 602; baseline 0.005 -24"><span class='ocrx_word' id='word_1_528' title='bbox 2134 525 2344 592; x_wconf 79' lang='lat' dir='ltr'><strong>exiret,</strong></span> <span class='ocrx_word' id='word_1_529' title='bbox 2391 537 2445 581; x_wconf 88' lang='lat' dir='ltr'><strong>et</strong></span> <span class='ocrx_word' id='word_1_530' title='bbox 2469 543 2652 583; x_wconf 88' lang='lat' dir='ltr'><strong>revera</strong></span> <span class='ocrx_word' id='word_1_531' title='bbox 2700 529 2750 583; x_wconf 89' lang='lat' dir='ltr'><strong>id</strong></span> <span class='ocrx_word' id='word_1_532' title='bbox 2802 529 2955 586; x_wconf 89' lang='lat' dir='ltr'><strong>ﬁeret</strong></span> <span class='ocrx_word' id='word_1_533' title='bbox 2985 548 2998 584; x_wconf 90' lang='lat'><strong>:</strong></span> <span class='ocrx_word' id='word_1_534' title='bbox 3028 539 3172 586; x_wconf 89' lang='lat' dir='ltr'><strong>tanta</strong></span> <span class='ocrx_word' id='word_1_535' title='bbox 3215 543 3331 586; x_wconf 89' lang='lat' dir='ltr'><strong>erat</strong></span> <span class='ocrx_word' id='word_1_536' title='bbox 3373 532 3488 602; x_wconf 91' lang='lat' dir='ltr'><strong>ejus</strong></span> <span class='ocrx_word' id='word_1_537' title='bbox 3528 535 3714 602; x_wconf 63' lang='lat' dir='ltr'><strong>grati...</strong></span> 
     </span>
    </p>
   </div>
   <div class='ocr_carea' id='block_1_65' title="bbox 2131 613 3719 686">
    <p class='ocr_par' dir='ltr' id='par_1_65' title="bbox 2131 613 3719 686">
     <span class='ocr_line' id='line_1_65' title="bbox 2131 613 3719 686; baseline 0.006 -18"><span class='ocrx_word' id='word_1_538' title='bbox 2131 613 2267 682; x_wconf 83' lang='lat' dir='ltr'><strong>Quid</strong></span> <span class='ocrx_word' id='word_1_539' title='bbox 2305 624 2387 670; x_wconf 90' lang='lat' dir='ltr'><strong>est</strong></span> <span class='ocrx_word' id='word_1_540' title='bbox 2425 617 2610 686; x_wconf 88' lang='lat' dir='ltr'><strong>majori</strong></span> <span class='ocrx_word' id='word_1_541' title='bbox 2642 619 2914 675; x_wconf 91' lang='lat' dir='ltr'><strong>nobiscum</strong></span> <span class='ocrx_word' id='word_1_542' title='bbox 2945 619 3298 678; x_wconf 81' lang='lat' dir='ltr'><strong>familiaritate</strong></span> <span class='ocrx_word' id='word_1_543' title='bbox 3337 637 3399 677; x_wconf 92' lang='lat' dir='ltr'><strong>ac</strong></span> <span class='ocrx_word' id='word_1_544' title='bbox 3425 625 3719 678; x_wconf 82' lang='lat' dir='ltr'><strong>necessitu-</strong></span> 
     </span>
    </p>
   </div>
   <div class='ocr_carea' id='block_1_66' title="bbox 2131 705 3719 786">
    <p class='ocr_par' dir='ltr' id='par_1_66' title="bbox 2131 705 3719 786">
     <span class='ocr_line' id='line_1_66' title="bbox 2131 705 3719 786; baseline 0.009 -28"><span class='ocrx_word' id='word_1_545' title='bbox 2131 705 2256 761; x_wconf 91' lang='lat' dir='ltr'><strong>dine</strong></span> <span class='ocrx_word' id='word_1_546' title='bbox 2284 707 2627 776; x_wconf 90' lang='lat' dir='ltr'><strong>conjunctum</strong></span> <span class='ocrx_word' id='word_1_547' title='bbox 2655 751 2670 775; x_wconf 94' lang='lat'><strong>,</strong></span> <span class='ocrx_word' id='word_1_548' title='bbox 2714 726 2871 780; x_wconf 88' lang='lat' dir='ltr'><strong>quam</strong></span> <span class='ocrx_word' id='word_1_549' title='bbox 2919 712 3134 766; x_wconf 86' lang='lat' dir='ltr'><strong>anima?</strong></span> <span class='ocrx_word' id='word_1_550' title='bbox 3179 713 3337 784; x_wconf 88' lang='lat' dir='ltr'><strong>Atqui</strong></span> <span class='ocrx_word' id='word_1_551' title='bbox 3369 715 3481 785; x_wconf 87' lang='lat' dir='ltr'><strong>ipsa</strong></span> <span class='ocrx_word' id='word_1_552' title='bbox 3507 731 3719 786; x_wconf 86' lang='lat' dir='ltr'><strong>quoque</strong></span> 
     </span>
    </p>
   </div>
   <div class='ocr_carea' id='block_1_67' title="bbox 2130 798 3717 874">
    <p class='ocr_par' dir='ltr' id='par_1_67' title="bbox 2130 798 3717 874">
     <span class='ocr_line' id='line_1_67' title="bbox 2130 798 3717 874; baseline 0.008 -24"><span class='ocrx_word' id='word_1_553' title='bbox 2130 799 2458 868; x_wconf 87' lang='lat' dir='ltr'><strong>contemptui</strong></span> <span class='ocrx_word' id='word_1_554' title='bbox 2483 798 2657 854; x_wconf 87' lang='lat' dir='ltr'><strong>habita</strong></span> <span class='ocrx_word' id='word_1_555' title='bbox 2680 809 2761 856; x_wconf 82' lang='lat' dir='ltr'><strong>est</strong></span> <span class='ocrx_word' id='word_1_556' title='bbox 2789 810 3006 872; x_wconf 83' lang='lat' dir='ltr'><strong>propter</strong></span> <span class='ocrx_word' id='word_1_557' title='bbox 3027 803 3166 858; x_wconf 91' lang='lat' dir='ltr'><strong>illius</strong></span> <span class='ocrx_word' id='word_1_558' title='bbox 3183 802 3414 874; x_wconf 76' lang='lat' dir='ltr'><strong>jussum.</strong></span> <span class='ocrx_word' id='word_1_559' title='bbox 3440 805 3516 860; x_wconf 87' lang='lat' dir='ltr'><strong>Tu</strong></span> <span class='ocrx_word' id='word_1_560' title='bbox 3535 815 3717 870; x_wconf 80' lang='lat' dir='ltr'><strong>autem</strong></span> 
     </span>
    </p>
   </div>
   <div class='ocr_carea' id='block_1_68' title="bbox 2129 887 3717 963">
    <p class='ocr_par' dir='ltr' id='par_1_68' title="bbox 2129 887 3717 963">
     <span class='ocr_line' id='line_1_68' title="bbox 2129 887 3717 963; baseline 0.009 -22"><span class='ocrx_word' id='word_1_561' title='bbox 2129 901 2250 941; x_wconf 88' lang='lat' dir='ltr'><strong>cum</strong></span> <span class='ocrx_word' id='word_1_562' title='bbox 2282 889 2453 954; x_wconf 82' lang='lat' dir='ltr'><strong>audis,</strong></span> <span class='ocrx_word' id='word_1_563' title='bbox 2479 887 2740 945; x_wconf 75' lang='lat' dir='ltr'><strong>Benedixit</strong></span> <span class='ocrx_word' id='word_1_564' title='bbox 2767 901 2815 946; x_wconf 88' lang='lat' dir='ltr'><strong>te</strong></span> <span class='ocrx_word' id='word_1_565' title='bbox 2838 891 2976 948; x_wconf 87' lang='lat' dir='ltr'><strong>Deus</strong></span> <span class='ocrx_word' id='word_1_566' title='bbox 2997 936 3012 959; x_wconf 94' lang='lat'><strong>,</strong></span> <span class='ocrx_word' id='word_1_567' title='bbox 3038 909 3104 950; x_wconf 89' lang='lat' dir='ltr'><strong>ne</strong></span> <span class='ocrx_word' id='word_1_568' title='bbox 3130 894 3324 950; x_wconf 86' lang='lat' dir='ltr'><strong>labaris</strong></span> <span class='ocrx_word' id='word_1_569' title='bbox 3343 938 3359 963; x_wconf 90' lang='lat'><strong>,</strong></span> <span class='ocrx_word' id='word_1_570' title='bbox 3387 911 3485 952; x_wconf 90' lang='lat' dir='ltr'><strong>nec</strong></span> <span class='ocrx_word' id='word_1_571' title='bbox 3515 897 3717 956; x_wconf 85' lang='lat' dir='ltr'><strong>humile</strong></span> 
     </span>
    </p>
   </div>
   <div class='ocr_carea' id='block_1_69' title="bbox 2130 979 3714 1056">
    <p class='ocr_par' dir='ltr' id='par_1_69' title="bbox 2130 979 3714 1056">
     <span class='ocr_line' id='line_1_69' title="bbox 2130 979 3714 1056; baseline 0.008 -22"><span class='ocrx_word' id='word_1_572' title='bbox 2130 987 2185 1034; x_wconf 85' lang='lat' dir='ltr'><strong>et</strong></span> <span class='ocrx_word' id='word_1_573' title='bbox 2234 979 2500 1049; x_wconf 89' lang='lat' dir='ltr'><strong>abjectum</strong></span> <span class='ocrx_word' id='word_1_574' title='bbox 2556 982 2820 1054; x_wconf 82' lang='lat' dir='ltr'><strong>quidpiam</strong></span> <span class='ocrx_word' id='word_1_575' title='bbox 2875 986 3206 1054; x_wconf 84' lang='lat' dir='ltr'><strong>cogitaveris.</strong></span> <span class='ocrx_word' id='word_1_576' title='bbox 3256 987 3714 1056; x_wconf 86' lang='lat' dir='ltr'><strong>Quemadmodum</strong></span> 
     </span>
    </p>
   </div>
   <div class='ocr_carea' id='block_1_70' title="bbox 2127 1070 3716 1148">
    <p class='ocr_par' dir='ltr' id='par_1_70' title="bbox 2127 1070 3716 1148">
     <span class='ocr_line' id='line_1_70' title="bbox 2127 1070 3716 1148; baseline 0.01 -25"><span class='ocrx_word' id='word_1_577' title='bbox 2127 1070 2269 1125; x_wconf 91' lang='lat' dir='ltr'><strong>enim</strong></span> <span class='ocrx_word' id='word_1_578' title='bbox 2297 1070 2406 1140; x_wconf 90' lang='lat' dir='ltr'><strong>jam</strong></span> <span class='ocrx_word' id='word_1_579' title='bbox 2437 1081 2559 1127; x_wconf 87' lang='lat' dir='ltr'><strong>ante</strong></span> <span class='ocrx_word' id='word_1_580' title='bbox 2596 1073 2726 1140; x_wconf 83' lang='lat' dir='ltr'><strong>dixi,</strong></span> <span class='ocrx_word' id='word_1_581' title='bbox 2754 1074 2822 1130; x_wconf 92' lang='lat' dir='ltr'><strong>de</strong></span> <span class='ocrx_word' id='word_1_582' title='bbox 2849 1091 3011 1131; x_wconf 89' lang='lat' dir='ltr'><strong>carne</strong></span> <span class='ocrx_word' id='word_1_583' title='bbox 3039 1077 3287 1147; x_wconf 90' lang='lat' dir='ltr'><strong>loquitur,</strong></span> <span class='ocrx_word' id='word_1_584' title='bbox 3315 1095 3433 1148; x_wconf 73' lang='lat' dir='ltr'><strong>qua:</strong></span> <span class='ocrx_word' id='word_1_585' title='bbox 3455 1080 3612 1136; x_wconf 90' lang='lat' dir='ltr'><strong>habet</strong></span> <span class='ocrx_word' id='word_1_586' title='bbox 3639 1082 3716 1139; x_wconf 78' lang='lat' dir='ltr'><strong>la-</strong></span> 
     </span>
    </p>
   </div>
   <div class='ocr_carea' id='block_1_71' title="bbox 2127 1159 3712 1240">
    <p class='ocr_par' dir='ltr' id='par_1_71' title="bbox 2127 1159 3712 1240">
     <span class='ocr_line' id='line_1_71' title="bbox 2127 1159 3712 1240; baseline 0.009 -26"><span class='ocrx_word' id='word_1_587' title='bbox 2127 1159 2233 1224; x_wconf 86' lang='lat' dir='ltr'><strong>bia,</strong></span> <span class='ocrx_word' id='word_1_588' title='bbox 2260 1177 2379 1232; x_wconf 78' lang='lat' dir='ltr'><strong>quae</strong></span> <span class='ocrx_word' id='word_1_589' title='bbox 2405 1163 2627 1232; x_wconf 84' lang='lat' dir='ltr'><strong>gratiam</strong></span> <span class='ocrx_word' id='word_1_590' title='bbox 2671 1166 2926 1236; x_wconf 85' lang='lat' dir='ltr'><strong>suscipit,</strong></span> <span class='ocrx_word' id='word_1_591' title='bbox 2957 1183 3075 1237; x_wconf 65' lang='lat' dir='ltr'><strong>quae</strong></span> <span class='ocrx_word' id='word_1_592' title='bbox 3112 1170 3334 1240; x_wconf 88' lang='lat' dir='ltr'><strong>suscipit</strong></span> <span class='ocrx_word' id='word_1_593' title='bbox 3379 1171 3712 1229; x_wconf 79' lang='lat' dir='ltr'><strong>benedictio-</strong></span> 
     </span>
    </p>
   </div>
   <div class='ocr_carea' id='block_1_72' title="bbox 2127 1255 3712 1332">
    <p class='ocr_par' dir='ltr' id='par_1_72' title="bbox 2127 1255 3712 1332">
     <span class='ocr_line' id='line_1_72' title="bbox 2127 1255 3712 1332; baseline 0.013 -28"><span class='ocrx_word' id='word_1_594' title='bbox 2127 1267 2269 1306; x_wconf 86' lang='lat' dir='ltr'><strong>nem.</strong></span> <span class='ocrx_word' id='word_1_595' title='bbox 2303 1255 2441 1311; x_wconf 88' lang='lat' dir='ltr'><strong>Deus</strong></span> <span class='ocrx_word' id='word_1_596' title='bbox 2467 1258 2606 1312; x_wconf 92' lang='lat' dir='ltr'><strong>enim</strong></span> <span class='ocrx_word' id='word_1_597' title='bbox 2655 1275 2753 1314; x_wconf 89' lang='lat' dir='ltr'><strong>nec</strong></span> <span class='ocrx_word' id='word_1_598' title='bbox 2797 1260 3164 1316; x_wconf 82' lang='lat' dir='ltr'><strong>benedictione</strong></span> <span class='ocrx_word' id='word_1_599' title='bbox 3203 1278 3337 1332; x_wconf 91' lang='lat' dir='ltr'><strong>opus</strong></span> <span class='ocrx_word' id='word_1_600' title='bbox 3376 1263 3567 1332; x_wconf 89' lang='lat' dir='ltr'><strong>habet,</strong></span> <span class='ocrx_word' id='word_1_601' title='bbox 3613 1281 3712 1326; x_wconf 87' lang='lat' dir='ltr'><strong>nec</strong></span> 
     </span>
    </p>
   </div>
   <div class='ocr_carea' id='block_1_73' title="bbox 2123 1347 3715 1425">
    <p class='ocr_par' dir='ltr' id='par_1_73' title="bbox 2123 1347 3715 1425">
     <span class='ocr_line' id='line_1_73' title="bbox 2123 1347 3715 1425; baseline 0.008 -28"><span class='ocrx_word' id='word_1_602' title='bbox 2123 1347 2291 1414; x_wconf 87' lang='lat' dir='ltr'><strong>gratia</strong></span> <span class='ocrx_word' id='word_1_603' title='bbox 2320 1365 2338 1405; x_wconf 84' lang='lat'><strong>:</strong></span> <span class='ocrx_word' id='word_1_604' title='bbox 2365 1363 2485 1404; x_wconf 85' lang='lat' dir='ltr'><strong>nam</strong></span> <span class='ocrx_word' id='word_1_605' title='bbox 2518 1351 2656 1406; x_wconf 89' lang='lat' dir='ltr'><strong>Deus</strong></span> <span class='ocrx_word' id='word_1_606' title='bbox 2683 1352 2878 1408; x_wconf 91' lang='lat' dir='ltr'><strong>nullius</strong></span> <span class='ocrx_word' id='word_1_607' title='bbox 2915 1353 2988 1409; x_wconf 90' lang='lat' dir='ltr'><strong>rei</strong></span> <span class='ocrx_word' id='word_1_608' title='bbox 3028 1353 3243 1425; x_wconf 83' lang='lat' dir='ltr'><strong>indiget.</strong></span> <span class='ocrx_word' id='word_1_609' title='bbox 3276 1354 3715 1421; x_wconf 83' lang='lat' dir='ltr'><strong>Quemadmodum</strong></span> 
     </span>
    </p>
   </div>
   <div class='ocr_carea' id='block_1_74' title="bbox 2123 1437 3712 1514">
    <p class='ocr_par' dir='ltr' id='par_1_74' title="bbox 2123 1437 3712 1514">
     <span class='ocr_line' id='line_1_74' title="bbox 2123 1437 3712 1514; baseline 0.008 -22"><span class='ocrx_word' id='word_1_610' title='bbox 2123 1437 2267 1496; x_wconf 84' lang='lat' dir='ltr'><strong>enim</strong></span> <span class='ocrx_word' id='word_1_611' title='bbox 2291 1481 2304 1503; x_wconf 90' lang='lat'><strong>,</strong></span> <span class='ocrx_word' id='word_1_612' title='bbox 2341 1440 2508 1511; x_wconf 84' lang='lat' dir='ltr'><strong>inquit</strong></span> <span class='ocrx_word' id='word_1_613' title='bbox 2531 1482 2548 1508; x_wconf 91' lang='lat'><strong>,</strong></span> <span class='ocrx_word' id='word_1_614' title='bbox 2599 1441 2751 1498; x_wconf 84' lang='lat' dir='ltr'><strong>Pater</strong></span> <span class='ocrx_word' id='word_1_615' title='bbox 2774 1445 2979 1500; x_wconf 84' lang='lat' dir='ltr'><strong>suscitat</strong></span> <span class='ocrx_word' id='word_1_616' title='bbox 3007 1455 3225 1500; x_wconf 88' lang='lat' dir='ltr'><strong>mortuos</strong></span> <span class='ocrx_word' id='word_1_617' title='bbox 3265 1456 3311 1502; x_wconf 91' lang='lat' dir='ltr'><strong>et</strong></span> <span class='ocrx_word' id='word_1_618' title='bbox 3351 1447 3566 1514; x_wconf 82' lang='lat' dir='ltr'><strong>viviﬁcut</strong></span> <span class='ocrx_word' id='word_1_619' title='bbox 3595 1463 3616 1502; x_wconf 90' lang='lat'><strong><em>:</em></strong></span> <span class='ocrx_word' id='word_1_620' title='bbox 3641 1449 3712 1506; x_wconf 81' lang='lat' dir='ltr'><strong>ita</strong></span> 
     </span>
    </p>
   </div>
   <div class='ocr_carea' id='block_1_75' title="bbox 2123 1528 3708 1609">
    <p class='ocr_par' dir='ltr' id='par_1_75' title="bbox 2123 1528 3708 1609">
     <span class='ocr_line' id='line_1_75' title="bbox 2123 1528 3708 1609; baseline 0.009 -29"><span class='ocrx_word' id='word_1_621' title='bbox 2123 1528 2271 1582; x_wconf 89' lang='lat' dir='ltr'><strong>etiam</strong></span> <span class='ocrx_word' id='word_1_622' title='bbox 2288 1547 2412 1602; x_wconf 86' lang='lat' dir='ltr'><strong>quos</strong></span> <span class='ocrx_word' id='word_1_623' title='bbox 2432 1531 2534 1586; x_wconf 85' lang='lat' dir='ltr'><strong>vult</strong></span> <span class='ocrx_word' id='word_1_624' title='bbox 2561 1531 2722 1590; x_wconf 83' lang='lat' dir='ltr'><strong>Filius</strong></span> <span class='ocrx_word' id='word_1_625' title='bbox 2747 1536 2962 1604; x_wconf 74' lang='lat' dir='ltr'><strong>vit-iﬁcat</strong></span> <span class='ocrx_word' id='word_1_626' title='bbox 2984 1534 3158 1604; x_wconf 83' lang='lat' dir='ltr'><strong>(Joan.</strong></span> <span class='ocrx_word' id='word_1_627' title='bbox 3187 1537 3240 1592; x_wconf 89' lang='lat'><strong>5.</strong></span> <span class='ocrx_word' id='word_1_628' title='bbox 3263 1537 3378 1609; x_wconf 74' lang='lat' dir='ltr'><strong>2t).</strong></span> <span class='ocrx_word' id='word_1_629' title='bbox 3401 1539 3464 1592; x_wconf 80' lang='lat' dir='ltr'><strong>Et</strong></span> <span class='ocrx_word' id='word_1_630' title='bbox 3490 1555 3708 1602; x_wconf 79' lang='lat' dir='ltr'><strong>rursus;</strong></span> 
     </span>
    </p>
   </div>
   <div class='ocr_carea' id='block_1_76' title="bbox 2128 1616 3710 1697">
    <p class='ocr_par' dir='ltr' id='par_1_76' title="bbox 2128 1616 3710 1697">
     <span class='ocr_line' id='line_1_76' title="bbox 2128 1616 3710 1697; baseline 0.008 -24"><span class='ocrx_word' id='word_1_631' title='bbox 2128 1616 2295 1690; x_wconf 85' lang='lat' dir='ltr'><strong>Opera</strong></span> <span class='ocrx_word' id='word_1_632' title='bbox 2330 1638 2444 1692; x_wconf 76' lang='lat' dir='ltr'><strong>quae</strong></span> <span class='ocrx_word' id='word_1_633' title='bbox 2481 1623 2568 1680; x_wconf 88' lang='lat' dir='ltr'><strong>ille</strong></span> <span class='ocrx_word' id='word_1_634' title='bbox 2605 1625 2746 1692; x_wconf 81' lang='lat' dir='ltr'><strong>facit,</strong></span> <span class='ocrx_word' id='word_1_635' title='bbox 2794 1641 2853 1680; x_wconf 90' lang='lat' dir='ltr'><strong>ea</strong></span> <span class='ocrx_word' id='word_1_636' title='bbox 2895 1642 3088 1696; x_wconf 85' lang='lat' dir='ltr'><strong>quoque</strong></span> <span class='ocrx_word' id='word_1_637' title='bbox 3129 1628 3250 1697; x_wconf 80' lang='lat' dir='ltr'><strong>facit</strong></span> <span class='ocrx_word' id='word_1_638' title='bbox 3282 1627 3449 1684; x_wconf 85' lang='lat' dir='ltr'><strong>Filius</strong></span> <span class='ocrx_word' id='word_1_639' title='bbox 3484 1631 3710 1684; x_wconf 87' lang='lat' dir='ltr'><strong>similiter</strong></span> 
     </span>
    </p>
   </div>
   <div class='ocr_carea' id='block_1_77' title="bbox 2123 1710 3709 1792">
    <p class='ocr_par' dir='ltr' id='par_1_77' title="bbox 2123 1710 3709 1792">
     <span class='ocr_line' id='line_1_77' title="bbox 2123 1710 3709 1792; baseline 0.009 -28"><span class='ocrx_word' id='word_1_640' title='bbox 2123 1710 2307 1782; x_wconf 85' lang='lat' dir='ltr'><strong>(Ibid.</strong></span> <span class='ocrx_word' id='word_1_641' title='bbox 2335 1729 2380 1768; x_wconf 88' lang='grc' dir='ltr'><strong>υ.</strong></span> <span class='ocrx_word' id='word_1_642' title='bbox 2416 1714 2530 1786; x_wconf 82' lang='grc'><strong>19).</strong></span> <span class='ocrx_word' id='word_1_643' title='bbox 2555 1715 2618 1770; x_wconf 84' lang='grc' dir='ltr'><strong>Ει</strong></span> <span class='ocrx_word' id='word_1_644' title='bbox 2644 1731 2832 1773; x_wconf 88' lang='lat' dir='ltr'><strong>rursus.</strong></span> <span class='ocrx_word' id='word_1_645' title='bbox 2861 1736 2873 1770; x_wconf 89' lang='lat'><strong>:</strong></span> <span class='ocrx_word' id='word_1_646' title='bbox 2906 1718 3048 1774; x_wconf 73' lang='lat' dir='ltr'><strong>Sicut</strong></span> <span class='ocrx_word' id='word_1_647' title='bbox 3075 1721 3328 1792; x_wconf 79' lang='lat' dir='ltr'><strong>cognoscit</strong></span> <span class='ocrx_word' id='word_1_648' title='bbox 3355 1737 3435 1776; x_wconf 84' lang='lat' dir='ltr'><strong>me</strong></span> <span class='ocrx_word' id='word_1_649' title='bbox 3462 1720 3635 1788; x_wconf 87' lang='lat' dir='ltr'><strong>Pater,</strong></span> <span class='ocrx_word' id='word_1_650' title='bbox 3662 1734 3709 1778; x_wconf 89' lang='lat' dir='ltr'><strong>et</strong></span> 
     </span>
    </p>
   </div>
   <div class='ocr_carea' id='block_1_78' title="bbox 2121 1807 3704 1885">
    <p class='ocr_par' dir='ltr' id='par_1_78' title="bbox 2121 1807 3704 1885">
     <span class='ocr_line' id='line_1_78' title="bbox 2121 1807 3704 1885; baseline 0.009 -31"><span class='ocrx_word' id='word_1_651' title='bbox 2121 1817 2212 1876; x_wconf 80' lang='lat' dir='ltr'><strong>ego</strong></span> <span class='ocrx_word' id='word_1_652' title='bbox 2251 1819 2444 1874; x_wconf 89' lang='lat' dir='ltr'><strong>quoque</strong></span> <span class='ocrx_word' id='word_1_653' title='bbox 2481 1821 2726 1882; x_wconf 78' lang='lat' dir='ltr'><strong>cognosco</strong></span> <span class='ocrx_word' id='word_1_654' title='bbox 2755 1807 2962 1866; x_wconf 85' lang='lat' dir='ltr'><strong>Patrem</strong></span> <span class='ocrx_word' id='word_1_655' title='bbox 3003 1809 3130 1880; x_wconf 83' lang='lat' dir='ltr'><strong>(Ib.</strong></span> <span class='ocrx_word' id='word_1_656' title='bbox 3154 1811 3369 1885; x_wconf 69' lang='lat'><strong>10.15).</strong></span> <span class='ocrx_word' id='word_1_657' title='bbox 3392 1812 3519 1868; x_wconf 91' lang='lat' dir='ltr'><strong>Illud</strong></span> <span class='ocrx_word' id='word_1_658' title='bbox 3541 1816 3704 1879; x_wconf 87' lang='lat' dir='ltr'><strong>enim,</strong></span> 
     </span>
    </p>
   </div>
   <div class='ocr_carea' id='block_1_79' title="bbox 2123 1892 3708 1977">
    <p class='ocr_par' dir='ltr' id='par_1_79' title="bbox 2123 1892 3708 1977">
     <span class='ocr_line' id='line_1_79' title="bbox 2123 1892 3708 1977; baseline 0.009 -29"><span class='ocrx_word' id='word_1_659' title='bbox 2123 1892 2214 1953; x_wconf 82' lang='lat' dir='ltr'><strong>Sic</strong></span> <span class='ocrx_word' id='word_1_660' title='bbox 2235 1936 2249 1958; x_wconf 94' lang='lat'><strong>,</strong></span> <span class='ocrx_word' id='word_1_661' title='bbox 2293 1905 2347 1952; x_wconf 90' lang='lat' dir='ltr'><strong>et</strong></span> <span class='ocrx_word' id='word_1_662' title='bbox 2376 1895 2656 1965; x_wconf 75' lang='lat' dir='ltr'><strong>Similiter,</strong></span> <span class='ocrx_word' id='word_1_663' title='bbox 2695 1908 2747 1954; x_wconf 88' lang='lat' dir='ltr'><strong>et</strong></span> <span class='ocrx_word' id='word_1_664' title='bbox 2770 1899 2951 1968; x_wconf 85' lang='lat' dir='ltr'><strong>Sicut,</strong></span> <span class='ocrx_word' id='word_1_665' title='bbox 2995 1901 3291 1972; x_wconf 36' lang='lat' dir='ltr'><strong>signiﬁcant</strong></span> <span class='ocrx_word' id='word_1_666' title='bbox 3318 1920 3438 1962; x_wconf 89' lang='lat' dir='ltr'><strong>cum</strong></span> <span class='ocrx_word' id='word_1_667' title='bbox 3466 1921 3586 1962; x_wconf 89' lang='lat' dir='ltr'><strong>esse</strong></span> <span class='ocrx_word' id='word_1_668' title='bbox 3614 1922 3708 1977; x_wconf 86' lang='lat' dir='ltr'><strong>per</strong></span> 
     </span>
    </p>
   </div>
   <div class='ocr_carea' id='block_1_80' title="bbox 2121 1986 3706 2070">
    <p class='ocr_par' dir='ltr' id='par_1_80' title="bbox 2121 1986 3706 2070">
     <span class='ocr_line' id='line_1_80' title="bbox 2121 1986 3706 2070; baseline 0.011 -28"><span class='ocrx_word' id='word_1_669' title='bbox 2121 1986 2297 2046; x_wconf 66' lang='lat' dir='ltr'><strong>omnia</strong></span> <span class='ocrx_word' id='word_1_670' title='bbox 2321 1988 2552 2047; x_wconf 88' lang='lat' dir='ltr'><strong>similem</strong></span> <span class='ocrx_word' id='word_1_671' title='bbox 2579 2009 2592 2043; x_wconf 86' lang='lat'><strong>:</strong></span> <span class='ocrx_word' id='word_1_672' title='bbox 2624 1991 2717 2047; x_wconf 90' lang='lat' dir='ltr'><strong>sed</strong></span> <span class='ocrx_word' id='word_1_673' title='bbox 2765 1992 2851 2048; x_wconf 92' lang='lat' dir='ltr'><strong>hic</strong></span> <span class='ocrx_word' id='word_1_674' title='bbox 2896 1993 2962 2049; x_wconf 89' lang='lat' dir='ltr'><strong>de</strong></span> <span class='ocrx_word' id='word_1_675' title='bbox 3008 1993 3236 2052; x_wconf 87' lang='lat' dir='ltr'><strong>humana</strong></span> <span class='ocrx_word' id='word_1_676' title='bbox 3282 2006 3502 2067; x_wconf 87' lang='lat' dir='ltr'><strong>natura,</strong></span> <span class='ocrx_word' id='word_1_677' title='bbox 3547 2015 3706 2070; x_wconf 88' lang='lat' dir='ltr'><strong>quam</strong></span> 
     </span>
    </p>
   </div>
   <div class='ocr_carea' id='block_1_81' title="bbox 2121 2082 3705 2166">
    <p class='ocr_par' dir='ltr' id='par_1_81' title="bbox 2121 2082 3705 2166">
     <span class='ocr_line' id='line_1_81' title="bbox 2121 2082 3705 2166; baseline 0.012 -34"><span class='ocrx_word' id='word_1_678' title='bbox 2121 2091 2464 2149; x_wconf 79' lang='lat' dir='ltr'><strong>snsceperat,</strong></span> <span class='ocrx_word' id='word_1_679' title='bbox 2510 2082 2702 2153; x_wconf 77' lang='lat' dir='ltr'><strong>agitur.</strong></span> <span class='ocrx_word' id='word_1_680' title='bbox 2760 2085 3018 2141; x_wconf 87' lang='lat' dir='ltr'><strong>Audimus</strong></span> <span class='ocrx_word' id='word_1_681' title='bbox 3068 2096 3245 2144; x_wconf 88' lang='lat' dir='ltr'><strong>autem</strong></span> <span class='ocrx_word' id='word_1_682' title='bbox 3281 2089 3454 2160; x_wconf 89' lang='lat' dir='ltr'><strong>ipsum</strong></span> <span class='ocrx_word' id='word_1_683' title='bbox 3495 2107 3705 2166; x_wconf 83' lang='lat' dir='ltr'><strong>quoque</strong></span> 
     </span>
    </p>
   </div>
   <div class='ocr_carea' id='block_1_82' title="bbox 2120 2171 3704 2256">
    <p class='ocr_par' dir='ltr' id='par_1_82' title="bbox 2120 2171 3704 2256">
     <span class='ocr_line' id='line_1_82' title="bbox 2120 2171 3704 2256; baseline 0.008 -32"><span class='ocrx_word' id='word_1_684' title='bbox 2120 2185 2304 2228; x_wconf 90' lang='lat' dir='ltr'><strong>rursus</strong></span> <span class='ocrx_word' id='word_1_685' title='bbox 2329 2171 2590 2232; x_wconf 89' lang='lat' dir='ltr'><strong>dicentem</strong></span> <span class='ocrx_word' id='word_1_686' title='bbox 2617 2192 2630 2227; x_wconf 89' lang='lat'><strong>:</strong></span> <span class='ocrx_word' id='word_1_687' title='bbox 2663 2173 2943 2245; x_wconf 82' lang='lat' dir='ltr'><strong>Pmpterea</strong></span> <span class='ocrx_word' id='word_1_688' title='bbox 2968 2175 3121 2232; x_wconf 88' lang='lat' dir='ltr'><strong>Pater</strong></span> <span class='ocrx_word' id='word_1_689' title='bbox 3145 2195 3223 2238; x_wconf 88' lang='lat' dir='ltr'><strong>me</strong></span> <span class='ocrx_word' id='word_1_690' title='bbox 3247 2181 3429 2253; x_wconf 79' lang='lat' dir='ltr'><strong>diligit,</strong></span> <span class='ocrx_word' id='word_1_691' title='bbox 3472 2184 3589 2253; x_wconf 84' lang='lat' dir='ltr'><strong>quia</strong></span> <span class='ocrx_word' id='word_1_692' title='bbox 3614 2201 3704 2256; x_wconf 73' lang='lat' dir='ltr'><strong>ego</strong></span> 
     </span>
    </p>
   </div>
   <div class='ocr_carea' id='block_1_83' title="bbox 2121 2265 3704 2346">
    <p class='ocr_par' dir='ltr' id='par_1_83' title="bbox 2121 2265 3704 2346">
     <span class='ocr_line' id='line_1_83' title="bbox 2121 2265 3704 2346; baseline 0.01 -29"><span class='ocrx_word' id='word_1_693' title='bbox 2121 2279 2254 2332; x_wconf 75' lang='lat' dir='ltr'><strong>pauo</strong></span> <span class='ocrx_word' id='word_1_694' title='bbox 2297 2265 2517 2320; x_wconf 88' lang='lat' dir='ltr'><strong>animam</strong></span> <span class='ocrx_word' id='word_1_695' title='bbox 2544 2283 2707 2325; x_wconf 82' lang='lat' dir='ltr'><strong>meam</strong></span> <span class='ocrx_word' id='word_1_696' title='bbox 2731 2285 2823 2340; x_wconf 81' lang='lat' dir='ltr'><strong>pro</strong></span> <span class='ocrx_word' id='word_1_697' title='bbox 2851 2269 3021 2326; x_wconf 82' lang='lat' dir='ltr'><strong>ovibus</strong></span> <span class='ocrx_word' id='word_1_698' title='bbox 3049 2271 3067 2341; x_wconf 92' lang='lat'><strong>(</strong></span> <span class='ocrx_word' id='word_1_699' title='bbox 3093 2270 3230 2330; x_wconf 81' lang='lat' dir='ltr'><strong>Ibid.</strong></span> <span class='ocrx_word' id='word_1_700' title='bbox 3259 2274 3345 2332; x_wconf 77' lang='lat'><strong>10.</strong></span> <span class='ocrx_word' id='word_1_701' title='bbox 3378 2277 3492 2346; x_wconf 80' lang='grc'><strong>17).</strong></span> <span class='ocrx_word' id='word_1_702' title='bbox 3535 2276 3704 2332; x_wconf 83' lang='lat' dir='ltr'><strong>Num-</strong></span> 
     </span>
    </p>
   </div>
   <div class='ocr_carea' id='block_1_84' title="bbox 2118 2354 3699 2439">
    <p class='ocr_par' dir='ltr' id='par_1_84' title="bbox 2118 2354 3699 2439">
     <span class='ocr_line' id='line_1_84' title="bbox 2118 2354 3699 2439; baseline 0.012 -32"><span class='ocrx_word' id='word_1_703' title='bbox 2118 2354 2246 2423; x_wconf 86' lang='lat' dir='ltr'><strong>quid</strong></span> <span class='ocrx_word' id='word_1_704' title='bbox 2283 2370 2403 2415; x_wconf 92' lang='lat' dir='ltr'><strong>eum</strong></span> <span class='ocrx_word' id='word_1_705' title='bbox 2431 2372 2537 2420; x_wconf 83' lang='lat' dir='ltr'><strong>non</strong></span> <span class='ocrx_word' id='word_1_706' title='bbox 2559 2357 2813 2430; x_wconf 83' lang='lat' dir='ltr'><strong>diligebat</strong></span> <span class='ocrx_word' id='word_1_707' title='bbox 2838 2363 3037 2420; x_wconf 85' lang='lat' dir='ltr'><strong>antea?</strong></span> <span class='ocrx_word' id='word_1_708' title='bbox 3066 2363 3342 2434; x_wconf 89' lang='lat' dir='ltr'><strong>Quomodo</strong></span> <span class='ocrx_word' id='word_1_709' title='bbox 3371 2383 3500 2439; x_wconf 88' lang='lat' dir='ltr'><strong>ergo</strong></span> <span class='ocrx_word' id='word_1_710' title='bbox 3525 2369 3657 2428; x_wconf 77' lang='lat' dir='ltr'><strong>dixit</strong></span> <span class='ocrx_word' id='word_1_711' title='bbox 3686 2390 3699 2430; x_wconf 89' lang='lat'><strong>:</strong></span> 
     </span>
    </p>
   </div>
   <div class='ocr_carea' id='block_1_85' title="bbox 2122 2445 3708 2529">
    <p class='ocr_par' dir='ltr' id='par_1_85' title="bbox 2122 2445 3708 2529">
     <span class='ocr_line' id='line_1_85' title="bbox 2122 2445 3708 2529; baseline 0.015 -29"><span class='ocrx_word' id='word_1_712' title='bbox 2122 2445 2222 2507; x_wconf 84' lang='lat' dir='ltr'><strong>Hic</strong></span> <span class='ocrx_word' id='word_1_713' title='bbox 2251 2457 2324 2502; x_wconf 88' lang='lat' dir='ltr'><strong>est</strong></span> <span class='ocrx_word' id='word_1_714' title='bbox 2349 2448 2520 2506; x_wconf 86' lang='lat' dir='ltr'><strong>Filius</strong></span> <span class='ocrx_word' id='word_1_715' title='bbox 2548 2468 2687 2506; x_wconf 87' lang='lat' dir='ltr'><strong>meus</strong></span> <span class='ocrx_word' id='word_1_716' title='bbox 2717 2453 2927 2510; x_wconf 86' lang='lat' dir='ltr'><strong>dilectus</strong></span> <span class='ocrx_word' id='word_1_717' title='bbox 2955 2455 2975 2528; x_wconf 85' lang='lat'><strong>(</strong></span> <span class='ocrx_word' id='word_1_718' title='bbox 2999 2455 3184 2514; x_wconf 79' lang='lat' dir='ltr'><strong>Matth.</strong></span> <span class='ocrx_word' id='word_1_719' title='bbox 3217 2460 3269 2519; x_wconf 78' lang='grc'><strong>5,.</strong></span> <span class='ocrx_word' id='word_1_720' title='bbox 3301 2460 3402 2529; x_wconf 80' lang='grc' dir='ltr'><strong>Π)</strong></span> <span class='ocrx_word' id='word_1_721' title='bbox 3425 2462 3449 2515; x_wconf 86' lang='lat'><strong>?</strong></span> <span class='ocrx_word' id='word_1_722' title='bbox 3473 2463 3578 2523; x_wconf 82' lang='lat' dir='ltr'><strong>Sed</strong></span> <span class='ocrx_word' id='word_1_723' title='bbox 3605 2463 3708 2523; x_wconf 40' lang='lat' dir='ltr'><strong>huc.</strong></span> 
     </span>
    </p>
   </div>
   <div class='ocr_carea' id='block_1_86' title="bbox 2118 2537 3706 2622">
    <p class='ocr_par' dir='ltr' id='par_1_86' title="bbox 2118 2537 3706 2622">
     <span class='ocr_line' id='line_1_86' title="bbox 2118 2537 3706 2622; baseline 0.011 -30"><span class='ocrx_word' id='word_1_724' title='bbox 2118 2537 2294 2606; x_wconf 88' lang='lat' dir='ltr'><strong>posuit</strong></span> <span class='ocrx_word' id='word_1_725' title='bbox 2322 2538 2509 2602; x_wconf 80' lang='lat' dir='ltr'><strong>volens</strong></span> <span class='ocrx_word' id='word_1_726' title='bbox 2534 2542 2820 2599; x_wconf 89' lang='lat' dir='ltr'><strong>ostendere</strong></span> <span class='ocrx_word' id='word_1_727' title='bbox 2847 2557 3099 2615; x_wconf 90' lang='lat' dir='ltr'><strong>quantum</strong></span> <span class='ocrx_word' id='word_1_728' title='bbox 3130 2557 3182 2603; x_wconf 90' lang='lat' dir='ltr'><strong>et</strong></span> <span class='ocrx_word' id='word_1_729' title='bbox 3203 2564 3360 2620; x_wconf 85' lang='lat' dir='ltr'><strong>quam</strong></span> <span class='ocrx_word' id='word_1_730' title='bbox 3391 2555 3706 2622; x_wconf 61' lang='lat' dir='ltr'><strong>prteclarutn</strong></span> 
     </span>
    </p>
   </div>
   <div class='ocr_carea' id='block_1_87' title="bbox 2117 2629 3702 2709">
    <p class='ocr_par' dir='ltr' id='par_1_87' title="bbox 2117 2629 3702 2709">
     <span class='ocr_line' id='line_1_87' title="bbox 2117 2629 3702 2709; baseline 0.011 -25"><span class='ocrx_word' id='word_1_731' title='bbox 2117 2629 2190 2687; x_wconf 89' lang='lat' dir='ltr'><strong>ab.</strong></span> <span class='ocrx_word' id='word_1_732' title='bbox 2209 2645 2274 2687; x_wconf 90' lang='lat' dir='ltr'><strong>eo</strong></span> <span class='ocrx_word' id='word_1_733' title='bbox 2305 2630 2556 2690; x_wconf 86' lang='lat' dir='ltr'><strong>ederetur</strong></span> <span class='ocrx_word' id='word_1_734' title='bbox 2584 2633 2810 2699; x_wconf 82' lang='lat' dir='ltr'><strong>facinus.</strong></span> <span class='ocrx_word' id='word_1_735' title='bbox 2849 2637 3150 2709; x_wconf 88' lang='lat' dir='ltr'><strong>Sicutergo</strong></span> <span class='ocrx_word' id='word_1_736' title='bbox 3192 2641 3298 2701; x_wconf 90' lang='lat' dir='ltr'><strong>illic</strong></span> <span class='ocrx_word' id='word_1_737' title='bbox 3343 2644 3394 2696; x_wconf 91' lang='lat' dir='ltr'><strong>in</strong></span> <span class='ocrx_word' id='word_1_738' title='bbox 3435 2645 3702 2704; x_wconf 87' lang='lat' dir='ltr'><strong>reddenda</strong></span> 
     </span>
    </p>
   </div>
   <div class='ocr_carea' id='block_1_88' title="bbox 2117 2724 3702 2807">
    <p class='ocr_par' dir='ltr' id='par_1_88' title="bbox 2117 2724 3702 2807">
     <span class='ocr_line' id='line_1_88' title="bbox 2117 2724 3702 2807; baseline 0.012 -29"><span class='ocrx_word' id='word_1_739' title='bbox 2117 2724 2325 2784; x_wconf 89' lang='lat' dir='ltr'><strong>ratione</strong></span> <span class='ocrx_word' id='word_1_740' title='bbox 2353 2733 2438 2782; x_wconf 90' lang='lat' dir='ltr'><strong>est</strong></span> <span class='ocrx_word' id='word_1_741' title='bbox 2465 2741 2630 2784; x_wconf 89' lang='lat' dir='ltr'><strong>causa</strong></span> <span class='ocrx_word' id='word_1_742' title='bbox 2652 2729 2827 2802; x_wconf 81' lang='lat' dir='ltr'><strong>aliqua</strong></span> <span class='ocrx_word' id='word_1_743' title='bbox 2854 2771 2870 2796; x_wconf 88' lang='lat'><strong>,</strong></span> <span class='ocrx_word' id='word_1_744' title='bbox 2913 2731 2986 2789; x_wconf 87' lang='lat' dir='ltr'><strong>ita</strong></span> <span class='ocrx_word' id='word_1_745' title='bbox 3015 2733 3173 2792; x_wconf 86' lang='lat' dir='ltr'><strong>etiam</strong></span> <span class='ocrx_word' id='word_1_746' title='bbox 3198 2733 3284 2791; x_wconf 90' lang='lat' dir='ltr'><strong>hic</strong></span> <span class='ocrx_word' id='word_1_747' title='bbox 3309 2752 3519 2807; x_wconf 81' lang='lat' dir='ltr'><strong>quoque</strong></span> <span class='ocrx_word' id='word_1_748' title='bbox 3543 2753 3702 2799; x_wconf 84' lang='lat' dir='ltr'><strong>causa</strong></span> 
     </span>
    </p>
   </div>
   <div class='ocr_carea' id='block_1_89' title="bbox 2115 2818 3703 2904">
    <p class='ocr_par' dir='ltr' id='par_1_89' title="bbox 2115 2818 3703 2904">
     <span class='ocr_line' id='line_1_89' title="bbox 2115 2818 3703 2904; baseline 0.011 -32"><span class='ocrx_word' id='word_1_749' title='bbox 2115 2825 2200 2873; x_wconf 89' lang='lat' dir='ltr'><strong>est</strong></span> <span class='ocrx_word' id='word_1_750' title='bbox 2224 2818 2524 2878; x_wconf 78' lang='lat' dir='ltr'><strong>manifesta.</strong></span> <span class='ocrx_word' id='word_1_751' title='bbox 2549 2821 2659 2879; x_wconf 81' lang='lat' dir='ltr'><strong>Hac</strong></span> <span class='ocrx_word' id='word_1_752' title='bbox 2683 2824 2823 2880; x_wconf 90' lang='lat' dir='ltr'><strong>enim</strong></span> <span class='ocrx_word' id='word_1_753' title='bbox 2851 2825 2918 2881; x_wconf 88' lang='lat' dir='ltr'><strong>de</strong></span> <span class='ocrx_word' id='word_1_754' title='bbox 2937 2840 3096 2882; x_wconf 88' lang='lat' dir='ltr'><strong>causa</strong></span> <span class='ocrx_word' id='word_1_755' title='bbox 3123 2829 3272 2903; x_wconf 77' lang='lat' dir='ltr'><strong>prius</strong></span> <span class='ocrx_word' id='word_1_756' title='bbox 3297 2831 3466 2892; x_wconf 75' lang='lat' dir='ltr'><strong>dixit:</strong></span> <span class='ocrx_word' id='word_1_757' title='bbox 3491 2832 3703 2904; x_wconf 48' lang='lat' dir='ltr'><strong>Specie!</strong></span> 
     </span>
    </p>
   </div>
   <div class='ocr_carea' id='block_1_90' title="bbox 2113 2916 3703 2996">
    <p class='ocr_par' dir='ltr' id='par_1_90' title="bbox 2113 2916 3703 2996">
     <span class='ocr_line' id='line_1_90' title="bbox 2113 2916 3703 2996; baseline 0.011 -30"><span class='ocrx_word' id='word_1_758' title='bbox 2113 2928 2200 2966; x_wconf 85' lang='lat' dir='ltr'><strong>sus</strong></span> <span class='ocrx_word' id='word_1_759' title='bbox 2237 2916 2403 2982; x_wconf 80' lang='lat' dir='ltr'><strong>[arma</strong></span> <span class='ocrx_word' id='word_1_760' title='bbox 2431 2930 2538 2984; x_wconf 75' lang='lat' dir='ltr'><strong>pra:</strong></span> <span class='ocrx_word' id='word_1_761' title='bbox 2562 2916 2684 2984; x_wconf 79' lang='lat' dir='ltr'><strong>ﬁliis</strong></span> <span class='ocrx_word' id='word_1_762' title='bbox 2706 2917 3004 2984; x_wconf 80' lang='lat' dir='ltr'><strong>hominum;</strong></span> <span class='ocrx_word' id='word_1_763' title='bbox 3024 2928 3097 2986; x_wconf 90' lang='lat' dir='ltr'><strong>et,</strong></span> <span class='ocrx_word' id='word_1_764' title='bbox 3131 2919 3332 2988; x_wconf 77' lang='lat' dir='ltr'><strong>Diﬂ&#39;usa</strong></span> <span class='ocrx_word' id='word_1_765' title='bbox 3358 2933 3430 2981; x_wconf 88' lang='lat' dir='ltr'><strong>est</strong></span> <span class='ocrx_word' id='word_1_766' title='bbox 3457 2926 3620 2996; x_wconf 83' lang='lat' dir='ltr'><strong>gratia</strong></span> <span class='ocrx_word' id='word_1_767' title='bbox 3646 2926 3703 2984; x_wconf 78' lang='lat' dir='ltr'><strong>in.</strong></span> 
     </span>
    </p>
   </div>
   <div class='ocr_carea' id='block_1_91' title="bbox 2115 3001 3700 3077">
    <p class='ocr_par' dir='ltr' id='par_1_91' title="bbox 2115 3001 3700 3077">
     <span class='ocr_line' id='line_1_91' title="bbox 2115 3001 3700 3077; baseline 0.011 -21"><span class='ocrx_word' id='word_1_768' title='bbox 2115 3001 2263 3056; x_wconf 87' lang='lat' dir='ltr'><strong>labiis</strong></span> <span class='ocrx_word' id='word_1_769' title='bbox 2287 3003 2386 3058; x_wconf 84' lang='lat' dir='ltr'><strong>tuis</strong></span> <span class='ocrx_word' id='word_1_770' title='bbox 2410 3019 2428 3058; x_wconf 92' lang='lat'><strong><em>:</em></strong></span> <span class='ocrx_word' id='word_1_771' title='bbox 2449 3013 2523 3070; x_wconf 90' lang='lat' dir='ltr'><strong>et,</strong></span> <span class='ocrx_word' id='word_1_772' title='bbox 2550 3004 2826 3077; x_wconf 81' lang='lat' dir='ltr'><strong>PrOpterea</strong></span> <span class='ocrx_word' id='word_1_773' title='bbox 2851 3010 3099 3066; x_wconf 67' lang='lat' dir='ltr'><strong>benedixit</strong></span> <span class='ocrx_word' id='word_1_774' title='bbox 3126 3022 3172 3077; x_wconf 83' lang='lat' dir='ltr'><strong>te</strong></span> <span class='ocrx_word' id='word_1_775' title='bbox 3190 3013 3328 3076; x_wconf 86' lang='lat' dir='ltr'><strong>Deus</strong></span> <span class='ocrx_word' id='word_1_776' title='bbox 3347 3016 3398 3069; x_wconf 88' lang='lat' dir='ltr'><strong>in</strong></span> <span class='ocrx_word' id='word_1_777' title='bbox 3419 3025 3658 3072; x_wconf 77' lang='lat' dir='ltr'><strong>teternum</strong></span> <span class='ocrx_word' id='word_1_778' title='bbox 3677 3033 3700 3073; x_wconf 87' lang='lat'><strong><em>:</em></strong></span> 
     </span>
    </p>
   </div>
   <div class='ocr_carea' id='block_1_92' title="bbox 2114 3092 3704 3176">
    <p class='ocr_par' dir='ltr' id='par_1_92' title="bbox 2114 3092 3704 3176">
     <span class='ocr_line' id='line_1_92' title="bbox 2114 3092 3704 3176; baseline 0.012 -29"><span class='ocrx_word' id='word_1_779' title='bbox 2114 3092 2168 3148; x_wconf 92' lang='lat' dir='ltr'><strong>id</strong></span> <span class='ocrx_word' id='word_1_780' title='bbox 2193 3105 2454 3165; x_wconf 75' lang='lat' dir='ltr'><strong>suscepta:</strong></span> <span class='ocrx_word' id='word_1_781' title='bbox 2480 3095 2792 3154; x_wconf 88' lang='lat' dir='ltr'><strong>humanitati</strong></span> <span class='ocrx_word' id='word_1_782' title='bbox 2822 3099 3132 3158; x_wconf 89' lang='lat' dir='ltr'><strong>adscribeus</strong></span> <span class='ocrx_word' id='word_1_783' title='bbox 3153 3144 3168 3169; x_wconf 93' lang='lat'><strong>,</strong></span> <span class='ocrx_word' id='word_1_784' title='bbox 3195 3113 3252 3161; x_wconf 91' lang='lat' dir='ltr'><strong>ut</strong></span> <span class='ocrx_word' id='word_1_785' title='bbox 3277 3107 3488 3176; x_wconf 88' lang='lat' dir='ltr'><strong>quando</strong></span> <span class='ocrx_word' id='word_1_786' title='bbox 3517 3123 3704 3170; x_wconf 81' lang='lat' dir='ltr'><strong>rursus</strong></span> 
     </span>
    </p>
   </div>
   <div class='ocr_carea' id='block_1_93' title="bbox 2113 3183 3702 3270">
    <p class='ocr_par' dir='ltr' id='par_1_93' title="bbox 2113 3183 3702 3270">
     <span class='ocr_line' id='line_1_93' title="bbox 2113 3183 3702 3270; baseline 0.011 -32"><span class='ocrx_word' id='word_1_787' title='bbox 2113 3183 2404 3242; x_wconf 90' lang='lat' dir='ltr'><strong>humanum</strong></span> <span class='ocrx_word' id='word_1_788' title='bbox 2432 3187 2558 3258; x_wconf 88' lang='lat' dir='ltr'><strong>quid</strong></span> <span class='ocrx_word' id='word_1_789' title='bbox 2584 3189 2822 3246; x_wconf 88' lang='lat' dir='ltr'><strong>dicturus</strong></span> <span class='ocrx_word' id='word_1_790' title='bbox 2843 3191 2932 3259; x_wconf 89' lang='lat' dir='ltr'><strong>sit,</strong></span> <span class='ocrx_word' id='word_1_791' title='bbox 2959 3194 3172 3264; x_wconf 87' lang='lat' dir='ltr'><strong>etquod</strong></span> <span class='ocrx_word' id='word_1_792' title='bbox 3203 3195 3273 3256; x_wconf 87' lang='lat' dir='ltr'><strong>sit</strong></span> <span class='ocrx_word' id='word_1_793' title='bbox 3296 3197 3412 3267; x_wconf 87' lang='lat' dir='ltr'><strong>ejus</strong></span> <span class='ocrx_word' id='word_1_794' title='bbox 3440 3197 3702 3270; x_wconf 81' lang='lat' dir='ltr'><strong>dignitate.</strong></span> 
     </span>
    </p>
   </div>
   <div class='ocr_carea' id='block_1_94' title="bbox 2113 3277 3696 3364">
    <p class='ocr_par' dir='ltr' id='par_1_94' title="bbox 2113 3277 3696 3364">
     <span class='ocr_line' id='line_1_94' title="bbox 2113 3277 3696 3364; baseline 0.009 -31"><span class='ocrx_word' id='word_1_795' title='bbox 2113 3277 2352 3344; x_wconf 73' lang='lat' dir='ltr'><strong>interius,</strong></span> <span class='ocrx_word' id='word_1_796' title='bbox 2382 3295 2449 3336; x_wconf 93' lang='lat' dir='ltr'><strong>ne</strong></span> <span class='ocrx_word' id='word_1_797' title='bbox 2474 3281 2690 3350; x_wconf 87' lang='lat' dir='ltr'><strong>labaris,</strong></span> <span class='ocrx_word' id='word_1_798' title='bbox 2722 3283 2817 3339; x_wconf 79' lang='lat' dir='ltr'><strong>sed</strong></span> <span class='ocrx_word' id='word_1_799' title='bbox 2842 3299 3132 3356; x_wconf 85' lang='lat' dir='ltr'><strong>cognoscas</strong></span> <span class='ocrx_word' id='word_1_800' title='bbox 3162 3287 3231 3344; x_wconf 90' lang='lat' dir='ltr'><strong>de</strong></span> <span class='ocrx_word' id='word_1_801' title='bbox 3255 3305 3484 3361; x_wconf 82' lang='lat' dir='ltr'><strong>quonam</strong></span> <span class='ocrx_word' id='word_1_802' title='bbox 3516 3293 3696 3364; x_wconf 75' lang='lat' dir='ltr'><strong>loqua-</strong></span> 
     </span>
    </p>
   </div>
   <div class='ocr_carea' id='block_1_95' title="bbox 2113 3371 3694 3451">
    <p class='ocr_par' dir='ltr' id='par_1_95' title="bbox 2113 3371 3694 3451">
     <span class='ocr_line' id='line_1_95' title="bbox 2113 3371 3694 3451; baseline 0.008 -25"><span class='ocrx_word' id='word_1_803' title='bbox 2113 3379 2217 3426; x_wconf 89' lang='lat' dir='ltr'><strong>tur.</strong></span> <span class='ocrx_word' id='word_1_804' title='bbox 2246 3371 2320 3427; x_wconf 91' lang='lat' dir='ltr'><strong>Ita</strong></span> <span class='ocrx_word' id='word_1_805' title='bbox 2349 3373 2509 3428; x_wconf 90' lang='lat' dir='ltr'><strong>etiam</strong></span> <span class='ocrx_word' id='word_1_806' title='bbox 2534 3372 2698 3429; x_wconf 76' lang='lat' dir='ltr'><strong>Jacob</strong></span> <span class='ocrx_word' id='word_1_807' title='bbox 2726 3375 3069 3433; x_wconf 89' lang='lat' dir='ltr'><strong>humanitatis</strong></span> <span class='ocrx_word' id='word_1_808' title='bbox 3112 3391 3374 3451; x_wconf 79' lang='lat' dir='ltr'><strong>susceptae</strong></span> <span class='ocrx_word' id='word_1_809' title='bbox 3417 3383 3694 3448; x_wconf 83' lang='lat' dir='ltr'><strong>consilium</strong></span> 
     </span>
    </p>
   </div>
   <div class='ocr_carea' id='block_1_96' title="bbox 2111 3465 3699 3546">
    <p class='ocr_par' dir='ltr' id='par_1_96' title="bbox 2111 3465 3699 3546">
     <span class='ocr_line' id='line_1_96' title="bbox 2111 3465 3699 3546; baseline 0.006 -26"><span class='ocrx_word' id='word_1_810' title='bbox 2111 3465 2455 3537; x_wconf 83' lang='lat' dir='ltr'><strong>signiﬁcans,</strong></span> <span class='ocrx_word' id='word_1_811' title='bbox 2512 3477 2632 3538; x_wconf 92' lang='lat' dir='ltr'><strong>post</strong></span> <span class='ocrx_word' id='word_1_812' title='bbox 2679 3470 2844 3525; x_wconf 91' lang='lat' dir='ltr'><strong>multa</strong></span> <span class='ocrx_word' id='word_1_813' title='bbox 2889 3471 2996 3526; x_wconf 89' lang='lat' dir='ltr'><strong>alia</strong></span> <span class='ocrx_word' id='word_1_814' title='bbox 3039 3472 3288 3528; x_wconf 89' lang='lat' dir='ltr'><strong>dicebat:</strong></span> <span class='ocrx_word' id='word_1_815' title='bbox 3323 3473 3543 3532; x_wconf 67' lang='grc' dir='ltr'><strong>(ἕναιὶοεὶ</strong></span> <span class='ocrx_word' id='word_1_816' title='bbox 3586 3478 3699 3546; x_wconf 73' lang='lat' dir='ltr'><strong>ejus</strong></span> 
     </span>
    </p>
   </div>
   <div class='ocr_carea' id='block_1_97' title="bbox 2112 3559 3693 3638">
    <p class='ocr_par' dir='ltr' id='par_1_97' title="bbox 2112 3559 3693 3638">
     <span class='ocr_line' id='line_1_97' title="bbox 2112 3559 3693 3638; baseline 0.003 -25"><span class='ocrx_word' id='word_1_817' title='bbox 2112 3559 2252 3614; x_wconf 85' lang='lat' dir='ltr'><strong>oculi</strong></span> <span class='ocrx_word' id='word_1_818' title='bbox 2281 3561 2408 3614; x_wconf 83' lang='lat' dir='ltr'><strong>sicut</strong></span> <span class='ocrx_word' id='word_1_819' title='bbox 2433 3560 2600 3615; x_wconf 82' lang='lat' dir='ltr'><strong>vinum</strong></span> <span class='ocrx_word' id='word_1_820' title='bbox 2621 3603 2640 3628; x_wconf 91' lang='lat'><strong>,_</strong></span> <span class='ocrx_word' id='word_1_821' title='bbox 2672 3572 2718 3616; x_wconf 90' lang='lat' dir='ltr'><strong>et</strong></span> <span class='ocrx_word' id='word_1_822' title='bbox 2757 3563 2962 3617; x_wconf 87' lang='lat' dir='ltr'><strong>candidi</strong></span> <span class='ocrx_word' id='word_1_823' title='bbox 2985 3565 3155 3620; x_wconf 86' lang='lat' dir='ltr'><strong>dentes</strong></span> <span class='ocrx_word' id='word_1_824' title='bbox 3173 3567 3281 3635; x_wconf 81' lang='lat' dir='ltr'><strong>ejus</strong></span> <span class='ocrx_word' id='word_1_825' title='bbox 3301 3566 3416 3636; x_wconf 82' lang='lat' dir='ltr'><strong>plus</strong></span> <span class='ocrx_word' id='word_1_826' title='bbox 3437 3584 3586 3638; x_wconf 83' lang='lat' dir='ltr'><strong>quant</strong></span> <span class='ocrx_word' id='word_1_827' title='bbox 3613 3572 3693 3630; x_wconf 73' lang='lat' dir='ltr'><strong>(ne</strong></span> 
     </span>
    </p>
   </div>
   <div class='ocr_carea' id='block_1_98' title="bbox 2111 3650 3680 3725">
    <p class='ocr_par' dir='ltr' id='par_1_98' title="bbox 2111 3650 3680 3725">
     <span class='ocr_line' id='line_1_98' title="bbox 2111 3650 3680 3725; baseline 0.001 -19"><span class='ocrx_word' id='word_1_828' title='bbox 2111 3650 2274 3722; x_wconf 79' lang='lat' dir='ltr'><strong>(Gen.</strong></span> <span class='ocrx_word' id='word_1_829' title='bbox 2310 3651 2400 3708; x_wconf 73' lang='grc'><strong>49.</strong></span> <span class='ocrx_word' id='word_1_830' title='bbox 2434 3653 2560 3725; x_wconf 67' lang='grc'><strong>12).</strong></span> <span class='ocrx_word' id='word_1_831' title='bbox 2607 3655 2863 3718; x_wconf 81' lang='lat' dir='ltr'><strong>Divinitas</strong></span> <span class='ocrx_word' id='word_1_832' title='bbox 2901 3666 3078 3712; x_wconf 89' lang='lat' dir='ltr'><strong>autem</strong></span> <span class='ocrx_word' id='word_1_833' title='bbox 3133 3672 3237 3710; x_wconf 92' lang='lat' dir='ltr'><strong>non</strong></span> <span class='ocrx_word' id='word_1_834' title='bbox 3275 3657 3431 3712; x_wconf 89' lang='lat' dir='ltr'><strong>habet</strong></span> <span class='ocrx_word' id='word_1_835' title='bbox 3472 3658 3680 3713; x_wconf 89' lang='lat' dir='ltr'><strong>dentes.</strong></span> 
     </span>
    </p>
   </div>
   <div class='ocr_carea' id='block_1_99' title="bbox 2111 3745 3692 3817">
    <p class='ocr_par' dir='ltr' id='par_1_99' title="bbox 2111 3745 3692 3817">
     <span class='ocr_line' id='line_1_99' title="bbox 2111 3745 3692 3817; baseline 0.004 -19"><span class='ocrx_word' id='word_1_836' title='bbox 2111 3745 2264 3800; x_wconf 85' lang='lat' dir='ltr'><strong>Alius</strong></span> <span class='ocrx_word' id='word_1_837' title='bbox 2290 3761 2503 3816; x_wconf 90' lang='lat' dir='ltr'><strong>quoque</strong></span> <span class='ocrx_word' id='word_1_838' title='bbox 2536 3746 2794 3817; x_wconf 85' lang='lat' dir='ltr'><strong>prOpheta</strong></span> <span class='ocrx_word' id='word_1_839' title='bbox 2821 3749 2950 3810; x_wconf 88' lang='lat' dir='ltr'><strong>dicit</strong></span> <span class='ocrx_word' id='word_1_840' title='bbox 2979 3768 2992 3802; x_wconf 91' lang='lat'><strong>:</strong></span> <span class='ocrx_word' id='word_1_841' title='bbox 3027 3748 3279 3806; x_wconf 86' lang='lat' dir='ltr'><strong>Percutiet</strong></span> <span class='ocrx_word' id='word_1_842' title='bbox 3322 3761 3504 3805; x_wconf 88' lang='lat' dir='ltr'><strong>terram</strong></span> <span class='ocrx_word' id='word_1_843' title='bbox 3547 3752 3692 3806; x_wconf 80' lang='lat' dir='ltr'><strong>verba</strong></span> 
     </span>
    </p>
   </div>
   <div class='ocr_carea' id='block_1_100' title="bbox 2111 3837 3701 3916">
    <p class='ocr_par' dir='ltr' id='par_1_100' title="bbox 2111 3837 3701 3916">
     <span class='ocr_line' id='line_1_100' title="bbox 2111 3837 3701 3916; baseline 0.005 -26"><span class='ocrx_word' id='word_1_844' title='bbox 2111 3837 2212 3890; x_wconf 89' lang='lat' dir='ltr'><strong>oris</strong></span> <span class='ocrx_word' id='word_1_845' title='bbox 2241 3837 2340 3904; x_wconf 88' lang='lat' dir='ltr'><strong>sui,</strong></span> <span class='ocrx_word' id='word_1_846' title='bbox 2369 3847 2414 3891; x_wconf 90' lang='lat' dir='ltr'><strong>et</strong></span> <span class='ocrx_word' id='word_1_847' title='bbox 2439 3838 2619 3907; x_wconf 88' lang='lat' dir='ltr'><strong>spiritu</strong></span> <span class='ocrx_word' id='word_1_848' title='bbox 2655 3839 2900 3898; x_wconf 79' lang='lat' dir='ltr'><strong>[abiaram</strong></span> <span class='ocrx_word' id='word_1_849' title='bbox 2923 3841 3063 3900; x_wconf 81' lang='lat' dir='ltr'><strong>tollet</strong></span> <span class='ocrx_word' id='word_1_850' title='bbox 3083 3841 3458 3914; x_wconf 87' lang='lat' dir='ltr'><strong>impium(lsai.</strong></span> <span class='ocrx_word' id='word_1_851' title='bbox 3506 3844 3591 3898; x_wconf 82' lang='lat' dir='ltr'><strong>ll.</strong></span> <span class='ocrx_word' id='word_1_852' title='bbox 3613 3845 3701 3916; x_wconf 72' lang='lat' dir='ltr'><strong>4),L</strong></span> 
     </span>
    </p>
   </div>
   <div class='ocr_carea' id='block_1_101' title="bbox 2110 3925 3692 3998">
    <p class='ocr_par' dir='ltr' id='par_1_101' title="bbox 2110 3925 3692 3998">
     <span class='ocr_line' id='line_1_101' title="bbox 2110 3925 3692 3998; baseline 0.003 -16"><span class='ocrx_word' id='word_1_853' title='bbox 2110 3925 2297 3982; x_wconf 88' lang='lat' dir='ltr'><strong>eadem</strong></span> <span class='ocrx_word' id='word_1_854' title='bbox 2336 3927 2519 3983; x_wconf 90' lang='lat' dir='ltr'><strong>dicens</strong></span> <span class='ocrx_word' id='word_1_855' title='bbox 2540 3945 2658 3998; x_wconf 71' lang='lat' dir='ltr'><strong>qua:</strong></span> <span class='ocrx_word' id='word_1_856' title='bbox 2687 3929 2882 3984; x_wconf 85' lang='lat' dir='ltr'><strong>Paulus</strong></span> <span class='ocrx_word' id='word_1_857' title='bbox 2913 3949 2926 3986; x_wconf 87' lang='lat'><strong>:</strong></span> <span class='ocrx_word' id='word_1_858' title='bbox 2963 3931 3121 3998; x_wconf 82' lang='lat' dir='ltr'><strong>Quem</strong></span> <span class='ocrx_word' id='word_1_859' title='bbox 3153 3931 3403 3988; x_wconf 83' lang='lat' dir='ltr'><strong>Dominus</strong></span> <span class='ocrx_word' id='word_1_860' title='bbox 3443 3945 3692 3989; x_wconf 84' lang='lat' dir='ltr'><strong>consumet</strong></span> 
     </span>
    </p>
   </div>
   <div class='ocr_carea' id='block_1_102' title="bbox 2109 4020 3705 4098">
    <p class='ocr_par' dir='ltr' id='par_1_102' title="bbox 2109 4020 3705 4098">
     <span class='ocr_line' id='line_1_102' title="bbox 2109 4020 3705 4098; baseline 0.003 -25"><span class='ocrx_word' id='word_1_861' title='bbox 2109 4020 2292 4089; x_wconf 88' lang='lat' dir='ltr'><strong>spiritu</strong></span> <span class='ocrx_word' id='word_1_862' title='bbox 2320 4023 2422 4076; x_wconf 84' lang='lat' dir='ltr'><strong>oris</strong></span> <span class='ocrx_word' id='word_1_863' title='bbox 2457 4022 2569 4086; x_wconf 89' lang='lat' dir='ltr'><strong>sui,</strong></span> <span class='ocrx_word' id='word_1_864' title='bbox 2611 4032 2658 4076; x_wconf 88' lang='lat' dir='ltr'><strong>et</strong></span> <span class='ocrx_word' id='word_1_865' title='bbox 2693 4023 2906 4078; x_wconf 89' lang='lat' dir='ltr'><strong>abolebit</strong></span> <span class='ocrx_word' id='word_1_866' title='bbox 2937 4025 3255 4095; x_wconf 86' lang='lat' dir='ltr'><strong>apparitione</strong></span> <span class='ocrx_word' id='word_1_867' title='bbox 3280 4041 3387 4083; x_wconf 66' lang='lat' dir='ltr'><strong>suae</strong></span> <span class='ocrx_word' id='word_1_868' title='bbox 3421 4027 3705 4098; x_wconf 73' lang='lat' dir='ltr'><strong>prwseutite</strong></span> 
     </span>
    </p>
   </div>
   <div class='ocr_carea' id='block_1_103' title="bbox 2112 4112 2606 4187">
    <p class='ocr_par' dir='ltr' id='par_1_103' title="bbox 2112 4112 2606 4187">
     <span class='ocr_line' id='line_1_103' title="bbox 2112 4112 2606 4187; baseline 0 -19"><span class='ocrx_word' id='word_1_869' title='bbox 2112 4113 2202 4186; x_wconf 68' lang='grc' dir='ltr'><strong>(ἓ.</strong></span> <span class='ocrx_word' id='word_1_870' title='bbox 2235 4112 2409 4170; x_wconf 88' lang='lat' dir='ltr'><strong>Thess.</strong></span> <span class='ocrx_word' id='word_1_871' title='bbox 2438 4115 2492 4169; x_wconf 77' lang='grc'><strong>2.</strong></span> <span class='ocrx_word' id='word_1_872' title='bbox 2517 4113 2606 4187; x_wconf 88' lang='lat'><strong>8).</strong></span> 
     </span>
    </p>
   </div>
   <div class='ocr_carea' id='block_1_104' title="bbox 2181 4205 3694 4278">
    <p class='ocr_par' dir='ltr' id='par_1_104' title="bbox 2181 4205 3694 4278">
     <span class='ocr_line' id='line_1_104' title="bbox 2181 4205 3694 4278; baseline 0.004 -20"><span class='ocrx_word' id='word_1_873' title='bbox 2181 4205 2411 4262; x_wconf 79' lang='lat' dir='ltr'><strong>Christus</strong></span> <span class='ocrx_word' id='word_1_874' title='bbox 2435 4217 2490 4261; x_wconf 89' lang='lat' dir='ltr'><strong>ut</strong></span> <span class='ocrx_word' id='word_1_875' title='bbox 2515 4206 2853 4262; x_wconf 85' lang='lat' dir='ltr'><strong>benedicatur.</strong></span> <span class='ocrx_word' id='word_1_876' title='bbox 2882 4237 2956 4248; x_wconf 92' lang='lat'><strong>—</strong></span> <span class='ocrx_word' id='word_1_877' title='bbox 2982 4207 3061 4263; x_wconf 90' lang='lat' dir='ltr'><strong>Ne</strong></span> <span class='ocrx_word' id='word_1_878' title='bbox 3083 4217 3136 4262; x_wconf 90' lang='lat' dir='ltr'><strong>tu</strong></span> <span class='ocrx_word' id='word_1_879' title='bbox 3164 4222 3292 4278; x_wconf 79' lang='lat' dir='ltr'><strong>ergo</strong></span> <span class='ocrx_word' id='word_1_880' title='bbox 3317 4223 3436 4264; x_wconf 89' lang='lat' dir='ltr'><strong>cum</strong></span> <span class='ocrx_word' id='word_1_881' title='bbox 3468 4209 3582 4274; x_wconf 66' lang='lat' dir='ltr'><strong>hate</strong></span> <span class='ocrx_word' id='word_1_882' title='bbox 3602 4228 3694 4275; x_wconf 75' lang='lat' dir='ltr'><strong>au-</strong></span> 
     </span>
    </p>
   </div>
   <div class='ocr_carea' id='block_1_105' title="bbox 2109 4297 3704 4366">
    <p class='ocr_par' dir='ltr' id='par_1_105' title="bbox 2109 4297 3704 4366">
     <span class='ocr_line' id='line_1_105' title="bbox 2109 4297 3704 4366; baseline 0.004 -14"><span class='ocrx_word' id='word_1_883' title='bbox 2109 4297 2303 4366; x_wconf 86' lang='lat' dir='ltr'><strong>dieris,</strong></span> <span class='ocrx_word' id='word_1_884' title='bbox 2326 4307 2641 4364; x_wconf 84' lang='lat' dir='ltr'><strong>contemnas</strong></span> <span class='ocrx_word' id='word_1_885' title='bbox 2665 4338 2681 4362; x_wconf 85' lang='lat'><strong>.</strong></span> <span class='ocrx_word' id='word_1_886' title='bbox 2711 4297 2948 4354; x_wconf 90' lang='lat' dir='ltr'><strong>ostendit</strong></span> <span class='ocrx_word' id='word_1_887' title='bbox 2969 4298 3062 4353; x_wconf 89' lang='lat' dir='ltr'><strong>tibi</strong></span> <span class='ocrx_word' id='word_1_888' title='bbox 3083 4297 3224 4354; x_wconf 88' lang='lat' dir='ltr'><strong>vires</strong></span> <span class='ocrx_word' id='word_1_889' title='bbox 3251 4299 3561 4356; x_wconf 87' lang='lat' dir='ltr'><strong>divinitatis.</strong></span> <span class='ocrx_word' id='word_1_890' title='bbox 3590 4303 3704 4359; x_wconf 81' lang='lat' dir='ltr'><strong>Ne-.</strong></span> 
     </span>
    </p>
   </div>
   <div class='ocr_carea' id='block_1_106' title="bbox 2109 4388 3696 4462">
    <p class='ocr_par' dir='ltr' id='par_1_106' title="bbox 2109 4388 3696 4462">
     <span class='ocr_line' id='line_1_106' title="bbox 2109 4388 3696 4462; baseline 0.002 -18"><span class='ocrx_word' id='word_1_891' title='bbox 2109 4405 2211 4458; x_wconf 84' lang='lat' dir='ltr'><strong>que</strong></span> <span class='ocrx_word' id='word_1_892' title='bbox 2240 4389 2382 4444; x_wconf 91' lang='lat' dir='ltr'><strong>enim</strong></span> <span class='ocrx_word' id='word_1_893' title='bbox 2403 4405 2620 4446; x_wconf 86' lang='lat' dir='ltr'><strong>carnem</strong></span> <span class='ocrx_word' id='word_1_894' title='bbox 2647 4389 2834 4445; x_wconf 85' lang='lat' dir='ltr'><strong>dividit</strong></span> <span class='ocrx_word' id='word_1_895' title='bbox 2858 4404 2888 4444; x_wconf 91' lang='lat' dir='ltr'><strong>a</strong></span> <span class='ocrx_word' id='word_1_896' title='bbox 2917 4388 3221 4456; x_wconf 82' lang='lat' dir='ltr'><strong>divinitate,</strong></span> <span class='ocrx_word' id='word_1_897' title='bbox 3250 4405 3425 4462; x_wconf 84' lang='lat' dir='ltr'><strong>neque</strong></span> <span class='ocrx_word' id='word_1_898' title='bbox 3449 4391 3696 4458; x_wconf 86' lang='lat' dir='ltr'><strong>divinita-</strong></span> 
     </span>
    </p>
   </div>
   <div class='ocr_carea' id='block_1_107' title="bbox 2109 4480 3694 4550">
    <p class='ocr_par' dir='ltr' id='par_1_107' title="bbox 2109 4480 3694 4550">
     <span class='ocr_line' id='line_1_107' title="bbox 2109 4480 3694 4550; baseline 0.001 -14"><span class='ocrx_word' id='word_1_899' title='bbox 2109 4489 2218 4540; x_wconf 88' lang='lat' dir='ltr'><strong>tem</strong></span> <span class='ocrx_word' id='word_1_900' title='bbox 2240 4496 2269 4534; x_wconf 91' lang='lat' dir='ltr'><strong>a</strong></span> <span class='ocrx_word' id='word_1_901' title='bbox 2298 4495 2478 4548; x_wconf 90' lang='lat' dir='ltr'><strong>carne,</strong></span> <span class='ocrx_word' id='word_1_902' title='bbox 2512 4497 2618 4537; x_wconf 93' lang='lat' dir='ltr'><strong>non</strong></span> <span class='ocrx_word' id='word_1_903' title='bbox 2651 4481 2975 4537; x_wconf 88' lang='lat' dir='ltr'><strong>substantias</strong></span> <span class='ocrx_word' id='word_1_904' title='bbox 3001 4480 3363 4548; x_wconf 89' lang='lat' dir='ltr'><strong>confundens,</strong></span> <span class='ocrx_word' id='word_1_905' title='bbox 3395 4483 3530 4550; x_wconf 80' lang='lat' dir='ltr'><strong>absit</strong></span> <span class='ocrx_word' id='word_1_906' title='bbox 3556 4501 3571 4538; x_wconf 86' lang='lat'><strong>:</strong></span> <span class='ocrx_word' id='word_1_907' title='bbox 3602 4485 3694 4540; x_wconf 87' lang='lat' dir='ltr'><strong>sed</strong></span> 
     </span>
    </p>
   </div>
   <div class='ocr_carea' id='block_1_108' title="bbox 2109 4571 3705 4644">
    <p class='ocr_par' dir='ltr' id='par_1_108' title="bbox 2109 4571 3705 4644">
     <span class='ocr_line' id='line_1_108' title="bbox 2109 4571 3705 4644; baseline 0.001 -15"><span class='ocrx_word' id='word_1_908' title='bbox 2109 4571 2358 4629; x_wconf 84' lang='lat' dir='ltr'><strong>unionem</strong></span> <span class='ocrx_word' id='word_1_909' title='bbox 2381 4572 2690 4628; x_wconf 89' lang='lat' dir='ltr'><strong>ostendens.</strong></span> <span class='ocrx_word' id='word_1_910' title='bbox 2715 4574 2998 4644; x_wconf 86' lang='lat' dir='ltr'><strong>PrOpterea</strong></span> <span class='ocrx_word' id='word_1_911' title='bbox 3020 4573 3144 4630; x_wconf 89' lang='lat' dir='ltr'><strong>dicit</strong></span> <span class='ocrx_word' id='word_1_912' title='bbox 3169 4592 3186 4632; x_wconf 90' lang='lat'><strong>:</strong></span> <span class='ocrx_word' id='word_1_913' title='bbox 3207 4573 3472 4630; x_wconf 73' lang='lat' dir='ltr'><strong>Benedixit</strong></span> <span class='ocrx_word' id='word_1_914' title='bbox 3494 4585 3540 4629; x_wconf 91' lang='lat' dir='ltr'><strong>te</strong></span> <span class='ocrx_word' id='word_1_915' title='bbox 3561 4575 3705 4637; x_wconf 37' lang='lat' dir='ltr'><strong>Deus,</strong></span> 
     </span>
    </p>
   </div>
   <div class='ocr_carea' id='block_1_109' title="bbox 2107 4663 3695 4732">
    <p class='ocr_par' dir='ltr' id='par_1_109' title="bbox 2107 4663 3695 4732">
     <span class='ocr_line' id='line_1_109' title="bbox 2107 4663 3695 4732; baseline 0.003 -16"><span class='ocrx_word' id='word_1_916' title='bbox 2107 4663 2161 4717; x_wconf 81' lang='lat' dir='ltr'><strong>in</strong></span> <span class='ocrx_word' id='word_1_917' title='bbox 2207 4673 2470 4720; x_wconf 81' lang='lat' dir='ltr'><strong>teternum.</strong></span> <span class='ocrx_word' id='word_1_918' title='bbox 2519 4665 2649 4732; x_wconf 89' lang='lat' dir='ltr'><strong>Quis</strong></span> <span class='ocrx_word' id='word_1_919' title='bbox 2693 4675 2777 4720; x_wconf 92' lang='lat' dir='ltr'><strong>est</strong></span> <span class='ocrx_word' id='word_1_920' title='bbox 2819 4675 2996 4722; x_wconf 92' lang='lat' dir='ltr'><strong>autem</strong></span> <span class='ocrx_word' id='word_1_921' title='bbox 3039 4665 3230 4722; x_wconf 85' lang='lat' dir='ltr'><strong>modus</strong></span> <span class='ocrx_word' id='word_1_922' title='bbox 3277 4665 3695 4722; x_wconf 88' lang='lat' dir='ltr'><strong>benedictionis?</strong></span> 
     </span>
    </p>
   </div>
   <div class='ocr_carea' id='block_1_110' title="bbox 2109 4754 3702 4828">
    <p class='ocr_par' dir='ltr' id='par_1_110' title="bbox 2109 4754 3702 4828">
     <span class='ocr_line' id='line_1_110' title="bbox 2109 4754 3702 4828; baseline 0.003 -20"><span class='ocrx_word' id='word_1_923' title='bbox 2109 4754 2378 4811; x_wconf 81' lang='lat' dir='ltr'><strong>Assistunt</strong></span> <span class='ocrx_word' id='word_1_924' title='bbox 2401 4757 2608 4827; x_wconf 85' lang='lat' dir='ltr'><strong>angeli,</strong></span> <span class='ocrx_word' id='word_1_925' title='bbox 2638 4757 2978 4828; x_wconf 87' lang='lat' dir='ltr'><strong>archangeli,</strong></span> <span class='ocrx_word' id='word_1_926' title='bbox 3023 4757 3238 4825; x_wconf 91' lang='lat' dir='ltr'><strong>throni,</strong></span> <span class='ocrx_word' id='word_1_927' title='bbox 3268 4756 3702 4828; x_wconf 71' lang='lat' dir='ltr'><strong>dominationes,</strong></span> 
     </span>
    </p>
   </div>
   <div class='ocr_carea' id='block_1_111' title="bbox 2109 4848 3705 4919">
    <p class='ocr_par' dir='ltr' id='par_1_111' title="bbox 2109 4848 3705 4919">
     <span class='ocr_line' id='line_1_111' title="bbox 2109 4848 3705 4919; baseline 0.002 -14"><span class='ocrx_word' id='word_1_928' title='bbox 2109 4848 2432 4918; x_wconf 85' lang='lat' dir='ltr'><strong>principatus</strong></span> <span class='ocrx_word' id='word_1_929' title='bbox 2459 4890 2474 4914; x_wconf 97' lang='lat'><strong>,</strong></span> <span class='ocrx_word' id='word_1_930' title='bbox 2508 4858 2819 4919; x_wconf 88' lang='lat' dir='ltr'><strong>potestates,</strong></span> <span class='ocrx_word' id='word_1_931' title='bbox 2854 4851 3096 4907; x_wconf 86' lang='lat' dir='ltr'><strong>laudibus</strong></span> <span class='ocrx_word' id='word_1_932' title='bbox 3120 4852 3449 4908; x_wconf 78' lang='lat' dir='ltr'><strong>celebrantes</strong></span> <span class='ocrx_word' id='word_1_933' title='bbox 3477 4869 3490 4905; x_wconf 91' lang='lat'>:</span> <span class='ocrx_word' id='word_1_934' title='bbox 3523 4853 3705 4919; x_wconf 15' lang='lat' dir='ltr'><strong>omnis,</strong></span> 
     </span>
    </p>
   </div>
   <div class='ocr_carea' id='block_1_112' title="bbox 2110 4943 3701 5012">
    <p class='ocr_par' dir='ltr' id='par_1_112' title="bbox 2110 4943 3701 5012">
     <span class='ocr_line' id='line_1_112' title="bbox 2110 4943 3701 5012; baseline 0.002 -15"><span class='ocrx_word' id='word_1_935' title='bbox 2110 4952 2248 4999; x_wconf 88' lang='lat' dir='ltr'><strong>terra</strong></span> <span class='ocrx_word' id='word_1_936' title='bbox 2284 4959 2312 4997; x_wconf 90' lang='lat' dir='ltr'><strong>a</strong></span> <span class='ocrx_word' id='word_1_937' title='bbox 2342 4943 2534 5000; x_wconf 90' lang='lat' dir='ltr'><strong>ﬁnibus</strong></span> <span class='ocrx_word' id='word_1_938' title='bbox 2582 4944 2632 4998; x_wconf 92' lang='lat' dir='ltr'><strong>in</strong></span> <span class='ocrx_word' id='word_1_939' title='bbox 2675 4945 2808 4999; x_wconf 88' lang='lat' dir='ltr'><strong>ﬁnes</strong></span> <span class='ocrx_word' id='word_1_940' title='bbox 2850 4945 3017 5000; x_wconf 90' lang='lat' dir='ltr'><strong>Deum</strong></span> <span class='ocrx_word' id='word_1_941' title='bbox 3047 4946 3380 5000; x_wconf 87' lang='lat' dir='ltr'><strong>incarnatum</strong></span> <span class='ocrx_word' id='word_1_942' title='bbox 3426 4945 3606 5012; x_wconf 81' lang='lat' dir='ltr'><strong>canit,</strong></span> <span class='ocrx_word' id='word_1_943' title='bbox 3644 4954 3701 5010; x_wconf 81' lang='lat' dir='ltr'><strong>et</strong></span> 
     </span>
    </p>
   </div>
   <div class='ocr_carea' id='block_1_113' title="bbox 2109 5034 3704 5108">
    <p class='ocr_par' dir='ltr' id='par_1_113' title="bbox 2109 5034 3704 5108">
     <span class='ocr_line' id='line_1_113' title="bbox 2109 5034 3704 5108; baseline 0.001 -18"><span class='ocrx_word' id='word_1_944' title='bbox 2109 5034 2352 5094; x_wconf 87' lang='lat' dir='ltr'><strong>laudibus</strong></span> <span class='ocrx_word' id='word_1_945' title='bbox 2381 5035 2568 5092; x_wconf 88' lang='lat' dir='ltr'><strong>afﬁcit.</strong></span> <span class='ocrx_word' id='word_1_946' title='bbox 2603 5037 2812 5092; x_wconf 87' lang='lat' dir='ltr'><strong>Primus</strong></span> <span class='ocrx_word' id='word_1_947' title='bbox 2837 5037 2980 5092; x_wconf 90' lang='lat' dir='ltr'><strong>enim</strong></span> <span class='ocrx_word' id='word_1_948' title='bbox 3009 5037 3178 5092; x_wconf 84' lang='lat' dir='ltr'><strong>Adam</strong></span> <span class='ocrx_word' id='word_1_949' title='bbox 3225 5037 3423 5108; x_wconf 88' lang='lat' dir='ltr'><strong>ingenti</strong></span> <span class='ocrx_word' id='word_1_950' title='bbox 3467 5038 3704 5108; x_wconf 71' lang='lat' dir='ltr'><strong>repletus,</strong></span> 
     </span>
    </p>
   </div>
   <div class='ocr_carea' id='block_1_114' title="bbox 2109 5130 3698 5200">
    <p class='ocr_par' dir='ltr' id='par_1_114' title="bbox 2109 5130 3698 5200">
     <span class='ocr_line' id='line_1_114' title="bbox 2109 5130 3698 5200; baseline -0.001 -15"><span class='ocrx_word' id='word_1_951' title='bbox 2109 5130 2206 5186; x_wconf 90' lang='lat' dir='ltr'><strong>fuit</strong></span> <span class='ocrx_word' id='word_1_952' title='bbox 2235 5131 2631 5200; x_wconf 87' lang='lat' dir='ltr'><strong>maledictionc,</strong></span> <span class='ocrx_word' id='word_1_953' title='bbox 2663 5133 2748 5188; x_wconf 90' lang='lat' dir='ltr'><strong>hic</strong></span> <span class='ocrx_word' id='word_1_954' title='bbox 2770 5143 2956 5193; x_wconf 85' lang='lat' dir='ltr'><strong>contra</strong></span> <span class='ocrx_word' id='word_1_955' title='bbox 2983 5132 3147 5186; x_wconf 89' lang='lat' dir='ltr'><strong>multa</strong></span> <span class='ocrx_word' id='word_1_956' title='bbox 3177 5131 3568 5187; x_wconf 89' lang='lat' dir='ltr'><strong>benedictione.</strong></span> <span class='ocrx_word' id='word_1_957' title='bbox 3607 5131 3698 5185; x_wconf 87' lang='lat' dir='ltr'><strong>llle</strong></span> 
     </span>
    </p>
   </div>
   <div class='ocr_carea' id='block_1_115' title="bbox 2107 5222 3694 5293">
    <p class='ocr_par' dir='ltr' id='par_1_115' title="bbox 2107 5222 3694 5293">
     <span class='ocr_line' id='line_1_115' title="bbox 2107 5222 3694 5293; baseline 0.003 -15"><span class='ocrx_word' id='word_1_958' title='bbox 2107 5223 2346 5290; x_wconf 81' lang='lat' dir='ltr'><strong>audivit,</strong></span> <span class='ocrx_word' id='word_1_959' title='bbox 2381 5223 2687 5280; x_wconf 81' lang='lat' dir='ltr'><strong>Maledictus</strong></span> <span class='ocrx_word' id='word_1_960' title='bbox 2716 5235 2769 5277; x_wconf 87' lang='lat' dir='ltr'><strong>tu</strong></span> <span class='ocrx_word' id='word_1_961' title='bbox 2795 5242 2848 5278; x_wconf 80' lang='lat' dir='ltr'><strong>ut</strong></span> <span class='ocrx_word' id='word_1_962' title='bbox 2875 5223 3110 5293; x_wconf 83' lang='lat' dir='ltr'><strong>operibus</strong></span> <span class='ocrx_word' id='word_1_963' title='bbox 3141 5224 3248 5282; x_wconf 81' lang='lat' dir='ltr'><strong>tuis.</strong></span> <span class='ocrx_word' id='word_1_964' title='bbox 3267 5224 3284 5293; x_wconf 95' lang='lat'><strong>(</strong></span> <span class='ocrx_word' id='word_1_965' title='bbox 3306 5222 3435 5279; x_wconf 77' lang='lat' dir='ltr'><strong>Gen.</strong></span> <span class='ocrx_word' id='word_1_966' title='bbox 3464 5225 3517 5278; x_wconf 81' lang='grc'><strong>5.</strong></span> <span class='ocrx_word' id='word_1_967' title='bbox 3552 5224 3652 5293; x_wconf 79' lang='grc'><strong>17)</strong></span> <span class='ocrx_word' id='word_1_968' title='bbox 3679 5239 3694 5283; x_wconf 85' lang='lat'><strong>:</strong></span> 
     </span>
    </p>
   </div>
   <div class='ocr_carea' id='block_1_116' title="bbox 2107 5313 3697 5386">
    <p class='ocr_par' dir='ltr' id='par_1_116' title="bbox 2107 5313 3697 5386">
     <span class='ocr_line' id='line_1_116' title="bbox 2107 5313 3697 5386; baseline -0.001 -18"><span class='ocrx_word' id='word_1_969' title='bbox 2107 5323 2162 5368; x_wconf 83' lang='lat' dir='ltr'><strong>et</strong></span> <span class='ocrx_word' id='word_1_970' title='bbox 2186 5315 2319 5369; x_wconf 88' lang='lat' dir='ltr'><strong>alius</strong></span> <span class='ocrx_word' id='word_1_971' title='bbox 2349 5323 2470 5385; x_wconf 90' lang='lat' dir='ltr'><strong>post</strong></span> <span class='ocrx_word' id='word_1_972' title='bbox 2499 5315 2668 5379; x_wconf 87' lang='lat' dir='ltr'><strong>illum,</strong></span> <span class='ocrx_word' id='word_1_973' title='bbox 2697 5313 3002 5381; x_wconf 77' lang='lat' dir='ltr'><strong>Maledictus</strong></span> <span class='ocrx_word' id='word_1_974' title='bbox 3022 5357 3038 5381; x_wconf 95' lang='lat'><strong>,</strong></span> <span class='ocrx_word' id='word_1_975' title='bbox 3075 5316 3159 5386; x_wconf 88' lang='lat' dir='ltr'><strong>qui</strong></span> <span class='ocrx_word' id='word_1_976' title='bbox 3187 5315 3311 5386; x_wconf 29' lang='lat' dir='ltr'><strong>facit.</strong></span> <span class='ocrx_word' id='word_1_977' title='bbox 3333 5331 3460 5384; x_wconf 88' lang='lat' dir='ltr'><strong>opus</strong></span> <span class='ocrx_word' id='word_1_978' title='bbox 3489 5313 3586 5367; x_wconf 85' lang='lat' dir='ltr'><strong>Dei</strong></span> <span class='ocrx_word' id='word_1_979' title='bbox 3614 5331 3697 5367; x_wconf 83' lang='lat' dir='ltr'><strong>ne-</strong></span> 
     </span>
    </p>
   </div>
   <div class='ocr_carea' id='block_1_117' title="bbox 2105 5405 3698 5481">
    <p class='ocr_par' dir='ltr' id='par_1_117' title="bbox 2105 5405 3698 5481">
     <span class='ocr_line' id='line_1_117' title="bbox 2105 5405 3698 5481; baseline -0.003 -21"><span class='ocrx_word' id='word_1_980' title='bbox 2105 5406 2499 5479; x_wconf 82' lang='lat' dir='ltr'><strong>gligenter(Jer.</strong></span> <span class='ocrx_word' id='word_1_981' title='bbox 2527 5407 2618 5462; x_wconf 64' lang='lat'><strong>48.</strong></span> <span class='ocrx_word' id='word_1_982' title='bbox 2641 5407 2754 5478; x_wconf 83' lang='grc'><strong>10),</strong></span> <span class='ocrx_word' id='word_1_983' title='bbox 2777 5416 2850 5472; x_wconf 88' lang='lat' dir='ltr'><strong>et,</strong></span> <span class='ocrx_word' id='word_1_984' title='bbox 2881 5405 3297 5481; x_wconf 81' lang='lat' dir='ltr'><strong>Maledictus,qui</strong></span> <span class='ocrx_word' id='word_1_985' title='bbox 3317 5422 3422 5472; x_wconf 15' lang='lat' dir='ltr'><strong>non,</strong></span> <span class='ocrx_word' id='word_1_986' title='bbox 3442 5414 3698 5474; x_wconf 84' lang='lat' dir='ltr'><strong>permanet</strong></span> 
     </span>
    </p>
   </div>
   <div class='ocr_carea' id='block_1_118' title="bbox 2107 5497 3688 5573">
    <p class='ocr_par' dir='ltr' id='par_1_118' title="bbox 2107 5497 3688 5573">
     <span class='ocr_line' id='line_1_118' title="bbox 2107 5497 3688 5573; baseline -0.004 -14"><span class='ocrx_word' id='word_1_987' title='bbox 2107 5506 2159 5559; x_wconf 84' lang='lat' dir='ltr'><strong>in</strong></span> <span class='ocrx_word' id='word_1_988' title='bbox 2180 5504 2409 5558; x_wconf 82' lang='lat' dir='ltr'><strong>omnibus</strong></span> <span class='ocrx_word' id='word_1_989' title='bbox 2427 5517 2539 5573; x_wconf 69' lang='lat' dir='ltr'><strong>qua</strong></span> <span class='ocrx_word' id='word_1_990' title='bbox 2565 5503 2754 5572; x_wconf 87' lang='lat' dir='ltr'><strong>scripta</strong></span> <span class='ocrx_word' id='word_1_991' title='bbox 2778 5502 2960 5564; x_wconf 78' lang='lat' dir='ltr'><strong>suntin</strong></span> <span class='ocrx_word' id='word_1_992' title='bbox 2981 5500 3109 5556; x_wconf 87' lang='lat' dir='ltr'><strong>libro</strong></span> <span class='ocrx_word' id='word_1_993' title='bbox 3135 5500 3226 5554; x_wconf 93' lang='lat' dir='ltr'><strong>hoc</strong></span> <span class='ocrx_word' id='word_1_994' title='bbox 3244 5499 3415 5570; x_wconf 84' lang='lat' dir='ltr'><strong>(Deut.</strong></span> <span class='ocrx_word' id='word_1_995' title='bbox 3445 5499 3535 5569; x_wconf 67' lang='lat'><strong>27.</strong></span> <span class='ocrx_word' id='word_1_996' title='bbox 3559 5497 3688 5567; x_wconf 79' lang='lat'><strong>‘26);</strong></span> 
     </span>
    </p>
   </div>
   <div class='ocr_carea' id='block_1_119' title="bbox 2107 5590 3696 5667">
    <p class='ocr_par' dir='ltr' id='par_1_119' title="bbox 2107 5590 3696 5667">
     <span class='ocr_line' id='line_1_119' title="bbox 2107 5590 3696 5667; baseline -0.006 -15"><span class='ocrx_word' id='word_1_997' title='bbox 2107 5606 2180 5663; x_wconf 86' lang='lat' dir='ltr'><strong>et,</strong></span> <span class='ocrx_word' id='word_1_998' title='bbox 2217 5595 2554 5662; x_wconf 78' lang='lat' dir='ltr'><strong>Maledictus,</strong></span> <span class='ocrx_word' id='word_1_999' title='bbox 2606 5596 2693 5667; x_wconf 86' lang='lat' dir='ltr'><strong>qui</strong></span> <span class='ocrx_word' id='word_1_1000' title='bbox 2719 5595 2902 5666; x_wconf 87' lang='lat' dir='ltr'><strong>pendet</strong></span> <span class='ocrx_word' id='word_1_1001' title='bbox 2936 5595 2989 5648; x_wconf 85' lang='lat' dir='ltr'><strong>in</strong></span> <span class='ocrx_word' id='word_1_1002' title='bbox 3015 5594 3154 5665; x_wconf 84' lang='lat' dir='ltr'><strong>ligno</strong></span> <span class='ocrx_word' id='word_1_1003' title='bbox 3177 5594 3195 5663; x_wconf 93' lang='lat'><strong>(</strong></span> <span class='ocrx_word' id='word_1_1004' title='bbox 3218 5591 3300 5664; x_wconf 83' lang='lat' dir='ltr'><strong>Ib.</strong></span> <span class='ocrx_word' id='word_1_1005' title='bbox 3322 5592 3414 5647; x_wconf 75' lang='grc'><strong>21.</strong></span> <span class='ocrx_word' id='word_1_1006' title='bbox 3437 5590 3508 5645; x_wconf 68' lang='lat'><strong>26</strong></span> <span class='ocrx_word' id='word_1_1007' title='bbox 3536 5593 3574 5658; x_wconf 95' lang='lat'><strong>).</strong></span> <span class='ocrx_word' id='word_1_1008' title='bbox 3609 5590 3696 5642; x_wconf 72' lang='lat' dir='ltr'><strong>Vi-</strong></span> 
     </span>
    </p>
   </div>
   <div class='ocr_carea' id='block_1_120' title="bbox 2107 5681 3703 5759">
    <p class='ocr_par' dir='ltr' id='par_1_120' title="bbox 2107 5681 3703 5759">
     <span class='ocr_line' id='line_1_120' title="bbox 2107 5681 3703 5759; baseline -0.006 -14"><span class='ocrx_word' id='word_1_1009' title='bbox 2107 5690 2202 5745; x_wconf 87' lang='lat' dir='ltr'><strong>des</strong></span> <span class='ocrx_word' id='word_1_1010' title='bbox 2231 5697 2364 5759; x_wconf 87' lang='lat' dir='ltr'><strong>quot</strong></span> <span class='ocrx_word' id='word_1_1011' title='bbox 2388 5686 2838 5758; x_wconf 78' lang='lat' dir='ltr'><strong>maledictiones?</strong></span> <span class='ocrx_word' id='word_1_1012' title='bbox 2868 5687 2950 5742; x_wconf 84' lang='lat' dir='ltr'><strong>Ab</strong></span> <span class='ocrx_word' id='word_1_1013' title='bbox 2977 5685 3062 5740; x_wconf 87' lang='lat' dir='ltr'><strong>his</strong></span> <span class='ocrx_word' id='word_1_1014' title='bbox 3087 5684 3336 5757; x_wconf 81' lang='lat' dir='ltr'><strong>omnibus</strong></span> <span class='ocrx_word' id='word_1_1015' title='bbox 3375 5691 3426 5736; x_wconf 89' lang='lat' dir='ltr'><strong>te</strong></span> <span class='ocrx_word' id='word_1_1016' title='bbox 3458 5681 3703 5746; x_wconf 56' lang='lat' dir='ltr'><strong>liberavit,</strong></span> 
     </span>
    </p>
   </div>
   <div class='ocr_carea' id='block_1_121' title="bbox 2109 5773 3691 5852">
    <p class='ocr_par' dir='ltr' id='par_1_121' title="bbox 2109 5773 3691 5852">
     <span class='ocr_line' id='line_1_121' title="bbox 2109 5773 3691 5852; baseline -0.006 -12"><span class='ocrx_word' id='word_1_1017' title='bbox 2109 5785 2382 5852; x_wconf 78' lang='lat' dir='ltr'><strong>Christus,</strong></span> <span class='ocrx_word' id='word_1_1018' title='bbox 2434 5781 2602 5850; x_wconf 85' lang='lat' dir='ltr'><strong>factus</strong></span> <span class='ocrx_word' id='word_1_1019' title='bbox 2629 5780 2972 5852; x_wconf 78' lang='lat' dir='ltr'><strong>maledictum</strong></span> <span class='ocrx_word' id='word_1_1020' title='bbox 2999 5777 3152 5851; x_wconf 82' lang='lat' dir='ltr'><strong>(Gal.</strong></span> <span class='ocrx_word' id='word_1_1021' title='bbox 3185 5779 3239 5850; x_wconf 74' lang='grc' dir='ltr'><strong>ὅ.</strong></span> <span class='ocrx_word' id='word_1_1022' title='bbox 3275 5774 3396 5851; x_wconf 72' lang='lat'><strong>15).</strong></span> <span class='ocrx_word' id='word_1_1023' title='bbox 3426 5773 3691 5846; x_wconf 76' lang='lat' dir='ltr'><strong>Quemad-</strong></span> 
     </span>
    </p>
   </div>
  </div>
