4112 6214
396 305 488 362 I87

389 405 674 479 ἀνθρώπου
705 400 924 475 πνεῦμα
963 399 1218 472 συγγενές
1249 399 1363 454 ἐστι
1395 399 1486 454 τοῦ
1517 399 1826 469 ἀνθρώπου,
1853 397 1948 452 οὐ·
1981 405 1984 407 ‘

387 514 466 550 τω
509 495 604 548 καὶ
651 492 712 545 τὸ
745 491 838 544 τοῦ
878 488 1035 552 Θεοῦ,
1067 488 1183 542 ἀλλ’
1221 489 1279 541 ὲν
1320 487 1424 558 ἰδία
1454 487 1746 540 ὑποστάσει
1773 486 1951 557 μένον.

389 585 498 638 Καὶ
551 581 708 635 τοῦτο
757 579 934 650 δηλῶν
971 581 1000 632 6
1048 577 1255 642 Παῦλος
1307 575 1478 644 ἐλεγεο
1525 577 1619 642 Τίς
1651 574 1759 643 γὰρ
1794 571 1957 628 οἶδεν

389 669 715 736 ἀνθρώπων
765 666 838 719 τὰ
884 664 991 719 τοῦ
1037 663 1368 734 ἀνθρώπου,
1415 665 1468 716 εἰ
1497 662 1582 732 μὴ
1624 662 1687 716 τὸ
1721 663 1958 732 πνεῦμα

389 757 497 816 τοῦ
525 755 836 823 ἀνθρώπου
866 755 932 809 τὸ
953 755 1022 808 ἐν
1043 751 1240 820 αὐτῷ;
1275 753 1437 806 Οὕτω
1463 751 1558 806 καί
1581 750 1652 805 τὰ
1675 751 1781 805 τοῦ
1811 751 1958 805 Θεοῦ

391 843 590 908 οὐδείς
631 838 812 903 οἶδεν,
847 843 898 894 εἰ
922 839 1009 910 μὴ
1041 839 1107 894 τὸ
1137 839 1375 909 Πνεῦμα
1403 839 1507 894 τοῦ
1536 839 1703 893 Θεοῦ·
1741 839 1802 892 οὑ
1829 855 1959 905 συγ-

394 929 535 999 χέων
586 927 684 991 τὰς
731 927 1073 991 ὑποστάσεις,
1127 927 1201 998 μὴ
1241 927 1467 995 γένοιτο,
1501 925 1637 979 ἀλλά
1676 926 1775 996 τὴν
1804 924 1952 993 εὐγέ-

396 1033 545 1068 νειαν
572 1012 666 1068 τοῦ
700 1013 1012 1085 Πνεύματος
1047 1014 1239 1086 δηλῶν.
1270 1016 1409 1086 Ὄση
1433 1012 1563 1082 γοῦν
1588 1013 1766 1084 ψυχῆς
1793 1012 1964 1081 αὐτῆς

396 1105 534 1176 πρὸς
575 1103 831 1175 έαυτὴνή
875 1105 1178 1176 συμφωνία,
1215 1105 1450 1175 τοσαύτη
1493 1104 1585 1158 τοῦ
1646 1103 1964 1174 Πνεύματος

397 1196 532 1268 πρὸς
558 1195 645 1254 τὸν
672 1196 886 1268 Πατέρα
908 1198 939 1266 ἠ
972 1196 1278 1264 συγγένεια.
1312 1199 1524 1268 Ὥσπερ
1553 1192 1644 1250 οὖν
1667 1197 1761 1249 καὶ
1785 1199 1813 1250 6
1841 1197 1966 1260 Υἱὸς

396 1287 566 1354 Λόγος
585 1288 816 1354 λέγεται,
845 1288 956 1340 ἀλλ’
985 1289 1087 1342 οὐκ
1114 1289 1504 1351 ἀνυπόστατος,
1533 1287 1668 1341 ἀλλά
1693 1289 1782 1342 διὰ
1811 1289 1965 1343 τοῦτο

396 1377 456 1430 τι
486 1377 619 1446 πρὸς
654 1376 743 1429 τὸν
775 1377 990 1448 Πατέρα
1036 1381 1294 1446 συγγενὲς
1350 1380 1437 1432 ἵνα
1491 1380 1769 1449 μάθωμενο
1825 1380 1965 1432 οὑτω

400 1470 492 1524 καὶ
527 1469 586 1520 τὸ
626 1469 847 1540 Πνεῦμα
877 1471 971 1523 τοῦ
1005 1471 1163 1535 Θεοῦ,
1196 1471 1417 1541 Πνεῦμα
1447 1471 1680 1540 λέγεται,
1717 1471 1830 1524 ἀλλ’
1867 1471 1966 1524 οὐκ

401 1561 785 1616 ἀνυπόστατον.
814 1562 925 1614 Καὶ
962 1562 1151 1631 ὥσπερ
1188 1564 1370 1634 ἐπειδὴ
1399 1564 1614 1634 γνήσιός
1651 1564 1794 1615 ἐστιν
1837 1560 1966 1624 Υἱὸς

398 1651 492 1705 τοῦ
543 1653 776 1724 Πατρδς,
828 1652 914 1706 διά
963 1653 1122 1707 τοῦτο
1170 1654 1432 1707 υἱοθεσίαν
1491 1657 1620 1725 ἡμῖν
1662 1655 1960 1725 χαρίζεταισ

396 1740 538 1794 οὕτω
575 1744 668 1794 καὶ
706 1742 766 1794 τὸ
802 1741 1043 1811 Πνεῦμα,
1085 1743 1270 1813 ἐπειδὴ
1313 1743 1469 1811 φύσει
1501 1743 1601 1813 τῆς
1625 1744 1811 1806 οὐσίας
1850 1743 1965 1795 ἐστὶ

395 1831 487 1886 τοῦ
519 1832 676 1895 Θεοῦ,
725 1833 795 1886 τά
839 1834 1152 1904 χαρίσματα
1204 1837 1334 1905 ἡμῖν
1375 1835 1624 1906 παρέχει.
1671 1837 1824 1888 Ἐπεὶ
1874 1837 1966 1888 καὶ

394 1923 695 1994 ἄνθρωπος,
751 1925 934 1995 ἐπειδὴ
977 1925 1134 1994 φύσει
1177 1925 1458 1995 ἄνθρωπός
1495 1928 1630 1990 ἐστι,
1684 1925 1769 1978 διά
1809 1925 1966 1978 τοῦτο

393 2017 597 2087 γράψαι
626 2016 848 2070 δύναται
892 2017 1072 2070 εἰκόνα
1110 2016 1418 2084 ἀνθρώπου.
1463 2018 1565 2070 Διὰ
1594 2017 1767 2071 τοῦτο
1788 2018 1965 2071 εὐλό-

393 2109 545 2177 γησέ
581 2124 656 2164 σε
693 2111 724 2162 ὁ
748 2109 892 2176 Θεὸς
913 2110 996 2176 εἰς
1027 2109 1135 2163 τὸν
1167 2109 1370 2163 αἰῶνα.
1406 2109 1598 2172 Ἀλλος
1627 2109 1796 2178 λέγει,
1841 2109 1968 2162 Ἐπί

394 2201 600 2253 τούτω.

475 2313 641 2384 Ὀρᾷς
672 2313 788 2375 πῶς
819 2312 886 2366 δι’
912 2310 1034 2372 ὅλου
1065 2309 1201 2382 πρὸς
1226 2309 1384 2369 αὑτὸν
1406 2311 1747 2366 ἀποτείνεται
1776 2313 1839 2365 ὲκ
1857 2311 1971 2365 δια-

401 2403 633 2469 θέσεως;
665 2404 764 2457 Διά
789 2403 948 2460 τοῦτο
990 2404 1084 2456 καὶ
1127 2402 1359 2472 ἀλλαχοῦ
1407 2404 1504 2473 οὐχ
1537 2403 1723 2466 ἁπλῶς
1762 2421 1974 2474 προφη-

401 2494 570 2558 σκεύει,
621 2493 735 2547 ἀλλ’
767 2497 824 2548 έν
856 2496 1092 2564 σχήματι
1138 2494 1502 2564 ἐγκλήματος,
1540 2495 1615 2558 ὡς
1647 2497 1774 2548 ὅταν
1819 2495 1970 2569 λέγῃ·

409 2585 532 2638 Ἵνα
558 2585 614 2637 τί
649 2583 957 2653 ἐφρύαξαν
989 2584 1152 2650 ἔθνη,
1191 2583 1290 2635 καί
1316 2583 1451 2637 λαοί
1475 2583 1846 2651 ἐμελέτησαν
1885 2601 1979 2637 κε-

409 2672 518 2735 νά;
545 2672 684 2726 οῦτω
712 2673 775 2744 δὴ
799 2673 892 2725 καὶ
916 2673 1147 2727 ἐνταῦθα
1170 2672 1362 2740 λέγων,
1397 2671 1499 2724 Διὰ
1528 2671 1701 2726 τοῦτο
1731 2675 1981 2743 εὐλόγη-

407 2764 483 2819 σέ
514 2763 664 2836 [165]
699 2780 775 2820 σε
813 2767 846 2818 ὁ
869 2764 1012 2830 Θεὸς
1031 2766 1118 2830 εἰς
1153 2765 1262 2817 τὸν
1288 2763 1490 2820 αἰῶνα.
1517 2763 1683 2818 Οὐδὲν
1715 2763 1824 2838 γάρ
1856 2767 1982 2836 περὶ

403 2855 502 2924 τῆς
545 2855 850 2924 γεννήσεως
894 2854 1058 2908 αὐτοῦ
1092 2853 1413 2925 διαλεχθεὶς,
1441 2853 1561 2908 οὐδὲ
1595 2855 1724 2927 περὶ
1757 2857 1983 2928 ἀνατρο-

405 2947 531 3015 φῆς,
559 2946 677 2998 οὐδὲ
706 2962 770 2998 πε
779 2947 832 3016 ρὶ
855 2946 961 2998 τῶν
980 2945 1173 3009 ἄλλων,
1197 2945 1444 3000 ἐντεῦθεν
1463 2947 1720 3018 ἐμϐάλλει
1739 2947 1831 3002 τὸν
1852 2966 1919 3002 πε
1928 2949 1982 3020 pl

404 3040 566 3098 αὑτοῦ
599 3040 774 3108 λόγον.
823 3041 887 3093 Τί
920 3039 1155 3111 δήποτε;
1207 3041 1327 3102 Ὅτι
1354 3041 1414 3095 τὸ
1459 3042 1559 3112 μὲν
1597 3043 1808 3102 ἅπαντα
1841 3041 1981 3098 κατά

404 3132 720 3186 ἀκολουθίαν
763 3131 959 3198 λέγειν,
999 3131 1105 3186 τῶν
1151 3131 1550 3204 εὐαγγελιστῶν
1594 3137 1729 3188 ἐστι’
1760 3133 1841 3189 διὸ
1888 3137 1983 3190 καὶ

405 3223 635 3285 ἐκείνοις
688 3221 828 3282 αὐτά
876 3222 1131 3292 ἐτήρησεο
1184 3223 1276 3276 καὶ
1328 3223 1436 3294 γὰρ
1485 3225 1583 3295 τῆς
1627 3225 1850 3282 ἐκείνων
1903 3225 1982 3278 δι-

405 3315 658 3392 ηγήσεως
687 3309 775 3384 ἦν·
817 3315 1150 3386 προφητείας
1188 3315 1246 3368 δέ
1281 3318 1427 3370 ἐστιν
1464 3318 1641 3388 ἔργον,
1676 3318 1815 3390 μέρη
1861 3319 1984 3374 τινὰ

407 3406 816 3474 ἀπολαμϐάνειν
860 3406 953 3460 καὶ
994 3407 1122 3479 περὶ
1156 3408 1360 3463 τούτων
1403 3408 1763 3478 διαλέγεσθαι.
1795 3411 1892 3463 Διά
1920 3410 1983 3482 δὴ

406 3497 565 3550 τοῦτο
611 3500 659 3550 οἱ
702 3498 974 3568 προφῆται
1021 3499 1293 3570 πανταχοῦ
1328 3499 1488 3554 τοῦτο
1521 3500 1784 3555 ποιοῦσινο
1827 3502 1984 3569 ὀλίγα

409 3592 528 3644 τινὰ
556 3590 663 3662 γὰρ
704 3592 784 3654 εἰς
819 3591 918 3660 τὴν
955 3591 1191 3662 ἱστορίαν
1231 3591 1589 3663 ἐμϐάλλοντες
1635 3594 1726 3648 καὶ
1763 3594 1986 3648 συσκιά-

410 3684 592 3746 (owe;
627 3681 984 3752 ἀναχωροῦσι.
1033 3682 1130 3735 Διά
1157 3681 1314 3736 τοῦτο
1346 3683 1440 3737 καὶ
1465 3676 1638 3748 οὗτος,
1670 3682 1986 3753 Εὐλόγησέ

410 3791 504 3838 σε,
532 3772 714 3843 φησὶν.
747 3775 779 3826 ό
815 3772 958 3839 Θεὸς
985 3775 1073 3838 εἰς
1099 3772 1204 3825 τὸν
1235 3772 1436 3827 αἰῶνα·
1481 3773 1654 3837 οὕτως
1683 3774 1873 3838 εἰπὼν,
1903 3777 1984 3830 ὅτι

412 3865 677 3936 τοσαύτης
714 3865 934 3935 χάριτος
989 3863 1186 3934 ἔγεμεν
1222 3863 1387 3917 αὑτοῦ
1422 3864 1490 3918 τά
1522 3868 1758 3936 ῥήματα.
1788 3866 1987 3922 Σκόπει

413 3957 543 4030 γοῦν
580 3955 678 4026 τὴν
717 3954 944 4023 δύναμιν
983 3953 1085 4023 τῆς
1119 3951 1368 4024 χᾲριτος·
1399 3955 1808 4024 Παρεπορεύετό
1857 3973 1988 4010 ποτε

417 4045 567 4115 ’ταρά
624 4044 721 4116 τὴν
778 4042 1087 4107 Θάλασσαν,
1149 4042 1244 4101 καὶ
1295 4042 1536 4113 εὑρίσκει
1595 4044 1848 4098 Ἰάκωϐον
1897 4045 1992 4102 καὶ

431 4139 702 4207 Ἰωάννην,
737 4136 830 4189 καὶ
865 4135 1012 4203 λέγει
1046 4133 1250 4197 αὐτοῖς·
1294 4134 1472 4188 Δεῦτε
1505 4135 1696 4191 ὀπίσω
1725 4153 1864 4204 μου,
1892 4135 1990 4189 καί

419 4230 652 4298 ποιήσω
707 4227 862 4298 ὑμᾶς
922 4226 1113 4294 άλιεῖς
1160 4226 1504 4295 ἀνθρώπων.
1546 4228 1608 4279 Ol
1642 4225 1710 4278 δὲ
1743 4227 1840 4280 καί
1888 4226 1994 4281 τὸν

419 4322 641 4390 πατέρα
670 4319 921 4390 ἀφέντες
947 4321 1045 4373 καί
1080 4317 1152 4372 τὰ
1173 4319 1403 4383 δίκτυα,
1439 4319 1868 4388 ἠκολούθησαν
1891 4321 1996 4372 αὺ-

422 4412 520 4478 τῷ.
553 4409 686 4466 Εἶτα
719 4412 907 4467 ἄλλοτε
935 4413 1068 4465 πᾶσι
1094 4413 1207 4476 τοῖς
1239 4410 1505 4482 μαθηταῖς
1531 4411 1725 4480 λέγων’
1763 4414 1820 4465 Μ
1828 4410 1861 4479 ὴ
1897 4411 1997 4466 καί

420 4505 588 4572 ὑμεῖς
623 4505 827 4561 θέλετε
848 4504 1102 4574 ὑπάγειν
1113 4521 1133 4570 ;
1169 4505 1313 4574 λέγει
1353 4503 1502 4576 αὐτῷ
1545 4505 1767 4576 Πέτρος
1799 4506 1995 4574 Κύριε,

421 4594 656 4663 ῥήματα
693 4593 843 4663 ζωῆς
868 4595 1111 4649 αἰωνίου
1140 4594 1318 4663 ἔχεις,
1359 4595 1454 4649 καί
1482 4595 1652 4666 ἡμεῖς
1673 4597 1997 4650 πεπιστεύ-

423 4701 612 4754 καμεν
648 4683 746 4737 καί
778 4683 1115 4753 ἐγνώκαμεν
1142 4684 1230 4738 ὅτι
1259 4685 1340 4738 σὺ
1367 4682 1427 4738 εἴ
1447 4689 1480 4740 ὀ
1514 4685 1762 4758 Χριστὸς
1802 4689 1836 4741 ὀ
1867 4687 1998 4754 υίὸς

424 4775 530 4830 τοῦ
558 4774 708 4829 Θεοῦ
737 4775 844 4829 τοῦ
873 4774 1107 4841 ζῗυντοςο
1129 4775 1225 4829 καί
1257 4776 1406 4846 πρὸς
1430 4777 1566 4830 τίνα
1589 4778 1996 4848 ἀπελευσόμε-

425 4866 626 4934 οα;,’Ῑ“ί
658 4865 804 4934 λέγω
830 4867 954 4930 τοὺς
985 4866 1261 4937 μαθητάς;
1293 4868 1456 4921 Αὐτοὶ
1477 4870 1524 4922 οἰ
1561 4870 1842 4940 Φαρισαῖοι
1867 4871 2000 4926 ἀπο-

429 4959 734 5023 στείλαντες
784 4958 1079 5039 ὑπηρέτας,
1129 4961 1324 5030 ἢκουον
1372 4941 1652 5029 λεγόντων·
1705 4961 2000 5016 Οὐδέποτε

427 5051 737 5120 ἐλάλησεν
752 5051 939 5116 οὕτως
963 5050 1292 5119 ἅνθρωπος,
1321 5052 1400 5118 ὠς
1419 5047 1594 5117 οὗτος
1618 5054 1651 5104 ό
1670 5051 1993 5120 ἅνθρωπος.

429 5145 541 5197 Καὶ
580 5145 758 5215 ἕτεροι
809 5143 968 5197 πάλιν
1012 5143 1212 5212 ελεγον,
1249 5143 1546 5198 Οὐδέποτε
1577 5144 1769 5213 ἐφάνη
1816 5145 1998 5210 οὕτως

430 5236 501 5288 ἐν
543 5233 625 5300 τῷ
664 5233 929 5304 Ἰσραήλ.
980 5232 1090 5288 Καὶ
1136 5234 1617 5303 ἐξεπλήσσοντο,
1673 5235 1856 5305 φησὶν,
1912 5234 2005 5288 ὅτι

429 5326 754 5382 ἐδίδασκεν
789 5325 1011 5392 αὐτοὺς
1034 5326 1114 5392 ὠς
1134 5325 1426 5390 ἐξουσίαν
1447 5324 1624 5394 ἔχων,
1659 5325 1758 5378 καί
1787 5326 1899 5393 οὐχ
1926 5324 2007 5390 ὡς

433 5421 488 5474 οἱ
518 5417 874 5489 γραμματεῖς
899 5418 1099 5473 αὐτῶν
1124 5417 1222 5470 καί
1249 5419 1303 5470 οἰ
1325 5415 1650 5484 Φαρισαῖοι.

505 5510 566 5570 δ’.
597 5511 660 5563 Εἰ
681 5509 739 5564 δὲ
764 5509 950 5580 βούλει.
969 5506 1161 5577 μαθεῖν
1186 5506 1281 5558 καὶ
1304 5507 1366 5559 σὺ
1391 5507 1488 5576 τὴν
1513 5506 1692 5576 χάριν,
1716 5505 1880 5560 ἀκουε
1901 5505 2009 5558 τῶν

438 5603 827 5674 ἐπιταγμάτων
857 5600 1024 5656 αὐτοῦ
1052 5599 1142 5652 τὸν
1183 5599 1369 5667 ὄγκον,
1397 5601 1492 5652 καὶ
1520 5599 1641 5669 ὄψει
1670 5599 1873 5671 ταύτης
1910 5599 2011 5670 τὴν

439 5695 686 5768 δύναμιν.
729 5696 870 5751 Ἐὰν
911 5692 994 5768 μή
1027 5710 1116 5763 τις
1148 5690 1519 5762 ἀποτάξηται
1561 5693 1777 5762 πᾶσιν,
1815 5693 1902 5750 ἔτι
1942 5695 2011 5751 δὲ

1472 301 1838 363 EXPOSITIO
1876 301 1941 358 IN
1981 300 2312 359 PSALMUM
2353 301 2540 357 XLIV.

3523 295 3628 351 188

2057 393 2293 461 μισήσῃ
2331 392 2429 446 καί
2469 390 2581 458 τὴν
2606 389 2823 445 ἑαυτοῦ
2865 387 3098 458 ψυχὴν,
3133 386 3318 458 φησιν,
3348 385 3458 441 οὐκ
3499 385 3633 439 ἐστι

2055 502 2173 553 μου
2214 483 2400 549 ἄξιος.
2445 481 2583 535 Ἀλλ’
2626 481 2776 551 ὅμως
2809 481 3030 550 ἴσχυσεν
3059 482 3087 532 ὁ
3113 479 3270 546 λόγος
3299 477 3460 548 ἔργον
3481 477 3632 545 γενέ-

2063 575 2226 628 σθαι·
2276 573 2510 642 τοσαύτη
2542 568 2609 642 ἦν
2664 568 2828 623 αὐτοῦ
2861 571 2894 639 ἡ
2929 569 3107 640 χάρις.
3137 569 3331 621 Καίτοι
3359 567 3411 619 τί
3457 566 3635 636 ψυχῆς

2061 666 2421 738 οἰκειότερον;
2466 663 2626 717 Ἀλλά
2659 663 2752 716 καὶ
2777 662 2916 730 αῦτη
2946 659 3430 730 καταπεφρόνηται
3458 658 3544 711 διὰ
3575 657 3634 710 τὸ

2065 757 2394 826 πρόσταγμα
2415 751 2477 804 τὸ
2510 751 2739 804 ἐκείνου.
2768 750 2839 802 Σὺ
2869 749 2926 802 δὲ
2958 747 3192 808 ἀκούων,
3215 744 3532 814 Εὑλότησέ
3559 757 3636 798 σε

2065 849 2097 900 ὁ
2125 843 2288 908 Θεὸς,
2328 841 2402 912 μὴ
2435 839 2775 908 καταπέσῃς,
2821 837 2956 907 μηδὲ
2985 834 3237 890 ταπεινόν
3266 852 3318 887 τι
3350 835 3632 904 ἐννοήσῃς.

2068 931 2247 1006 Ὅπερ
2275 933 2383 1004 γάρ
2432 930 2601 1000 ἔφθην
2639 928 2830 993 εἰπὼν,
2877 928 3006 998 περὶ
3046 928 3143 997 τῆς
3173 926 3373 997 σαρκὸς
3406 928 3434 979 6
3477 927 3637 994 λόγος

2073 1025 2213 1088 ἐστὶ,
2249 1025 2347 1086 τῆς
2376 1022 2528 1091 χείλη
2554 1019 2803 1090 ἐχούσης,
2832 1019 3071 1089 περὶτῆς
3100 1018 3395 1087 δεχομένης
3422 1015 3521 1086 τὴν
3547 1014 3640 1083 χά-

2075 1133 2178 1186 ριν,
2219 1114 2347 1184 περὶ
2373 1113 2469 1180 τῆς
2504 1109 2800 1180 δεχομένης
2827 1108 2925 1178 τὴν
2960 1107 3228 1174 εὐλογίαν.
3281 1107 3342 1158 ’0
3370 1105 3480 1174 γάρ
3507 1104 3639 1166 Θεὸς

2070 1206 2320 1274 εὐλογίας
2361 1203 2421 1254 οὐ
2474 1201 2666 1264 δεῖται,
2699 1198 2818 1251 οὐδὲ
2867 1198 3113 1267 χάριτος·
3163 1195 3404 1256 ἀνενδεὴς
3438 1194 3546 1263 γάρ
3581 1193 3643 1245 τὸ

2069 1297 2242 1349 Θείον.
2278 1295 2504 1358 ’Ὥσπερ
2533 1290 2642 1360 γὰρ
2665 1292 2698 1342 ὁ
2725 1287 2928 1355 Πατὴρ
2949 1287 3177 1356 ἐγείρει,
3201 1285 3352 1355 φησὶ,
3378 1283 3517 1348 τοὺς
3545 1299 3640 1334 νε-

2071 1383 2252 1453 κροὺς
2284 1383 2377 1434 καί
2419 1378 2714 1440 ζωοποιεῖν
2755 1378 2910 1431 οὕτω
2947 1376 3046 1429 καί
3081 1379 3114 1429 d
3172 1376 3304 1437 Υἰὸς
3347 1374 3452 1440 οὒς
3489 1373 3646 1426 θέλει

2071 1473 2347 1537 ζωοποιεῖ.
2393 1473 2500 1524 Καλ⁸
2544 1469 2740 1524 πάλινο
2798 1469 2872 1522 Τὰ
2918 1467 3061 1535 ἔργα
3099 1465 3137 1520 ἁ
3178 1465 3409 1528 ἐκεῖνος
3462 1463 3642 1528 ποιεῖ,

2072 1561 2256 1614 ταῦτα
2282 1557 2377 1610 καί
2409 1559 2442 1610 ό
2481 1557 2614 1618 Υἱὸς
2637 1553 2841 1622 ὁμοίως
2878 1551 3051 1604 ποιεῖ.
3081 1551 3190 1604 Καὶ
3220 1551 3408 1603 πάλιν·
3444 1547 3646 1612 Καθὼς

2071 1647 2346 1717 γινώσκει
2367 1661 2443 1712 με
2469 1645 2500 1696 ὁ
2521 1643 2743 1708 Πατὴρ,
2777 1639 2937 1708 κάγὼ
2960 1639 3228 1706 γινώσκω
3257 1638 3362 1689 τὸν
3393 1635 3639 1702 Πατέρα.

2074 1735 2149 1788 Τὸ
2195 1732 2324 1802 γάρ,
2372 1731 2555 1791 Οὕτω,
2590 1731 2684 1781 καὶ
2717 1727 2794 1790 τὸ,
2839 1725 3104 1794 Ὁμοίως,
3157 1725 3250 1778 καὶ
3295 1723 3375 1787 τὸ,
3418 1723 3642 1796 Καθὼς.

2073 1817 2484 1892 ἀπαραλλαξίας
2525 1815 2690 1868 ἐστίν.
2728 1812 2866 1866 Ἀλλ’
2895 1811 3127 1864 ἐνταῦθα
3159 1811 3286 1882 περὶ
3312 1809 3408 1879 τῆς
3437 1811 3644 1863 οἰκονο-

2079 1914 2206 1986 μίας
2233 1915 2262 1966 6
2279 1913 2458 1980 λόγος.
2495 1907 2788 1977 ΪΑκούομεν
2807 1906 2864 1959 δὲ
2888 1905 2978 1958 καὶ
3001 1902 3164 1956 αὐτοῦ
3196 1902 3355 1956 πάλιν
3374 1901 3641 1969 λέγοντος⁸

2075 2003 2176 2056 Διὰ
2210 2001 2387 2054 τοῦτό
2414 2015 2489 2068 με
2515 2001 2548 2052 o'
2579 1996 2780 2062 Πατὴρ
2808 1991 3028 2060 ἀγαπᾷ,
3057 1992 3144 2044 ὅτι
3164 1990 3278 2060 ἐγὼ
3303 1990 3414 2057 τὴν
3438 1988 3649 2057 Ψυχὴν

2069 2105 2190 2158 μου
2213 2086 2410 2153 τίθημι
2434 2082 2585 2150 ὑπὲρ
2616 2080 2731 2134 τῶν
2757 2078 3085 2146 προϐάτων.
3107 2073 3252 2148 *Αρα
3269 2072 3360 2128 οὖν
3397 2075 3502 2146 πρὸ
3529 2075 3650 2127 τού-

2076 2195 2170 2231 του
2198 2175 2362 2229 αὐτὸν
2390 2174 2490 2226 οὑκ
2503 2173 2722 2243 ἠγάπας
2750 2170 2874 2233 Πῶς
2896 2165 2988 2222 οὖν
3019 2169 3203 2236 ἔλεγεν
3223 2183 3238 2199 ο
3268 2162 3452 2232 Οὗτός
3480 2167 3650 2219 ἐστιν

2077 2273 2111 2324 δ
2150 2253 2466 2342 [1661Υἰός
2492 2283 2611 2334 μου
2637 2267 2669 2318 δ
2707 2261 3040 2332 ἀγαπητός;
3079 2260 3240 2313 Ἀλλά
3269 2259 3438 2312 θέλων
3479 2257 3648 2322 δεῖξαι

2077 2360 2138 2413 τὸ
2157 2358 2382 2431 μέγεθος
2408 2356 2501 2410 τοῦ
2526 2353 2966 2426 κατορθώματος,
2985 2351 3140 2405 τοῦτο
3162 2351 3423 2405 τέθεικεν.
3442 2351 3651 2419 Ὥσπερ

2079 2447 2172 2504 οὖν
2208 2451 2324 2504 ἐκεῖ
2353 2451 2385 2519 ὴ
2418 2447 2718 2515 αἰτιολογία
2745 2446 2858 2515 ἔχει
2886 2443 3008 2496 τινὰ
3040 2441 3238 2508 αἰτίαν,
3268 2440 3410 2494 οὕτω
3439 2440 3537 2516 καί
3563 2440 3652 2489 ἐνο-

2083 2541 2261 2594 ταῦθα
2285 2543 2319 2610 ἠ
2352 2539 2501 2592 αἰτία
2531 2539 2687 2610 δήλη.
2722 2538 2819 2590 Διά
2843 2535 2951 2605 γάρ
2973 2534 3130 2587 τοῦτο
3155 2532 3439 2602 προλαϐὼν
3465 2528 3615 2582 εἶπεν
3633 2545 3649 2560 ⁶

2097 2631 2327 2704 Ὠραῖος
2355 2631 2564 2684 κάλλει
2593 2630 2751 2696 παρὰ
2787 2628 2929 2692 τοὺς
2957 2627 3122 2692 υἱοὺς
3150 2624 3265 2678 τῶν
3293 2623 3616 2690 ἀνθρώπων
3634 2635 3649 2649 ·

2088 2725 2204 2786 καὶ,
2239 2722 2528 2790 Ἐξεχύθη
2547 2719 2714 2789 χάρις
2733 2719 2802 2770 ἐν
2823 2718 3056 2784 χείλεσί
3074 2731 3211 2768 σουο
3229 2717 3344 2777 καὶ,
3363 2713 3463 2766 Διὰ
3481 2710 3654 2765 τοῦτο

2087 2809 2389 2883 εὐλόγησέ
2417 2825 2490 2864 σε
2519 2811 2549 2864 ὀ
2583 2807 2726 2874 Θεὸς
2751 2810 2839 2872 εἰς
2861 2808 2968 2859 τὸν
2994 2805 3179 2859 αἰῶνα
3197 2821 3211 2836 ο
3236 2805 3316 2867 εἰς
3340 2803 3429 2856 τὸν
3458 2803 3557 2873 τῆς
3581 2801 3661 2855 οίο

2089 2903 2346 2974 κονομίας
2362 2901 2533 2954 ἕλκων
2555 2900 2734 2967 λόγον,
2757 2898 2845 2951 ἵνα
2870 2899 2996 2950 ὅταν
3030 2895 3197 2967 μέλλῃ
3216 2912 3268 2948 τι
3289 2894 3452 2947 πάλιν
3477 2892 3658 2959 λέγειν

2087 2999 2186 3068 τῆς
2215 2992 2378 3049 αὐτοῦ
2423 2991 2577 3056 ἀξίας
2611 2989 2892 3052 καταδεὲς,
2925 2988 3002 3058 μὴ
3031 2985 3368 3056 καταπέσῃς,
3401 2983 3514 3038 ἀλλ’
3543 2982 3658 3054 ἴδῃς

2090 3087 2216 3161 περὶ
2248 3086 2392 3150 τίνος
2421 3088 2449 3139 6
2477 3085 2652 3152 λόγος.
2703 3083 2860 3136 Οῦτω
2891 3082 2984 3134 καὶ
3012 3082 3040 3133 ό
3083 3077 3275 3132 Ἰακὼϐ
3309 3078 3406 3148 τὴν
3456 3077 3661 3129 οἰκονο-

2091 3177 2220 3249 μίαν
2244 3174 2419 3246 δηλῶν
2444 3172 2582 3245 μετὰ
2615 3173 2676 3225 τὸ
2713 3170 2882 3224 πολλά
2922 3171 3096 3223 εἰπεῖν
3119 3169 3270 3235 ἔλεγε
3296 3182 3309 3195 ’
3340 3162 3661 3234 Χαροποιοί

2089 3273 2142 3324 οἰ
2175 3266 2465 3338 ὀφθαλμοί
2499 3264 2684 3319 αὑτοῦ
2710 3263 2789 3329 ὡς
2816 3258 2999 3328 οἰνος,
3033 3261 3127 3313 καί
3161 3258 3367 3313 λευκοί
3403 3260 3456 3310 οἰ
3489 3256 3660 3309 ὁδίνο

2088 3377 2186 3427 τες
2219 3357 2407 3412 αὑτοῦ
2437 3355 2475 3424 ἢ
2515 3355 2690 3425 τάλα.
2744 3353 2989 3411 Ὀδόντας
3017 3351 3073 3403 δὲ
3102 3352 3134 3420 ή
3164 3348 3353 3420 Θεότης
3383 3348 3482 3401 οὐκ
3523 3345 3659 3416 ἔχει.

2091 3451 2204 3508 Καὶ⁸
2232 3449 2388 3512 ἄλλος
2421 3447 2703 3518 προφήτης
2729 3443 2897 3516 φησί·
2935 3442 3190 3506 Πατάξει
3223 3441 3338 3510 τὴν
3364 3437 3477 3508 γῆν
3503 3440 3663 3506 λόγῳ

2089 3541 2196 3595 τοῦ
2222 3541 2519 3610 στόματος
2537 3535 2744 3602 αὑτοῦ,
2769 3536 2865 3588 καί
2883 3536 3172 3603 πνεύματι
3193 3531 3439 3602 χειλέων
3460 3527 3666 3584 ἀνελεῖ

2091 3630 2314 3699 άσεϐἦο
2345 3630 2415 3684 τὰ
2461 3629 2602 3683 αὐτά
2642 3628 2721 3698 τῷ
2753 3626 2950 3696 Παύλῳ
3003 3624 3372 3694 φθεγγόμενος
3416 3621 3660 3690 λέγοντι·

2097 3728 2206 3777 ’ον
2239 3726 2270 3777 ό
2299 3723 2518 3790 Κύριος
2543 3717 2843 3774 ἀναλώσει
2873 3715 2952 3782 τῷ
2984 3717 3276 3784 πνεύματι
3310 3712 3416 3766 τοῦ
3437 3712 3662 3779 στόμα-

2091 3835 2194 3883 τος
2223 3813 2432 3878 αὐτοῦ,
2457 3813 2555 3866 καί
2584 3808 2947 3881 καταργήσει
2978 3808 3052 3879 τῇ
3079 3806 3397 3878 ἐπιφανείᾳ
3429 3801 3536 3870 τῆς
3557 3818 3666 3855 πα-

2085 3907 2344 3978 ρουσίας
2365 3904 2572 3959 αὑτοῦ.

2168 4057 2267 4111 Ἳν’
2313 4052 2405 4109 οῦν
2455 4054 2530 4125 μὴ
2582 4051 2821 4114 ἀκούσας
2877 4052 2941 4104 σὺ
2995 4051 3169 4104 ταῦτα
3207 4051 3665 4122 καταφρονήσῃς,

2098 4147 2340 4204 δείκνυσί
2389 4163 2472 4198 σοι
2511 4145 2609 4215 τῆς
2641 4142 2897 4212 θεότητος
2923 4141 3024 4210 τὴν
3061 4140 3232 4210 ἰσχύν.
3277 4140 3412 4192 Οὐδὲ
3438 4139 3546 4210 γὰρ
3573 4138 3672 4206 τὴν

2103 4240 2284 4310 σάρκα
2317 4237 2514 4306 διαιρεῖ
2543 4233 2643 4305 τῆς
2689 4231 2959 4299 θεότητος,
3001 4227 3126 4284 οὔτε
3163 4230 3263 4302 τὴν
3308 4227 3537 4299 θεότητα
3573 4226 3674 4296 τῆς

2105 4330 2326 4403 σαρκὸς,
2353 4328 2474 4399 οὐχὶ
2505 4325 2604 4390 τὰς
2631 4325 2817 4388 οὐσίας
2849 4323 3092 4394 συγχέων
3121 4324 3222 4396 (μὴ
3248 4321 3512 4393 γένοιτο),
3537 4319 3675 4374 ἀλλά

2101 4425 2200 4492 τὴν
2226 4421 2420 4475 ἕνωσιν
2445 4418 2678 4483 δεικνύς.
2707 4418 2806 4472 Διά
2827 4417 2985 4470 τοῦτό
3013 4432 3178 4488 φησιν
3195 4432 3210 4446 ·
3248 4411 3569 4485 Εὺλόγησέ
3600 4428 3676 4467 σε

2103 4518 2136 4568 ὁ
2159 4513 2298 4576 Θεὸς
2319 4514 2406 4579 εἰς
2429 4512 2536 4567 τὸν
2557 4510 2761 4568 αἰῶνα.
2791 4509 2888 4573 Τίς
2910 4508 2966 4562 δὲ
2991 4507 3091 4578 τῆς
3118 4507 3367 4576 εὐλογίας
3392 4508 3420 4560 6
3441 4503 3672 4577 τρόπος;

2108 4601 2381 4671 Ἄγγελοι,
2407 4599 2740 4673 ἀρχάγγελοι
2763 4598 3161 4670 παρεστήκασι,
3199 4596 3398 4666 θρόνοι,
3423 4595 3682 4666 κυριότη-

2104 4711 2216 4759 τες,
2249 4693 2435 4764 ἀρχαὶ,
2469 4692 2730 4760 ἐξουσίαι,
2774 4685 2920 4744 αῐνον
2949 4688 3366 4760 ἀναπέμποντες
3389 4702 3404 4718 ο
3453 4688 3604 4741 πᾶσα
3639 4689 3674 4757 ἡ

2104 4785 2178 4856 γῆ
2211 4785 2320 4839 ἀπὸ
2353 4784 2606 4858 περάτων
2630 4784 2710 4847 είς
2738 4782 2806 4836 τὰ
2841 4782 3054 4854 πέρατα
3079 4781 3350 4849 δοξολογεῖ
3390 4781 3486 4834 καὶ
3518 4779 3680 4850 ὑμνεί

2106 4876 2202 4930 καὶ
2233 4876 2473 4946 εὐφημεῖ
2494 4871 2587 4926 τὸν
2622 4871 2976 4943 σαρκωθέντα
3001 4870 3152 4926 Θεὸν.
3193 4871 3251 4924 '0
3279 4870 3378 4941 μὲν
3403 4870 3510 4941 γὰρ
3530 4868 3681 4938 πρῶ-

2106 4984 2196 5029 τος
2235 4964 2408 5035 Ἀδὰμ
2441 4963 2641 5034 μυρίας
2672 4962 2975 5034 ἐνεπλήσθη
3009 4963 3284 5035 κατάρας’
3317 4955 3471 5024 οὗτος
3492 4961 3548 5013 δὲ
3577 4960 3684 5012 άπ-

2111 5056 2357 5114 εναντίάς
2387 5054 2581 5123 ἐκείνῳ
2608 5053 2810 5124 πολλῆς
2833 5055 2931 5124 τῆς
2960 5055 3230 5122 εὐλογίας.
3262 5054 3497 5112 Ἐκεῖνος
3515 5051 3680 5118 ἡκου-

2113 5165 2221 5207 σεν,
2267 5144 2723 5213 Ἐπικατάρατος
2755 5145 2836 5200 σὺ
2863 5146 2932 5200 ἐν
2963 5147 3089 5212 τοῖς
3113 5146 3308 5214 ἔργοις
3338 5159 3486 5196 σουο
3519 5141 3612 5193 καὶ
3654 5141 3684 5192 6

2115 5239 2232 5309 μετ’
2282 5238 2488 5290 ἐκεῖνον
2539 5236 2724 5302 πάλιν,
2771 5237 2888 5301 καὶ,
2936 5234 3394 5301 Ἐπικατάρατος
3437 5233 3469 5286 ὁ
3497 5229 3684 5284 ποιῶν

2111 5331 2185 5383 τὰ
2211 5329 2353 5399 ἔργα
2385 5328 2606 5398 Κυρίου
2637 5330 2876 5398 ἀμελῶς
2895 5343 2909 5359 °
2937 5326 3053 5390 καὶ,
3099 5322 3580 5391 Ἐπικατάρατος,
3615 5323 3684 5394 ὃς

2114 5422 2225 5473 οὐκ
2253 5417 2488 5488 ἐμμένει
2513 5418 2664 5473 πᾶσι
2686 5417 2810 5482 τοῖς
2837 5413 3260 5485 τετραμμένοις
3276 5411 3346 5466 ἐν
3372 5412 3452 5480 τῷ
3469 5413 3686 5478 βιϐλίῳ

2115 5510 2304 5573 τούτῳ
2322 5524 2337 5539 ·
2363 5508 2478 5572 καὶ,
2526 5507 2991 5574 Ἐπικατάρατος
3018 5507 3052 5558 ὁ
3071 5503 3436 5574 κρεμάμενος
3453 5505 3552 5559 ἐπὶ
3582 5505 3686 5570 εύ-

2118 5605 2252 5656 λου.
2295 5599 2459 5670 Ὁρᾷς
2506 5597 2668 5650 πόσαι
2702 5597 2972 5668 κατάραις
3006 5596 3224 5651 Τούτων
3250 5595 3593 5669 ἠλευθέρωσέ
3628 5612 3686 5648 σε

2125 5696 2153 5749 6
2193 5690 2443 5770 Χριστὸς,
2471 5688 2759 5762 γενόμενος
2786 5687 3020 5764 κατάρα.
3045 5691 3253 5764 Ὥσπερ
3271 5690 3378 5764 γὰρ
3399 5690 3685 5748 ἐταπείνωπ
