4112 6214
423 260 553 368 ιεέ

423 440 519 480 σιν
545 415 759 487 ἐαυτὸν,
790 416 878 473 Na
907 416 967 473 αδ
992 410 1207 491 ὑψώσῃ,
1237 408 1333 472 καὶ
1351 406 1642 479 ἀπέθανεν,
1662 416 1752 471 ἶνα
1777 416 1836 470 σὲ
1857 414 1990 470 άθά-

422 530 582 570 νατον
620 509 956 583 ἐργάσηται·
986 507 1132 562 οὕτω
1169 508 1262 563 καὶ
1307 508 1520 580 κατάρα
1550 508 1786 576 ἐγένετο,
1816 507 1902 561 ἵνα
1937 506 1997 560 σε

422 604 676 673 εὐλογίας
702 602 982 674 ἐμπλήσῃ.
1006 599 1074 653 Τί
1102 600 1201 672 τῆς
1220 599 1471 671 εὐλογίας
1488 598 1694 670 ταύτης
1715 598 1848 664 ἴσον,
1870 599 2000 653 ὅταν

422 696 512 751 διὰ
540 694 783 766 κατάρας
813 691 1063 761 εὐλογίαν
1090 691 1413 764 χαρίζηταις
1439 692 1512 746 Ού
1535 691 1821 764 γάραύτὸς
1847 692 1999 763 ἐδεή-

426 788 495 860 θη
536 786 806 856 εὐλογίας.
843 784 978 840 ἀλλά
1015 784 1100 838 σοὶ
1134 785 1336 857 ταύτην
1375 784 1610 839 δίδωσιν.
1643 785 1856 855 Ὠσπερ
1889 784 1998 855 7&9

425 879 555 932 ὅταν
589 878 748 940 είπω,
780 870 867 929 δτι
889 873 1249 946 ἐταπεινώθη,
1275 877 1335 930 ού
1358 874 1658 947 μεταϐολὴν
1678 875 1845 945 λέγω,
1864 874 2001 929 ἀλλά

425 972 526 1042 τῆς
554 967 868 1039 οἰκονομίας
914 967 1014 1038 τὴν
1057 966 1500 1036 συγκατάϐασιν·
1532 964 1682 1020 οὕτω
1728 967 1822 1019 καὶ
1873 966 2000 1019 ὅταν

427 1061 568 1116 εἴπω
596 1058 680 1115 ὃτι
707 1058 1008 1130 ηύλογήθη,
1044 1059 1106 1112 ού
1136 1057 1296 1112 τοῦτο
1315 1056 1483 1127 λέγω,
1517 1056 1599 1111 ὅτι
1629 1055 1823 1129 ἐδεήθη
1852 1055 2004 1109 εὐλο-

428 1130 575 1223 γίας,
606 1150 741 1204 ἀλλά
772 1149 935 1203 πάλιν
956 1151 1055 1220 τῆς
1075 1148 1387 1219 οἰκονομίας
1409 1147 1658 1219 δείκνυμι
1678 1147 1778 1218 τὴν
1799 1162 1998 1215 συγκα-

430 1244 680 1298 τάϐασιν.
708 1239 995 1311 Ηύλογήθη
1029 1239 1208 1293 τοίνυν
1239 1242 1273 1311 ή
1302 1238 1618 1313 ἀνθρωπίνη
1651 1238 1832 1309 φύσις.
1866 1238 2002 1308 Χρι-

431 1332 554 1396 στὸς
595 1330 705 1402 7&9
745 1329 990 1401 ἐγερθεὶς
1017 1329 1083 1382 ἐκ
1113 1328 1346 1399 νεκρῶν,
1392 1330 1492 1383 ούκ
1525 1328 1605 1383 ἐτι
1648 1328 2001 1399 ἀποθνήσκει,

429 1423 550 1477 οὐδὲ
574 1422 789 1493 κατάρᾳ
823 1419 1112 1473 ὑπόκειται
1134 1436 1148 1450 ·
1200 1419 1399 1491 μᾶλλον
1428 1419 1485 1473 δὲ
1513 1420 1635 1473 ούδέ
1665 1419 1773 1491 πρὸ
1813 1417 2002 1472 τούτου

432 1512 708 1576 ὑπέκειτο,
758 1511 871 1567 ἀλλ’
910 1509 1142 1564 ἀνέλαϐε
1170 1509 1270 1581 τὴν
1296 1510 1562 1582 κατάραν,
1593 1510 1679 1565 ἵνα
1710 1512 1770 1564 σέ
1803 1509 2007 1580 ταύτης

431 1604 737 1677 ἀπαλλάξῃ.
775 1602 1097 1671 Περίζωσαι
1126 1601 1241 1670 τὴν
1275 1603 1582 1671 ῥομφαίαν
1619 1618 1735 1656 σου
1766 1602 1865 1655 ἐπὶ
1902 1603 2009 1656 τεν

428 1697 626 1763 μηρόν
652 1709 790 1755 σου,
832 1690 1071 1746 δυνατέ.
1104 1693 1319 1757 Ἀλλος,
1353 1692 1547 1747 Ζῶσαι
1566 1693 1867 1763 μάχαιράν
1892 1709 2008 1749 σου

433 1787 533 1840 ἐπὶ
565 1786 780 1856 μηρόν.
816 1783 1028 1847 Ἀλλος,
1062 1783 1313 1852 Περιθου
1341 1784 1421 1850 ὡς
1440 1783 1738 1854 μάχαιράν
1768 1799 1886 1840 σου
1908 1785 2008 1838 ἐπί

435 1877 545 1932 τοῦ
560 1875 776 1947 μηροῦ.
810 1874 889 1943 Τῇ
921 1875 1235 1942 ὠραιότητί
1265 1892 1381 1930 σου
1401 1875 1500 1930 καί
1532 1874 1612 1942 τῷ
1637 1875 1848 1931 κάλλει
1867 1890 2006 1932 σου.

440 1968 634 2030 ’Δλλος
662 1966 817 2039 φησὶ,
850 1964 962 2020 Τὸν
985 1965 1237 2019 ἔπαινόν
1256 1980 1373 2021 σου
1397 1966 1496 2020 καί
1524 1966 1587 2021 τὸ
1614 1967 1844 2037 ἀξίωμὰ
1869 1982 2007 2024 σου.

437 2058 593 2133 [167]
641 2057 850 2122 ⁸Ἄλλος,
910 2055 1324 2124 Ἐπιδοξότητί
1367 2072 1485 2112 σου
1530 2058 1628 2112 καί
1662 2057 2013 2128 διαπρεπεία

437 2166 576 2206 σου.
608 2148 704 2212 Τίς
738 2150 771 2219 ή
804 2145 1097 2219 μεταϐολὴ,
1120 2146 1214 2200 καὶ
1241 2146 1323 2211 τίς
1345 2149 1379 2218 ή
1414 2148 1744 2218 μετάστασις
1778 2148 1886 2203 τῶν
1910 2152 2010 2222 ρη-

440 2243 657 2315 μάτων;
680 2240 756 2292 Πε
766 2240 818 2311 ρὶ
841 2238 948 2311 7&9
968 2237 1289 2292 διδασκάλου
1306 2236 1684 2311 διαλεγόμενος
1706 2240 1884 2308 (τοῦτο
1903 2240 2012 2313 γάρ

437 2336 552 2388 ἐστι
574 2333 654 2399 τὸ,
695 2330 979 2401 Ἐξεχύθη
1002 2327 1176 2398 χάρις
1201 2328 1271 2382 ἐν
1300 2329 1535 2397 χείλεσι
1564 2329 1725 2400 σου),
1753 2329 2012 2400 ἐξαίφνης

437 2427 570 2497 ήμῖν
604 2421 829 2494 βασιλέα
867 2418 1316 2491 καθωπλισμένον
1341 2419 1671 2490 ὑπογράφει,
1705 2421 1799 2474 καὶ
1829 2421 1929 2474 ούκ
1954 2423 2012 2475 ἐν

437 2515 589 2581 τάξει
624 2511 982 2586 προφητείας,
1019 2511 1135 2566 ἀλλ’
1180 2513 1239 2565 ἐν
1264 2509 1417 2574 τάξει
1463 2511 1762 2582 ἰκετηρίας.
1793 2511 1867 2564 Urb
1905 2510 2012 2583 7&9

439 2604 582 2663 εἷπε·
624 2602 998 2677 Περιζώσεται
1025 2602 1126 2674 τὴν
1165 2602 1438 2675 ῥομφαίαν
1465 2603 1628 2655 αὑτοῦ
1652 2621 1663 2631 ·
1695 2602 1827 2655 ἀλλά
1853 2601 2008 2668 ἀξιοῖ,

439 2697 532 2751 καί
560 2712 713 2766 φησι,
743 2690 1063 2763 Περίζωσαι
1085 2693 1200 2760 τὴν
1232 2692 1541 2761 ῥομφαίαν
1567 2707 1704 2745 σου.
1756 2689 1887 2745 Εἶτα
1918 2693 2013 2747 καὶ

437 2788 506 2857 τῇ
539 2784 757 2837 ὁπλίσει
777 2781 951 2854 ταύτῃ
974 2780 1168 2843 κάλλος
1187 2779 1537 2850 ἀναμίγνυσι,
1556 2778 1651 2834 νῦν
1674 2780 1771 2851 μὲν
1790 2780 2014 2852 ὁπλίτην

437 2875 636 2948 δηλῶν,
664 2871 760 2926 νῦν
786 2871 844 2926 δὲ
875 2869 1272 2944 ὼραῖςόμενον·
1315 2869 1393 2939 Τῇ
1412 2871 1521 2941 7&9
1542 2871 1856 2939 ὡραιότητί
1874 2886 2010 2937 σου,

442 2966 599 3037 φησί,
630 2963 730 3019 καί
769 2961 850 3029 τῷ
878 2961 1093 3016 κάλλει
1140 2976 1277 3016 σου.
1314 2957 1449 3016 Εἶτα
1475 2960 1697 3033 τοξότην
1719 2980 1732 2991 ·
1760 2963 1838 3016 Τὰ
1855 2961 2013 3032 βέλη

439 3059 551 3129 γάρ
584 3072 723 3120 σου,
775 3055 961 3126 φησὶν,
1008 3052 1372 3123 ἠκονημένα,
1411 3052 1649 3108 δυνατέ.
1696 3052 1807 3107 Καὶ
1851 3053 2017 3109 πάλιν

440 3147 670 3219 νικητὴν
696 3146 792 3200 καὶ
817 3144 1180 3218 τροπαιοῦχον
1199 3161 1215 3176 ·
1237 3143 1382 3199 Λαοί
1400 3143 1679 3199 ὑποκάτω
1698 3160 1837 3210 σου,
1858 3146 2012 3218 φησὶ,

441 3238 775 3296 πεσοῦνται
801 3238 873 3291 ἐν
897 3236 1112 3305 καρδίᾳ
1150 3235 1269 3289 τῶν
1291 3233 1521 3305 ἐχθρῶν
1554 3237 1660 3291 τοῦ
1686 3236 2012 3306 βασιλέως.

444 3329 556 3382 Καὶ
585 3325 773 3381 τοῦτον
805 3324 862 3379 δὲ
885 3324 1049 3379 αὑτὸν
1078 3324 1242 3379 πάλιν
1268 3323 1476 3392 εἰσάγει
1509 3323 1703 3398 μύροις
1731 3327 2017 3398 χριόμενον

441 3418 535 3472 τὸν
558 3416 802 3488 ὁπλίτην,
837 3417 932 3471 καὶ
963 3414 1212 3486 βασιλέα,
1241 3416 1338 3469 καὶ
1362 3415 1606 3489 τοξότην,
1635 3418 1728 3470 καὶ
1757 3421 1981 3491 νικητήν
1999 3435 2017 3453 ο

444 3510 687 3579 Σμύρνα
713 3508 844 3578 7&9,
883 3507 1037 3579 φησὶ,
1081 3508 1180 3561 καί
1209 3505 1468 3576 στακτὴ,
1500 3507 1596 3561 καί
1627 3510 1853 3563 κασσία
1898 3509 2016 3565 ἀπὸ

443 3600 564 3658 τῶν
592 3599 838 3670 ίματίων
862 3613 1004 3654 σου.

515 3778 688 3842 ε’.Τίς
718 3771 813 3831 οὖν
840 3775 1093 3830 κοινωνία
1126 3774 1314 3838 ὅπλοις
1336 3775 1429 3830 καί
1469 3777 1675 3849 μύροις,
1702 3776 1964 3849 χρίσματι
1993 3790 2019 3819 α

450 3871 545 3928 καὶ
594 3866 857 3941 ῥομφαία,
910 3865 1234 3936 διδασκαλία
1280 3866 1373 3919 καὶ
1418 3866 1663 3939 πολέμῳ,
1704 3867 1882 3934 τόξοις
1928 3868 2023 3922 καὶ

445 3959 747 4035 ῶραῖσμῴς
772 3957 855 4011 Τά
883 3958 983 4028 μὲν
1010 3957 1120 4028 γάρ
1150 3957 1298 4009 ἐστιν
1324 3957 1550 4029 εἰρήνης
1579 3957 1846 4029 σύμϐολα,
1877 3958 1944 4013 τὰ
1966 3960 2023 4014 δὲ

452 4055 632 4126 μάχης
657 4051 752 4104 καὶ
792 4047 1169 4118 παρατάξεως.
1212 4046 1308 4111 Τίς
1346 4043 1440 4101 οὖν
1486 4049 1635 4102 ἐστιν
1672 4049 1700 4102 ὁ
1748 4051 2024 4123 εἰρηνικὸς

447 4145 584 4215 ὁμοῦ
634 4143 733 4198 καὶ
772 4138 1106 4213 πολεμικόςς
1149 4140 1177 4193 ὁ
1220 4137 1393 4210 μύρον
1419 4138 1655 4205 στάζων,
1695 4142 1790 4195 καὶ
1838 4142 2025 4208 ὅπλοις

449 4231 854 4306 φραττόμενος;
900 4229 930 4281 ὁ
967 4224 1174 4299 προῖὼν
1218 4226 1327 4280 ἀπὸ
1375 4225 1586 4297 βάρεων
1639 4226 2021 4298 ἐλεφαντίνων,

449 4326 542 4381 καὶ
569 4324 794 4396 μυρίους
819 4319 1027 4391 βάλλων
1047 4317 1155 4372 τῶν
1183 4317 1415 4389 ἐχθρῶν,
1447 4319 1540 4371 καὶ
1561 4318 1827 4384 τοσαύτας
1857 4322 2025 4393 ἐργα-

453 4418 679 4489 ζόμενος
715 4412 963 4483 σφαγάς;
996 4410 1125 4475 Πῶς
1146 4409 1381 4480 λύσομεν
1405 4409 1505 4479 τὴν
1526 4410 1759 4481 ἀπορίαν
1786 4411 2023 4481 ταύτηνς

451 4508 553 4559 Ἂν
583 4503 804 4574 γνῶμεν
840 4498 1087 4572 ἀκριϐῶς
1121 4499 1204 4553 ὅτι
1232 4498 1326 4552 καὶ
1346 4497 1474 4568 περὶ
1498 4497 1590 4551 τοῦ
1630 4499 1838 4570 Πατρὸς
1860 4501 2024 4555 αὐτοῦ

449 4596 626 4650 ταῦτα
648 4593 886 4662 λέγεται.
920 4590 1023 4646 Καὶ
1053 4591 1161 4661 7&9
1192 4588 1289 4644 καὶ
1322 4588 1485 4643 αὐτὸν
1513 4590 1725 4659 εἰσάγει
1755 4592 1783 4643 ὁ
1808 4592 2026 4665 Προφή-

451 4703 554 4755 της
595 4683 829 4754 ἀλλαχοῦ
865 4681 1242 4753 όπλιζόμενον,
1290 4680 1368 4745 ὡς
1398 4681 1525 4735 ὅταν
1555 4680 1727 4753 λέγῃ·
1770 4682 1904 4737 Ἐὰν
1935 4683 2023 4754 μὴ

452 4768 883 4842 ἐωστραφῆτε,
909 4769 1028 4839 τὴν
1051 4769 1359 4839 ῥομφαίαν
1378 4769 1563 4825 αὑτοῦ
1585 4773 1905 4826 στιλόώσει
1923 4789 1938 4803 ·
1958 4774 2027 4828 τὸ

455 4864 635 4931 τόξον
654 4861 840 4916 αὑτοῦ
864 4860 1139 4926 ἐνέτεινε,
1168 4862 1264 4915 καί
1290 4862 1621 4931 ἡτοίμασεν
1641 4862 1808 4930 αὐτὸ,
1832 4866 1930 4920 καί
1957 4865 2029 4920 ἐν

454 4956 534 5011 αὑ
546 4951 621 5019 τῷ
645 4950 937 5022 ἡτοίμασε
956 4952 1147 5020 σκεύη
1170 4951 1448 5008 θανάτου.
1474 4952 1585 5007 Καὶ
1600 4953 1758 5008 πάλιν
1773 4955 2024 5028 ἀλλαχοῦ·

466 5046 817 5103 Ἐνδύσεται
848 5042 1084 5114 θώρακα
1128 5045 1534 5115 δικαιοσύνην
1566 5047 1614 5101 b.
1649 5048 1790 5120 Ὅρα
1834 5050 1893 5104 δὲ
1935 5053 2030 5106 καὶ

456 5138 744 5211 αὐθεντίαν
771 5138 869 5208 τὴν
911 5137 1102 5209 αύτήν.
1152 5138 1364 5209 Ὠσπερ
1406 5137 1514 5210 7&9
1558 5138 1675 5191 ἐκεῖ
1718 5156 1872 5210 φησι,
1912 5141 2032 5210 Τὴν

453 5231 753 5307 ῥομφαίαν
775 5228 962 5285 αὑτοῦ
997 5227 1340 5293 muscam,
1383 5228 1443 5281 ού
1491 5229 1641 5301 παρά
1663 5247 1807 5295 τινος
1840 5231 2031 5287 κελευ-

460 5324 628 5389 σθεὶς,
671 5321 786 5376 ἀλλ’
810 5321 973 5385 αὐτὸς
1004 5320 1097 5390 ἀφ’
1124 5319 1321 5375 ἐαυτοῦ
1346 5336 1360 5350 ·
1394 5317 1531 5373 οὕτω
1555 5321 1650 5374 καὶ
1678 5321 1929 5388 ἐνταῦθα,
1957 5324 2032 5378 Τὰ

458 5412 611 5493 βέλη
644 5413 747 5468 τοῦ
773 5412 1034 5469 δυνατοῦ
1053 5410 1424 5481 ἠκονημένα,
1451 5412 1587 5469 λαοὶ
1610 5413 1888 5469 ὑποκάτω
1913 5429 2030 5472 σου

519 5659 547 5691 ⁸
580 5658 674 5719 Alii
698 5656 871 5719 χάριτι,
893 5658 1054 5719 minus
1075 5663 1243 5718 recte,

521 5719 552 5767 ι
574 5718 672 5775 Α)ὶὶ
706 5718 1014 5775 δικαιοσύνης.

1121 300 1180 357 S.
1220 297 1502 357 JOANNIS
1539 296 2018 359 CHRYSOSTOMI
2054 294 2376 351 ARCHIEP.
2414 290 2961 349 CONS'I‘ANTINOP.

3568 290 3689 348 {90'

2097 412 2423 468 πεσοῦνται
2450 415 2521 469 ἐν
2554 410 2769 481 καρδίᾳ
2802 395 2921 464 τῶν
2946 406 3176 478 ἐχθρῶν
3212 406 3318 462 τοῦ
3340 405 3665 472 βασιλέως.

2095 499 2227 559 Εἶτα
2259 505 2493 571 δεικνὺς,
2524 505 2607 560 ὃτι
2635 501 2847 558 οἰκοθεν
2877 501 3056 555 πάντα
3089 500 3253 563 ποιεῖ,
3282 496 3460 571 λέγεις
3506 493 3668 564 Ὀδη-

2094 595 2267 667 τήσει
2300 609 2374 651 σε
2410 593 2766 667 θαυμαστῶς
2794 595 2833 664 ή
2864 589 3035 658 δεξιά
3068 605 3206 646 σου.
3235 590 3348 662 Οὐχ
3375 587 3666 659 ἑτέρωθεν,

2097 688 2284 760 φησὶν,
2337 688 2620 760 ἐνέργειαν
2668 685 2819 761 δέχῃ,
2872 684 2989 740 ἀλλ’
3026 683 3190 748 αὐτὸς
3234 681 3411 753 ἐαυτῷ
3458 682 3667 754 ἀρκείς.

2101 782 2302 834 Ἄκουε
2331 779 2390 834 δὲ
2424 781 2519 833 καὶ
2547 777 2714 834 αὐτοῦ
2747 779 3002 847 λέγοντος
3020 774 3116 830 τοῦ
3149 775 3249 846 τῆς
3279 774 3502 845 εἰρήνης
3536 771 3670 825 Θεοῦ

2098 873 2234 944 πρὸς
2255 871 2383 936 τοὺς
2416 870 2666 944 μαθητάς
2684 889 2698 904 ·
2729 874 2851 927 Οὐκ
2872 866 3063 943 ἦλθον
3074 867 3296 935 ,ϐαλεῖν
3308 864 3558 935 εἰρήνην
3570 863 3670 917 ἐπὶ

2099 962 2215 1031 τὴν
2249 962 2385 1034 γῆν,
2414 961 2577 1018 ἀλλὰ
2609 962 2929 1034 μάχαιραν,
2962 961 3074 1016 Καὶ
3103 959 3298 1014 πάλιν·
3335 957 3462 1025 Πῦρ
3484 951 3675 1026 ἦλθον

2104 1053 2314 1123 βαλεῖν
2341 1054 2439 1129 ἐπί
2463 1053 2578 1123 τὴν
2600 1053 2734 1124 γῆν,
2757 1055 2854 1108 καί
2872 1054 2928 1108 τί
2943 1052 3164 1123 ἤθελον
3185 1053 3238 1106 εἰ
3260 1048 3374 1119 ἤδη
3395 1046 3675 1117 ἀνήρθηῖ

2103 1142 2278 1209 Οὗτος
2306 1147 2363 1203 δέ
2392 1134 2718 1221 περὶάύτοῧ
2751 1147 2948 1217 λέγων,
2988 1145 3105 1211 πῶς
3138 1144 3260 1216 ήξει
3290 1140 3452 1213 φησί·
3487 1143 3675 1195 Κατα-

2101 1238 2344 1306 ϐήσεται
2375 1241 2455 1308 ὠς
2482 1241 2655 1309 ὑετὸς
2677 1240 2775 1296 ἐπὶ
2804 1241 3015 1303 πόκον,
3057 1237 3158 1292 καί
3189 1235 3331 1291 ὡσεί
3358 1230 3601 1302 σταγὼν
3634 1231 3673 1299 ἡ

2102 1335 2406 1398 στάζουσα
2448 1336 2548 1391 ἐπὶ
2582 1334 2698 1404 τὴν
2744 1335 2880 1406 vm'r.
2922 1332 3110 1388 Ταῦτα
3149 1330 3315 1401 λέγω,
3355 1328 3445 1382 ῐνα
3490 1325 3675 1395 διεγη-

2103 1427 2364 1499 γερμένοι
2409 1424 2532 1500 ἦτε,
2566 1428 2661 1482 καὶ
2691 1425 2759 1480 τά
2798 1425 2905 1479 ἀπὸ
2935 1424 3041 1479 τῶν
3069 1423 3268 1488 λέξεων
3302 1417 3678 1489 σημαινόμενα

2108 1517 2246 1588 μετά
2275 1519 2561 1591 ἀκριϐείας
2591 1517 3047 1588 ἐκλαμϐάνοντες,
3074 1515 3245 1584 λύητε
3287 1510 3420 1583 παρ’
3466 1510 3678 1571 ἑαυτοῖς

2105 1609 2202 1662 καὶ
2229 1610 2483 1682 ἀπορίαν.
2519 1609 2705 1663 Ταῦτα
2732 1608 2840 1680 7&9
2875 1606 2946 1660 τά
2969 1606 3209 1676 ὀνόματα
3238 1602 3346 1658 τῶν
3389 1597 3679 1673 ἐνεργειῶν

2106 1699 2271 1755 αὑτοῦ
2301 1701 2416 1753 ἐστι
2444 1717 2509 1771 ση
2520 1698 2776 1771 μαπικά.
2803 1697 2959 1752 Οὕτω
2974 1696 3152 1751 τοίνυν
3180 1697 3277 1750 καὶ
3304 1691 3538 1749 ἐνταῦθα
3551 1692 3681 1746 ὅταν

2106 1791 2367 1866 ἀκούσῃς,
2414 1791 2737 1859 Περίζωσαι
2773 1790 2889 1859 τὴν
2931 1788 3240 1859 ῥομφαίαν
3277 1802 3393 1843 σου
3444 1785 3540 1840 ἐπὶ
3574 1782 3683 1837 τὸν

2102 1882 2303 1949 μηρόν
2322 1896 2460 1943 σου,
2482 1880 2723 1943 δυνατὲ,
2740 1880 2843 1949 τῆς
2867 1879 3147 1951 ἐνεργείας
3162 1874 3326 1931 αὐτοῦ
3346 1869 3489 1929 εἶναι
3512 1873 3682 1943 ὄνομα

2108 1970 2296 2040 νόμιζε
2318 1987 2331 2001 ·
2366 1971 2461 2024 καὶ
2483 1970 2551 2024 τά
2584 1967 2712 2035 τόξα
2744 1971 2839 2024 καὶ
2870 1970 2938 2024 τά
2963 1969 3116 2041 βέλη.
3149 1966 3364 2037 ’Ὠσπερ
3391 1965 3501 2035 7&9
3534 1963 3680 2034 όργί·

2110 2062 2299 2128 ζεσθαι
2322 2062 2411 2116 τὸν
2435 2064 2618 2135 Θεὸνή
2646 2064 2837 2137 Γραφὴ
2867 2064 3038 2132 λέγει,
3074 2064 3136 2116 οὐ
3166 2062 3336 2125 πάθος
3362 2058 3510 2129 αὐτῷ
3531 2055 3681 2131 [168]

2109 2154 2507 2226 περιάπτουσα,
2541 2155 2678 2209 ἀλλά
2713 2155 2802 2210 διά
2826 2155 2923 2226 τῆς
2952 2154 3152 2221 λέξεως
3170 2153 3375 2221 ταύτης
3399 2150 3498 2222 τὴν
3526 2151 3683 2222 ἐνέρ-

2109 2263 2263 2315 γειαν
2291 2245 2455 2299 αὑτοῦ
2483 2247 2581 2314 τὴν
2608 2246 2936 2318 κολαστικὴν
2966 2247 3312 2319 παριστῶσα,
3340 2245 3435 2300 καὶ
3453 2244 3561 2298 τῶν
3583 2260 3686 2297 πα-

2110 2336 2354 2407 χυτέρων
2391 2337 2786 2409 καθαπτομένη
2808 2355 2823 2370 ·
2861 2337 3005 2393 οὕτω
3036 2338 3131 2393 καί
3160 2337 3230 2392 τά
3265 2336 3405 2391 ὅπλα
3451 2336 3685 2406 λέγουσα

2111 2427 2275 2481 τοῦτο
2302 2427 2476 2498 δηλοῖ.
2524 2429 2741 2502 Ἐπειδὴ
2772 2429 2882 2502 7&9
2912 2432 3068 2501 ήμεῖς
3095 2430 3155 2484 ού
3183 2431 3253 2485 δι’
3283 2428 3514 2495 ἑαυτῶν,
3551 2428 3685 2482 άλλά

2109 2519 2177 2573 δι’
2216 2520 2420 2593 ἐτέρων
2461 2521 2710 2592 ὀργάνων
2738 2521 3152 2594 τιμωρούμεθα,
3189 2521 3359 2578 θέλων
3391 2521 3559 2590 δεῖξαι
3588 2520 3686 2592 τὴν

2110 2612 2492 2687 τιμωρητικὴν
2522 2613 2691 2668 αὐτοῦ
2713 2612 2964 2685 δύναμιν,
2994 2613 3082 2668 διά
3103 2614 3213 2669 τῶν
3241 2613 3535 2686 γνωρίμων
3556 2615 3686 2685 ήμῖν

2109 2704 2392 2775 ὀνομάτων
2421 2704 2714 2776 ἐδήλωσεν,
2743 2706 2842 2777 οὐχ
2865 2706 2955 2760 ἵνα
2987 2705 3127 2761 ὅπλα
3161 2706 3290 2779 περὶ
3322 2706 3454 2760 Θεὸν
3482 2705 3687 2777 νοήσωσ

2115 2814 2234 2870 μεν,
2282 2798 2398 2852 ἀλλ’
2440 2799 2530 2854 ἶνα
2586 2798 3069 2872 ἐμφαντικώτερον
3103 2799 3203 2872 τὴν
3249 2799 3472 2854 κόλασιν
3523 2795 3690 2853 αὐτοῦ

2112 2891 2456 2964 ἀκούσωμεν.
2508 2890 2668 2945 Ἀλλά
2697 2891 2907 2956 πολλοὶ,
2945 2891 3133 2962 φησὶν,
3172 2890 3424 2946 ἐντεῦθεν
3459 2889 3690 2960 ἐϐλάϐη·

2115 2999 2236 3037 σαν.
2277 2983 2417 3037 Ἀλλ’
2438 2985 2560 3055 εἰκῆ
2578 2983 2673 3038 καὶ
2696 2984 2873 3055 μάτην
2889 2984 2985 3038 καὶ⁵
3001 2983 3106 3038 ύπὸ
3130 2982 3232 3054 τῆς
3255 2983 3461 3047 οἰκείας
3483 2980 3684 3045 ἀνοίας·

2118 3074 2353 3145 μάλιστα
2387 3076 2485 3148 μὲν
2513 3078 2621 3149 7&9
2648 3076 2939 3142 ἀκούοντες
2963 3076 3120 3137 Θεὸν,
3154 3075 3388 3146 ῶςρειλον
3430 3075 3686 3153 συνιέναι,

2115 3167 2197 3220 ὅτι
2235 3166 2643 3241 τροπικὼτερον
2673 3170 2889 3240 εἴρηται
2912 3186 2925 3200 ·
2962 3168 3080 3223 νυνὶ
3118 3167 3175 3222 δέ
3205 3168 3266 3221 ού
3308 3168 3398 3222 διά
3433 3162 3695 3240 ῥημάτων

2117 3258 2321 3328 ἐτέρων
2347 3258 2547 3322 αὐτοὺς
2570 3257 2859 3312 παιδεῦσαι
2879 3257 2941 3311 τὸ
2964 3256 3171 3321 ἀπαθὲς
3199 3256 3293 3310 τοῦ
3324 3255 3459 3310 Θεοῦ
3488 3255 3691 3327 ὴμέλη-

2119 3366 2210 3403 σεν
2255 3352 2289 3422 ή
2339 3350 2553 3421 Γραφή.
2610 3350 2877 3403 ’Ἄκουσον
2901 3348 3031 3418 γοῦν
3077 3347 3313 3419 ἀλλαχοῦ
3359 3347 3478 3412 πῶς
3526 3346 3691 3402 αὐτοῦ

2116 3439 2358 3494 δείκνυσι
2388 3439 2485 3510 τὴν
2516 3439 2768 3493 εὐκολίαν
2807 3443 2905 3513 τῆς
2949 3441 3245 3512 τιμωρίας,
3282 3439 3487 3506 λέγων·
3535 3442 3691 3495 'Ara-

2118 3531 2319 3598 στήτω
2347 3534 2379 3586 ό
2404 3531 2571 3597 Θεὸς.
2598 3530 3247 3602 διασκορπισθήτωσαν
3267 3534 3322 3584 ol
3348 3531 3548 3599 ἐχθροί
3579 3533 3688 3584 αὺ-

2120 3621 2245 3676 τοῦ.
2275 3620 2367 3693 Μὴ
2410 3621 2571 3692 χρεία
2602 3621 2817 3689 ὃπλων;
2847 3622 2923 3694 μὴ
2971 3623 3132 3695 χρεία
3160 3620 3464 3694 ῥομφαίας;
3506 3622 3691 3692 Ἀρκεῖ

2129 3709 2308 3781 μόνον,
2341 3712 2527 3780 φησὶν,
2569 3712 2602 3782 ή
2637 3710 2957 3776 ἀνάστασις.
3002 3710 3163 3766 Ἀλλά
3202 3711 3294 3766 καί⁵
3334 3710 3495 3764 τοῦτο
3527 3710 3687 3765 πάλιν

2127 3800 2301 3871 παχύ·
2337 3800 2417 3854 διὸ
2446 3798 2713 3874 πολλαχοῦ
2754 3801 2931 3872 λέγει·
2984 3803 3038 3857 Ὀ
3070 3802 3408 3857 ἐπιϐλέπων
3438 3803 3536 3858 ὲπί
3578 3803 3691 3871 τὴν

2121 3892 2259 3963 γῆν,
2295 3892 2393 3947 καί
2425 3892 2613 3946 ποιῶν
2634 3893 2830 3962 αὐτὴν
2861 3893 3113 3964 τρέμειν.
3164 3894 3273 3948 Καὶ
3317 3894 3478 3949 πάλιν
3498 3913 3510 3925 ·
3550 3893 3693 3949 Ἀπὸ

2122 3983 2446 4054 προσώπου
2472 3982 2659 4038 αὐτοῦ
2685 3984 2989 4053 ἐσαλεύθη
3017 3987 3056 4054 ἠ
3090 3984 3190 4055 τῆ.
3228 3985 3390 4039 Ἀλλά
3419 3987 3515 4040 καὶ
3542 3986 3700 4041 τοῦτο

2122 4074 2290 4145 παχύ.
2325 4076 2592 4129 ⁸Ἄκουσον
2619 4074 2680 4130 τὸ
2704 4075 3035 4148 ὑψηλότερον
3054 4090 3068 4105 ⁶
3088 4076 3310 4140 Πάντα,
3338 4076 3455 4130 ὅσα
3482 4078 3697 4148 ἠθέλη-

2121 4182 2257 4231 σεν,
2288 4166 2580 4234 ἐποίησεν
2601 4184 2614 4197 ·
2648 4169 2807 4238 ἀρκεῖ
2839 4167 2947 4238 7&9
2980 4165 3128 4236 αύτῷ
3160 4166 3223 4219 τὸ
3250 4165 3475 4236 θελῆσαι
3515 4169 3694 4239 μόνον.

2123 4257 2323 4311 Σκόπει
2350 4257 2407 4310 δὲ
2440 4257 2557 4320 πῶς
2584 4259 2678 4312 καὶ
2701 4259 2758 4310 ἐν
2782 4257 2964 4321 αὐτοῖς
2982 4259 3095 4320 τοῖς
3128 4257 3458 4328 παχυτέροις
3486 4258 3698 4325 τούτοις

2121 4348 2361 4402 δείκνυσι
2376 4349 2437 4403 τὸ
2455 4349 2699 4411 ἀνενδεές
2714 4347 2807 4401 τοῦ
2828 4345 2985 4403 Θεοῦ.
3008 4347 3081 4400 Ού
3105 4346 3214 4418 7&9
3237 4346 3503 4420 πρότερον
3519 4350 3698 4406 ὃπλων

2123 4445 2551 4518 ἐμνημόνευσεν,
2585 4445 2689 4510 ἕως
2726 4445 2815 4499 ὅτε
2842 4442 3067 4498 δυνατὸν
3095 4443 3256 4498 αὑτὸν
3298 4444 3527 4499 ἐκάλεσε
3547 4463 3560 4477 ·
3603 4447 3697 4501 καὶ

2124 4541 2284 4597 πάλιν
2325 4541 2625 4607 καταλέξας
2661 4539 2730 4594 τά
2756 4539 2919 4608 ὅπλα,
2951 4541 3079 4614 ὃλην
3111 4541 3208 4613 τὴν
3248 4539 3406 4611 νίκην
3444 4543 3511 4613 τῇ
3549 4541 3699 4616 δεξιᾷ

2124 4640 2292 4695 αὐτοῦ
2329 4640 2636 4710 ἐλογίσατο,
2684 4640 2958 4708 τουτέστι,
2994 4642 3060 4711 τῇ
3099 4638 3259 4710 φύσει
3292 4638 3456 4693 αὑτοῦ
3511 4641 3604 4694 καὶ
3632 4643 3697 4712 τῇ

2122 4736 2351 4808 δυνάμει
2385 4736 2575 4792 αὐτοῦ.
2626 4739 2804 4809 Ὅπερ
2850 4737 2944 4792 καὶ
2989 4735 3149 4799 ἀλλος
3195 4738 3477 4806 προφήτης
3523 4735 3698 4808 δηλῶν

2124 4833 2342 4903 ἔλεγεν·
2386 4834 2457 4890 Ἠ
2487 4835 2644 4906 ἀρχὴ
2677 4834 2866 4891 αὐτοῦ
2885 4835 2985 4891 ἐπὶ
3018 4833 3123 4889 τοῦ
3152 4833 3315 4904 ὤμου
3342 4834 3563 4888 αὐτοῦ·
3601 4836 3700 4906 οὐχ

2127 4930 2214 4984 ῑνα
2239 4924 2389 5003 ὦμον
2426 4934 2628 5005 νοήσῃς
2652 4934 2672 5005 (
2688 4934 2764 5005 μὴ
2791 4932 3052 5003 γένοιτο),
3084 4932 3201 4986 ἀλλ’
3232 4933 3320 4985 ἵνα
3347 4932 3495 5004 εἰδῇς
3527 4934 3611 4988 ὃτι
3639 4936 3702 4990 οὗ

2126 5025 2294 5082 δεῖται
2322 5028 2525 5100 ἐτέρων
2553 5029 2685 5093 Θεὸς
2713 5029 3050 5100 συμμαχίας.
3075 5025 3393 5096 Περίζωσαι
3416 5026 3532 5096 τὴν
3553 5029 3703 5098 ῥομ-

2127 5124 2313 5192 φαίαν
2329 5139 2447 5180 σου
2475 5124 2574 5179 ἐπὶ
2599 5125 2706 5179 τὸν
2724 5123 2924 5194 μηρόν
2948 5138 3085 5189 σου,
3119 5124 3361 5188 δυνατὲ,
3400 5121 3474 5192 τῇ
3497 5123 3703 5192 ὡραιό-

2128 5221 2261 5290 τητί
2291 5234 2408 5276 σου
2429 5220 2529 5274 καὶ
2566 5219 2646 5285 τῷ
2668 5218 2881 5274 κάλλει
2904 5232 3045 5276 σου.
3073 5216 3246 5275 Τὶοὗν
3268 5219 3499 5275 ἐνταῦθα
3526 5220 3702 5290 λέγεις

2130 5317 2228 5372 Διά
2257 5317 2370 5371 τῶν
2398 5315 2726 5388 παχυτέρων
2752 5316 3036 5386 ὀνομάτων
3065 5317 3272 5372 τούτων
3295 5320 3393 5390 τὴν
3426 5318 3705 5391 ἐνέργειαν

2130 5411 2297 5466 αὐτοῦ
2343 5412 2604 5475 δείκνυσι,
2638 5411 2707 5466 δι’
2752 5406 2823 5477 ἦς
2854 5412 2954 5484 τὴν
2984 5413 3314 5484 οἰκουμένην
3354 5414 3706 5485 κατώρθωσε,

2127 5510 2193 5563 δι’
2227 5505 2295 5581 ἧς
2326 5510 2421 5565 τὸν
2466 5508 2706 5581 πόλεμον
2734 5509 2916 5576 ἔλυσε,
2960 5510 3055 5566 καὶ
3093 5511 3155 5565 τὸ
3182 5511 3444 5586 τρόπαιον
3490 5510 3703 5581 ἔστησε.

2134 5609 2241 5662 Καὶ
2271 5608 2381 5681 7&9
2414 5607 2649 5680 πόλεμος
2693 5605 2761 5682 ἦν
2795 5609 3050 5681 χαλεπὸς,
3100 5610 3357 5691 πολέμων
3398 5611 3653 5667 ἀπάντων
3680 5611 3710 5663 ὁ

2139 5706 2494 5779 πικρότατος,
2542 5708 2603 5762 ού
2643 5707 2931 5781 βαρϐάρων
2982 5708 3382 5780 πολεμούντων,
3421 5708 3555 5765 ἀλλὰ
3601 5708 3707 5761 τῶν
