4112 6214
391 322 494 378 189

389 436 602 492 modum
630 434 770 490 enim
797 435 1029 504 seipsum
1061 434 1380 502 ltumiliavit,
1415 445 1470 488 ut
1502 445 1552 489 te
1577 435 1840 489 exultaret
1865 477 1877 497 ,
1906 443 1960 490 et

385 541 626 585 mortuus
653 538 734 584 est
759 570 773 592 ,
819 538 877 582 ut
909 538 957 582 te
985 526 1231 581 redderet
1274 527 1626 581 immortalem
1659 543 1671 578 :
1703 528 1771 579 ita
1801 526 1956 580 etiam

382 623 551 678 lacius
575 630 654 689 est
681 619 1017 673 maledictum
1039 659 1054 683 ,
1088 627 1143 672 ut
1165 628 1217 672 tu
1242 617 1538 688 implereris
1567 617 1952 672 benedictione.

379 715 515 783 Quid
557 722 724 784 potest
748 712 974 766 conferri
1017 727 1136 766 cum
1169 711 1267 765 hac
1295 709 1700 776 benedictione,
1743 708 1956 779 quando

379 823 475 878 per
522 803 944 858 maledieuouem
997 801 1214 871 largitur
1257 800 1726 857 benedictionem?
1773 799 1956 868 Neque

377 900 518 955 enim
547 897 658 966 ipse
687 909 822 964 opus
841 893 1023 947 habuit
1041 893 1426 960 benedictione,
1457 891 1550 948 sed
1572 906 1688 946 eam
1721 889 1814 944 tibi
1841 889 1951 943 dat.

377 986 832 1058 Quemadmodum
863 987 1003 1039 enim
1033 985 1242 1055 quando
1271 983 1392 1040 dico
1419 999 1539 1037 eum
1586 981 1750 1036 luisse
1777 978 1955 1032 humi-

376 1080 582 1142 liatum,
611 1093 716 1132 non
747 1077 864 1132 dico
890 1078 1231 1132 mutationem
1259 1113 1274 1141 ,
1305 1075 1397 1130 sed
1427 1075 1673 1128 humanae
1695 1078 1956 1138 suscepta:

375 1181 580 1225 natura:
623 1169 996 1223 demissioaem
1037 1186 1049 1221 :
1089 1167 1160 1220 ita
1203 1167 1362 1221 etiam
1389 1163 1601 1234 quando
1629 1162 1815 1216 dixero
1834 1174 1954 1213 eum

375 1277 495 1318 esse
525 1260 856 1315 benedictum
877 1298 894 1324 ,
941 1274 1044 1311 non
1071 1257 1176 1313 hoc
1201 1257 1345 1321 dico,
1373 1255 1514 1325 quod
1547 1254 1595 1306 ei
1623 1251 1782 1309 fuerit
1823 1265 1954 1319 opus

375 1353 744 1409 benedictione
769 1393 782 1416 ,
831 1351 924 1405 sed
966 1363 1151 1404 rursus
1181 1348 1406 1403 ostendo
1427 1345 1802 1400 demissionem
1853 1342 1952 1396 hu-

373 1460 548 1508 mana:
569 1452 828 1512 susceptae
854 1451 1078 1496 natura.
1113 1438 1398 1493 Benedicta
1442 1435 1538 1488 fuit
1564 1449 1691 1504 ergo
1723 1433 1950 1486 humana

375 1548 562 1594 natura
594 1553 607 1590 :
639 1535 880 1590 Christus
912 1535 1050 1589 enim
1075 1547 1104 1586 a
1133 1530 1358 1586 mortuis
1379 1529 1636 1583 excitatus
1678 1542 1782 1580 non
1832 1539 1949 1578 mo-

375 1631 508 1684 ritur
531 1628 774 1697 amplius,
808 1639 904 1680 nec
932 1632 1013 1680 cst
1043 1622 1322 1677 maledicto
1347 1619 1607 1674 obnoxius
1641 1636 1652 1672 :
1687 1620 1794 1672 imo
1824 1631 1949 1672 vero

375 1733 476 1774 nec
502 1727 623 1771 ante
647 1716 861 1786 quidem
891 1722 1005 1768 erat
1032 1713 1291 1766 obnoxius
1314 1751 1328 1773 ,
1379 1709 1472 1763 sed
1515 1710 1748 1777 suscepit
1786 1707 1949 1762 malc-

368 1811 594 1872 dielum,
645 1816 702 1861 ut
727 1815 780 1861 te
799 1805 866 1860 ab
891 1819 958 1859 eo
987 1803 1235 1857 liberaret
1265 1800 1452 1872 (llam.
1480 1799 1533 1854 6.
1561 1801 1650 1867 9).
1679 1800 1734 1860 4,.
1765 1799 1948 1852 Acciu-

363 1917 479 1972 gere
501 1900 672 1972 gladio
696 1908 782 1952 tuo
804 1911 957 1966 super
983 1895 1146 1964 femur
1171 1905 1347 1959 tuum,
1381 1894 1740 1976 potentissime.
1772 1891 1942 1957 Alius,

365 1992 518 2062 Cinge
541 2001 704 2046 ensem
733 1999 872 2044 tuum
899 2002 1050 2058 super
1074 1991 1256 2058 feritur.
1287 1985 1440 2039 Alius
1460 2023 1476 2051 ,
1505 1984 1837 2055 Circumpone
1860 1998 1944 2036 ve-

362 2085 454 2142 luti
495 2083 722 2154 gladium
763 2091 901 2135 tuum
925 2095 1076 2148 super
1113 2081 1296 2148 rentur.
1331 2077 1382 2131 5.
1433 2077 1615 2148 Specie
1643 2086 1728 2129 tua
1761 2085 1806 2128 et
1833 2074 1944 2144 pulo

360 2176 643 2232 claritudine
682 2184 786 2226 tua.
822 2173 1002 2238 Alius,
1063 2168 1292 2223 Laudent
1335 2177 1473 2220 tuam
1518 2177 1564 2220 et
1597 2170 1945 2220 auctoritatem

361 2281 520 2325 tuam.
573 2267 724 2322 Alius
749 2307 762 2330 ,
811 2264 986 2320 Gloria
1025 2271 1068 2317 et
1110 2263 1288 2316 decore
1313 2273 1416 2315 tuo.
1445 2262 1696 2328 Quanam
1724 2269 1805 2314 est
1833 2259 1946 2314 haec

362 2359 588 2414 mutatio
609 2401 624 2424 ,
654 2366 708 2412 et
726 2371 968 2427 quasnam
995 2354 1276 2408 verborum
1307 2353 1619 2407 translatio?
1639 2352 1769 2425 Cum
1801 2352 1942 2406 enim

361 2453 430 2508 de
450 2453 668 2506 doctore
694 2451 999 2518 loqueretur
1015 2449 1142 2518 (hoc
1160 2446 1304 2501 enim
1324 2445 1424 2500 sibi
1445 2445 1554 2498 vult
1574 2444 1721 2510 illud,
1745 2442 1945 2510 Di/[usa

363 2553 437 2598 est
455 2543 621 2613 gratia
645 2542 698 2594 in
721 2541 865 2595 labiis
884 2540 980 2593 tuis
1001 2540 1042 2607 ),
1065 2548 1327 2592 armatum
1351 2551 1528 2606 regem
1551 2536 1706 2591 nobis
1725 2547 1944 2605 repente

363 2634 663 2700 describit,
703 2648 802 2688 nec
832 2634 903 2686 ita
932 2641 988 2685 ut
1015 2633 1188 2686 locum
1221 2639 1397 2685 teneat
1423 2629 1737 2699 prophetia),
1768 2629 1860 2684 sed
1888 2638 1945 2683 ut

362 2729 538 2783 locum
586 2725 1006 2796 supplicationis.
1048 2721 1165 2778 Non
1215 2721 1345 2776 dixit
1383 2721 1526 2777 enim
1567 2737 1580 2773 :
1628 2720 1945 2789 Accingetur

357 2819 532 2895 gladio
558 2833 694 2882 suo;
722 2816 815 2871 sed
846 2824 1025 2885 rogat,
1073 2823 1126 2870 et
1164 2813 1307 2881 dicit,
1341 2813 1612 2883 Accingere
1633 2812 1805 2882 gladio
1834 2820 1938 2864 tuo.

358 2909 560 2967 Deinde
603 2908 724 2963 huic
762 2907 921 2962 etiam
965 2913 1249 2960 armaturae
1291 2902 1548 2958 admiscet
1591 2901 1939 2971 pulchritudi-

357 3018 476 3058 nem
500 3043 513 3068 ,
560 3015 702 3055 nunc
732 2997 944 3068 quidem
969 2995 1150 3066 gravis
1173 3003 1458 3047 armatura:
1488 2993 1708 3048 militem
1739 2991 1938 3062 signifi-

354 3109 483 3148 cans
509 3135 522 3155 ,
568 3106 709 3146 nunc
734 3103 860 3143 vero
889 3096 1169 3142 venustum
1201 3085 1468 3140 hominem
1500 3099 1564 3138 ac
1591 3084 1888 3154 Speciosam
1920 3101 1935 3138 :

357 3187 539 3259 Specie
562 3184 705 3239 enim
726 3222 740 3248 ,
767 3183 968 3252 inquit,
999 3189 1105 3242 tua,
1138 3188 1182 3232 et
1205 3177 1580 3249 pulchritudine
1601 3187 1707 3230 tua.
1739 3175 1937 3230 Deinde
1975 3211 1992 3223 .

355 3277 685 3349 Sagittarium
720 3292 734 3327 :
769 3274 824 3328 6.
855 3271 1068 3343 Sagittae
1089 3271 1252 3334 enim,
1287 3269 1476 3338 inquit,
1509 3278 1607 3322 tute
1635 3277 1814 3330 acutaz,
1846 3283 1937 3336 po-

313 3389 316 3392 â€™
353 3368 644 3425 teutissime.
675 3365 742 3420 Et
765 3377 946 3420 rursus
971 3363 1222 3416 victorem
1249 3371 1304 3416 et
1329 3359 1768 3428 triumpltatorem
1796 3375 1809 3410 :
1838 3355 1933 3411 Po-

353 3462 481 3534 puli,
515 3459 701 3529 inquit,
733 3455 822 3510 sub
849 3465 895 3511 te
929 3453 1106 3508 cadent
1142 3453 1194 3504 in
1235 3451 1385 3506 corde
1425 3451 1742 3504 inimicorum
1779 3449 1930 3519 regis.

353 3535 609 3610 Eumdem
640 3563 822 3603 rursus
848 3545 1048 3602 inducit
1076 3544 1356 3614 unguentis
1378 3541 1696 3605 delibutum,
1731 3541 1822 3610 qui
1851 3550 1934 3595 est

353 3645 504 3700 miles
528 3642 702 3714 gravis
749 3646 1031 3693 armatura:
1049 3676 1064 3700 ,
1090 3644 1144 3691 et
1168 3651 1260 3690 rex
1279 3677 1293 3701 ,
1328 3643 1383 3688 et
1406 3633 1709 3704 sagittarius
1732 3674 1747 3700 ,
1779 3642 1832 3686 et
1853 3631 1931 3686 vi-

352 3746 466 3793 ctor
495 3754 509 3791 :
534 3733 587 3791 9.
613 3732 826 3807 Myrrha
846 3731 1011 3796 enim,
1042 3729 1228 3799 inquit,
1251 3737 1294 3780 et
1315 3736 1476 3797 gutta,
1499 3735 1546 3780 et
1570 3727 1706 3780 casia
1729 3742 1760 3778 a
1784 3726 1933 3780 vesti-

352 3832 527 3886 mentis
555 3832 670 3884 tuis.
1578 3865 1580 3867 â€º

422 3923 476 3978 5.
506 3920 639 3990 Quid
661 3934 790 3991 ergo
813 3930 1096 3974 commune
1121 3914 1258 3970 inter
1282 3928 1340 3967 se
1362 3910 1560 3968 habent
1585 3927 1729 3966 arma
1754 3919 1809 3967 et
1835 3927 1930 3966 uno.

349 4022 564 4088 guenta,
598 4009 774 4064 unctio
794 4019 847 4064 et
885 4005 1109 4078 gladius,
1142 4003 1378 4058 doctrina
1408 4013 1462 4058 et
1500 4002 1697 4058 bellum
1727 4045 1741 4067 ,
1773 4016 1930 4058 arcus

349 4115 404 4157 et
426 4099 758 4173 pulchritudo
791 4097 960 4153 illato
979 4097 1120 4152 enim
1160 4103 1284 4148 sunt
1313 4093 1461 4164 signa
1487 4095 1652 4164 pacis,
1684 4094 1775 4148 illa
1801 4107 1930 4148 vero

352 4197 518 4270 Î¹Î¹Î¹-ÎµÏ…Î¹Î¹á½·
549 4204 602 4251 et
628 4197 900 4250 instructae
926 4191 1080 4246 aciei.
1115 4188 1244 4257 Quis
1271 4201 1400 4257 ergo
1423 4195 1506 4241 est
1531 4186 1686 4240 simul
1706 4197 1759 4240 et
1785 4187 1932 4256 pacis

349 4291 572 4354 amicus,
605 4295 660 4343 et
688 4285 765 4341 rei
800 4282 1019 4339 militari
1047 4279 1430 4348 deditus?quis
1445 4277 1664 4332 distillat
1695 4292 1932 4348 unguen-

351 4392 460 4436 tum
484 4421 500 4446 ,
547 4389 600 4436 et
637 4378 800 4434 armis
827 4385 907 4432 est
937 4374 1210 4430 munitus?
1255 4374 1373 4442 quis
1395 4370 1638 4444 procedit
1663 4386 1728 4430 ex
1754 4371 1928 4426 domi-

349 4474 446 4528 bus
481 4469 584 4544 (a)
608 4470 878 4534 eburneis,
908 4477 962 4522 et
989 4466 1168 4521 hostes
1199 4463 1371 4520 fundit
1400 4463 1839 4531 innumerabiles,
1875 4472 1928 4521 et

347 4564 630 4627 maximam
674 4572 905 4632 stragem
948 4559 1112 4616 facit?
1159 4557 1438 4624 Quomodo
1476 4558 1744 4613 solvetuus
1790 4558 1928 4613 hanc

347 4633 754 4712 ditlicnltatemt
797 4652 855 4708 Si
884 4661 1028 4710 recte
1067 4650 1297 4705 sciamus
1338 4647 1454 4704 haec
1479 4666 1689 4719 quoque
1729 4649 1832 4705 dici
1860 4649 1926 4706 de

349 4746 525 4807 Patre.
552 4745 684 4800 Nam
713 4745 826 4815 ipse
845 4758 1056 4812 quoque
1077 4741 1332 4810 propheta
1357 4755 1478 4795 eum
1509 4739 1636 4795 alibi
1659 4749 1924 4796 armatum

349 4839 655 4904 introducit,
680 4845 735 4891 ut
755 4837 968 4906 quando
987 4833 1153 4889 dicit:
1178 4831 1298 4886 Nisi
1316 4833 1536 4888 conversi
1565 4833 1776 4903 fueritis,
1809 4832 1924 4903 gla-

345 4932 488 4996 dium
521 4944 670 4983 suum
713 4925 968 4982 rillrabit:
1007 4939 1178 4978 arcum
1209 4939 1353 4978 suum
1379 4923 1614 4986 tetendit,
1645 4932 1692 4976 et
1730 4923 1924 4993 paravit

346 5025 534 5094 ipsum,
585 5030 633 5076 et
660 5021 713 5074 in
738 5035 796 5074 eo
827 5017 1020 5088 parauit
1046 5031 1168 5071 vasa
1194 5015 1369 5071 mortis
1398 5013 1577 5086 (Psal.
1609 5016 1814 5085 7.15).
1857 5014 1924 5069 Et

346 5128 530 5168 rursus
555 5111 678 5167 alibi
711 5127 726 5165 :
755 5109 942 5166 lnduet
969 5109 1220 5163 thoracem
1247 5109 1502 5180 justitiam
1524 5108 1543 5179 (
1563 5107 1692 5177 Sap.
1714 5107 1768 5163 5.
1794 5105 1922 5178 19).

347 5204 482 5260 Vide
506 5211 683 5258 autem
713 5199 956 5258 eamdem
995 5214 1207 5270 quoque
1230 5199 1621 5255 auctoritatem.
1655 5196 1925 5264 Quemad-

343 5297 563 5355 modum
590 5297 731 5352 enim
761 5295 869 5358 illic
895 5294 1044 5362 dicit,
1075 5291 1314 5352 Gladium
1359 5308 1508 5357 suum
1546 5292 1756 5348 vibrabit
1776 5333 1790 5356 ,
1820 5306 1926 5352 non

405 5542 480 5606 (a)
513 5547 562 5594 tn
584 5548 767 5606 graeco,
790 5550 956 5603 septaâ€
974 5547 1047 5606 agt
1070 5543 1376 5606 mm._P0rm
1399 5538 1446 5586 in
1474 5550 1662 5606 vocem,
1687 5551 1804 5601 Î²á½±ÏÎ¹Ï‚,
1823 5537 1929 5606 Î¹Î¹á¿³Î¿

342 5599 479 5665 notat
499 5602 642 5665 Savil.
666 5616 679 5652 :
712 5618 735 5648 Î¹
759 5599 867 5665 past;
888 5599 1381 5665 varie_exponitur._o
1412 5599 1549 5649 Basil.
1579 5614 1695 5662 Î²á½±ÏÎµÎ¹Ï‚
1718 5599 1930 5665 appellat

341 5664 581 5716 maaâ€˜imtts
611 5660 880 5722 domus,'et
905 5661 974 5724 sic
997 5660 1247 5722 Didymus;
1282 5662 1578 5722 Athanasius,
1611 5660 1793 5724 templa
1826 5675 1929 5712 ma-

343 5724 512 5790 gniï¬ce
536 5720 813 5796 exstructa}
835 5720 1058 5796 erillus,
1073 5720 1250 5792 turres.

1516 321 1868 377 EXPOSITIO
1907 321 1970 377 IN
2011 323 2332 383 PSALMUM
2372 329 2553 386 XLIV.

3553 355 3654 410 190

2066 437 2133 532 ab
2158 439 2264 493 alio
2283 440 2483 510 jussus,
2510 443 2605 500 sed
2633 444 2745 515 ipse
2772 463 2839 504 ex
2867 451 3046 521 seipse
3079 472 3092 508 :
3123 455 3198 511 ita
3223 457 3309 514 hic
3335 461 3515 532 etiam,
3548 465 3650 522 Sa-

2064 529 2204 598 gittae
2230 534 2446 599 potentis
2473 546 2654 601 acutte,
2686 539 2863 609 pepuli
2886 541 2978 596 sub
3009 553 3058 598 te
3082 547 3266 603 cadent
3293 551 3344 606 iu
3371 529 3520 610 corde
3547 558 3648 612 ini-

2063 621 2305 676 micorum
2343 626 2492 694 regis.
2534 627 2732 686 Deinde
2756 633 3046 692 ostendens
3080 652 3204 694 eum
3245 645 3422 698 omnia
3455 663 3522 702 ex
3553 663 3647 708 sua

2061 720 2375 776 auctoritate
2398 723 2590 791 facere,
2617 726 2744 782 dicit
2770 749 2783 785 :
2813 729 3033 788 Deducet
3059 744 3105 790 te
3129 739 3422 796 mirabiliter
3441 745 3647 800 dextera
3705 719 3708 722 i

2063 817 2171 869 tua,
2202 810 2317 864 Non
2343 813 2587 882 aliunde,
2616 817 2822 889 inquit,
2855 825 3216 893 operationem
3247 834 3500 903 suscipis,
3550 837 3642 891 scd

2063 895 2177 995 ipse
2205 902 2420 995 libi-ipsi
2446 905 2669 962 sufficis.
2703 910 2836 966 Audi
2859 925 3032 970 autem
3064 917 3234 986 ipsum
3257 895 3643 995 quoq-tie'pacis

2064 985 2230 1041 Deum
2261 990 2520 1048 dicentem
2550 996 2822 1069 discipulis
2855 1021 2868 1056 :
2901 1003 3022 1059 Non
3048 985 3157 1062 veni
3179 985 3350 1080 pacem
3379 985 3430 1069 in
3457 985 3644 1072 terram

2062 1077 2291 1172 mittere,
2338 1086 2426 1136 sed
2457 1087 2680 1156 gladium
2733 1090 2952 1162 (Matth.
2998 1098 3080 1153 10.
3125 1077 3249 1172 Si).
3302 1105 3364 1159 Et
3405 1121 3587 1164 rursus
3626 1131 3638 1168 :

2059 1165 2240 1238 Ignem
2266 1175 2373 1226 veni
2402 1178 2592 1233 mittere
2613 1181 2665 1233 in
2693 1191 2897 1252 terram,
2919 1197 2965 1240 et
2991 1191 3111 1258 quid
3139 1193 3249 1247 colo
3272 1196 3366 1248 nisi
3391 1208 3442 1250 ut
3467 1217 3641 1255 accen-

2059 1257 2210 1312 datur
2235 1261 2254 1327 (
2278 1261 2397 1316 Luc.
2431 1265 2516 1321 12.
2548 1267 2690 1340 49)?
2729 1271 2823 1328 llic
2856 1257 3030 1331 autem
3061 1279 3124 1336 de
3155 1283 3339 1338 eodem
3386 1288 3602 1358 loquens
3623 1335 3636 1357 ,

2057 1355 2324 1420 quomodo
2349 1357 2416 1410 sit
2439 1369 2688 1417 venturus
2713 1364 2839 1422 dicit
2871 1385 2884 1420 :
2919 1368 3197 1427 Descende!
3221 1376 3350 1430 sicut
3391 1355 3558 1441 pluvia
3591 1355 3642 1436 in

2056 1442 2229 1509 vellus,
2277 1457 2324 1500 et
2371 1457 2624 1519 tamquam
2669 1465 2810 1525 gutta
2849 1475 2961 1528 qua:
2999 1461 3212 1516 distillat
3261 1483 3411 1536 super
3457 1481 3638 1526 terram

2059 1535 2246 1604 (Î¡Îµá½·Î¹á½·.
2279 1540 2364 1596 7t.
2394 1543 2481 1614 6).
2516 1543 2638 1601 Haec
2663 1549 2803 1616 dico,
2831 1561 2884 1606 ut
2913 1556 3097 1608 attenti
3123 1557 3239 1612 sitis
3261 1563 3640 1632 etvigilantcs,

2054 1637 2108 1682 ct
2128 1645 2245 1699 quae
2267 1648 2328 1685 ex
2361 1634 2682 1693 dictionibus
2711 1639 3078 1710 significantur
3107 1646 3385 1717 diligenter
3417 1669 3636 1708 sumen-

2057 1727 2155 1785 tes,
2187 1723 2403 1779 solvatis
2433 1728 2571 1796 apud
2594 1745 2687 1785 vos
2717 1732 3117 1790 dubitationem.
3154 1739 3276 1796 Haec
3301 1744 3441 1797 enim
3467 1750 3634 1800 norni-

2054 1829 2118 1866 na
2150 1816 2445 1885 significant
2471 1815 2966 1893 ejus'Operationes.
3019 1828 3092 1882 Ita
3136 1846 3263 1902 ergo
3303 1833 3389 1890 hic
3425 1853 3635 1908 quoque

2051 1919 2170 1958 eum
2198 1908 2429 1963 audieris
2458 1928 2472 1964 :
2508 1913 2776 1984 Accingere
2799 1917 2970 1987 gladio
2993 1928 3078 1972 tuo
3107 1938 3256 1991 super
3280 1924 3444 1993 femur
3472 1937 3631 1994 tuum,

2052 2001 2390 2068 potentissime
2415 2046 2427 2066 ,
2473 2005 2714 2060 existima
2741 2023 2861 2063 esse
2887 2025 3080 2065 nomen
3111 2014 3226 2082 ejus
3265 2018 3588 2084 Operationis
3619 2040 3633 2078 :

2052 2090 2122 2142 ita
2179 2092 2338 2145 etiam
2365 2108 2520 2148 arcus
2575 2105 2630 2150 et
2681 2099 2919 2168 sagittas.
2975 2101 3432 2169 Quemadmodum
3493 2111 3633 2166 enim

2051 2177 2321 2248 Scriptura
2347 2183 2474 2238 dicit
2501 2185 2662 2240 Deum
2687 2188 2862 2256 irasci,
2897 2207 3002 2246 non
3029 2195 3484 2263 perturbationem
3516 2205 3631 2258 ani-

2053 2271 2125 2324 mi
2149 2273 2194 2326 ei
2220 2273 2474 2342 tribuens,
2507 2277 2603 2332 sed
2633 2295 2726 2350 per
2753 2281 2888 2338 hanc
2907 2283 3216 2356 dictionem,
3246 2291 3488 2348 ultricem
3514 2295 3631 2365 ejus
3679 2357 3681 2360 Î¹

2049 2368 2410 2433 operationem
2437 2375 2722 2429 ostendens
2743 2418 2755 2441 ,
2789 2388 2842 2432 et
2871 2395 2987 2448 qua:
3018 2393 3138 2436 sunt
3177 2387 3440 2444 crassiora
3468 2392 3630 2444 attin-

2047 2472 2180 2525 gens
2209 2476 2221 2511 :
2253 2460 2320 2514 ita
2341 2462 2566 2532 idipsum
2589 2467 2850 2538 signiï¬cat
2877 2486 2996 2525 cum
3023 2488 3172 2530 arma
3194 2491 3472 2535 memorat.
3499 2483 3631 2549 Quia

2049 2549 2193 2602 enim
2217 2565 2322 2604 non
2351 2567 2444 2620 per
2469 2557 2746 2626 nosipsos,
2778 2561 2870 2614 sed
2904 2578 2996 2631 per
3021 2565 3120 2618 alia
3151 2567 3498 2625 instrmttenta
3532 2590 3629 2642 pu-

2055 2639 2252 2707 nimur,
2281 2644 2465 2697 volens
2488 2647 2602 2715 ejus
2629 2650 2879 2716 puniendi
2905 2655 3186 2711 ostendere
3217 2639 3548 2730 facultatem,
3579 2665 3629 2718 id

2050 2747 2145 2803 per
2167 2734 2381 2789 nomina
2403 2737 2553 2792 nobis
2573 2750 2696 2794 nota
2718 2740 3048 2813 signiï¬cavit,
3069 2763 3173 2802 non
3204 2759 3260 2804 ut
3279 2765 3425 2806 arma
3449 2754 3497 2807 iu
3523 2757 3631 2811 Deo

2047 2827 2380 2896 cogitemus,
2415 2829 2508 2885 sed
2533 2842 2589 2886 ut
2616 2832 2996 2903 signiï¬cantius
3039 2848 3093 2893 et
3133 2855 3252 2896 cum
3303 2845 3491 2914 majori
3519 2863 3632 2902 etn-

2046 2918 2198 2987 phasi
2223 2921 2340 2991 ejus
2370 2923 2621 2979 ultionem
2651 2927 2948 2982 audiamus.
2981 2931 3049 2984 At
3075 2933 3248 3001 multi,
3294 2933 3498 3006 inquies
3522 2979 3536 3003 ,
3563 2956 3629 2996 ex

2045 3012 2148 3068 hoc
2179 3014 2294 3069 loco
2322 3015 2432 3071 ltesi
2461 3027 2620 3072 sunt:
2649 3019 2743 3074 sed
2774 3030 2992 3089 temere,
3023 3032 3077 3079 et
3097 3037 3126 3078 a
3149 3027 3361 3096 propria
3385 3030 3627 3089 inscitia:

2043 3120 2164 3159 cum
2197 3108 2338 3161 enim
2374 3109 2538 3163 Deum
2560 3111 2824 3178 audirent,
2857 3113 3123 3170 debebant
3146 3117 3448 3189 intelligere
3469 3121 3522 3176 id
3549 3123 3630 3179 di-

2049 3208 2194 3253 ctum
2225 3215 2343 3256 esse
2375 3204 2576 3272 tropice
2597 3214 2651 3260 et
2681 3207 2900 3276 ï¬gurate
2926 3224 2938 3260 :
2968 3224 3110 3265 nunc
3131 3225 3258 3266 vero
3285 3227 3386 3269 nec
3413 3228 3505 3285 per
3524 3218 3626 3275 alia

2040 3287 2255 3358 quidem
2303 3291 2462 3349 verba
2505 3295 2736 3365 neglexit
2779 3295 3050 3368 Scriptura
3095 3314 3191 3356 eos
3234 3301 3430 3360 docere
3459 3305 3626 3362 Deum

2040 3401 2158 3442 esse
2197 3386 2563 3456 impatibilem.
2617 3387 2752 3442 Audi
2803 3403 2931 3461 ergo
2966 3393 3236 3461 quomodo
3276 3395 3400 3450 alibi
3437 3397 3619 3466 docet,

2039 3494 2194 3547 quam
2227 3479 2294 3532 sit
2315 3481 2362 3532 ei
2391 3477 2549 3534 facile
2575 3493 2786 3536 sumere
2811 3483 3151 3552 Supplicium,
3171 3485 3354 3542 dicens
3383 3503 3396 3539 :
3427 3485 3634 3544 Exsur...

2037 3582 2120 3640 gat
2151 3569 2287 3623 Deus
2313 3613 2327 3637 ,
2363 3581 2408 3624 et
2449 3571 2756 3642 dissipentur
2791 3573 2983 3628 inimici
3011 3577 3120 3648 ejus
3169 3575 3351 3647 (Psal.
3395 3581 3482 3635 67.
3527 3583 3620 3654 á¼“).

2035 3662 2298 3734 Numquid
2328 3679 2460 3734 Opus
2501 3676 2582 3720 est
2618 3667 2816 3721 armis?
2862 3671 3114 3740 numquid
3142 3670 3354 3741 gladio?
3378 3673 3584 3732 Suflicit
3605 3720 3620 3745 ,

2036 3756 2222 3828 inquit,
2252 3757 2424 3812 solum
2453 3758 2496 3812 si
2527 3761 2906 3822 exsurrexerit.
2940 3761 3044 3817 Sed
3074 3763 3173 3818 Itoc
3199 3780 3409 3836 quoque
3435 3784 3619 3826 rursus

2035 3862 2117 3912 est
2157 3871 2436 3920 crassum;
2487 3869 2538 3911 et
2557 3849 2688 3912 ideo.
2719 3873 2862 3926 saepe
2901 3859 3065 3914 dicit:
3103 3861 3202 3927 Qui
3239 3865 3440 3935 respicit
3470 3881 3613 3935 super

2036 3954 2221 3998 terram
2246 3986 2260 4010 ,
2297 3956 2344 3998 et
2371 3946 2491 4016 facit
2513 3963 2621 3999 eam
2643 3960 2848 4000 tremere
2877 3948 3062 4018 (Psal.
3096 3953 3212 4007 105.
3241 3955 3310 4010 52
3328 3957 3368 4024 ).
3405 3955 3471 4012 Et
3497 3974 3619 4011 rur-

2035 4051 2128 4091 sus
2159 4054 2172 4090 :
2207 4037 2246 4088 Î‘
2276 4037 2405 4106 [acie
2440 4037 2550 4107 ejus
2595 4046 2841 4089 commota
2882 4049 2952 4091 est
2990 4049 3122 4092 terra
3161 4043 3342 4108 (Psal.
3373 4046 3498 4100 115.
3527 4047 3616 4116 7).

2035 4127 2196 4197 Atqui
2219 4126 2319 4182 hoc
2346 4141 2558 4198 quoque
2586 4142 2825 4182 crassum
2851 4139 2952 4183 est.
3002 4131 3138 4184 Audi
3186 4149 3312 4204 ergo
3359 4152 3541 4192 rursus
3569 4141 3616 4192 itl

2036 4219 2176 4290 quod
2207 4228 2287 4274 est
2315 4220 2596 4274 sublimius
2626 4237 2639 4274 :
2672 4218 2874 4286 Omnia,
2903 4237 3227 4296 qutecumque
3265 4227 3420 4279 voluit
3447 4269 3460 4294 ,
3505 4231 3620 4298 fecit

2041 4315 2060 4384 (
2082 4313 2228 4368 Psal.
2263 4314 2384 4369 154.
2417 4313 2486 4386 6)
2514 4331 2526 4368 :
2555 4314 2603 4369 ei
2629 4313 2770 4369 enim
2793 4316 2965 4371 solum
2994 4313 3225 4374 voluisse
3246 4317 3459 4374 sufï¬cit.
3489 4319 3620 4376 Vide

2034 4417 2213 4462 autem
2259 4407 2526 4480 quomodo
2571 4408 2625 4462 in
2668 4407 2752 4463 his
2788 4409 2949 4464 etiam
2992 4411 3342 4468 crassioribus
3385 4413 3620 4469 ostendit

2036 4499 2200 4554 Deum
2233 4500 2427 4554 nullius
2453 4499 2529 4555 rei
2560 4514 2739 4571 egere.
2783 4499 2965 4572 Neque
3003 4501 3143 4556 enim
3177 4507 3322 4572 prius
3347 4518 3615 4558 armorum

2033 4593 2292 4657 meminit,
2325 4609 2482 4664 quam
2522 4609 2644 4648 eum
2674 4603 2944 4664 potentem
2996 4597 3302 4665 vocaverit;
3353 4608 3408 4653 et
3434 4615 3616 4654 rursus

2031 4700 2150 4740 cum
2175 4701 2320 4740 arma
2344 4694 2728 4754 enumerasset,
2753 4702 2965 4743 omnem
2989 4689 3262 4744 victoriam
3280 4691 3395 4760 ejus
3415 4691 3616 4748 dextrae

2030 4779 2348 4849 adscripsit,
2377 4777 2480 4834 hoc
2501 4787 2621 4843 est,
2671 4777 2788 4848 ejus
2814 4787 3021 4834 natura:
3059 4792 3112 4835 et
3151 4783 3420 4850 potentiae.
3461 4783 3615 4851 Quod

2029 4871 2163 4925 alius
2191 4885 2403 4940 quoque
2427 4869 2686 4939 propheta
2710 4870 3031 4939 significans,
3062 4870 3309 4928 diccbat:
3344 4873 3622 4942 Principa-.

2033 4972 2112 5016 tus
2139 4961 2246 5029 ejus
2269 4977 2421 5028 super
2449 4961 2714 5014 humerum
2742 4961 2850 5032 ejus
2876 4961 2901 5031 (
2916 4959 3043 5016 lsai.
3069 4962 3122 5018 9.
3153 4964 3218 5034 6)
3256 4981 3270 5021 :
3306 4981 3409 5020 non
3431 4977 3486 5019 ut
3511 4965 3615 5018 hu-

2031 5070 2237 5109 merum
2268 5053 2548 5121 intelligas,
2577 5053 2712 5108 absit
2737 5071 2748 5106 :
2773 5054 2867 5110 sed
2894 5065 2950 5110 ut
2970 5057 3108 5111 scias
3136 5057 3296 5110 Deum
3329 5073 3433 5110 non
3457 5071 3620 5124 egere

2032 5149 2256 5215 aliorum
2277 5145 2492 5198 auxilio.
2517 5133 2788 5216 Accingere
2802 5147 2973 5218 gladio
2995 5159 3078 5220 tuo
3097 5163 3248 5215 super
3269 5147 3432 5212 femur
3453 5153 3621 5220 tuum,

2033 5236 2399 5309 potentissime,
2432 5237 2595 5305 specie
2620 5246 2706 5290 tua
2727 5246 2772 5291 et
2801 5235 3176 5309 pulchritudine
3215 5241 3320 5286 tua.
3357 5232 3491 5300 Quid
3531 5233 3620 5290 hic

2033 5331 2190 5401 igitur
2217 5325 2382 5382 dicit?
2413 5326 2512 5382 Per
2539 5327 2652 5382 hmc
2691 5329 2950 5381 crassiora
2993 5324 3205 5378 nomina
3233 5321 3464 5376 ostendit
3501 5323 3620 5395 ejus,

2033 5421 2398 5491 operationem
2421 5460 2436 5485 ,
2469 5435 2564 5490 per
2591 5433 2748 5488 quam
2789 5417 2972 5471 orbem
3004 5426 3263 5469 terrarum
3303 5415 3472 5482 rexit,
3522 5433 3616 5486 per

2035 5528 2193 5586 quam
2226 5511 2418 5566 bellum
2449 5510 2710 5576 confecit,
2741 5517 2792 5562 et
2822 5516 3078 5576 tr0pmum
3101 5504 3290 5560 erexit.
3322 5505 3614 5594 Eraqeuim

2034 5607 2231 5662 bellum
2259 5602 2627 5674 gravissimum
2653 5642 2666 5666 ,
2703 5606 2758 5653 et
2785 5600 3020 5652 omnium
3052 5596 3308 5653 bellorum
3341 5600 3618 5657 acerbissi-

2035 5716 2180 5777 mum
2200 5740 2216 5759 .
2260 5698 2312 5754 in
2345 5712 2449 5770 quo
2474 5710 2579 5752 non
2605 5692 2814 5752 barbari
2839 5690 3031 5750 bellum
3062 5692 3350 5766 gerebant,
3380 5693 3473 5751 sed
3507 5692 3616 5760 á¼€Ï‰Ï„
