4112 6214
461 321 558 378 191

455 450 642 492 mones
671 434 954 492 tendebant
976 431 1196 487 insidias
1216 473 1232 499 ,
1276 441 1330 487 et
1357 431 1605 486 uniuerso
1630 429 1744 484 orbi
1774 439 2032 482 terrarum

452 526 741 583 aﬂerebant
769 525 1006 581 exitium.
1039 523 1296 589 Quocirca
1328 521 1514 576 Esaias
1543 535 1752 590 quoque
1786 519 2033 574 dicebat:

453 617 521 671 Et
563 617 770 689 fortium
811 615 995 669 dividet
1033 614 1199 684 spolia
1241 611 1406 683 (lsai.
1437 612 1526 667 55.
1572 609 1695 679 12).
1746 610 1812 663 Et
1855 624 2038 662 rursus

449 708 577 765 alibi
607 725 622 763 :
653 708 878 779 Spiritus
905 705 1111 760 Domini
1137 722 1288 774 super
1329 720 1448 768 me;
1491 719 1589 772 qua
1617 701 1680 755 de
1705 717 1864 754 causa
1895 701 2038 755 unxit

450 816 550 862 me,
577 801 645 852 ad
663 797 1110 870 euangelizandum
1138 797 1446 868 pauperibus
1469 795 1600 848 misit
1620 809 1699 846 me
1722 834 1736 858 ,
1763 794 1830 845 ad
1852 793 2040 863 praedi-

449 890 666 944 caudam
699 891 906 960 captivis
927 890 1266 944 remissionem
1299 885 1413 959 (Ib.
1439 887 1528 941 61.
1554 883 1640 956 1).
1678 884 2034 952 Quamobrem

451 983 646 1037 Paulus
675 983 868 1052 ubique
896 982 946 1035 in
977 980 1240 1051 principio
1271 978 1627 1047 Epistolarum
1669 977 1911 1030 scribens
1949 976 2035 1029 di-

447 1073 603 1129 cebat
631 1090 644 1127 :
675 1072 852 1126 Gratia
877 1072 1011 1125 vobis
1034 1081 1078 1124 et
1101 1071 1260 1139 pax'a
1291 1068 1398 1122 Deo
1425 1077 1567 1137 patre
1595 1077 1786 1121 nostra.
1822 1067 1887 1120 Et
1913 1082 2052 1148 ruri

449 1181 541 1218 sus
572 1181 587 1218 :
617 1162 739 1236 Ipse
761 1164 890 1217 enim
916 1171 984 1216 est
1010 1179 1111 1230 pax
1131 1171 1301 1214 nostra
1326 1202 1340 1225 ,
1390 1159 1474 1228 qui
1504 1160 1618 1226 fecit
1645 1168 1852 1228 utraque
1879 1174 2034 1210 unum

453 1247 677 1325 (Ep/tes.
701 1255 756 1309 2.
785 1256 849 1309 14
869 1255 909 1324 ).
937 1253 1014 1309 Ne
1035 1261 1212 1308 autem
1241 1252 1365 1306 dum
1396 1251 1546 1305 audis
1567 1292 1582 1316 ,
1629 1251 1896 1321 Accingere
1919 1248 2034 1320 gla-

449 1346 534 1398 dia
566 1354 670 1408 tuo,
696 1359 877 1400 ensem
909 1343 1172 1414 intelligas
1193 1342 1441 1397 Sensilem
1460 1383 1473 1405 ,
1506 1341 1627 1395 audi
1656 1356 1774 1410 qua:
1800 1355 2035 1408 sequun-

450 1447 553 1490 tur.
586 1435 716 1492 Cum
745 1438 886 1492 enim
917 1437 1158 1500 dixisset,
1183 1435 1452 1506 Accingere
1479 1434 1650 1504 gladio
1675 1443 1780 1494 tuo,
1813 1431 2036 1501 subjun»

451 1528 543 1589 xit,
577 1527 630 1582 5.
664 1526 845 1596 Specie
866 1536 973 1592 tua,
1006 1536 1050 1578 et
1081 1525 1456 1595 pulchritudine
1481 1535 1566 1577 tua
1596 1540 1614 1578 :
1650 1525 1892 1587 hocest,
1922 1523 2036 1591 gla-

448 1619 600 1683 dius,
628 1618 832 1687 species
872 1617 1018 1686 ejus,
1065 1615 1421 1684 pulchritudo,
1462 1615 1662 1684 gloria,
1707 1615 1992 1668 auctoritas
2017 1653 2034 1678 ,

450 1710 701 1777 ntajostas
758 1718 809 1761 et
839 1708 1247 1777 magniﬁcentia.
1297 1707 1503 1761 Nullius
1531 1707 1672 1760 enim
1715 1707 1802 1760 illa
1837 1707 2038 1775 indiget

448 1799 743 1856 substantia
770 1798 833 1851 ad
861 1814 920 1850 ea
951 1808 1096 1852 recte
1128 1798 1358 1867 gerenda
1386 1839 1399 1861 ,
1438 1815 1556 1868 qua:
1605 1799 1802 1852 fuerint
1841 1815 2036 1867 propo-

447 1891 548 1942 sita
588 1907 599 1940 :
633 1898 714 1943 est
758 1891 898 1944 enim
925 1889 1116 1942 nullius
1146 1889 1342 1958 indiga.
1378 1889 1511 1942 Eum
1551 1905 1680 1956 ergo
1718 1889 2035 1944 adhortatur

449 1979 726 2049 propheta,
758 1994 853 2048 pro
879 1979 1128 2034 UlllVOI‘sO
1154 1979 1281 2034 orbe
1304 1988 1564 2034 terrarum
1594 1996 1713 2036 eum
1737 1979 1802 2034 ad
1833 1980 2030 2036 bellum

445 2073 696 2128 edocens.
724 2073 922 2128 Deinde
948 2089 976 2125 a
1000 2073 1314 2127 sublimibus
1338 2074 1631 2128 orationem
1665 2088 1846 2127 rursus
1865 2073 2034 2128 dedu-

444 2165 516 2218 cit
554 2163 620 2218 ad
644 2165 924 2218 crassiora.
973 2165 1104 2218 Cum
1150 2164 1292 2218 enim
1322 2165 1544 2219 dixisset
1583 2164 1814 2234 gladium
1857 2175 1913 2220 et
1954 2164 2034 2219 fe—
2086 2210 2098 2220 .

443 2271 585 2318 mur,
616 2254 892 2309 adscendit
917 2254 982 2309 ad
1023 2255 1254 2324 Speciem
1285 2264 1338 2308 et
1365 2254 1810 2324 pulchritudinem
1836 2272 1849 2308 :
1881 2263 1934 2309 et
1963 2254 2029 2308 il-

445 2346 552 2400 linc
580 2362 764 2401 rursus
785 2346 1061 2402 descendit
1084 2348 1151 2402 ad
1182 2362 1242 2402 ea
1265 2363 1383 2418 quae
1413 2358 1535 2404 sunt
1563 2350 1730 2418 magis
1749 2363 2026 2418 corporea,

443 2450 496 2494 ct
525 2439 652 2496 dicit
679 2459 692 2494 :
721 2439 966 2503 Intende,
1011 2457 1248 2511 prospere
1268 2443 1479 2509 procede
1503 2451 1550 2496 et
1570 2459 1746 2513 regna.
1775 2440 1905 2495 Cum
1937 2456 2032 2495 au-

445 2541 549 2586 tem
590 2531 755 2596 dixit,
801 2529 1053 2593 Intende.
1104 2548 1285 2588 arcum
1325 2533 1636 2604 signiﬁcavit
1664 2545 1716 2588 et
1762 2533 2026 2605 sagittam.

443 2621 642 2676 Deinde
669 2621 956 2676 ostendens
987 2637 1172 2676 rursus
1201 2637 1320 2678 eum
1341 2624 1504 2677 armis
1545 2639 1648 2676 non
1673 2639 1847 2694 cgere,
1896 2625 2028 2680 sub-

437 2715 612 2784 junxit
635 2756 648 2778 ,
693 2714 946 2784 Prospere
974 2714 1222 2785 procede,
1273 2726 1321 2770 et
1350 2732 1524 2786 regna.
1563 2716 1711 2770 Alius
1735 2724 1909 2770 autem
1943 2719 2026 2771 in-

444 2818 650 2876 terpres
678 2807 762 2862 hic
791 2806 942 2872 dicit,
978 2806 1243 2862 Promove.
1275 2807 1515 2878 Regnum
1548 2819 1720 2863 autem
1745 2809 1832 2865 hic
1860 2809 2022 2875 dicit,

439 2899 578 2967 quod
609 2913 729 2952 cum
760 2897 1086 2962 advenisset,
1134 2897 1520 2954 administravit
1548 2901 1802 2955 extremis
1825 2910 2026 2970 tempo-

439 2991 585 3044 ribus
608 3031 621 3054 ,
655 2988 904 3060 quodque
945 2999 1026 3044 est
1053 2989 1344 3044 secundum
1377 2991 1642 3060 prepriam
1683 2993 1944 3048 rationem
1971 3001 2028 3048 et

437 3083 736 3137 scientiam.

506 3173 559 3228 6.
590 3173 716 3228 Hrec
740 3182 917 3229 autem
945 3172 1103 3228 verba
1128 3172 1362 3228 indicant
1383 3173 1652 3243 prophetae
1675 3173 2020 3242 desiderium,

437 3265 665 3320 videntis
689 3264 799 3334 jam
831 3280 950 3335 qua:
980 3273 1134 3318 erant
1161 3264 1230 3318 ab
1258 3279 1324 3320 eo
1352 3265 1610 3331 facienda,
1633 3276 1687 3321 et
1711 3267 2021 3322 universum

437 3356 622 3410 orbem
652 3365 806 3410 terra:
831 3354 1116 3409 deductum
1143 3355 1209 3409 ad
1230 3356 1503 3410 veritatem
1529 3372 1542 3410 :
1573 3366 1627 3412 et
1653 3357 1771 3411 ideo
1797 3365 1950 3427 tropo
1970 3368 2024 3414 et

436 3449 600 3519 figura
632 3448 940 3516 imperantis
962 3461 1086 3501 usus
1112 3457 1213 3512 est.
1246 3447 1652 3504 Consueverunt
1675 3450 1815 3504 enim
1848 3450 2018 3504 mino-

435 3555 542 3606 res,
573 3539 785 3608 quando
809 3549 934 3594 sunt
956 3541 1066 3594 acri
1094 3540 1351 3610 majorum
1383 3540 1689 3596 inﬂammati
1715 3543 1910 3607 studio,
1941 3544 2022 3600 his

434 3633 507 3687 uti
535 3632 872 3687 dictionibus.
915 3630 1134 3704 Propter
1169 3634 1444 3699 veritatem,
1476 3643 1522 3687 et
1563 3636 2018 3704 mansuetudinem,

431 3734 478 3778 et
497 3725 764 3792 iustitiam.
796 3723 1064 3778 Adverbio
1089 3725 1326 3778 veritatis
1357 3725 1540 3780 utitur.
1569 3724 1729 3782 Vides
1756 3727 2022 3796 quomodo

431 3819 660 3888 seipsam
691 3817 1068 3888 interpretatur
1087 3817 1378 3888 Scriptura,
1410 3827 1464 3874 et
1489 3819 1721 3874 ostendit
1746 3820 2018 3875 victoriam

431 3911 632 3966 versari
665 3911 716 3966 in
740 3909 1104 3980 intelligentia,
1134 3922 1188 3967 et
1216 3926 1336 3965 esse
1359 3910 1728 3980 spiritualem?
1749 3911 1848 3981 Qui
1877 3913 2018 3968 enim

432 4005 674 4061 meminit
716 4020 1008 4069 armorum,
1045 4004 1227 4076 gladii,
1273 4012 1327 4060 et
1353 4020 1591 4072 arcuum,
1627 4006 1895 4077 quomodo
1936 4007 2022 4062 hic

430 4098 672 4154 meminit
699 4096 1152 4153 mansuetudinis?
1171 4097 1304 4166 Quid
1328 4100 1468 4153 enim
1496 4114 1781 4155 commune
1805 4101 1943 4156 inter
1961 4117 2020 4156 se

431 4189 628 4246 habent
669 4189 865 4246 bellum
904 4198 960 4246 et
996 4191 1369 4256 mansuetudo,
1409 4190 1668 4246 modestia
1716 4202 1770 4246 et
1809 4193 2020 4262 pugna?

430 4279 758 4335 Permultum
789 4279 1002 4352 quidem
1041 4290 1208 4345 certe,
1259 4280 1302 4334 si
1349 4280 1468 4349 quis
1498 4288 1644 4335 recte
1683 4283 2016 4351 expenderit.

428 4372 559 4427 Nam
589 4383 639 4429 et
671 4373 834 4428 David
873 4381 929 4428 et
963 4372 1137 4426 Moses
1169 4381 1320 4426 erant
1359 4372 1516 4427 mites
1544 4391 1556 4426 :
1597 4381 1650 4428 et
1689 4373 1806 4428 ideo
1831 4374 1897 4429 de
1929 4375 2020 4430 illo

429 4465 644 4536 quidem
669 4465 797 4521 dicit
821 4465 1094 4532 Scriptura
1126 4481 1140 4516 :
1176 4463 1452 4527 Memento,
1485 4461 1724 4528 Domine,
1754 4463 1938 4527 David,
1973 4475 2020 4520 et

429 4556 590 4608 omnis
625 4554 1021 4608 mansuetudinis
1046 4556 1154 4625 ejus
1184 4552 1355 4624 (Psal.
1391 4553 1511 4608 151.
1543 4554 1592 4623 1)
1615 4569 1630 4618 ;
1658 4553 1724 4606 de
1752 4553 1896 4609 Mose
1920 4571 2018 4609 au-

431 4653 537 4699 tem
573 4662 586 4696 :
622 4645 747 4698 Erat
798 4644 967 4698 Moses
1012 4645 1304 4699 mitissimus
1355 4644 1580 4698 onmium
1627 4643 1884 4698 hominum
1933 4645 2020 4714 qui

429 4746 572 4791 erant
596 4753 747 4805 super
773 4746 954 4790 terram
990 4735 1176 4810 (Num.
1209 4737 1296 4792 12.
1328 4735 1383 4804 5)
1417 4754 1432 4788 :
1464 4747 1638 4791 tamen
1670 4737 1914 4792 videntur
1958 4739 2015 4804 ii,

428 4827 517 4896 qui
544 4837 695 4879 erant
715 4827 948 4881 omnium
978 4827 1264 4894 mitissimi,
1287 4827 1525 4882 omnium
1547 4827 1786 4883 maxime
1811 4829 2014 4884 ulcisci.

427 4916 532 4973 Sed
560 4917 602 4972 si
630 4917 807 4983 vultis,
839 4917 1079 4974 dicamus
1107 4920 1251 4989 prius
1283 4919 1351 4975 de
1377 4935 1559 4973 eorum
1589 4921 2012 4977 mansuetudine.

425 5007 558 5063 Cum
601 5009 687 5064 hic
724 5009 910 5069 beatus
952 5011 1183 5080 cepisset
1225 5025 1367 5080 stcpe
1412 5009 1645 5077 Saftlem,
1691 5021 1743 5066 et
1783 5022 1924 5067 esset
1964 5013 2014 5067 in

424 5101 544 5170 ejus
571 5110 829 5172 potestate
857 5118 976 5157 eum
1011 5102 1080 5157 de
1110 5103 1285 5158 medio
1331 5103 1538 5168 tollere,
1568 5119 1781 5158 manum
1815 5104 1865 5159 in
1895 5121 2014 5160 eum

425 5207 532 5246 non
578 5192 796 5247 immisit
835 5193 913 5263 (l.
943 5193 1071 5262 Reg.
1106 5193 1196 5248 24.
1241 5195 1325 5249 11.
1366 5202 1410 5248 et
1444 5193 1536 5249 26.
1571 5194 1622 5247 7.
1649 5194 1782 5267 sqq.)
1817 5213 1829 5248 :
1859 5197 2016 5266 quin-

424 5281 585 5336 etiam
615 5298 736 5337 cum
772 5283 860 5336 alii
890 5283 1064 5354 ipsum
1092 5285 1395 5351 incitarent,
1429 5286 1476 5340 ei
1512 5286 1766 5356 pepercit,
1800 5297 1852 5340 et
1883 5288 2012 5340 iram

424 5373 698 5440 repressit.
729 5372 848 5430 Jam
877 5391 1008 5431 vero
1045 5392 1164 5432 cum
1197 5376 1370 5432 Semei
1401 5393 1522 5432 eum
1549 5369 1864 5432 contumelia
1895 5379 2014 5432 affi-

425 5469 592 5528 ceret,
631 5470 686 5517 et
724 5463 839 5534 ejus
863 5466 1148 5521 calamitati
1178 5477 1300 5522 tunc
1342 5467 1621 5522 insultaret
1647 5509 1661 5534 ,
1713 5467 2015 5538 vellentque

426 5549 590 5607 duces
619 5555 866 5619 transire,
907 5567 960 5611 ct
991 5557 1307 5613 maledicum
1332 5556 1602 5612 hominem
1631 5558 1838 5628 probris
1867 5560 2014 5628 ejus-

428 5643 570 5698 modi
619 5643 965 5702 insectantem
1008 5648 1349 5716 interimere,
1379 5651 1551 5724 qualia
1605 5651 1808 5721 profert
1854 5652 2012 5706 verba

417 5732 560 5790 (ηιιηί
592 5737 844 5804 sapientia
873 5739 1025 5809 plena
1049 5741 1124 5810 (2.
1156 5740 1282 5814 Reg.
1319 5745 1400 5800 l6.
1430 5745 1482 5801 5.
1514 5745 1685 5814 sqq.)?
1709 5743 1854 5800 illum
1883 5761 2012 5816 quo-

1235 313 1292 369 S.
1331 311 1611 378 JOANNIS
1648 309 2122 368 CllRYSOSTOMl
2162 307 2483 364 ARClllEP.
2523 305 3060 362 CONSTANHNOP.

3641 306 3739 361 192

2148 438 2252 494 que
2281 421 2596 492 parricidam
2623 432 2679 478 et
2706 420 3126 476 incontinentem
3153 417 3570 486 adolescentem,
3599 435 3735 490 quo-

2142 515 2303 570 modo
2351 516 2464 570 suis
2493 514 2829 570 commendat
2853 513 3096 579 ducibus,
3127 513 3348 570 dicens:
3382 513 3584 567 Parcite
3612 514 3737 570 mihi

2141 608 2300 677 ﬁliolo
2328 607 2567 662 Absaloui
2591 607 2664 678 (2.
2700 607 2826 678 Reg.
2851 606 2939 661 18.
2957 605 3054 675 5)?
3079 605 3300 672 Quando
3320 614 3495 660 autent
3518 605 3569 659 in
3597 607 3736 675 prin-

2141 701 2280 768 cipio
2321 699 2638 769 loquebatur
2664 714 2784 753 cum
2826 697 3080 754 fratribus
3121 699 3168 754 ei
3205 698 3563 756 iuvidcntibus
3605 715 3731 769 pro-

2142 798 2259 858 pter
2283 789 2509 844 futuram
2537 791 2835 857 victoriam,
2857 790 3030 861 cogita
3056 805 3214 859 quam
3244 801 3519 846 mansuete
3547 791 3727 862 loqui-

2143 891 2262 948 tur,
2306 882 2490 938 dicens
2519 901 2532 936 :
2579 883 2842 954 Numquid
2881 900 2980 937 non
3022 883 3224 937 verbum
3245 893 3316 938 cst
3349 883 3366 954 (
3397 883 3447 939 1.
3481 883 3607 956 Reg.
3641 885 3728 939 17.

2139 971 2276 1042 29)?
2305 973 2439 1039 Quid
2467 988 2592 1029 vero
2617 973 2827 1028 Moses?
2857 973 2962 1028 Pro
2991 973 3054 1029 iis
3080 973 3168 1043 qui
3198 988 3318 1028 eum
3349 973 3609 1043 lapidibus
3631 989 3728 1044 pe-

2141 1065 2356 1130 tierant,
2389 1079 2485 1133 pro
2513 1065 2576 1119 iis
2606 1065 2696 1135 qui
2726 1081 2869 1132 eum,
2895 1075 3148 1136 quantum
3176 1066 3226 1118 in
3252 1067 3330 1120 eis
3359 1075 3487 1130 erat,
3522 1065 3588 1122 de
3619 1085 3731 1122 mc-

2138 1157 2228 1211 dio
2265 1159 2624 1222 sustulerant,
2677 1159 2798 1212 audi
2846 1159 2969 1228 quid
3018 1158 3160 1213 dicat
3208 1158 3418 1230 (Exod.
3471 1161 3554 1216 17.
3609 1161 3724 1229 4);

2141 1249 2201 1304 Si
2232 1262 2488 1319 peccatum
2525 1252 2724 1321 quidem
2752 1252 2824 1304 eis
2853 1251 3060 1304 dimittis
3087 1292 3102 1314 ,
3136 1250 3330 1304 dimitte
3360 1267 3379 1304 :
3417 1252 3494 1305 sin
3527 1252 3722 1315 minus,

2141 1357 2220 1393 me
2241 1358 2436 1412 quoque
2463 1341 2574 1396 dele
2601 1343 2665 1396 de
2688 1342 2815 1396 libra
2843 1358 2990 1411 quem
3021 1341 3263 1409 scripsisti
3294 1340 3486 1411 (Exod.
3513 1341 3602 1398 52.
3634 1344 3722 1398 51.

2140 1433 2253 1503 52).
2285 1432 2416 1488 Cum
2448 1434 2534 1487 alii
2569 1448 2751 1488 rursus
2778 1449 2899 1489 eum
2929 1445 3201 1487 moverent
3227 1431 3291 1486 ad
3311 1433 3721 1496 :rmulationcnt.

2139 1536 2193 1578 et
2223 1525 2501 1581 incitarent
2538 1525 2610 1580 ad
2634 1527 2786 1590 iram,
2816 1525 3043 1594 pulchra
3065 1524 3150 1578 illa
3185 1535 3236 1580 et
3264 1525 3540 1594 sapientia:
3570 1529 3720 1595 plena

2140 1615 2299 1669 verba
2330 1616 2579 1685 loquutus
2620 1631 2651 1670 c
2684 1625 2722 1681 t,
2757 1615 2941 1670 dicens
2973 1631 2986 1668 :
3025 1614 3148 1680 Quis
3177 1613 3258 1668 det
3298 1624 3454 1668 totum
3485 1618 3724 1685 populum

2141 1703 2347 1760 Domini
2377 1707 2646 1778 prophetas
2675 1723 2780 1760 esse
2808 1705 2885 1777 (Ν
2890 1714 2993 1759 um’.
3026 1706 3112 1759 11.
3139 1705 3271 1775 29)?
3297 1706 3400 1760 Pro
3424 1721 3607 1762 sorore
3633 1723 3726 1762 att-

2141 1808 2245 1852 tetn
2291 1814 2494 1865 rursus,
2535 1815 2651 1870 qua:
2694 1815 2814 1854 eum
2861 1798 3156 1858 maledictis
3201 1799 3522 1866 incesserat,
3566 1819 3722 1870 quam

2138 1893 2445 1961 suppliciter
2473 1892 2755 1961 precatur?
2784 1891 2860 1946 Ex
2890 1891 3070 1946 multis
3099 1906 3313 1962 quoque
3339 1892 3458 1948 aliis
3487 1893 3617 1949 locis
3647 1898 3723 1949 vi-

2136 1981 2248 2036 deri
2282 1993 2453 2052 potest
2491 1983 2605 2052 ejus
2649 1981 3019 2047 mansuetudo,
3065 1982 3272 2052 quando
3315 1983 3474 2038 etiam
3513 1999 3542 2038 e
3585 1995 3721 2042 terra

2137 2073 2356 2142 ejectus,
2387 2083 2441 2129 et
2487 2075 2539 2128 in
2589 2061 2924 2128 Palmstinam
2980 2073 3186 2144 ingredi
3237 2073 3551 2143 prohibitus,
3599 2092 3719 2136 cum

2135 2166 2280 2220 omni
2333 2167 2583 2221 comitate
2631 2178 2687 2221 et
2734 2165 3136 2220 mansuetudine
3184 2165 3396 2221 Judaos
3441 2166 3724 2234 alloquitur.

2137 2257 2318 2329 (Nam.
2349 2259 2432 2312 l2.
2470 2259 2579 2326 l5).
2612 2256 2714 2313 Sed
2746 2267 2920 2312 tamen
2945 2257 3030 2312 hic
3050 2257 3212 2318 mitis,
3246 2267 3303 2310 ut
3333 2257 3554 2320 Datllan,
3595 2261 3720 2314 Abi-

2135 2363 2230 2401 ron
2261 2357 2312 2400 et
2342 2349 2500 2411 Core,
2533 2364 2653 2402 cum
2687 2348 2736 2401 in
2768 2346 3122 2402 sacerdotium
3154 2347 3488 2409 invasissent,
3520 2365 3547 2400 a
3582 2359 3720 2405 terra

2133 2438 2564 2504 absorbercntur,
2603 2449 2655 2493 et
2686 2439 2773 2492 alii
2797 2446 3169 2499 exurerentur,
3201 2437 3338 2508 quod
3369 2439 3540 2508 ignem
3587 2440 3716 2497 alie-

2135 2545 2258 2583 num
2303 2529 2637 2595 obtulissent,
2673 2545 2880 2599 mquam
2908 2529 3230 2584 existimavit
3265 2529 3450 2601 (Num.
3498 2531 3580 2587 16.
3634 2535 3713 2588 15.

2131 2617 2286 2691 sqq.).
2321 2618 2480 2674 David
2508 2636 2714 2690 quoque
2738 2620 2825 2675 ille
2851 2629 3160 2674 mansuetus
3180 2630 3231 2675 et
3257 2620 3465 2676 Goliath
3490 2636 3717 2692 ποίη-,ί-

2130 2711 2228 2774 vit,
2259 2719 2309 2764 et
2336 2713 2626 2766 exercitum
2651 2711 2866 2782 fugavit,
2894 2722 2947 2767 et
2976 2711 3157 2766 retulit
3186 2711 3470 2767 victoriam.
3488 2713 3563 2784 (1,.
3591 2716 3722 2786 Reg.

2131 2804 2243 2868 17).
2272 2802 2384 2860 Hoc
2409 2813 2490 2859 est
2515 2803 2654 2861 enim
2682 2803 2763 2860 vel
2791 2803 3018 2857 maxime
3040 2804 3320 2866 mansueti,
3350 2818 3475 2859 suas
3505 2807 3722 2875 quidem.

2129 2896 2349 2966 injurias
2375 2898 2662 2962 remittere,
2697 2913 2790 2953 eos
2818 2904 2992 2953 autem
3015 2895 3208 2969 quibus
3235 2896 3292 2950 fit
3323 2897 3509 2965 injuria
3531 2899 3712 2955 defen-

2127 2988 2306 3044 dere:
2352 2989 2796 3059 quemadmodum
2845 2991 3084 3046 Christus
3131 3004 3342 3062 quoque
3387 2989 3530 3044 fecit.
3581 2991 3714 3047 Cum

2127 3081 2270 3136 enim
2301 3081 2351 3135 in
2392 3096 2604 3137 crucem
2644 3083 2990 3149 ascendisset,
3028 3083 3236 3139 dicebat
3268 3103 3281 3138 :
3311 3081 3718 3153 Pater,_ignosce

2127 3174 2236 3240 eis;
2263 3175 2484 3229 nesciunt
2523 3176 2654 3230 enim
2697 3176 2819 3247 quid
2857 3177 3048 3247 faciunt
3073 3175 3221 3246 (Luc.
3252 3179 3342 3234 25.
3383 3180 3500 3246 54).
3531 3175 3595 3235 Et
3617 3177 3708 3236 Je-

2126 3267 2355 3322 rusalem
2396 3283 2577 3324 rursus
2613 3268 2838 3336 deﬂens,
2879 3268 3092 3325 dicebat
3124 3287 3137 3324 :
3171 3269 3376 3336 Quoties
3416 3274 3553 3330 volui
3586 3291 3722 3328 σου..

2125 3373 2332 3429 gregare
2354 3358 2488 3428 ﬁlios
2531 3369 2736 3424 uestros,
2767 3373 2814 3414 et
2842 3361 3074 3416 noluistis
3100 3377 3120 3416 :
3143 3379 3252 3416 ecce
3278 3364 3581 3436 relinquetur
3614 3366 3714 3420 do-

2125 3463 2236 3502 mus
2269 3459 2430 3502 vestra
2469 3449 2662 3504 deserta
2695 3449 2905 3520 (Matth.
2936 3450 3026 3505 25.
3069 3452 3156 3507 57.
3189 3452 3299 3524 58).
3345 3453 3411 3507 Ει
3442 3469 3561 3508 cum
3606 3456 3707 3513 im-

2126 3548 2310 3610 pactus
2337 3551 2478 3596 esset
2507 3541 2556 3596 ei
2586 3541 2861 3611 colaphus,
2889 3558 2994 3598 non
3018 3543 3296 3614 colaphum
3320 3556 3502 3601 contra
3534 3549 3709 3618 impos

2124 3633 2219 3701 git,
2251 3630 2343 3686 sed
2381 3632 2430 3686 ei
2466 3631 2554 3702 qui
2601 3633 2892 3702 impegerat
2929 3649 2989 3689 se
3038 3645 3251 3691 excusat
3293 3633 3466 3707 (loan.
3501 3635 3580 3691 18.
3613 3637 3704 3693 22.

2129 3721 2261 3792 25);
2293 3731 2346 3777 et
2373 3737 2492 3777 cum
2533 3724 2894 3792 appellaretur
2923 3725 3302 3788 dmmoniacus.
3333 3727 3519 3796 ejicieb
3538 3735 3576 3780 ll.
3599 3727 3708 3782 da:-

2125 3829 2312 3870 mones
2340 3814 2548 3885 (Matth.
2580 3816 2633 3872 9.
2663 3817 2750 3871 52.
2777 3816 2909 3888 sqq.)
2936 3834 2951 3877 :
2977 3828 3029 3873 et
3055 3834 3177 3886 cum
3197 3827 3474 3874 vocaretur
3498 3819 3714 3888 planus,

2127 3919 2181 3963 et
2211 3908 2424 3978 impius,
2464 3918 2518 3964 et
2558 3911 2649 3965 Dei
2690 3910 3053 3979 adversarius,
3087 3913 3139 3966 in
3173 3929 3390 3984 regnum
3429 3928 3523 3968 eos
3557 3927 3708 3967 suum

2123 4000 2367 4057 ducebat.
2419 4001 2700 4074 Discipulis
2739 4019 2950 4073 quoque
2996 4003 3246 4074 pra'crpit
3285 4013 3342 4058 nt
3380 3995 3718 4074 ubiqueﬂa:

2121 4093 2260 4162 gclla
2303 4094 2647 4157 sustinerent,
2683 4095 3140 4164 persequutionem
3173 4101 3497 4161 paterentur,
3530 4097 3714 4163 eapul-

2123 4187 2376 4249 lcrentur,
2397 4184 2804 4254 inferioremque
2821 4185 2992 4237 locum
3008 4183 3299 4252 deligerent
3321 4181 3496 4254 (Joan.
3519 4184 3570 4236 7.
3599 4185 3710 4254 12).

2126 4275 2226 4342 Qui
2255 4276 2394 4330 enim
2433 4277 2536 4330 vult
2577 4279 2629 4330 in
2671 4275 2806 4328 vobis
2835 4289 2942 4326 esse
2969 4273 3183 4340 primus,
3231 4271 3422 4342 inquit,
3451 4273 3516 4327 sit
3557 4286 3713 4331 vestit

2122 4368 2346 4422 minister
2388 4367 2612 4436 (Matth.
2655 4364 2744 4418 20.
2776 4363 2904 4430 26).
2956 4364 3314 4419 Domesticum
3361 4373 3538 4420 autem
3584 4369 3710 4421 sub-

2118 4458 2293 4527 juuxit
2334 4461 2668 4528 exemplum,
2706 4457 2894 4512 dicens
2931 4476 2943 4512 :
2974 4457 3118 4512 Sicut
3159 4456 3326 4513 Filius
3356 4457 3571 4514 hominis
3611 4478 3710 4513 non

2122 4551 2252 4604 venit
2291 4551 2585 4613 ministrari,
2633 4552 2722 4605 sed
2751 4551 3056 4618 ministrare,
3084 4562 3130 4606 et
3159 4551 3282 4606 dare
3316 4554 3541 4606 anintam
3568 4571 3710 4607 suam

2121 4641 2507 4710 redemptionem
2547 4659 2636 4712 pro
2663 4642 2834 4698 audtis
2861 4641 3020 4711 (Ibid.
3050 4659 3097 4698 υ.
3121 4643 3235 4715 28).
3279 4644 3427 4712 Quod
3455 4645 3499 4699 si
3531 4647 3711 4713 expel-

2123 4733 2182 4788 lit
2209 4733 2501 4800 daemoncs,
2529 4745 2724 4790 etcum
2756 4734 2967 4790 diabolo
2999 4737 3190 4792 bellum
3221 4737 3359 4808 gerit
3387 4745 3441 4791 et
3467 4752 3709 4792 errorem

2123 4825 2255 4880 tollit
2281 4824 2348 4880 de
2375 4825 2569 4893 medio,
2603 4826 2705 4882 hoc
2731 4842 2942 4898 quoque
2965 4839 3048 4884 est
3072 4831 3316 4884 maxima:
3347 4828 3703 4883 mansuetudi-

2121 4918 2225 4984 nis,
2255 4933 2412 4973 onme
2437 4921 2648 4988 quidem
2689 4921 2871 4976 vitium
2901 4921 3116 4977 abolere
3137 4964 3150 4987 ,
3178 4937 3271 4976 eos
3311 4929 3486 4974 autem
3527 4921 3616 4990 qui
3643 4922 3711 4973 ab

2121 5011 2212 5066 illo
2251 5011 2556 5068 detinentur
2598 5015 2860 5081 liberare,
2903 5015 3212 5069 insidiantes
3255 5013 3524 5068 daemones
3562 5030 3708 5068 coetu

2119 5119 2263 5170 cere,
2295 5114 2348 5158 et
2372 5105 2460 5174 qui
2483 5105 2551 5160 ab
2580 5107 2658 5160 eis
2689 5106 2896 5176 probris
2924 5105 3097 5162 allecti
3127 5107 3342 5172 fuerint,
3371 5121 3401 5159 a
3428 5105 3578 5160 malis
3608 5123 3711 5159 crt-

2121 5210 2266 5262 pere.
2297 5194 2432 5262 Quid
2459 5208 2539 5253 est
2568 5208 2768 5262 autem,
2802 5196 3018 5268 Propter
3041 5200 3318 5264 veritatem,
3350 5206 3396 5252 et
3427 5207 3712 5251 mansuetu-

2119 5290 2308 5354 dinem,
2351 5299 2396 5342 et
2431 5290 2726 5361 justitiam?
2770 5290 2912 5344 Dixit
2951 5291 3186 5360 bellum,
3218 5291 3350 5346 dixit
3398 5291 3713 5346 instructam

2119 5384 2308 5447 aciem,
2333 5384 2564 5438 ostendit
2591 5391 2852 5438 armatum
2879 5384 3131 5451 militem;
3161 5385 3288 5440 dicit
3307 5383 3562 5454 deinceps
3590 5400 3710 5454 qum

2121 5475 2339 5543 pulchra
2355 5483 2408 5530 et
2426 5474 2677 5546 prmclara
2697 5475 2748 5530 in
2767 5490 2930 5547 regno
2949 5491 3048 5532 suo
3061 5477 3302 5548 gesserit,
3317 5491 3484 5547 genus
3507 5479 3711 5546 tropzci,

2120 5565 2477 5622 conditionem
2503 5578 2557 5623 et
2575 5579 2813 5624 naturam
2833 5571 3086 5626 victoriae.
3115 5571 3217 5626 Alii
3237 5571 3379 5626 enim
3407 5585 3594 5625 omnes
3617 5571 3712 5624 ho~

2122 5658 2292 5712 mines
2310 5668 2611 5728 regnantes,
2641 5660 2720 5714 vel
2745 5675 2838 5729 pro
2852 5661 3148 5716 civitatibus
3173 5660 3252 5714 vel
3298 5675 3394 5730 pro
3418 5661 3713 5730 opibus,rel

2131 5764 2224 5817 pro
2243 5748 2564 5810 inimicitiis.
2589 5751 2669 5806 vel
2690 5767 2782 5822 pro
2801 5766 2927 5806 vana
2953 5753 3112 5822 gloria
3139 5753 3330 5808 bellum
3361 5760 3548 5822 gerunt.
3571 5773 3578 5803 :
3607 5753 3719 5823 ipse
