4112 6214
469 295 566 354 195
1547 295 1634 350 EX
1643 293 1900 348 POSITIO
1939 293 2000 346 IN

2117 294 2351 350 ALMUM
2393 297 2572 352 XLIV.
3601 318 3696 375 195

456 425 629 470 autem
662 422 874 486 propter
902 413 1097 470 nullum
1127 430 1331 480 eorum,
1360 413 1448 466 sed
1480 422 1692 482 propter
1719 412 2014 476 veritatem,

457 517 512 560 nt
537 522 654 561 eam
683 507 884 576 plantet
916 507 968 560 in
1000 515 1176 570 terra;
1207 513 1261 560 et
1297 517 1508 573 prepter
1546 501 2021 564 mansuetudinem,

455 607 513 649 ut
547 597 635 665 qui
662 606 783 649 sunt
814 596 940 650 feris
981 596 1335 659 immaniores,
1379 603 1679 647 mansuetos
1714 591 1938 654 efficiat;
1965 598 2022 644 et

456 695 673 754 propter
696 685 974 752 justitiam,
1008 691 1066 738 ut
1095 686 1144 739 in
1173 698 1304 754 quos
1331 682 1656 754 tyrannidem
1683 688 1895 736 exercet
1923 679 2020 732 ini-

453 775 646 844 qnitas,
686 789 780 828 eos
817 775 987 844 justos
1023 775 1193 838 faciat,
1237 775 1462 843 primum
1490 774 1698 842 quidem
1726 788 1789 826 ex
1827 772 2014 840 gratia,

453 865 644 920 deinde
664 879 728 920 ex
761 877 904 920 reete
931 867 1093 920 factis.
1125 866 1188 919 Et
1209 867 1411 918 deducet
1434 873 1480 918 te
1503 864 1792 918 mirabiliter
1821 864 2024 916 dextera

455 965 560 1008 tua.
594 957 764 1020 Alius,
787 955 852 1008 Et
878 955 1173 1010 illuminabit
1195 966 1240 1010 te
1258 972 1405 1026 super
1430 955 1666 1008 terribilia
1692 955 1894 1006 dextera
1915 962 2020 1005 tua.

453 1050 625 1110 Alius,
660 1047 725 1100 Et
753 1049 970 1103 ostendet
994 1048 1079 1102 tibi
1103 1048 1341 1102 terribilia
1368 1049 1570 1101 dextera
1595 1057 1682 1099 tua
1707 1048 1746 1098 ί.
2001 1095 2013 1106 ,

523 1138 573 1190 7.
609 1137 793 1192 Vidisti
819 1137 1081 1206 quomodo
1107 1153 1289 1192 rursus
1313 1137 1466 1192 nobis
1485 1137 1692 1206 aperuit
1715 1135 2024 1204 dignitatem

453 1229 566 1298 ejus
593 1229 681 1299 qui
709 1227 823 1282 haec
847 1230 1093 1298 pneclara
1117 1229 1278 1284 facit?
1297 1230 1442 1284 Sicut
1468 1230 1608 1283 enim
1639 1243 1758 1281 enm
1783 1228 2023 1295 superius

453 1319 670 1375 dixisset
714 1334 876 1385 arma,
913 1329 964 1374 et
1001 1320 1256 1390 gladium,
1302 1320 1538 1373 ascendit
1577 1319 1643 1370 ad
1689 1319 1914 1386 speciem
1960 1332 2022 1370 ac

455 1412 912 1481 pulchritudinem,
957 1421 1011 1466 et
1037 1410 1105 1465 ad
1146 1411 1485 1479 incorporeas
1525 1409 1892 1474 intelligendas
1928 1408 2022 1460 de-

453 1503 602 1556 duxit
637 1501 928 1557 auditorem
959 1517 973 1555 :
1003 1503 1074 1555 ita
1101 1517 1221 1554 eum
1253 1515 1435 1554 rursus
1472 1501 1827 1554 descendisset
1863 1500 1926 1550 ad
1967 1497 2017 1552 id

454 1595 592 1663 quod
619 1603 701 1648 est
731 1595 990 1659 crassius,
1023 1608 1211 1662 nempe
1238 1608 1391 1646 arcus
1419 1600 1472 1646 et
1508 1593 1739 1660 sagittas,
1769 1590 2014 1659 paulatim

455 1699 636 1738 rursus
663 1685 816 1754 erigit
843 1683 1154 1746 auditorem,
1187 1683 1306 1736 belli
1335 1697 1516 1735 causas
1543 1681 1797 1742 referens,
1825 1682 2016 1735 verita-

455 1785 575 1838 tem,
623 1773 1098 1840 mansuetudinem,
1133 1772 1421 1840 justitiam;
1461 1771 1650 1826 deinde
1680 1787 1862 1824 rursus
1902 1786 2017 1824 mo-

447 1865 568 1918 dum
609 1879 818 1932 quoque
852 1863 1102 1917 victoriie.
1137 1862 1384 1928 Quisnam
1411 1871 1582 1916 autem
1615 1870 1698 1915 est
1727 1862 1803 1915 is?
1831 1861 1895 1915 Et
1923 1862 2015 1915 de-

445 1957 589 2010 ducet
633 1966 697 2021 te,
727 1955 914 2024 inquit,
946 1955 1238 2008 mirabiliter
1280 1954 1483 2007 dextera
1509 1965 1615 2006 tua.
1643 1953 1793 2020 Quod
1837 1962 2012 2006 autem

445 2047 588 2108 dicit,
614 2047 712 2100 tale
741 2055 822 2101 est
847 2063 858 2098 :
899 2045 1011 2114 ipsa
1042 2045 1242 2114 sibiipsi
1273 2056 1458 2098 natura
1485 2047 1696 2111 sufficit,
1742 2046 1849 2114 ipsa
1883 2045 2014 2098 sibi-

446 2139 542 2209 ipsi
562 2138 756 2194 sufficit
781 2139 1010 2208 potentia
1031 2137 1096 2190 ad
1123 2136 1405 2192 videndum
1426 2152 1541 2206 qua:
1569 2145 1694 2190 sunt
1720 2136 1938 2206 agenda,
1961 2145 2016 2191 et

447 2231 603 2284 tinem
633 2230 709 2285 eis
737 2229 1132 2298 imponendum.

523 2317 688 2385 Opera
712 2318 895 2372 Christi
931 2317 1189 2371 terribilia.
1212 2347 1283 2357 —
1302 2318 1464 2372 Recte
1491 2326 1668 2373 autem
1695 2317 1824 2372 dixit
1847 2319 2012 2384 alius,

457 2407 707 2460 Terribilis
748 2409 950 2460 dextera
986 2419 1069 2461 tua
1095 2424 1114 2461 :
1155 2419 1279 2462 sunt
1314 2409 1453 2462 enim
1489 2409 1642 2464 valde
1676 2409 1924 2464 terribilia
1961 2418 2017 2464 et

455 2496 671 2550 horrore
699 2497 852 2564 plena
880 2513 995 2565 qua:
1035 2499 1227 2566 gessit,
1257 2514 1399 2552 mors
1427 2499 1597 2553 deleta
1629 2509 1738 2562 est,
1769 2499 2014 2566 perfracti

455 2595 576 2639 Sunt
599 2586 769 2652 inferi,
801 2587 1074 2654 paradisus
1102 2588 1196 2640 fuit
1218 2597 1450 2655 apertus,
1477 2589 1885 2657 cmlum'patuit,
1917 2589 2016 2644 ob-

459 2686 655 2730 structa
703 2685 826 2730 sunt
876 2691 969 2730 ora
1017 2677 1360 2740 daemonibus,
1394 2677 1592 2731 inferna
1633 2692 1750 2730 cum
1777 2679 2018 2747 superuis

450 2767 730 2821 commixta
755 2776 898 2834 sunt,
931 2767 1070 2823 Deus
1102 2770 1257 2822 homo
1286 2769 1450 2822 factus
1486 2777 1586 2831 est,
1619 2769 1776 2823 homo
1802 2768 1936 2822 sedit
1964 2768 2017 2824 in

449 2858 582 2909 solio
611 2858 786 2926 regio;
813 2867 996 2927 aperta
1026 2868 1106 2912 est
1136 2872 1254 2926 spes
1281 2857 1700 2925 resurrectionis,
1743 2860 2016 2914 immorta-

449 2948 524 3001 les
569 2949 1014 3017 exspectationes,
1062 2948 1401 3003 ineﬂabilium
1442 2949 1702 3004 bonorum
1733 2965 1859 3004 usus
1901 2949 2016 3004 fru-

446 3050 582 3104 ctus,
614 3048 666 3093 et
702 3039 804 3093 alia
845 3055 1186 3108 quaecumque
1219 3056 1310 3109 per
1352 3055 1504 3094 suum
1552 3041 1833 3095 adventum
1879 3056 2014 3110 pra:-

447 3129 588 3184 clare
616 3129 791 3198 gessit.
821 3127 888 3182 Et
915 3127 1031 3183 ideo
1056 3129 1206 3191 dixit,
1239 3130 1459 3184 Deducet
1479 3139 1523 3182 te
1547 3131 1613 3184 ad
1634 3132 1873 3185 terribilia
1902 3132 2009 3185 iure

447 3219 650 3272 dextera
685 3228 806 3281 tua,
839 3219 1120 3272 ostendens
1156 3220 1353 3290 sibiipsi
1401 3219 1641 3276 sufficere
1683 3230 1919 3275 naturam
1960 3230 2014 3276 et

445 3287 735 3376 potentiam
758 3307 820 3360 ad
851 3323 908 3360 ea
939 3308 1247 3363 invenienda
1276 3287 1337 3363 ct
1367 3309 1700 3378 perficienda,
1749 3327 1866 3380 qua:
1895 3313 2008 3367 fue-

448 3404 564 3451 rant
594 3397 878 3465 proposita.
919 3397 1256 3467 Septuaginta
1285 3409 1455 3454 autem
1485 3400 1684 3462 dicunt,
1715 3401 1936 3455 Deducet
1965 3411 2012 3458 te

446 3487 734 3540 mirabiliter
777 3489 980 3542 dextera
1019 3499 1142 3552 tua;
1191 3490 1290 3544 hoc
1335 3499 1436 3554 est,
1462 3507 1564 3546 non
1615 3493 1784 3546 solum
1831 3495 2009 3549 mirari

443 3588 649 3648 oportet
673 3579 812 3649 quod
859 3595 942 3634 res
978 3573 1226 3649 pulchras
1253 3590 1306 3637 et
1333 3583 1610 3653 przeclaras
1647 3585 1887 3654 gesserit,
1915 3587 2009 3640 sed

419 3663 581 3736 quod
606 3683 694 3721 eas
725 3677 914 3738 prreter
943 3669 1208 3723 hominum
1237 3673 1682 3740 exspectationem
1713 3683 1765 3728 et
1801 3675 2008 3742 Opinio-

441 3772 562 3811 nem
587 3761 828 3827 gesserit.
863 3759 962 3813 Per
992 3770 1212 3814 mortem
1241 3763 1378 3816 enim
1412 3779 1554 3819 mors
1581 3765 1750 3820 deleta
1778 3774 1877 3827 est,
1913 3781 2006 3835 per

443 3848 774 3902 maledictum
814 3850 1144 3904 maledictum
1185 3853 1444 3906 sublatum
1475 3862 1576 3918 est,
1606 3866 1656 3908 et
1693 3855 1812 3908 data
1849 3855 2008 3909 benc-

441 3937 632 4003 dictio;
664 3955 756 4008 per
797 3955 946 3994 esum
989 3957 1153 4010 nuper
1189 3942 1341 4010 ejecti
1383 3943 1665 4009 fueramus,
1719 3962 1810 4015 per
1853 3963 2005 4002 esum

442 4044 622 4082 rursus
652 4030 929 4084 introducti
962 4031 1174 4086 fuimus.
1207 4032 1365 4101 Virgo
1393 4049 1487 4088 nos
1518 4037 1757 4103 paradiso
1782 4039 2002 4105 expulit,

443 4133 536 4188 per
582 4121 832 4191 virginem
877 4123 1035 4176 vitam
1085 4131 1336 4178 artcrnam
1379 4125 1694 4179 invenimus.
1743 4127 1841 4181 Per
1888 4143 2006 4196 qua:

441 4209 769 4264 condemnati
792 4228 992 4277 sumus,
1021 4228 1112 4281 per
1138 4230 1198 4267 ea
1227 4214 1420 4268 fuimus
1445 4216 1701 4268 coronati.
1731 4216 1853 4270 Haec
1882 4232 2006 4286 ergo

439 4304 614 4356 animo
640 4308 842 4372 agitans
864 4305 1134 4375 propheta,
1170 4303 1377 4360 dicebat
1402 4323 1414 4358 :
1446 4305 1672 4359 Deducet
1697 4317 1743 4359 te
1766 4307 2008 4359 mirabili-

439 4404 512 4447 ter
536 4395 738 4448 dextera
760 4405 863 4447 tua.
892 4395 1150 4464 Numquid
1175 4413 1305 4464 opus
1325 4410 1406 4451 est
1431 4397 1628 4452 armis?
1649 4414 1771 4466 num
1793 4398 2005 4468 gladio?

439 4500 562 4538 num
609 4499 733 4539 arcu
765 4495 818 4540 et
858 4485 1092 4554 sagittis?
1121 4485 1306 4541 Vidisti
1343 4488 1608 4558 quomodo
1645 4488 1753 4558 ipsa
1793 4497 1999 4556 natura,

437 4575 545 4644 ipsa
577 4575 824 4643 potentia,
853 4584 935 4629 est
975 4577 1174 4646 sibiipsi
1205 4576 1512 4632 sufficiens?
1539 4578 1643 4633 Sed
1683 4579 1800 4633 vide
1844 4595 1961 4634 eum
1980 4619 1997 4646 ,

437 4676 702 4735 tamquam
743 4667 1043 4721 saltatorem
1087 4670 1373 4736 optimum,
1401 4686 1583 4725 rursus
1625 4686 1655 4724 a
1691 4672 2003 4727 sublimibus

436 4755 757 4811 descendere
786 4757 850 4809 ad
876 4758 1152 4812 crassiora.
1181 4760 1232 4812 6.
1267 4759 1477 4831 Sagitta:
1505 4771 1624 4828 tua’,
1667 4763 1856 4833 inquit,
1879 4780 2003 4818 acu-

437 4856 517 4911 tte,
550 4848 898 4917 potentissime.
933 4846 1123 4917 Populi
1161 4851 1250 4903 sub
1275 4859 1320 4903 te
1359 4850 1556 4919 cadent,
1586 4855 1638 4905 in
1667 4854 1814 4908 corde
1832 4853 1998 4909 inimi.

437 4951 609 4989 eorum
637 4937 785 5006 regis.
815 4939 985 5004 Alius,
1018 4937 1082 4990 In
1111 4939 1258 4992 corde
1283 4940 1468 4992 inimici
1496 4941 1644 5010 regis.

507 5023 717 5095 Sagitta!
758 5027 887 5080 verbi
929 5028 1000 5081 vis
1037 5029 1246 5098 e/ﬁcax;
1273 5029 1459 5084 Christi
1483 5032 1750 5086 teternitas.
1769 5063 1840 5074 -——
1863 5027 1995 5088 Vide

437 5131 622 5171 rursus
643 5118 852 5185 quando
870 5119 1106 5173 meminit
1131 5121 1459 5190 sagittarum,
1479 5123 1743 5192 quomodo
1764 5125 2001 5195 potentis

437 5205 653 5259 verbum
681 5207 904 5275 accepit,
936 5216 994 5261 ut
1023 5209 1158 5264 scias
1180 5225 1300 5265 eum
1333 5226 1436 5266 non
1467 5227 1624 5283 egere
1652 5215 1876 5284 sagittis,
1906 5216 1999 5269 sed

432 5299 604 5368 ipsum
624 5297 822 5368 sibiipsi
839 5299 1101 5355 sufficere.
1132 5300 1256 5356 Haec
1275 5311 1357 5358 est
1380 5313 1552 5358 autem
1569 5307 1734 5361 series
1753 5323 1766 5359 :
1787 5307 2002 5378 Sagittae

434 5395 532 5439 tute
556 5397 732 5450 acutis,
767 5398 960 5458 potens,
989 5393 1042 5443 in
1061 5391 1213 5445 corde
1237 5393 1553 5448 inimicorum
1574 5397 1724 5467 regis.
1750 5397 1878 5451 illud
1904 5413 1992 5450 au-

436 5487 560 5542 tem,
593 5475 778 5545 Populi
801 5477 892 5533 sub
920 5489 966 5532 te
999 5480 1205 5546 cadent,
1230 5483 1281 5534 in
1309 5483 1485 5538 medio
1514 5484 1881 5556 interponitur.
1906 5488 2002 5542 llic

431 5583 557 5636 eigo
579 5568 706 5623 mihi
724 5584 840 5625 esse
859 5569 1063 5624 videtur
1080 5569 1275 5640 duplex
1300 5575 1588 5642 expositio:
1609 5578 1690 5634 vel
1714 5579 1854 5634 enim
1877 5577 2004 5636 dicit

499 5683 516 5712 ι
551 5687 632 5732 ttic
651 5681 806 5747 adjicit
824 5690 943 5748 tteg.
964 5697 1104 5748 unus,
1131 5685 1274 5748 Alius,
1306 5705 1327 5735 ι
1350 5693 1394 5738 et
1409 5691 1668 5752 trepidans.
1695 5712 1717 5740 ι

2133 409 2403 466 Judaicam
2445 415 2799 484 captivitatem
2825 429 2879 474 et
2907 421 3135 478 civitatis
3159 426 3487 484 eversionem
3510 439 3564 486 et
3599 448 3696 489 cx-

2129 503 2344 570 cidium,
2375 507 2459 559 vel
2499 522 2592 575 per
2629 523 2897 580 anagogen
2927 513 3035 566 vim
3079 517 3225 572 verbi
3270 529 3422 574 vocat
3457 531 3691 592 sagittas.

2128 595 2408 660 Quibusvis
2433 597 2572 652 enim
2595 602 2794 669 sagittis
2814 604 3045 660 velocius
3069 610 3300 676 pervasit
3322 613 3504 667 orbem
3527 623 3696 672 terra—

2130 701 2266 750 rum,
2311 694 2364 739 et
2403 702 2608 752 eorum,
2638 691 2724 758 qui
2756 692 2900 761 prius
2938 683 3091 750 erant
3134 697 3353 764 inimici,
3383 717 3477 756 cor
3503 705 3692 776 tetigit,

2129 789 2230 828 non
2264 783 2320 827 ut
2350 775 2686 844 interficeret,
2718 782 2810 834 sed
2863 791 2918 836 ut
2959 784 3022 838 ad
3067 801 3126 840 se
3171 788 3462 846 attrahcrct
3498 809 3512 845 :
3553 775 3691 863 quod

2129 866 2284 918 etiam
2306 867 2356 918 in
2378 867 2540 921 Paulo
2561 870 2755 924 evenit.
2781 877 2896 926 Non
2913 876 3051 930 enim
3069 877 3390 935 aberraverit
3409 883 3686 953 quispiam,

2082 1027 2091 1045 ‘
2128 955 2172 1006 si
2192 955 2384 1008 dixerit
2405 957 2532 1011 illud
2548 959 2766 1013 verbum
2787 964 3045 1031 sagittam,
3073 969 3210 1034 quod
3231 986 3260 1024 e
3275 972 3419 1026 cadis
3438 974 3690 1030 emissum

2131 1045 2298 1112 tetigit
2325 1060 2416 1098 cor
2454 1049 2586 1115 ejus,
2619 1050 2706 1119 qui
2735 1051 2880 1119 prius
2919 1067 3038 1109 erat
3084 1059 3342 1127 inimicus,
3382 1073 3436 1117 et
3463 1067 3690 1122 amicum

2129 1132 2377 1191 reddidit.
2405 1133 2596 1205 Papuli
2623 1139 2713 1192 sub
2736 1150 2782 1193 te
2801 1143 3004 1198 cadent.
3029 1145 3211 1201 Vidisti
3239 1166 3393 1218 quam
3415 1162 3556 1208 recte
3571 1155 3690 1210 bel-

2125 1225 2233 1278 lum
2252 1235 2452 1294 gestum
2472 1228 2574 1282 sit?
2593 1234 2859 1300 quomodo
2885 1238 3205 1293 reconciliati
3224 1241 3417 1296 fuerint
3436 1246 3523 1314 qui
3547 1248 3690 1314 prius

2126 1326 2280 1368 erant
2307 1319 2580 1373 seditiosi?
2626 1325 2892 1390 quomodo
2930 1327 3110 1382 docti?
3155 1333 3420 1399 quomodo
3461 1335 3690 1392 initiati?

2125 1405 2242 1472 Ipse
2272 1409 2411 1460 enim
2463 1425 2637 1478 casus,
2684 1422 2738 1468 et
2765 1417 2902 1484 quod
2931 1418 3036 1471 sint
3077 1421 3174 1474 sub
3203 1422 3312 1486 illo,
3343 1427 3693 1483 esbatnnibos

2123 1497 2518 1556 fundamentum
2543 1513 2594 1558 et
2622 1506 2768 1560 radix
2790 1507 3096 1564 altitudinis.
3124 1512 3254 1566 Cum
3281 1518 3419 1569 enim
3439 1531 3533 1572 eos
3559 1519 3694 1574 libe-

2122 1602 2294 1648 rasset
2317 1595 2384 1648 ab
2409 1599 2724 1667 arrogantia,
2757 1609 2810 1654 et
2836 1602 2902 1655 ab
2930 1604 3066 1657 inani
3097 1607 3231 1660 fastu
3257 1615 3311 1662 et
3335 1609 3524 1678 gloria,
3552 1619 3605 1665 et
3623 1612 3697 1666 ab.

2120 1697 2300 1737 errore
2316 1685 2633 1754 daamonum,
2654 1703 2745 1743 eos
2765 1691 2965 1761 sibiipsi
2992 1695 3242 1751 subdidit.
3268 1696 3340 1750 Ita
3367 1701 3524 1753 etiam
3547 1703 3684 1756 alius

2121 1774 2373 1842 prepheta
2405 1792 2525 1830 eum
2573 1782 2802 1836 ostendit
2843 1794 3194 1854 cruentatum,
3246 1805 3365 1844 cum
3411 1794 3489 1846 sic
3523 1793 3682 1848 dicit:

2123 1862 2246 1927 Quis
2275 1865 2355 1917 hic
2374 1875 2465 1932 est,
2494 1869 2578 1934 qui
2603 1872 2734 1924 venit
2759 1888 2821 1926 ea:
2845 1872 3048 1929 Edam?
3076 1878 3262 1932 rubedo
3291 1883 3689 1938 vestimentorum

2119 1955 2226 2022 ejus
2252 1970 2313 2006 ea:
2335 1954 2497 2010 Bosor
2520 1959 2669 2028 (lsai.
2695 1961 2782 2016 63.
2810 1961 2896 2032 l)?
2920 1964 3186 2035 Nusquam
3209 1969 3316 2023 illic
3339 1985 3507 2039 arma,
3530 1989 3688 2030 arcus

2119 2053 2172 2098 et
2199 2046 2421 2114 sagittis,
2453 2048 2545 2102 sed
2579 2060 2770 2106 vestes.
2823 2053 3050 2110 Verbum
3093 2059 3302 2126 quidem
3349 2063 3506 2130 paulo
3542 2079 3685 2119 eras-

2119 2135 2248 2200 sius,
2281 2135 2373 2190 sed
2400 2136 2501 2192 hoc
2529 2147 2701 2196 tamen
2731 2143 3004 2200 subtilius:
3027 2159 3078 2202 et
3113 2157 3288 2206 tamen
3331 2153 3439 2209 illic
3476 2171 3686 2224 quoque

2119 2173 2248 2200 ..ι-ω,
2281 2173 2373 2190 οιυ
2400 2173 2501 2192 um.
2529 2173 2701 2196 ιιιιιιυιι
2731 2173 2970 2200 θυυιιιιυδ
2991 2173 3003 2200 ;
3027 2173 3078 2202 et.
3113 2173 3288 2206 tatllcu
3331 2173 3439 2209 ltllc
3476 2173 3580 2224 quo
3622 2173 3684 2212 ne

2118 2223 2169 2277 in
2196 2240 2258 2280 ea
2286 2228 2634 2286 crassitudine
2665 2233 2816 2304 erigit
2844 2237 3040 2292 sensim
3081 2241 3370 2297 orationem
3394 2244 3460 2298 ad
3490 2173 3684 2302 ωεξη-

2119 2329 2422 2384 eorporeas.
2462 2320 2719 2387 Quoniam
2761 2326 2902 2380 enim
2947 2338 3095 2399 rogat
3140 2333 3391 2402 prejilieta
3423 2337 3683 2393 undenam

2118 2407 2290 2462 rubrm
2327 2419 2518 2476 vestes,
2568 2412 2730 2471 dicit:
2761 2415 3002 2473 Torcular
3029 2422 3214 2478 calcavi
3239 2427 3377 2480 solus
3405 2425 3564 2495 (Ibid.
3594 2429 3688 2486 65.

2117 2493 2170 2547 2.
2199 2497 2278 2562 5).
2310 2501 2596 2557 ostendens
2624 2505 2861 2562 victoria;
2887 2509 3212 2580 facilitatem,
3243 2525 3298 2570 et
3321 2493 3458 2586 quod
3482 2521 3683 2576 nullum

2123 2584 2361 2640 habuerit
2379 2591 2466 2658 qui
2482 2591 2527 2644 ei
2550 2606 2700 2661 opem
2725 2595 2906 2664 ferret,
2929 2601 3020 2655 sed
3047 2603 3158 2671 ipse
3179 2584 3378 2676 sibiipsi
3398 2609 3684 2664 suffecerit.

2121 2673 2570 2741 Quemadmodum
2598 2685 2739 2740 enim
2773 2687 2861 2743 hic
2897 2691 3038 2756 dicit,
3070 2673 3366 2752 Deducat—te
3394 2703 3689 2756 mirabiliter

2120 2769 2324 2823 dextera
2351 2778 2435 2824 tua
2454 2787 2472 2824 :
2504 2773 2571 2827 ita
2603 2777 2759 2831 etiam
2789 2779 2920 2847 illic,
2946 2780 3192 2838 Torcular
3227 2789 3414 2842 δαισαυὲ
3439 2794 3592 2846 solus.
3621 2795 3687 2850 Ut

2123 2860 2264 2914 enim
2294 2860 2448 2918 facile
2467 2872 2551 2918 est
2577 2865 2648 2931 ei,
2677 2871 2765 2937 qui
2793 2869 3080 2939 ingreditur
3101 2877 3345 2942 torcular,
3370 2879 3573 2937 calcare
3594 2884 3692 2938 bo-

2121 2959 2264 3005 tros:
2293 2953 2362 3032 itp
2393 2955 2549 3009 etiam
2580 2957 2708 3023 Deo,
2741 2958 2915 3015 facere
2942 2979 3060 3032 qua:
3091 2966 3331 3034 voluerit,
3374 2970 3480 3023 imo
3512 2990 3574 3026 ne
3603 2975 3681 3029 sic

2118 3041 2350 3110 quidem,
2378 3044 2470 3100 sed
2493 3046 2646 3117 longe
2671 3049 2892 3105 facilius.
2927 3053 2976 3106 7.
3010 3053 3245 3112 Tlironus
3273 3067 3404 3124 tuus,
3449 3061 3602 3124 Deus,
3631 3065 3686 3118 in

2115 3135 2357 3188 tusculum
2377 3139 2565 3192 saeculi.
2599 3139 2750 3210 Virga
2771 3143 3072 3210 directionis,
3093 3148 3231 3216 virga
3250 3152 3387 3220 regni
3405 3153 3493 3205 tui.
3517 3155 3567 3208 8.
3596 3155 3687 3208 Di-

2115 3224 2276 3278 lexisti
2303 3228 2574 3296 justitiam,
2615 3242 2662 3284 et
2701 3234 2850 3287 odisti
2875 3235 3206 3304 iniquitatem.
3235 3240 3509 3312 Propterea
3535 3249 3684 3301 unxit

2115 3322 2163 3368 te
2203 3315 2355 3382 Deus,
2403 3317 2542 3373 Deus
2571 3330 2684 3377 tuus
2721 3325 2830 3380 oleo
2856 3327 3060 3393 (miliae,
3091 3348 3195 3399 pra.-
3223 3337 3533 3390 consortibus
3563 3341 3678 3393 tuis.

2113 3403 2281 3470 Alius,
2310 3404 2538 3461 Tlironus
2562 3419 2698 3477 tuus,
2725 3411 2886 3480 Deus,
2911 3426 3146 3483 aeternus,
3173 3432 3218 3474 et
3249 3423 3399 3477 ultra.
3428 3425 3685 3483 "t'bl'd‘lts

2111 3502 2287 3548 autem
2315 3496 2439 3551 dicit
2469 3500 2616 3568 illud,
2650 3501 2804 3568 Deus,
2850 3505 2986 3562 Deus
3016 3519 3150 3578 tuus,
3184 3512 3372 3576 Eleius.
3407 3517 3604 3572 Eloach
3637 3521 3678 3573 ¹.

2112 3585 2244 3652 Quid
2287 3587 2373 3643 hic
2408 3591 2599 3646 dixerit
2643 3594 2890 3651 .lndazus?
2918 3600 2991 3655 De
3019 3617 3246 3672 quonam
3289 3608 3428 3662 enim
3457 3609 3569 3664 hinc
3593 3611 3679 3664 tli-

2109 3679 2332 3732 cuntur?
2361 3679 2495 3746 Quid
2523 3699 2647 3738 vero
2679 3685 2992 3746 haereticus?
3021 3694 3078 3749 Si
3107 3695 3301 3753 dixerit
3329 3702 3468 3754 enim
3487 3703 3592 3757 diei
3612 3705 3682 3759 de

2110 3767 2282 3834 Patre,
2311 3769 2544 3830 T/ironus
2571 3785 2707 3842 tuus,
2751 3779 2902 3846 Deus,
2946 3785 2998 3838 in
3045 3790 3283 3842 sarculum
3323 3793 3680 3862 sa'culiujuo-

2109 3859 2266 3912 tnodo
2293 3861 2339 3913 ei
2366 3866 2664 3931 conveniet,
2681 3869 2820 3938 quod
2841 3872 3091 3943 deinceps
3107 3881 3374 3946 sequitur:
3406 3882 3681 3954 Propterea

2110 3949 2252 4001 una-it
2283 3958 2328 4002 te
2356 3950 2513 4016 Deus,
2543 3954 2681 4009 Deus
2712 3960 2868 4011 tuus?
2886 3961 3067 4030 Neque
3085 3967 3223 4020 enim
3251 3970 3404 4025 Pater
3427 3949 3678 4028 est'Chri-

2109 4045 2240 4101 stus,
2273 4054 2440 4107 neque
2484 4043 2597 4110 ipse
2640 4055 2826 4098 unctus
2865 4057 2962 4104 est.
3011 4051 3162 4108 Unde
3191 4058 3391 4113 clarum
3432 4074 3511 4116 est
3553 4079 3678 4119 enm

2113 4127 2254 4197 loqui
2279 4129 2346 4184 de
2375 4130 2673 4200 Unigenito,
2703 4135 2767 4190 de
2793 4152 2894 4206 quo
2920 4140 3064 4208 prius
3089 4160 3294 4214 quoque
3323 4149 3521 4205 dictum
3556 4164 3676 4216 est;

2109 4216 2174 4272 de
2200 4234 2302 4288 quo
2330 4215 2461 4276 dixit
2489 4224 2643 4280 etiam
2670 4227 2831 4285 lsaias
2863 4247 2877 4284 :
2909 4231 2976 4286 Et
3002 4232 3115 4303 ejus
3138 4237 3284 4308 regni
3307 4253 3411 4294 non
3433 4239 3536 4296 erit
3563 4215 3689 4298 linis

2109 4308 2259 4379 (Isai.
2283 4313 2336 4368 9.
2365 4315 2441 4384 7).

2178 4402 2230 4457 8.
2271 4405 2372 4461 Sed
2396 4407 2525 4462 illud
2553 4410 2824 4478 qua'sierit
2857 4412 3080 4471 fortasse
3105 4420 3387 4490 quispiam,
3416 4439 3512 4479 cur
3537 4441 3676 4482 nunc

2109 4493 2339 4564 loquitur
2357 4497 2424 4554 de
2449 4499 2740 4571 divinitate,
2773 4520 2890 4560 cum
2917 4507 2985 4562 de
3007 4507 3249 4568 humanae
3269 4525 3468 4571 naturze
3494 4533 3676 4574 susce-

2111 4588 2288 4655 ptione
2313 4601 2465 4646 antea
2493 4595 2653 4648 verba
2681 4596 2893 4652 fecerit?
2921 4601 3179 4667 Quoniam
3210 4605 3432 4676 idipsnm
3463 4627 3672 4682 quoque

2104 4674 2228 4732 facit
2252 4679 2546 4738 Matthaeus.
2577 4686 2618 4738 A
2638 4702 2798 4744 carne
2825 4691 2965 4745 enim
2991 4692 3191 4764 incipit,
3210 4707 3263 4752 et
3282 4674 3347 4752 ita
3373 4674 3668 4759 exorditur:

2105 4768 2259 4824 Liber
2281 4777 2613 4844 generationis
2638 4778 2764 4834 Jesu
2791 4779 2978 4838 Christi
3003 4784 3213 4858 (Hatllt.
3234 4791 3285 4848 1.
3313 4793 3388 4864 1).
3420 4795 3674 4854 Similiter

2102 4861 2261 4914 etiam
2291 4863 2460 4918 Lucas
2487 4875 2542 4920 et
2570 4867 2806 4925 Marcus:
2829 4871 3063 4931 Joannes
3105 4889 3280 4936 autem
3319 4861 3465 4943 solus
3491 4888 3666 4944 aliter.

2103 4950 2232 5004 Cum
2277 4956 2418 5008 enim
2462 4959 2608 5026 prius
2650 4961 2869 5019 dixisset
2898 4966 2963 5022 de
2992 4969 3286 5042 divinitate,
3330 4976 3396 5032 In
3424 4980 3672 5049 principio

2103 5050 2209 5094 erat
2242 5042 2473 5112 Verbum,
2502 5060 2550 5102 et
2585 5049 2796 5108 Verbum
2825 5068 2930 5112 erat
2951 5064 3088 5130 apud
3115 5063 3300 5130 Deum,
3329 5076 3378 5122 et
3400 5042 3536 5124 Deus
3565 5042 3674 5123 erat

2115 5127 2327 5184 Verbum
2365 5134 2542 5204 (Joan.
2572 5140 2623 5196 1.
2655 5142 2732 5212 1),
2763 5153 2815 5200 et
2856 5148 2924 5203 de
2960 5127 3020 5205 ea
3053 5127 3664 5224 multum’disseruisset,

2107 5231 2230 5277 tunc
2250 5224 2412 5280 dixit:
2445 5227 2512 5281 Et
2553 5231 2762 5291 Verbum
2787 5253 2906 5293 caro
2933 5243 3121 5310 factum
3148 5253 3236 5306 est,
3269 5252 3315 5297 et
3355 5245 3592 5301 habitavit
3619 5252 3671 5304 in

2105 5312 2267 5366 nobis.
2307 5314 2458 5382 Quod
2499 5318 2546 5374 si
2574 5337 2730 5378 secus
2772 5341 2835 5381 ac
2879 5330 3060 5383 caeteri
3104 5332 3358 5400 evangelii
3389 5335 3672 5406 scriptione

2105 5416 2233 5457 usus
2259 5416 2362 5473 est,
2384 5407 2460 5462 sic
2475 5425 2684 5482 quoque
2709 5430 2951 5485 magnam
2981 5419 3118 5473 inter
3144 5421 3284 5488 ipsos
3304 5425 3532 5482 ostendit
3547 5444 3642 5486 con
3664 5458 3685 5468 -

2107 5493 2427 5549 sensionem.
2453 5499 2516 5554 Et
2543 5503 2832 5571 quomodo,
2862 5506 3088 5574 inquies,
3135 5510 3291 5567 fuerit
3329 5516 3516 5572 rationi
3542 5534 3672 5575 con—

2106 5591 2436 5654 sentaneum,
2459 5600 2516 5644 ut
2544 5591 2612 5646 sit
2635 5594 2687 5646 in
2709 5607 2793 5655 eo,
2819 5596 2959 5664 quod
2983 5607 3060 5651 est
3084 5605 3426 5674 contrarium,
3447 5623 3668 5668 consen-

2173 5695 2188 5725 ι
2217 5699 2325 5744 Duo
2348 5703 2471 5759 κει,
2498 5697 2625 5752 Elea.
2649 5703 2810 5754 Lectio
2830 5705 3059 5760 ttebraiea
3084 5720 3158 5764 est
3174 5693 3345 5794 πῢκ
3377 5701 3569 5779 mn'an.
