4112 6214
423 291 530 346 195

419 407 535 460 sio?
562 406 641 459 An
673 401 867 470 nescis,
895 398 1036 472 quod
1067 396 1352 452 comedere
1382 401 1640 466 repugnat
1676 391 1726 447 ei
1755 389 1896 460 quod
1924 395 2007 442 est

421 511 528 552 non
559 493 862 557 comedere,
893 499 948 546 et
977 489 1161 544 bibere
1189 489 1238 542 ei
1285 487 1424 555 quod
1467 494 1551 540 est
1580 499 1684 537 non
1716 481 1920 545 bibere,
1953 488 2010 535 et

419 587 548 642 dare
571 586 620 642 ei
647 584 786 655 quod
819 591 902 638 est
927 597 1032 636 non
1055 581 1216 635 dare?
1240 579 1393 646 Saepe
1413 584 1590 631 autem
1622 573 1860 628 medicus
1875 586 1998 641 quo-

419 692 524 747 que
564 676 730 731 multa
771 673 899 728 facit
937 670 1224 742 ejusmodi,
1256 684 1361 723 non
1409 682 1588 722 secum
1621 677 1881 735 pugnans,
1912 661 2006 717 sed

419 771 520 825 sibi
545 769 699 823 valde
729 765 1105 823 consentiens:
1137 777 1296 817 unum
1325 759 1468 815 enim
1495 757 1596 812 sibi
1627 757 1784 811 ﬁnem
1815 768 2011 824 propo-

421 863 520 927 nit,
549 861 734 932 aigroti
764 859 1073 914 sanitatem.
1122 854 1236 909 Hoc
1278 854 1448 923 ipsum
1475 850 1634 904 etiam
1671 847 1916 902 usuvenit
1955 846 2007 900 in

419 951 784 1022 evangelistis.
815 949 945 1004 Nam
976 956 1136 1002 testas
1179 959 1392 1015 quoque
1418 951 1500 998 est
1531 941 1691 996 hiemi
1714 937 2004 1001 contraria,

420 1043 488 1098 ad
527 1058 691 1098 unum
725 1053 900 1095 tamen
931 1039 1146 1109 respicit
1191 1037 1372 1098 ﬁnem,
1403 1032 1780 1102 perfectionem
1808 1038 1863 1084 ct
1891 1044 2008 1082 ma-

420 1135 690 1188 turitatem
717 1131 1002 1186 frucmum.
1021 1127 1140 1183 Jam
1169 1141 1295 1180 vero
1319 1125 1594 1178 universus
1615 1135 1827 1192 quoque
1852 1132 2008 1172 mun-‘

421 1223 522 1278 dus
549 1231 758 1278 conetat
777 1237 842 1276 ex
867 1219 1172 1276 contrariis.
1195 1217 1288 1270 sed
1318 1217 1540 1268 multum
1567 1213 1634 1266 ad
1663 1213 1784 1266 vitte
1811 1219 2008 1265 nostra:

417 1330 573 1370 usum
599 1327 917 1368 consensum
941 1309 1194 1365 ostendit.
1218 1308 1516 1375 Quinetiam
1537 1303 1776 1360 Christus
1797 1315 2009 1372 quoque

418 1409 500 1460 via
529 1405 719 1462 Joanni
744 1401 1312 1472 conlrariaingressus
1338 1407 1438 1452 est.
1469 1396 1562 1450 llle
1585 1395 1729 1450 enim
1755 1391 2007 1448 comede-

417 1503 529 1567 bat,
553 1497 636 1551 hic
652 1511 776 1552 vero
797 1509 902 1549 non
922 1491 1253 1548 comedebat.
1281 1489 1427 1544 Venit
1445 1489 1608 1552 enim,
1632 1487 1820 1556 inquit,
1842 1485 2007 1538 Joan-

417 1610 525 1656 nes,
554 1606 714 1663 neque
755 1587 1040 1647 comedens,
1081 1599 1239 1653 neque
1276 1581 1463 1642 bibens,
1498 1590 1546 1633 et
1576 1580 1768 1643 dicunt,
1799 1576 2007 1632 Daemo-

365 1685 371 1690 ’
418 1688 558 1739 nium
585 1686 750 1738 habet.
790 1679 937 1736 Venit
963 1677 1008 1730 F
1011 1678 1128 1730 ilius
1154 1674 1370 1729 hominis
1392 1673 1559 1727 bibens
1578 1682 1622 1725 et
1653 1671 1938 1736 comedens,
1962 1679 2009 1724 et

419 1781 615 1843 dicunt,
645 1775 778 1830 Ecce
799 1776 947 1829 homo
964 1786 1141 1832 vorax,
1163 1779 1207 1821 et
1225 1769 1324 1821 vini
1345 1775 1490 1835 potor
1511 1764 1661 1836 (Luc.
1693 1765 1745 1818 7.
1769 1764 1857 1818 '53.
1892 1763 2003 1833 51).

421 1870 526 1926 Sed
570 1869 670 1924 etsi
715 1875 868 1922 erant
909 1880 1029 1934 qua:
1073 1861 1275 1918 ﬁebant
1315 1857 1603 1922 contraria,
1631 1870 1798 1910 unum
1829 1863 2004 1908 tamen

421 1965 580 2017 ﬁnem
612 1960 988 2030 respiciebant,
1022 1971 1214 2025 nempe
1243 1967 1450 2019 eorum,
1497 1951 1586 2025 qui
1633 1963 1828 2019 sagena
1857 1955 2012 2002 erant

418 2051 683 2121 capiendi,
717 2051 964 2104 salutem.
1012 2046 1087 2102 Ita
1132 2047 1292 2102 etiam
1335 2045 1424 2100 hic
1465 2041 1597 2098 ordo
1635 2039 1930 2098 divinitatis
1956 2046 2011 2092 et

421 2145 670 2198 humana:
709 2150 970 2211 suscepta:
1018 2147 1241 2205 naturae,
1280 2137 1380 2192 etsi
1410 2151 1566 2191 secus
1592 2151 1654 2190 ac
1675 2135 1746 2190 ab
1773 2131 1914 2198 aliis,
1944 2131 2011 2185 ab

364 2293 369 2300 ,
418 2236 625 2290 Joanne
668 2234 1005 2288 introductus
1040 2241 1144 2298 est,
1190 2230 1240 2284 id
1285 2239 1461 2285 tamen
1503 2231 1580 2285 eis
1608 2229 1765 2284 valde
1807 2239 2008 2283 convc-

420 2328 630 2382 nienter
659 2325 854 2380 factum
881 2333 984 2381 est.
1010 2324 1078 2378 Et
1105 2322 1395 2394 quomodo,
1436 2322 1607 2377 dicam
1640 2337 1757 2392 ego.
1791 2321 1922 2389 Quia
1955 2321 2006 2376 in

421 2417 684 2487 principio
713 2415 928 2486 quidem
956 2431 1078 2470 cum
1120 2429 1300 2470 sermo
1329 2413 1562 2468 nondum
1592 2422 1735 2469 esset
1760 2412 2009 2468 dissemi-

421 2520 598 2577 natus,
640 2517 1059 2565 consentanenm
1090 2517 1206 2563 erat
1232 2507 1430 2563 versari
1475 2507 1528 2561 in
1575 2506 1886 2576 explicanda
1914 2505 2012 2561 huc

423 2601 701 2665 manitate,
723 2607 779 2654 et
804 2600 874 2654 de
899 2613 1060 2653 carne
1089 2597 1384 2653 doctrinam
1413 2597 1641 2666 aperire,
1668 2612 1698 2652 a
1725 2595 2008 2652 crassiori-

422 2692 540 2746 bus.
565 2700 620 2746 et
662 2691 945 2745 sensilibus
972 2691 1230 2745 ducentes
1258 2689 1564 2753 exordium;
1597 2688 1691 2744 sed
1733 2701 2009 2760 postquam

424 2781 723 2837 introducta
752 2783 921 2836 fuerat
948 2782 1191 2848 scientia,
1219 2791 1270 2836 et
1293 2782 1729 2852 praedicationem
1755 2781 1861 2849 jam
1894 2797 2012 2837 sus-

423 2881 696 2942 ceperant,
728 2882 842 2928 erat
872 2873 1126 2943 deinceps
1167 2882 1374 2942 tempus
1399 2882 1754 2944 opportunum
1781 2889 1808 2926 a
1844 2874 2011 2929 subli-

423 2963 681 3019 mioribus
707 2964 985 3020 inchoandi
1017 2966 1092 3033 (l.
1137 2963 1256 3020 Cor.
1300 2965 1353 3020 5.
1387 2966 1460 3035 l).
1493 2963 1851 3030 Quamobrem
1884 2981 2010 3035 pro-

423 3055 600 3126 pheta:
626 3071 837 3125 quoque
863 3056 906 3108 si
939 3056 1150 3125 quando
1177 3056 1241 3110 de
1266 3071 1331 3110 eo
1359 3056 1645 3121 disserunt,
1668 3055 1736 3110 ab
1766 3057 2010 3110 humana:

424 3154 630 3200 natura:
673 3146 1016 3215 susceptione
1047 3146 1322 3213 incipiunt,
1373 3155 1427 3200 et
1467 3146 1742 3200 exordium
1790 3145 2010 3205 ducunt.

424 3236 560 3292 Vide
586 3239 763 3306 itaque
788 3237 1056 3308 quomodo
1081 3237 1330 3291 Michmas
1355 3238 1422 3292 ab
1452 3237 1634 3291 inﬁmo
1669 3238 1878 3292 orditur
1901 3256 1913 3292 :
1944 3237 2011 3292 Et

425 3336 502 3392 tu,
532 3326 802 3393 Bethleem,
830 3338 964 3381 terra
979 3324 1016 3380 J
1019 3326 1140 3391 uda,
1166 3343 1478 3398 nequaquam
1503 3342 1554 3381 es
1575 3327 1779 3381 minima
1799 3327 1850 3380 in
1873 3329 2015 3398 prin-

425 3421 619 3491 cipibus
646 3420 820 3474 Judw.
865 3418 951 3474 Ea:
997 3430 1044 3474 te
1089 3421 1222 3473 enim
1265 3420 1390 3472 mihi
1432 3419 1713 3490 egredietur
1758 3419 1882 3485 dux,
1929 3420 2015 3489 qui

426 3519 595 3580 pascet
623 3510 868 3580 populum
893 3526 1058 3563 meum
1095 3507 1263 3563 Israel
1290 3508 1473 3577 (Mich.
1515 3509 1569 3562 5.
1614 3509 1689 3578 2).
1719 3509 1878 3578 Atqui
1909 3527 2012 3564 non

425 3611 542 3656 erat
571 3601 822 3656 divinitas
851 3619 914 3656 ex
959 3602 1253 3668 Bethleem,
1295 3602 1387 3655 sed
1417 3617 1565 3656 caro.
1606 3601 1711 3656 Sed
1752 3617 1856 3656 non
1890 3618 2010 3670 per-

425 3693 619 3749 mansit
638 3693 690 3747 in
709 3693 809 3748 hoc
827 3694 961 3759 solo,
987 3695 1081 3748 sed
1106 3693 1172 3747 ad
1203 3693 1536 3748 dvinitatem
1563 3694 1722 3748 etiam
1754 3694 2012 3761 ascendit,

427 3785 612 3840 dicens
633 3803 645 3839 :
667 3784 735 3839 Et
751 3802 979 3856 egressus
1003 3787 1112 3856 ejus
1136 3786 1199 3838 ab
1216 3785 1358 3838 initio
1385 3800 1449 3839 ea:
1468 3785 1642 3839 diebus
1664 3786 1840 3840 saeculi
1857 3784 2012 3858 (1b.).

427 3875 497 3930 Et
527 3890 709 3932 rursus
740 3875 934 3930 Isaias:
967 3876 1094 3930 Ecce
1122 3877 1260 3948 virgo
1289 3877 1341 3930 in
1371 3886 1510 3931 utero
1537 3877 1803 3947 concipiet,
1834 3887 1878 3931 et
1922 3895 2014 3948 pa-

426 3968 522 4020 riet
549 3968 732 4036 ﬁlium,
763 3976 810 4022 et
840 3967 1084 4021 vocabunt
1103 3985 1284 4022 nomen
1312 3969 1420 4033 ejus
1449 3967 1771 4034 Emmanuel,
1795 3969 1930 4039 quod
1945 3977 2016 4023 est

427 4062 829 4130 interpretatum,
882 4059 1162 4114 Nobiscum
1212 4059 1349 4114 Deus
1391 4057 1545 4129 (Isai.
1592 4061 1645 4114 7.
1694 4059 1808 4130 M).
1857 4059 2016 4115 Vides

428 4151 695 4222 quomodo
725 4152 772 4205 is
793 4166 1004 4222 quoque
1039 4166 1070 4205 a
1109 4166 1272 4207 carne
1311 4151 1549 4207 ascendit
1575 4151 1642 4206 ad
1683 4151 2014 4206 divinitatem

433 4243 643 4315 (Matth.
675 4248 726 4298 1.
767 4245 900 4315 2'5)?
940 4244 1005 4299 Et
1039 4260 1223 4298 rursus
1251 4243 1378 4298 alibi
1403 4244 1682 4298 considera
1711 4244 1814 4299 hoc
1843 4245 2013 4314 ipsum

428 4335 497 4389 ah
523 4352 589 4390 eo
614 4333 776 4390 fuisse
798 4335 993 4390 factum
1014 4351 1028 4388 :
1052 4335 1178 4389 dicit
1206 4335 1348 4390 enim
1369 4349 1385 4387 :
1420 4332 1632 4388 Puellus
1657 4345 1804 4390 natus
1827 4345 1899 4389 est
1925 4352 2020 4389 no-

429 4427 504 4480 bis
535 4427 698 4494 ﬁlius,
729 4436 776 4481 et
803 4425 955 4480 datus
980 4434 1052 4479 est
1069 4425 1231 4490 nobis,
1253 4433 1298 4478 et
1318 4434 1528 4478 uocatur
1553 4440 1733 4478 nomen
1753 4427 1885 4494 ejus,
1915 4441 2017 4478 ma-

430 4519 516 4587 gni
531 4518 728 4573 consilii
744 4516 975 4588 angelus,
1001 4515 1315 4569 admirabilis
1330 4513 1672 4579 consiliarius,
1697 4514 1830 4569 Deus
1847 4515 2011 4586 fortis,

434 4620 630 4679 potens,
662 4610 898 4678 princeps
927 4609 1086 4676 pacis,
1120 4615 1262 4677 pater
1283 4607 1442 4677 futuri
1471 4607 1643 4660 seaculi
1665 4605 1817 4675 (lsai.
1847 4607 1901 4660 9.
1932 4607 2012 4676 6).

434 4698 596 4754 Vides
618 4697 886 4768 quomodo
903 4711 1086 4752 rursus
1107 4713 1137 4751 a
1164 4712 1328 4766 puero
1351 4697 1633 4767 carnisque
1655 4697 2010 4767 susceptione,

433 4791 591 4846 veluti
615 4805 711 4858 per
732 4789 992 4860 quosdam
1015 4788 1210 4859 gradus
1239 4789 1557 4855 ascendens,
1582 4790 1720 4843 sistit
1742 4791 1792 4844 in
1825 4790 2017 4844 divini-

432 4884 598 4939 tate‘.
633 4882 707 4938 Ita
750 4883 910 4937 etiam
951 4882 1112 4936 Pater
1149 4882 1263 4952 ejus
1301 4882 1543 4952 cognitus
1571 4893 1654 4939 est
1693 4884 1918 4953 primum
1949 4900 2012 4938 ex

432 4961 712 5031 creaturis.
746 4971 1028 5027 Invisibilia
1055 4975 1196 5028 enim
1221 4975 1348 5044 ejus,
1377 4973 1547 5044 inquit
1576 4975 1788 5041 Paulus,
1811 4992 1844 5029 a
1871 4992 2016 5029 creao

430 5070 565 5121 tione
595 5065 772 5120 mundi
801 5063 1034 5136 aperibus
1066 5063 1319 5118 intellecta
1346 5065 1723 5136 conspiciuntur
1752 5065 1925 5136 (liam.
1962 5067 2012 5120 l.

428 5159 546 5230 20).
599 5158 665 5213 Et
703 5159 823 5212 ideo
858 5157 972 5226 ipse
1015 5170 1224 5226 quoque
1267 5157 1498 5225 seipsum
1529 5171 1672 5226 saepe
1717 5156 1921 5226 efﬁngit
1960 5158 2012 5212 in

431 5250 610 5320 specie
629 5247 886 5314 sensibili,
909 5246 1160 5320 paulatim
1191 5247 1425 5303 evehens
1447 5247 1734 5303 humanum
1757 5263 1922 5318 genus
1943 5248 2010 5303 ad

433 5339 780 5408 cogitationes
811 5339 1170 5408 incorporeas.
1204 5337 1269 5392 Et
1291 5337 1417 5408 quid
1460 5337 1690 5404 miraris,
1733 5339 1776 5393 si
1821 5339 1874 5393 in
1915 5338 2013 5393 do-

431 5430 695 5501 gmatibus
724 5429 825 5485 hoc
850 5429 1073 5485 consilio
1097 5439 1152 5485 et
1179 5429 1276 5485 hac
1300 5430 1598 5484 mconomia
1626 5444 1751 5484 usus
1780 5429 1869 5498 sit,
1887 5443 2010 5486 cum

495 5585 513 5615 ί
550 5590 695 5640 Unus,
719 5583 982 5646 ascendens
1003 5595 1090 5646 per
1122 5581 1306 5646 gradus
1351 5581 1476 5633 colat
1515 5581 1648 5633 circa
1671 5583 1965 5646 divinitatem
1992 5599 2010 5636 :

434 5657 542 5702 qum
564 5655 702 5712 certe
717 5642 872 5712 lectio
895 5641 1013 5694 non‘
1033 5641 1324 5712 spei‘ncnda,
1347 5652 1398 5695 et
1423 5647 1636 5696 fortassis
1678 5641 1807 5697 illam
1824 5648 2008 5712 ample-

432 5716 613 5767 ctct‘er,
641 5705 728 5754 nisi
755 5717 902 5754 unum
924 5705 1174 5769 exemplar
1197 5716 1327 5757 esset
1353 5718 1518 5759 contra
1541 5721 1716 5758 omnia.

1206 281 1263 337 S.
1303 275 1582 336 JOANNIS
1615 269 2090 332 CﬂllYSOSTOMI
2131 268 2448 326 ARClllEP.
2490 261 3026 325 CONS'I‘ANTINOI’.

3595 268 3697 330 196

2118 389 2171 442 in
2200 386 2481 456 praeceptis
2505 396 2557 441 ct
2590 385 2853 440 mandatis
2881 386 2983 442 hoc
3009 387 3180 456 ipsum
3209 385 3400 442 faciat?
3440 386 3698 455 Quocirca

2115 478 2375 550 propheta
2397 493 2607 548 quoque
2641 479 2718 532 sic
2746 479 2850 534 hoc
2879 479 2931 532 in
2959 479 3077 534 loco
3105 481 3344 535 oratione
3381 493 3508 534 usus
3535 489 3638 546 est,
3663 497 3694 534 a

2115 587 2277 628 carne
2299 573 2366 627 ad
2393 573 2724 628 divinitatem
2745 572 3040 630 ascendens
3062 573 3223 647 (labia
3257 574 3400 629 cnim
3425 581 3554 628 sunt
3575 589 3700 630 cars

2116 665 2246 735 nis),
2275 674 2330 720 et
2363 681 2392 719 a
2419 665 2695 720 divinitate
2721 681 2910 720 rursus
2934 665 2998 720 ad
3023 681 3235 721 carnem
3265 665 3614 732 descendens,
3643 675 3702 722 et

2116 757 2372 811 varietate
2393 758 2649 812 orationis
2665 767 2819 812 utens
2837 757 2902 812 ad
2923 758 3146 812 salutem
3168 757 3696 813 catechumenorum.

2119 847 2354 900 Thronus
2380 857 2514 911 tuus,
2546 846 2708 912 Deus,
2735 849 2786 902 in
2810 849 3050 902 saxulum
3078 848 3272 905 seaculi.
3307 847 3579 903 Thronum
3615 851 3705 904 hic

2115 954 2222 992 non
2255 938 2412 992 modo
2436 942 2706 1003 thronum,
2737 940 2828 995 sed
2855 956 3073 1011 regnum
3103 940 3250 994 dicit.
3283 941 3378 994 Hic
3399 956 3526 1011 ergo
3551 941 3701 996 illum

2114 1027 2547 1096 dicitaeternnm,
2575 1030 2698 1084 alibi
2725 1041 2901 1086 autem
2943 1031 3099 1084 etiam
3130 1031 3294 1084 altum
3318 1048 3348 1082 τι
3373 1029 3490 1084 Vidi
3530 1030 3698 1097 enim,

2116 1120 2306 1190 inquit,
2352 1120 2624 1174 Dominum
2672 1124 2921 1176 sedentem
2968 1139 3120 1190 super
3167 1122 3404 1175 thronum
3446 1123 3700 1176 excelsum

2117 1210 2269 1279 (lsai.
2298 1211 2349 1266 6.
2381 1209 2456 1282 1).
2483 1211 2553 1266 Et
2596 1228 2798 1276 rursus,
2835 1213 3084 1278 Quoniam
3109 1214 3244 1267 altus
3273 1214 3482 1267 thronus
3525 1224 3637 1268 lttus
3656 1218 3696 1270 ί.

2115 1302 2266 1355 Alius
2311 1317 2522 1373 quoque
2575 1303 2831 1373 prepheta
2882 1304 3013 1358 vidit
3055 1319 3174 1358 eum
3219 1304 3491 1359 sedentem
3539 1319 3690 1376 super

2116 1395 2366 1450 thronum
2419 1395 2602 1465 glorize
2633 1395 2794 1466 (Dan.
2819 1397 2872 1450 7-.
2901 1383 2970 1468 9)
2999 1416 3013 1448 :
3041 1396 3205 1450 David
3251 1407 3426 1451 autem
3465 1397 3699 1452 ostendit

2115 1485 2276 1540 etiam
2317 1485 2563 1541 thronum
2615 1488 2986 1542 humanitatis:
3016 1487 3366 1542 Misericordia
3415 1488 3578 1554 enim,
3613 1489 3696 1542 in-

2115 1581 2250 1651 quit,
2301 1591 2348 1635 et
2380 1582 2636 1653 judicium
2675 1583 2914 1637 correctio
2951 1582 3118 1636 throni
3141 1584 3250 1653 ejus
3289 1581 3458 1653 (Psal.
3493 1583 3582 1638 96.
3614 1583 3693 1652 ἰ).

2188 1671 2242 1726 9.
2277 1671 2402 1727 limo
2427 1673 2603 1727 omnia
2639 1674 2704 1728 de
2733 1674 2848 1744 ejus
2874 1689 3038 1744 regno
3068 1674 3204 1730 diota
3237 1683 3386 1739 sunt,
3417 1674 3559 1745 quod
3587 1675 3696 1730 sei.

2117 1765 2240 1820 licet
2272 1763 2376 1821 ﬁne
2405 1774 2587 1820 careat
2608 1765 2734 1836 (hoc
2757 1767 2898 1821 enim
2926 1776 3027 1831 est,
3058 1763 3126 1820 In
3169 1765 3410 1821 saxulum
3436 1768 3649 1837 saeculi)
3678 1800 3693 1833 ,

2115 1857 2257 1928 quod
2291 1857 2362 1912 sit
2386 1857 2673 1928 gloriosum
2696 1899 2711 1924 ,
2744 1858 2884 1928 quod
2912 1857 3204 1924 excelsum,
3245 1859 3385 1928 quod
3434 1868 3622 1928 potens
3646 1869 3698 1914 et

2116 1951 2369 2006 validum.
2406 1951 2610 2006 Rursus
2639 1951 2780 2022 quod
2823 1951 2892 2006 sit
2937 1967 3128 2019 expers
3163 1951 3442 2021 principii,
3488 1951 3699 2023 quando

2119 2042 2269 2110 dicit,
2286 2041 2514 2114 Regnum
2550 2053 2711 2109 tuum,
2733 2060 2942 2114 regnum
2965 2043 3190 2098 omnium
3213 2045 3512 2102 steculorttm
3526 2044 3695 2117 (Psal.

2120 2137 2384 2206 144.13).
2433 2136 2888 2204 Quemadmodum
2937 2145 3113 2191 autem
3157 2137 3377 2190 thronus
3425 2145 3506 2192 est
3554 2139 3698 2208 regni

2117 2221 2350 2298 signum,
2383 2228 2452 2282 ita
2481 2229 2640 2283 etiam
2673 2228 2838 2298 virga,
2867 2237 2922 2283 et
2975 2228 3142 2297 regni,
3191 2236 3245 2282 et
3291 2227 3698 2297 jurisdictionis.

2116 2319 2182 2377 Ει
2212 2319 2332 2374 ideo
2355 2318 2484 2374 dicit
2509 2337 2522 2372 :
2565 2317 2721 2389 Virga
2764 2319 3074 2386 directionis,
3105 2319 3246 2390 virga
3277 2319 3416 2386 regni
3440 2319 3535 2372 tui.
3575 2319 3699 2373 Cla-

2116 2429 2233 2467 rum
2286 2411 2431 2469 enim
2482 2409 2590 2465 illic
2636 2419 2718 2465 cst
2760 2411 2898 2480 quod
2945 2410 3145 2479 justum
3193 2421 3308 2476 est,
3366 2411 3566 2466 clarum
3619 2421 3702 2466 est
3765 2479 3768 2482 ἢ

2116 2507 2257 2578 quod
2282 2516 2366 2563 est
2409 2516 2635 2572 rectum,
2688 2505 2818 2560 nihil
2876 2505 2984 2560 illic
3030 2505 3419 2560 adumbratam.
3466 2506 3701 2563 Audiant

2115 2603 2203 2673 qui
2243 2603 2532 2670 insaniunt,
2559 2611 2615 2658 et
2649 2609 2826 2658 mente
2853 2599 3029 2672 capti;
3063 2599 3170 2652 imo
3211 2615 3338 2655 vero
3364 2601 3450 2672 qui
3478 2609 3601 2656 sunt
3624 2602 3701 2656 eis

2115 2695 2433 2750 deteriores.
2469 2694 2694 2762 Quinam
2713 2705 2888 2750 autem
2911 2703 3036 2750 sunt
3063 2694 3117 2748 hi
3137 2693 3159 2746 ?
3181 2693 3281 2762 Qui
3307 2693 3538 2748 divinam
3574 2709 3696 2764 pro-

2115 2786 2406 2840 videntiam
2450 2785 2866 2856 reprehendunt,
2897 2796 2952 2842 et
2975 2786 3162 2842 dicunt
3195 2805 3208 2842 :
3237 2788 3344 2842 Cur
3367 2787 3468 2844 hoc
3493 2801 3544 2844 et
3575 2786 3698 2844 illud

2115 2879 2193 2932 sic
2215 2879 2409 2933 factum
2440 2888 2522 2934 est
2541 2879 2564 2932 ‘.’
2584 2879 2864 2945 Quomodo
2885 2879 3024 2934 enim
3051 2895 3156 2933 non
3186 2879 3496 2945 absurdum,
3527 2890 3585 2936 ut
3608 2883 3699 2952 qui

2118 2968 2268 3024 fahro
2291 2971 2505 3040 quidem
2532 2971 2752 3037 assidet,
2793 2980 2847 3025 ει
2883 2971 3021 3040 ligna
3055 2971 3387 3042 frangentem
3431 2983 3485 3029 et
3509 2989 3699 3031 secan-

2119 3071 2224 3118 tem
2267 3064 2677 3132 contemplatur,
2715 3063 2782 3116 ab
2821 3079 2888 3118 eo
2933 3064 3192 3118 rationem
3253 3081 3360 3121 non
3416 3065 3696 3136 exigat;ct

2117 3155 2241 3210 dum
2274 3155 2514 3210 medicus
2542 3155 2736 3212 scindit
2760 3166 2812 3211 ct
2837 3157 2941 3210 urit
2980 3171 3196 3211 carnem
3226 3199 3242 3222 ,
3284 3167 3338 3212 et
3379 3159 3430 3213 in
3469 3160 3694 3215 domum

2118 3248 2238 3301 cnla
2263 3254 2517 3316 aegrotum
2562 3247 2802 3314 includit,
2848 3258 2901 3301 et
2945 3248 3080 3302 fame
3104 3249 3390 3315 excruciat,
3426 3267 3524 3307 nec
3567 3239 3703 3307 ullus

2117 3338 2462 3404 adstantium,
2504 3353 2602 3394 nec
2649 3340 2766 3408 ipse
2805 3341 2893 3410 qui
2942 3339 3170 3408 laborat,
3217 3342 3283 3398 de
3335 3344 3398 3398 iis
3424 3359 3542 3414 qua:
3573 3347 3704 3402 ﬁant

2117 3431 2328 3486 curiose
2365 3431 2676 3501 investigat;
2722 3441 2776 3486 et
2804 3432 2928 3486 dum
2955 3434 3279 3504 gubernator
3303 3437 3469 3490 tendit
3496 3437 3698 3505 funem,

2122 3521 2402 3590 velumque
2429 3531 2484 3576 et
2525 3523 2754 3578 intendit
2796 3533 2851 3579 et
2881 3539 3066 3579 rursus
3095 3527 3343 3590 remittit,
3371 3536 3424 3580 et
3449 3528 3595 3580 navis
3624 3527 3703 3582 la-

2121 3620 2232 3667 tera
2264 3614 2503 3681 inundat,
2545 3629 2703 3669 nemo
2751 3617 2817 3669 sit
2847 3616 3109 3680 curiosus,
3167 3631 3262 3671 nec
3293 3617 3341 3669 in
3373 3632 3690 3687 unoquoque

2121 3705 2310 3760 horum
2345 3703 2594 3774 opiﬁcum
2624 3706 2856 3775 inquii-at
2883 3717 2937 3760 et
2965 3708 3286 3774 sciscitetnr,
3317 3706 3411 3762 sed
3451 3715 3622 3762 taceat
3647 3715 3702 3763 ct

2121 3797 2373 3867 quiescat,
2407 3798 2649 3868 quamvis
2681 3799 2711 3852 ii
2739 3799 2792 3852 in
2823 3807 2937 3853 arte
2967 3815 3110 3870 strpe
3133 3813 3351 3870 peccent
3378 3817 3392 3853 :
3426 3799 3491 3855 de
3517 3800 3700 3854 inclia-

2123 3887 2212 3942 hili
2257 3897 2434 3943 autem
2485 3887 2766 3958 sapientia,
2796 3887 2864 3943 de
2914 3889 3255 3945 inenarrabili
3291 3892 3590 3958 clementia,
3637 3890 3704 3945 de

2122 3979 2327 4034 infinita
2345 3980 2670 4051 providentia
2685 3981 2896 4036 curiose
2917 3981 3182 4052 quispiam
3203 3981 3420 4052 indaget
3442 3983 3466 4036 ?
3485 3982 3707 4050 Quantae

2125 4075 2238 4129 hare
2289 4089 2394 4128 non
2426 4082 2550 4129 sunt
2593 4073 2852 4128 insaniae?
2895 4073 2962 4128 Et
2982 4088 3135 4142 opem
3176 4073 3390 4143 quidem
3429 4073 3593 4140 ferre,
3626 4072 3706 4128 vel

2125 4166 2376 4236 pecunias
2403 4180 2629 4236 erogare
2659 4181 2754 4236 pro
2794 4165 2877 4229 iis,
2903 4165 3094 4233 quibus
3117 4163 3175 4217 ﬁt
3216 4165 3429 4232 injuria,
3476 4165 3558 4219 vel
3612 4180 3708 4235 pro

2123 4258 2462 4330 pauperibus,
2513 4273 2618 4312 non
2649 4256 2803 4312 facile
2829 4255 3173 4310 inveniuntur
3227 4256 3316 4324 qui
3357 4256 3558 4322 velint;
3587 4255 3716 4327 per?

2123 4359 2281 4418 petuo
2307 4360 2481 4404 autem
2506 4348 2804 4420 inquirunt,
2830 4363 2926 4403 cur
2947 4347 3034 4402 hic
3056 4363 3256 4418 pauper
3279 4390 3294 4413 ,
3323 4363 3417 4402 cur
3439 4348 3527 4403 ille
3556 4364 3707 4404 men-

2121 4440 2294 4505 dicus,
2325 4451 2376 4495 et
2396 4457 2490 4495 cur
2513 4441 2648 4496 alter
2675 4441 2744 4496 sit
2763 4439 2936 4494 dives.
2969 4438 3134 4495 Serve
3161 4455 3388 4509 nequam
3413 4449 3465 4494 et
3486 4440 3704 4504 stolide,

2123 4545 2218 4586 cur
2265 4546 2371 4585 non
2421 4532 2604 4587 oculos
2653 4531 2930 4599 demittis,
2963 4546 3063 4586 nec
3094 4531 3318 4600 teipsum
3357 4529 3703 4596 condemnas,

2123 4637 2222 4676 nec
2250 4619 2400 4676 freno
2429 4621 2620 4692 linguae
2657 4623 2850 4692 injecto
2880 4631 3112 4676 mentem
3143 4630 3283 4676 tuam
3312 4605 3577 4691 reprimis,
3610 4636 3708 4676 nec

2123 4719 2343 4770 mittens
2392 4714 2459 4769 de
2525 4716 2682 4769 tantis
2731 4715 2903 4770 rebus'
2938 4713 3146 4770 curiose
3209 4713 3478 4784 inquirere
3506 4755 3520 4777 .
3570 4712 3708 4767 hanc

2121 4814 2332 4868 anxiam
2367 4812 2758 4884 indagationem
2805 4813 2856 4865 in
2906 4819 3049 4866 tuam
3077 4812 3234 4866 vitam
3262 4809 3571 4864 convertis?
3600 4807 3706 4862 Re-

2121 4907 2267 4976 spice
2292 4923 2352 4961 ea
2379 4923 2496 4977 qua:
2524 4906 2716 4972 fecisti,
2762 4905 2968 4976 respice
2988 4920 3136 4958 mare
3164 4912 3501 4974 peccatorum
3535 4920 3548 4956 :
3579 4911 3634 4955 et
3661 4901 3705 4956 si

2121 5013 2182 5053 cs
2207 5000 2449 5054 curiosus
2475 5009 2528 5054 et
2555 4999 2746 5054 anxius
2799 4997 3101 5068 inquisitor,
3133 4997 3286 5063 exige
3325 5012 3354 5049 a
3391 4997 3560 5065 teipso
3586 5011 3704 5050 vcr-

2122 5090 2312 5145 borutn
2341 5107 2458 5162 qua:
2487 5090 2625 5145 male
2667 5089 2870 5154 dixisti,
2898 5098 2946 5144 et
2975 5104 3153 5143 rerum
3179 5102 3313 5158 quas
3345 5087 3483 5142 tnale
3511 5085 3703 5151 fecisti,

2122 5181 2417 5237 rationem:
2443 5197 2582 5237 nunc
2607 5189 2783 5238 autem
2804 5182 2876 5235 tui
2907 5180 3121 5251 quidem
3152 5183 3315 5250 ipsius
3349 5180 3706 5249 prmtcrmisso

2121 5273 2402 5340 examine,
2441 5274 2565 5329 licet
2607 5275 2720 5330 hanc
2749 5273 2962 5343 quidem
3006 5272 3248 5328 socordia
3286 5271 3602 5340 supplicium
3632 5270 3706 5322 af-

2128 5365 2298 5430 ferat,
2331 5365 2542 5420 curiosa
2569 5375 2745 5420 autem
2777 5363 3046 5434 indagatio
3073 5364 3320 5427 salutem,
3350 5363 3506 5417 sedes
3540 5361 3704 5416 Deum

2184 5524 2202 5554 ί
2239 5524 2322 5572 Hic
2366 5524 2550 5586 variant
2584 5529 2692 5574 Mss.
2741 5531 2867 5572 unus
2909 5531 3024 5586 Reg.
3073 5522 3158 5586 sle
3190 5522 3366 5577 habet,
3401 5519 3529 5586 altus
3572 5521 3706 5586 three

2117 5597 2239 5646 nus;
2264 5590 2317 5635 et
2338 5583 2454 5647 alibi
2474 5599 2658 5642 rursus.
2684 5587 2932 5637 sedentem
2952 5582 3098 5647 super
3120 5583 3344 5647 tltronum
3364 5582 3565 5647 gloria;
3591 5583 3705 5633 alibi

2119 5656 2311 5706 autem,
2350 5646 2692 5710 Misericordia:
2726 5648 2952 5710 plenum;
2983 5645 3382 5710 (Misericordia
3399 5646 3552 5706 enim,
3577 5662 3598 5690 ι
3629 5657 3704 5695 tn-

2123 5713 2245 5775 quit,
2265 5727 2287 5756 «ι
2307 5717 2353 5760 et
2373 5709 2617 5772 judicium
2641 5708 2873 5762 correctio
2895 5710 3051 5760 throni
3073 5708 3195 5772 ejus.
3224 5725 3246 5753 ι
