4112 6214
369 306 467 364 107

374 420 427 471 in
447 415 535 486 jus
563 428 776 476 vocans,
814 413 916 468 tuis
943 411 1173 483 peccatis
1201 411 1302 465 alia
1331 409 1602 476 adjiciens.
1633 405 1746 460 Non
1776 401 1927 457 audis

366 509 674 578 prophetam
709 507 759 562 ei
785 507 1083 561 dicentem:
1125 504 1274 574 Virga
1297 500 1599 560 directionis,
1626 499 1764 566 virga
1791 496 1932 564 regni

366 603 437 652 mi
454 602 478 654 ?
498 599 565 654 Et
595 613 777 652 rursus
805 598 940 651 alios
965 613 978 648 :
1007 595 1263 648 Iudicium
1285 595 1414 662 ejus,
1446 591 1632 660 inquit,
1667 601 1924 657 tamquam

363 695 452 745 tua:
480 691 629 746 exibit
663 688 815 758 (Osee
865 689 917 743 6.
945 685 1039 752 5).
1065 687 1212 754 Quod
1243 687 1284 739 si
1317 700 1420 738 non
1454 683 1587 736 nosti
1614 681 1788 734 omnia
1813 693 1931 748 quae

365 792 486 834 sunt
512 782 584 832 toi
613 777 843 842 Domini,
875 789 1156 848 propterea
1173 791 1294 832 eum
1311 773 1481 848 gloria
1499 769 1668 838 allice,
1683 778 1934 841 propterq

363 885 428 924 ea
455 885 579 926 eum
625 868 854 922 maxime
882 869 1066 928 adora,
1093 872 1309 934 pr0pter
1335 859 1654 916 ineﬂ'abilem
1679 857 1792 926 ejus
1821 870 1937 912 ma-

365 963 635 1024 jestatem,
670 963 884 1030 propter
909 951 1488 1022 incomprehensibilem
1512 949 1628 1018 ejus
1654 945 1938 1017 providen-

369 1054 514 1114 tiam,
547 1060 762 1120 propter
786 1047 984 1102 variam
1011 1061 1075 1102 ac
1097 1045 1392 1114 sapientem
1438 1042 1555 1112 ejus
1583 1041 1934 1095 curationem.

372 1139 604 1194 Dilexisti
611 1138 876 1209 justitiam,
900 1147 947 1191 et
968 1137 1116 1190 odisti
1137 1135 1468 1204 iniquitatem.
1497 1132 1782 1198 Postquam
1800 1127 1941 1180 enim

370 1229 615 1297 superius
643 1228 773 1282 dixit
791 1226 1039 1296 praeclara
1079 1225 1196 1294 ejus
1226 1224 1386 1288 iacui,
1414 1221 1683 1279 victorias,
1717 1227 1934 1284 tropa-a,

371 1321 592 1373 salutem
620 1319 764 1372 orbis
786 1328 1068 1380 terrarum,
1114 1315 1256 1384 quod
1285 1329 1405 1368 eam
1449 1313 1671 1366 veritate
1701 1311 1940 1378 replevit,

371 1409 512 1478 quod
542 1407 962 1472 mansuetudine,
995 1406 1135 1476 quod
1178 1405 1404 1474 justitia,
1453 1403 1740 1464 ostendens
1787 1401 1944 1453 tuiSse

376 1498 564 1552 rationi
605 1507 1017 1552 consentaneum
1049 1506 1106 1548 ut
1135 1495 1248 1548 haec
1279 1493 1489 1560 ﬁerent,
1513 1493 1753 1560 loquitur
1788 1489 1942 1544 dein-

373 1602 500 1656 ccps
517 1586 584 1641 de
609 1587 863 1656 dignitate
891 1585 1008 1654 ejus
1048 1585 1137 1652 qui
1166 1584 1251 1638 illa
1305 1583 1449 1646 fecit,
1491 1589 1786 1648 monstrans
1820 1595 1942 1634 eum

376 1677 536 1732 fuisse
567 1678 757 1742 Deum,
784 1692 984 1746 regem,
1017 1675 1121 1730 line
1150 1685 1443 1740 carentem,
1470 1673 1829 1741 incorruptum
1851 1673 1938 1740 jn-

373 1771 568 1832 dicem,
616 1769 883 1836 justortun
929 1777 1255 1830 amatorem,
1285 1766 1438 1820 malis
1467 1766 1748 1820 infensum.
1794 1766 1940 1831 Quo-

372 1863 534 1925 niam,
567 1859 753 1928 inquit,
783 1868 863 1913 est
881 1858 1165 1926 ejusmodi,
1193 1868 1468 1929 propterea
1493 1857 1612 1910 talia
1635 1857 1703 1912 ab
1719 1871 1784 1910 eo
1809 1857 1943 1910 facta

369 1959 515 2004 sunt.
555 1949 722 2004 Nemo
763 1964 892 2018 ergo
917 1950 981 2003 de
1013 1950 1094 2003 his
1119 1950 1342 2012 dubitet.
1374 1948 1474 2015 Qui
1521 1949 1661 2002 enim
1690 1962 1754 2002 ea
1799 1948 1942 2011 fecit,

368 2058 430 2094 ca
464 2043 585 2098 fecit
609 2058 729 2098 cum
767 2051 820 2096 et
848 2050 1032 2110 posset
1069 2049 1126 2094 et
1163 2041 1342 2095 vellet.
1394 2041 1672 2110 Postquam
1722 2038 1788 2092 de
1816 2039 1948 2092 divi-

371 2136 536 2188 nitate
569 2133 874 2187 subliniiora
921 2131 1072 2200 dixit,
1115 2132 1401 2186 revertitur
1431 2129 1497 2184 ad
1536 2129 1856 2198 loquendum
1881 2128 1948 2181 de

371 2240 550 2286 carne,
580 2234 638 2278 et
683 2225 758 2277 ait
801 2241 814 2277 :
847 2221 1124 2290 Propterea
1174 2222 1323 2285 unxit
1352 2229 1399 2274 te
1428 2219 1581 2288 Deus,
1634 2219 1772 2274 Deus
1809 2231 1946 2278 tuus.

375 2317 524 2368 Alius
550 2315 676 2370 dicit
707 2330 722 2368 :
763 2313 976 2385 Propter
1001 2313 1094 2365 hoc
1135 2314 1281 2365 unxit
1309 2321 1373 2365 te.
1403 2311 1478 2365 Eo
1507 2310 1642 2380 quod
1667 2312 1716 2363 in
1739 2311 1802 2364 iis
1831 2325 1950 2380 qua:

374 2405 517 2458 dicta
545 2414 686 2466 sunt,
713 2414 766 2458 te
787 2413 929 2459 recte
960 2403 1209 2474 gesseris,
1238 2402 1563 2470 iniquitatem
1592 2401 1834 2471 ejeceris,
1864 2401 1952 2470 ju-

381 2492 579 2548 stitiam
617 2493 932 2560 plantaveris
956 2533 970 2556 ,
999 2501 1050 2545 et
1078 2509 1194 2560 qua:
1238 2492 1403 2560 fecisti
1429 2491 1640 2546 feceris.
1666 2491 1746 2569 TI‘u
1775 2503 1952 2548 autem

386 2597 456 2638 ne
497 2583 829 2638 conturberis
867 2583 993 2637 dum
1028 2583 1177 2636 audis
1232 2582 1344 2636 hteo
1390 2583 1531 2636 Patri
1572 2581 1808 2648 attribui.
1836 2582 1952 2636 Non

389 2673 532 2726 enim
573 2672 624 2734 id
665 2673 785 2726 facit
815 2683 871 2725 ut
902 2687 1023 2726 eum
1069 2675 1238 2738 privet
1279 2670 1598 2744 rcctclactis
1623 2712 1638 2736 ,
1665 2671 1760 2726 sed
1789 2681 1846 2728 ut
1869 2687 1952 2734 ea,

384 2777 504 2830 qua:
528 2769 650 2820 sunt
698 2761 838 2825 Filii,
871 2761 1010 2815 Patri
1057 2759 1342 2823 atlscriliat,
1387 2761 1474 2828 qui
1517 2776 1578 2814 ea
1608 2761 1790 2825 etiam,
1835 2776 1955 2832 qua:

382 2859 503 2904 sunt
525 2851 714 2914 Patris,
745 2867 837 2906 sua
866 2867 986 2906 esse
1011 2851 1139 2904 dicit
1167 2869 1179 2903 :
1213 2849 1396 2914 Omnia
1424 2852 1587 2926 enim,
1625 2835 1811 2921 inquit,
1845 2868 1954 2905 mea

385 2952 468 2993 tua
493 2951 623 3003 sunt,
655 2952 702 2994 et
726 2951 810 2994 tua
837 2957 947 2994 mea
973 2939 1149 3010 (Joan.
1182 2943 1265 2994 I7.
1299 2942 1422 3010 I0).
1454 2941 1582 2995 Nam
1613 2943 1681 2996 de
1714 2958 1953 2996 resurre-

381 3032 558 3082 ctione
613 3031 802 3084 Paulus
841 3030 1054 3099 quidem
1101 3031 1370 3088 disserens
1405 3031 1573 3086 dicit:
1610 3033 1744 3087 Deus
1786 3037 1953 3102 ipsum

381 3122 632 3174 suscitavit
672 3139 702 3174 a
728 3123 937 3180 mortuis
978 3123 1051 3190 (1.
1093 3121 1210 3176 Cor.
1241 3121 1293 3176 6.
1327 3121 1446 3190 I5);
1475 3121 1707 3177 Joannes
1732 3135 1907 3178 autem
1934 3143 1947 3178 :

384 3211 577 3264 Solvite
597 3213 838 3280 templum
858 3212 984 3277 hoc,
1010 3221 1054 3264 ct
1081 3214 1134 3265 in
1161 3212 1318 3266 tribus
1338 3213 1511 3267 diebus
1540 3214 1764 3267 excitabo
1786 3215 1951 3282 ipsum

383 3300 563 3361 (Joan.
586 3301 643 3356 9..
677 3302 744 3355 19
764 3305 804 3371 ).
823 3301 970 3378 Quid
1009 3311 1093 3355 est
1118 3313 1291 3355 autem
1321 3304 1496 3357 oleum
1537 3303 1771 3356 laetititn?
1796 3307 1950 3374 Atqui

383 3394 626 3448 tLhristns
655 3408 912 3462 nusquam
931 3403 1120 3448 unctus
1142 3404 1223 3448 est
1246 3395 1385 3460 oleo,
1410 3395 1503 3450 sed
1526 3396 1722 3464 Spiritu
1744 3409 1960 3466 sancto.‘

383 3484 449 3540 Et
480 3484 598 3538 ideo
621 3484 838 3554 adjecit,
889 3484 1007 3554 Prw
1033 3487 1345 3539 consortibus
1375 3488 1471 3540 tu's
1503 3502 1522 3541 :
1554 3486 1653 3540 hoc
1676 3488 1845 3556 ipsum
1875 3488 1948 3542 si-

381 3575 654 3644 gnificans,
691 3576 954 3629 neminem
977 3575 1047 3628 ita
1079 3585 1292 3630 unctum
1319 3577 1555 3631 fuissent
1585 3577 1697 3646 ipse
1730 3577 1768 3630 ¹.
1795 3578 1939 3632 Multi

382 3667 520 3719 enim
570 3664 782 3719 fuerunt
823 3677 945 3725 ante
997 3667 1166 3734 ipsum
1209 3666 1412 3732 christi,
1447 3666 1495 3720 id
1531 3678 1632 3732 est,
1657 3670 1819 3730 uncti,
1857 3669 1948 3721 sed

383 3775 538 3814 nemo
563 3761 640 3812 sic
665 3776 678 3812 :
701 3759 840 3814 sicut
867 3760 1024 3814 etiam
1055 3763 1173 3828 agni
1209 3760 1380 3825 multi,
1401 3760 1494 3814 sed
1535 3759 1648 3828 ipse
1673 3760 1895 3814 eximius
1929 3777 1942 3813 :

383 3851 459 3902 sic
480 3859 532 3903 et
561 3849 708 3902 multi
739 3850 852 3913 lilii,
879 3849 972 3904 sed
1002 3851 1115 3920 ipse
1145 3849 1475 3919 Unigcnitus.
1502 3850 1634 3906 Sunt
1665 3851 1805 3904 enim
1829 3865 1946 3902 om-

371 3942 467 4003 ,nia
499 3941 613 4008 ejus
641 3940 856 4004 eximia,
887 3954 991 3996 non
1009 3955 1072 3993 ca
1097 3940 1267 4000 solum
1292 3955 1408 4008 qua:
1435 3941 1698 4008 pertinent
1722 3939 1786 3992 ad
1815 3939 1948 3994 divi-

384 4033 620 4095 nitatem,
650 4032 742 4086 sed
772 4045 834 4084 ea
872 4031 1032 4086 etiam
1085 4045 1202 4098 qua:
1239 4029 1302 4082 ad
1335 4029 1710 4084 humanitatem
1748 4046 1760 4080 :
1794 4043 1949 4082 nemo

381 4123 522 4174 enim
571 4134 755 4175 unctus
805 4129 888 4175 est
931 4120 1022 4174 tali
1068 4119 1277 4189 spiritu.
1309 4117 1366 4172 Si
1411 4118 1460 4171 id
1508 4131 1683 4172 autem
1718 4118 1950 4187 appellat

381 4212 576 4274 oleum,
606 4228 670 4265 ne
701 4211 910 4268 mireris
945 4229 957 4264 :
991 4225 1110 4262 nam
1138 4223 1258 4262 cum
1288 4207 1542 4276 propheta
1587 4206 1675 4271 sit,
1719 4208 1951 4275 loquitur

383 4303 538 4371 paulo
562 4302 837 4354 obscurius
881 4309 934 4354 et
963 4301 1127 4367 magis
1167 4298 1515 4366 :enigmaticc.
1553 4297 1718 4350 Recte
1765 4307 1945 4349 autem

381 4392 532 4453 dixit,
584 4391 968 4455 Exsultationis,
1011 4397 1068 4443 ut
1109 4389 1411 4443 ostenderet
1462 4388 1511 4442 id
1561 4403 1682 4442 esse
1731 4387 1946 4441 la-titize.

382 4481 600 4536 Fructus
627 4484 768 4536 enim
799 4481 1020 4550 Spiritus
1041 4490 1110 4534 est
1133 4479 1359 4545 dilectio,
1388 4481 1650 4551 gaudium,
1685 4496 1784 4548 prta:
1805 4479 1944 4548 (Gul.

380 4573 432 4626 5.
455 4571 566 4642 22).
595 4572 745 4626 Alius
769 4582 942 4624 autem
977 4569 1104 4624 dicit
1127 4587 1140 4622 :
1168 4569 1290 4622 ()leo
1333 4569 1601 4622 venustatis
1619 4571 1662 4620 ¹.
1697 4569 1947 4622 Ilehraeus

379 4677 526 4726 vero,
557 4661 745 4724 Sason,
793 4661 892 4714 hoc
935 4669 1016 4714 est
1051 4659 1344 4728 elegantiae,
1377 4659 1579 4728 glorias,
1623 4659 1940 4711 ornamenti.

379 4752 470 4805 Sin
493 4761 670 4804 autem
698 4752 766 4802 sit
812 4750 1025 4813 lzrtitim,
1049 4748 1099 4802 id
1122 4763 1331 4818 quoque
1359 4765 1540 4803 verum
1583 4756 1687 4803 est.
1723 4747 1788 4804 Ut
1816 4764 1944 4816 ergo

379 4857 495 4896 cum
542 4841 785 4894 audivisti
835 4840 1086 4909 gladium,
1126 4839 1356 4908 gladium
1403 4855 1505 4893 non
1551 4839 1839 4909 intelligis:
1893 4848 1948 4894 et

378 4949 495 4986 cum
531 4947 708 4987 arcum
760 4942 810 4984 et
844 4933 1079 5000 sagittas,
1128 4947 1231 4984 non
1279 4945 1434 4985 arcus
1484 4939 1538 4984 et
1576 4931 1809 5000 sagittas,
1851 4931 1944 4985 sed

377 5026 490 5092 ejus
512 5010 872 5092 Operationcm
902 5025 987 5092 qui
1016 5026 1126 5078 Iure
1157 5023 1298 5088 fecit,
1336 5023 1518 5093 utjam
1543 5033 1664 5077 ante
1691 5024 1798 5078 dixi
1828 5041 1841 5077 :
1875 5025 1943 5077 ita

377 5131 498 5171 cum
528 5115 702 5168 oleum
729 5116 980 5174 audii-ris,
1011 5129 1076 5168 ne
1117 5115 1289 5167 oleum
1320 5113 1492 5168 solum
1533 5115 1814 5176 arbitrare,
1851 5115 1945 5169 sed

378 5206 679 5260 unctionem
701 5207 748 5258 in
759 5206 950 5274 tellige.
967 5205 1150 5259 Oleum
1173 5205 1312 5258 enim
1335 5215 1447 5259 erat
1472 5206 1677 5275 signum
1693 5204 1946 5274 Spiritus,

375 5312 460 5350 res
482 5306 655 5350 autem
688 5295 989 5364 principalis
1009 5304 1065 5348 et
1092 5298 1386 5348 necessaria
1413 5305 1526 5349 erat
1553 5295 1798 5364 Spiritus.

434 5414 448 5444 ί
473 5420 578 5470 Ista,
597 5420 691 5460 Hoc
713 5409 868 5473 ipsum
886 5407 1175 5518 signiﬁcans,
1199 5409 1432 5460 neminem
1453 5408 1521 5460 ita
1539 5411 1752 5471 (unctum
1776 5409 1945 5472 niissc)

441 5475 559 5518 inse-
588 5473 793 5518 deerant
810 5475 854 5518 in
871 5478 997 5518 More
1024 5505 1054 5518 ..
1075 5471 1161 5518 sed
1185 5471 1351 5518 intlss.
1379 5480 1430 5518 et
1453 5473 1498 5518 in
1522 5472 1657 5518 Havil.
1686 5473 1941 5518 habentur.

374 5481 418 5523 ιιι
441 5475 560 5532 ipse,
588 5471 793 5521 deerant
810 5475 854 5520 in
871 5471 1054 5526 Merel.,
1075 5471 1161 5518 sed
1185 5471 1351 5518 intlss.
1379 5480 1430 5521 et
1453 5473 1498 5520 in
1522 5472 1657 5520 μαι-ιι.
1686 5471 1941 5520 habentur.

431 5539 451 5568 ¹
485 5537 596 5584 oleo
621 5532 888 5582 venustatis.
907 5541 1015 5580 tunc
1040 5533 1372 5594 interpretatio
1393 5540 1470 5581 est
1485 5534 1940 5594 Syinnmcbi.‘5ttson,

364 5598 602 5647 ligoratee
794 5613 808 5647 :
837 5607 948 5655 qua:
973 5605 1084 5648 vox,
1121 5593 1275 5653 inquit
1310 5592 1682 5656 Chrysostomus,
1708 5592 1944 5656 signiﬁcat

370 5684 672 5753 elegantium,
693 5683 913 5747 glorim,
937 5689 1281 5731 ornamentum.

1447 291 1802 352 EXPOSITIO
1831 288 1896 344 IN
1934 285 2252 346 PSALMU.“
2293 282 2470 340 XLIV.

3515 281 3610 334 198

2113 397 2304 452 Christi
2325 403 2484 454 vocati
2503 405 2622 450 sunt
2642 394 2787 450 multi
2809 440 2819 451 .
2843 394 3042 465 quando
3071 404 3249 449 unctus
3271 394 3516 452 Christus.
3543 422 3616 435 -ο

2040 487 2174 543 Cum
2203 488 2302 541 hoc
2332 501 2460 556 ergo
2483 487 2551 540 ita
2602 502 2661 542 se
2693 487 2903 549 habent,
2939 501 3006 540 ne
3032 486 3212 538 dubita
3259 501 3378 540 eum
3424 499 3614 541 vocare

2039 578 2306 632 Christum
2340 595 2354 631 :
2379 591 2501 632 nam
2538 574 2802 631 Abraham
2831 589 3042 643 quoque
3077 575 3444 642 appellabatur
3472 574 3586 628 chri
3607 603 3618 614 -

2043 677 2180 732 Stus,
2209 678 2268 722 et
2304 667 2597 735 propheta,
2621 666 2718 728 sed
2745 681 2849 719 non
2894 679 3083 718 omnes
3120 666 3243 720 oleo
3272 664 3418 726 uncti
3447 672 3573 720 sunt
3601 683 3616 718 :

2041 757 2488 827 quemadmodum
2506 771 2624 816 cum
2639 756 2768 810 dicit.
2792 773 2806 810 :
2838 755 3006 808 Nolite
3019 765 3220 826 tangere
3234 756 3446 810 christos
3463 772 3618 816 meos.

2045 857 2091 901 et
2127 849 2180 901 in
2203 847 2458 916 prophetis
2492 845 2614 900 meis
2641 845 2794 898 nolite
2815 845 3079 914 malignari
3117 845 3284 912 (l’sal.
3329 846 3448 900 101.
3487 846 3614 914 15).

2045 937 2268 1002 Quando
2295 944 2468 989 autem
2497 945 2686 993 unctus
2711 935 3044 988 estChristus
3061 937 3085 985 ‘t
3107 935 3328 1000 Quando
3343 946 3612 1005 tamquam

2048 1030 2104 1082 in
2128 1028 2388 1084 columbae
2413 1027 2589 1096 specie
2613 1024 2844 1094 Spiritus
2883 1039 3042 1092 super
3077 1041 3196 1080 eum
3228 1029 3372 1080 venit
3391 1036 3409 1095 (
3430 1027 3620 1080 Matth.

2050 1118 2104 1172 3.
2135 1117 2260 1186 I6).
2289 1117 2575 1176 Consortes
2602 1125 2778 1170 autem
2823 1114 2907 1168 hic
2956 1127 3107 1168 vocat
3148 1130 3334 1170 omnes
3377 1118 3624 1186 spiritua-

2052 1209 2149 1268 les,
2179 1207 2621 1276 quemadmodum
2652 1205 2884 1264 Joannes
2909 1205 3036 1258 dicit
3066 1223 3084 1259 ε,
3113 1205 3222 1258 Nos
3247 1223 3416 1259 omnes
3438 1222 3499 1260 ex
3520 1207 3626 1275 ple-

2051 1299 2280 1358 nitudine
2305 1298 2417 1366 ejus
2435 1297 2715 1366 accepimus
2737 1295 2914 1366 (Joan.
2942 1298 2988 1349 I.
3013 1297 3099 1364 16)
3135 1313 3148 1346 :
3181 1297 3247 1350 de
3270 1298 3384 1364 ipso
3409 1306 3584 1350 autem
3609 1313 3622 1347 :

2054 1389 2173 1444 Non
2204 1389 2272 1441 ad
2311 1403 2595 1448 mensuram
2619 1388 2708 1452 dat
2750 1386 3004 1456 Spiritum
3030 1385 3170 1440 Deus
3200 1386 3376 1456 (Joan.
3407 1387 3459 1441 5.
3487 1386 3625 1456 '54);

2051 1490 2106 1534 et
2161 1493 2342 1534 rursus
2375 1493 2389 1530 :
2427 1475 2706 1542 Iri/fundam
2743 1476 2806 1528 de
2847 1475 3045 1544 Spiritu
3099 1492 3206 1528 meo
3248 1492 3398 1544 super
3434 1491 3629 1530 onmem

2051 1584 2252 1628 carnem
2285 1567 2444 1639 (Joel.
2472 1569 2525 1620 2.
2556 1565 2626 1622 28
2642 1568 2682 1635 ).
2713 1565 2822 1628 Illic
2847 1577 3020 1620 autem
3066 1581 3170 1628 non
3201 1582 3264 1618 cx
3293 1566 3511 1634 Spiritu,
3533 1568 3630 1622 sed

2055 1669 2194 1714 totus
2223 1659 2368 1713 venit
2403 1658 2664 1726 Spiritus;
2691 1667 2745 1710 et
2773 1657 2891 1710 ideo
2912 1656 3068 1720 dixit,
3105 1654 3222 1708 Non
3251 1657 3319 1724 ad
3345 1672 3628 1709 mensuram

2053 1752 2140 1803 dat
2172 1749 2302 1804 Deus
2329 1749 2596 1818 Spiritum.
2625 1747 2678 1801 9.
2711 1745 2925 1817 Myrrha
2950 1786 2966 1810 ,
2995 1757 3040 1798 ct
3068 1756 3231 1816 gutta,
3256 1757 3301 1799 et
3320 1749 3458 1800 casia
3479 1765 3509 1799 (ι
3550 1764 3628 1800 ve-

2053 1842 2296 1897 stimentis
2338 1842 2457 1894 tuis.
2503 1840 2670 1905 Alius,
2699 1838 2764 1892 In
2787 1841 3127 1892 vestimentum
3157 1848 3314 1890 tuum.
3352 1840 3523 1905 Alius,
3560 1841 3624 1893 In

2054 1951 2224 1988 attines
2248 1943 2401 1990 νεειεε
2423 1943 2555 1986 ιιιαιι.

2129 2024 2214 2078 10.
2244 2023 2493 2080 Nonnulli
2524 2021 2736 2092 quidem
2759 2021 2936 2078 dicunt
2964 2023 3275 2094 prophetam
3302 2040 3398 2095 per
3424 2025 3538 2081 hmo
3556 2026 3630 2079 si-

2055 2116 2308 2186 gniﬁcare
2335 2115 2693 2185 sepulturam;
2727 2115 2967 2169 nonnulli
2994 2129 3154 2182 vero,
3185 2115 3415 2170 indicare
3452 2116 3631 2170 diver-

2056 2211 2265 2264 sitatem
2297 2209 2577 2262 unetionis.
2618 2207 2798 2277 Neque
2835 2208 2977 2262 enim
3015 2208 3171 2262 [iebat
3196 2210 3321 2264 olim
3362 2210 3539 2265 unctio
3566 2224 3630 2263 ex

2058 2299 2140 2354 his
2174 2300 2473 2369 unguentis,
2501 2297 2596 2354 sed
2642 2313 2712 2364 ex
2742 2297 2880 2352 aliis.
2927 2297 2996 2352 Et
3025 2305 3081 2354 nt
3123 2298 3294 2354 discas
3329 2298 3476 2358 hunc
3511 2315 3630 2354 esse

2057 2391 2216 2444 alium
2246 2390 2456 2444 modum
2483 2389 2764 2454 unctionis,
2798 2404 2890 2458 per
2914 2388 3262 2443 ditl'crentiam
3293 2390 3628 2448 materiarum

2058 2481 2363 2550 signiﬁcavit
2384 2479 2736 2535 diﬂ‘ercntiam
2761 2479 3104 2547 operationis.
3123 2478 3255 2532 Illud
3271 2488 3468 2541 autem,
3489 2481 3531 2532 Α
3553 2495 3631 2532 ve-

2059 2575 2303 2626 stimentis
2329 2574 2454 2636 tuis,
2484 2573 2716 2627 ostendit
2746 2573 2862 2641 ejus
2888 2586 3099 2641 quoque
3123 2581 3298 2626 vestes
3327 2571 3486 2625 fuisse
3514 2572 3629 2638 ple-

2063 2679 2161 2720 nas
2187 2665 2372 2733 gratia.
2397 2666 2525 2729 Qum
2553 2664 2727 2734 itaque
2749 2664 3019 2732 sanguinis
3050 2663 3308 2730 proﬂuvio
3335 2663 3629 2721 laborabat,

2063 2757 2336 2827 sanguinis
2365 2758 2508 2810 rivos
2545 2757 2821 2824 repressit,
2851 2771 2972 2808 cum
3006 2756 3168 2808 vestis
3209 2755 3468 2809 ﬁmbriam
3507 2758 3634 2810 attit-

2059 2851 2225 2920 gisset
2273 2847 2482 2916 (Matth.
2529 2850 2582 2902 9.
2611 2847 2728 2915 90).
2764 2846 2888 2900 Szve
2927 2845 3027 2900 hoc
3057 2859 3210 2914 ergo,
3243 2847 3354 2900 sive
3399 2845 3523 2899 illud
3565 2850 3633 2901 sit

2063 2941 2452 3010 accipiendum,
2481 2941 2623 2993 nulla
2665 2937 2908 3008 prohibet
2945 2939 3116 2990 ratio:
3147 2947 3272 2990 sunt
3310 2938 3449 2991 enim
3491 2955 3518 2990 ει
3549 2954 3633 2992 tuo

2063 3042 2284 3104 utraque
2313 3033 2652 3088 admittenda.
2694 3032 2843 3088 Sicut
2871 3047 2998 3102 ergo
3029 3031 3179 3102 (nihil
3215 3033 3356 3086 enim
3388 3031 3633 3101 prohibet

2060 3126 2246 3182 eadem
2276 3141 2459 3180 rursus
2489 3125 2711 3196 dicere),
2742 3139 2862 3178 cum
2892 3139 3072 3177 arcmn
3101 3134 3156 3178 et
3181 3123 3412 3193 gladium
3449 3124 3646 3186 audis,-

2061 3227 2112 3270 et
2143 3231 2262 3285 qua:
2289 3224 2412 3270 sunt
2441 3215 2737 3284 ejusmodi,
2765 3230 2868 3267 non
2896 3230 2956 3265 ea
2983 3213 3136 3267 audis
3169 3214 3405 3268 sensibili
3436 3228 3584 3266 more
3616 3231 3629 3264 :

2062 3308 2128 3361 ita
2163 3321 2261 3362 nec
2297 3321 2418 3362 cum
2455 3306 2722 3378 myrrham
2751 3315 2840 3360 aut
2867 3305 3062 3359 casiam
3091 3305 3386 3365 audiveris,
3415 3321 3474 3358 ea
3507 3321 3632 3358 scn-

2059 3399 2285 3455 sibiliter
2326 3400 2605 3468 intelligas,
2651 3399 2742 3454 sed
2779 3399 3142 3468 spiiitualiter.
3185 3398 3271 3453 10.
3315 3399 3358 3452 Α
3403 3398 3632 3452 domibus

2059 3494 2289 3547 eburneis
2307 3535 2322 3558 ,
2349 3509 2411 3546 ex
2436 3493 2613 3562 quibus
2647 3493 3013 3546 delectaverunt
3041 3500 3089 3546 te
3113 3492 3234 3560 ﬁlia:
3265 3508 3437 3563 regum
3467 3494 3518 3544 in
3541 3493 3632 3544 hoc

2060 3599 2180 3636 nare
2205 3593 2311 3637 tuo.
2345 3584 2491 3637 Alius
2520 3584 2666 3647 dicit,
2701 3586 2742 3636 A
2768 3585 2965 3650 templis
2995 3585 3224 3637 eburneis
3254 3585 3385 3636 unde
3406 3585 3620 3638 delecta-

2057 3682 2229 3727 verunt
2252 3683 2316 3735 te,
2349 3675 2468 3727 dum
2493 3682 2541 3728 te
2569 3671 2834 3728 honorant.
2869 3673 3036 3738 Alius,
3069 3673 3133 3727 In
3159 3675 3392 3745 gloriosis
3419 3677 3537 3728 tuis.

2130 3762 2308 3816 Eboris
2355 3765 2569 3831 pretium
2604 3762 2744 3830 apud
2784 3763 3034 3832 antiquos.
3086 3793 3145 3803 —
3175 3765 3457 3833 POSIquam
3499 3765 3626 3817 dixit

2056 3868 2173 3922 quin
2202 3861 2344 3906 recte
2370 3854 2564 3922 gessit,
2591 3852 2719 3906 dicit
2747 3853 2905 3906 etiam
2956 3853 3210 3907 honorem
3259 3855 3346 3924 qui
3377 3855 3629 3923 przeclara

2057 3945 2171 4012 ejus
2202 3942 2337 3995 facta
2362 3951 2722 4009 consequutus
2745 3953 2846 4002 εει,
2877 3957 3068 4009 nempe
3091 3958 3212 3996 eum
3259 3945 3310 3996 in
3359 3947 3631 4012 pretiosis-

2058 4035 2207 4088 simis
2246 4032 2456 4100 templis
2480 4046 2596 4085 esse
2627 4031 2971 4084 adorandum.
3016 4034 3319 4101 Antiquitas
3346 4036 3486 4088 enim
3517 4037 3630 4089 Il;l'c

2060 4124 2280 4177 materia
2311 4132 2426 4176 erat
2466 4120 2869 4192 pretiosissima,
2899 4131 2952 4175 et
2977 4137 3166 4190 magno
3205 4125 3378 4177 studio
3404 4128 3630 4194 conqui-

2061 4215 2294 4276 rehatur,
2325 4227 2514 4280 nempe
2553 4211 2809 4266 eburnea.
2850 4210 3000 4266 Unde
3037 4213 3192 4265 etiam
3241 4212 3454 4268 dicebat
3495 4217 3631 4268 alius

2060 4304 2352 4373 propheta:
2393 4303 2480 4358 Va:
2513 4304 2598 4374 qui
2633 4303 2861 4356 dormitis
2899 4303 2951 4355 in
2994 4303 3132 4356 lectis
3159 4302 3384 4356 eburneis
3419 4305 3437 4367 (
3457 4305 3623 4357 Amos.

2058 4397 2110 4449 6.
2140 4398 2216 4464 4).
2250 4397 2311 4451 Ει
2337 4410 2518 4450 rursus
2543 4395 2776 4450 ostendit
2809 4397 3237 4465 prasdicationem
3269 4411 3374 4451 non
3401 4413 3624 4467 perven-

2059 4499 2228 4543 turam
2255 4487 2421 4542 solum
2449 4487 2515 4541 ad
2553 4486 2788 4557 privatos
2808 4528 2823 4554 ,
2854 4487 2948 4542 sed
2986 4502 3147 4556 regna
3173 4489 3332 4543 etiam
3359 4489 3625 4559 subjectu—

2058 4595 2189 4642 ram,
2219 4579 2464 4649 aedesque
2490 4578 2563 4632 illi
2594 4577 2896 4646 magniﬁcas
2917 4590 3240 4632 cxstructmn
3267 4579 3501 4636 iri..H;ro
3516 4581 3626 4650 jam

2056 4673 2296 4726 videntur
2317 4688 2375 4726 re
2402 4672 2511 4741 ipsa
2532 4671 2666 4725 ﬁeri.
2689 4669 2880 4728 V‘olens
2908 4672 3050 4726 enitn
3073 4675 3326 4742 propheta
3347 4677 3630 4731 ostendero

2055 4767 2158 4818 vim
2193 4765 2582 4834 prmdicationis
2603 4805 2615 4828 ,
2647 4763 2773 4818 dicit
2797 4763 3061 4833 quomodo
3096 4766 3315 4834 ct-perit,
3357 4770 3627 4838 quomodo

2056 4856 2343 4924 snhjeccrit
2369 4857 2640 4920 mulieres,
2664 4856 2830 4919 viros,
2853 4855 3106 4924 privatos,
3133 4858 3344 4923 divites,
3366 4874 3462 4914 eos
3483 4861 3634 4929 ipsos-

2053 4947 2243 5016 quibus
2268 4955 2422 5000 erant
2449 4945 2692 4999 redimita
2719 4946 2889 5014 capita
2919 4945 3332 5010 diadematihus,
3361 4960 3417 5003 et
3439 4965 3630 5002 eorum

2053 5050 2278 5100 uxores,
2328 5045 2383 5088 ιιι
2431 5035 2625 5103 templa
2675 5035 2782 5090 Deo
2830 5037 3024 5105 ubique
3067 5040 3384 5093 excitarent.
3426 5039 3628 5092 Deinde

2055 5131 2301 5201 quoniam
2331 5129 2581 5197 deinceps
2606 5128 2672 5182 ad
2711 5129 2825 5184 lucc
2861 5129 3082 5184 dicenda
3123 5132 3391 5199 digressus
3415 5139 3498 5182 est
3519 5168 3533 5191 ,
3557 5129 3630 5183 de

2055 5220 2331 5275 hisinsius
2365 5218 2541 5273 dicere
2582 5219 2884 5282 exorditur,
2909 5233 3004 5274 eos
3026 5219 3114 5286 qui
3157 5218 3301 5270 illum
3328 5216 3510 5269 colunt
3529 5256 3544 5278 ,
3573 5231 3638 5271 ct.

2055 5313 2140 5380 qui
2169 5312 2215 5364 ei
2247 5309 2538 5377 supplicant
2566 5308 2894 5364 describens.
2924 5309 2988 5362 Et
3006 5321 3124 5359 cum
3148 5305 3468 5360 ostendisset
3491 5322 3622 5375 quo-

2055 5401 2210 5453 modo
2253 5400 2427 5468 populi
2471 5399 2570 5453 sub
2595 5415 2660 5454 eo
2703 5400 2926 5464 cadunt,
2957 5396 3224 5466 quomodo
3253 5409 3346 5450 cor
3388 5395 3624 5466 ipsarum

2053 5493 2242 5560 tetigit.
2293 5490 2556 5559 quomodo
2585 5491 2827 5546 inimicos
2867 5490 3153 5558 superavit,
3198 5490 3466 5559 quomodo
3493 5506 3618 5548 cum

2049 5581 2264 5634 deduxit
2289 5579 2526 5639 dextera,
2551 5581 2814 5649 quomodo
2833 5581 3128 5645 veritatem,
3162 5582 3616 5640 mansiietudinem

2051 5681 2102 5726 et
2141 5670 2396 5740 justitiam
2447 5671 2734 5736 plantavit:
2785 5685 2966 5723 rursus
3007 5687 3214 5741 quoque
3261 5677 3616 5744 tuctaphoricn
