4112 6214
501 296 600 351 199

495 410 738 465 oratione
764 423 891 464 usus
937 414 1041 473 est,
1075 405 1235 460 veluti
1277 407 1328 459 in
1375 405 1603 474 imagine
1645 403 1944 459 Ecclesiam
1981 405 2076 460 tle-

493 499 735 553 scribens
764 515 778 552 :
808 508 864 553 et
888 512 1008 567 quae
1046 505 1230 565 postea
1269 495 1520 548 dixerunt
1550 493 1815 562 apostoli,
1849 493 1936 548 hic
1963 495 2080 562 qui-

497 588 640 661 dem,
669 585 930 658 Despondi
963 599 1051 640 vos
1077 585 1166 638 uni
1209 583 1314 637 uiro
1345 583 1584 654 virginem
1621 592 1813 636 castam
1851 582 2082 638 exhibere

477 677 696 735 ‘Christo
723 680 799 751 (1.
824 675 944 735 Cor.
967 677 1054 733 ﬂ.
1079 675 1166 748 2);
1201 675 1290 730 ille
1313 686 1514 738 autem,
1547 672 1648 738 Qui
1675 673 1821 728 habet
1842 689 2078 744 sponsam

501 788 714 842 sponsus
738 786 810 826 est
832 769 1012 842 (Joan.
1061 770 1114 824 5.
1141 765 1270 840 29);
1298 766 1434 820 alius
1473 779 1631 830 vero,
1670 764 1852 820 Simile
1892 773 1968 818 est
1993 780 2078 818 re-

479 877 651 932 gnum
675 863 915 916 οωιοηιηι
956 859 1148 914 homini
1176 857 1284 928 regi
1318 855 1406 928 qui
1446 855 1563 927 fecit
1605 856 1809 926 nuptias
1837 855 1944 924 ﬁlio
1985 870 2078 908 suo

497 956 710 1026 (Matth.
739 954 832 1009 22.
858 953 914 1025 2)
952 971 966 1007 :
996 967 1059 1008 ea
1091 950 1179 1006 hic
1204 963 1416 1020 quoque
1442 947 1703 1019 praedicit,
1738 945 2079 1002 introducens

493 1046 654 1102 simul
684 1059 932 1114 sponsam
961 1052 1016 1098 et
1035 1041 1272 1112 reginam
1303 1054 1318 1091 :
1349 1048 1402 1092 et
1429 1037 1547 1093 ideo
1576 1036 1724 1102 dicit,
1753 1035 1961 1090 Adstitit
1997 1051 2079 1089 re-

491 1138 666 1209 ginae
690 1135 879 1191 dextris
906 1132 1023 1187 tuis.
1075 1131 1244 1196 Alius,
1280 1127 1522 1185 Stabilita
1567 1136 1672 1193 est,
1716 1127 1817 1181 hoc
1865 1137 1948 1181 est
1981 1125 2076 1182 llr-

493 1228 653 1283 miter
679 1225 846 1288 stetit,
873 1223 1021 1278 stetit
1042 1219 1406 1277 immobiliter.
1433 1217 1585 1285 Quod
1613 1217 1735 1272 alibi
1765 1216 1895 1271 dicit
1923 1216 2082 1272 Chri-

403 1373 418 1384 ,
494 1331 609 1375 stus
651 1337 665 1373 :
719 1317 890 1372 Porta:
935 1315 1085 1384 inferi
1129 1329 1231 1367 non
1278 1311 1616 1382 prtevalebunt
1657 1309 1921 1363 adversum
1966 1323 2078 1362 eam

477 1409 710 1482 :(Matth.
746 1409 833 1464 16.
880 1407 994 1477 l8).
1031 1405 1220 1459 Vidisti
1266 1403 1525 1473 insignem
1571 1398 1867 1455 honorem?
1901 1397 2078 1452 vidisti

483 1516 758 1556 aunumam
783 1494 1133 1569 dignitatem?
1155 1509 1273 1550 eam
1298 1509 1417 1564 quae
1441 1489 1770 1556 conculcata,
1797 1496 1852 1542 et
1878 1502 1996 1556 qua:
2025 1487 2078 1541 in

483 1591 734 1646 inﬁmum
759 1589 934 1643 locum
961 1585 1240 1642 deturbata
1263 1582 1457 1647 fuerat,
1481 1581 1535 1635 in
1557 1588 1808 1650 quantam
1828 1575 2080 1632 extulerit

492 1681 849 1744 altitudinem,
883 1686 940 1732 ut
969 1677 1016 1732 ei
1045 1672 1362 1730 assisteret?
1387 1669 1706 1740 cognovisti,
1735 1667 1800 1722 ad
1827 1675 2076 1737 quantam

496 1796 510 1824 ι
529 1791 558 1828 a
587 1789 706 1843 quae
743 1779 860 1826 erat
884 1771 1091 1840 captiva
1111 1808 1126 1833 ,
1154 1767 1380 1821 alienata
1408 1761 1678 1826 meretrix,
1720 1759 1983 1814 scelerata
2022 1767 2078 1812 et

492 1861 852 1926 exsecranda,
882 1859 1190 1930 dignitatem
1219 1851 1553 1910 ascenderit?
1579 1852 1709 1906 Cum
1741 1850 2077 1904 ministrato-

497 1956 591 2010 riis
619 1952 969 2026 potestatibus
997 1949 1218 2004 adstitit.
1249 1946 1413 2002 Filius
1438 1944 1652 2014 quippe,
1681 1950 1741 2013 ut
1765 1941 1854 2009 qni
1885 1940 1954 1995 sit
1985 1939 2080 1994 ho-

497 2059 632 2100 nore
659 2043 898 2116 aequalis,
925 2040 1074 2096 sedet
1093 2057 1123 2092 a
1147 2038 1347 2093 dextris
1371 2053 1385 2092 :
1415 2036 1526 2104 ipsa
1553 2048 1678 2087 vero
1697 2031 1860 2086 stetit.
1885 2031 2081 2096 Quam-

490 2138 570 2192 vis
594 2137 736 2192 enim
761 2132 1043 2204 sitrcgina,
1060 2139 1143 2185 est
1169 2139 1341 2184 tamen
1369 2136 1563 2181 creatze
1585 2123 1912 2180 substantia}.
1937 2121 2080 2190 Quo-

493 2225 654 2280 modo
675 2239 805 2294 ergo
823 2221 953 2277 dicit
972 2220 1167 2276 Paulus
1186 2235 1200 2272 :
1220 2214 1634 2272 Coaresuscitavit
1648 2221 1693 2267 et
1711 2211 1976 2267 consedero
1990 2226 2081 2264 nos

493 2319 611 2389 fecit
635 2317 686 2370 in
721 2313 996 2370 ctelestibns
1013 2312 1066 2365 in
1081 2309 1282 2366 Christo
1299 2305 1424 2360 Jesu
1456 2303 1667 2376 (Epltes.
1697 2302 1756 2362 2.
1774 2302 1828 2372 6)
1845 2302 1866 2356 ?
1882 2299 1986 2356 Sed
2003 2309 2083 2354 at-

493 2407 650 2462 tende
660 2420 817 2476 quant
834 2412 1016 2459 exacte
1030 2396 1412 2471 loquatur.Non
1429 2391 1904 2449 disitsolummodo
1919 2409 1932 2444 :
1949 2389 2084 2446 Con-

491 2497 802 2552 resuscitavit
825 2503 870 2548 et
889 2491 1155 2546 consedere
1175 2488 1292 2560 [erit
1311 2529 1327 2554 ,
1350 2485 1444 2540 sed
1463 2527 1480 2551 ,
1508 2481 1575 2536 In
1595 2482 1793 2536 Christo
1814 2520 1830 2546 ,
1854 2481 1958 2535 hoc
1976 2490 2078 2544 est,

492 2603 586 2658 per
597 2584 883 2640 Christum.
897 2581 1156 2651 Quoniam
1175 2579 1340 2645 enim,
1368 2574 1552 2645 inquit,
1573 2581 1728 2642 caput
1746 2581 1982 2626 nostrum
1999 2581 2082 2626 est

491 2691 649 2746 supra
671 2691 688 2732 :
712 2689 808 2730 nos
828 2682 1004 2728 autem
1020 2683 1235 2740 corpus,
1251 2683 1370 2722 cum
1387 2664 1630 2734 superius
1646 2664 1827 2718 sedeat
1840 2671 2080 2717 nostrum

490 2775 670 2836 caput,
690 2764 910 2820 honoris
927 2763 1211 2833 participes
1229 2758 1420 2813 luimus
1441 2754 1656 2827 (Ephes.
1674 2754 1696 2807 l
1713 2793 1727 2807 .
1739 2752 1857 2822 22).
1871 2753 2080 2807 etiamsi

494 2857 580 2911 hic
615 2868 848 2920 stemus,
881 2851 948 2906 In
971 2853 1146 2906 restitu
1175 2847 1416 2902 deaurato
1441 2887 1456 2911 ,
1483 2844 1790 2898 circumdata
1821 2843 2078 2898 varietate.

496 2947 671 3016 Alius,
693 2947 746 3000 in
773 2945 1060 2998 diademate
1072 2941 1187 2994 auri
1211 2938 1274 2993 de
1296 2938 1490 3009 Suphir
1514 2935 1615 3006 (a).

580 3037 751 3091 Vestes
774 3034 1080 3105 spirituales.
1110 3060 1177 3073 -—
1197 3026 1614 3096 Quemamodum
1638 3025 1690 3079 in
1711 3039 1836 3096 rege
1859 3040 1964 3078 non
1987 3039 2080 3079 ar-

490 3146 588 3186 cus
616 3139 672 3184 et
699 3129 919 3198 sagittas
960 3123 1337 3193 intelligimus,
1371 3119 1440 3173 ita
1468 3133 1568 3172 nec
1597 3119 1648 3172 in
1678 3130 1872 3186 sponsa
1902 3126 2080 3171 vestes

493 3223 756 3292 intelligo;
785 3218 879 3274 sed
903 3233 997 3288 per
1016 3231 1079 3271 ea
1101 3229 1220 3285 qua:
1243 3221 1367 3268 sunt
1391 3209 1680 3274 scnsibilia,
1710 3209 1898 3278 accipe
1922 3223 2078 3262 sensa

489 3329 612 3385 quae
643 3315 752 3367 Deo
795 3308 1136 3364 conveniant.
1178 3303 1254 3358 Ne
1297 3304 1418 3373 quis
1461 3301 1602 3356 enim
1635 3301 1741 3354 tale
1781 3298 1908 3370 quid
1955 3315 2076 3353 sus-

475 3407 730 3475 :picetur,
756 3399 1030 3470 subjunsit
1057 3415 1071 3451 :
1107 3395 1284 3450 Omnis
1325 3391 1492 3464 gloria
1518 3391 1641 3460 ﬁlia:
1672 3390 1804 3460 regis
1847 3390 1908 3442 ab
1940 3390 2077 3442 intus

495 3503 565 3566 (ν.
606 3495 719 3564 ιι).
751 3491 909 3562 Atqui
947 3499 1124 3545 vestes
1161 3497 1284 3542 sunt
1323 3483 1561 3540 omnium
1605 3483 1834 3537 maxime
1871 3481 2076 3535 extrin-

492 3600 672 3652 secus,
693 3592 748 3639 et
775 3591 990 3653 propter
1009 3595 1104 3635 eos
1122 3578 1212 3648 qui
1243 3576 1440 3629 vident.
1464 3571 1568 3628 Sed
1601 3575 1704 3626 hoc
1725 3572 1794 3625 ita
1821 3587 1880 3626 se
1902 3571 2077 3633 habet,

472 3671 710 3748 "quando
739 3683 862 3729 sunt
908 3686 996 3727 res
1036 3682 1310 3739 corporea:
1341 3683 1355 3719 :
1388 3662 1599 3734 quando
1643 3675 1772 3716 vero
1815 3662 1987 3731 agitur
2013 3660 2079 3716 de

498 3769 660 3824 rebus
703 3762 1102 3836 spiritualibus,
1149 3766 1403 3814 converte
1451 3755 1593 3808 intro
1639 3751 1832 3806 mentis
1873 3750 2076 3805 oculos.

505 3861 652 3915 llanc
677 3865 880 3912 vestem
922 3869 1012 3908 rex
1048 3849 1249 3914 texuit,
1279 3858 1438 3917 atque
1470 3844 1610 3898 illam
1643 3858 1738 3912 per
1760 3841 2078 3912 baptismum

503 3950 694 4007 induit.
723 3947 999 4016 .Quotquot
1023 3941 1189 4006 enim,
1229 3936 1432 4008 inquit,
1463 3936 1515 3988 in
1555 3931 1807 3989 Christum
1840 3931 2082 4000 baptizati

496 4030 636 4109 estis,
663 4035 1174 4097 Christuminduistis
1203 4028 1346 4102 (ϐαι.
1378 4029 1433 4084 5.
1457 4025 1572 4098 27).
1602 4025 1768 4080 Antea
1795 4022 1937 4077 enim
1967 4029 2081 4076 erat

499 4135 659 4200 nuda,
680 4131 850 4200 turpis
863 4125 1240 4187 tit—inhonesta,
1261 4121 1502 4190 exposita
1525 4114 1772 4171 omnibus
1791 4113 1880 4184 qui
1903 4122 2078 4167 trans-

497 4230 644 4282 ibant
670 4239 764 4294 per
792 4221 947 4276 ~viam
979 4231 1089 4273 :aes
1137 4228 1246 4285 quo
1268 4221 1446 4266 autem
1484 4208 1626 4263 illam
1656 4213 1856 4268 vestem
1887 4203 2078 4270 induit,

497 4325 687 4372 t‘WeClil
711 4323 795 4370 est
813 4311 881 4366 ad
911 4309 1058 4380 illam
1087 4303 1442 4364 altitudinem,
1467 4307 1522 4354 et
1545 4307 1604 4353 ut
1630 4313 1660 4352 a
1687 4296 1890 4353 dextris
1915 4305 2083 4350 staret

500 4413 657 4480 digna
690 4407 788 4461 luit
813 4394 1011 4460 habita.
1036 4397 1266 4455 Pulchre
1289 4401 1466 4449 autem
1493 4392 1660 4461 ipsam
1686 4404 1900 4459 quoque
1928 4398 2080 4442 vocat

503 4502 836 4554 varietatem.
865 4493 981 4550 Non
1028 4497 1239 4545 constat
1263 4486 1408 4542 enim
1444 4482 1607 4537 vestis
1639 4495 1714 4536 ex
1741 4495 1848 4534 uno
1873 4488 2078 4534 tantum

503 4604 720 4662 genere.
748 4587 866 4644 Non
899 4591 1075 4656 potest
1101 4580 1298 4651 quippe
1325 4574 1530 4631 servari
1547 4588 1621 4628 ex
1639 4573 1812 4642 gratia
1853 4581 2076 4636 tantum,

505 4659 602 4738 sed
630 4679 734 4735 lide
761 4690 973 4749 quoque
1000 4685 1134 4743 opus
1157 4679 1256 4736 est,
1287 4676 1342 4723 et
1367 4675 1487 4736 post
1509 4663 1670 4726 ﬁdem
1696 4663 1908 4717 virtute.
1933 4659 2082 4716 Nunc

510 4781 688 4825 autem
717 4781 825 4823 non
869 4765 1044 4835 agitur
1067 4762 1137 4816 de
1179 4757 1434 4814 vestibus.
1467 4753 1649 4824 Neque
1674 4752 1816 4808 enim
1853 4750 2084 4820 Spiritus

509 4869 716 4916 tantum
748 4859 802 4912 in
827 4871 890 4912 ea
917 4851 1149 4908 studium
1179 4849 1442 4921 ponebat,
1475 4855 1532 4900 ιιι
1555 4858 1743 4898 aureas
1767 4852 1943 4896 vestes
1970 4858 2083 4895 tnu-

513 4951 660 5008 εἰει-ιο
687 4945 1038 5004 describeret.
1067 4943 1122 5000 Si
1151 4942 1295 4997 enim
1323 4939 1574 4994 mulieres
1599 4950 1718 5006 qua:
1743 4948 1802 4988 se
1825 4942 2084 4987 exornant

508 5037 856 5114 reprehendit
897 5035 1056 5090 Isaias
1077 5074 1093 5098 ,
1117 5045 1174 5088 et
1198 5031 1392 5100 ubique
1421 5027 1654 5098 expulsae
1683 5034 1806 5079 sunt
1834 5023 2041 5114 delieite
2067 5041 2082 5079 :

508 5112 781 5206 quomodo
826 5128 915 5184 hic
963 5134 1205 5180 ornatam
1263 5120 1540 5175 mulierem
1590 5115 1883 5171 lauda-verit
1927 5112 2080 5185 (lsai.

499 5231 554 5286 ὃ.
580 5227 702 5300 l6)?
721 5228 745 5282 1
763 5227 809 5281 I.
826 5222 982 5288 Audi,
999 5220 1129 5290 ﬁlia,
1146 5227 1193 5274 et
1211 5216 1362 5282 cide,
1377 5225 1436 5268 .et
1459 5213 1645 5266 inclina
1655 5226 1830 5264 aurea
1852 5219 2010 5270 tuam,
2041 5216 2086 5261 et

510 5297 800 5379 obliviscere
829 5316 1072 5389 populant
1101 5319 1348 5374 tuum,.et
1372 5309 1578 5361 domum
1603 5304 1760 5374 patris
1783 5301 1874 5354 tui.
1904 5299 1988 5354 19..
2021 5297 2086 5352 Et

505 5414 929 5486 .roncupiscetrex
947 5409 1178 5464 decorem
1200 5414 1362 5458 tuum.
1383 5401 1532 5456 A-lius
1542 5398 1636 5464 ait,
1659 5395 1725 5452 Ut
1745 5393 2084 5464 concupiscat.

516 5485 768 5566 Quoniam
800 5504 910 5572 ipse
931 5509 1002 5556 est
1044 5497 1279 5553 dominus
1300 5503 1438 5546 tuus.
1469 5488 1640 5553 Alius,
1683 5485 1711 5539 Ι
1718 5502 1805 5556 pse
1845 5485 1975 5538 enim
2014 5491 2087 5536 est

513 5597 746 5654 dominus
781 5605 924 5648 etuas.
957 5590 1026 5644 ει
1064 5588 1347 5642 adorabunt
1386 5583 1572 5652 ipsum.
1617 5579 1797 5644 Alius,
1829 5574 1891 5630 Et
1931 5574 2088 5629 adora

573 5688 649 5750 (tt)
677 5691 748 5736 ιοο
768 5683 931 5746 οιωτ,
956 5679 1162 5730 aurifera
1185 5686 1334 5737 terra,
1357 5672 1591 5735 Josephns
1608 5670 1656 5720 8.

1237 290 1290 343 S.
1325 287 1602 344 JOANNS
1639 287 2109 346 CIIRYSOSTOMI
2149 291 2463 351 AllCllllil’.
2503 297 3030 358 CONSTANI'INOP.

3653 317 3757 374 200

2185 409 2412 479 ipsum‘.
2449 413 2532 466 13.
2563 413 2634 486 Et
2657 416 2766 484 ﬁlia
2808 416 2933 488 Tyri
2969 420 3019 473 in
3058 425 3359 479 muneribus.
3405 427 3574 492 Alius,
3624 431 3757 486 Filia

2181 509 2347 554 autem
2391 504 2538 574 fortis
2565 507 2698 560 dona
2739 508 2882 576 feret.
2951 508 3150 565 Vultum
3177 527 3317 569 tuum
3363 517 3750 587 deprecabuntur

2182 606 2353 645 omnes
2379 593 2556 649 divites
2581 596 2759 665 plebis.

2254 682 2340 736 il.
2378 682 2606 738 Ecclesia
2635 697 2681 740 et
2705 689 2815 756 [ilia
2843 699 2890 744 et
2909 693 3350 761 sponsa.—Vides
3375 700 3644 768 quomodo
3671 703 3724 757 ni
3742 735 3755 743 -

2181 771 2254 826 hil
2272 782 2352 827 cst
2368 776 2617 831 sensibile
2637 778 2941 848 iquomodo
2959 783 3090 836 nihil
3106 798 3442 855 corporeum,
3461 789 3555 844 sed
3581 794 3757 846 omnia

2180 863 2508 934 spiritualia?
2544 865 2821 935 Quomodo
2852 873 2992 926 enim
3019 889 3211 942 sponsa
3233 886 3315 931 est
3341 879 3578 947 ejusdem
3610 882 3712 936 tilia
3736 883 3761 936 2

2179 955 2446 1025 quomodo
2461 965 2638 1012 autem
2666 959 2770 1014 lilia
2797 965 3032 1031 sponsa?
3056 965 3112 1020 ln
3139 969 3296 1022 rebus
3322 971 3534 1037 quidem
3565 987 3760 1042 corpo-

2179 1049 2288 1104 reis
2317 1047 2430 1105 hzec
2459 1065 2564 1105 non
2594 1051 2772 1107 insunt
2801 1093 2818 1120 ,
2845 1055 2938 1109 sed
2969 1055 3072 1112 hoc
3096 1059 3308 1127 quidem
3329 1059 3468 1115 aliud
3498 1103 3514 1128 ,
3544 1073 3599 1117 et
3625 1064 3755 1120 illud

2179 1141 2320 1196 aliud
2346 1161 2360 1196 :
2393 1143 2446 1197 in
2476 1143 2585 1198 Deo
2609 1155 2786 1200 autem
2815 1146 2997 1202 insunt
3035 1159 3272 1221 utraque.
3319 1151 3435 1222 Ipse
3461 1153 3602 1209 enim
3634 1172 3751 1212 eam

2181 1233 2516 1298 regeneravit
2541 1249 2638 1305 per
2667 1235 2988 1305 baptismum
3014 1279 3028 1304 ,
3058 1247 3112 1292 et
3142 1240 3253 1308 ipse
3279 1256 3490 1312 quoque
3516 1259 3632 1298 eam
3653 1245 3752 1301 de-

2181 1324 2413 1393 spondit.
2437 1324 2575 1378 Λιιάί
2604 1365 2620 1390 ,
2651 1326 2781 1395 ﬁlia,
2810 1337 2856 1381 et
2881 1329 3010 1382 uide.
3037 1331 3148 1384 Duo
3171 1331 3221 1386 ei
3251 1333 3517 1402 praebuit:
3547 1343 3600 1389 et
3629 1335 3752 1389 doc-

2180 1415 2394 1481 trinam,
2421 1430 2538 1485 quae
2565 1431 2659 1485 per
2681 1417 2840 1472 verba
2871 1418 3125 1484 traditur,
3152 1430 3205 1474 et
3231 1421 3399 1476 visunt
3421 1463 3434 1484 ,
3466 1424 3556 1492 qui
3583 1433 3637 1478 et
3661 1441 3752 1492 per

2181 1505 2432 1560 miracula
2462 1544 2478 1570 ,
2525 1514 2580 1560 et
2619 1523 2714 1577 per
2758 1507 2915 1562 ﬁdem
2959 1510 3282 1580 suscipitur:
3315 1521 3370 1567 et
3397 1512 3511 1567 haec
3538 1515 3752 1584 quidem

2180 1594 2346 1662 dedit,
2378 1595 2466 1650 illa
2495 1611 2622 1651 vero
2655 1598 2918 1666 pollicitus
2943 1607 3043 1654 est.
3075 1600 3210 1654 Audi
3247 1616 3376 1672 ergo
3404 1603 3564 1658 verba
3593 1619 3706 1658 mea
3735 1646 3756 1670 ,

2181 1687 2300 1741 vide
2323 1701 2440 1742 mea
2461 1687 2734 1753 miracula,
2763 1700 2818 1744 et
2841 1706 2956 1746 mea
2985 1707 3143 1761 opera
3164 1734 3180 1757 ,
3211 1703 3266 1748 et
3292 1709 3437 1749 meas
3463 1694 3542 1749 l‘er
3565 1695 3750 1750 admo-

2184 1779 2432 1834 nitiones.
2479 1777 2615 1834 Vide
2662 1791 2838 1836 autem
2881 1781 3034 1850 quale
3075 1782 3166 1838 det
3216 1785 3363 1853 prius
3409 1795 3751 1854 praeceptum.

2187 1869 2489 1927 Obliviscere
2518 1874 2760 1944 populum
2785 1882 2927 1927 tuum
2955 1913 2970 1936 ,
3012 1884 3060 1928 et
3086 1875 3288 1928 domum
3315 1877 3476 1946 patris
3501 1877 3593 1930 tui.
3625 1877 3753 1944 Quia

2183 1963 2324 2017 enim
2346 1977 2463 2018 eam
2483 1963 2766 2033 despondit
2788 1979 2851 2018 ex
2878 1965 3124 2034 gentibus
3151 2005 3166 2029 ,
3199 1964 3302 2020 hoc
3325 1966 3372 2020 ei
3402 1967 3546 2036 prius
3574 1969 3756 2037 ιιι-ςιξοί-

2184 2057 2282 2127 pit,
2311 2064 2368 2110 ut
2413 2055 2557 2110 illam
2587 2055 3026 2111 consuetudinem
3058 2071 3122 2110 ex
3148 2057 3328 2111 animo
3357 2056 3553 2123 deleat,
3583 2075 3614 2113 e
3641 2075 3756 2112 mo-

2183 2147 2350 2202 moria
2371 2147 2589 2216 eximat,
2617 2161 2646 2200 a
2672 2154 2852 2201 mente
2875 2146 3069 2216 ejiciat,
3095 2161 3200 2200 non
3217 2147 3385 2201 solum
3405 2153 3463 2202 e’a
3485 2147 3755 2218 fugiendo,

2183 2237 2277 2293 sed
2302 2252 2369 2292 ne
2397 2252 2582 2292 eorum
2622 2237 2836 2308 quidem
2866 2237 3217 2293 recordando.
3255 2238 3321 2292 Et
3345 2240 3637 2294 obliviscere
3663 2256 3756 2310 po-

2185 2329 2360 2398 pnlum
2380 2339 2539 2393 tuum,
2566 2338 2614 2384 et
2639 2329 2843 2383 domum
2862 2329 3020 2400 patris
3041 2329 3133 2383 tui.
3165 2329 3385 2395 Quando
3412 2340 3588 2385 autem
3623 2332 3755 2386 dicit

2183 2430 2236 2474 et
2269 2419 2524 2493 populum
2554 2429 2609 2474 et
2635 2417 2851 2488 domum
2879 2461 2894 2486 ,
2938 2419 3184 2490 intelligit
3211 2421 3386 2474 omnia
3411 2437 3526 2492 qute
3560 2423 3666 2477 illic
3690 2424 3754 2478 ab

2183 2510 2260 2564 eis
2291 2509 2521 2576 iiunt,.et
2539 2509 2680 2580 quod
2707 2510 2771 2564 ad
2803 2512 2962 2564 vitam
2987 2551 3002 2574 ,
3031 2519 3084 2565 et
3103 2509 3243 2581 quod
3271 2511 3335 2564 ad
3362 2511 3608 2582 dogmata
3639 2529 3757 2583 per-

2185 2601 2340 2653 tinet.
2391 2597 2456 2652 Et
2495 2599 2814 2668 concupiscet
2863 2615 2954 2652 rex
3001 2600 3228 2653 decorem
3257 2593 3418 2653 tunni.
3453 2599 3611 2656 Vides
3636 2619 3756 2657 eum

2186 2706 2292 2744 non
2323 2690 2464 2760 loqui
2489 2689 2557 2745 de
2581 2689 2973 2760 pulchritudine
2999 2691 3272 2761 corporis:
3304 2683 3347 2746 ἐξ
3373 2693 3513 2748 enim
3540 2693 3655 2749 haec
3681 2694 3756 2749 fe-

2182 2783 2343 2848 ceris,
2377 2791 2523 2850 tunc,
2557 2783 2742 2853 inquit,
2766 2783 2872 2838 eris
2894 2783 3131 2853 pulchra,
3155 2793 3279 2838 tunc
3301 2799 3391 2838 rex
3421 2789 3754 2856 concupiscet

2181 2877 2430 2932 decorem
2504 2885 2670 2930 tuum.
2725 2875 2851 2931 Haec
2908 2876 3051 2931 enim
3105 2891 3210 2930 non
3254 2876 3376 2931 facit
3424 2878 3758 2947 pulchritudo

2182 2984 2461 3038 corporea.
2511 2968 2669 3039 Atqui
2720 2968 2858 3023 inter
2892 2967 3130 3021 infideles
3175 2968 3412 3023 videmus
3447 2985 3757 3040 corpoream

2182 3057 2626 3131 pulchritudinem
2663 3098 2680 3123 ,
2725 3067 2781 3113 et
2839 3073 2904 3113 ex
2967 3057 3251 3127 gentilibus
3312 3060 3572 3115 fortnosas
3640 3077 3756 3115 mu-

2183 3155 2362 3210 lieres.
2389 3151 2494 3209 Sed
2537 3159 2596 3206 ut
2635 3153 2774 3206 scias
2801 3166 2921 3206 eum
2951 3166 3054 3204 non
3099 3151 3237 3220 loqui
3267 3150 3334 3205 de
3366 3151 3758 3220 pulchritudine

2181 3243 2442 3314 corporis,
2471 3257 2588 3298 eam
2617 3240 2749 3297 dicit
2775 3240 3021 3296 constitui
3047 3257 3111 3296 ex
3137 3241 3250 3310 ejus
3278 3241 3578 3298 obedientia
3598 3260 3613 3308 ;
3632 3241 3754 3298 obe~

2181 3333 2376 3390 dientia
2403 3341 2580 3386 autem
2604 3347 2708 3386 non
2735 3331 3002 3386 constituit
3026 3331 3471 3402 pulchritudinem
3494 3335 3755 3404 Corporis,

2181 3427 2274 3482 sed
2300 3425 2510 3479 animae.
2543 3422 2598 3478 Si
2627 3424 2770 3477 enim
2799 3421 2945 3487 lucc,
2979 3422 3148 3492 inquit
3179 3464 3196 3490 ,
3227 3422 3416 3476 feceris
3450 3463 3465 3487 ,
3499 3434 3622 3478 tunc
3651 3426 3758 3479 eris

2186 3518 2406 3588 pulchra
2432 3559 2448 3584 ,
2475 3527 2601 3572 tunc
2626 3517 2734 3570 eris
2757 3527 2955 3584 sponso
2979 3512 3242 3568 amabilis.
3277 3513 3529 3581 Quoniam
3558 3516 3664 3584 ipse
3685 3523 3758 3565 est

2182 3609 2432 3664 Dominus
2451 3620 2580 3662 tuus.
2604 3606 2741 3662 Ecce
2769 3614 2937 3676 pater,
2971 3614 3025 3660 et
3043 3619 3287 3674 sponsus,
3318 3613 3371 3660 ct
3394 3605 3638 3660 dominus
3661 3621 3755 3672 ap-

2183 3701 2378 3771 paruit.
2402 3699 2661 3767 Quoniam
2688 3697 2830 3752 enitn
2851 3697 3011 3766 jussit
3047 3711 3076 3750 a
3124 3695 3430 3764 parentibus
3455 3695 3706 3750 recedere
3736 3733 3753 3758 .

2184 3791 2362 3862 p0puli
2404 3788 2679 3854 oblivisci,
2705 3786 3144 3842 consuetudinem
3173 3786 3444 3858 expellere
3468 3827 3484 3852 ,
3522 3787 3758 3841 ostendit

2184 3884 2465 3938 maximam
2497 3889 2551 3935 et
2572 3880 2921 3951 justissimam
2948 3894 3067 3936 esse
3091 3895 3328 3946 causam,
3359 3895 3456 3935 cur
3481 3894 3542 3935 ea
3569 3879 3757 3949 pra-ci-

2184 3983 2351 4046 peret,
2381 3987 2729 4042 magnamque
2749 3985 2868 4026 esse
2887 3971 3106 4026 rationis
3122 3972 3576 4042 consequentiam,
3601 3969 3758 4039 idque

2182 4066 2378 4122 dobere
2412 4062 2548 4119 ﬁeri.
2576 4061 2634 4118 Si
2662 4061 2803 4118 enim
2831 4063 2969 4116 idem
3001 4072 3150 4132 pater
3180 4071 3318 4126 tuus,
3357 4061 3496 4116 idem
3512 4074 3756 4130 sponsus,

2183 4171 2237 4216 et
2263 4158 2402 4214 idem
2429 4155 2711 4210 dominus:
2742 4169 2951 4223 :equum
2974 4162 3055 4208 est
3079 4162 3136 4206 ut
3172 4153 3239 4205 ab
3276 4152 3379 4207 illis
3421 4154 3667 4206 omnibus
3706 4163 3757 4206 te

2183 4259 2452 4330 scjungas,
2503 4267 2554 4314 et
2583 4259 2804 4330 teipsam
2851 4254 2923 4308 illi
2966 4251 3199 4306 addicas.
3240 4251 3354 4306 Non
3383 4249 3514 4304 dixit
3539 4261 3716 4305 autem
3743 4291 3757 4309 ,

2183 4352 2442 4417 Quoniam
2472 4350 2583 4419 ipse
2609 4355 2691 4402 est
2718 4355 2866 4415 pater
2893 4353 3012 4396 tuus
3045 4383 3062 4408 ,
3093 4340 3189 4396 sed
3219 4383 3236 4407 ,
3275 4339 3529 4407 Quoniam
3554 4341 3664 4410 ipse
3686 4349 3759 4393 est

2184 4442 2457 4495 dominus'
2485 4449 2602 4493 tuus
2629 4477 2646 4502 ,
2675 4449 2731 4490 ut
2753 4449 2816 4490 ea
2847 4433 3177 4502 potissimum
3219 4430 3426 4484 ratione
3457 4429 3602 4484 illam
3635 4438 3724 4482 tan
3744 4459 3757 4470 -

2183 4530 2577 4602 gatz'quoniam
2602 4527 2692 4597 qui
2734 4533 2820 4582 est
2857 4524 3104 4578 dominus
3157 4532 3212 4577 et
3248 4523 3572 4591 magisteret
3614 4529 3761 4590 pater

2186 4634 2327 4687 tuus,
2349 4619 2516 4674 voluit
2529 4632 2740 4688 quoque
2754 4629 2983 4686 sponsus
2997 4612 3110 4668 ﬁeri
3130 4630 3144 4667 :
3166 4613 3272 4666 imo
3293 4625 3418 4666 vero
3433 4610 3564 4666 illud
3591 4611 3763 4680 ipsum

2185 4711 2617 4786 quoquel'actum
2645 4723 2767 4764 esse
2803 4707 3099 4774 dominum,
3125 4718 3346 4760 summae
3371 4712 3426 4758 et
3445 4701 3763 4757 sollicitudi-

2187 4805 2270 4860 nis
2303 4811 2358 4858 et
2397 4799 2733 4857 clementiae:
2761 4807 2819 4854 ut
2846 4813 2964 4868 qua:
2995 4805 3111 4852 erat
3155 4808 3309 4850 serva
3339 4792 3642 4848 daemonum
3668 4832 3684 4858 ,
3710 4800 3767 4846 et

2188 4892 2603 4951 conculeabatur
2627 4891 2694 4946 ab
2719 4904 2906 4946 errore
2924 4930 2940 4953 ,
2969 4903 3088 4944 eam
3117 4901 3268 4941 suam
3296 4898 3416 4941 esse
3435 4883 3617 4938 vellet.
3649 4882 3763 4936 Non

2188 4989 2359 5043 solum
2381 4993 2562 5040 autem
2583 4981 2828 5038 ancillam
2856 5021 2872 5046 ,
2921 4978 3018 5035 sed
3041 4977 3202 5032 tiliam
3247 4975 3372 5031 iecit
3396 4983 3452 5028 et
3488 4987 3762 5044 sponsam.

2192 5081 2496 5133 (lbliriscere
2531 5074 2772 5147 populum
2803 5082 2944 5125 tuum
2975 5110 2991 5135 ,
3032 5077 3079 5124 et
3103 5068 3307 5121 domum
3343 5065 3502 5136 patris
3527 5064 3617 5117 tui.
3648 5062 3764 5117 Non

2189 5172 2333 5226 enim
2361 5169 2512 5226 venis
2531 5166 2597 5221 ad
2619 5166 2848 5218 alienum
2872 5159 3175 5232 quempiam
3200 5201 3216 5226 ,
3243 5157 3337 5214 sed
3362 5156 3429 5211 ad
3453 5171 3574 5212 eum
3596 5155 3684 5225 qui
3719 5165 3768 5210 te

2191 5261 2315 5316 fecit
2339 5300 2355 5326 ,
2384 5267 2438 5312 et
2463 5266 2544 5312 est
2571 5253 2819 5310 omnibus
2844 5251 2952 5306 illis
2977 5249 3072 5304 tibi
3103 5248 3452 5320 propinquior
3482 5286 3497 5310 ,
3529 5261 3592 5300 ac
3619 5245 3688 5300 de
3719 5257 3769 5298 te

2191 5362 2273 5408 est
2299 5349 2556 5405 sollicitus
2578 5387 2594 5413 ,
2627 5345 2807 5414 tuique
2832 5357 3014 5397 curam
3059 5343 3215 5412 gerit.
3249 5339 3366 5411 Ipse
3395 5337 3536 5394 enim
3563 5346 3644 5391 cst
3673 5334 3768 5390 do-

2193 5445 2369 5500 minus
2393 5449 2514 5496 tuus
2537 5448 2590 5495 et
2617 5447 2788 5510 pater,
2809 5443 2863 5491 et
2892 5435 3006 5505 ipse
3031 5432 3208 5488 omnia
3239 5431 3332 5486 tibi
3359 5429 3522 5485 dedit.
3553 5425 3620 5481 Et
3646 5427 3763 5479 ado-

2257 5536 2273 5566 ί
2309 5540 2454 5591 Unus,
2479 5536 2534 5581 Et
2554 5527 2780 5591 adorabis
2800 5525 2978 5591 ipsum.

2258 5597 2278 5628 ²
2313 5582 2700 5651 Post,'dominus,
2726 5582 2888 5640 ttor'el.
2913 5587 3060 5648 addit,
3081 5591 3128 5636 et
3159 5582 3384 5648 magister
3404 5588 3451 5634 et
3481 5589 3638 5646 pater,
3662 5591 3769 5642 qua:

2197 5657 2373 5713 desunt
2395 5655 2444 5704 iu
2463 5652 2601 5704 Savil.
2627 5659 2680 5704 et.
2701 5657 2806 5701 uss.
