4112 6214
445 348 538 400 2‘"

445 457 620 510 rnbunt
649 470 760 507 eum
789 468 806 506 :
837 461 881 507 et
907 452 1016 521 ﬁlia
1055 450 1180 522 Tyri
1229 451 1280 503 in
1323 449 1626 502 muneribus.
1650 446 1899 513 Quintiani
1926 448 2007 495 est

445 549 557 601 Inec
587 542 1004 614 consequentia?
1035 542 1190 597 Certe
1223 541 1418 609 optima
1441 557 1451 589 :
1478 547 1556 592 est
1585 537 1725 591 enim
1755 534 2010 602 optimum

443 635 611 706 genus
638 633 1039 688 adhortationis.
1063 631 1289 696 Accede,
1320 630 1488 698 inquit
1519 647 1530 681 :
1577 636 1696 680 sunt
1725 627 1865 679 enim
1893 638 2010 676 nta-

445 725 599 779 sima:
624 726 739 792 ejus
768 725 906 776 vires
937 740 952 787 ;
978 730 1033 777 et
1054 736 1238 775 oinnes
1253 721 1297 774 ei
1316 719 1580 772 ubedit-ttt.
1605 716 1812 769 Mittens
1837 722 2011 766 autem

448 817 702 884 propheta
749 815 926 868 dicere
965 814 1146 866 orbem
1189 821 1446 864 terrarum
1471 849 1485 876 ,
1513 808 1642 861 dicit
1665 807 2011 876 propinquam

445 907 712 959 civitatem
744 943 759 967 ,
803 920 916 973 qua:
945 902 1130 956 morbo
1155 900 1436 970 impietatis
1467 911 1591 953 tunc
1613 897 1844 952 maxime
1867 894 2020 948 labo-

447 996 618 1060 rabat,
641 1003 695 1050 et
721 1003 835 1049 erat
859 1010 949 1047 arx
979 993 1168 1048 diaboli
1199 1033 1214 1058 ,
1244 993 1308 1046 de
1325 991 1475 1061 cujus
1496 989 1683 1060 opibus
1702 985 2017 1055 ettnagniii-

447 1085 619 1140 Ct't'tlia
650 1084 787 1138 fama
813 1095 924 1138 erat
953 1084 1198 1146 maxima,
1229 1099 1293 1137 ex
1325 1091 1476 1152 parte
1502 1089 1669 1134 totum
1689 1076 2016 1146 signiﬁcans.

520 1180 690 1233 Mores
717 1197 778 1234 ea:
804 1179 1000 1234 urbibus
1037 1181 1384 1250 exprimuntur
1415 1193 1434 1240 ;
1465 1171 1659 1227 virtutis
1679 1171 1791 1222 laus
1815 1167 2017 1222 eximia.

446 1302 516 1313 -—
533 1271 654 1324 Mihi
683 1281 850 1326 autem
876 1272 1080 1324 videtur
1101 1284 1310 1323 onmem
1338 1267 1662 1336 impietatem
1687 1271 1740 1314 et
1765 1257 2018 1313 luxuriam

403 1426 408 1430 ,
449 1367 528 1420 sic
558 1379 742 1418 vocare
767 1379 780 1411 ε
810 1365 944 1418 solet
971 1363 1113 1417 enim
1140 1374 1318 1414 mores
1339 1374 1402 1411 ex
1431 1356 1649 1410 urbibus
1673 1351 1968 1420 exprimere
2001 1388 2016 1412 ,

410 1520 413 1524 η
452 1469 506 1509 ut
532 1455 740 1524 quando
759 1455 885 1508 dicit
914 1472 928 1507 :
959 1453 1142 1506 Audite
1163 1451 1365 1505 verbum
1395 1445 1616 1506 Domini,
1649 1442 1895 1512 principes
1920 1439 2020 1492 So-

456 1547 754 1599 domorum:
782 1546 948 1597 audite
971 1545 1123 1613 legem
1152 1540 1247 1594 Dei
1274 1538 1417 1593 vestri
1444 1577 1457 1599 ,
1493 1535 1705 1603 populus
1729 1529 2020 1587 Gomorrst

453 1637 604 1705 (Isai.
634 1638 682 1690 Ι.
727 1635 838 1704 10).
886 1635 1042 1704 Atqui
1069 1630 1434 1700 alloquebatur
1471 1626 1680 1681 Judwos
1710 1641 1723 1676 :
1753 1621 1848 1675 sed
1885 1633 2016 1688 quo-

453 1731 592 1783 niam
620 1744 680 1781 ea
708 1724 972 1780 faciebant
1003 1739 1119 1792 qua:
1155 1721 1349 1775 liebant
1385 1735 1414 1770 a
1443 1714 1728 1772 Sodontitis
1751 1753 1766 1776 ,
1797 1726 1890 1768 (ξοδ
1916 1723 2015 1778 ap-

449 1819 609 1888 pellat
639 1834 668 1870 a
700 1815 915 1869 nomine
959 1812 1328 1868 Sodomorum.
1365 1809 1426 1862 Et
1465 1805 1588 1875 quid
1617 1801 1826 1870 miraris
1855 1801 1898 1854 si
1922 1815 2018 1853 eos

442 1911 519 1962 sit:
543 1907 771 1978 appellat
797 1921 862 1959 ex
889 1905 1076 1976 patria,
1100 1919 1218 1957 cum
1242 1902 1318 1956 eis
1341 1914 1550 1969 quoque
1573 1896 1661 1950 det
1691 1904 1866 1962 patres
1888 1891 2021 1959 t‘jtts—

397 2045 404 2052 .
444 1999 606 2064 ntodi,
634 1999 818 2052 dieens
843 2014 855 2048 :
891 1995 1042 2049 Pater
1068 2008 1180 2047 tuus
1209 2002 1279 2046 est
1302 1991 1646 2052 Anton/tatus,
1676 1994 1721 2038 ct
1749 1993 1906 2038 mater
1931 1992 2018 2034 tua

447 2089 662 2142 Cltettaza
690 2087 901 2158 (Ezeclt.
942 2085 1123 2153 16.3).
1146 2084 1214 2138 Et
1239 2099 1305 2138 ne
1329 2081 1412 2134 hic
1429 2080 1642 2150 quidem
1667 2077 1804 2132 sistit
1832 2089 2016 2129 eorum

443 2181 855 2242 accusationem,
888 2177 982 2232 sed
1011 2178 1168 2231 etiam
1199 2174 1265 2228 ad
1297 2174 1434 2228 feras
1463 2185 1630 2240 uSque
1658 2167 1874 2224 deducit
1896 2177 2016 2217 ora-

405 2315 409 2319 .
448 2277 644 2329 tionem
680 2314 696 2339 ,
737 2273 788 2324 in
837 2269 985 2324 Novo
1033 2269 1246 2338 quidem
1297 2266 1636 2320 Testamento
1688 2264 1764 2316 sic
1811 2260 2022 2315 dicente

451 2368 754 2435 Scriptura:
790 2364 1057 2432 Srrpentes
1082 2361 1332 2430 genimina
1363 2359 1642 2426 viperarum
1671 2353 1815 2421 (Luc.
1841 2353 1894 2417 5.
1920 2352 1972 2420 7)
2001 2367 2015 2411 ;

457 2467 508 2511 ct
532 2473 713 2511 rursus
738 2457 792 2509 in
823 2453 1033 2508 Veteri:
1065 2451 1172 2505 Ova
1198 2450 1430 2517 aspidum
1455 2454 1698 2516 ruperunt
1728 2485 1744 2510 ,
1783 2453 1827 2497 et
1869 2443 2018 2496 telam

465 2562 666 2600 nrnnete
691 2555 860 2600 texunt
891 2545 909 2614 (
936 2543 1064 2597 Isai.
1090 2542 1177 2598 59.
1205 2543 1238 2597 5
1273 2546 1312 2610 i.
1345 2541 1410 2593 Et
1437 2539 1594 2594 alibi:
1635 2534 1896 2605 Numquid
1924 2550 2024 2586 non

461 2639 589 2692 sicut
615 2638 708 2704 ﬁlii
740 2635 1049 2705 Ethiopum
1085 2651 1166 2688 vos
1201 2633 1314 2686 estis
1367 2631 1486 2684 mihi
1521 2629 1713 2701 (Amos.
1745 2630 1796 2682 9.
1826 2627 1924 2696 7)?
1953 2625 2026 2680 Ita

463 2729 549 2784 hic
578 2729 737 2783 etiam
777 2742 869 2782 eos
895 2726 983 2795 qui
1012 2724 1172 2794 impie
1201 2721 1548 2778 etlibidinose
1565 2720 1827 2780 vixerunt,
1842 2717 2028 2787 Tyrios

457 2821 758 2890 appellavit.
783 2819 888 2874 Sed
914 2819 1078 2872 etiam
1108 2831 1221 2880 eos,
1249 2814 1434 2884 inquit,
1465 2809 1744 2880 superabo,
1777 2817 1830 2863 et
1858 2807 1908 2862 in
1939 2821 2030 2861 ros

466 2913 794 2968 dominatum
827 2909 1098 2974 obtinebo,
1125 2916 1178 2962 et
1205 2909 1274 2960 ita
1303 2903 1572 2969 obtinebo,
1596 2913 1653 2956 ut
1678 2900 1776 2971 ipsi
1800 2915 1883 2954 me
1911 2899 2036 2952 ado-
2061 2941 2064 2943 .

457 3015 575 3061 rent
599 3021 615 3058 :
646 3015 698 3059 et
727 3021 830 3058 non
861 3000 1195 3056 solummodo
1223 2999 1464 3062 adorent,
1499 2995 1594 3050 sed
1622 3007 1842 3048 munera
1865 2991 2025 3046 etiam

457 3108 511 3153 et
534 3096 792 3165 primitias
819 3092 1049 3148 oll'erant
1073 3133 1088 3157 ,
1113 3089 1252 3161 quod
1284 3098 1362 3144 est
1395 3087 1680 3142 maximum
1707 3097 1874 3153 genus
1901 3081 2029 3136 ado-

413 3234 416 3238 .
459 3187 697 3249 riliitlllis,
720 3193 773 3239 et
799 3185 1007 3254 signum
1033 3196 1254 3237 summa:
1280 3177 1615 3233 obedientite.
1658 3173 1859 3228 Vultum
1884 3183 2026 3225 tuum

460 3275 857 3346 deprecabuntur
884 3275 1057 3328 divites
1084 3272 1256 3341 plebis.
1280 3270 1414 3338 Quid
1444 3276 1545 3333 est,
1573 3264 1984 3335 Deprecabnntur
2007 3264 2032 3316 ?

464 3369 678 3422 Honore
721 3376 774 3420 et
799 3365 967 3435 gloria
1001 3363 1236 3418 afﬁcient
1265 3403 1280 3426 ,
1322 3361 1409 3430 qui
1441 3375 1581 3428 nunc
1611 3359 1787 3429 magni
1830 3365 2031 3413 suntet

466 3459 682 3515 excelsi.
711 3458 822 3512 Hoc
846 3457 988 3514 enini
1018 3457 1078 3510 ﬁt
1105 3455 1160 3510 in
1189 3453 1418 3510 Ecclesia
1448 3495 1464 3518 ,
1495 3467 1590 3508 eos
1620 3453 1708 3522 qui
1742 3467 1808 3506 ex
1834 3451 2030 3506 virtute

463 3555 622 3606 vitam
649 3560 810 3620 agunt
833 3564 1019 3606 omnes
1049 3549 1329 3610 honorant,
1346 3546 1546 3610 colunt,
1577 3545 1700 3600 licet
1719 3545 1825 3601 sint
1845 3553 1900 3600 et
1919 3543 2035 3612 opi-

466 3645 560 3695 lius
608 3653 662 3696 et
702 3641 1015 3696 auctoritate
1041 3639 1294 3709 insignes.
1323 3637 1579 3694 Omnibus
1616 3635 1756 3692 enim
1784 3634 1950 3706 copiis
1980 3642 2034 3688 et

466 3733 799 3786 facultatibus
823 3739 906 3785 est
934 3730 1103 3799 major
1128 3731 1313 3784 virtus.

540 3824 619 3878 l2.
650 3822 830 3876 Videte
855 3831 1029 3875 autem
1062 3821 1346 3876 Ecelesiam
1369 3835 1485 3890 qua:
1509 3819 1798 3874 honoratur
1823 3818 1888 3874 ab
1915 3833 2032 3872 om-

469 3915 637 3967 nilms.
670 3913 834 3968 Recte
865 3928 989 3966 \CI'O
1019 3911 1168 3973 dixit,
1213 3911 1416 3966 Vultum
1443 3919 1616 3978 tuum,
1647 3912 1852 3966 hocest
1873 3953 1886 3973 ,
1919 3912 2033 3982 glo-

469 4007 599 4060 riam
631 4014 802 4069 tuam,
829 4005 1056 4058 formam
1090 4011 1144 4057 et
1170 4003 1612 4071 pulchritudinem
1648 4011 1809 4058 tuam.
1841 4001 2038 4058 Deinde

469 4097 716 4164 quoniam
759 4094 935 4149 vultus
979 4093 1251 4158 meminit,
1285 4103 1340 4148 et
1383 4092 1627 4159 vestium,
1655 4103 1712 4148 et
1753 4092 2042 4160 pulchritu-

470 4189 626 4252 dinis,
659 4203 726 4242 ne
747 4188 864 4257 quis
881 4187 1113 4242 crassior
1139 4186 1363 4240 sentiret
1386 4184 1582 4255 aliquid
1607 4184 1878 4249 sensibile,
1910 4169 2058 4236 sub-"

469 4279 668 4347 junxit,
697 4278 918 4334 dicens:
945 4278 1031 4332 14.
1064 4276 1240 4330 Omnis
1273 4275 1436 4346 gloria
1473 4277 1595 4345 ﬁlim
1621 4275 1750 4346 regis
1790 4275 1852 4327 ab
1887 4276 2040 4328 intus.

477 4371 528 4424 lu
554 4381 802 4436 mentem,
834 4372 1020 4440 inquit,
1049 4370 1344 4439 ingredere,
1375 4370 1553 4425 edisce
1600 4367 2042 4438 pulchritudinem

473 4461 694 4526 animm;
722 4462 789 4516 de
809 4461 912 4515 illis
933 4470 1105 4516 tecum
1133 4461 1338 4528 loquor,
1367 4467 1421 4514 et
1446 4460 1488 4514 si
1517 4468 1716 4515 vestem
1745 4459 1864 4513 dico
1883 4501 1896 4520 ,
1921 4467 1974 4513 et
2001 4458 2045 4513 si

478 4551 919 4620 pulchritudinem
943 4551 1080 4614 dico,
1113 4551 1158 4606 si
1187 4552 1419 4606 timhrias
1441 4551 1562 4606 dico
1581 4593 1595 4618 ,
1617 4551 1661 4606 si
1690 4560 1872 4606 aurata
1903 4549 2040 4615 dico,

475 4643 518 4695 si
541 4643 659 4697 dico
686 4643 1054 4712 quodcumque
1079 4643 1146 4697 sit
1178 4643 1467 4712 ejusmodi,
1502 4643 1568 4699 de
1609 4651 1787 4698 mente
1822 4643 2044 4710 loquor,

477 4733 714 4788 doctrina
737 4742 818 4788 est
837 4732 903 4788 de
930 4733 1128 4800 animo,
1151 4742 1233 4788 est
1259 4733 1328 4787 de
1351 4733 1546 4789 virtute
1570 4733 1711 4803 quod
1739 4734 1950 4798 dicitur,
1979 4733 2048 4789 de

479 4827 682 4879 interna
733 4825 925 4894 gloria.
976 4824 1098 4882 Ideo
1149 4824 1372 4880 ﬁdenter
1407 4825 1698 4888 orationem
1739 4825 1942 4880 reducit
1982 4825 2048 4880 ad

479 4930 762 4983 corporeas
789 4914 1184 4982 similitudines,
1207 4923 1480 4984 postquam
1499 4930 1734 4970 crassum
1754 4915 2048 4970 auditorem

480 5023 543 5060 ex
580 5005 733 5058 dictis
761 5013 1086 5060 correxerat.
1119 5002 1184 5058 In
1223 5004 1430 5072 fimbriis
1460 5006 1626 5059 aureis
1657 5007 2050 5070 circumamicta,

483 5099 714 5152 varietate
733 5107 932 5152 ornata.
955 5096 1126 5164 Alius,
1155 5096 1258 5152 Per
1277 5097 1459 5166 ﬁbulas
1479 5115 1658 5154 aureas
1684 5099 1816 5152 varie
1839 5099 2016 5153 induta
2037 5113 2056 5152 .'

484 5191 696 5248 ttomine
721 5191 835 5245 auri
870 5191 1118 5246 virtutem
1160 5208 1342 5246 rursus
1375 5205 1586 5246 vocans.
1614 5190 1688 5245 lta
1727 5190 1884 5246 etiam
1930 5191 2058 5246 dicit

486 5285 712 5338 Paulus:
745 5283 806 5338 Si
834 5285 945 5353 quis
973 5284 1339 5354 superazdi/icat
1363 5301 1514 5352 super
1537 5285 1630 5337 hoc
1655 5282 2058 5352 fundamentum,

484 5391 694 5439 nurum,
743 5383 1036 5444 argentum,
1079 5373 1271 5438 lapides
1315 5375 1590 5442 pretiosos,
1623 5375 1760 5444 ligna
1784 5416 1800 5441 ,
1830 5374 2016 5443 [tetrum
2039 5413 2054 5439 ,

487 5467 724 5532 stipulam
754 5465 828 5537 (l.
859 5465 974 5520 Cor.
1002 5467 1056 5519 5.
1091 5463 1177 5534 l2)
1218 5483 1231 5518 :
1276 5465 1521 5520 virtutem
1569 5475 1623 5520 et
1661 5465 1840 5520 vitium
1874 5465 2058 5520 harum

490 5557 836 5610 materiarum
867 5556 1220 5625 appellatione
1251 5555 1552 5609 ostendens.
1596 5556 1669 5612 Ne
1697 5557 1837 5612 enim
1883 5557 2063 5612 existi-

490 5661 664 5700 mares
693 5646 807 5701 lucc
834 5662 955 5701 esse
981 5647 1052 5710 id,
1085 5645 1224 5715 quod
1249 5648 1402 5699 situtn
1428 5656 1505 5701 est
1537 5650 1756 5705 interius
1777 5693 1788 5714 ,
1815 5669 1916 5706 non
1937 5667 2059 5720 pcr-

492 5739 655 5792 miltit
685 5749 738 5794 ut
760 5754 878 5810 qua:
910 5749 1034 5795 sunt
1061 5750 1274 5794 externa
1305 5741 1635 5810 imaginaris,
1667 5745 1758 5800 sed
1786 5744 1921 5800 intra
1954 5757 2059 5802 tra-

1567 329 1919 392 EXPOSlTlO
1959 327 2019 382 ut
2061 325 2377 390 PSALMUM
2421 327 2594 382 ων.

3579 334 3696 386 ειη.

2118 439 2196 490 bit
2237 441 2624 509 cogitationem.
2673 443 3128 509 Quemadmodum
3173 445 3313 503 enim
3367 461 3559 519 eorp'ts
3609 454 3690 504 his

2114 531 2352 595 indutum
2376 575 2389 594 ,
2422 534 2696 601 μυιιιηιιιιι
2722 527 2941 605 apparet
2969 557 2982 591 :
3007 539 3076 591 ita
3107 551 3328 595 ornatur
3357 543 3530 596 anima
3557 544 3601 598 si
3621 545 3692 596 sit

2117 623 2306 678 virtute
2334 624 2532 680 induta.
2566 628 2994 683 15.Adducentuv'
3031 633 3134 701 regi
3168 634 3378 702 virgines
3419 645 3530 702 post
3559 654 3686 694 eain,

2115 713 2282 776 Alius,
2309 716 2609 784 Set/nentur.
2638 721 2808 785 Alius,
2842 722 3145 789 Olferentur.
3174 725 3434 781 Proxima:
3467 730 3575 798 ejus
3603 733 3687 799 af-

2115 810 2338 876 ferentur
2364 808 2470 862 tibi.
2499 809 2581 863 16.
2611 810 2898 877 A/Terentur
2935 817 2988 870 in
3013 815 3185 872 lwtitia
3225 827 3271 873 et
3314 822 3648 878 exsultatione
3677 841 3696 879 :

2116 896 2420 952 adducentur
2453 899 2504 952 in
2533 901 2771 972 templum
2806 906 2956 975 regis.

2201 988 2508 1060 l'irginitntis
2525 995 2620 1062 [los
2647 995 2790 1049 vestis
2815 995 3083 1064 Ecclesiae;
3114 999 3338 1056 Ecclesia
3361 1005 3481 1058 olim
3507 1009 3690 1062 sterilis

2122 1095 2252 1131 nunc
2302 1091 2374 1134 est
2429 1093 2584 1136 mater
2635 1086 2854 1152 ﬁliorum
2902 1089 3455 1149 innurnernbilium.—-
3503 1097 3694 1151 Vidisti

2126 1180 2302 1225 vestes
2347 1171 2674 1230 ﬁmbriatas?
2703 1178 2873 1232 vidisti
2919 1181 3169 1234 amictum
3206 1199 3422 1238 aureum
3445 1228 3480 1250 ,.
3507 1189 3688 1240 ﬂorent

2126 1262 2483 1330 virginitatis?
2516 1264 2640 1320 Haec
2678 1275 2762 1321 est
2789 1269 2948 1324 vesus
2979 1270 3248 1326 Ecclesize.
3278 1272 3569 1330 Considera
3601 1293 3682 1330 au-

2125 1359 2229 1404 tem
2277 1353 2405 1408 mihi
2457 1370 2614 1422 quani
2669 1368 2914 1413 accurate
2968 1359 3212 1431 loquatur
3255 1365 3530 1433 propheta.
3563 1368 3693 1433 Quia

2121 1439 2261 1496 enim
2289 1457 2394 1495 non
2425 1444 2638 1510 statim,
2670 1463 2788 1502 cum
2831 1447 3061 1518 primum
3091 1455 3376 1508 constituta
3407 1465 3488 1510 est
3513 1457 3696 1512 Eccle-

2121 1530 2231 1593 sia,
2269 1531 2445 1586 ﬂoruit
2490 1535 2689 1589 bonum
2729 1538 3078 1607 virginitatis,
3125 1543 3218 1598 sed
3265 1545 3537 1614 aliquanto
3578 1558 3696 1617 pest

2123 1631 2397 1692 tempore:
2432 1635 2712 1695 propterea
2762 1629 2874 1697 ipse
2923 1647 3136 1702 quoque
3181 1646 3364 1703 postea
3408 1635 3460 1692 id
3505 1640 3652 1707 ponit
3678 1681 3706 1704 ,.

2094 1768 2096 1770 .
2123 1730 2312 1784 nempe
2343 1727 2616 1786 postquam
2636 1735 2698 1773 ea
2725 1717 2889 1776 oblita
2917 1719 3072 1778 fuerit
3094 1725 3270 1794 populi
3309 1736 3360 1781 et
3389 1726 3576 1783 deiuus
3604 1745 3696 1798 pa-

2123 1805 2236 1866 tris,
2260 1817 2313 1861 et
2338 1807 2518 1862 induta
2539 1808 2694 1864 fuerit
2723 1810 2812 1866 illo
2839 1822 3026 1868 ornatu
3048 1855 3063 1877 ,
3085 1824 3140 1869 et
3165 1817 3344 1885 specie
3373 1833 3436 1874 ac
3461 1820 3694 1889 pulchri-

2124 1899 2304 1953 tudine
2330 1901 2612 1956 refulserit.
2633 1903 2700 1958 Et
2725 1905 2844 1961 ideo
2867 1906 3024 1961 dicit:
3051 1906 3178 1964 Post
3195 1926 3306 1965 eam
3326 1911 3568 1977 proxime
3586 1914 3694 1982 ejus

2122 1987 2412 2053 a/ferentur.
2444 1991 2720 2059 Proxima’,
2745 2009 2847 2049 non
2873 1996 2992 2050 loco
3014 2007 3236 2065 tantum,
3262 1999 3356 2054 sed
3383 2010 3436 2054 et
3457 2002 3695 2056 moribus

2122 2091 2174 2133 et
2218 2080 2550 2150 dogmatibus
2600 2097 2720 2139 cum
2767 2099 2826 2138 ea
2875 2097 3269 2156 congruentes;
3325 2089 3694 2150 haereticorum

2122 2169 2262 2224 enim
2293 2172 2520 2242 virgines
2546 2189 2649 2228 ttou
2672 2185 2813 2231 recte
2842 2177 3038 2232 dixeris
3063 2179 3324 2248 virgines;
3357 2197 3530 2250 neque
3554 2185 3697 2238 enim

2122 2271 2244 2316 sunt
2270 2263 2524 2330 proxima:
2569 2266 2782 2335 reginae.
2815 2266 3103 2334 Alfercutur
3129 2272 3182 2324 in
3211 2272 3384 2326 lcetitia
3403 2284 3449 2327 et
3470 2277 3694 2329 exsulta-

2124 2352 2276 2406 tione.
2306 2352 2432 2409 ‘r’ide
2468 2353 2555 2416 hic
2603 2355 2801 2412 dictum
2851 2360 3195 2428 apostolicnm
3240 2363 3610 2434 resplendere,
3643 2376 3712 2422 et.

2124 2444 2266 2498 illaut
2304 2446 2718 2502 enuntiationem
2749 2451 2955 2506 ostendi
2983 2453 3140 2506 etiam
3173 2455 3222 2507 in
3251 2455 3693 2524 pr0pheta.Qua:-

2125 2550 2246 2587 nam
2275 2544 2450 2588 autem
2474 2552 2533 2590 ea
2564 2539 2685 2592 est?
2716 2539 3103 2596 Tribulationem
3126 2544 3294 2597 carnis
3320 2544 3567 2599 habebunt
3583 2562 3698 2615 quia

2128 2626 2318 2679 nubunt
2367 2628 2441 2696 (l.
2471 2629 2586 2681 Cor.
2618 2631 2669 2682 7.
2709 2631 2832 2700 ‘28).
2872 2632 3325 2699 Quemadmodum
3373 2645 3547 2690 autem
3593 2636 3698 2691 illa:

2130 2715 2490 2780 altlietiouem,
2518 2718 2585 2772 ita
2632 2717 2712 2774 ha:
2756 2721 2986 2776 laetitiam
3030 2733 3082 2776 et
3123 2727 3552 2781 exsultationem.
3591 2726 3700 2780 Illa:

2129 2807 2274 2860 enim
2314 2807 2450 2862 (ilius
2493 2817 2546 2863 et
2589 2812 2858 2876 maritum,
2888 2811 3122 2879 domum,
3156 2813 3398 2881 famulos,
3425 2827 3700 2886 cognatos.

2130 2913 2344 2954 soceros
2364 2939 2380 2966 ,
2410 2915 2660 2970 generos,
2705 2911 2946 2971 nepotes,
2976 2903 3259 2960 liberorum
3311 2905 3722 2962 multitudinem.

2131 2990 2548 3061 corumdemque
2577 2992 2657 3047 vel
2684 2993 2948 3049 defectum
2977 2994 3057 3050 rel
3085 2997 3364 3054 orbitatem
3391 3013 3579 3053 curare
3608 3015 3701 3054 Co-

2130 3090 2323 3151 guntur
2369 3082 2565 3155 (neque
2611 3085 2752 3140 enim
2798 3101 2939 3141 nunc
2987 3097 3196 3154 tempus
3241 3099 3323 3144 est
3373 3090 3702 3146 describemli

2133 3172 2448 3244 multiplices
2477 3188 2632 3230 curas
2660 3177 3002 3248 matrimonii)
3025 3197 3036 3230 :
3060 3177 3203 3249 virgo
3229 3188 3404 3236 autem
3432 3181 3702 3246 cruciﬁxa,

2132 3271 2186 3318 et
2213 3278 2242 3315 a
2271 3265 2619 3332 pricsentibus
2646 3267 2887 3335 liberata,
2907 3277 2960 3324 et
2985 3283 3126 3326 curis
3151 3277 3216 3327 ad
3243 3269 3380 3326 hanc
3401 3273 3558 3326 vitam
3587 3289 3710 3343 pcr-

2133 3354 2420 3408 tinentibus
2445 3354 2629 3410 eﬂ‘ecta
2655 3360 2898 3428 superior
2924 3369 2976 3415 et
3002 3362 3188 3432 euripo
3217 3362 3438 3432 trajecto
3459 3406 3474 3430 ,
3517 3365 3569 3420 in
3602 3382 3706 3420 cai-

2132 3444 2240 3500 lum
2264 3447 2500 3516 quotidie
2528 3449 2845 3518 suSpiciens,
2870 3450 3059 3506 fruitur
3083 3452 3276 3523 gaudio
3304 3453 3554 3525 Spiritus,
3585 3474 3704 3527 per-

2133 3539 2367 3594 funditur
2408 3543 2778 3599 exsultatione.
2821 3545 2934 3600 Non
2983 3546 3154 3602 solum
3198 3557 3373 3604 autem
3426 3553 3724 3620 praesentia-

2136 3633 2427 3702 propheta,
2457 3635 2550 3690 sed
2577 3635 2734 3690 etiam
2777 3635 2951 3692 futura
2981 3638 3300 3704 subindicat,
3332 3642 3546 3711 quando
3588 3644 3718 3712 pol-—

2135 3723 2294 3778 chras
2319 3734 2375 3780 et
2401 3725 2708 3794 splendidas
2737 3727 3008 3796 lampades
3035 3729 3293 3788 habentes
3314 3732 3446 3786 ﬁunt
3473 3733 3708 3798 obviam,

2133 3830 2386 3884 sponsum
2411 3817 2735 3886 excipientes
2764 3818 2974 3887 (Matth.
3005 3819 3097 3876 25.
3121 3822 3197 3891 7).
3229 3822 3506 3894 Templum
3533 3832 3709 3877 autem

2137 3908 2275 3976 regis
2304 3907 2392 3962 hic
2421 3915 2573 3962 vocat
2597 3909 2794 3978 regiam
2820 3950 2836 3975 ,
2865 3918 2919 3963 et
2952 3912 3132 3978 sponsi
3165 3911 3456 3968 thalamum
3481 3913 3712 3984 appellat

2139 3996 2352 4051 cubilia.
2386 3997 2472 4050 17.
2505 3997 2610 4050 Pro
2641 3997 2863 4066 patribus
2883 3999 2982 4052 tuis
3015 4003 3122 4052 nati
3147 4012 3260 4056 sunt
3289 4005 3385 4071 ﬁlii
3416 4006 3508 4058 tui.
3541 4005 3710 4064 Alius,

2144 4088 2307 4142 Erunt
2328 4087 2414 4142 tibi
2435 4087 2532 4156 ﬁlii
2557 4087 2911 4154 tui.Qnoniam
2933 4078 3176 4158 superius
3201 4095 3440 4148 meminit
3465 4096 3643 4164 pepuli
3659 4105 3716 4149 et

2145 4186 2444 4249 parentum,
2461 4177 2645 4235 dicens
2671 4195 2684 4232 :
2707 4177 3007 4234 Obliviscere
3030 4182 3207 4249 populi
3231 4183 3302 4236 tui
3317 4223 3332 4245 .
3353 4193 3398 4237 et
3419 4186 3598 4238 domus
3619 4202 3712 4255 pa-

2146 4272 2235 4325 tris
2261 4271 2335 4324 tui
2355 4285 2376 4325 :
2400 4270 2684 4327 ostendens
2723 4272 2775 4327 in
2808 4272 2908 4328 hoc
2949 4289 3158 4344 quoque
3187 4275 3362 4329 omnia
3392 4276 3440 4330 ei
3469 4277 3638 4332 fausta
3666 4289 3722 4330 ct

2151 4376 2397 4432 prospera
2422 4362 2611 4428 futura,
2643 4363 2742 4420 hoc
2777 4364 3065 4434 subiunxit.
3095 4366 3224 4433 Qua:
3251 4368 3391 4422 enim
3413 4377 3532 4424 erat
3565 4371 3721 4424 steri-

2149 4455 2232 4520 lis,
2267 4464 2345 4509 est
2376 4465 2542 4509 mater
2578 4457 2802 4511 lllioruut
2841 4457 3328 4516 innumerabilium.
3362 4461 3734 4529 Quamobrem

2149 4546 2353 4599 etiamsi
2385 4549 2563 4602 avulsa
2593 4564 2651 4602 cs
2680 4565 2707 4602 a
2741 4551 3045 4618 parentibus
3067 4593 3082 4615 ,
3128 4561 3182 4608 at
3231 4562 3440 4609 tuorum
3489 4555 3718 4610 liliormn

2148 4636 2296 4693 chori
2323 4647 2477 4693 erunt
2499 4639 2630 4694 adeo
2661 4640 2786 4694 clari
2813 4682 2826 4706 ,
2856 4641 3087 4713 insignes
3115 4651 3169 4698 et
3195 4645 3444 4715 illustres,
3477 4654 3532 4702 ut
3555 4657 3722 4702 totum

2150 4730 2333 4785 orbem
2364 4743 2622 4786 terrarum
2653 4731 2926 4803 impleant.

2225 4823 2310 4877 i3.
2353 4823 2475 4876 Mihi
2517 4830 2692 4878 autem
2723 4823 2926 4879 ridetur
2946 4825 3122 4882 dicere
3148 4829 3417 4898 apostolos
3439 4872 3453 4897 ,
3477 4832 3564 4902 qui
3608 4831 3724 4886 fue-

2155 4927 2278 4972 runt
2304 4919 2354 4972 in
2380 4933 2441 4971 ea
2484 4917 2748 4973 doctores.
2784 4918 2983 4975 Deinde
3008 4919 3312 4977 describens
3334 4939 3516 4979 eorum
3551 4927 3685 4978 vires
3709 4966 3722 4987 ,

2159 5009 2444 5079 potentiam
2491 5019 2544 5064 et
2571 5009 2814 5080 gloriam,
2846 5011 2970 5065 dicit
3000 5028 3014 5066 :
3047 5013 3322 5069 Constitues
3356 5030 3439 5068 eos
3475 5015 3726 5083 principes

2156 5117 2306 5171 super
2345 5116 2542 5154 omnem
2582 5111 2783 5155 terram.
2813 5101 3055 5172 Egentne
3099 5105 3212 5158 hanc
3249 5103 3731 5171 interpretatione?

2163 5194 2274 5263 Ego
2301 5193 2512 5260 quidem
2543 5209 2646 5246 non
2689 5194 2956 5262 existimo,
2984 5194 3430 5265 quemadmodum
3475 5207 3575 5248 nec
3615 5193 3694 5247 sol
3718 5234 3732 5256 ,

2162 5284 2374 5354 quando
2401 5294 2482 5338 est
2510 5284 2820 5355 splendidus
2847 5303 2861 5340 :
2894 5303 3012 5356 qua:
3043 5295 3220 5340 autem
3262 5283 3400 5342 dicta
3442 5290 3594 5350 sunt,
3623 5284 3741 5338 sola

2162 5385 2287 5431 sunt
2311 5375 2554 5430 clariora.
2585 5375 2897 5434 Universum
2925 5377 3068 5434 enim
3099 5376 3284 5430 urbem
3325 5384 3585 5430 terrarum
3617 5391 3739 5445 per-

2163 5481 2413 5523 vaserunt
2439 5470 2685 5538 apostoli,
2715 5485 2776 5523 ac
2800 5471 2977 5524 verius
3010 5467 3273 5538 principes
3305 5466 3518 5522 fuerant
3539 5507 3553 5533 ,
3577 5485 3732 5538 quam

2166 5562 2262 5631 ipsi
2315 5545 2596 5629 principes,
2629 5563 2943 5630 regibusque
2982 5561 3326 5630 potentiores.
3373 5561 3545 5631 [iuges
3596 5565 3734 5617 enim

2163 5656 2286 5708 dum
2314 5657 2496 5708 vivunt
2519 5655 2841 5708 dominatum
2869 5655 3112 5710 obtinent
3138 5671 3149 5706 :
3181 5655 3241 5709 iis
3270 5665 3444 5710 autem
3476 5656 3699 5709 mortuis
3723 5694 3739 5717 ,

2169 5747 2431 5804 intercidit
2461 5745 2798 5813 dominatus;
2833 5746 2884 5802 hi
2931 5754 3047 5818 post
3087 5760 3309 5804 mortem
3359 5748 3531 5802 verius
3577 5747 3741 5812 impe-
