4112 6214
496 342 602 398 203

495 468 635 512 rant.
660 456 725 512 Et
743 470 928 526 regum
954 454 1167 526 quidem
1207 455 1352 525 leges
1379 466 1507 510 ratae
1546 464 1670 510 sunt
1697 465 1750 510 et
1777 456 1964 512 valida:
1992 458 2073 512 in-

496 558 575 601 tra
605 562 790 602 eorum
822 546 975 611 lines,
992 545 1138 616 jussa
1165 556 1342 600 autem
1388 547 1707 615 piscatorum
1739 562 1833 616 per
1857 548 2074 604 univer-

495 652 613 691 sum
636 638 822 693 orbem
866 647 1022 692 terrae
1047 647 1263 692 extensa
1309 647 1454 690 sunt.
1484 635 1778 704 Imperator
1807 637 2076 692 Romano-

493 744 610 783 rum
633 728 812 784 Persis
833 743 938 782 non
971 737 1146 798 posset
1179 727 1317 780 ferre
1338 726 1484 796 leges
1507 765 1523 791 ,
1555 741 1652 781 nec
1677 727 1958 782 Persarum
1983 745 2076 783 rex

492 827 675 889 posset
712 817 853 874 ferre
896 819 1043 888 leges
1094 817 1386 872 Romanis:
1414 816 1467 870 hi
1511 827 1688 872 autem
1716 817 1981 874 Palaestini
2021 830 2078 876 et

491 911 694 978 Persis,
719 920 775 966 ct
805 911 1079 975 Romanis,
1111 920 1166 966 et
1193 909 1488 964 Thracibus
1515 919 1571 964 et
1607 908 1822 982 Scythis
1846 954 1862 979 ,
1890 921 1942 968 et
1988 913 2075 968 ln-

491 1003 606 1068 dis,
632 1011 687 1056 et
731 1001 949 1067 Mauris,
977 1009 1034 1057 et
1083 1001 1334 1055 universo
1376 999 1607 1070 denique
1644 1002 1762 1056 orbi
1815 1011 2073 1058 terrarum

488 1095 635 1165 leges
657 1094 920 1150 dederunt
947 1112 960 1144 :
989 1109 1087 1149 nec
1125 1094 1296 1150 solum
1321 1093 1445 1148 dum
1475 1094 1511 1149 ii
1540 1095 1800 1162 viverent,
1830 1095 1994 1150 firmze
2021 1109 2076 1153 et

489 1196 620 1242 rata:
665 1187 920 1252 fuerunt,
973 1187 1067 1242 sed
1127 1186 1210 1241 his
1252 1187 1414 1242 etiam
1475 1189 1698 1243 mortuis
1745 1191 2074 1246 confirmata:

489 1287 614 1332 sunt
641 1294 654 1332 :
685 1286 741 1334 et
765 1279 854 1349 qui
883 1293 978 1333 eas
1022 1279 1168 1350 leges
1209 1289 1554 1348 acceperunt,
1587 1280 1807 1335 mallent
1841 1283 2072 1337 animam

495 1369 690 1424 millies
715 1368 1060 1441 profundere,
1092 1385 1252 1440 quam
1275 1371 1343 1425 ab
1363 1370 1464 1424 iliis
1491 1370 1812 1427 desciscere.
1844 1372 1930 1428 18.
1960 1372 2072 1426 Me-

487 1476 600 1514 ntor
626 1476 710 1515 ero
731 1461 947 1515 nominis
976 1460 1051 1514 tui
1078 1461 1129 1515 in
1157 1461 1298 1514 omni
1320 1463 1639 1533 generatione
1665 1470 1709 1515 et
1733 1463 2069 1533 generatione.

494 1551 769 1622 Propterea
807 1553 984 1625 populi
1008 1552 1383 1623 conﬁtebuntur
1422 1555 1511 1608 tibi
1547 1556 1598 1608 in
1637 1565 1907 1621 a-ternum,
1935 1565 1980 1609 et
2019 1556 2073 1610 in

486 1647 730 1702 scculum
751 1647 946 1701 sa'culi.
977 1647 1151 1711 Alius,
1183 1646 1445 1701 Reuocabo
1475 1647 1529 1700 in
1558 1647 1853 1702 memoriam
1889 1663 2072 1702 nomen

488 1750 631 1792 tuum
660 1738 714 1792 in
752 1753 1048 1808 unaquaque
1074 1737 1409 1808 generatione.
1432 1736 1710 1805 Propterea
1747 1737 1925 1808 pepuli
1955 1735 2070 1791 lau-

486 1832 678 1885 dabunt
704 1841 751 1883 te
779 1839 1019 1900 perpetuo
1039 1827 1140 1901 (a).
1167 1829 1338 1894 Alius,
1366 1829 1582 1897 Propter
1607 1829 1701 1883 hoc
1736 1830 1913 1900 populi
1945 1845 2070 1883 con-

486 1922 758 1990 ﬁtebuntur
780 1920 887 1974 tibi.
915 1920 1054 1974 Dixit
1082 1919 1498 1988 magnitudinem
1531 1920 1876 1989 principatus,
1896 1933 1925 1972 a
1955 1919 2072 1973 lon-

485 2015 725 2087 gitudine
759 2024 938 2081 teme,
967 2029 997 2068 a
1026 2013 1307 2069 latitudine
1335 2013 1482 2068 orbis
1509 2023 1770 2068 terrarum
1788 2053 1802 2075 ,
1834 2027 1864 2066 a
1890 2012 2069 2067 multi-

484 2108 669 2164 tudine
714 2107 950 2178 gentium
1032 2121 1151 2177 qua:
1205 2105 1462 2176 subjecta
1520 2113 1663 2160 sunt.
1714 2104 1851 2158 Dicit
1907 2104 2067 2160 etiam

481 2198 696 2255 aliunde
725 2199 842 2269 ejus
870 2199 1264 2264 auctoritatem,
1292 2197 1433 2269 quod
1465 2212 1568 2252 non
1599 2196 1772 2252 solum
1815 2195 2070 2252 extende-

484 2300 572 2346 tur
598 2305 695 2360 per
730 2291 1034 2345 universum
1067 2290 1249 2344 orbem
1295 2299 1557 2344 terrarum
1580 2329 1596 2354 ,
1625 2287 1719 2343 sed
1763 2287 1926 2342 etiam
1969 2301 2067 2357 per

481 2381 789 2435 universum
839 2395 1031 2435 aavum.
1079 2379 1400 2434 Immortalis
1443 2379 1605 2444 enim,
1636 2378 1823 2448 inquit,
1851 2378 1950 2432 erit
1995 2377 2070 2432 tui

481 2472 766 2539 memoria,
795 2471 1062 2541 descripta
1088 2469 1142 2525 in
1173 2470 1322 2525 libris
1352 2471 1569 2533 nostris,
1591 2467 1857 2538 descripta
1889 2468 1940 2523 in
1979 2483 2072 2524 re-

478 2565 580 2620 bus
623 2545 878 2634 publicis,
903 2563 1168 2633 descripta
1223 2562 1273 2616 in
1311 2560 1613 2633 praeceptis.
1637 2557 1770 2613 Vide
1798 2558 2068 2629 quomodo

476 2671 591 2710 sua:
614 2669 824 2726 quoque
855 2653 1148 2724 prophetia:
1183 2651 1422 2722 prrcdicit
1465 2651 1891 2721 perpetuitatem.
1932 2649 2065 2704 Cum

476 2746 620 2802 enim
646 2745 798 2808 dixit,
831 2743 1029 2799 Memor
1055 2759 1138 2798 ero
1159 2741 1375 2797 nominis
1413 2743 1486 2796 tui
1509 2741 1562 2796 in
1602 2741 1738 2796 omni
1753 2741 2069 2812 generatione

476 2847 524 2890 et
551 2837 890 2909 generatione,
919 2834 1022 2890 hoc
1044 2832 1380 2904 significavit.
1410 2831 1522 2887 Etsi
1545 2847 1692 2904 ergo,
1713 2832 1900 2902 inquit.
1925 2848 2068 2886 mur-

478 2942 601 2986 tuus
643 2928 828 2994 fuero,
857 2938 909 2983 te
955 2933 1132 2982 tamen
1175 2923 1402 2981 cantabo
1429 2924 1512 2980 vel
1568 2923 1823 2978 moriens.
1856 2921 2067 2994 Corpus

474 3023 618 3079 enim
643 3021 1007 3076 dissolvetur:
1035 3019 1205 3075 litera:
1241 3027 1420 3074 autem
1456 3025 1706 3084 manent,
1739 3025 1793 3072 et
1831 3017 1914 3071 lex
1947 3031 2066 3086 per-

479 3125 660 3186 petua.
691 3113 971 3184 Propterea
996 3112 1173 3182 populi
1193 3110 1566 3180 confitebuntur
1583 3109 1852 3166 tibi.Unde
1879 3125 2062 3180 cmpe-

479 3217 594 3274 rat,
618 3207 747 3262 illuc
771 3205 989 3271 desinit,
1004 3219 1195 3273 nempe
1217 3204 1268 3258 in
1289 3203 1582 3258 Christum.
1603 3200 1904 3272 Propterea.
1929 3201 2064 3256 Pro-

478 3309 600 3370 pter
627 3297 916 3370 quamam?
939 3294 1092 3363 Quod
1120 3303 1197 3350 tot
1223 3304 1277 3350 et
1301 3303 1443 3350 tanta
1472 3302 1619 3349 recte
1643 3293 1897 3363 gesseris,
1920 3291 2061 3364 quod

475 3391 610 3447 tales
652 3390 922 3461 principes
948 3387 1292 3444 constitueris
1317 3427 1331 3450 ,
1361 3385 1505 3456 quod
1546 3385 1735 3440 vitium
1777 3385 2056 3456 exegeris,

474 3482 619 3552 quod
669 3483 920 3536 virtutem
967 3479 1322 3550 plantavcris,
1354 3476 1496 3547 quod
1551 3485 1787 3531 nostram
1813 3488 2056 3554 naturam

474 3571 846 3642 ilesponderis,
877 3570 1018 3642 quod
1042 3569 1157 3624 haec
1186 3569 1323 3624 bona
1351 3557 1636 3622 ineffabilia
1669 3566 1860 3623 feceris
1889 3583 1903 3620 :
1937 3567 2060 3622 uni-

483 3681 675 3720 versus
717 3663 863 3720 orbis
893 3673 1050 3718 terra:
1079 3661 1171 3716 tibi
1201 3659 1412 3715 laudem
1442 3658 1650 3723 offeret,
1683 3674 1789 3712 non
1835 3658 1886 3712 in
1915 3657 2061 3714 brevi

478 3767 721 3824 tempore
741 3795 758 3821 ,
791 3768 889 3809 nec
911 3754 966 3808 in
996 3752 1202 3815 decem,
1236 3760 1290 3806 et
1319 3749 1537 3820 viginti,
1569 3757 1624 3805 et
1647 3758 1857 3805 centum
1885 3749 2058 3816 annis,

476 3863 575 3904 nec
599 3848 651 3902 in
680 3854 830 3917 parte
853 3845 997 3900 orbis
1026 3853 1289 3899 terrarum
1309 3883 1325 3910 ,
1355 3842 1449 3897 sed
1475 3851 1614 3898 terra
1639 3850 1695 3897 et
1722 3857 1869 3896 mare
1886 3883 1902 3906 ,
1931 3857 2050 3912 quae

474 3947 559 3993 est
604 3935 906 3992 habitabilis
957 3934 1135 4005 regio,
1189 3942 1244 3988 et
1294 3948 1414 4004 quas
1467 3947 1572 3986 non
1596 3932 1929 3997 habitabilis,
1964 3948 2062 4002 per

479 4042 640 4084 nume
664 4042 836 4083 aevum
860 4034 1086 4090 canent,
1115 4024 1313 4095 gratias
1337 4033 1556 4094 agentes
1584 4039 1680 4093 pro
1699 4024 1854 4081 bonis
1881 4040 2001 4096 qua:
2029 4040 2060 4080 a

488 4133 540 4177 te
567 4129 906 4191 acceperunt.
934 4118 1036 4173 Pro
1068 4118 1151 4172 his
1194 4125 1370 4172 autem
1419 4117 1666 4172 omnibus
1709 4131 1810 4172 nos
1849 4133 2062 4188 quoque

482 4213 681 4282 gratias
727 4225 950 4282 agamus
994 4208 1222 4279 benigno
1276 4216 1332 4262 et
1378 4207 1629 4262 clementi
1672 4206 1886 4263 Christo
1918 4226 1932 4262 :
1964 4223 2063 4278 per

475 4321 663 4376 quem,
686 4315 740 4360 et
764 4319 884 4360 cum
908 4318 1015 4373 quo
1037 4300 1175 4356 Patri
1202 4299 1369 4370 g'oria
1395 4300 1551 4354 simul
1575 4315 1696 4354 cum
1727 4310 1913 4355 sancto
1939 4300 2062 4370 Spi-

475 4400 756 4460 ritu,nanc
781 4404 835 4450 et
863 4407 1096 4463 semper,
1110 4400 1165 4447 et
1195 4391 1246 4444 in
1273 4391 1466 4444 smcula
1494 4390 1838 4448 surculorum.
1866 4391 2056 4446 Amen.

933 4504 997 4560 IN
1035 4501 1352 4560 PSALMUSI
1394 4501 1552 4556 XLV.

471 4620 530 4675 4.
572 4618 637 4673 In
663 4619 815 4688 ﬁnem
845 4633 935 4689 pro
955 4616 1075 4687 filiis
1095 4613 1255 4676 Core,
1283 4630 1376 4683 pro
1422 4614 1642 4668 areanis.
1667 4614 1815 4670 Alius
1834 4655 1850 4682 ,
1892 4613 2060 4669 Victo-

551 4713 694 4766 torite
717 4711 911 4764 auctori
940 4708 1164 4779 filiorum
1191 4706 1338 4763 Core.
1363 4707 1511 4762 Alius
1532 4747 1546 4771 ,
1575 4706 1681 4762 Pro
1711 4708 2059 4763 adolescentiis

548 4804 801 4856 canticum
831 4799 926 4873 (b).

477 4919 530 4973 2.
577 4915 715 4970 Deus
758 4923 924 4969 noster
964 4913 1215 4984 refugium
1245 4920 1291 4966 et
1334 4911 1742 4982 oirtus.adjutor
1772 4912 1824 4966 in
1851 4911 2060 4966 tribula-

545 5009 911 5078 tionibus,qute
934 5007 1224 5059 invenerunt
1243 5021 1334 5058 nos
1357 5003 1524 5058 nimis.
1552 5002 1722 5068 Alius,
1740 5002 1806 5057 In
1822 5005 2061 5075 afflictio-

549 5100 695 5154 nibus
741 5099 988 5153 inuentus.
1030 5095 1085 5151 3.
1121 5093 1397 5164 Propterea
1448 5110 1547 5148 non
1595 5093 1875 5148 timebimus
1940 5094 2062 5149 dum

549 5194 830 5250 turbabitttr
849 5202 1004 5257 terra,
1023 5199 1069 5244 et
1089 5193 1453 5258 transferentur
1475 5198 1665 5242 montes
1695 5189 1746 5240 in
1774 5203 1860 5242 cor
1883 5188 2060 5245 maris.

551 5310 605 5364 l.
643 5307 812 5365 Solita
835 5306 1002 5363 utitur
1030 5299 1368 5374 philosophia
1398 5298 1656 5369 propheta
1687 5313 1717 5352 a
1744 5297 1906 5355 rebus
1938 5299 2059 5370 qui-

541 5407 614 5470 (a)
649 5408 769 5474 Dec
787 5404 952 5474 lectio
971 5411 1072 5474 gest
1093 5403 1286 5470 Aquila
1313 5412 1366 5456 et
1393 5404 1690 5474 Symmachi,
1730 5411 1786 5474 ut
1808 5405 1989 5474 videas
2008 5403 2057 5455 in

478 5467 738 5542 H9359“!-
787 5470 1042 5542 !tostetier
1064 5467 1678 5542 .suiem,.we,_!9§!°9}i
1703 5467 1808 5542 -ῐιίο
1850 5467 2062 5542 θετετιιετ

479 5526 684 5588 tbtdein,
707 5528 971 5583 laudabunt
989 5537 1034 5583 te
1059 5528 1109 5580 in
1137 5526 1321 5581 saecula
1353 5531 1586 5592 perpetuo
1610 5526 1896 5592 (ὑμνήσουσί
1917 5545 1974 5576 σε
1995 5530 2061 5584 εἰς

479 5591 633 5640 αἰῶνα
654 5594 923 5654 διηνεκῶς).
1215 5635 1228 5654 ,
1319 5634 1332 5654 ,

546 5660 615 5772 (1b)
643 5661 938 5734 Rebraicmn
969 5669 1050 5714 est
1101 5657 1418 5729 mm.
1456 5672 1604 5723 super
1644 5657 1864 5712 Alamoth
1887 5661 2058 5730 :_quod

482 5721 560 5794 lle
596 5730 836 5774 ratzantes
874 5737 987 5794 esse
1028 5729 1204 5787 putant
1241 5723 1324 5772 vel
1372 5730 1755 5772 instrumentum
1799 5735 2056 5782 musicum,

482 5787 562 5832 vel
589 5798 750 5842 genus
779 5787 1062 5836 cantilenae.

1241 341 1296 396 S.
1337 340 1616 397 JOANNIS
1653 340 2125 400 CIIRYSOSTOMI
2163 345 2483 405 ARClllEP.
2522 349 3054 410 CONSTANTINOP.

3664 359 3760 416 9οδ

2186 461 2308 516 dem
2347 463 2412 516 ad
2447 462 2584 519 hanc
2626 465 2786 520 vitam
2821 469 3206 537 pertinentibus
3246 485 3345 526 nos
3386 471 3684 538 abducens,
3715 494 3762 531 tu

2184 566 2332 622 spem
2380 563 2556 609 autem
2595 571 2878 626 supernam
2909 558 3204 615 auditorem
3230 562 3460 631 erigens.
3479 561 3556 616 Ne
3593 564 3760 632 mihi,

2184 641 2374 711 inquit,
2403 643 2600 699 dixeris
2653 661 2822 715 arma,
2851 663 3064 714 muros,
3095 659 3150 704 et
3176 650 3364 719 fossas,
3394 667 3493 706 nec
3517 656 3758 724 pecunias

2181 733 2410 800 ciipiam,
2437 750 2536 789 nec
2581 737 2655 791 rei
2704 739 2951 794 militaris
3007 741 3311 808 scientiam,
3367 758 3465 798 nec
3504 759 3762 815 equorum

2183 825 2599 892 multitudinem,
2629 844 2728 884 nec
2755 845 2931 897 arcus,
2962 834 3179 902 sagittas
3205 844 3262 888 et
3288 834 3502 902 loricas,
3533 851 3636 890 non
3670 853 3763 892 so-

2180 913 2386 969 ciorum
2435 915 2610 982 vires,
2657 933 2762 972 non
2815 919 3039 975 militum
3088 921 3408 992 phalanges,
3438 940 3543 978 non
3595 927 3765 981 robur

2177 1005 2440 1072 corporis,
2481 1014 2537 1061 et
2581 1007 2812 1063 hostium
2855 1010 3258 1080 experientiam.
3291 1011 3426 1068 Sunt
3461 1014 3602 1069 cnim
3647 1015 3765 1073 hac

2179 1096 2358 1149 omnia
2383 1111 2591 1152 aranea:
2613 1098 2714 1154 tela
2742 1108 2796 1155 et
2821 1102 3007 1156 umbra
3039 1104 3398 1160 imbecilliora.
3421 1107 3525 1160 Sed
3559 1109 3600 1162 si
3632 1113 3763 1165 velis

2181 1183 2360 1239 videre
2387 1186 2567 1256 copias
2591 1187 3022 1260 inexpugnabiles
3043 1233 3056 1257 ,
3089 1192 3347 1263 refugium
3381 1197 3758 1266 insuperabile,

2180 1274 2486 1344 praesidium
2516 1277 2658 1347 quod
2705 1293 2813 1334 non
2852 1279 3030 1351 diripi,
3062 1292 3263 1337 turrem
3310 1302 3428 1354 qua:
3458 1286 3758 1344 labefactari

2179 1378 2286 1418 non
2335 1373 2530 1434 potest,
2572 1367 2638 1422 ad
2691 1369 2854 1424 Deum
2897 1371 3158 1442 confuge,
3195 1373 3333 1429 vires
3372 1375 3490 1430 illas
3531 1381 3756 1433 attrahe.

2177 1453 2344 1510 Recte
2373 1466 2550 1512 autem
2577 1458 2711 1514 dixit
2736 1501 2752 1527 ,
2781 1460 2917 1515 Deus
2945 1463 3196 1533 refugium
3228 1476 3452 1520 nostrum
3477 1477 3524 1522 et
3553 1470 3709 1524 uirtus
3738 1488 3759 1526 :

2177 1548 2463 1603 ostendens
2489 1565 2587 1605 nos
2609 1551 2892 1622 aliquando
2921 1552 3185 1624 fugientes
3209 1557 3441 1623 vincere,
3473 1559 3758 1630 aliquando

2176 1648 2380 1695 stantes
2405 1649 2459 1696 et
2485 1654 2796 1712 pugnantes.
2823 1643 3117 1716 Utrumque
3145 1650 3288 1702 enim
3318 1658 3531 1718 oportet
3556 1649 3752 1717 facere,

2176 1737 2230 1783 et
2269 1739 2454 1786 contra
2484 1731 2722 1800 tendere,
2747 1742 2802 1788 et
2845 1736 3136 1794 declinare.
3181 1737 3294 1792 Hoc
3332 1739 3491 1794 etiam
3533 1739 3758 1798 faciebat

2175 1819 2372 1876 Paulus
2395 1862 2410 1887 ,
2443 1823 2728 1893 aliquando
2757 1826 2970 1896 quidem
2997 1828 3194 1883 cedens
3214 1870 3228 1894 ,
3258 1829 3544 1898 aliquando
3573 1844 3748 1888 autem

2176 1913 2438 1971 insultans
2486 1916 2550 1970 iis
2575 1917 2664 1987 qui
2708 1919 3125 1975 adversabantur
3151 1922 3314 1976 verbo
3348 1924 3609 1982 veritatis.
3639 1926 3749 1980 lloc

2173 2020 2384 2076 quoque
2405 2005 2650 2062 Christus
2679 2007 2906 2064 faciebat
2936 2019 2993 2064 ut
3013 2027 3110 2065 nos
3136 2013 3390 2068 doceret:
3415 2015 3516 2069 hoc
3543 2031 3756 2087 quoque

2174 2109 2272 2151 nos
2299 2104 2512 2166 oportet
2540 2096 2748 2162 facere,
2776 2108 2832 2154 et
2860 2109 3006 2156 recte
3034 2116 3359 2172 cognomere
3385 2107 3754 2175 opportunita-

2176 2196 2281 2242 tem
2334 2189 2626 2259 temporis,
2659 2201 2714 2246 et
2759 2208 2916 2248 orare
2944 2193 3156 2264 quidem
3201 2210 3270 2250 ne
3312 2197 3672 2268 ingrediamur
3700 2202 3751 2254 in

2176 2281 2542 2350 tentationem,
2570 2283 2859 2339 secundum
2911 2285 3039 2340 illud
3080 2286 3280 2342 dictqu
3333 2289 3703 2360 evangelicum
3736 2311 3751 2348 :

2173 2371 2263 2426 ubi
2292 2381 2468 2427 autem
2496 2373 2794 2442 advenerit,
2814 2392 2917 2430 non
2943 2392 3062 2433 esse
3085 2378 3230 2432 molli
3261 2389 3315 2434 et
3333 2381 3521 2450 ignavo
3547 2384 3749 2449 animo,

2173 2462 2269 2518 sed
2310 2460 2519 2519 fortiter
2547 2467 2816 2521 resistere.
2845 2467 3062 2539 Adjutor
3087 2469 3141 2523 in
3171 2470 3574 2528 tribulationibus
3597 2516 3612 2539 ,
3641 2493 3753 2545 qua:

2170 2557 2460 2612 inuenerunt
2507 2575 2598 2614 nos
2635 2563 2801 2615 nimis.
2827 2560 2978 2630 Quud
3023 2579 3167 2634 saepe
3207 2565 3336 2633 dixi,
3363 2583 3505 2622 nunc
3544 2583 3754 2638 quoque

2170 2649 2332 2704 dico:
2366 2667 2472 2705 non
2520 2653 2767 2721 prohibet
2812 2654 3097 2724 quominus
3143 2656 3358 2711 veniant
3402 2656 3744 2724 alﬂictiones,

2169 2741 2265 2796 sed
2287 2741 2374 2796 ubi
2403 2742 2735 2812 advenerint,
2759 2747 2981 2814 assistit,
3009 2762 3107 2802 nos
3136 2744 3272 2818 frugi
3311 2760 3366 2804 et
3396 2751 3593 2818 probos
3631 2751 3750 2806 efti-

2167 2830 2336 2886 ciens.
2364 2830 2496 2887 Illud
2539 2843 2715 2888 autem
2762 2834 2951 2902 Nimis,
3000 2846 3090 2892 aut
3149 2837 3325 2906 Valde,
3357 2839 3747 2912 adjungendutn

2168 2932 2252 2978 est
2278 2924 2350 2978 illi
2380 2925 2518 2993 voci,
2545 2925 2779 2997 Adjutor.
2811 2927 2992 2999 Neque
3035 2930 3175 2984 enim
3215 2931 3368 3000 leve,
3402 2935 3495 2988 sed
3546 2935 3750 3006 insigne

2168 3010 2276 3066 fert
2305 3014 2582 3082 auxilium,
2612 3017 2728 3087 plus
2755 3019 2999 3087 praebens
3024 3019 3199 3074 solatii
3234 3036 3297 3075 ex
3329 3037 3430 3092 ope
3458 3023 3562 3078 lata
3592 3040 3747 3095 quam

2166 3102 2237 3158 sit
2290 3113 2538 3175 suscepta
2592 3108 2831 3164 molesﬁa
2888 3123 2956 3164 ex
3003 3108 3401 3168 afflictionibus.
3443 3113 3558 3169 Non
3606 3115 3748 3172 enim

2166 3204 2424 3265 quantum
2473 3198 2734 3253 malorum
2762 3199 2997 3256 conditio
3039 3202 3309 3272 postulat,
3343 3212 3548 3259 tantum
3597 3207 3748 3261 nobis

2166 3285 2369 3355 praebet
2395 3289 2646 3344 auxilium
2669 3331 2685 3358 ,
2714 3290 2809 3346 sed
2838 3291 2995 3362 longe
3023 3295 3216 3363 majus.
3252 3292 3532 3366 Propterea
3561 3314 3660 3352 non
3687 3298 3748 3351 ti-

2164 3375 2405 3432 mebimus
2421 3421 2436 3446 ,
2465 3380 2635 3450 inquit
2655 3422 2671 3448 ,
2691 3381 2814 3435 dum
2841 3382 3122 3437 turbabitur
3144 3386 3463 3441 terra.\'ides
3483 3388 3748 3458 quomoda

2165 3466 2338 3537 majus
2364 3479 2419 3526 et
2460 3472 2616 3542 longe
2651 3473 2917 3540 copiosius
2948 3472 3050 3528 fert
3078 3475 3370 3530 auxilium?
3398 3477 3512 3531 Non
3559 3479 3734 3534 solu

2165 3564 2306 3619 enim
2338 3563 2504 3627 dixit,
2538 3563 2652 3618 Non
2682 3565 2974 3634 capientur,
3004 3579 3103 3620 nee
3133 3567 3400 3628 cademns,
3432 3568 3548 3634 sed,
3583 3567 3658 3623 Ne
3688 3569 3739 3623 id

2165 3657 2379 3728 quidem
2428 3658 2729 3727 patiemur,
2773 3659 2912 3728 quod
2961 3668 3043 3714 est
3095 3671 3297 3715 natura:
3345 3662 3655 3730 proprium,
3686 3672 3745 3718 ut

2165 3756 2462 3803 terreamur
2482 3757 2537 3803 et
2563 3748 2866 3804 timeamus.
2885 3748 3166 3806 Undenam
3195 3760 3372 3806 autem
3397 3750 3499 3807 hoc
3525 3753 3745 3808 evenit?

2165 3837 2247 3892 Ex
2276 3852 2342 3892 eo
2389 3840 2528 3908 quod
2575 3839 2646 3894 sit
2681 3838 2955 3909 copiosum
2997 3841 3270 3896 auxilium.
3302 3841 3521 3898 Terram
3567 3853 3744 3898 autem

2165 3929 2274 3995 hic,
2307 3939 2361 3985 et
2387 3941 2617 3998 montes,
2650 3941 2704 3986 et
2727 3947 2822 3988 cor
2847 3933 3030 4000 maris,
3059 3950 3166 3990 non
3189 3935 3313 3991 dicit
3336 3937 3622 4004 elementa,
3651 3939 3745 3993 sed

2163 4036 2348 4077 eorum
2377 4025 2594 4079 nomine
2623 4024 2978 4080 intolerabilia
3033 4029 3262 4096 pericula
3317 4029 3600 4100 significat.
3637 4031 3746 4085 Etsi

2163 4112 2363 4178 omnia,
2395 4112 2598 4183 inquit,
2631 4115 2902 4170 videamus
2945 4117 3184 4182 confusa,
3215 4118 3424 4172 etiamsi
3473 4121 3748 4188 perturba-

2166 4204 2363 4259 tionem
2415 4205 2570 4274 plane
2619 4205 3044 4270 intolerabilem,
3073 4207 3170 4259 etsi
3219 4221 3282 4259 ea
3323 4208 3503 4262 omnia
3533 4210 3747 4266 evenire

2161 4308 2282 4364 qua:
2325 4310 2611 4366 numquam
2657 4295 2794 4350 facta
2846 4295 3078 4360 fuerunt,
3106 4295 3317 4350 etiamsi
3347 4295 3513 4365 ipsam
3538 4339 3553 4365 ,
3582 4309 3640 4356 ut
3679 4303 3746 4354 ita

2163 4386 2367 4452 dicam,
2397 4395 2692 4441 creaturam
2733 4401 2852 4441 cum
2896 4389 3070 4456 seipsa
3111 4385 3312 4443 collidi.
3340 4387 3505 4455 ipsius
3547 4401 3748 4445 natura:

2165 4478 2419 4533 terminos
2448 4477 2646 4532 moveri
2673 4518 2688 4543 ,
2715 4477 2894 4530 omnia
2924 4492 2990 4531 ex
3017 4477 3144 4546 ipsis
3165 4478 3394 4532 convelli
3421 4478 3746 4536 fundamen-

2164 4569 2267 4633 tis,
2301 4569 2469 4637 prima
2510 4568 2778 4623 elementa
2833 4567 3119 4629 confundi,
3149 4576 3204 4623 et
3231 4569 3469 4624 omium
3518 4570 3748 4641 denique

2163 4677 2341 4717 rerum
2392 4660 2676 4716 maximam
2731 4659 2845 4715 fieri
2901 4661 3393 4730 perturbationem,
3435 4677 3544 4716 non
3590 4663 3749 4717 modo

2164 4767 2268 4806 non
2304 4751 2600 4816 vincemur,
2624 4749 2719 4805 sed
2765 4765 2834 4806 ne
2885 4750 3190 4807 timebimus
3229 4751 3466 4821 quidem.
3498 4752 3557 4807 ln
3587 4767 3748 4808 causa

2163 4851 2339 4896 autem
2367 4849 2486 4906 est,
2518 4839 2659 4911 quod
2696 4841 2933 4896 omnium
2963 4841 3156 4897 horum
3187 4842 3442 4896 Dominus
3468 4858 3624 4912 opem
3669 4843 3749 4896 fe-

2164 4943 2264 4995 rat,
2297 4949 2511 4988 manum
2536 4934 2771 5004 porrigat
2791 4943 2848 4989 et
2871 4936 3108 4991 assistat.
3129 4933 3184 4990 Si
3214 4942 3393 4990 autem
3413 4936 3501 4990 vel
3533 4937 3612 4990 his
3637 4951 3753 4990 eve-

2166 5026 2437 5083 nientihus
2467 5027 2686 5082 minime
2712 5026 3047 5094 cederemus,
3075 5042 3176 5083 nec
3203 5027 3394 5082 molles
3433 5037 3527 5083 aut
3569 5017 3771 5099 ignavi‘

2165 5120 2549 5178 redderemur:
2590 5123 2758 5176 multo
2777 5122 2944 5190 magis
2971 5120 3016 5175 si
3044 5135 3142 5176 nos
3169 5120 3367 5176 inimici
3403 5120 3674 5188 invadant,
3697 5129 3755 5175 et

2165 5214 2217 5269 in
2267 5229 2366 5268 nos
2403 5212 2572 5268 aciem
2622 5211 2870 5283 dirigant.
2899 5211 2952 5266 ι.
2985 5212 3280 5267 Sonuerunt
3323 5223 3372 5266 et
3401 5213 3614 5267 turbata:
3637 5220 3754 5265 sunt

2164 5320 2310 5376 aqua
2335 5320 2529 5359 eorum.
2552 5301 2844 5358 Conturbati
2867 5312 2983 5357 sunt
3011 5311 3203 5358 montes
3238 5303 3290 5356 in
3317 5302 3750 5372 fortitudineejus.

2168 5397 2341 5463 Alius,
2372 5395 2684 5451 Sonantibus
2707 5403 2754 5449 et
2778 5394 2990 5448 turbatis
3017 5395 3160 5463 aquis
3177 5435 3192 5459 ,
3218 5403 3264 5448 et
3292 5394 3549 5448 concussis
3571 5393 3756 5445 monti-

2165 5488 2256 5543 bus
2280 5488 2332 5542 in
2359 5487 2730 5559 gloriﬁcatione
2760 5487 2889 5556 ejus.
2922 5485 3208 5556 Postquam
3239 5485 3409 5549 dixit,
3440 5483 3554 5538 Nan
3584 5483 3743 5537 time-

2165 5579 2360 5643 bimus,
2387 5594 2456 5634 ne
2484 5578 2527 5632 si
2565 5579 2740 5632 omnia
2770 5576 2983 5646 quidem
3027 5576 3431 5646 confringantur
3482 5589 3545 5629 ac
3595 5573 3749 5629 colli-

2165 5669 2389 5735 dantur,
2435 5668 2687 5739 deinecps
2743 5667 2956 5723 disserit
3009 5667 3074 5722 de
3127 5667 3246 5736 ejus
3297 5667 3528 5735 potentia
3561 5708 3572 5724 .
3606 5664 3747 5732 quod

2169 5762 2370 5818 scilicet
2401 5762 2505 5816 sint
2536 5762 2674 5815 vircs
2717 5763 2829 5826 ejus
2863 5759 3318 5830 inexpugnabiles.
3344 5758 3408 5813 Et
3457 5757 3648 5811 merito
3678 5755 3749 5810 in-
