4112 6214
476 354 574 406 9.(95

471 471 602 537 quit,
625 466 738 521 Non
768 468 1090 527 timebimus,
1111 475 1164 520 et
1191 465 1328 534 quod
1353 479 1564 531 semper
1592 459 1734 525 facit,
1760 477 1896 514 nunc
1925 460 2042 526 qui—

471 564 589 616 dem
618 577 685 615 ex
714 559 993 621 creaturis,
1027 573 1164 610 nunc
1205 573 1331 609 vero
1371 571 1435 608 ex
1468 553 1530 606 iis
1573 567 1690 621 qua:
1736 548 2038 603 hominibus

472 651 716 705 accidunt
741 648 879 703 vires
899 647 1013 717 ejus
1042 645 1365 716 praedicans,
1389 643 1490 698 hoc
1516 643 1687 711 ipsum
1719 641 1805 694 hic
1829 652 2036 710 quoque

470 741 611 794 facit.

544 830 727 883 Omnia
749 829 854 882 Deo
875 828 1108 898 proclivia
1130 845 1149 892 ;
1175 827 1266 881 Dei
1285 823 1594 896 providentia
1613 839 1725 876 cum
1741 822 1893 894 [lucio
1919 837 2039 873 con-

470 925 647 991 fertur.
670 949 743 960 —
757 919 907 985 Quod
926 929 1099 972 autem
1120 918 1268 982 dicit,
1289 925 1367 972 est
1389 913 1645 983 ejusmodi
1672 931 1686 966 :
1711 913 1898 967 Omnia
1919 927 2040 964 con-

469 1012 619 1074 cutit,
650 1009 919 1073 labefacit,
953 1010 1200 1063 transfert
1227 1007 1437 1078 quando
1463 1005 1722 1067 voluerit;
1753 1003 1888 1056 adeo
1916 1010 2040 1055 sunt

469 1101 544 1154 illi
590 1099 764 1154 omnia
797 1108 1032 1170 prompta
1062 1108 1114 1154 et
1153 1099 1423 1168 proclivia.
1464 1095 1589 1150 Mihi
1624 1103 1803 1148 autem
1835 1092 2041 1146 videtur

470 1192 554 1246 hic
578 1192 872 1260 signiﬁcare
893 1190 1279 1244 multitudinem
1309 1190 1543 1243 virorum
1565 1185 1802 1248 fortium,
1831 1192 1884 1236 et
1904 1199 2041 1252 prte-

467 1283 822 1336 stautissimos
849 1282 1100 1345 hostium,
1126 1290 1181 1335 et
1205 1280 1466 1335 infinitum
1507 1277 1756 1348 pepulqu
1786 1275 2037 1328 adversa-

470 1375 683 1428 riorum.
715 1373 879 1427 Tanta
909 1383 990 1428 est
1015 1375 1178 1438 enim,
1211 1372 1399 1441 inquit.
1427 1370 1542 1438 ejus
1565 1377 1794 1437 potestas
1820 1376 1892 1429 ut,
1924 1380 2036 1418 mo-

467 1468 536 1520 do
555 1477 770 1531 annuat,
800 1467 913 1523 haec
931 1467 1108 1520 omnia
1134 1466 1281 1518 liaut.
1305 1462 1581 1529 Quomodo
1600 1475 1724 1529 ergo
1750 1457 2037 1525 poterimus

467 1559 655 1610 timere
707 1556 796 1624 qui
845 1557 1000 1609 talem
1051 1554 1307 1608 habemus
1353 1549 1666 1606 Dominum?
1715 1547 2032 1614 Diapsnlma.

472 1650 635 1712 Alius,
666 1647 895 1712 Semper.
922 1647 976 1700 5.
1007 1645 1258 1698 Fluminis
1294 1643 1524 1710 impetus.
1555 1639 1718 1700 Alius,
1747 1639 2031 1690 divisionis.

421 1795 425 1800 ,
471 1736 718 1791 Hebranis
746 1748 952 1800 autem,
987 1734 1273 1803 Pltulagau.
1315 1731 1594 1799 Ltetiﬁcant
1633 1730 1878 1782 ciuitatem
1897 1727 2033 1781 Dei:

463 1825 790 1892 sanctiﬁcaoit
815 1825 1185 1877 tabernaculum
1212 1839 1358 1876 suum
1383 1820 1685 1873 Altissimus.
1713 1820 1861 1872 Alius
1911 1819 1982 1872 ait
2015 1835 2029 1871 :

463 1917 709 1970 Sanctum
735 1915 1055 1968 habitationis
1082 1914 1343 1967 Altissimi.
1371 1912 1424 1966 6.
1459 1910 1599 1964 Deus
1621 1913 1674 1964 in
1711 1910 1872 1962 medio
1901 1913 2030 1978 «jus,

456 2018 503 2058 et
527 2022 625 2060 non
654 2006 1053 2058 commovebitur.
1075 2004 1341 2074 Adjuvabit
1371 2001 1638 2056 eum‘Deus
1666 2017 1812 2053 mune
1835 2001 2033 2053 dilucu-

457 2099 526 2150 lo.
560 2098 707 2151 Alius
727 2096 854 2151 dicit
875 2115 890 2150 :
915 2093 1063 2151 Circa
1089 2096 1408 2148 matutinum.
1432 2093 1602 2157 Alius,
1626 2090 1748 2145 Cum
1773 2092 1898 2143 liora
1918 2106 2029 2142 ma-

457 2190 618 2242 tutitta
643 2191 816 2240 instat.
842 2188 1126 2256 Postquam
1153 2186 1287 2240 dixit
1311 2184 1377 2239 de
1405 2183 1522 2253 ejus
1551 2194 1812 2251 potestate
1839 2192 1893 2234 et
1923 2181 2030 2234 vir-

461 2289 570 2332 tute
588 2319 602 2339 ,
629 2290 684 2331 et
722 2277 771 2331 ei
800 2278 975 2330 omnia
1005 2292 1126 2330 esse
1169 2276 1340 2330 facilia
1365 2316 1381 2338 ,
1429 2273 1497 2328 ad
1526 2275 1640 2342 ejus
1667 2289 1791 2340 erga
1819 2272 2032 2326 Iuda-os

453 2369 802 2439 providentia
834 2377 1200 2436 argumentum
1225 2366 1485 2420 convertit
1507 2364 1820 2428 orationem,
1852 2365 2031 2431 paucis

461 2459 744 2511 ostendens
783 2474 900 2526 quae
927 2459 1066 2512 bona
1092 2457 1172 2512 eis
1209 2457 1329 2510 data
1369 2455 1587 2511 fuerint.
1619 2456 1711 2509 llic
1736 2459 1899 2519 enim,
1940 2457 2029 2524 qui

463 2557 545 2599 est
573 2547 703 2599 adeo
733 2548 880 2600 fortis
899 2589 913 2611 ,
943 2547 1080 2600 adeo
1106 2558 1292 2614 potens
1322 2545 1670 2613 terribilisque
1690 2585 1706 2610 ,
1734 2544 1821 2612 qui
1853 2546 2030 2598 omnia

463 2638 563 2692 fert
585 2649 638 2692 et
662 2640 762 2707 agit
787 2681 802 2702 ,
831 2642 915 2707 qui
961 2640 1138 2692 omnia
1164 2647 1358 2703 movet,
1388 2639 1655 2702 concutit,
1695 2647 1750 2691 et
1785 2636 2033 2690 transfert

458 2745 520 2780 ac
553 2729 795 2793 traducit,
845 2730 1081 2797 implevit
1108 2729 1370 2782 civitatem
1408 2740 1644 2782 nostram
1675 2727 1826 2781 bonis
1874 2728 2029 2780 innu-

459 2819 642 2871 meris.
675 2818 887 2872 Fluvius
913 2818 1056 2872 enim
1086 2820 1171 2872 hic
1194 2817 1485 2886 profusam,
1513 2816 1802 2884 copiosam,
1835 2827 1887 2869 et
1912 2831 2029 2883 qua:

452 2910 620 2960 arceri
650 2910 830 2976 nequit
866 2924 1215 2975 supernorum
1247 2907 1510 2962 donorum
1541 2907 1747 2974 copiam
1774 2907 2024 2969 ostendit,

455 2999 673 3066 perinde
707 3014 769 3053 ac
793 3000 835 3054 si
871 3000 1073 3055 diceret
1102 3013 1116 3050 :
1160 2997 1448 3067 Tamquam
1491 3012 1553 3052 ex
1587 2996 1816 3050 fontibus
1846 2997 2025 3050 omnia

453 3091 606 3146 nobis
628 3091 760 3145 bona
791 3091 1074 3160 profluunt.
1099 3091 1246 3146 Sicut
1281 3091 1420 3145 enim
1447 3090 1638 3145 ﬂuvius
1657 3090 1744 3160 qui
1767 3089 2024 3144 scinditur

452 3184 504 3236 iu
533 3184 725 3238 multas
749 3198 947 3252 partes,
974 3182 1265 3251 subjectam
1294 3183 1560 3251 regionem
1589 3183 1803 3250 irrigat:
1836 3182 1904 3234 ita
1932 3181 2022 3234 Dei

455 3274 780 3342 providentia
805 3274 949 3329 omni
975 3290 1040 3330 es
1063 3283 1210 3344 parte
1236 3274 1426 3338 inlluit,
1453 3273 1660 3327 abunde
1682 3289 2020 3342 promanans,

451 3382 572 3419 cum
599 3381 817 3420 Susurro
842 3366 1124 3435 perﬂueus,
1156 3374 1210 3420 et
1233 3366 1410 3420 omnia
1434 3366 1676 3432 impletis.
1712 3365 1824 3418 Non
1847 3367 2019 3419 solum

447 3463 624 3510 autem
653 3456 850 3524 praebet
879 3456 1028 3510 nobis
1053 3457 1418 3518 securitatem,
1457 3454 1842 3522 infractumque
1868 3455 2019 3508 auxi-

403 3597 412 3610 ,
451 3547 614 3612 lium,
653 3549 745 3601 sed
787 3550 943 3601 etiam
982 3547 1252 3616 spirituale
1280 3545 1525 3614 gaudium
1557 3562 1570 3598 :
1603 3555 1654 3599 et
1698 3545 1815 3598 ideo
1843 3544 1967 3597 dicit
2000 3559 2014 3596 :

448 3637 790 3704 Sancti/iacvit
823 3637 1193 3690 tabernaculum
1212 3653 1360 3690 suum
1388 3636 1686 3690 Altissimus.
1716 3636 2016 3700 Quinetiam

450 3728 548 3782 hoc
574 3729 743 3796 ipsum
769 3736 850 3782 est
878 3743 983 3781 non
1011 3741 1167 3795 parva
1188 3740 1312 3795 pars
1341 3725 1598 3791 beneficii,
1624 3725 2018 3779 tabernaculum

448 3836 600 3874 suum
624 3821 797 3873 locum
818 3826 1056 3872 nostrum
1084 3831 1296 3872 vocare.

517 3910 571 3964 2.
611 3910 791 3979 Neque
817 3910 957 3963 enim
989 3918 1187 3963 temere
1207 3909 1384 3978 posuit
1409 3908 1563 3973 illud,
1592 3908 1895 3962 Altissimus.
1919 3908 2017 3974 Qui

448 4015 526 4060 est
553 4019 680 4074 ergo
707 4004 842 4058 adeo
875 4003 1050 4069 altus,
1081 4003 1172 4069 qui
1215 4003 1358 4056 nullo
1387 4003 1504 4058 loco
1531 4004 2016 4072 comprehenditur,

447 4099 537 4168 qui
561 4106 646 4153 est
681 4098 974 4152 substantia
1001 4095 1301 4160 iuell'abilis,
1330 4095 1576 4163 dignatus
1600 4105 1682 4150 est
1709 4112 1900 4149 vocare
1926 4112 2022 4150 no—

447 4199 608 4242 stram
635 4190 901 4243 civitatem
945 4201 1100 4241 suum
1146 4186 1575 4248 tabernaculum,
1620 4201 1841 4254 eamque
1875 4185 2021 4239 omni

447 4297 512 4334 ex
540 4291 686 4350 parte
713 4280 967 4334 continet.
1003 4276 1114 4333 lloc
1152 4277 1293 4332 enim
1320 4277 1419 4332 sibi
1449 4277 1560 4329 vult
1589 4276 1738 4342 illud,
1766 4275 1830 4329 ln
1857 4276 2021 4330 médio

450 4374 560 4440 ejus
585 4386 602 4423 .'
628 4369 1071 4435 quemadmodum
1100 4368 1260 4421 etiam
1294 4367 1421 4422 dicit
1453 4383 1466 4420 :
1499 4367 1628 4420 Ecce
1655 4383 1746 4436 ego
1774 4366 2023 4421 uobiscum

446 4478 558 4513 sum
587 4459 807 4531 (Matth.
835 4461 923 4515 ‘28.
957 4458 1084 4528 20).
1119 4457 1362 4528 Undique
1389 4474 1505 4512 eam
1535 4459 1936 4526 complectitur;
1968 4467 2022 4512 et

450 4553 567 4606 ideo
612 4568 714 4604 non
744 4551 902 4604 modo
929 4550 1058 4606 nillil
1087 4565 1250 4620 grave
1287 4551 1530 4618 patietur,
1561 4549 1656 4604 sed
1685 4566 1752 4604 ne
1786 4566 2023 4604 commo-

449 4645 654 4698 vebitur
683 4643 916 4712 quidem.
960 4643 1128 4696 Causa
1160 4651 1334 4696 autem
1365 4649 1478 4705 est,
1505 4640 1645 4710 quod
1684 4642 2018 4696 celerrimum

447 4737 747 4802 assequitur
767 4732 1042 4792 auxilium,
1071 4739 1250 4799 utpote
1270 4731 1409 4800 quod
1430 4731 1500 4785 sit
1527 4741 1824 4801 protuptmn
1846 4740 1900 4785 et
1927 4747 2021 4799 pa-

455 4834 618 4876 ratum
643 4839 656 4874 :
684 4823 782 4876 hoc
807 4822 947 4876 enim
977 4821 1074 4874 sibi
1097 4821 1206 4873 vult
1236 4820 1384 4887 illud,
1416 4820 1568 4875 Mane
1591 4821 1813 4874 diluculo
1837 4837 1856 4874 :
1878 4821 2019 4890 quod

451 4931 554 4968 non
584 4913 846 4978 differtur,
879 4928 975 4967 nec
1003 4912 1347 4980 protrahitur,
1375 4911 1468 4965 sed
1493 4920 1576 4966 est
1599 4927 1810 4979 semper
1835 4926 2020 4966 recens

447 5016 501 5060 et
531 5017 798 5075 vegetum,
829 5013 882 5057 et
919 5003 971 5056 in
1002 5014 1236 5070 tempore
1264 5013 1579 5071 opportuno.
1619 5002 1671 5055 7.
1702 5002 2022 5056 Conturbator

449 5108 566 5150 sunt
602 5106 790 5166 gentes.
832 5095 998 5158 Alius,
1032 5095 1358 5164 Congrcgatte
1382 5104 1495 5147 sunt
1537 5105 1724 5163 gentes.
1767 5091 2022 5146 Inclinato

446 5198 562 5240 sunt
584 5203 757 5256 regna.
777 5185 926 5239 Dedit
945 5201 1112 5239 vocem
1131 5202 1275 5244 suam
1297 5183 1600 5248 Altissimus,
1623 5191 1756 5236 mata
1775 5193 1846 5236 est
1867 5192 2021 5236 terra.

453 5279 697 5334 Ostendit
721 5278 806 5332 bic
849 5277 952 5331 vim
979 5277 1095 5344 ejus
1137 5276 1338 5330 auxilii.
1377 5275 1492 5329 Non
1535 5275 1676 5329 enim
1705 5275 2026 5343 quibuslibet

450 5367 838 5434 invadentibus,
865 5365 958 5420 sed
998 5365 1230 5434 regibus,
1257 5364 1504 5434 gentibus
1534 5364 1760 5433 undique
1784 5364 2024 5418 coeunti-

451 5459 569 5525 bus,
601 5474 760 5513 unam
785 5457 1056 5512 civitatem
1085 5455 1533 5510 circumdantibus
1557 5464 1612 5510 et
1634 5453 2021 5521 obsidentibus,

449 5567 553 5604 nou
583 5549 742 5604 modo
772 5548 900 5602 nihil
928 5562 1086 5616 grave
1120 5545 1187 5600 ab
1213 5545 1291 5600 eis
1324 5561 1473 5614 passa
1499 5555 1600 5610 est,
1632 5544 1725 5600 sed
1753 5545 1912 5599 etiatu
1943 5543 2023 5598 vi-

447 5643 541 5704 cit,
587 5641 875 5709 supera‘tit,
907 5649 961 5692 et
1005 5637 1194 5693 evettit
1241 5652 1336 5692 eos
1386 5635 1475 5706 qui
1527 5637 1860 5692 invadebant.
1916 5637 2025 5691 lloc

456 5736 594 5791 enim
622 5732 721 5789 sibi
755 5732 863 5787 vult
891 5729 1039 5798 illud,
1073 5727 1327 5784 Inclinato
1352 5739 1466 5785 sunt
1497 5746 1670 5800 regna,
1697 5731 1830 5784 dedit
1860 5747 2024 5784 vocem

545 353 574 401 5
1569 345 1924 401 EXI’OSlTlO
1965 346 2026 399 ΙΝ

2132 345 2382 400 ίεδωιωι
2421 345 2577 400 XLV.

3622 358 3725 406 903)

2139 470 2286 511 suam
2312 460 2597 515 Altissimus
2623 478 2642 512 :
2671 463 2889 531 perinde
2917 478 2978 518 ac.
3007 465 3052 518 si
3077 466 3297 531 dixeris,
3336 467 3430 522 Vel
3471 467 3584 521 solo
3609 471 3715 519 cla.

2143 565 2291 604 more
2331 551 2471 618 cepit
2497 554 2676 608 urbes.
2709 553 2938 608 Verbum
2969 557 3180 625 quidem
3211 575 3468 624 crassum,
3498 571 3549 614 et
3575 563 3716 630 quod

2143 644 2377 693 humano
2415 657 2563 696 ntere
2605 642 2801 696 dictqu
2851 655 2932 698 est
2960 662 2973 698 :
3003 661 3176 716 neque
3205 647 3348 703 enim
3394 649 3556 704 vincit
3583 651 3723 704 Dens

2143 745 2273 784 voce
2302 740 2357 784 et
2393 731 2655 794 clamore,
2682 733 2775 788 sed
2804 735 2916 788 solo
2945 747 3072 790 nutu
3103 745 3155 791 et
3181 745 3469 794 voluntate.
3501 741 3605 796 Sed
3639 753 3720 795 ta-

2144 838 2264 876 men
2295 838 2358 876 es
2391 823 2472 876 his
2491 839 2699 893 quoque
2726 826 3072 882 crassioribus
3101 845 3222 883 eum
3251 832 3560 897 sustollens,
3597 833 3714 887 aliis

2143 913 2384 967 altiorem
2408 913 2695 970 dietionem
2725 917 3060 985 excogitavit.
3087 921 3218 986 Quia
3253 923 3394 976 enim
3421 941 3541 978 eum
3569 940 3712 979 sem-

2147 1019 2241 1072 per
2269 1005 2553 1060 iutroducit
2599 1016 2895 1072 armatum,
2925 1011 3212 1064 ostendens
3256 1013 3341 1066 illa
3370 1015 3544 1068 omnia
3576 1015 3716 1068 dicta

2146 1109 2265 1148 esse
2291 1095 2666 1164 tnetaphorice,
2695 1107 2748 1152 et
2778 1100 2996 1166 trepice,
3020 1112 3073 1154 et
3101 1110 3156 1154 ttt
3179 1118 3236 1156 se
3278 1104 3340 1156 ad
3373 1116 3607 1158 nostrum
3631 1122 3719 1159 ca-

2148 1195 2293 1254 ptum
2319 1186 2747 1242 accommodaret
2767 1189 2930 1258 (Deus
2951 1192 3090 1245 enim
3111 1195 3255 1247 nullo
3274 1210 3454 1248 eorum
3473 1197 3714 1266 indiget),

2143 1275 2423 1343 subjunxit
2455 1295 2467 1331 :
2497 1275 2647 1330 Dedit
2688 1293 2855 1332 vocem
2891 1297 3066 1344 suam,
3096 1293 3139 1334 et
3169 1295 3416 1337 commota
3446 1297 3515 1338 est
3550 1298 3719 1347 terra;

2142 1364 2430 1420 ostendens
2448 1370 2618 1435 ipsmn
2641 1383 2742 1421 non
2765 1368 2935 1423 solum
2961 1372 3138 1441 urbes,
3157 1381 3358 1438 gentes,
3381 1383 3434 1427 et
3457 1377 3715 1444 regiones,

2140 1455 2232 1508 sed
2269 1455 2437 1524 ipsum
2475 1458 2633 1512 etiatu
2663 1460 2982 1514 elementum
3011 1471 3314 1518 concutere.
3351 1463 3495 1520 Solet
3537 1477 3714 1521 autem

2144 1555 2336 1598 terram
2361 1562 2571 1615 quoque
2593 1563 2784 1603 vocare
2813 1551 3222 1617 multitudinem,
3249 1564 3303 1607 ut
3323 1553 3534 1623 quando
3553 1556 3715 1610 dicit:

2140 1634 2206 1688 Et
2236 1647 2342 1688 erat
2367 1639 2528 1692 omnis
2549 1649 2681 1692 terra
2713 1640 2900 1693 labium
2939 1658 3090 1694 unum
3121 1642 3275 1712 (Gen.
3306 1647 3388 1698 ll.
3422 1648 3493 1716 ί).
3530 1647 3580 1701 8.
3611 1646 3720 1702 Do-

2139 1729 2302 1780 minus
2327 1731 2563 1782 virtutum
2589 1732 2859 1786 nobiscum.
2888 1733 3161 1802 Susceptor
3182 1747 3348 1790 noster
3374 1736 3512 1791 Deus
3533 1739 3712 1793 Jacob.

2140 1819 2392 1874 Hebraeus
2416 1831 2590 1875 autem
2621 1838 2715 1891 pro
2743 1838 2807 1877 eo
2836 1824 2974 1894 quod
3005 1837 3106 1888 est,
3144 1825 3428 1895 Virtutum,
3457 1829 3586 1883 dixit
3611 1830 3712 1884 Sno

2137 1911 2306 1964 buotli.
2340 1911 2469 1965 Vide
2517 1915 2785 1981 quomodo
2813 1931 2843 1969 a
2871 1927 3005 1969 terra
3037 1918 3167 1970 tollit
3196 1921 3488 1974 orationem
3517 1922 3581 1975 ad
3612 1940 3715 1979 cae.

2137 2001 2268 2067 lum,
2295 2003 2360 2056 ad
2385 2002 2617 2057 infinitos
2645 2007 2950 2074 angelorum
2980 2019 3169 2071 cwlus,
3199 2011 3260 2061 ad
3281 2020 3464 2079 gentes
3487 2014 3714 2067 archan-

2137 2085 2398 2160 gelorum.
2425 2093 2490 2147 ad
2523 2111 2777 2163 supernas
2810 2089 3115 2165 potestates.
3148 2101 3282 2164 Quid
3311 2107 3451 2154 cuitu
3477 2104 3600 2154 mihi
3631 2105 3713 2158 di-

2135 2183 2213 2236 cis
2241 2196 2435 2248 castra,
2465 2185 2736 2248 barbaros,
2766 2197 2818 2240 et
2849 2189 3091 2242 homines
3119 2191 3206 2258 qui
3239 2193 3502 2260 pereunt?
3527 2194 3714 2247 Consi-

2134 2275 2261 2328 dera
2290 2275 2407 2343 ejus
2435 2277 2572 2330 vires
2593 2293 2660 2330 ex
2689 2293 2850 2348 regno
2880 2281 3019 2346 quod
3054 2283 3103 2334 in
3135 2283 3278 2336 cwlis
3312 2285 3510 2338 obtinet
3540 2304 3552 2339 :
3585 2297 3714 2355 quot

2137 2367 2477 2421 invisibilium
2525 2378 2837 2436 potestatum
2865 2373 3128 2425 exercitus
3172 2373 3270 2427 sub
3308 2388 3366 2428 se
3409 2374 3600 2430 habeat
3626 2378 3710 2429 in-

2133 2470 2386 2514 Structus.
2431 2459 2594 2516 Recte
2621 2473 2795 2516 autem
2833 2478 2927 2518 eos
2952 2466 3236 2533 appellavit
3276 2467 3494 2521 virtutes
3517 2510 3531 2532 ,
3565 2470 3709 2521 vires

2135 2565 2318 2604 eorum
2349 2551 2637 2603 ostendens
2663 2568 2675 2604 :
2705 2552 2799 2606 sed
2825 2553 2983 2606 etiatn
3010 2554 3136 2608 dicit
3155 2555 3278 2609 alibi
3309 2573 3323 2609 :
3355 2555 3585 2610 Potentes
3611 2559 3703 2612 vii-

2134 2649 2254 2702 tute,
2297 2641 2530 2708 facientes
2561 2641 2759 2693 verbum
2801 2643 2908 2710 ejus
2944 2643 3115 2711 (Psal.
3152 2646 3272 2699 102.
3319 2646 3450 2714 20).
3500 2648 3708 2701 Etenim

2137 2746 2271 2784 unus
2298 2733 2514 2799 angelus
2541 2746 2661 2784 cum
2703 2733 2988 2802 aliquando
3015 2745 3157 2788 esset
3185 2753 3429 2805 egressus
3451 2779 3464 2800 ,
3497 2749 3707 2794 centum

2135 2825 2397 2891 octoginta
2418 2825 2649 2891 quinque
2671 2824 2829 2878 millia
2853 2827 3064 2879 sustulit
3087 2827 3161 2895 (4.
3184 2828 3307 2897 Reg.
3334 2830 3417 2882 l9.
3441 2830 3552 2896 53).
3573 2833 3707 2896 Quid

2134 2916 2320 2982 igitur,
2355 2914 2398 2968 si
2440 2924 2521 2969 est
2548 2913 2758 2983 quidem
2790 2925 3004 2985 potens,
3049 2933 3155 2970 non
3186 2919 3298 2972 vult
3339 2929 3512 2973 autem
3559 2922 3710 2976 nobis

2131 3024 2344 3064 manutu
2385 3012 2656 3080 praebere?
2681 3013 2839 3081 Atqui
2869 3028 2936 3066 ne
2976 3013 3076 3068 hoc
3109 3013 3385 3068 timueris:
3420 3015 3538 3069 ideo
3565 3016 3706 3071 enim

2130 3102 2402 3172 subjunxit
2424 3144 2439 3168 ,
2469 3103 2745 3174 Susceptor
2768 3117 2953 3159 noster.
2982 3105 3049 3159 Et
3079 3106 3188 3160 vult
3213 3108 3371 3176 igitur
3394 3117 3448 3162 et
3488 3117 3661 3176 potest
3689 3128 3706 3165 ε

2129 3211 2197 3248 ne
2236 3211 2363 3264 ergo
2391 3197 2596 3250 timeas.
2626 3195 2760 3263 Quid
2798 3197 2842 3250 si
2874 3212 2970 3250 uos
2995 3214 3181 3252 sumus
3212 3199 3408 3269 indigni
3429 3201 3452 3252 τ
3477 3199 3581 3254 Sed
3615 3200 3708 3254 ha-

2129 3285 2315 3340 bemus
2343 3301 2371 3340 a
2401 3287 2634 3355 patribus
2661 3287 2903 3340 traditam
2936 3287 3050 3355 ejus
3087 3290 3137 3342 in
3168 3305 3262 3343 nos
3303 3289 3703 3358 benignitatem.

2127 3375 2239 3430 Hoc
2265 3377 2440 3446 itaque
2467 3376 2773 3446 subjiciens,
2801 3377 2955 3441 dixit,
2987 3377 3122 3432 Deus
3149 3378 3308 3432 Iacob
3329 3395 3348 3434 .'
3381 3381 3527 3449 quasi
3556 3380 3704 3435 dice-

2126 3477 2224 3532 ret,
2253 3469 2368 3522 iam
2396 3469 2520 3521 olim
2544 3510 2559 3533 ,
2589 3479 2644 3523 et
2668 3469 2735 3524 ab
2765 3470 2912 3524 iuitio
2939 3470 3051 3524 lare
3081 3471 3175 3524 fuit
3199 3487 3412 3541 semper
3435 3471 3548 3540 ejus
3574 3489 3702 3526 con-

2124 3557 2366 3611 suetudo.
2407 3557 2704 3624 Diupsalma
2747 3559 2846 3628 (a).
2899 3561 3069 3626 Alius,
3100 3559 3332 3629 Semper.
3363 3560 3414 3614 9.
3459 3560 3628 3616 Venite
3657 3571 3704 3615 et

2123 3650 2281 3703 videte
2301 3665 2454 3716 opera
2481 3648 2705 3714 Domini,
2740 3652 3036 3718 anteposuit
3065 3651 3295 3720 prodigia
3319 3667 3469 3718 super
3494 3661 3698 3715 terram,

2125 3736 2210 3792 l0.
2239 3742 2470 3808 auferens
2491 3737 2620 3792 bella
2642 3755 2797 3808 usque
2824 3738 2891 3791 ad
2911 3740 3036 3806 ﬁnes
3057 3751 3220 3792 terrm.
3248 3742 3433 3792 Arcum
3463 3749 3698 3804 conteret,

2123 3840 2170 3884 et
2197 3829 2476 3898 confiinget
2503 3845 2642 3882 arnta
2671 3830 2842 3897 (alius,
2875 3828 3175 3898 Confregit),
3203 3839 3250 3882 et
3273 3831 3473 3898 clypeos
3497 3828 3703 3881 combu-

2124 3932 2194 3973 ret
2223 3921 2348 3988 igni.
2380 3919 2547 3984 Alius,
2573 3927 2620 3972 ct
2647 3935 2822 3971 currus
2866 3920 3118 3971 comburat
3157 3921 3208 3970 in
3246 3919 3371 3986 igni.
3417 3918 3700 3984 Postquam

2124 4009 2259 4063 dixit
2287 4008 2354 4061 de
2383 4016 2522 4060 terra
2548 4047 2562 4071 ,
2593 4007 2659 4058 de
2691 4007 2858 4072 mari,
2898 4006 2966 4059 de
3007 4007 3303 4071 montibus,
3331 4008 3398 4060 de
3439 4007 3706 4076 spirituali

2125 4113 2244 4166 quae
2273 4097 2400 4165 ipsis
2430 4096 2564 4149 facta
2589 4102 2672 4148 est
2694 4095 2845 4164 copia
2867 4134 2880 4158 ,
2926 4094 2992 4148 de
3021 4095 3216 4148 auxilio
3236 4136 3250 4157 ,
3280 4096 3345 4148 ad
3373 4105 3702 4166 snectatores

2126 4113 2244 4166 quae
2273 4111 2400 4165 ipsis
2430 4111 2564 4149 laeta
2589 4111 2672 4148 est
2694 4111 2845 4164 copia
2867 4134 2880 4158 ,
2926 4111 2992 4148 ue
3021 4111 3216 4148 ausmo
3236 4136 3250 4157 ,
3280 4111 3345 4148 au
3373 4111 3398 4148 s
3470 4111 3700 4148 ctatores

2126 4203 2313 4241 rursus
2355 4193 2716 4254 argumentum
2747 4183 2984 4239 extendit
3005 4223 3019 4247 ,
3051 4198 3147 4237 eos
3174 4197 3366 4237 vocans
3505 4195 3700 4251 tropaza

2126 4296 2191 4335 ex
2223 4295 2408 4348 magna
2440 4278 2724 4347 voluptate,
2752 4287 2806 4331 et
2833 4289 3036 4330 summa
3075 4275 3126 4329 in
3157 4274 3434 4328 Dominum
3460 4274 3701 4328 all‘ectiu-

2129 4387 2194 4425 ue
2214 4411 2227 4434 ,
2259 4381 2310 4424 et
2339 4384 2560 4422 narrans
2592 4367 2838 4421 victorias
2863 4381 2994 4435 quas
3027 4381 3123 4435 pro
3151 4365 3230 4420 eis
3259 4355 3505 4418 obtinuit.
3540 4366 3706 4418 liecto

2125 4470 2300 4514 autem
2330 4460 2481 4522 dixit,
2514 4457 2778 4527 Prodigia,
2805 4472 2909 4510 non
2931 4466 3106 4509 autem
3130 4455 3378 4508 victorias
3401 4465 3454 4508 et
3479 4463 3698 4521 tropica.

2124 4553 2238 4607 Non
2259 4555 2398 4605 enim
2425 4565 2540 4620 qua:
2569 4548 2760 4603 fiebant
2781 4589 2796 4613 ,
2827 4557 2975 4601 certo
3001 4547 3188 4600 ordine
3213 4555 3268 4600 et
3292 4545 3430 4599 serie
3471 4544 3702 4614 :gebau.

2128 4657 2255 4699 tur:
2302 4658 2403 4697 nec
2451 4641 2615 4694 armis
2663 4649 2715 4694 et
2765 4641 2956 4692 virtute
3005 4652 3286 4706 corporum
3318 4635 3699 4690 decernebatur

2127 4735 2385 4804 przelium,
2418 4731 2511 4784 sed
2562 4729 2655 4783 Dei
2702 4739 2853 4794 nutu,
2908 4727 3066 4781 rebus
3114 4727 3530 4796 signiﬁcantibus
3576 4743 3697 4780 eum

2124 4843 2243 4881 esse
2265 4826 2662 4892 Imperatorem.
2684 4821 2941 4886 Quoniam
2963 4821 3102 4874 enim
3129 4827 3371 4886 poti-mes
3402 4818 3701 4872 vinceban—

2128 4925 2211 4968 tur
2231 4916 2297 4967 ab
2323 4913 2620 4974 imbecillis,
2649 4909 2798 4964 multi
2833 4926 2862 4961 a
2895 4909 3095 4977 paucis,
3120 4911 3206 4978 qui
3236 4909 3564 4962 dominatutn
3589 4905 3700 4959 ob—

2129 5009 2218 5061 tim
2237 5008 2391 5068 bant,
2422 5005 2488 5055 ab
2516 5004 2576 5056 iis
2597 5003 2685 5070 qui
2711 5001 2790 5055 eis
2827 5003 3113 5070 parebant,
3139 5009 3193 5054 et
3217 5016 3302 5054 res
3330 5010 3519 5068 praeter
3547 5012 3698 5064 spem

2107 5097 2502 5156 'succedeuaut,
2532 5108 2594 5148 ea
2615 5093 2734 5161 jure
2760 5102 2911 5146 vocat
2941 5090 3199 5160 prodigia,
3231 5100 3287 5142 ut
3305 5106 3422 5157 qua:
3457 5087 3700 5140 admira—

2129 5188 2303 5243 biliter
2323 5196 2377 5240 et
2401 5194 2590 5253 printer
2610 5197 2761 5253 spem
2786 5181 3122 5247 eveniebant,
3149 5188 3203 5234 et
3224 5179 3416 5246 ubique
3443 5185 3699 5229 terrarum

2129 5295 2312 5350 sparsa
2334 5278 2573 5348 ﬂuet-ant.

2201 5372 2252 5424 5.
2298 5370 2411 5422 Pam
2436 5369 2488 5420 in
2515 5377 2697 5420 terram
2718 5380 2806 5433 per
2827 5363 3077 5416 Christum
3096 5359 3285 5420 allata;
3313 5355 3460 5425 ignis,
3489 5355 3566 5409 ira
3587 5354 3700 5410 Dei.

2129 5461 2314 5516 -—Nou
2331 5459 2652 5514 aberraverit
2665 5464 2840 5508 autem
2857 5448 3193 5521 quispiam,si
3211 5446 3311 5502 hoc
3327 5462 3418 5516 per
3433 5462 3702 5516 anagogen

2131 5553 2196 5608 ad
2227 5564 2459 5622 praesens
2481 5547 2641 5602 etiam
2665 5554 2874 5612 tempus
2900 5538 3269 5610 desumpserit.
3309 5539 3534 5595 Difficile
3556 5541 3700 5594 enim

2201 5732 2273 5796 (α)
2317 5723 2606 5792 Liapsalma,
2634 5733 2720 5788 pro
2745 5734 2840 5785 quo
2867 5719 3061 5771 Hebraei
3083 5717 3282 5781 habent,
3305 5717 3428 5770 Scia.
