4112 6208
417 276 520 332 ειη

418 389 720 442 d:~emonum
747 383 946 441 bellum
977 381 1240 448 confecit,
1281 391 1334 434 et
1357 395 1451 449 per
1491 375 1794 430 universum
1823 371 2005 426 orbem

421 491 578 537 terra:
608 493 791 550 pacem
819 473 1057 531 extendit
1086 491 1098 527 :
1133 473 1259 543 quin
1286 472 1444 526 etiam
1495 466 1634 537 quod
1663 465 1762 519 sub
1789 479 2005 518 sensum

419 571 598 636 cadit,
645 585 830 625 eorum
873 568 1070 622 bellum
1101 563 1323 634 depulit.
1368 559 1518 628 Quod
1567 557 1747 612 Esaias
1797 569 2007 625 quaque

421 664 727 736 significans
752 661 966 716 dicebat
991 676 1004 712 :
1034 656 1348 714 Contundeut
1369 653 1565 725 gladios
1591 667 1706 704 suos
1733 649 1785 702 in
1814 658 2005 708 aratra,

420 765 466 810 et
491 761 692 810 lanceas
735 769 852 806 suas
901 752 954 805 in
997 749 1153 822 falces
1173 789 1186 812 ,
1216 756 1260 800 et
1286 763 1384 799 non
1412 751 1572 798 sumet
1612 757 1732 812 gens
1771 739 2008 792 adversm

421 855 616 918 gentem
635 844 882 917 gladium,
911 857 998 895 nec
1020 840 1208 895 discent
1229 835 1446 906 amplius
1469 833 1654 888 bellare
1680 829 1828 904 (lsai.
1851 829 1908 884 2.
1926 828 2002 894 4).

426 938 565 992 Ante
590 936 784 992 Christi
815 934 953 990 enim
997 931 1308 995 adventum,
1337 941 1524 982 omnes
1553 925 1796 979 homines
1841 921 2008 976 armis

425 1028 841 1090 instruebantur,
866 1034 921 1079 et
945 1023 1122 1078 nullus
1143 1031 1259 1077 erat
1278 1019 1346 1074 ab
1366 1019 1468 1073 hoc
1489 1030 1709 1071 munere
1737 1013 2004 1078 immunis,

424 1129 483 1176 et
500 1119 742 1174 civitates
771 1115 1075 1186 pugnabant
1093 1111 1348 1168 adversus
1369 1111 1630 1173 civitates,
1662 1118 1715 1164 et
1738 1107 1878 1163 bello
1903 1105 2010 1160 ubi-

425 1223 530 1278 que
555 1206 965 1278 confligebatur;
996 1218 1137 1260 nunc
1161 1210 1338 1258 autem
1381 1202 1550 1269 major
1579 1214 1701 1268 pars
1731 1209 1886 1252 terra:
1915 1196 2011 1252 de-

425 1301 501 1370 git
531 1299 582 1354 in
628 1314 776 1369 pace,
807 1297 1054 1353 omnibus
1079 1309 1268 1351 secure
1296 1302 1438 1348 artes
1463 1290 1855 1352 exercentibus,
1887 1298 2012 1343 ter-

427 1405 541 1446 ram
583 1389 911 1454 colentibus,
943 1397 997 1444 et
1026 1402 1173 1442 mare
1220 1383 1588 1455 navigantibus
1620 1399 1634 1435 :
1665 1390 1788 1435 sunt
1833 1390 2006 1434 autem

430 1483 583 1552 pauci
613 1481 839 1547 milites,
871 1481 960 1550 qui
986 1494 1083 1550 pro
1118 1479 1235 1534 aliis
1266 1478 1514 1534 omnibus
1550 1476 1796 1530 militant.
1829 1475 2012 1542 Quin-

429 1576 594 1628 etiam
653 1587 837 1628 eorum
881 1586 1092 1641 quoque
1133 1570 1310 1624 nullus
1379 1577 1520 1624 esset
1557 1584 1683 1622 usus
1728 1567 1966 1636 reliquus
1991 1607 2007 1632 ,

428 1663 477 1716 si
527 1679 645 1733 qua:
673 1661 829 1716 decet
857 1661 1181 1723 faceremus,
1229 1668 1282 1714 et
1322 1675 1427 1713 non
1471 1673 1605 1728 opus
1654 1657 1970 1712 haberemus
1995 1697 2010 1721 ,

435 1762 494 1806 ut
525 1745 1089 1815 cmumonetiercmus,
1139 1750 1206 1804 ab
1261 1749 1656 1804 afflictionibus.
1701 1749 1878 1818 lgnem
1919 1764 2016 1802 au-

431 1854 542 1899 tem
591 1845 674 1898 hic
730 1852 882 1898 vocat
933 1843 1048 1914 ejus
1101 1843 1271 1908 iram,
1315 1850 1369 1896 et
1417 1840 1545 1895 dicit
1589 1855 1700 1894 rem
1753 1854 1872 1910 quin
1927 1853 2015 1892 ac-

430 1934 602 1999 cidit,
661 1934 802 2005 quod
848 1934 1052 1994 scilicet
1101 1950 1248 1987 arma
1302 1948 1486 1988 eorum
1533 1941 1588 1987 et
1628 1947 1816 1992 currus
1870 1947 2016 1986 com-

434 2025 723 2092 busseriut,
774 2041 894 2080 cum
945 2041 1038 2079 eos
1077 2041 1171 2095 per
1217 2026 1321 2078 vim
1365 2024 1638 2088 vicissent,
1670 2023 1809 2092 quod
1855 2023 2014 2077 etiam

433 2119 565 2174 dicit
605 2118 852 2173 Ezechiel
889 2117 1120 2189 (Ezrch.
1151 2118 1238 2173 59.
1273 2116 1338 2171 10
1366 2117 1414 2186 );
1459 2126 1512 2171 et
1535 2116 1852 2186 quicumque
1894 2124 2018 2168 sunt

441 2195 662 2266 studiosi
710 2219 904 2264 norunt
948 2209 1246 2264 historiam.
1279 2210 1363 2263 11.
1397 2206 1584 2262 Vacate
1611 2217 1656 2262 et
1686 2208 1870 2272 videte,
1892 2221 2018 2277 quo-

438 2303 576 2356 niam
596 2321 686 2375 ego
710 2320 821 2358 sum
845 2303 998 2358 Deus.
1033 2302 1319 2359 Emttabor
1345 2303 1396 2356 in
1417 2303 1664 2374 gentibus,
1693 2311 1740 2355 et
1761 2301 2018 2355 exaltabor

438 2397 490 2450 in
515 2407 668 2450 terra.
699 2397 868 2462 Alius,
900 2395 1183 2459 Curamini,
1215 2403 1260 2448 et
1288 2395 1595 2464 cognoscite.
1631 2393 1781 2446 Alius
1803 2433 1816 2455 ,
1852 2391 2018 2445 Sinite

441 2498 495 2540 ut
525 2489 839 2559 cognoscatis
865 2504 882 2543 :
905 2488 1160 2543 Hebraeus
1179 2497 1354 2542 autem
1394 2485 1542 2549 dicit,
1577 2483 1857 2554 0.:arphou
1894 2500 2016 2537 ona-

439 2579 563 2632 dou.
581 2579 675 2633 llic
694 2579 820 2632 mihi
841 2579 1050 2634 videtur
1069 2579 1261 2649 alloqui
1280 2587 1486 2649 gentes,
1512 2575 1892 2647 propemodum
1921 2575 2020 2631 hoc

445 2670 631 2726 dicens
657 2687 676 2725 :
715 2671 947 2726 Novistis
973 2670 1185 2742 quidem
1215 2671 1329 2739 ejus
1359 2670 1502 2724 vires
1527 2708 1540 2732 ,
1585 2681 1641 2723 et
1687 2667 1974 2737 potentiam
1999 2707 2015 2733 ,

441 2778 560 2830 qum
586 2762 778 2831 ubique
816 2771 1074 2816 terrarum
1117 2775 1176 2816 se
1219 2758 1492 2815 extendit:
1545 2774 1678 2828 opus
1725 2767 1808 2812 est
1844 2766 2019 2812 autem

443 2852 596 2906 vobis
623 2852 755 2918 otio,
783 2867 919 2922 opus
947 2863 1028 2908 est
1049 2858 1182 2906 sano
1217 2852 1415 2906 animo.
1440 2850 1553 2904 lloc
1573 2865 1732 2919 porro
1761 2847 2024 2918 significat

442 2945 602 2999 etiam
634 2944 783 3012 illud,
827 2944 992 3000 Sinite
1022 2959 1041 2998 :
1069 2945 1316 2998 Errorcm
1357 2941 1626 3003 dimittite,
1655 2955 1684 2993 a
1715 2939 1875 3008 priori
1901 2938 2023 2991 vita:

445 3035 688 3091 instituto
734 3036 968 3091 recedite
992 3075 1008 3100 ,
1059 3050 1089 3089 a
1138 3049 1332 3090 rerum.
1361 3031 1719 3102 improbarum
1743 3069 1757 3095 ,
1781 3047 1899 3100 quae
1928 3045 2023 3084 vos

441 3129 682 3184 detinent
709 3171 724 3194 ,
754 3129 983 3200 caligine
1015 3128 1272 3196 reSpirate
1299 3166 1315 3192 ,
1348 3134 1406 3179 ut
1442 3123 1657 3179 deducti
1705 3141 1735 3177 a
1782 3122 2023 3177 doctrina

445 3221 839 3284 miraculorum,
857 3221 1141 3290 quietaque
1167 3219 1344 3272 animo
1374 3215 1600 3287 prazditi,
1629 3217 1792 3270 Deum
1815 3214 2027 3268 univer-

444 3329 626 3369 sorum
655 3311 974 3382 agnoscatis.
1003 3311 1187 3380 Neque
1216 3310 1356 3365 enim
1401 3307 1656 3362 miracula
1699 3306 1872 3360 solum
1918 3303 2027 3358 suf-

450 3405 658 3470 ticiunt,
692 3404 790 3458 nisi
839 3403 978 3458 adsit
1023 3403 1139 3471 pius
1165 3410 1218 3456 et
1243 3408 1424 3471 gratus
1465 3398 1695 3452 animus.
1726 3396 1857 3451 Nam
1887 3393 2023 3464 apud

443 3493 661 3548 Iudaeos
691 3507 900 3562 quoque
931 3491 1068 3546 facta
1095 3499 1217 3544 sunt
1243 3488 1516 3551 miracula,
1549 3501 1646 3540 nec
1671 3501 1737 3541 ex
1762 3485 1841 3538 eis
1868 3483 2026 3554 quid-

448 3599 612 3654 quam
643 3582 988 3638 emolumenti
1025 3581 1091 3636 ad
1135 3581 1345 3635 illorum
1401 3579 1622 3632 salutem
1667 3577 1880 3631 allatum
1923 3586 2023 3631 est.

447 3673 907 3741 Quemadmodum
940 3673 1080 3728 enim
1127 3687 1230 3726 non
1272 3669 1544 3726 sufficiunt
1575 3668 1702 3724 solis
1724 3667 1894 3730 radii,
1926 3666 2026 3721 nisi

451 3767 644 3822 oculus
673 3781 885 3835 quoque
931 3765 999 3818 sit
1027 3777 1192 3834 [nurus
1215 3770 1270 3817 et
1311 3777 1512 3816 sanus:
1553 3759 1622 3813 ita
1651 3773 1751 3814 nec
1788 3757 1878 3813 hic
1913 3757 2029 3826 qui-

458 3857 584 3912 dem
613 3857 722 3912 sola
757 3854 1010 3910 miracula
1048 3851 1342 3908 sufficiunt.
1375 3851 1634 3918 Quocirca
1664 3865 1784 3904 cum
1827 3848 1893 3902 de
1923 3847 2028 3902 illis

453 3948 819 4011 disseruisset,
850 3947 1095 4000 hortatur
1122 3960 1216 4000 eos
1241 3941 1334 4014 qui
1362 3952 1486 3998 sunt
1523 3958 1588 3998 ex
1619 3941 1724 3995 illis
1748 3939 2027 3994 utilitatem

459 4039 708 4111 capturi.
751 4049 810 4094 ut
839 4039 1154 4110 resipiscam
1177 4053 1205 4091 a
1229 4037 1382 4091 malis
1407 4053 1527 4108 qua:
1547 4050 1642 4092 eos
1668 4043 1858 4104 captos
1887 4031 2029 4088 deti-

454 4141 600 4196 nent,
631 4139 690 4200 ω
719 4131 926 4200 possint
943 4145 1268 4201 cognoscere
1298 4130 1460 4185 Deum
1489 4129 1880 4183 universorum.
1920 4123 2027 4178 Va-

452 4233 583 4290 cate,
614 4233 661 4278 et
692 4225 868 4286 uidete,
893 4225 1132 4292 quoniam
1155 4238 1248 4292 ego
1275 4238 1384 4274 sum
1407 4219 1564 4286 Deus,
1598 4234 1701 4274 non
1725 4217 2028 4282 simulacra,

460 4333 559 4370 nec
581 4324 792 4371 statum.
841 4315 1040 4371 Vacate
1086 4315 1282 4384 igitur,
1332 4322 1387 4367 ct
1433 4313 1596 4368 multa
1635 4312 2029 4367 evidentissima

453 4407 606 4461 vobis
635 4417 946 4475 argumenta
975 4405 1274 4460 ostendam.
1305 4403 1414 4457 lloc
1443 4403 1584 4457 enim
1611 4401 1711 4457 sibi
1738 4403 1852 4457 vult
1876 4401 2028 4466 illud,

468 4497 748 4551 [imitabor
768 4498 821 4550 iu
849 4497 1074 4568 gentibus
1095 4537 1109 4561 ,
1137 4505 1182 4548 et
1218 4493 1480 4549 exaltabor
1507 4495 1558 4546 in
1589 4503 1720 4546 terra
1743 4535 1759 4559 ,
1799 4493 1898 4547 hoc
1921 4503 2028 4557 est,

460 4589 562 4644 Per
583 4604 746 4657 opera
769 4589 918 4642 vobis
951 4602 1174 4656 magnus
1207 4596 1261 4665 et
1295 4585 1536 4640 excelsus
1560 4585 1830 4638 osteudar.
1866 4583 2032 4637 liabet

457 4681 600 4737 enim
651 4682 916 4752 propriam
971 4679 1303 4734 altitudinem
1348 4694 1474 4748 pura
1522 4678 1648 4741 illa,
1706 4677 1773 4731 ab
1818 4676 2031 4732 interitu

463 4770 639 4826 aliena
688 4782 742 4824 et
789 4771 1070 4826 iucll'abilis
1119 4781 1327 4825 natura.
1378 4771 1482 4825 Sed
1513 4770 1764 4839 quoniam
1793 4785 1887 4824 vos
1913 4784 2030 4823 eam

465 4879 571 4917 non
595 4863 914 4933 perspicitis.
941 4879 1058 4917 eam
1088 4864 1237 4917 vobis
1273 4878 1364 4932 per
1389 4877 1551 4930 opera
1583 4861 1884 4915 ostendam.
1915 4859 2030 4914 Non

457 4955 631 5008 solum
661 4964 842 5008 autem
876 4955 926 5007 in
960 4954 1262 5018 Pola-stitia,
1295 4969 1394 5009 nec
1450 4953 1620 5007 solum
1650 4952 2030 5021 Jerosolymis,

459 5045 553 5103 sed
581 5048 738 5100 ctiam
769 5044 906 5117 apud
954 5061 1050 5100 Vos
1101 5054 1307 5115 gentes.
1341 5045 1416 5099 Ita
1452 5059 1580 5115 ergo
1610 5044 1908 5104 exaltatur,
1940 5058 2035 5096 eos

457 5139 677 5194 vincens
721 5153 785 5193 ac
819 5153 1120 5208 superans,
1169 5136 1422 5190 miracula
1478 5137 1676 5190 faciens
1725 5135 2031 5205 Babylone,

469 5230 722 5284 miracula
752 5232 803 5283 in
846 5229 1100 5301 Egypto,
1137 5227 1386 5282 miracula
1419 5228 1470 5282 iu
1498 5227 1708 5282 deserto
1732 5269 1746 5293 ,
1780 5227 2031 5282 miracula

459 5335 556 5388 per
584 5321 887 5374 universum
932 5322 1116 5375 orbem
1143 5328 1409 5375 terrarum
1437 5357 1450 5382 ,
1492 5326 1550 5371 ut
1575 5318 1647 5371 illi
1681 5317 1912 5388 undique
1937 5317 2033 5370 ha-

461 5410 622 5464 beant
650 5413 945 5467 doctrinam
991 5413 1108 5483 ejus
1147 5411 1489 5483 cognitionis.
1539 5411 1628 5466 l2.
1673 5411 1918 5466 Dominus
1945 5415 2036 5466 vir-

459 5511 618 5555 tutum
647 5503 933 5569 nobiscum,
959 5513 1222 5574 susceptor
1245 5512 1413 5558 noster
1443 5501 1579 5556 Dens
1618 5501 1800 5556 Iacob.
1829 5502 1925 5557 llic
1951 5511 2034 5557 est

463 5609 591 5664 ergo
618 5596 783 5661 Deus,
806 5597 899 5666 qui
947 5608 1027 5653 est
1068 5599 1262 5664 ubique
1303 5610 1524 5664 magnus
1549 5637 1563 5659 ,
1592 5596 1678 5664 qui
1723 5607 1804 5648 est
1840 5595 2036 5664 ubique

460 5685 723 5751 excelsus,
755 5687 798 5743 is
827 5701 1038 5757 semper
1065 5689 1210 5743 stetit
1248 5687 1542 5743 uobiscum.
1585 5685 1660 5740 Ne
1691 5701 1816 5755 ergo
1846 5685 2034 5741 timea-

1093 266 1142 324 S.
1187 261 1466 321 JOANNIS
1526 255 1995 317 Clll'lYSOSTOMl
2037 253 2350 312 ARCHIEP.
2391 251 2922 310 CONSTANTINOP.

3585 252 3685 306 ἕω

2113 367 2202 432 tis,
2251 381 2424 434 neque
2473 364 2862 420 conturbemiui
2898 407 2914 431 ,
2967 378 3085 418 cum
3139 362 3376 417 habeatis
3413 363 3687 416 Dominmu

2117 457 2253 510 adeo
2277 457 2742 526 inexpugnabilem
2782 474 2795 510 :
2826 470 2982 523 quem
3022 455 3174 509 decet
3201 454 3393 524 gloria,
3427 452 3620 515 honor,
3638 467 3691 507 et

2116 545 2505 616 magnificentia
2534 589 2546 606 ,
2579 562 2697 600 tum
2749 546 2903 599 Patre
2935 543 3179 614 principii
3204 551 3444 613 experte,
3477 552 3532 597 et
3557 543 3691 596 vivi-

2114 637 2215 690 fico
2249 654 2345 691 suo
2369 637 2586 706 Spiritu,
2621 652 2762 691 nunc
2790 645 2843 691 et
2871 651 3105 706 semper,
3125 644 3179 689 et
3214 634 3265 689 in
3293 634 3695 689 sarcula'swcu-

2114 730 2308 785 lorum.
2331 731 2524 784 Amen.

2558 881 2624 938 IN
2655 881 2972 938 PSALMUM
3012 880 3201 936 XLVI.

2119 1018 2170 1071 1.
2223 1016 2290 1071 1η
2330 1017 2480 1087 ﬁnem
2506 1057 2522 1085 ,
2565 1033 2658 1088 pro
2692 1016 2812 1085 ﬁliis
2839 1014 2987 1070 Core.
3014 1013 3187 1080 Alius,
3223 1011 3458 1066 Victoria:
3502 1010 3694 1065 auctori

2707 1107 2929 1176 ﬁliorum
2949 1102 3100 1159 Core.

2113 1264 2170 1320 2.
2216 1263 2402 1319 Omnes
2429 1280 2622 1335 gemes,
2649 1261 2872 1334 plaudite
2899 1260 3147 1314 manibus.
3182 1259 3350 1321 Alius,
3376 1256 3554 1312 Manu.
3590 1256 3693 1311 luo

2186 1357 2338 1410 bilate
2367 1354 2474 1408 Deo
2490 1356 2540 1408 in
2567 1371 2686 1406 noce
2714 1352 3078 1407 exsultationis.
3109 1351 3278 1416 Alius,
3312 1349 3613 1422 Signiﬁcatu
3637 1351 3689 1402 in

2188 1463 2308 1500 voce
2344 1447 2676 1500 laudationis.
2695 1447 2747 1498 5.
2780 1445 3030 1512 Quoniam
3049 1443 3295 1498 Dominus
3321 1443 3571 1506 excelsus,
3603 1455 3702 1496 ter-

2186 1539 2368 1604 ribilis,
2398 1555 2487 1593 rex
2517 1553 2726 1607 magnus
2752 1553 2904 1607 super
2933 1552 3126 1590 onmem
3155 1533 3357 1588 terram.

2192 1694 2245 1747 1.
2302 1692 2402 1748 Hic
2435 1692 2596 1746 etiam
2643 1691 2884 1745 Psalmus
2912 1690 3049 1744 idem
3076 1690 3242 1760 tangit
3279 1696 3688 1760 argumentum,

2116 1783 2304 1839 dicens
2332 1782 2582 1837 victorias
2630 1791 2684 1836 et
2737 1789 2933 1850 tropaea
2967 1796 3084 1849 qua:
3131 1788 3317 1834 contra
3360 1779 3542 1833 hostes
3592 1778 3688 1831 sibi

2122 1883 2373 1944 pararunt
2402 1916 2416 1939 ,
2446 1882 2501 1929 et
2527 1874 2828 1928 universum
2883 1873 3067 1926 orbem
3101 1881 3361 1926 terrarum
3402 1887 3598 1926 vocans
3626 1871 3691 1924 ad

2119 1979 2182 2018 ea
2209 1963 2491 2027 laudanda,
2522 1979 2641 2033 qua:
2669 1973 2814 2033 gesta
2861 1972 3001 2017 sunt.
3031 1962 3134 2018 Sed
3167 1962 3438 2016 nonnullis
3468 1961 3693 2017 fortasse

2119 2057 2329 2112 videtur
2349 2056 2513 2111 divini
2538 2055 2766 2125 Spiritus
2797 2055 3097 2110 hortatione
3127 2053 3395 2122 indignum
3425 2068 3544 2108 esse
3571 2068 3692 2122 pro-

2119 2147 2340 2202 ωιιιίιιιιι
2372 2187 2388 2212 ,
2417 2161 2624 2201 necnon
2676 2144 2940 2214 ejusmodi
2975 2143 3148 2214 jussio
3172 2183 3188 2210 ,
3221 2143 3439 2213 plausus
3461 2185 3478 2210 ,
3508 2143 3698 2211 strepi-

2121 2245 2227 2300 tus,
2255 2246 2309 2292 et
2330 2237 2754 2292 vociferationes.
2781 2234 2963 2305 Neque
3011 2236 3154 2290 enim
3186 2235 3250 2288 iis
3277 2234 3402 2304 ,qui
3445 2234 3499 2288 in
3548 2233 3689 2288 hunc

2122 2327 2480 2382 venerandum
2505 2327 2679 2380 locum
2696 2325 2761 2380 ad
2782 2323 3078 2381 docendum
3101 2323 3694 2389 constitutum,coeunt,

2123 2419 2238 2474 haec
2275 2417 2504 2474 fortasse
2542 2418 2900 2482 conveniunt,
2927 2417 3120 2471 dixerit
3146 2417 3411 2486 quispiam
3437 2433 3452 2483 ;
3482 2416 3576 2471 sed
3631 2418 3695 2471 iis

2121 2513 2210 2581 qui
2238 2511 2288 2563 in
2319 2525 2476 2564 scena
2521 2519 2575 2564 et
2627 2508 2883 2563 conviviis
2913 2517 3214 2570 versantur,
3253 2507 3450 2562 crotala
3485 2508 3698 2574 pulsare

2123 2611 2179 2657 et
2235 2600 2486 2670 plaudere
2535 2601 2814 2654 manibus:
2861 2600 2988 2653 viris
3036 2609 3212 2654 autem
3243 2598 3332 2668 qui
3367 2598 3625 2652 docentur
3667 2614 3695 2652 a

2122 2693 2289 2762 gratia
2315 2691 2549 2760 Spiritus
2570 2732 2584 2754 ,
2616 2689 2867 2743 c0uvcnit
2895 2689 3047 2758 quies
3069 2729 3083 2752 ,
3110 2686 3266 2754 ordo,
3297 2697 3352 2742 et
3379 2687 3693 2742 moderatio.

2130 2782 2266 2850 Quid
2311 2795 2440 2852 ergo
2469 2781 2552 2835 his
2603 2780 2962 2849 significatur,
3003 2787 3056 2833 et
3083 2795 3245 2849 quam
3288 2778 3654 2847 jubilatiouem
3680 2819 3696 2842 ,

2125 2887 2283 2943 quem
2309 2873 2548 2942 plausum
2591 2871 2664 2924 ait
2691 2871 2714 2922 ‘t
2740 2871 3150 2924 Consueverunt
3190 2870 3332 2924 enim
3362 2867 3465 2922 hoc
3493 2867 3697 2933 facere,

2125 2964 2213 3033 qui
2241 2963 2494 3017 instructa
2526 2961 2639 3014 acie
2674 2961 2855 3028 pl‘.l:li0
2897 2970 3021 3014 sunt
3046 2959 3396 3022 decertaturi,
3426 2959 3656 3029 jubilare
3679 3000 3695 3024 ,

2129 3055 2343 3124 inquam
2372 3095 2386 3118 ,
2440 3063 2494 3107 et
2538 3053 2782 3106 manibus
2831 3054 3094 3107 maximos
3131 3053 3348 3123 plausus
3395 3051 3595 3111 edere.
3633 3050 3699 3104 ad

2128 3144 2312 3199 hostes
2343 3143 2718 3212 per-terrendos
2760 3160 2772 3194 :
2806 3157 2835 3196 a
2863 3143 3148 3212 tranquillo
3195 3153 3372 3197 autem
3424 3143 3602 3197 animo
3623 3151 3704 3197 est

2131 3238 2232 3292 hoc
2260 3237 2513 3291 alienum.
2548 3235 2788 3291 Psalmus
2810 3251 2939 3290 vero
2959 3235 3108 3306 jubet
3133 3245 3420 3306 utrumque
3443 3277 3457 3298 ,
3477 3246 3530 3292 et
3550 3236 3702 3306 plau-

2131 3329 2261 3384 dere
2325 3330 2570 3383 manibus
2591 3369 2604 3390 ,
2633 3339 2688 3382 et
2717 3329 2966 3399 juhilarc.
3010 3328 3146 3395 Quid
3193 3339 3274 3383 est
3304 3343 3436 3398 ergo
3459 3329 3598 3398 quod
3624 3327 3708 3382 die

2131 3433 2276 3476 clum
2299 3431 2382 3476 est
2410 3422 2433 3473 ?
2458 3420 2599 3474 Nihil
2634 3420 2775 3474 aliud
2806 3462 2821 3484 ,
2855 3421 2954 3475 nisi
3001 3420 3324 3489 voluptatem
3353 3459 3369 3484 ,
3398 3429 3455 3474 et
3495 3419 3701 3487 signum

2131 3515 2366 3569 victoria?
2427 3515 2708 3583 significat.
2773 3513 2902 3567 Nam
2968 3513 3088 3567 alibi
3165 3527 3375 3582 quoque
3448 3509 3702 3580 propheta

2131 3597 2331 3652 inducit
2378 3596 2570 3651 fluvios
2597 3596 2906 3664 plaudentes
2945 3596 3186 3649 manibus
3209 3635 3223 3658 ,
3256 3594 3455 3659 Fluvii,
3487 3593 3703 3657 dicens,

2134 3689 2374 3759 plaudeut
2423 3689 2652 3741 manibus
2692 3689 2744 3742 iu
2789 3688 3008 3758 idipsum
3039 3687 3056 3756 (
3090 3687 3228 3741 Psal.
3271 3686 3357 3743 97.
3389 3687 3486 3751 9).
3527 3684 3708 3740 Esaias

2132 3792 2311 3836 autem
2343 3781 2562 3836 arbores
2600 3797 2811 3850 quoque
2838 3781 3054 3836 adducit
3105 3782 3205 3837 hoc
3232 3781 3487 3835 facientes
3529 3785 3544 3848 (
3582 3778 3704 3834 lsai.

2132 3871 2221 3926 55.
2248 3871 2355 3940 12)
2385 3887 2400 3935 ;
2427 3871 2516 3926 hic
2539 3872 2650 3940 ipse
2675 3880 2850 3924 autem
2881 3887 3066 3924 rursus
3090 3879 3145 3925 et
3189 3881 3398 3926 montes
3417 3913 3433 3937 ,
3466 3881 3516 3924 et
3545 3870 3710 3924 colles

2133 3964 2438 4019 cxsilicntes
2466 3966 2484 4034 (
2508 3963 2654 4020 Psal.
2687 3965 2808 4018 115.
2847 3965 2943 4033 4);
2978 3979 3084 4016 non
3111 3973 3168 4015 ut
3200 3964 3300 4018 hoc
3327 3963 3706 4031 intelligamus,

2135 4071 2324 4125 nempe
2356 4065 2566 4110 m0ntes
2593 4063 2647 4110 et
2675 4055 2838 4110 colles
2861 4054 3096 4116 exsilire,
3140 4067 3235 4106 nec
3253 4051 3502 4120 plaudere
3528 4051 3711 4104 ﬂuvius

2135 4148 2218 4203 vel
2267 4163 2456 4202 manus
2507 4147 2702 4203 habere
2729 4147 2746 4218 (
2771 4146 2870 4200 hoc
2912 4153 3054 4200 esset
3081 4145 3219 4198 enim
3249 4151 3502 4198 cxlrcma'
3534 4161 3712 4196 anien-

2136 4240 2222 4294 tia:
2253 4239 2290 4309 ),
2320 4239 2412 4292 sed
2442 4249 2493 4292 ut
2521 4251 2779 4292 summam
2797 4235 3064 4289 discamus
3091 4234 3430 4304 voluptatem.
3460 4233 3532 4287 Ita
3553 4236 3710 4288 etiam

2135 4344 2416 4398 possumus
2452 4327 2631 4382 videre
2679 4327 2734 4379 in
2787 4324 3107 4379 hominibus.
3174 4325 3241 4378 Et
3269 4339 3364 4378 cur
3402 4339 3504 4376 non
3538 4324 3710 4388 dixit,

2135 4418 2375 4475 Gaudete
2405 4428 2458 4472 et
2483 4416 2688 4471 exsilite
2711 4456 2726 4479 ,
2757 4415 2848 4470 scd
2873 4457 2888 4481 ,
2923 4413 3178 4480 Plaudite,
3225 4423 3300 4478 et,
3345 4413 3572 4467 anilate
3597 4415 3622 4467 .’
3648 4412 3714 4468 Ut

2138 4510 2289 4563 nobis
2316 4509 2576 4574 insignem
2610 4505 2857 4560 ostendat
2890 4505 3234 4574 voluptatem.
3257 4504 3713 4572 Quemadmodum

2135 4599 2278 4654 enim
2315 4596 2574 4663 Christus,
2620 4596 2834 4665 quando
2878 4596 3044 4660 dicit,
3077 4593 3156 4651 Tu
3185 4607 3350 4649 autem
3392 4595 3593 4663 quando
3629 4597 3713 4664 je-

2127 4689 2307 4760 junus,
2339 4701 2472 4755 unge
2494 4695 2644 4754 caput
2671 4694 2834 4752 tuum,
2872 4695 2919 4740 et
2945 4686 3128 4754 {aciem
3156 4695 3294 4738 luant
3333 4685 3447 4738 lava
3474 4683 3493 4756 (
3517 4684 3682 4738 Matth

2138 4776 2190 4832 6.
2218 4779 2281 4830 l7
2311 4777 2349 4845 ),
2371 4791 2475 4830 non
2506 4776 2606 4830 hoc
2630 4776 2778 4837 dicit,
2811 4776 3128 4846 praecipiens
3151 4785 3207 4829 ut
3237 4791 3499 4843 ungamur
3519 4775 3537 4846 (
3561 4790 3718 4828 nemo

2137 4869 2278 4924 enim
2321 4876 2560 4922 uostrmn
2597 4867 2700 4922 hoc
2743 4867 2931 4937 facit).
2961 4867 3053 4922 sed
3100 4875 3160 4921 ut
3207 4865 3555 4920 ostendamus
3586 4880 3718 4933 gau-

2139 4960 2314 5024 dium,
2356 4961 2641 5029 lattumque
2679 4959 2912 5012 animum
2958 4959 2978 5023 (
3024 4956 3258 5026 praecipit
3299 4955 3528 5012 enimut
3571 4957 3719 5009 hctus

2134 5051 2372 5121 jejuuet.
2401 5051 2667 5104 tristitiam
2697 5063 2799 5102 non
2827 5064 2938 5118 pra:
2977 5065 3036 5104 se
3080 5047 3254 5103 ferens
3285 5049 3334 5118 ):
3358 5049 3426 5102 ita
3451 5050 3611 5102 etiam
3637 5046 3722 5101 hic

2139 5155 2348 5210 quoque
2381 5155 2486 5194 non
2515 5139 2620 5193 hoc
2642 5138 2776 5207 jussi
2799 5155 3002 5201 sumus,
3037 5155 3228 5207 nempe
3259 5140 3510 5208 plaudere
3550 5139 3719 5191 mani-

2145 5231 2240 5285 bus
2263 5273 2280 5296 ,
2307 5241 2361 5286 et
2382 5230 2606 5299 jubilare
2628 5271 2642 5293 ,
2671 5228 2767 5284 sed
2796 5229 2920 5283 dum
2953 5231 3228 5299 psallimus
3257 5271 3272 5294 ,
3305 5231 3503 5293 laetari,
3535 5241 3590 5283 et
3631 5246 3721 5280 vo-

2144 5322 2340 5390 luptate
2377 5321 2534 5375 affici.
2577 5319 2702 5375 Jure
2738 5332 2914 5376 autem
2959 5323 3242 5392 sumpserit
3268 5323 3527 5391 quispiam
3575 5319 3722 5375 Psal-

2143 5428 2288 5467 mum
2321 5427 2416 5480 per
2435 5426 2728 5481 anagogen,
2759 5411 2976 5466 historia
3009 5414 3286 5468 sublimior
3309 5412 3547 5468 effectus.
3590 5412 3721 5466 Nam

2141 5504 2238 5557 ctsi
2269 5502 2472 5556 initium
2500 5518 2561 5558 ac
2590 5503 2905 5571 prommium
2931 5504 3077 5560 ducit
3110 5521 3138 5560 a
3167 5504 3526 5568 sensrtilibus,
3551 5505 3616 5557 ad
3641 5503 3722 5558 in-

2143 5593 2432 5663 telligibilia
2467 5603 2640 5648 tamen
2670 5593 2884 5650 deducit
2917 5595 3231 5650 auditorem.

2219 5683 2486 5756 Scriptura
2519 5702 2663 5741 sacra
2705 5696 2756 5740 ut
2797 5687 3105 5758 arripienda.
3135 5719 3197 5730 --
3219 5686 3370 5754 Quod
3400 5685 3538 5741 enim
3569 5693 3723 5741 ante!
