4112 6208
413 280 513 338 τοι

411 392 509 466 χοῦ
543 391 642 462 τῆς
666 391 993 461 οἰκουμένης
1021 397 1119 465 τὴν
1157 394 1380 466 εἰρήνην
1423 394 1654 459 ἐξέτεινε
1688 407 1737 461 ⁸,
1767 394 1862 449 καὶ
1889 393 1980 448 τὸν

411 474 667 545 αἰσθητὸν
695 474 752 528 δέ
780 475 959 529 αὐτῶν
987 477 1221 548 πόλεμον
1250 479 1670 547 συγκατέϐαλεν.
1688 480 1865 548 Ὅπερ
1891 476 1984 531 καὶ

409 558 439 610 6
478 557 704 622 Ἦσατας
744 556 921 628 δηλῶν
954 558 1105 627 ἔλεγε
1130 576 1146 592 ο
1181 561 1588 629 Συντριψουσι
1618 561 1726 628 τὰς
1766 560 1984 630 μαχαί-

348 663 352 667 <
402 656 518 708 ρας
543 639 744 695 αὐτῶν
771 643 859 708 εις
881 641 1121 711 ἄροτρα,
1151 644 1251 697 καί
1282 644 1389 711 τὰς
1408 643 1643 713 ζιϐύνας
1669 645 1872 701 αὐτῶν
1895 646 1983 712 είς

408 720 704 790 δρέπανα,
746 722 846 777 καί
904 725 979 777 οὐ
1036 725 1296 793 λήψεται
1334 727 1506 794 ἔθνος
1535 727 1631 781 ἐπ’
1667 727 1844 794 ἔθνος
1868 726 1984 797 μά-

411 820 645 872 χαιραν,
675 804 772 857 καί
810 806 885 857 οὐ
897 804 983 874 μὴ
1002 805 1276 874 μάθωσιν
1302 806 1391 862 ἔτι
1411 808 1715 880 πολεμεῖν.
1734 809 1850 882 Πρό
1881 809 1983 881 μέν

410 887 520 959 γὰρ
547 888 648 958 τῆς
693 888 788 941 τοῦ
821 889 1059 961 Χριστοῦ
1107 892 1408 962 παρουσίας
1451 892 1656 958 πάντες
1702 893 1983 968 ἄνθρωποι

409 974 550 1027 δπλα
568 973 836 1051 ἐτίθεντο,
864 976 956 1029 καὶ
975 976 1147 1041 οὐδεὶς
1168 977 1362 1050 ἀτελὴς
1380 977 1586 1050 ταύτης
1606 979 1708 1050 τῆς
1737 980 1984 1051 λειτουρ-

410 1052 536 1121 γίας
564 1047 655 1124 ἦν,
682 1054 777 1106 καὶ
802 1053 986 1120 πόλεις
1016 1055 1155 1125 πρὸς
1198 1056 1299 1121 τὰς
1319 1047 1514 1122 *πόλεις
1542 1047 1818 1130 ’ἐμάχοντο
1839 1099 1857 1126 ,
1892 1047 1986 1113 καὶ

407 1135 584 1190 διόλου
634 1136 703 1189 τά
751 1136 859 1189 τῶν
906 1137 1158 1209 πολέμων
1207 1143 1587 1212 συνεκροτεῖτο
1609 1157 1625 1172 ο
1670 1140 1768 1195 νῦν
1811 1141 1870 1195 δέ
1924 1142 1986 1195 τὸ

409 1218 574 1272 πλέον
599 1220 700 1286 τῆς
729 1221 1050 1293 οίκουμένης
1085 1223 1146 1276 ἐν
1187 1223 1381 1295 εἰρήνῃ
1397 1263 1414 1289 ,
1459 1224 1681 1278 πάντων
1727 1225 1787 1277 ἐν
1830 1223 1985 1296 ἀδείᾳ

409 1300 509 1356 καὶ
555 1300 748 1372 τέχνας
789 1303 1081 1373 μετιόντων
1099 1345 1117 1371 ,
1148 1304 1246 1358 καὶ
1287 1306 1396 1376 γῆν
1436 1305 1823 1377 ἐργαζομένων
1844 1346 1859 1368 .
1889 1308 1985 1360 καὶ

410 1383 682 1440 θάλατταν
704 1384 974 1440 πλεόντων
995 1403 1011 1417 ·
1039 1387 1222 1455 ὀλίγον
1255 1387 1314 1442 δέ
1348 1390 1468 1441 ἐστι
1506 1387 1569 1443 τὸ
1596 1389 1983 1461 στρατιωτικὸν

412 1467 522 1536 πρὸ
542 1466 652 1522 τῶν
675 1466 848 1521 ἀλλων
885 1468 1144 1523 ἁπάντων
1176 1469 1526 1541 τεταγμένον.
1558 1472 1670 1525 Καὶ
1693 1471 1885 1526 τούτου
1923 1472 1982 1526 δέ

409 1548 478 1602 ἂν
506 1551 541 1620 η
564 1549 724 1621 χρεία
749 1549 1040 1622 κατελύθη,
1074 1551 1126 1604 εί
1151 1553 1219 1604 τὶ
1248 1552 1589 1624 προσήκοντα
1615 1554 1978 1624 ἐπράττομεν,

412 1632 509 1686 καὶ
532 1632 607 1705 μὴ
636 1632 898 1708 ἐδεόμεθα
926 1633 1019 1705 τῆς
1047 1632 1156 1688 ἀπὸ
1195 1632 1303 1687 τῶν
1334 1632 1562 1703 θλίψεων
1599 1636 1976 1708 ὑπομνήσεως.

414 1714 531 1786 Πῦρ
549 1713 606 1768 δέ
627 1705 858 1768 ἐνταῦθα
890 1715 990 1786 τὴν
1012 1715 1182 1787 ὀργὴν
1208 1713 1371 1769 αὐτοῦ
1405 1715 1598 1781 καλεῖ,
1629 1705 1725 1771 καί
1749 1705 1980 1789 πρᾶγμα

411 1796 754 1867 συμϐεϐηκὸς
789 1797 970 1866 λέγει,
1006 1798 1089 1851 ὅτι
1120 1795 1187 1851 τά
1234 1796 1375 1851 ὅπλα
1399 1798 1579 1854 αὐτῶν
1607 1800 1978 1867 κατέκαυσαν,

406 1879 543 1932 κατά
572 1879 773 1948 κράτος
807 1880 1131 1950 νικήσαντες
1152 1918 1168 1941 ,
1203 1880 1299 1933 καὶ
1328 1879 1396 1933 τά
1424 1879 1677 1952 ἀρματα,
1703 1882 1843 1955 ὅπερ
1880 1884 1979 1939 Ἰε-

402 1960 591 2033 ζεκιήλ
619 1978 787 2033 φησι·
829 1963 922 2016 καὶ
953 1963 1068 2016 ὅσοι
1118 1962 1435 2033 φιλομαθεῖς
1459 2003 1476 2028 ,
1513 1963 1663 2019 ίσασι
1698 1965 1799 2039 τὴν
1839 1968 1982 2023 1010-

404 2042 545 2114 ρίαν.
576 2043 948 2113 Σχολὰσατε,
987 2047 1086 2100 καί
1121 2044 1331 2116 γνῶτε,
1362 2046 1450 2100 ὅτι
1475 2047 1590 2117 ἐγώ
1611 2051 1727 2119 ειμι
1756 2053 1791 2105 ό
1811 2053 1976 2119 Θεός.

413 2125 834 2198 ’Υψωθήσοιιαι
864 2129 937 2182 ἐν
962 2128 1088 2194 τοῖς
1115 2129 1340 2193 ἔθνεσι,
1382 2130 1775 2201 ὑψωθήσομαι
1804 2133 1876 2187 έν
1902 2134 1980 2205 τῇ

400 2207 501 2278 τῇ.
534 2208 728 2277 "A110;
765 2211 930 2282 φησιν
957 2250 974 2275 ,
1027 2210 1244 2279 Ἰάθητε
1281 2211 1310 2251 δ
1359 2212 1459 2264 καί
1515 2212 1722 2282 γνῶτε.
1762 2216 1976 2283 Ἄλλος,

416 2290 690 2351 Ἐ’ἁσατε.
713 2293 816 2346 ἵνα
847 2292 1053 2362 γνῶτε.
1102 2292 1160 2346 '0
1185 2292 1242 2346 δέ
1281 2292 1529 2365 Ἐϐραῖός
1553 2312 1718 2365 φησιν
1741 2339 1757 2362 ,
1789 2301 1980 2369 οὐαρ-

406 2372 526 2454 ξροῦ
554 2372 800 2454 οὐαδοῦ.
843 2373 1111 2428 Ἐνταῦθά
1140 2391 1230 2444 μοι
1257 2373 1405 2429 δοκεῖ
1443 2376 1582 2447 πρὸς
1608 2377 1679 2432 τά
1711 2379 1838 2454 ἔθνη
1871 2381 1980 2437 διας

408 2452 684 2521 λέγεσθαι,
714 2456 995 2526 μονονουχὶ
1026 2454 1186 2510 τοῦτο
1208 2456 1384 2524 λέγων
1402 2460 1670 2531 ’Ἔγνωτε
1681 2462 1780 2533 μὲν
1812 2452 1978 2520 αὐτοῦ

407 2535 511 2606 τὴν
536 2535 713 2605 ίσχύν,
741 2537 896 2607 φησὶ,
934 2537 1033 2590 καὶ
1064 2537 1163 2609 τὴν
1189 2537 1419 2609 δύναμιν
1445 2542 1548 2613 τὴν
1576 2544 1855 2615 πανταχοῦ
1880 2547 1982 2617 τῆς

409 2617 737 2689 οἰκουμένης
757 2619 1150 2690 ἐκτεταμένην·
1179 2619 1260 2673 δεῖ
1300 2622 1357 2674 δὲ
1390 2623 1519 2692 ὑμῖν
1554 2623 1783 2694 σχολῆς,
1813 2626 1895 2680 δεῖ
1924 2627 1982 2682 δέ

407 2699 538 2770 ὐμῖν
570 2700 918 2772 ὑγιαινούσης
938 2702 1136 2773 ψυχῆς.
1160 2704 1272 2758 Καὶ
1301 2704 1363 2758 τὸ
1396 2705 1652 2761 Ἐάσατε
1675 2708 1733 2762 δέ
1763 2708 1827 2762 τὸ
1850 2711 1983 2765 αὐτὸ

403 2781 584 2853 δηλοῖ·
618 2786 783 2852 ἄφετε
809 2783 909 2856 τὴν
940 2784 1170 2856 πλάνην,
1199 2786 1552 2861 ἀπαλλάγητε
1581 2790 1682 2861 τῆς
1711 2792 1983 2864 προτέρας

403 2866 752 2938 ἀναστροφῆς
776 2905 791 2930 ,
839 2866 1213 2922 ἀναπνεύσατε
1246 2870 1311 2921 ἐκ
1345 2871 1446 2942 τῆς
1477 2871 1678 2941 ἀχλύος
1704 2873 1816 2928 τῶν
1848 2893 1981 2930 κατ-

401 2946 635 3029 εχόντων
666 2949 809 3020 ὑμᾶς
835 2949 1086 3020 πονηρῶν
1115 2951 1475 3023 πραγμάτων,
1496 2954 1583 3009 ίνα
1613 2956 1722 3010 ἀπὸ
1751 2957 1851 3029 τῆς
1871 2958 1980 3014 τῶν

402 3028 696 3113 θαυμάτων
755 3031 1100 3097 διδασκαλίας
1160 3036 1662 3107 χειραγωγούμενοι
1721 3028 1819 3092 x01
1879 3040 1978 3113 τὴν

401 3111 580 3184 ψυχὴν
608 3113 970 3184 σχολάζουσαν
1003 3114 1216 3185 ἔχοντες
1236 3157 1250 3181 ,
1281 3117 1551 3188 ἐπιγνῶτε
1588 3120 1682 3173 τὸν
1704 3120 1813 3176 τῶν
1838 3111 1976 3176 ὅλων

400 3195 554 3248 Θεόν.
582 3195 718 3249 Οὐδέ
740 3196 851 3270 γὰρ
877 3197 1038 3268 ἀρκεῖ
1062 3197 1130 3251 τά
1158 3197 1411 3270 θαύματα
1438 3200 1619 3272 μόνον,
1650 3203 1746 3257 ἐάν
1773 3204 1848 3275 μὴ
1882 3207 1977 3260 καὶ

401 3277 549 3348 ψυχὴ
574 3277 945 3355 εὐγνώμων
989 3282 1144 3335 Ἐπεὶ
1175 3283 1269 3336 καὶ
1296 3283 1388 3336 ἐπὶ
1414 3283 1523 3338 τῶν
1558 3286 1827 3342 Ἰουδαίων
1855 3290 1976 3358 ἐγέ-

404 3378 527 3415 νετο
554 3361 828 3434 θαύματα,
847 3365 941 3419 καὶ
964 3364 1118 3419 οὐδέν
1151 3366 1310 3420 πλέον
1335 3367 1552 3436 ἐγένετο
1576 3369 1724 3440 πρὸς,
1738 3371 1838 3442 τὴν
1870 3389 1976 3425 σω-

400 3446 598 3517 τηρίαν
633 3447 877 3502 ἐκείνων.
915 3450 1124 3523 Ὠσπερ
1165 3449 1275 3521 γάρ
1310 3452 1412 3505 οὐκ
1456 3451 1718 3524 ἀρκοῦσιν
1771 3455 1829 3507 αί
1878 3456 1975 3510 τοῦ

400 3527 554 3599 ἡλίου
580 3529 826 3596 ἀκτῖνες,
861 3530 956 3585 ἐάν
992 3532 1068 3604 μὴ
1114 3532 1210 3586 καὶ
1248 3534 1279 3586 6
1324 3532 1603 3606 ὀφθαλμὸς
1641 3528 1884 3607 καθαρὸς
1914 3535 1971 3612 ᾗ,

401 3612 496 3664 καὶ
528 3612 786 3680 ὑγιαίνων
811 3630 826 3646 ο
864 3612 1007 3668 οὕτω
1034 3614 1100 3687 δὴ
1156 3615 1278 3669 οὐδέ
1320 3617 1556 3672 ἐνταῦθα
1601 3614 1673 3671 τὰ
1718 3618 1973 3691 θαύματα

401 3693 562 3762 μόνον
589 3695 770 3766 ἀρκεῖ.
798 3694 890 3750 Διὸ
913 3696 978 3769 δὴ
1000 3700 1132 3768 περὶ
1155 3697 1379 3753 ἐκείνων
1406 3698 1711 3771 διαλεχθεὶς
1727 3738 1743 3763 ,
1768 3717 1974 3774 παραι-
2012 3759 2024 3771 ,

399 3779 482 3828 νεῖ
510 3777 623 3840 τοῖς
656 3776 940 3854 μέλλουσιν
965 3780 1145 3833 αὐτῶν
1178 3780 1518 3854 καρποῦσθαι
1554 3782 1653 3854 τὴν
1682 3782 1969 3852 ὠφέλειαν,

399 3857 736 3913 ἀναπνεῦσαι
765 3863 831 3915 ἐκ
858 3850 966 3915 τῶν
991 3850 1329 3933 κατεχόντων
1356 3865 1553 3929 αὐτοὺς
1576 3850 1762 3921 κακῶν
1784 3906 1801 3931 ,
1829 3866 1970 3923 ὥστε

402 3940 595 4010 μαθεῖν
618 3942 711 3995 τὸν
727 3941 862 3997 Θεὸν
897 3943 988 3998 τὸν
1020 3945 1115 3998 ἐπὶ
1144 3945 1253 3999 τῶν
1280 3945 1438 4003 ὅλων.
1468 3948 1839 4018 Σκολάσατε,
1871 3951 1971 4005 καί

398 4022 584 4094 γνῶτε
607 4064 623 4085 .
654 4024 745 4079 ὅτι
788 4024 904 4096 ἐγώ
947 4028 1066 4095 είμι
1115 4030 1148 4081 ό
1185 4026 1365 4094 Θεὸς,
1403 4028 1464 4081 οὐ
1489 4029 1560 4084 τά
1585 4029 1777 4084 είδωλα
1801 4071 1818 4098 ,
1851 4032 1972 4086 οὐδέ

401 4104 556 4178 μετ]
579 4106 649 4161 τά
681 4106 866 4174 ξόανα.
890 4109 1244 4178 Σχολάσατε
1269 4110 1468 4175 τοίνυν,
1489 4112 1585 4165 καὶ
1611 4112 1814 4177 πολλὰς
1842 4114 1973 4186 ύμῖν

401 4189 707 4262 παρέξομαι
728 4191 829 4255 τὰς
852 4191 1177 4258 ἀποδείξεις.
1194 4190 1365 4247 Τοῦτο
1390 4193 1501 4265 γάρ
1527 4194 1644 4248 ἐστι
1666 4195 1748 4262 τὸ,
1791 4196 1973 4265 ’Υψιω-

399 4273 661 4342 θὴσομαι
679 4273 751 4328 ἐν
781 4273 905 4341 τοῖς
926 4274 1188 4331 ἔθνεσιν.
1218 4276 1617 4348 ὑψωθήσομιιι
1643 4277 1717 4332 έν
1748 4276 1823 4347 τῇ
1859 4277 1938 4349 γῆ
1955 4293 1971 4309 ο

400 4357 665 4421 τουτέστι,
686 4356 907 4413 Διάτῶν
932 4358 1111 4429 ἔργων
1143 4359 1272 4431 ὑμῖν
1296 4359 1654 4432 δειχθήσομαι
1681 4360 1855 4433 μέγας
1881 4362 1975 4416 καὶ

401 4440 625 4510 ὑψηλός.
659 4441 811 4512 Ἔχει
853 4441 952 4513 μέν
984 4442 1093 4513 γὰρ
1124 4442 1184 4496 τὸ
1214 4443 1414 4498 οίκεῖον
1454 4446 1488 4516 ή
1529 4443 1692 4515 φύσις
1729 4444 1895 4510 ὕψος,
1936 4446 1972 4517 ἠ

397 4523 672 4594 ἀκήρατος
719 4523 902 4594 ἐκείνη
949 4524 1044 4578 καὶ
1096 4524 1392 4596 ἄφραστος.
1439 4527 1656 4601 Ἐπειδὴ
1708 4528 1766 4582 δέ
1815 4528 1972 4583 τοῦτο

397 4605 557 4676 ὑμεῖς
578 4607 640 4660 οὐ
669 4607 953 4679 συνορᾶτε,
972 4608 1066 4661 καὶ
1092 4608 1180 4662 διά
1203 4608 1312 4661 τῶν
1334 4608 1511 4680 ἔργων
1534 4611 1665 4682 ὑμῖν
1691 4610 1824 4665 αὐτὸ
1848 4611 1971 4665 ἐπι-

395 4687 572 4756 δείξω.
603 4689 680 4741 Οὐ
717 4688 877 4759 μόνον
897 4688 954 4743 δέ
986 4691 1046 4744 ἐν
1069 4692 1136 4763 τῇ
1172 4690 1503 4766 Παλαιστίνῃ
1523 4732 1539 4756 ,
1564 4691 1686 4747 οὐδὲ
1717 4693 1877 4764 μόνον
1909 4695 1969 4748 ἐν

407 4769 674 4842 Ὶεροσολύ
682 4787 824 4842 μοις,
847 4770 983 4826 ἀλλά
1001 4773 1097 4827 καὶ
1124 4775 1256 4846 παρ’
1280 4773 1409 4844 ὑμῖν
1433 4776 1546 4839 τοῖς
1565 4774 1795 4830 ἐθνεσιν.
1811 4775 1969 4831 οὓτω

396 4852 528 4921 γοῦν
551 4854 803 4924 ὑψοῦται,
824 4855 1041 4927 κρατῶν
1060 4855 1241 4911 αὐτων
1260 4856 1356 4910 καὶ
1378 4858 1789 4930 περιγινόμενος
1807 4900 1823 4924 ,
1847 4857 1970 4914 θαύο

398 4953 545 5008 ματα
566 4936 930 5009 ἐργαζόμενος
950 4938 1010 4992 ἐν
1021 4938 1325 5006 Βαϐυλῶνι,
1343 4939 1597 5011 θαύματα
1611 4945 1671 4996 ἐν
1687 4942 1966 5014 Αἰγύπτῳ,

397 5018 652 5091 θαύματα
684 5023 743 5075 ἐν
760 5021 975 5094 ἐρήμῳ,
1001 5020 1256 5094 θαύματα
1285 5023 1562 5096 πανταχοῦ
1587 5025 1688 5097 τῆς
1717 5026 1972 5098 οἰκουμέ-

394 5120 516 5175 νης,
540 5103 617 5168 ὡς
643 5103 977 5176 πανταχόθεν
998 5104 1196 5170 αὐτοὺς
1215 5104 1562 5163 διδασκαλίαν
1586 5106 1732 5180 ἐχειν
1754 5111 1853 5181 τῆς
1871 5108 1970 5163 αὐ-

392 5186 491 5242 τοῦ
528 5186 801 5257 γνώσεως.
832 5185 1055 5258 Κύριος
1100 5188 1221 5244 τῶν
1259 5189 1572 5261 δυνάμεων
1611 5192 1740 5262 μεθ’
1776 5192 1967 5263 ἡμῶν,

392 5271 771 5344 Mulvier
806 5269 978 5343 ἡμῶν
1023 5275 1073 5327 ά
1104 5272 1249 5339 Θεὸς
1287 5273 1503 5331 Ἰακώϐ.
1531 5267 1698 5340 οὗτος
1731 5275 1911 5330 τοίνυν
1942 5278 1972 5331 ό

892 5564 1009 5614 σου,
1037 5547 1195 5614 θείοιο,
1230 5552 1382 5602 lectio
1423 5559 1479 5603 ιιι
1511 5555 1692 5604 incerti
1738 5551 1896 5614 tegmi-
1919 5553 1970 5602 in

396 5611 651 5676 “emptis:
679 5610 803 5662 lnl'ri
828 5613 885 5661 16
1061 5612 1214 5670 δηλοῖ·
1251 5614 1393 5676 ἄφετε
1412 5616 1499 5673 τὴν
1526 5610 1830 5676 πλάνην.5ἰε
1851 5626 1966 5676 mss.

396 5681 452 5724 el
473 5672 586 5725 επ.
610 5672 728 5723 Ilor.
754 5679 920 5723 autem
940 5674 1219 5723 luseruerat
1242 5672 1566 5738 παραινιίγὰρ
1602 5672 1762 5731 αὐτοῖς
1785 5676 1857 5723 δτι
1882 5674 1965 5739 ἀφ.

1504 282 1872 341 ΕΧΡΟΞΙΤΙΟ
1909 282 1974 339 IN
2013 279 2343 337 PSALMUM
2382 277 2568 336 XLVI.

3552 275 3658 330 εσυ

2089 391 2222 455 Θεὸς
2244 429 2261 455 ,
2294 392 2325 445 6
2363 388 2643 460 πανταχοῦ
2682 386 2891 460 μέγας,
2928 388 2956 441 ἐ
3000 384 3275 458 πανταχοῦ
3308 384 3540 457 ὑψηλὸς,
3569 381 3661 443 οὖα

2084 491 2176 537 τος
2207 473 2294 527 ἀεὶ
2322 473 2443 544 μεθ’
2469 472 2625 544 ἡμῶν
2649 471 2870 543 ἕστηκε.
2892 468 3077 540 Μηδὲν
3095 464 3189 523 οὖν
3219 468 3493 539 φοϐεῖσθε,
3526 469 3661 541 μηδέ

2083 556 2445 630 ταράσσεσθε,
2461 556 2633 619 οὑτως
2661 554 2877 626 ἔχοντες
2899 553 3112 626 ἄμαχον
3131 552 3408 622 Δεσπότην
3428 568 3444 582 °
3469 544 3515 620 ᾧ
3535 553 3662 623 πρέ-

2084 655 2178 692 πει
2213 640 2362 692 πᾶσα
2410 638 2542 708 τιμὴ
2573 638 2667 691 καὶ
2690 637 2819 701 δόξα
2864 636 2961 690 σύν
3003 633 3083 705 τῷ
3110 634 3332 706 ἀνάρχῳ
3362 634 3538 706 110191
3563 634 3657 688 καὶ

2085 720 2331 793 ζωοποιῷ
2362 720 2528 774 αὐτοῦ
2556 718 2833 790 Πνεύματι
2856 760 2868 779 ,
2903 717 2996 772 νῦν
3019 718 3114 773 καὶ
3141 718 3230 772 ἀεὶ
3247 758 3264 784 ,
3291 716 3387 772 καὶ
3420 719 3502 781 είς
3531 718 3657 780 τώς

2085 805 2286 870 αἰῶνας
2313 804 2423 857 τῶν
2445 802 2675 858 αἰώνων.
2724 802 2910 873 Ἀμήν.

2462 909 2570 964 Eu:
2607 908 2745 963 TON
2781 908 2907 977 Μετ’
2965 907 3286 964 ΨΑΑΜΟΝ.

2087 994 2192 1059 El;
2216 992 2284 1046 τό
2307 992 2483 1058 τέλος
2502 1033 2518 1057 ,
2550 989 2851 1061 ὐπὲρᾲτῶν
2875 990 3022 1061 υίῶν
3039 991 3208 1061 Κορέ.
3242 989 3439 1061 ,Ἄλλος
3463 989 3541 1057 δέ,
3568 988 3657 1057 Τῷ

2458 1058 2742 1125 νικοποιῷ
2773 1058 2893 1113 τῶν
2920 1059 3068 1115 υιῶν
3104 1058 3271 1128 Κορέ.

2085 1142 2290 1197 Πάντα
2316 1142 2388 1197 τὰ
2405 1142 2550 1211 ἔθνη

2169 1210 2543 1277 Ἀλαλὰξατε
2580 1212 2662 1277 τῷ
2713 1210 2836 1276 Θεῷ
2897 1212 2967 1265 ἐν
3002 1210 3170 1280 φωνῇ
3218 1210 3652 1280 ἀγαλλιάσεως.

2157 1281 2404 1348 Ἕτερός
2444 1279 2976 1351 φησιλΣημάνιιτε
3006 1279 3091 1334 έν
3140 1279 3308 1350 φωνῇ
3338 1283 3654 1350 εὐφημίας.

2154 1351 2284 1405 Ὅτι
2308 1361 2331 1390 ε
2355 1349 2570 1420 Κύριος
2599 1349 2891 1420 ὕψιστος.
2923 1349 3173 1418 φοϐερὸς
3193 1390 3209 1416 ,
3240 1349 3540 1418 ,βασιλεὺς
3553 1351 3658 1420 1a}-

2152 1437 2263 1490 τας
2288 1419 2390 1474 ἐπὶ
2414 1418 2623 1475 πᾶσαν
2653 1420 2767 1488 τὴν
2803 1418 2943 1489 γῆν.

2557 1183 2571 1204 ,
2594 1141 2931 1211 κρατήσατε
2958 1142 3178 1211 χεῷας.
3214 1141 3437 1205 Ἄλλος.
3474 1144 3650 1211 Χειρι.

2152 1548 2222 1596 0'.
2242 1541 2358 1613 Τῆς
2379 1542 2548 1613 αὐτῆς
2573 1539 2881 1605 ὑποθέσεως
2896 1543 2989 1595 καὶ
3009 1533 3165 1604 οὗτος
3182 1540 3437 1613 ὀψαλμὸς
3450 1540 3655 1611 ἔχεται,

2080 1626 2236 1691 νίκας
2263 1624 2439 1693 λέγων
2466 1624 2558 1677 καὶ
2581 1624 2650 1677 τά
2678 1623 2913 1693 τρόπαια
2938 1621 3009 1676 τά
3053 1622 3194 1677 κατά
3230 1624 3338 1677 τῶν
3384 1623 3657 1694 πολεμίων

2085 1705 2468 1780 συμϐεϐηκότα
2492 1749 2507 1773 ,
2540 1708 2636 1760 καὶ
2662 1709 2763 1777 τὴν
2787 1706 3115 1776 οἰκουμένην
3146 1709 3328 1760 πᾶσαν
3360 1705 3541 1760 καλῶν
3572 1709 3655 1770 είς

2077 1790 2179 1859 τὴν
2229 1789 2369 1861 ὑπὲρ
2413 1790 2522 1842 τῶν
2567 1788 2953 1859 γεγενημένων
2995 1789 3291 1860 εὐφημίαν.
3343 1787 3483 1840 Ἀλλ’
3523 1787 3654 1852 ἴσως

2078 1872 2221 1926 τισὶν
2248 1871 2467 1936 ἀνάξιον
2514 1867 2655 1925 εἶναι
2698 1871 2847 1924 δοκεῖ
2874 1874 2975 1943 τῆς
3019 1871 3114 1925 τοῦ
3159 1871 3305 1925 θείου
3339 1870 3655 1942 Πνεύματος

2080 1954 2457 2027 παραινέσεως
2481 1953 2542 2007 16
2562 1954 2868 2025 προοίμιον.
2889 1955 2985 2008 καὶ
3012 1956 3048 2025 ἡ
3074 1954 3296 2023 τοιαύτη
3321 1954 3657 2025 παρακέλευ-

2082 2056 2168 2104 σις
2184 2077 2201 2103 ,
2231 2037 2436 2108 κρότοι,
2460 2036 2554 2091 καὶ⁵
2582 2037 2837 2105 πάταγοι,
2866 2037 2963 2090 καὶ
3003 2037 3275 2106 όλολυγαί.
3302 2038 3378 2091 Οὐ
3404 2037 3513 2109 γάρ
3537 2039 3654 2101 τοῖς

2080 2123 2141 2176 ἐν
2176 2120 2255 2193 τῷ
2300 2117 2484 2191 σεμνῷ
2509 2118 2687 2189 τούτῳ
2709 2118 3066 2191 διδασκαλείῳ
3116 2119 3359 2174 συνιοῦσι
3387 2120 3654 2190 προσήκει

2083 2204 2215 2267 ίσως
2245 2201 2419 2256 ταῦτα
2441 2240 2458 2267 ,
2492 2202 2609 2272 ἐρεῖ
2636 2218 2722 2265 τις
2740 2241 2757 2265 ,
2787 2200 2925 2257 ἀλλά
2956 2204 3068 2267 τοῖς
3115 2202 3217 2274 μέν
3252 2203 3313 2256 ἐν
3340 2203 3513 2273 σκηνῇ
3557 2202 3656 2255 καὶ

2082 2286 2407 2358 συμποσίοις
2436 2283 2832 2356 ἠσχολημένοις
2854 2323 2870 2350 ,
2900 2285 2964 2339 τὸ
2992 2286 3368 2358 κροταλίζειν,
3406 2286 3503 2340 καὶ
3535 2287 3654 2350 ταῖς

2080 2388 2141 2442 χε
2151 2371 2239 2443 901
2269 2369 2568 2426 πατάσσειν
2584 2386 2596 2399 ο
2626 2368 2853 2441 ἀνδράσι
2885 2368 2944 2424 δέ
2965 2370 3071 2424 ὑπὸ
3090 2371 3191 2441 τῆς
3218 2369 3312 2424 τοῦ
3339 2368 3654 2441 Πνεύματος

2082 2454 2301 2525 χάριτος
2343 2452 2753 2524 παιδευομένοις
2792 2451 2996 2524 ἡσυχία
3031 2455 3129 2507 καὶ
3159 2452 3383 2519 εὐταξία
3426 2452 3650 2525 πρέπει.

2082 2535 2148 2587 Τί
2173 2535 2353 2588 τοίνυν
2403 2533 2651 2601 βούλεται
2682 2535 2712 2586 6
2748 2534 2905 2603 λόγος
2951 2535 3230 2606 ἐμφῆναι,
3262 2535 3358 2590 καί⁵
3404 2536 3526 2590 τίνα
3560 2535 3656 2590 τὸν

2081 2616 2461 2689 ἀλαλαγμὸνά,
2491 2618 2586 2671 καὶ
2614 2617 2737 2670 τίνα
2763 2617 2857 2671 τὸν
2885 2618 3078 2689 κρότον
3101 2618 3232 2689 φησί
3252 2637 3268 2685 ;
3292 2619 3402 2672 Καὶ
3423 2619 3531 2690 γάρ
3559 2619 3655 2672 καὶ

2083 2700 2312 2771 σύνηθες
2334 2698 2495 2753 τοῦτο
2523 2701 2636 2764 τοῖς
2660 2699 2718 2752 ἐν
2750 2698 3057 2770 παρατάξει
3083 2700 3325 2773 πολέμου
3350 2703 3445 2754 καί⁸
3473 2700 3654 2771 μάχης

2082 2785 2258 2836 ποιεῖν
2277 2821 2293 2845 ,
2326 2780 2620 2846 ἀλαλάζειν
2646 2781 2792 2851 λέγω
2812 2820 2829 2845 ,
2870 2781 2968 2834 καὶ
3001 2782 3143 2852 μέγα
3172 2784 3387 2851 κροτεῖν
3430 2782 3565 2855 πρὸς
3593 2782 3658 2836 16

2081 2865 2556 2938 καταπλήττεσθαι
2598 2865 2726 2928 τούς
2756 2863 3046 2935 πολεμίους
3067 2881 3081 2895 ο
3114 2865 3435 2937 γαληνιαίας
3463 2866 3521 2921 δέ
3546 2864 3657 2936 ψυ-

2078 2951 2182 3022 χῆς
2225 2950 2385 3004 τοῦτο
2415 2949 2717 3021 ἀλλότριον.
2751 2949 2810 3002 ὐ
2842 2948 2902 3002 δέ
2951 2947 3168 3019 ψαλμὸς
3214 2949 3501 3021 ἀμφότερα,
3537 2950 3657 3005 δια-

2079 3031 2392 3098 κελεύεται,
2419 3033 2512 3087 καὶ
2551 3034 2798 3105 κροτεῖν,
2843 3030 2940 3086 καὶ⁸
2969 3030 3276 3096 ἀλαλάζειν.
3313 3032 3379 3085 Τί
3414 3031 3533 3086 ποτ’
3559 3027 3656 3088 οὖν

2076 3117 2193 3170 ἐστι
2229 3114 2292 3169 τὸ
2320 3115 2641 3188 είρημένον;
2683 3113 2849 3168 οὐδὲν
2880 3113 3094 3182 ἐτερον,
3124 3112 3238 3166 ἀλλ’
3265 3112 3461 3184 ἡδονὴν
3487 3113 3660 3171 ἐνδείο

2077 3214 2266 3252 κνυται
2295 3198 2390 3252 καὶ
2413 3198 2570 3269 νίκης
2591 3194 2884 3269 σύμϐολον.
2914 3193 3068 3248 Ἐπεὶ
3092 3194 3186 3248 x01
3212 3194 3437 3268 ἐτέρωθι
3463 3199 3493 3252 ό
3508 3200 3653 3267 Προ·

2076 3284 2256 3351 φήτης
2273 3280 2400 3345 τούς
2424 3280 2703 3351 ποταμοὺς
2729 3280 2942 3348 εἰσάγει
2967 3278 3299 3349 κροτοῦντας
3317 3294 3332 3309 °
3366 3277 3518 3351 [188]
3541 3281 3656 3333 Πο-

2075 3362 2267 3432 ταμοῖ,
2302 3363 2437 3433 φησι
2457 3402 2471 3422 .
2500 3361 2871 3431 κροτήσουσι
2899 3361 3048 3431 χειρί
3075 3359 3176 3414 ἐπὶ
3207 3360 3275 3415 τό
3307 3361 3458 3416 αὐτό
3483 3377 3499 3393 ο
3531 3362 3562 3415 6
3594 3360 3654 3418 δέ

2085 3442 2313 3509 Ἠσαίας
2331 3483 2347 3509 ,
2373 3446 2465 3497 καὶ
2492 3443 2688 3515 δένδρα
2708 3443 2867 3499 τοῦτο
2892 3443 3148 3499 ποιοῦντα
3179 3443 3388 3514 είσάγει
3414 3455 3460 3508 ε,
3491 3443 3654 3510 αὐτὸς

2072 3526 2129 3580 δέ
2152 3519 2309 3591 οὗτος
2334 3525 2517 3593 πάλιν,
2546 3528 2641 3580 καὶ
2663 3526 2766 3598 όρη
2792 3526 3124 3598 σκιρτῶντα,
3155 3527 3250 3581 καὶ
3271 3527 3496 3599 βουνοὺς
3512 3567 3528 3591 ,
3552 3527 3654 3599 οὐχ

2073 3614 2161 3669 ίνα
2187 3613 2347 3669 τοῦτο
2373 3615 2687 3687 νοήσωμεν,
2717 3613 2802 3667 δτι
2830 3613 2900 3668 τὰ
2930 3613 3032 3687 όρη
3062 3615 3292 3687 σκιρτᾷ,
3319 3615 3414 3670 καὶ
3440 3616 3492 3668 οί
3522 3614 3651 3686 βου-

2072 3698 2153 3751 νο).
2171 3734 2187 3761 ,
2216 3697 2324 3752 οὐδ’
2354 3697 2441 3752 ίνα
2467 3697 2748 3768 ποταμοὺς
2768 3697 3101 3769 κροτοῦντας
3117 3738 3134 3763 ,
3161 3699 3195 3770 ἢ
3220 3701 3409 3771 χεῖρας
3427 3699 3652 3770 ῖχοντας

2074 3779 2250 3852 (τοῦτο
2295 3779 2405 3851 γάρ
2441 3780 2677 3851 ἐσχάτης
2720 3779 2966 3850 ἀνοίας),
3016 3780 3133 3835 ἀλλ’
3174 3782 3263 3836 ῖνα
3290 3783 3388 3854 τὴν
3417 3781 3649 3852 ὑπερϐο-

2070 3863 2170 3935 λὴν
2198 3863 2298 3935 τῆς
2340 3864 2532 3935 ἡδονῆς
2568 3862 2854 3933 μάθωμεν.
2882 3863 3041 3918 οὕτω
3072 3865 3139 3935 δὴ
3167 3865 3262 3919 καὶ
3294 3866 3387 3919 ἐπὶ
3423 3864 3534 3918 τῶν
3562 3865 3653 3918 ἀν-

2073 3944 2307 4019 θρώπων
2337 3946 2484 3999 ἐστιν
2519 3944 2667 3998 ἰδεῖν.
2708 3945 2819 3998 K01
2849 3944 2941 3998 διά
2988 3946 3042 3999 τί
3091 3947 3168 4017 μὴ
3214 3943 3370 4012 εῐπε,
3409 3947 3650 4019 Χάρητι,

2073 4029 2169 4081 καὶ
2195 4027 2549 4097 σκιρτήσατε,
2571 4023 2709 4078 ἀλλά
2728 4023 3098 4091 Κροτήσατε,
3122 4028 3237 4092 καὶ,
3254 4029 3614 4092 maga“
3626 4043 3649 4093 ,-

2075 4109 2188 4179 Τὴν
2250 4106 2372 4179 μεθ’
2418 4104 2725 4179 ὑπερϐολῆς
2782 4108 2917 4178 ἡμῖν
2969 4107 3164 4179 ἡδονὴν
3221 4111 3646 4181 ἐνδεικνύμενος.

2076 4192 2288 4263 Ὠσπερ
2316 4191 2427 4262 γάρ
2451 4190 2718 4263 Χριστὸς,
2743 4191 2875 4246 ὅταν
2906 4191 3071 4264 λέγῃ,
3106 4191 3191 4247 Σὺ
3238 4193 3308 4246 δέ
3352 4192 3498 4246 ὅταν
3538 4211 3649 4263 νηο

2074 4274 2298 4342 στεύῃς
2335 4273 2594 4343 ἆλειψόν
2621 4287 2738 4328 σου
2769 4273 2884 4342 τὴν
2909 4272 3215 4344 κεφαλὴν,
3248 4272 3347 4329 καί
3377 4274 3446 4328 τὸ
3465 4277 3650 4342 πρόσ-

2075 4357 2242 4411 ωπόν
2293 4371 2411 4411 σου
2456 4357 2630 4426 νίψαι
2654 4397 2669 4419 .
2703 4357 2806 4412 οὐκ
2860 4357 3092 4428 ἀλοιφὴν
3135 4357 3345 4412 κελεύει
3394 4357 3647 4425 γενέσθαι

2077 4439 2273 4511 (οὐδεὶς
2298 4439 2407 4510 γὰρ
2440 4441 2474 4512 ὴ
2483 4439 2600 4511 μῶν
2624 4439 2784 4496 τοῦτο
2808 4443 2972 4512 ποιεῖ)
2993 4481 3009 4505 ,
3045 4441 3183 4497 ἀλλά
3212 4440 3315 4513 τὴν
3342 4441 3533 4514 ἡδονὴν
3559 4442 3649 4495 ἐνο

2072 4523 2403 4589 δείκνυσθαι,
2432 4524 2528 4579 καὶ
2553 4523 2616 4578 τὸ
2642 4524 2867 4598 φαιδρὸν
2896 4528 2996 4596 τῆς
3017 4525 3255 4590 διανοίας
3277 4524 3511 4595 (κελεύει
3537 4525 3646 4596 γὰρ

2071 4605 2344 4678 γεγηθότα
2368 4604 2685 4678 νηστεύειν,
2727 4606 2805 4680 μὴ
2857 4607 3372 4681 σκυθρωπάζοντα),
3406 4607 3551 4662 οὕτω
3579 4607 3645 4680 δὴ

2070 4687 2166 4742 καὶ
2192 4686 2428 4745 ἐνταῦθα
2467 4688 2530 4743 οὐ
2570 4689 2732 4746 τοῦτο
2761 4690 3111 4762 ἐπετάγημεν
3132 4689 3273 4745 ὥστε
3299 4693 3515 4763 κροτεῖν
3541 4689 3644 4756 τὰς

2070 4773 2293 4845 χεῖρας,
2325 4771 2440 4826 ἀλλ’
2465 4771 2725 4844 ἥδεσθαι,
2769 4772 2865 4827 καὶ
2896 4773 3285 4845 εὐφραίνεσθαι
3323 4773 3638 4845 ψάλλοντες.

2070 4855 2304 4920 Δικαίως
2327 4855 2375 4909 δ’
2403 4855 2468 4910 ἄν
2492 4873 2575 4920 τις
2602 4857 2694 4911 τὸν
2721 4855 2933 4928 ψαλμὸν
2959 4855 3100 4911 κατά
3129 4857 3418 4929 ἀναγωγὴν
3440 4856 3639 4927 μᾶλλον

2070 4938 2324 5003 ἐκλάϐοι,
2358 4938 2459 5008 τῆς
2506 4939 2746 5010 ἱστορίας
2783 4938 3052 5012 ἀνώτερος
3099 4940 3408 5012 γενόμενος.
3440 4941 3504 4994 Et
3534 4940 3644 5010 γὰρ

2070 5024 2166 5077 καὶ
2175 5022 2272 5094 τὴν
2300 5022 2474 5094 ἀρχὴν
2489 5022 2583 5076 καὶ
2593 5021 2655 5076 τὸ
2666 5021 2947 5095 προοίμιον
2962 5021 3070 5077 ἀπὸ
3090 5022 3198 5077 τῶν
3212 5022 3486 5093 αἰσθητῶν
3508 5022 3641 5089 ἔχει,

2069 5106 2186 5161 ἀλλ’
2212 5107 2359 5178 ὅμως
2385 5106 2478 5159 ἐπὶ
2505 5105 2576 5160 τά
2621 5105 2788 5177 νοητά
2830 5108 3163 5177 χειραγωγεῖ
3200 5106 3292 5159 τὸν
3344 5102 3642 5173 ἀκροατήν.

2143 5191 2318 5261 ὀπερ
2364 5188 2475 5261 γὰρ
2508 5188 2602 5245 καὶ
2638 5188 2946 5262 ἐμπροσθεν
2993 5183 3182 5254 εἷπον,
3212 5184 3373 5240 τοῦτο
3421 5183 3513 5238 καὶ
3549 5182 3645 5238 νῦν

2135 5365 2158 5394 ε
2185 5362 2307 5432 βεδε
2335 5374 2462 5432 προσ
2860 5362 3054 5432 imos.
3078 5357 3639 5432 mammam,

2072 5420 2446 5487 mpévﬁ016ﬂ.
2492 5420 2623 5475 ll’lud
2643 5432 2809 5475 autem
2848 5420 3172 5485 εὐφημήσατε,
3198 5420 3254 5470 ιιι
3295 5420 3639 5475 Ιοειίοὶυοὸεῑί

2073 5485 2232 5537 {citur
2250 5487 2299 5533 in
2320 5485 2573 5548 Hexaplls.

2079 5544 2267 5623 “d‘Siq
2282 5558 2398 5596 mss.
2441 5552 2498 5595 οι
2514 5545 2687 5605 Βινίιά
2732 5542 2907 5592 lore].
2944 5551 3064 5591 vero
3080 5542 3109 5591 ό
3128 5540 3284 5606 λόγος,
3310 5545 3393 5598 καὶ
3412 5545 3518 5597 τίνα
3555 5546 3644 5608 τὴν

2073 5609 2318 5733 ὀλῖλῗέἔί
2343 5679 2469 5718 unus
2490 5671 2546 5718 et
2575 5666 2725 5720 Sull.
2747 5665 3022 5730 παρίστησι.
3112 5649 3147 5669 ⁶
