4112 6208
457 274 562 326 εδιιο

451 390 594 462 ἐριῖν
623 393 691 447 τά
715 394 812 464 μὲν
834 393 909 456 ῶς
937 392 1148 464 εἴρηται
1170 394 1486 464 ὲκληπτέον,
1517 395 1584 448 τὰ
1613 394 1667 448 δὲ
1691 394 2018 457 ἀπεναντίας

452 483 562 544 τοῖς
577 481 867 550 κειμένοις,
896 477 1006 533 οἷον
1031 481 1106 543 ὡς
1133 480 1246 550 ἔχει
1277 481 1360 534 ἐπ’
1394 481 1626 534 ἐκείνου·
1664 483 1887 534 Λύκοι⁸
1923 480 2019 534 καὶ

453 568 632 635 ᾶρνες
655 568 774 636 ἅμα
803 569 1319 635 βοσκηθήσονται.
1352 570 1426 622 Οὐ
1459 570 1566 638 γὰρ
1593 568 1656 638 δὴ
1699 567 1891 630 λύκους
1921 566 2016 619 καὶ¹

455 656 624 726 ἄρνας
655 655 1022 726 ἐκληψόμεθα,
1051 657 1171 708 οὐδὲ
1201 657 1375 726 ἄχυρα
1397 695 1412 720 ,
1448 657 1542 707 καὶ
1570 655 1694 725 βοῦν
1723 695 1737 715 ,
1767 655 1860 706 καὶ
1888 653 2022 706 ταῦ-

459 759 571 813 ρον,
603 742 740 795 ἀλλά
762 742 829 795 τά
852 743 960 794 τῶν
985 741 1282 813 ἀνθρώπων
1298 743 1402 813 ῆθη
1430 742 1520 796 διὰ
1540 742 1639 810 τῆς
1681 741 1789 793 τῶν
1816 740 2024 810 ἀλόγων

459 829 665 892 εἰκόνος
688 829 1179 900 χαρακτηρίζομενθ
1207 828 1274 880 τὰ
1288 828 1343 882 δὲ
1361 830 1501 881 κατά
1517 828 1708 898 διπλῆν
1733 827 1953 897 ἐκδοχὴν
1972 827 2020 889 ι),

331 919 348 930 '
459 917 526 968 τά
553 932 611 968 τε
647 916 878 986 αἰσθητά
909 917 1183 978 νοοῦντες,
1214 916 1307 968 καὶ
1345 917 1409 968 τὰ
1449 916 1613 984 νοητά
1649 913 2022 982 ἐκδεχόμενον

462 1002 648 1073 ὥσπερ
689 1003 782 1055 ἐπὶ
830 1003 930 1071 τῆς
980 1003 1266 1070 ἀναγωγῆς
1316 1001 1408 1054 τοῦ
1465 1001 1581 1053 υἱοῦ
1615 1000 1707 1053 τοῦ
1754 999 2022 1070 Ἀϐραάμ.

463 1089 584 1140 Ὅτι
616 1089 723 1159 γὰρ
752 1090 779 1140 6
807 1091 920 1152 υίὸς
952 1089 1218 1159 ἀνηνέχθη
1249 1090 1422 1158 ἴσμεν,
1461 1089 1554 1140 καὶ
1582 1087 1768 1158 ἔτερόν
1796 1104 1846 1138 τι
1871 1087 2027 1153 ἐγκε-

465 1176 774 1244 κρυμμένον
805 1175 880 1244 τῷ
912 1177 1140 1245 νοήματι
1174 1175 1468 1242 ἐκλέγομεν
1501 1174 1587 1227 διὰ
1623 1173 1716 1226 τοῦ
1747 1175 1863 1226 υἱοῦ
1889 1215 1902 1236 ,
1934 1173 2026 1225 τὸν

465 1262 712 1332 σταυρόν.
739 1263 844 1314 Καὶ
889 1262 985 1314 ἐπὶ
1014 1261 1106 1313 τοῦ
1138 1262 1410 1331 προϐάτου
1438 1261 1494 1313 δὲ
1532 1259 1625 1312 τοῦ
1655 1263 1714 1313 ἐν
1746 1259 2026 1330 Αἰγύπτῳ,

464 1347 625 1400 πάλιν
642 1348 840 1416 ὁμοίως
867 1347 961 1400 τοῦ
985 1347 1185 1410 πάθους
1209 1348 1309 1418 τὴν
1329 1347 1512 1400 εἰκόνα
1534 1346 2025 1416 χαρακτηρίζομεν.

465 1434 634 1486 Τοῦτο
668 1435 731 1506 δή
766 1436 856 1488 καὶ
889 1435 1121 1489 ἐνταῦθα
1170 1439 1341 1488 ποιεῖν
1388 1435 1516 1506 γρή.
1558 1435 1690 1487 Οὐδὲ
1736 1435 1843 1505 γὰρ
1901 1435 2031 1504 περὶ

476 1521 720 1591 ’Λράϐων
767 1523 954 1586 ἁπλῶς
984 1525 1012 1575 6
1062 1523 1248 1590 λόγος,
1279 1525 1374 1576 καὶ
1411 1523 1520 1574 τῶν
1567 1523 1856 1588 γειτόνων,
1897 1521 2031 1574 ἀλλά

467 1609 645 1661 πάντα
669 1610 736 1660 τὶ
769 1610 894 1679 ἔθνη
922 1611 1095 1663 καλεῖ.
1134 1611 1260 1663 Ὅτι
1289 1611 1502 1676 Κύριος
1538 1609 1823 1676 ὕψιστος,
1861 1609 2033 1676 φοϐε-

461 1697 604 1762 ρὸς,
639 1697 938 1761 βασιλεὺς
973 1697 1161 1766 μένας
1201 1696 1299 1749 ἐπὶ
1337 1697 1544 1750 πᾶσαν
1581 1695 1696 1761 τὴν
1728 1694 1864 1763 γῆν.
1912 1697 2032 1746 Ἀν-

471 1782 651 1852 ίστησι
675 1783 852 1835 τοίνυν
883 1787 948 1836 ἐκ
978 1784 1276 1854 προοιμίων
1318 1783 1409 1836 τὸν
1449 1783 1745 1853 ἀκροατὴν,
1779 1782 1912 1851 πρὸς
1943 1800 2032 1834 το-

469 1871 658 1922 σοῦτον
683 1871 842 1937 όγκον
872 1871 1213 1937 Εὐαγγελίων
1246 1870 1428 1922 καλῶν
1453 1909 1468 1931 ,
1495 1870 1590 1922 καὶ
1622 1869 1759 1938 πρὸς
1795 1869 1890 1940 τὴν
1927 1871 2036 1940 ,τῆς

468 1958 791 2028 οἰκουμένης
825 1960 1148 2029 πανήγυριν,
1176 1959 1267 2010 καὶ
1303 1957 1451 2010 θείαν
1474 1957 1598 2010 τινὰ
1617 1957 1713 2010 καὶ
1738 1975 2034 2028 πνευματι-

467 2045 570 2111 κὴν
592 2044 815 2115 ἑορτήν,
845 2045 937 2097 καὶ
969 2044 1067 2115 τὴν
1099 2047 1165 2098 ἐκ
1194 2044 1303 2096 τῶν
1333 2045 1576 2115 οὐρανῶν
1621 2046 2036 2114 κατενεχθεῖσαν

471 2132 878 2200 μυσταγωγίαν.
909 2133 1008 2184 Διά
1039 2132 1102 2201 δὴ
1126 2132 1299 2196 τοῦτο,
1327 2132 1692 2198 Κροτήσατε.
1721 2132 1853 2202 φησί
1874 2149 1887 2163 ·
1914 2150 2035 2188 του-

467 2214 620 2266 τέστι
648 2252 663 2275 ,
693 2215 895 2284 χάρητε
921 2255 936 2277 ,
966 2215 1312 2284 σκιρτήσατε.
1345 2215 1453 2266 Καὶ
1484 2215 1594 2286 γὰρ
1622 2214 1716 2267 καὶ
1749 2218 1778 2268 6
1807 2216 2036 2283 εὐαγγε-

468 2295 619 2359 λικὸς
662 2296 820 2363 λόγος
858 2296 1012 2348 τοῦτο
1059 2295 1489 2365 παρακελεύεται
1542 2296 1714 2364 λέγων
1740 2337 1758 2362 ,
1799 2297 2040 2364 Σκιρτή-

469 2393 647 2430 σατει
679 2378 740 2430 οὐ
778 2378 992 2440 πάντως
1031 2378 1534 2448 παρακελευόμενος
1562 2378 1910 2444 ἐξάλλεσθαι,
1943 2379 2038 2431 καὶ

471 2460 648 2530 πηδᾷν
671 2459 861 2528 (τοῦτο
897 2459 1004 2530 γὰρ
1042 2459 1426 2530 ἀνελεύθερον)
1448 2498 1462 2522 ,
1487 2460 1623 2513 ἀλλὰ
1651 2461 1752 2524 τῆς
1775 2462 1951 2530 χαρᾶς
1977 2461 2038 2512 τὸ

468 2541 856 2610 ἐπιτεταμένον
885 2540 1080 2612 δηλῶν.
1123 2543 1233 2594 Καὶ
1271 2542 1381 2613 γάρ
1428 2541 1627 2612 πολλῆς
1674 2542 1865 2612 ἡδονῆς
1890 2542 2038 2605 ἀξιον

469 2623 532 2675 τὸ
559 2623 860 2693 γινόμενον.
885 2624 1056 2695 Ὂσην
1080 2624 1188 2693 γὰρ
1221 2627 1249 2676 6
1275 2625 1422 2694 ἥλιος
1449 2625 1622 2695 ἐφορᾷ
1647 2625 1750 2694 γῆν
1775 2663 1788 2688 ,
1817 2625 1846 2675 6
1879 2625 2040 2692 εὐαγ-

469 2706 684 2775 γελικδς
710 2706 866 2774 λόγος
912 2707 1219 2778 ἐπέδραμε,
1248 2708 1342 2760 κα)⁵
1385 2708 1535 2760 πᾶσα
1581 2707 1760 2776 ἐσώθη
1795 2708 1828 2777 ἡ
1861 2709 2040 2760 οἰκου-

474 2788 608 2859 μένη
635 2827 651 2851 ,
683 2789 778 2840 καὶ
807 2788 907 2858 τῆς
934 2788 1186 2860 λατρείας
1221 2789 1321 2857 τῆς
1364 2789 1658 2859 Ἰουδαϊκῆς
1697 2789 1748 2840 οί
1787 2790 1894 2859 πρὸ
1919 2789 2040 2843 τού-

471 2888 564 2924 του
590 2873 654 2940 τῇ
683 2870 856 2941 πλάνῃ
885 2874 1238 2940 κατεχόμενοι
1271 2869 1490 2941 μείζονα
1517 2871 1860 2937 ἐπεδείξαντο
1890 2871 2040 2938 φιλο-

475 2953 685 3021 σοφίαν.
726 2954 928 3006 Πάντα
986 2953 1060 3007 τὰ
1100 2953 1246 3020 ἔθνη
1287 2953 1620 3021 κροτήσατε
1668 2953 1887 3020 χεῖρας.
1930 2953 2040 3017 Τάς

478 3037 674 3106 μιαράς
714 3037 927 3099 ἐκείνας
961 3035 1066 3105 πρὸ
1097 3037 1286 3088 τούτου
1310 3076 1325 3099 ,
1359 3036 1524 3104 φησὶν
1551 3075 1566 3097 ,
1603 3034 1754 3106 [189]
1787 3036 1886 3098 τὰς
1913 3037 2040 3088 ἐνα-

473 3123 617 3187 γεῖς,
653 3119 751 3181 τὰς
778 3119 970 3188 αἵματι
1009 3119 1372 3188 μολυνομένας
1411 3118 1532 3170 καθ’
1563 3119 1800 3188 ἑκάστην
1831 3119 2043 3190 ἡμέραν

475 3202 562 3255 διὰ
585 3199 695 3253 τῶν
722 3201 1044 3270 ἀκαθάρτων
1071 3200 1270 3253 θυσιῶν
1290 3239 1305 3262 ,
1334 3199 1401 3252 δι’
1425 3193 1500 3252 ὧν
1530 3200 1722 3263 παῖδας
1749 3200 2041 3269 ἐσφάξατε,

475 3285 571 3338 καὶ
595 3285 661 3338 τὰ
684 3286 887 3357 αἰσχρὰ
909 3285 1264 3354 ἐτολμήσατε,
1292 3285 1386 3337 καὶ
1413 3285 1552 3337 κατὰ
1586 3284 1684 3352 τῆς
1712 3284 1925 3352 φύσεως
1949 3285 2045 3336 αὐ-

475 3369 571 3438 τῆς
594 3369 934 3438 ὲχωρήσατε,
971 3368 1058 3420 διά
1085 3367 1286 3421 τούτων
1320 3369 1620 3438 κρατήσατε
1646 3366 1760 3419 νῦν.
1802 3366 2046 3420 Ἁλαλά-

477 3451 620 3514 ξατε
649 3451 728 3516 τῷ
755 3451 878 3515 Θεῷ
902 3451 972 3503 ἐν
994 3449 1162 3519 φωνῇ
1183 3449 1616 3520 ἀγαλλιάσεως.
1635 3448 1734 3502 Διά
1753 3450 1852 3516 τῆς
1873 3447 2044 3515 γλώτ-

476 3549 578 3600 της
611 3533 852 3602 ἐκείνης,
887 3532 953 3585 δι’
979 3529 1047 3603 ἧς
1071 3533 1366 3600 ἐγεύσασθε
1392 3534 1498 3584 τῶν
1524 3531 1754 3599 ἐναγῶν,
1783 3529 1848 3583 δι’
1877 3527 1946 3602 ἧς
1977 3530 2044 3583 τά

481 3617 775 3686 βλάσφημα
799 3617 1128 3686 ἐξηνέγκατε
1157 3618 1397 3687 ῥήματα,
1418 3614 1505 3667 διά
1526 3614 1726 3685 ταύτης
1746 3613 2046 3680 ἀλαλάξατε

480 3700 578 3767 τὴν
605 3698 865 3751 ἐπινίκιον
886 3699 1049 3769 ᾠδήν.
1081 3699 1188 3750 Καὶ
1215 3700 1321 3769 γάρ
1348 3696 1469 3760 ἔθος
1495 3699 1607 3760 τοῖς
1639 3697 2040 3766 στρατοπέδοις,

480 3781 607 3833 ὅταν
635 3780 790 3852 κλίνῃ
821 3781 926 3833 τῶν
965 3781 1220 3834 ἐναντίων
1247 3782 1310 3832 τὸ
1337 3778 1694 3849 στρατόπεδον
1713 3821 1728 3843 ,
1760 3777 1953 3849 μηκέτι
1978 3780 2044 3849 τῇ

482 3863 748 3925 συστάδην
783 3873 805 3902 α
839 3863 1136 3933 κεχρῆσθαι
1181 3863 1329 3933 μάχῃ
1348 3901 1363 3918 .
1393 3861 1506 3914 ἀλλ’
1536 3859 1801 3930 ὁμοφώνῳ
1834 3860 1930 3931 βοῇ
1955 3863 2050 3918 καὶ

480 3947 778 4018 ἀλαλαγμῷ
807 3949 904 4008 τὰς
931 3949 1030 4018 ήδη
1081 3945 1512 4016 καταδληθείσας
1541 3944 1719 3998 αὐτῶν
1745 3943 2050 3997 κατασείειν

480 4031 687 4102 ψυχάς·
721 4032 856 4102 ὅπερ
877 4031 992 4082 ἐστί
1018 4028 1172 4099 νίκης
1201 4029 1460 4099 λαμπράς
1486 4029 1579 4081 καὶ
1602 4027 1862 4098 τροπαίου
1893 4027 2052 4097 μέγι-

483 4131 605 4166 στον
639 4117 956 4184 τεκμήριον,
983 4114 1110 4166 ὅταν
1143 4113 1217 4182 μὴ
1246 4113 1431 4182 χερσὶν
1454 4112 1482 4163 6
1516 4111 1748 4182 πόλεμος
1775 4110 2048 4182 κρίνηται,

481 4197 594 4250 ἀλλ’
649 4199 682 4267 ἡ
915 4197 1008 4250 καὶ
1068 4195 1190 4249 ἀντὶ
1241 4194 1476 4266 χειρῶν,
1535 4195 1629 4248 καὶ
1685 4196 1806 4248 ἀντὶ
1872 4193 2052 4248 ὅπλων

479 4297 644 4333 αοκη.

522 4297 717 4428 ’Τὸ
749 4358 848 4428 μὲν
879 4353 972 4410 οῦν
1002 4356 1158 4428 ἔργον
1180 4356 1324 4411 ἅπαν
1343 4355 1437 4410 τοῦ
1461 4355 1696 4428 Χριστοῦ
1718 4355 1906 4426 γέγονε
1922 4375 1936 4390 ·
1963 4357 2054 4413 τὸν

482 4441 591 4510 γὰρ
618 4439 850 4509 χαλεπὸν
876 4438 1062 4490 τοῦτον
1096 4439 1256 4502 αὐτὸς
1292 4438 1555 4492 κατέλυσε
1583 4439 1848 4508 πόλεμον,
1883 4441 2054 4509 δήσας

483 4525 573 4575 τὸν
622 4522 838 4592 ἰσχυρὸν
870 4521 962 4574 καὶ
1007 4523 1073 4574 τά
1119 4521 1286 4591 σκεύη
1323 4521 1486 4574 αὐτοῦ
1519 4521 1843 4590 διαρπάσας.
1869 4523 2055 4578 Φιλάν-

485 4607 698 4675 θρωπος
723 4606 777 4658 δὲ
806 4604 901 4668 ὢν,
932 4605 1056 4666 τοὺς
1077 4605 1229 4658 οὐδὲν
1255 4606 1597 4675 πονήσαντας
1616 4646 1630 4670 ,
1663 4604 1887 4667 τούτους
1912 4608 2056 4658 ποιεῖ

484 4688 582 4756 τῆς
612 4689 764 4757 νίκης
796 4690 890 4740 καὶ
908 4688 1014 4740 τῶν
1033 4687 1306 4758 τροπαίων
1331 4687 1645 4753 ἀπολαύειν,
1685 4689 1776 4742 καὶ
1809 4688 1906 4758 τὴν
1933 4690 2054 4742 ἐπι-

485 4770 654 4822 νίκιον
677 4769 1081 4838 παρασκευάζει
1109 4770 1400 4840 ἀναφέρειν
1426 4771 1630 4842 φωνὴν,
1654 4771 1904 4841 καθάπερ
1929 4773 2056 4835 τούς

487 4851 913 4921 κατωρθωκότας
935 4853 1132 4914 αὐτοὺς
1156 4853 1251 4906 κα)⁵
1281 4855 1675 4923 κρατήσαντας.
1695 4855 1784 4908 Διὸ
1810 4857 1901 4908 καὶ
1930 4854 2057 4923 βοῶ-

492 4950 592 5004 μεν
643 4933 912 4995 ἅπαντες,
950 4935 1052 4986 οὐκ
1101 4935 1312 5004 ἄσημόν
1353 4953 1472 4989 τινα
1523 4939 1708 5007 φωνὴν
1737 4977 1750 4996 ,
1787 4936 1922 4990 ἀλλά
1961 4938 2056 4991 καὶ

489 5017 695 5088 σφόδρα
724 5014 992 5086 εὔσημον·
1041 5017 1163 5071 Ποῦ
1196 5033 1344 5082 σου,
1384 5018 1632 5079 θάνατε,
1666 5020 1732 5073 τὸ
1760 5020 2009 5087 κέντρον
2038 5038 2056 5084 ;

488 5099 608 5154 ποῦ
630 5115 766 5163 σου,
794 5097 930 5166 ς’ίδη,
956 5098 1025 5156 τὸ
1043 5099 1246 5165 νῖκος;
1267 5100 1375 5154 Καὶ
1407 5101 1588 5166 πάλιν,
1621 5101 1827 5170 Ἀνέϐη
1860 5106 1891 5155 ό
1913 5101 2056 5169 Θεὸς

488 5185 559 5236 ἐν
584 5181 926 5252 ἀλαλαγμῷ.
947 5182 1121 5248 ¹Ίῖοὗτο
1153 5183 1262 5253 γὰρ
1291 5185 1348 5236 ἐν
1374 5185 1452 5254 τῷ
1478 5185 1676 5255 ψαλμῷ
1702 5185 1876 5256 τούτῳ
1903 5185 2054 5256 εἴρη-

490 5283 599 5320 ται.
634 5267 742 5319 Καὶ
782 5267 943 5320 πάλιν
971 5266 1199 5335 ἀλλαχοῦ
1225 5283 1239 5298 ·
1277 5267 1506 5334 Ἀνέῢης
1533 5271 1618 5334 εἰς
1649 5269 1806 5336 ὕψος
1825 5309 1838 5329 ,
1870 5270 2060 5337 ᾐχμα-

491 5347 798 5416 λώτευσας
824 5351 1260 5420 αἰχμαλωσίαν,
1285 5350 1496 5416 ἔλαϐες
1516 5351 1742 5420 δόματα
1761 5355 1830 5408 ἐν
1849 5353 2061 5417 ἀνθρώο

554 5533 584 5602 ξ
606 5535 702 5602 λιιι
721 5541 779 5602 ει
805 5535 952 5602 εαγίιᾷ.
978 5540 1043 5602 ὡς
1059 5539 1171 5602 ὅταν
1190 5539 1322 5602 λέγῃ,
1344 5539 1512 5588 Λύκοι.

554 5595 584 5662 ᾗ
603 5597 751 5662 ξείνη.
775 5598 906 5662 adde
926 5600 1238 5662 ἐκληψόμεθα.

557 5660 577 5685 ⁸
602 5658 686 5703 Szn
703 5663 750 5703 ιι.
776 5669 823 5704 ιιι
848 5660 946 5707 duo
967 5658 1079 5708 mss.
1110 5658 1174 5721 τῇ
1200 5662 1454 5720 συστάδην.
1499 5662 1670 5711 Morel.
1697 5667 1751 5723 τῇ
1771 5661 1966 5722 ὑστάτῃ.

1217 274 1273 330 S.
1318 274 1596 331 JOANNIS
1635 274 2126 330 CHRYSUSTOMI
2168 274 2488 330 AIKCHIEP.
2529 273 3075 329 (IDEMJJTINOP.

3589 279 3694 334 ιιιο

2129 409 2284 459 ποις.
2325 395 2652 465 Ἀνήνεγκάν
2698 412 2826 448 ποτε
2860 396 2955 448 καὶ
3007 395 3243 448 Ἰουδαῖοι
3283 396 3545 450 ἐπινίκιον
3583 416 3694 466 φω-

2129 485 2246 551 νὴν,
2281 486 2369 538 ὅτε
2396 485 2505 538 τῶν
2541 486 2851 554 Αἰγυπτίων
2885 486 2945 538 τὸ
2987 486 3348 556 στρατόπεδον
3382 491 3697 542 κατεποντί-

2129 575 2271 640 ζετο,
2301 577 2548 644 λέγοντες
2572 594 2586 607 ·
2617 579 2891 646 ’ᾼσωμεν
2921 574 3000 640 τῷ
3036 577 3260 642 Κυρίῳ·
3294 577 3555 644 ἐνδόξως
3586 580 3697 647 γὰρ

2129 666 2504 731 δεδόξασται.
2537 667 2674 720 Ἀλλ’
2695 669 2728 737 ἡ
2755 666 3002 738 ἡμετέρα
3035 665 3211 736 πολλῷ
3245 665 3463 736 μείζων,
3486 670 3585 721 οὐκ
3607 671 3698 721 Αί-

2129 759 2393 826 γυπτίων,
2409 757 2544 812 ἀλλά
2559 759 2667 810 τῶν
2681 757 2768 810 δαι
2777 759 2950 826 μόνων
2967 757 3514 812 καταποντισθέντων’
3529 761 3591 813 οὐ
3605 760 3697 814 τοῦ

2131 841 2330 913 Φαραὼ
2363 843 2497 896 ἀλλά
2527 841 2620 894 τοῦ
2646 841 2893 893 διαϐόλου
2918 841 3230 908 νικηθέντος
3249 857 3262 870 ·
3291 843 3350 892 οὐ
3387 843 3495 895 τῶν
3523 843 3700 898 ὅπλων

2132 931 2442 1001 ληφθέντων
2461 933 2568 985 τῶν
2589 933 2880 1003 αἰσθητῶν,
2914 932 3050 986 ἀλλά
3067 933 3164 1004 τῆς
3184 931 3380 996 κακίας
3401 933 3702 1002 ἀναιρεθεί-

2135 1040 2253 1094 σης·
2273 1024 2375 1075 οὐκ
2400 1024 2458 1075 ἐν
2495 1023 2732 1095 Ἐρυθρᾷ.
2749 1025 3011 1098 θαλάσσῃ,
3043 1025 3158 1078 ἀλλ’
3181 1027 3239 1080 ἐν
3267 1024 3347 1095 τῷ
3371 1024 3580 1094 λουτρῷ
3603 1026 3702 1096 τῆς

2133 1117 2548 1185 παλιγγενεσίας
2566 1134 2579 1147 ·
2605 1118 2705 1171 οὐκ
2725 1119 2802 1180 εἰς
2821 1118 2918 1190 τὴν
2945 1119 3050 1186 γῆν
3067 1119 3164 1188 τῆς
3185 1118 3520 1186 ἐπαγγελίας
3544 1116 3702 1180 ἐξιόν-

2133 1226 2263 1268 των,
2286 1209 2399 1262 ἀλλ⁹
2428 1211 2506 1272 είς
2524 1209 2616 1262 τὸν
2651 1210 2874 1281 οὐρανὸν
2903 1209 3378 1281 μεθορμιζομένων
3396 1227 3408 1239 ⁸
3440 1209 3502 1261 οὐ
3529 1209 3703 1278 μάννα

2136 1300 2424 1354 ἐσθιόντων
2445 1342 2462 1366 ,
2489 1299 2624 1354 ἀλλὰ
2663 1301 2824 1372 σῶμα
2863 1302 3196 1371 σιτουμένων
3226 1302 3571 1356 δεσποτικόν·
3606 1301 3704 1370 οὐχ

2139 1391 2282 1462 ὕδωρ
2297 1391 2556 1445 πινόντων
2575 1391 2682 1447 ἀπὸ
2701 1393 2925 1462 πέτρας,
2938 1393 3051 1446 ἀλλ’
3063 1388 3200 1462 αἷμα
3216 1393 3322 1446 ἀπὸ
3336 1394 3466 1444 πλευ
3475 1393 3590 1464 ρᾶς.
3606 1393 3703 1445 Διά

2136 1473 2293 1525 τοῦτό
2325 1488 2489 1542 φησι·
2519 1473 2860 1540 Κροτήσατε
2898 1475 3118 1544 χεῖρας,
3146 1478 3228 1529 ὃτι
3271 1475 3432 1527 λίθων
3460 1475 3705 1528 ἀπαλλα-

2138 1565 2325 1634 γέντες
2369 1565 2461 1618 καὶ
2511 1564 2703 1632 ξύλων,
2747 1566 3052 1638 ὑπερέϐητε
3100 1566 3228 1630 τοὺς
3277 1567 3561 1637 οὐρανοὺς,
3611 1567 3704 1618 καὶ

2139 1651 2267 1712 τοὺς
2297 1649 2558 1719 οὐρανοὺς
2585 1649 2692 1702 τῶν
2719 1651 2987 1722 οὐρανῶν,
3023 1651 3116 1704 καὶ
3147 1651 3285 1719 πρὸς
3315 1649 3478 1702 αὐτὸν
3514 1649 3703 1717 ἔστητε

2140 1733 2230 1785 τὸν
2277 1731 2464 1804 θρόνον
2511 1733 2604 1785 τὸν
2649 1731 2944 1801 βασιλικόν.
3007 1733 3366 1797 Ἀλαλάξατε
3409 1733 3588 1785 τοίνυν
3626 1731 3706 1796 τῷ

2143 1813 2266 1879 θεῷ
2295 1853 2308 1872 ,
2367 1809 2910 1884 τουτέ-στιν,Ἐκείνῳ
2954 1814 3052 1884 τὴν
3103 1816 3451 1886 εὐχαριστίαν
3489 1816 3707 1882 ἀνενέγ-

2143 1895 2332 1958 κατειι,
2358 1896 2551 1966 ἐκείνῳ
2575 1897 2672 1966 τὴν
2687 1897 2864 1967 νίκην,
2883 1897 3074 1967 ἐκείνῳ
3099 1897 3158 1949 τὸ
3171 1899 3444 1968 τρόπαιον.
3475 1898 3586 1950 Οὐκ
3611 1899 3706 1950 ἀν-

2143 1977 2412 2047 θρώπινος
2441 1979 2470 2030 6
2495 1979 2728 2048 πόλεμος
2755 1979 2876 2032 οὐδὲ
2895 1978 3124 2050 αἰσθητὴ
3153 1981 3186 2049 ή
3225 1979 3394 2050 μάχη.
3418 1979 3537 2032 οὐδὲ
3567 1979 3708 2049 ὑπέρ

2141 2077 2287 2123 τινος
2317 2061 2426 2113 τῶν
2462 2061 2729 2130 βιωτικῶν
2753 2063 2782 2114 6
2816 2061 2987 2130 ἀγὼν,
3023 2061 3137 2115 ἀλλ’
3168 2063 3307 2132 ὑπὲρ
3335 2063 3441 2114 τῶν
3463 2062 3709 2132 οὐρανῶν

2143 2142 2342 2205 αὐτῶν,
2392 2145 2487 2196 καὶ
2537 2143 2648 2196 τῶν
2686 2145 2744 2196 ἐν
2783 2145 3052 2214 οὐρανοῖς.
3099 2143 3270 2206 Αὐτὸς
3317 2142 3410 2196 τὸν
3476 2143 3708 2212 πόλεμον

2144 2226 2520 2298 ἐστρατήγησε
2553 2226 2763 2286 τοῦτον,
2789 2229 2883 2280 καὶ
2922 2228 3054 2296 ἡμῖν
3082 2227 3179 2296 τῆς
3203 2227 3357 2297 νίκης
3387 2227 3705 2297 μετέδωκεν.

2146 2309 2266 2362 ’Ότι
2318 2311 2534 2378 Κύριος
2569 2310 2850 2378 ὕψιστος,
2897 2311 3168 2378 φοϐερός,
3199 2309 3498 2374 βασιλεὺς
3525 2309 3709 2379 μέγας

2145 2392 2241 2444 ἐπὶ
2276 2390 2482 2445 πᾶσαν
2509 2392 2624 2460 τὴν
2649 2391 2783 2461 γῆν.
2814 2391 2923 2445 Ποῦ
2963 2392 3057 2444 νῦν
3096 2394 3232 2444 είσιν
3257 2393 3307 2444 οἱ
3344 2391 3438 2444 τοῦ
3471 2393 3708 2459 Μονογε-

2145 2475 2270 2538 νοῦς
2294 2476 2391 2545 τὴν
2421 2475 2575 2540 δόξαν
2599 2475 3022 2546 καθαιροῦντεςς
3065 2475 3198 2528 Ἰδοὺ
3241 2473 3494 2544 βασιλεὺς
3537 2474 3712 2544 μέγας

2084 2593 2086 2596 τ
2145 2557 2175 2608 6
2203 2557 2330 2620 Υἱὸς
2376 2557 2611 2624 λέγεται,
2659 2557 2688 2610 ὃ
2733 2558 2860 2628 περὶ
2917 2557 3010 2610 τοῦ
3066 2556 3281 2626 Πατρδς
3319 2555 3564 2626 εἴρηται·
3615 2555 3710 2622 Μὴ

2147 2638 2376 2708 ὀμόσῃς
2400 2641 2529 2710 γὰρ,
2580 2641 2734 2711 φησὶ,
2762 2641 2915 2709 μήτε
2946 2641 3016 2692 ἐν
3047 2639 3128 2704 τῷ
3167 2639 3422 2706 οὐρανῷ,
3470 2639 3556 2692 ὅτι
3586 2639 3713 2706 θρό-

2145 2738 2253 2787 νος
2289 2721 2474 2776 αῠτοῦ
2519 2723 2678 2775 ἐστι’
2722 2723 2876 2792 μήτε
2923 2725 3011 2786 εις
3057 2723 3128 2774 τὰ
3180 2722 3576 2790 Ἰεροσόλυμα,
3626 2721 3714 2774 ὅτι

2147 2805 2322 2870 πόλις
2343 2805 2475 2859 ἐστὶ
2507 2805 2615 2858 τοῦ
2639 2805 2963 2870 βασιλέως.
2986 2803 3251 2876 [1901Καὶ
3280 2805 3513 2876 ἀλλαχοῦ
3534 2805 3713 2860 πάλιν·

2150 2889 2294 2954 Θεὸς
2328 2889 2599 2957 ίσχυρὸς,
2630 2889 3070 2954 ἐξουσιαστής’
3107 2889 3246 2958 ὅπερ
3283 2889 3401 2942 ἐστὶ
3443 2888 3714 2959 βασιλεύς.

2151 2975 2318 3026 ὐταν
2346 2973 2525 3026 τοίνυν
2569 2973 2806 3044 ἀκούσῃς
2841 2974 2926 3026 ὅτι
2960 2972 3388 3042 ἀνεσκολοπίσθη
3421 2989 3514 3024 σου
3553 2973 3582 3024 ὁ
3624 2974 3720 3023 Δε-

2151 3057 2373 3127 σπότης,
2413 3057 2496 3110 ὅτι
2543 3056 2857 3128 ἐκρεμάσθη
2893 3058 2952 3107 ἐν
2989 3055 3068 3126 τῷ
3119 3055 3359 3126 σταυρῷ,
3395 3057 3476 3108 ὅτι
3522 3056 3715 3124 ἐτάφη,

2149 3139 2231 3192 ὃτι
2265 3139 2531 3210 κατῆλθεν
2577 3142 2656 3202 είς
2702 3139 2770 3192 τά
2815 3137 3099 3208 κατώτερα
3139 3139 3281 3209 μέρη
3325 3139 3425 3208 τῆς
3470 3137 3596 3206 γῆς.
3645 3138 3718 3208 μὴ

2151 3222 2489 3294 καταπέσῃς,
2510 3221 2644 3293 μηδὲ
2666 3221 3014 3292 ἀδημονήσης
3034 3237 3047 3249 ·
3086 3220 3308 3290 ὕψιστος
3340 3222 3448 3293 γάρ
3475 3223 3610 3281 ἐστι,
3628 3221 3718 3273 καὶ

2153 3305 2374 3374 ὕψιστος
2403 3305 2584 3373 φύσει.
2617 3304 2691 3357 Τὸ
2735 3305 2790 3356 δὲ
2817 3304 3018 3374 ὑψηλὸν
3050 3303 3208 3373 φύσει
3233 3305 3333 3357 οὐκ
3367 3306 3432 3360 ἀν
3463 3321 3591 3356 ποτε
3628 3320 3722 3373 με-

2153 3387 2384 3456 τασταίη
2407 3387 2500 3440 τοῦ
2545 3385 2733 3456 ὕψους,
2767 3386 2874 3439 οὐδ’
2911 3385 2977 3439 ἂν
3006 3387 3216 3455 γένοιτο
3249 3386 3537 3439 ταπεινόν
3588 3385 3721 3438 άλλά

2155 3469 2247 3522 καὶ
2277 3469 2334 3520 ἐν
2372 3471 2438 3539 τῇ
2472 3468 2796 3522 ταπεινώσει
2825 3467 2988 3521 αὐτοῦ
3032 3469 3184 3539 μένει
3214 3470 3275 3522 τὸ
3314 3469 3446 3537 ὐψος
3467 3469 3562 3520 καὶ
3601 3469 3718 3519 δια-

2153 3551 2446 3605 δείκνυται.
2487 3551 2642 3604 Ἐπεὶ
2683 3552 2777 3604 καὶ
2827 3551 3138 3614 ἀποθανὼν,
3189 3552 3309 3605 τότε
3353 3551 3588 3621 μάλιστα
3621 3549 3720 3619 τὴν

2155 3633 2296 3686 κατά
2316 3632 2410 3684 τοῦ
2449 3632 2678 3685 θανάτου
2708 3631 2860 3701 ἰσχὺν
2885 3632 3072 3696 ἔδειξε.
3107 3633 3176 3686 Τὸ
3227 3630 3345 3700 φῶς
3376 3632 3445 3684 ἐν
3470 3629 3546 3698 τῇ
3580 3645 3722 3684 σκο-

2111 3767 2116 3774 ,
2157 3717 2256 3783 τίᾳ
2286 3717 2504 3784 φαίνει,
2535 3715 2687 3785 φησὶ,
2728 3714 2828 3766 καὶ
2864 3717 2903 3782 ἡ
2935 3716 3151 3768 σκοτία
3183 3715 3328 3768 αὐτὸ
3365 3716 3437 3768 οὑ
3471 3715 3723 3767 κατέλα-

2159 3801 2294 3853 ϐεν’
2333 3797 2475 3850 οὕτω
2513 3797 2580 3867 δὴ
2611 3799 2704 3850 καὶ
2730 3797 2793 3848 τὸ
2836 3796 2968 3866 ὕψος
2997 3797 3162 3850 αὐτοῦ
3195 3799 3253 3850 ἐν
3281 3800 3348 3870 τῇ
3382 3797 3724 3866 ταπεινότητι

2158 3882 2502 3952 ἐφάνη.”ορα
2529 3879 2660 3948 γοῦν
2685 3880 2848 3934 αὑτὸν
2863 3883 2921 3933 ἐν
2940 3880 3019 3950 τῷ
3047 3881 3148 3952 ᾄδῃ
3162 3881 3312 3943 ὄντα,
3341 3883 3434 3934 καὶ
3457 3881 3526 3934 τὰ
3548 3880 3725 3951 ὑψηλά

2159 3964 2375 4018 ᾶπαντα
2406 3964 2637 4016 σείοντα.
2678 3963 2744 4016 ’0
2775 3962 2883 4034 γὰρ
2912 3963 3062 4033 ῆλιος
3089 3966 3212 4017 τότε
3241 3963 3340 4027 τὰς
3369 3965 3591 4025 ἀκτῖνας
3618 3963 3722 4015 ἀπ·

2160 4046 2410 4117 έστρεψε,
2443 4045 2638 4117 πέτραι
2683 4045 2976 4115 ἐσχίζοντο,
3002 4045 3064 4098 τὸ
3096 4045 3493 4114 καταπέτασμα
3527 4045 3728 4115 ἐρρήγ-

2161 4146 2307 4191 νυτο,
2329 4128 2598 4181 ὲκλονεῖτο
2629 4129 2663 4197 ἡ
2693 4129 2786 4198 γῆ,
2817 4128 3016 4192 Ἰούδας
3045 4129 3346 4198 ἀπήγχετο,
3377 4126 3606 4189 Πιλάτος
3634 4126 3727 4178 καὶ

2162 4213 2194 4282 ὴ
2225 4211 2414 4265 τούτου
2437 4211 2573 4281 γυνὴ
2612 4210 2985 4280 ἐδειματοῦτο,
3015 4210 3177 4273 αὐτὸς
3209 4210 3238 4261 6
3264 4208 3500 4272 δικάζων
3527 4207 3727 4262 ἀπελοο

2161 4297 2328 4362 γεῖτο.
2351 4296 2517 4346 Ὅταν
2557 4293 2736 4346 τοίνυν
2777 4292 3036 4365 ἀκούσῃς,
3067 4293 3148 4346 ὄτι
3185 4291 3338 4362 ἐδέθη
3375 4291 3468 4343 καὶ
3505 4293 3730 4360 ἐμαστι-

2161 4379 2333 4448 γὼθη,
2362 4378 2436 4448 μὴ
2471 4377 2772 4448 συγχυθῇςο
2797 4376 2913 4430 ἀλλ’
2942 4377 3044 4447 ὅρα
3068 4375 3228 4430 αὐτὸν
3253 4377 3348 4430 καὶ
3365 4376 3422 4428 ἐν
3441 4373 3519 4444 τῷ
3546 4373 3730 4442 δεσμῷ

2160 4464 2261 4532 τὴν
2309 4462 2460 4530 ἰσχὺν
2507 4457 2964 4528 ἐπιδεικνύμενον.
3007 4454 3160 4521 Εἷπε,
3194 4457 3335 4514 Τίνα
3367 4453 3730 4524 ὀττεῖτε;καὶ

2165 4545 2373 4606 πάντας
2406 4542 2626 4614 ἔρριψεν
2658 4542 2900 4604 ὑπτίους.
2953 4538 3103 4605 Εἶδες
3135 4542 3252 4604 πῶς
3297 4539 3549 4610 φοϐερὸς,
3579 4539 3729 4608 φωνῇ

2167 4628 2300 4699 μόνῃ
2333 4628 2426 4680 καὶ
2457 4625 2685 4695 νεύματι
2731 4624 2967 4678 τοσαῦτα
3009 4624 3405 4694 ἐργαζόμενος
3438 4625 3606 4676 ’Ὀταν
3637 4617 3731 4674 οῦν

2163 4712 2278 4781 ἴδῃς
2309 4710 2468 4764 αὐτὸν
2492 4709 2702 4779 νεκρὸν,
2726 4708 2976 4778 ἐννόησον
2993 4709 3084 4768 τὸν
3105 4707 3252 4760 λίθον
3278 4707 3588 4778 αἰρόμενον,
3605 4705 3731 4768 τοὺς

2161 4795 2430 4862 ἀγγέλους
2459 4794 2585 4856 τοὺς
2617 4793 2752 4862 μετά
2790 4793 2954 4861 φόϐου
2995 4791 3408 4861 παραμένοντας
3447 4789 3526 4860 τῷ
3555 4790 3730 4858 τάφῳ,

2163 4880 2252 4933 τὸν
2283 4879 2414 4950 ᾇδην
2434 4877 2716 4948 λυόμενον,
2750 4878 2840 4930 τὸν
2865 4877 3095 4930 θάνατον
3124 4877 3445 4946 τηκόμενον,
3483 4873 3608 4936 τοὺς
3644 4874 3730 4925 δε-

2164 4961 2386 5032 σμώτας
2403 4960 2714 5014 ἀπολύοντα
2732 4976 2747 4990 ·
2782 4961 2877 5013 καὶ
2908 4959 3028 5012 τότε
3055 4958 3176 5028 ὄψει
3201 4957 3368 5012 αὐτοῦ
3389 4957 3449 5010 τὸ
3483 4955 3731 5026 φοϐερόν.

2164 5045 2227 5097 Εἰ
2260 5042 2317 5095 δὲ
2350 5043 2406 5094 ἐν
2439 5041 2516 5112 τῷ
2539 5041 2714 5112 καιρῷ
2739 5043 2838 5112 τῆς
2873 5042 3097 5112 ἀτιμίας
3131 5041 3368 5093 τοσαῦτα
3401 5037 3734 5104 ἐπεδείξατο,

2167 5128 2222 5178 ἐν
2249 5124 2482 5196 οὐρανῷ,
2528 5126 2588 5176 ἐν
2615 5128 2706 5194 γῇ,
2739 5126 2797 5177 ἐν
2830 5123 2950 5195 ᾅδῃ,
2993 5123 3116 5176 τίνα
3158 5123 3259 5176 οὐκ
3295 5122 3629 5193 ἐπιδείξηται
3677 5122 3736 5172 ἐν

2166 5207 2243 5278 τῷ
2269 5207 2443 5278 καιρῷ
2478 5205 2579 5276 τῆς
2620 5205 2918 5276 μελλούσης
2970 5207 3302 5276 παρουσίας;
3332 5205 3598 5256 ’Ἄκουσον
3627 5203 3737 5255 τῶν

2167 5290 2439 5359 δαιμόνων
2467 5291 2524 5342 ἐν
2558 5289 2636 5359 τῷ
2666 5288 2842 5359 καιρῷ
2875 5289 2972 5358 τῆς
2998 5287 3378 5351 ταπεινώσεως
3405 5287 3456 5340 τί
3483 5286 3734 5352 λέγουσι,

2168 5372 2274 5423 τῶν
2301 5371 2653 5441 ἀφριζόντων,
2693 5371 2800 5423 τῶν
2833 5371 3006 5441 δεσμά
3037 5371 3381 5432 διαλυόντων,
3409 5369 3518 5422 τῶν
3539 5367 3738 5423 ἄϐατον

2170 5453 2465 5507 ποιούντων
2483 5454 2582 5524 τὴν
2603 5455 2720 5508 ὁδόν
2739 5472 2752 5487 ⁸
2785 5456 2847 5510 Τί
2873 5454 3020 5524 ἡμῖν
3043 5455 3142 5510 καὶ
3162 5457 3284 5518 σοὶ,
3316 5455 3411 5508 Υἱὲ
3425 5453 3530 5506 τοῦ
3553 5452 3735 5515 Θεοῦ;

2233 5661 2261 5702 δ
2282 5663 2362 5712 Sic
2383 5677 2498 5714 mss.
2571 5668 2626 5718 et
2691 5668 2861 5719 Sa\'il.:
2890 5667 3057 5716 Morel.
3086 5679 3202 5714 vero
3229 5666 3459 5719 ἐνέγκατε.
