4074 6206
329 314 433 370 2.29
870 333 875 337 -
1446 304 1796 365 EXPOSl’l‘iO
1834 303 1896 358 ιδ
1938 302 2250 361 essum.“
2292 307 2469 365 xm.
3500 326 3606 381 aio

329 428 438 484 divi
463 469 480 492 ,
531 443 680 482 nune
731 442 946 498 quoque
984 427 1102 481 dico
1135 426 1277 481 talia
1307 425 1513 495 quidem
1542 423 1611 476 ita
1637 428 1758 475 sunt
1778 434 1918 472 κιαι-ι·

339 516 551 590 piendo,
593 528 654 573 ιιι
678 516 831 572 dicta
876 527 1028 581 sunt;
1057 517 1157 573 alia
1189 531 1315 570 vero
1342 514 1511 575 aliter,
1540 525 1697 581 quam
1726 524 1834 579 prae
1861 522 1920 562 se

344 610 518 665 lerunt
544 626 558 663 :
593 610 1046 678 quemadmodum
1072 624 1130 661 se
1155 608 1313 661 habet
1337 607 1389 660 in
1412 605 1503 658 illo
1529 621 1545 660 :
1576 601 1712 671 Lupi
1738 610 1783 655 et
1805 616 1920 653 ores

346 699 494 757 simul
522 709 800 768 pascentur
824 699 975 770 (Isai.
1009 701 1090 753 11.
1125 699 1204 767 6).
1244 696 1359 752 Non
1402 693 1742 763 intelligimus
1777 691 1916 746 enim

351 791 495 860 lupos
520 799 575 844 et
598 800 883 853 oves,'nee
907 788 1105 857 paleas,
1136 789 1216 842 vel
1242 788 1431 841 bovem
1456 783 1541 839 vel
1568 792 1798 846 taurum,
1824 781 1917 834 sed

351 892 523 935 mores
548 880 838 934 hominum
882 892 975 948 per
1008 876 1405 932 similitudinem
1434 875 1708 930 brutomm
1736 871 1918 942 expri-

352 972 559 1025 mimus.
609 970 725 1024 Alia
752 984 882 1024 vero
924 976 1047 1024 sunt
1095 965 1396 1037 accipienda
1441 964 1739 1034 dupliciter,
1766 969 1826 1017 ut
1867 969 1921 1015 et

352 1061 615 1114 scnsihilia
644 1060 1017 1129 intelligamus,
1037 1069 1089 1113 ct
1112 1074 1232 1128 qua:
1255 1060 1305 1112 in
1334 1053 1678 1126 intelligentia
1703 1066 1920 1107 versan-

352 1160 434 1204 tur
448 1151 799 1219 suscipiamus
818 1167 832 1202 :
853 1148 1294 1217 quemadmodum
1317 1148 1368 1201 in
1390 1159 1621 1216 anagoge
1634 1153 1688 1199 et
1706 1140 1917 1196 sublimi

351 1240 796 1309 contemplatione
839 1239 929 1293 lilii
972 1239 1258 1293 Abraham.
1302 1236 1494 1292 Filium
1520 1235 1662 1289 enim
1688 1233 1916 1287 oblatum

350 1329 510 1383 fuisse
535 1329 735 1383 scimus
757 1327 908 1397 (Gen.
933 1326 1048 1397 22),
1088 1341 1271 1381 verum
1313 1324 1509 1393 aliquid
1550 1324 1708 1379 etiam
1753 1321 1917 1389 aliud,

350 1420 489 1491 quod
540 1421 670 1476 latet
715 1420 767 1473 in
810 1418 1173 1488 intelligentia,
1220 1432 1315 1487 per
1362 1416 1524 1470 ﬁlium
1564 1414 1915 1483 excerpimus,

349 1524 540 1579 nempe
567 1524 800 1564 crucem.
841 1508 907 1562 Et
933 1522 1113 1562 rursus
1135 1507 1186 1561 in
1217 1506 1419 1578 pecude
1447 1506 1497 1560 in
1522 1505 1773 1576 Egypto,
1802 1520 1920 1573 pas-

348 1601 514 1654 sionis
542 1598 940 1653 similitudinem
961 1598 1202 1653 similiter
1223 1597 1567 1668 exprimimus
1594 1594 1783 1665 (Exod.
1802 1594 1914 1666 12).

354 1691 461 1745 lloc
498 1691 670 1759 ipsum
698 1688 786 1744 hic
813 1704 1024 1760 quoque
1064 1687 1358 1743 faciendum
1405 1697 1506 1743 est.
1550 1686 1734 1755 Neque
1773 1686 1914 1739 enim

352 1782 582 1851 loquitur
629 1781 800 1836 solum
849 1781 915 1835 de
952 1780 1221 1835 Arabibus
1270 1790 1326 1834 et
1368 1779 1580 1843 vicinis,
1632 1779 1724 1832 sed
1765 1786 1916 1832 vocat

351 1888 536 1928 omnes
583 1882 787 1943 gentes.
828 1872 1081 1939 Quoniam
1119 1871 1362 1926 Dominus
1396 1870 1633 1934 excelsus,
1663 1870 1913 1935 terribilis,

352 1980 439 2018 res:
466 1978 675 2033 magnas
708 1979 857 2030 super
892 1978 1084 2016 onmem
1116 1970 1320 2019 terram.
1355 1962 1541 2016 Statim
1569 1976 1695 2031 ergo
1716 1976 1746 2014 a
1768 1961 1914 2029 prin-

354 2052 486 2122 cipio
513 2052 807 2107 auditorem
835 2053 1048 2117 excitat,
1079 2052 1144 2107 ad
1184 2062 1261 2107 tot
1297 2052 1602 2106 annuntiata
1643 2051 1778 2107 bona
1818 2066 1915 2105 vo-

353 2158 492 2205 t‘ans,
526 2154 579 2197 et
608 2145 675 2197 ad
702 2144 961 2213 publicam
1001 2144 1161 2198 totius
1196 2144 1339 2198 orbis
1383 2154 1537 2198 terra:
1574 2144 1912 2207 concionem,

353 2233 697 2303 divinumque
725 2249 789 2288 ac
816 2235 1086 2304 spirituale
1113 2235 1375 2317 quoddam
1406 2234 1595 2289 festum
1620 2274 1636 2299 ,
1665 2244 1822 2302 atque
1850 2233 1913 2287 ad

352 2326 619 2397 delapsam
657 2342 721 2382 ex
759 2327 906 2382 caelis
940 2328 1308 2399 mysteriorum
1338 2326 1653 2382 doctrinam.
1690 2327 1757 2381 Et
1795 2325 1917 2380 ideo

352 2417 478 2472 dit-it
506 2434 522 2471 :
556 2416 791 2472 Plaudite
808 2417 1076 2482 manibus;
1104 2417 1206 2472 hoc
1248 2426 1326 2473 est
1348 2458 1364 2483 ,
1391 2416 1657 2479 Gaudete,
1684 2416 1912 2472 exsllite.

351 2507 475 2561 Nam
525 2506 627 2562 hoc
664 2522 873 2577 quoque
910 2522 1086 2562 sermo
1117 2506 1264 2577 jubet
1299 2508 1663 2578 evangelicus,
1696 2506 1875 2560 dicens
1896 2547 1913 2571 ,

352 2594 614 2649 Exsultat:
640 2595 793 2665 (Luc.
824 2597 877 2652 6.
914 2595 1007 2665 2⁵5)
1040 2615 1054 2651 :
1082 2613 1189 2651 non
1221 2599 1399 2667 utique
1422 2598 1612 2667 jnhens
1638 2597 1833 2651 saltare
1861 2607 1914 2651 et

349 2685 561 2739 exsilire
589 2686 610 2755 (
626 2686 728 2739 hoc
752 2695 837 2742 est
871 2689 1012 2742 enim
1053 2687 1343 2758 illiberale)
1362 2729 1378 2751 ,
1405 2688 1498 2743 sed
1524 2689 1913 2744 vehementiam

349 2773 544 2827 l:rtiti:e
580 2775 904 2845 signiﬁcans.
944 2777 1095 2843 Quod
1120 2778 1262 2832 enim
1292 2779 1463 2848 agitur
1484 2818 1498 2841 ,
1529 2793 1768 2848 magnam
1799 2795 1914 2833 me-

349 2872 493 2916 retur
543 2862 802 2918 lzetitiam.
851 2866 1116 2932 Quantum
1160 2867 1301 2921 enim
1344 2876 1502 2922 terra:
1546 2867 1625 2921 sol
1668 2869 1912 2938 respicit,

346 2966 523 3005 sermo
547 2954 781 3023 pervasit
802 2957 1156 3026 evangelicus,
1185 2966 1241 3012 et
1267 2966 1507 3013 servatus
1530 2967 1612 3014 est
1634 2960 1916 3015 universus

344 3041 490 3095 orbis
517 3051 676 3097 terrae
725 3051 819 3099 :et
864 3046 953 3114 qui
998 3046 1065 3100 ab
1106 3061 1291 3103 errore
1331 3057 1485 3103 antea
1525 3048 1912 3117 detinebantur,

344 3131 571 3186 Judaico
622 3133 766 3188 cultu
811 3135 1067 3204 majorem
1107 3136 1457 3192 ostenderunt
1501 3138 1912 3210 philosophiam.

347 3221 541 3275 Omnes
558 3232 744 3292 gentes,
768 3224 996 3295 plaudite
1012 3226 1256 3280 manibus.
1283 3227 1406 3295 Illis,
1426 3228 1613 3299 inquit,
1631 3238 1783 3286 antea
1798 3245 1917 3285 sce-

347 3314 556 3375 leratis,
586 3314 689 3368 illis
712 3316 883 3385 impiis
910 3327 965 3373 et
990 3320 1353 3385 exsecraudis,
1381 3334 1509 3391 quas
1522 3336 1616 3392 per
1644 3323 1912 3379 immunda

343 3404 611 3458 sacriﬁcia
640 3409 871 3476 quotidie
897 3411 1283 3477 polluebantur,
1312 3413 1503 3483 quibus
1534 3415 1669 3470 ﬁlios
1696 3417 1910 3473 occide-

348 3498 508 3561 batis,
529 3506 583 3552 et
612 3501 775 3569 turpia
798 3503 1102 3571 patrahatis,
1132 3512 1187 3558 et
1205 3503 1458 3561 adversus
1484 3507 1652 3576 ipsam
1673 3518 1912 3563 naturam

346 3588 784 3655 contendebatis,
826 3592 903 3646 eis
948 3607 1087 3647 nunc
1129 3594 1357 3658 plaudite
1404 3598 1669 3652 manibus.
1695 3598 1918 3655 Jubilats

348 3675 455 3730 Deo
479 3678 532 3731 in
552 3694 672 3734 voce
694 3681 1058 3737 exsultationis.
1087 3683 1286 3755 Lingua
1308 3686 1393 3740 illa
1418 3729 1432 3751 ,
1458 3700 1561 3758 qua
1592 3691 1915 3745 exsecranda

347 3771 618 3837 gustastis,
644 3786 747 3842 qua
772 3775 930 3829 verba
963 3775 1120 3844 impia
1159 3784 1216 3832 et
1251 3778 1555 3848 hlasphema
1591 3782 1912 3850 protulistie,

349 3875 408 3913 ea
435 3861 661 3929 jubilate
681 3864 944 3920 canticum
971 3866 1222 3921 victorias.
1246 3868 1430 3925 Solent
1457 3871 1599 3925 enim
1624 3873 1909 3936 exercitus,

351 3951 563 4021 quando
588 3954 875 4011 inclinatur
894 3957 1316 4024 acies‘hostium,
1344 3976 1450 4015 non
1478 3963 1551 4016 uti
1576 3965 1789 4018 stataria
1820 3980 1913 4032 ιιιιο

348 4059 446 4111 gna
467 4086 482 4107 ,
508 4045 607 4100 sed
635 4048 886 4102 concordi
913 4062 1041 4105 voee
1065 4059 1117 4104 et
1140 4051 1374 4107 clamore
1396 4052 1597 4108 fractos
1604 4053 1713 4121 jam
1743 4065 1793 4109 et
1822 4055 1917 4107 ab-

346 4134 513 4202 iectos
556 4150 743 4193 eorum
784 4138 990 4193 animos
1025 4154 1407 4211 conquassare;
1450 4144 1590 4213 quod
1636 4154 1718 4200 est
1757 4146 1915 4200 clarae

351 4227 581 4281 victorizu
623 4238 675 4283 ct
718 4232 900 4300 tropsei
944 4233 1230 4288 maximum
1269 4244 1658 4305 argumentum,
1702 4237 1916 4307 quando

348 4315 542 4370 bellum
574 4333 679 4372 non
711 4321 987 4389 manibus,
1020 4321 1116 4379 sed
1141 4324 1374 4380 clamore
1399 4324 1738 4391 decernitur,
1764 4326 1914 4396 isque

350 4405 467 4461 loco
493 4423 740 4464 manuum
768 4419 1111 4477 et-artpornm
1137 4415 1348 4471 sufﬁcit.

414 4497 469 4550 2.
510 4497 639 4553 Vicit
682 4499 952 4557 Diabolum
990 4503 1259 4572 Christus;
1285 4517 1646 4577 comparantur
1679 4511 1916 4579 beneﬁcia

346 4587 530 4640 collata
548 4589 602 4642 in
618 4588 830 4647 Iudam
853 4594 974 4648 olim
993 4611 1107 4649 eam
1134 4596 1384 4666 beneﬂciis
1416 4599 1469 4652 in
1504 4597 1815 4656 Christianos
1833 4603 1913 4674 ef-

346 4678 507 4745 fusis;
534 4680 915 4752 redarguuntur
928 4683 1184 4739 Anomaei.
1205 4715 1276 4728 -
1300 4688 1410 4744 lloc
1433 4705 1559 4760 ergo
1584 4693 1678 4746 ﬁnt
1706 4694 1921 4748 univer-

345 4776 458 4821 sum
478 4767 673 4824 Christi
699 4787 834 4841 opus
861 4790 877 4828 :
904 4774 1117 4830 difﬁcile
1137 4778 1279 4831 enim
1303 4778 1405 4834 hoc
1428 4781 1621 4837 bellum
1647 4783 1761 4852 ipse
1778 4800 1911 4840 con-

344 4854 486 4922 iecit,
515 4858 638 4913 forti
672 4860 906 4930 alligato,
932 4865 1267 4933 supellectile
1285 4869 1401 4937 ejus
1429 4871 1673 4942 vasisque
1696 4875 1907 4930 ablatis.

346 4943 471 5001 Cum
512 4951 585 5005 sit
620 4962 797 5007 autem
838 4953 1092 5025 benignus
1126 4966 1184 5013 et
1218 4958 1488 5027 clemens,
1520 4978 1616 5018 eos
1652 4966 1742 5035 qui
1782 4967 1912 5020 nihil

346 5037 745 5107 laboraverant,
775 5044 991 5100 victoria
1034 5047 1135 5102 frui
1174 5048 1326 5118 jubet
1367 5059 1423 5106 et
1465 5055 1675 5122 tropa-is
1698 5096 1713 5116 ,
1748 5064 1805 5111 et
1844 5057 1911 5111 ad

343 5130 625 5196 epinicium
677 5132 1007 5190 oﬂ'ercudum
1051 5152 1142 5193 eos
1188 5150 1467 5210 pra~parat,
1508 5144 1726 5212 perinde
1761 5160 1823 5201 ac
1865 5147 1910 5202 si

342 5220 439 5289 ipsi
465 5237 526 5279 se
546 5232 696 5280 recte
721 5227 1033 5295 gessissent,
1056 5239 1110 5283 et
1133 5232 1402 5288 vicissent.
1435 5234 1691 5304 Quocirca
1719 5254 1908 5295 omnes

339 5325 545 5381 quoque
572 5315 890 5382 clamamus,
920 5333 1025 5373 non
1055 5337 1182 5377 voce
1205 5323 1377 5395 aliqua
1399 5327 1621 5382 obscura
1637 5369 1653 5391 ,
1683 5328 1778 5384 sed
1800 5330 1910 5385 cla-

337 5400 544 5457 rissima
572 5421 589 5459 :
624 5402 723 5459 Ubi
741 5414 834 5470 est,
857 5424 1010 5473 mors,
1031 5412 1261 5466 stimulus
1279 5416 1431 5470 tuus?
1462 5417 1545 5469 ubi
1573 5428 1662 5480 est,
1691 5420 1906 5490 inferne,

336 5500 420 5543 tua
438 5494 648 5549 uictoria
676 5498 752 5568 (l.
782 5496 900 5552 Cor.
930 5500 1014 5555 i5.
1037 5501 1164 5569 55)?
1194 5503 1259 5559 Et
1280 5521 1496 5561 rursus:
1516 5510 1746 5564 Ascendit
1775 5510 1910 5567 Deus

333 5586 383 5635 iu
400 5588 568 5655 ωηο
598 5591 671 5661 (v.
700 5590 781 5659 6).
834 5591 943 5646 lloc
971 5595 1111 5648 enim
1138 5599 1187 5649 in
1218 5598 1321 5653 hoc
1349 5600 1557 5657 Psahno
1580 5605 1776 5659 dictum
1801 5617 1901 5661 est.

338 5677 397 5732 Et
424 5696 609 5735 rursus
634 5681 767 5735 alibi
797 5700 811 5736 :
842 5681 1119 5739 Attendisti
1149 5689 1200 5741 in
1233 5691 1425 5753 altum,
1457 5695 1707 5763 captivum
1721 5695 1904 5762 cepisti

2024 418 2376 483 captivitatem,
2399 421 2634 485 arrepiin
2652 424 2787 477 dona
2808 426 2860 478 in
2882 429 3162 485 hominibus
3191 430 3361 501 (Psal.
3382 434 3595 499 67.19;

2023 505 2161 574 Eph.
2192 510 2246 563 4.
2273 508 2348 581 8).
2397 510 2717 568 Ohtuleruut
2762 517 2919 570 etiam
2966 519 3250 588 aliquando
3285 523 3452 579 Jndzui
3497 524 3596 595 by-

2024 612 2203 651 munm
2248 614 2344 668 pro
2378 602 2616 665 victoria,
2665 606 2874 673 quando
2921 608 2974 662 in
3015 610 3145 663 mari
3191 611 3289 666 fuit
3324 614 3604 672 demersus

2022 686 2391 758 Egyptiorum
2428 694 2720 756 exercitus,
2749 696 2988 753 dicentes
3015 699 3304 756 :Canamus
3330 703 3548 760 Domino
3577 722 3603 761 :

2020 777 2234 845 gloriose
2250 780 2381 832 enim
2407 781 2715 851 glori/imm
2742 795 2814 839 est
2844 786 3032 853 (Exod.
3058 788 3145 845 15.
3172 791 3248 860 1).
3277 790 3380 846 Sed
3411 803 3593 849 nostra

2020 878 2101 923 est
2130 871 2293 925 multo
2318 873 2503 941 major.
2536 890 2641 929 non
2673 874 2934 949 Algyptiis
2961 880 3237 947 demersis,
3266 882 3360 939 sed
3388 883 3595 941 daemo-

2024 959 2178 1014 nibus
2208 978 2222 1014 :
2251 977 2355 1016 non
2397 962 2672 1020 Pharaone
2710 976 2990 1036 superato,
3034 971 3130 1025 sed
3174 971 3385 1027 diabolo
3428 992 3443 1029 :
3486 989 3597 1029 non

2019 1051 2186 1103 armis
2210 1053 2383 1120 captis
2403 1054 2771 1123 sensibilibus,
2803 1058 2895 1113 sed
2930 1060 3134 1114 sublata
3175 1064 3405 1132 nequitia
3435 1083 3450 1119 :
3484 1080 3590 1120 non

2021 1137 2073 1191 in
2111 1138 2293 1195 Rubro
2329 1143 2483 1206 mari,
2510 1143 2604 1197 sed
2651 1144 2702 1198 in
2747 1147 2956 1202 lavacro
2995 1152 3410 1219 regenerationis
3439 1172 3453 1207 :
3485 1170 3591 1209 non

2019 1228 2409 1296 egredientibus
2446 1231 2498 1287 in
2537 1244 2729 1288 terram
2771 1239 3167 1306 promissionis,
3200 1242 3293 1296 sed
3324 1243 3375 1296 in
3400 1245 3593 1298 cadum

2022 1318 2352 1373 tendentibus
2383 1337 2397 1373 :
2429 1336 2531 1376 non
2576 1338 2767 1378 manna
2809 1327 3212 1383 comcdeutibus
3254 1330 3275 1403 (
3297 1331 3464 1388 Exod.
3502 1336 3587 1388 iu.

2025 1407 2137 1477 14),
2163 1408 2254 1462 sed
2278 1409 2545 1465 dominico
2572 1427 2796 1483 corpore
2820 1419 3156 1472 vescentibus
3178 1419 3351 1489 (Jouu.
3374 1422 3430 1478 6.
3456 1423 3549 1494 5|)
3572 1439 3588 1479 :

2021 1514 2124 1553 nou
2148 1515 2336 1569 aquam
2378 1517 2413 1558 e
2446 1511 2594 1572 petra
2639 1505 2966 1572 bibentibus,
2994 1510 3092 1564 sed
3120 1514 3425 1581 sanguinem
3455 1530 3487 1569 e
3517 1516 3584 1568 la.

2021 1599 2132 1646 tere
2176 1591 2384 1660 (Exod.
2427 1595 2513 1650 17.
2562 1594 2661 1665 6).
2704 1595 2825 1650 Ideo
2858 1599 2984 1652 dicit
3013 1617 3026 1654 :
3055 1598 3295 1656 Plaudite
3333 1605 3587 1673 trionibus,

2017 1680 2156 1749 quod
2197 1682 2403 1758 liberati
2444 1698 2475 1738 a
2512 1684 2666 1755 lignis
2702 1694 2756 1741 et
2800 1688 3076 1757 lapidibus,
3106 1693 3286 1758 caelos,
3330 1702 3385 1747 et
3427 1694 3590 1748 emlos

2016 1757 2272 1827 caelornni
2296 1775 2724 1831 tmnscenderitis
2746 1818 2762 1843 ,
2796 1787 2851 1833 et
2884 1779 2950 1834 ad
2977 1780 3147 1850 ipsum
3176 1782 3373 1853 regium
3397 1786 3589 1840 solium

2016 1866 2286 1920 steteritis.
2313 1865 2539 1921 Jubilate
2564 1884 2692 1939 ergo
2716 1869 2820 1924 Deo
2840 1912 2855 1937 ,
2887 1871 2988 1927 hoc
3014 1882 3096 1927 est
3115 1915 3130 1937 ,
3160 1874 3234 1928 illi
3258 1876 3443 1931 otl'erte
3465 1890 3586 1947 gra-

2020 1956 2206 2009 tiarqu
2246 1957 2549 2024 actionem,
2586 1960 2658 2014 illi
2702 1960 2999 2026 victoriam,
3032 1963 3107 2016 illi
3152 1974 3427 2032 Iron-runt.
3470 1966 3589 2020 Non

2016 2056 2098 2100 est
2136 2048 2328 2101 bellum
2354 2048 2643 2104 humanum
2663 2092 2677 2115 ,
2706 2066 2997 2122 nec-pugna
3028 2056 3292 2110 sensibilis
3322 2075 3334 2109 :
3368 2070 3465 2111 nec
3491 2073 3590 2126 pro

2015 2138 2193 2207 aliquo
2212 2151 2395 2193 eorum
2420 2155 2539 2209 qua:
2575 2141 2641 2193 ad
2682 2141 2818 2196 hanc
2840 2142 3003 2196 vitam
3034 2147 3318 2212 pertinent,
3348 2144 3590 2200 deoerta-

2019 2237 2121 2291 tur,
2149 2229 2242 2284 sed
2266 2243 2362 2298 pro
2387 2231 2531 2285 culis
2552 2232 2709 2301 ipsis,
2736 2240 2791 2286 et
2816 2232 2879 2287 iis
2898 2248 3025 2303 quae
3053 2245 3178 2289 sunt
3203 2236 3253 2289 in
3275 2237 3438 2291 caelis.
3470 2236 3588 2306 ipse

2015 2320 2126 2374 suis
2146 2323 2393 2390 auspiciis
2413 2338 2612 2393 suoque
2626 2324 2786 2379 ductu
2810 2324 2909 2381 hoc
2934 2328 3128 2382 bellum
3150 2329 3405 2384 emiieeit:
3427 2332 3578 2384 noliio

2015 2420 2192 2465 autem
2221 2413 2490 2467 victoriam
2521 2414 2792 2483 impertiit.
2846 2415 3096 2481 Quoniam
3136 2417 3380 2474 Dominus
3421 2423 3585 2474 excel-

2015 2519 2120 2565 sus,
2160 2503 2416 2569 terribilis,
2443 2521 2534 2558 rea:
2563 2520 2775 2576 magnus
2806 2523 2956 2574 super
2996 2526 3190 2563 omnem
3231 2521 3433 2565 terram.
3482 2512 3579 2568 Ulli

2017 2609 2156 2647 nunc
2182 2605 2303 2648 sunt
2328 2595 2416 2664 qni
2443 2595 2726 2651 detrahunt
2744 2596 2931 2666 gloria:
2971 2598 3273 2668 Unigeniti?
3317 2602 3451 2655 Ecce
3490 2618 3582 2658 ιιι-ι

2016 2699 2237 2755 magnus
2263 2685 2453 2740 dicitur
2473 2686 2658 2747 Filius,
2684 2688 2825 2758 quod
2848 2689 2918 2743 de
2948 2690 3100 2743 Patre
3122 2690 3317 2743 dictum
3348 2700 3431 2745 est
3462 2709 3475 2742 :
3502 2691 3585 2744 Νι

2005 2778 2260 2850 jarareris
2302 2780 2468 2845 enim,
2502 2780 2686 2847 inquit,
2717 2794 2873 2847 neque
2890 2780 2940 2832 in
2973 2779 3115 2845 uelo,
3142 2781 3375 2849 quoniam
3398 2791 3470 2834 est
3497 2798 3579 2833 se—

2015 2871 2102 2924 des
2149 2871 2258 2940 ejus
2282 2885 2303 2924 :
2328 2886 2483 2940 neque
2521 2871 2575 2923 in
2618 2869 2920 2933 Jemsalcm,
2962 2871 3081 2933 quia
3118 2881 3190 2923 est
3235 2871 3407 2924 ciuitas
3454 2873 3584 2942 regis

2020 2960 2228 3033 (Matth.
2250 2960 2303 3016 5.
2335 2961 2421 3017 34.
2451 2961 2519 3015 55
2543 2961 2581 3030 ).
2624 2959 2690 3015 Et
2720 2974 2901 3013 rursus
2927 2960 3050 3015 alibi
3081 2977 3093 3012 :
3127 2960 3263 3014 Dens
3286 2962 3430 3032 fortis
3449 3002 3463 3024 ,
3493 2979 3586 3030 po-

2016 3064 2124 3107 tens
2148 3051 2298 3125 (Isai.
2325 3054 2378 3108 9.
2406 3051 2492 3122 6);
2520 3052 2660 3123 quod
2688 3060 2768 3105 est
2799 3066 2911 3105 rex.
2951 3051 3170 3117 Quando
3199 3068 3325 3122 ergo
3353 3055 3583 3109 audieris

2014 3147 2320 3200 cruciﬁxum
2349 3160 2469 3201 eSse
2500 3145 2807 3215 Dominum,
2841 3144 3001 3198 fuisse
3029 3148 3319 3214 sepu'tum,
3353 3147 3417 3199 ad
3447 3147 3582 3200 italo-

2015 3236 2185 3290 riores
2228 3243 2383 3289 terra:
2423 3243 2598 3304 partes
2634 3234 2993 3301 descendisse,
3022 3250 3090 3289 ne
3117 3235 3327 3300 labaris,
3358 3251 3456 3290 nec
3483 3252 3579 3289 an-

2014 3328 2156 3396 garis
2185 3343 2199 3373 τ
2222 3335 2302 3381 est
2325 3326 2465 3380 enim
2487 3326 2792 3391 altissimus,
2816 3336 2868 3380 et
2895 3337 3076 3380 natura
3104 3326 3387 3381 altissimus
3429 3328 3578 3395 Quod

2015 3424 2097 3471 est
2130 3424 2306 3471 autem
2347 3415 2512 3470 altum
2557 3424 2765 3481 natura,
2794 3416 2861 3471 ab
2898 3415 3174 3471 altitudine
3205 3417 3421 3472 minime
3461 3434 3579 3471 mn-

2015 3522 2171 3576 quam
2197 3507 2496 3569 recesserit,
2525 3520 2624 3561 nec
2653 3504 2849 3561 humile
2878 3506 3032 3561 fuerit
3059 3525 3072 3559 :
3096 3505 3187 3561 sed
3214 3506 3371 3562 etiam
3404 3509 3453 3560 in
3484 3509 3582 3562 tm-

2017 3600 2235 3655 militate
2267 3599 2383 3669 ejus
2423 3599 2642 3654 altitudo
2682 3607 2859 3654 manet
2894 3607 2949 3653 et
2984 3598 3297 3654 ostenditur.
3343 3600 3473 3654 Nam
3500 3602 3581 3655 vel

2018 3701 2257 3748 mortuus
2285 3693 2511 3746 maxime
2536 3691 2768 3747 ostendit
2787 3704 2935 3744 suam
2959 3690 3011 3744 in
3030 3700 3250 3745 mortem
3271 3691 3580 3760 potentiam.

2016 3786 2133 3840 Lua:
2153 3786 2206 3840 in
2231 3785 2440 3839 tenebris
2467 3790 2617 3849 lucet,
2651 3784 2854 3853 inquit,
2881 3792 2929 3837 et
2954 3785 3168 3838 tenebrae
3189 3800 3298 3836 eam
3328 3800 3428 3837 non
3450 3801 3586 3838 eont-

2016 3877 2380 3948 preheuderunt
2403 3876 2627 3943 (Joan.l
2683 3876 2740 3941 5)
2764 3889 2779 3927 :
2802 3875 2871 3927 ita
2896 3874 3054 3928 etiam
3084 3874 3135 3927 iu
3157 3873 3448 3928 humilitate
3468 3874 3586 3941 ejus

2015 3968 2235 4022 altitudo
2273 3966 2533 4036 apparuit.
2576 3965 2706 4018 Vide
2731 3979 2858 4031 ergo
2882 3964 3053 4032 ipsum
3073 4006 3090 4028 ,
3115 3964 3242 4017 dum
3268 3972 3406 4019 esset
3446 3965 3584 4033 apud

2016 4057 2210 4111 inferos
2232 4097 2247 4119 ,
2276 4056 2359 4108 Vel
2385 4055 2488 4108 alta
2518 4053 2716 4122 qumvis
2734 4053 3139 4107 concutientem.
3178 4053 3267 4107 Sol
3296 4054 3435 4107 enim
3464 4063 3586 4107 tunc

2016 4146 2285 4200 avertebat
2313 4143 2509 4208 radios,
2539 4151 2698 4211 petra:
2729 4139 3091 4205 ﬁndebantur,
3121 4150 3176 4195 et
3199 4141 3372 4195 velum
3403 4144 3583 4211 templi

2016 4235 2458 4304 abrumpebatur,
2486 4243 2623 4287 terra
2654 4232 2997 4295 movebatur,
3027 4230 3190 4285 Judas
3217 4233 3613 4300 strangulahaa

2020 4338 2122 4389 tur,
2146 4327 2346 4381 Pilatus
2387 4334 2442 4379 et
2477 4324 2592 4394 ejus
2634 4338 2767 4377 uxor
2810 4324 3163 4385 terrebantur,
3204 4324 3316 4392 ipse
3336 4323 3498 4392 jndex
3526 4338 3586 4378 se

2016 4408 2348 4475 defendebat.
2376 4415 2597 4485 Quando
2625 4431 2750 4485 ergo
2776 4413 3026 4480 audieris,
3058 4428 3177 4467 eum
3206 4415 3433 4468 vinctum
3465 4428 3587 4469 esse

2015 4520 2071 4566 et
2093 4508 2268 4580 ﬂagris
2285 4522 2502 4572 czesum,
2531 4520 2598 4562 ne
2620 4503 2956 4563 conlaudaris
2975 4520 2988 4556 :
3008 4502 3101 4558 sed
3125 4500 3245 4557 vide
3264 4517 3385 4556 eum
3403 4511 3552 4556 osten
3566 4533 3585 4544 -

2015 4601 2228 4657 dentem
2260 4599 2543 4669 potentiam
2585 4597 2666 4652 vel
2712 4595 2765 4649 in
2799 4594 3043 4649 vinculis.
3074 4593 3212 4647 Dixit
3236 4594 3399 4657 enim,
3426 4592 3586 4658 Quem

2014 4692 2237 4762 queritis
2265 4689 2458 4759 (Joan.
2487 4689 2574 4745 18.
2602 4689 2637 4743 4
2659 4686 2715 4758 )?
2748 4695 2804 4742 et
2834 4699 3023 4739 omnes
3045 4682 3191 4738 humi
3214 4683 3435 4753 supinus
3464 4699 3590 4753 pro-

2014 4785 2223 4841 stravit.
2245 4782 2403 4838 Vides
2423 4796 2578 4850 quam
2604 4780 2668 4833 sit
2702 4777 2971 4840 terribilis,
2987 4774 3074 4845 qni
3101 4775 3212 4829 sola
3233 4789 3361 4831 voce
3378 4784 3436 4830 et
3454 4785 3587 4829 nutu

2017 4888 2159 4932 tanta
2192 4874 2382 4931 iaciat?
2410 4871 2631 4941 Quando
2656 4886 2782 4938 ergo
2808 4869 3001 4923 videris
3023 4884 3146 4923 eum
3169 4877 3433 4922 mortuum
3454 4909 3469 4933 ,
3503 4867 3587 4923 lac

2015 4970 2192 5022 animo
2232 4965 2432 5036 cogites
2466 4964 2728 5018 sublatum
2777 4961 3032 5031 lapidem,
3073 4961 3288 5028 angelos
3332 4961 3421 5030 qni
3461 4975 3583 5014 cum

2016 5069 2157 5113 metu
2187 5057 2252 5112 ad
2278 5055 2577 5125 sepulcrum
2605 5060 2841 5119 manent,
2868 5050 3066 5106 inferos
3092 5052 3178 5120 qui
3207 5050 3581 5117 refringuntur,

2016 5159 2238 5204 mortem
2256 5162 2373 5218 qum
2390 5146 2737 5209 consumitur,
2758 5142 2993 5212 captivos
3013 5142 3324 5196 liberantem
3350 5159 3365 5194 :
3385 5147 3439 5193 et
3459 5146 3583 5193 tunc

2015 5253 2202 5297 cernes
2227 5251 2383 5308 quam
2410 5237 2478 5292 sit
2494 5235 2765 5291 terribilis.
2796 5233 2851 5290 Si
2873 5242 3047 5288 autem
3074 5232 3124 5285 in
3148 5232 3261 5299 ipso
3283 5227 3585 5299 ignominia:

2015 5343 2253 5396 tempore
2296 5338 2435 5382 tanta
2462 5327 2620 5393 fecit,
2659 5325 2712 5383 in
2741 5326 2907 5389 ett-lo,
2960 5324 3016 5377 in
3065 5330 3237 5381 terra,
3264 5317 3401 5389 apud
3442 5318 3581 5374 iule-

2015 5435 2147 5477 ros:
2176 5418 2301 5489 quid
2344 5432 2450 5472 non
2495 5416 2648 5471 tariet
2693 5425 2931 5484 tempore
2974 5410 3129 5466 ﬁituri
3169 5410 3249 5465 sui
3293 5407 3585 5466 adventus?

2016 5513 2149 5568 Audi
2174 5510 2298 5582 quid
2325 5509 2500 5564 dicant
2524 5509 2794 5562 «immanes
2823 5515 3061 5573 tempore
3085 5501 3426 5567 humilitatis,
3455 5517 3588 5573 spu-

2012 5611 2237 5663 mantes.
2265 5598 2470 5654 vincula
2507 5599 2774 5652 solventes
2791 5635 2807 5659 ,
2846 5593 3167 5648 inaccessam
3191 5592 3331 5647 viam
3351 5589 3619 5661 reddens.

2013 5704 2094 5747 tes
2125 5710 2143 5746 ι
2175 5691 2309 5759 Quid
2352 5689 2492 5744 nobis
2531 5697 2574 5743 et
2618 5687 2724 5745 tibi,
2766 5685 2871 5739 Fili
2914 5681 3051 5739 Dei?
3096 5682 3285 5755 Venisti
3324 5682 3422 5737 huc
3448 5693 3579 5738 aute
