4112 6208
475 302 571 357 211
898 277 904 282 ’
1278 293 1337 350 S.
1363 293 1636 349 JOANNIS
1670 289 2140 348 CHRYSOSTOMI
2179 289 2491 344 ARCHIEP.
2530 290 3056 348 CONSTANTINOP.
3642 299 3745 355 2t2

477 425 671 481 tempus
692 419 916 478 torquere
941 423 1032 462 nos
1061 405 1270 478 (.llatth.
1294 405 1348 460 8.
1377 405 1510 476 29)?
1536 404 1592 460 Si
1614 421 1740 474 ergo
1767 404 1879 458 h:cc
1907 412 2052 466 tunc,

476 501 688 570 quando
716 498 981 561 adveniet,
1002 506 1055 550 ιιι
1081 504 1367 564 potestates
1387 496 1638 548 c:clorum
1667 493 2056 555 concutientur,

477 602 532 647 et
555 593 634 646 sol
667 605 955 646 conversus
984 589 1139 642 fuerit
1165 588 1216 643 in
1246 587 1521 652 tenebras,
1553 598 1606 640 et
1637 585 1754 638 luna
1784 601 1887 638 non
1915 583 2061 638 dabit

481 684 654 738 lttcem
676 697 823 737 suam
854 680 1062 750 (Matth.
1096 680 1184 734 24.
1225 679 1338 750 29),
1373 678 1498 748 quid
1525 678 1744 731 dicent?
1777 679 2058 746 Propterea

480 773 608 829 dicit
638 791 651 827 :
679 772 952 835 Excelsns,
994 770 1247 824 terribilis.
1297 769 1386 822 Vel
1430 769 1602 838 potius
1624 807 1641 833 ,
1668 767 1792 838 quid
1818 769 1934 836 quis
1964 781 2060 836 pro

478 864 734 934 dignitate
749 863 958 925 dixerit,
977 862 1116 916 diem
1136 863 1278 914 illum
1297 875 1538 922 narrans,
1553 857 1763 928 quando
1783 860 1952 914 mittet
1967 873 2063 912 an-

479 954 627 1023 gelos
655 969 744 1022 per
759 954 1058 1006 universum
1084 951 1265 1005 orbem
1296 960 1449 1004 terra:
1469 948 1633 1018 (Ibid.
1654 967 1702 1004 υ.
1715 951 1824 1019 51),
1849 949 2060 1019 quando

480 1045 657 1098 omnia
687 1045 1073 1103 concutientur.
1101 1041 1313 1111 quando
1340 1051 1477 1096 terra
1508 1041 1804 1094 movebitur
1831 1041 2060 1095 reddens

481 1147 810 1190 mortuorum
839 1133 1163 1204 depositum,
1181 1132 1392 1203 quando
1417 1131 1812 1186 innumerabilia
1835 1146 2058 1201 corpora

482 1227 886 1292 excitabuntur,
931 1225 1144 1295 quando
1189 1225 1375 1280 ctelum
1417 1224 1579 1278 veluti
1623 1223 1799 1279 velum
1845 1223 2058 1292 aliquod

477 1315 857 1380 contrahetur;
921 1314 1132 1385 quando
1189 1323 1450 1370 statuetur
1505 1315 1741 1370 terribile
1791 1314 2056 1379 trilmnal,

477 1406 688 1474 quando
710 1406 851 1460 fluvii
873 1407 1007 1476 ignis
1034 1405 1329 1472 trahentur,
1355 1406 1564 1476 quando
1592 1406 1710 1460 libri
1731 1407 2059 1476 aperientur,

478 1497 691 1567 quando
718 1510 834 1568 qum
860 1499 928 1552 ab
955 1513 1272 1568 unoquoque
1297 1499 1348 1552 in
1381 1497 1614 1553 tenebris
1651 1497 1785 1551 facta
1827 1496 2054 1556 fuerint.

479 1587 531 1641 in
577 1587 810 1642 medium
857 1587 1246 1658 producentur;
1291 1589 1504 1660 quando
1549 1589 1654 1642 illa:
1703 1588 2058 1642 intolerabiles

479 1691 652 1744 paena:
695 1691 756 1731 ac
800 1677 1079 1748 supplicia,
1107 1678 1317 1748 quando
1355 1677 1687 1732 minabunda:
1733 1686 2054 1746 potestates,

477 1768 692 1838 quando
717 1768 883 1823 stricti
914 1769 1071 1839 gladii
1097 1811 1112 1835 ,
1151 1769 1361 1839 quando
1391 1769 1491 1822 erit
1510 1768 1756 1823 abductio
1781 1769 1832 1822 in
1849 1759 2058 1838 'geben-

480 1873 634 1922 nam;
662 1857 874 1928 quando
897 1858 1072 1916 omnis
1098 1859 1287 1929 peribit
1311 1859 1619 1923 auctoritas,
1653 1860 2052 1928 imperatorum,

477 1945 694 2014 ducum,
739 1947 1055 2012 consulum,
1105 1958 1160 2002 et
1211 1948 1524 2016 prmsidum;
1576 1948 1785 2017 quando
1827 1945 2056 2000 adfuerit

478 2045 658 2092 tantus
693 2037 1000 2107 angelorum
1045 2039 1267 2108 pepulus
1290 2079 1305 2105 ,
1336 2038 1547 2108 quando
1579 2047 1900 2108 martyrum,
1933 2052 2055 2107 pro-

478 2125 755 2195 phetarum
775 2167 792 2193 ,
828 2129 1187 2198 apostolorum
1213 2169 1230 2194 ,
1271 2129 1606 2183 sacerdotum
1626 2169 1644 2195 ,
1675 2127 2052 2183 monachorum

475 2216 741 2281 examina,
767 2218 980 2286 quando
1007 2218 1090 2272 illa
1117 2218 1398 2272 inen‘abilia
1427 2219 1662 2288 prtemia,
1689 2217 1900 2287 quando
1927 2218 2053 2272 bra-

477 2308 582 2372 via,
608 2308 820 2377 quando
842 2323 1074 2375 coruum,
1099 2309 1310 2378 quando
1338 2310 1493 2374 bona,
1523 2325 1642 2380 quae
1667 2323 1878 2364 omnem
1906 2324 2054 2364 men-

477 2411 582 2455 tem
613 2410 866 2471 superant
893 2401 1051 2473 (Dan.
1081 2403 1132 2457 7.
1164 2403 1256 2471 9)?

430 2504 436 2509 '
548 2494 602 2547 3.
633 2493 762 2560 Quae
783 2495 952 2548 oratio
974 2493 1089 2549 hzec
1112 2495 1379 2564 explicare
1405 2494 1636 2564 poterit?
1664 2493 1720 2550 Si
1743 2495 1883 2550 enim
1906 2509 2054 2549 crea-

475 2582 674 2636 tionem
706 2582 958 2651 propheta
992 2592 1336 2653 persequutus
1359 2625 1374 2651 ,
1399 2583 1710 2653 defatigatus
1735 2593 1818 2639 est
1843 2593 1893 2638 et
1921 2585 2054 2638 resi-

477 2672 574 2738 liit,
601 2672 784 2726 dicens
814 2691 827 2726 :
857 2673 1024 2740 Quam
1049 2674 1371 2744 magniﬁcam
1392 2685 1508 2728 sunt
1535 2691 1688 2744 opera
1713 2685 1818 2741 tua,
1841 2673 2053 2728 Domine

476 2761 644 2826 (Psal.
680 2763 766 2820 9|.
797 2765 872 2834 ti)!
899 2774 951 2818 et
973 2765 1164 2820 Paulus
1185 2781 1344 2820 unum
1371 2781 1538 2837 genus
1565 2779 1901 2836 perscrutans
1931 2783 2054 2838 pro-

476 2855 742 2918 videntiae,
773 2858 1118 2922 exclamavit,
1162 2857 1381 2914 dicens:
1417 2858 1462 2912 0
1506 2860 1722 2914 altitudo
1765 2861 2050 2916 divitiarum

477 2945 650 3011 (Rom.
686 2947 770 3001 11.
799 2948 924 3018 55)!
964 2947 1088 3018 quid
1115 2948 1307 3006 dixerit
1331 2949 1588 3018 quispiam
1618 2949 1755 3004 diem
1785 2951 1926 3004 illum
1953 2951 2049 3006 de-

471 3034 751 3102 scribens?
803 3039 926 3090 tlaec
971 3036 1149 3091 omnia
1201 3053 1322 3092 cum
1373 3039 1700 3106 przevidisset
1753 3039 2047 3110 propheta,

476 3122 610 3177 dixit
639 3141 655 3178 :
681 3121 930 3179 Dominus
963 3127 1219 3192 excelsus,
1249 3128 1502 3192 terribilis,
1529 3144 1620 3182 rea:
1651 3145 1861 3200 magnus
1901 3147 2052 3200 super

475 3230 671 3267 otnnem
699 3224 902 3280 terram,
934 3215 1078 3271 orbis
1118 3216 1340 3270 salutem
1379 3217 1684 3274 ostendens.
1717 3221 1841 3274 Erat
1875 3220 2052 3290 itaque

476 3305 635 3360 etiam
681 3316 838 3362 antea
879 3323 970 3362 rex
1010 3322 1263 3377 magnus,
1301 3309 1396 3364 sed
1435 3309 1794 3380 ignorabatur.
1829 3313 2052 3368 Mundus

476 3397 617 3450 enim
665 3414 752 3467 per
795 3399 961 3468 ipsum
998 3403 1164 3470 factus
1198 3409 1292 3465 est,
1328 3410 1374 3454 et
1410 3403 1644 3468 mundus,
1674 3404 1862 3474 inquit,
1886 3406 2050 3474 ipsum

477 3504 576 3540 non
615 3489 846 3557 cognovit
885 3491 903 3557 (
923 3489 1078 3543 Joan.
1115 3493 1164 3544 1.
1198 3491 1304 3558 10).
1345 3491 1492 3546 Nunc
1517 3503 1691 3547 autem
1721 3494 1822 3549 hoc
1844 3492 2066 3565 quoque

479 3579 731 3646 praeclare
769 3581 967 3649 gessit,
995 3582 1134 3650 quod
1161 3598 1255 3636 nos
1282 3584 1380 3637 sibi
1411 3584 1762 3640 familiaritate
1781 3586 2052 3656 iungendo

479 3688 570 3724 rex
617 3687 838 3741 magnus
883 3672 1103 3728 effectus
1146 3683 1248 3728 est.
1293 3674 1484 3742 Quidni
1527 3676 1666 3730 enim
1699 3694 1939 3748 magnus,
1964 3681 2052 3749 qui

480 3777 740 3832 pauperes
769 3764 1075 3832 piscatores,
1101 3765 1396 3831 illiteratus,
1420 3766 1606 3821 idiotas
1633 3783 1853 3823 numero
1885 3771 2054 3826 unde-

478 3853 603 3911 eiut,
636 3850 912 3915 obscuros,
943 3854 1273 3922 peregrinos,
1295 3857 1461 3924 magis
1482 3867 1655 3911 mutos
1674 3873 1829 3928 quam
1860 3861 2051 3928 pisces,

481 3941 690 3994 unicam
733 3941 960 3996 tunicam
1011 3943 1284 4009 habentes,
1329 3946 1522 4001 calceis
1567 3958 1829 4012 carentes,
1861 3951 2051 4018 nudos,

480 4045 578 4101 per
606 4031 914 4086 universum
943 4033 1126 4088 orbem
1157 4043 1412 4090 terrarum
1442 4037 1585 4091 misit
1613 4036 1634 4110 (
1657 4038 1841 4094 Matth.
1873 4041 1957 4096 10.
1987 4042 2051 4108 9;

479 4124 608 4177 an.
635 4126 723 4182 10.
751 4123 844 4196 ι),
872 4135 927 4181 et
954 4126 1114 4182 veluti
1145 4129 1391 4184 mandato
1420 4149 1607 4189 omnes
1631 4135 1809 4204 cepit?
1837 4135 1949 4190 Hoc
1974 4145 2057 4190 est

481 4232 607 4271 vere
633 4231 763 4273 esse
781 4234 958 4289 regem
984 4235 1231 4292 magnum
1258 4224 1382 4294 :qui
1410 4227 1710 4282 universum
1736 4229 1918 4284 orbem
1947 4237 2056 4283 ter-

481 4325 554 4364 ne
579 4325 760 4366 errore
787 4311 1043 4377 liberavit,
1077 4325 1132 4369 et
1163 4315 1310 4370 brevi
1349 4319 1601 4386 temporis
1625 4329 1894 4375 momento
1914 4321 2056 4376 veri-

483 4413 646 4458 tatem
687 4405 934 4469 reduxit,
973 4417 1028 4461 et
1069 4407 1265 4462 diaboli
1311 4411 1638 4480 tyrannidem
1685 4413 1935 4467 sustulit:
1968 4415 2056 4483 qui

483 4497 644 4550 etiam
671 4505 955 4567 antequam
976 4507 1154 4552 essent
1177 4499 1265 4568 qui
1290 4502 1336 4554 ei
1359 4510 1641 4568 parerent,
1669 4511 1783 4556 erat
1821 4519 1912 4558 rex
1942 4520 2058 4558 ma-

484 4599 638 4652 gnus,
665 4602 767 4638 non
797 4586 996 4641 habens
1022 4586 1073 4640 in
1106 4587 1273 4641 servis
1293 4587 1396 4641 vim
1420 4589 1645 4658 imperii,
1671 4605 1775 4644 non
1801 4593 1852 4646 in
1883 4593 2060 4662 spcrie

485 4688 549 4725 ac
579 4675 830 4741 vestibus,
862 4676 956 4731 sed
985 4677 1036 4730 in
1067 4677 1175 4746 ipsa
1203 4688 1406 4733 natura.
1437 4679 1546 4750 Ego
1573 4681 1734 4748 enim,
1762 4683 1929 4754 inquit
1949 4725 1963 4748 ,
1992 4686 2061 4738 ad

486 4766 582 4816 hoc
605 4775 752 4820 natus
771 4783 879 4820 sum
908 4766 1086 4838 (Joan.
1112 4769 1196 4824 18.
1221 4771 1333 4841 57).
1367 4771 1477 4826 Hoc
1501 4781 1582 4826 est
1601 4789 1718 4829 esse
1741 4790 1918 4845 regem
1947 4792 2061 4831 ma-

487 4873 646 4927 guum
685 4874 701 4910 :
728 4860 814 4927 qtti
856 4875 959 4914 non
991 4861 1148 4917 habet
1176 4861 1430 4918 honorem
1450 4866 1776 4921 extrinsecus
1805 4868 2019 4923 allatum
2043 4909 2060 4936 ,

485 4950 576 5020 qui
605 4949 744 5004 nulla
775 4969 833 5006 re
859 4968 994 5023 optts
1031 4954 1190 5010 habet
1226 4965 1283 5010 ut
1328 4957 1395 5012 sit
1434 4975 1547 5024 rex,
1593 4960 1680 5029 qui
1723 4959 1847 5016 facit
1883 4963 2059 5016 omnia

486 5059 835 5114 qtuecumque
860 5047 990 5100 vult.
1031 5045 1225 5104 Euntes
1263 5051 1426 5116 enim,
1459 5053 1659 5123 inquit,
1700 5054 1869 5108 docete
1895 5071 2063 5109 omnes

487 5144 657 5205 gentes
680 5135 871 5203 (Marc.
894 5136 981 5192 16.
1007 5139 1126 5208 15);
1157 5149 1211 5195 et
1233 5156 1411 5196 sermo
1437 5143 1487 5196 in
1514 5158 1646 5213 Opus
1669 5144 1884 5200 exibat:
1917 5145 2060 5211 Volo,

491 5226 733 5282 mundare
757 5227 969 5295 (Matth.
1001 5230 1052 5286 8.
1084 5229 1161 5304 3).
1190 5230 1300 5286 Tibi
1325 5233 1458 5297 dico,
1488 5235 1792 5290 dwmonium
1815 5239 2023 5292 surdum
2046 5280 2062 5305 ,

489 5317 720 5384 egredere
741 5317 802 5372 ab
831 5320 961 5390 ipso.
985 5320 1136 5388 Tace,
1163 5325 1442 5378 obmutesce
1463 5323 1652 5394 (Marc.
1676 5326 1728 5381 9.
1751 5326 1840 5381 24.
1867 5337 1988 5383 etc.
2010 5331 2062 5384 4.

489 5405 605 5473 59).
635 5405 713 5461 Ite
736 5409 788 5462 in
814 5411 978 5481 ignem
1001 5421 1244 5466 reternum
1269 5414 1356 5485 qui
1375 5424 1580 5484 paratus
1607 5426 1678 5471 est
1706 5417 1926 5472 diabolo.
1969 5419 2060 5473 Ve-

491 5499 612 5560 nite,
634 5501 880 5566 possidete
900 5513 1131 5572 paratum
1151 5505 1286 5560 vobis
1307 5523 1512 5578 regnum
1531 5518 1647 5562 ante
1669 5511 2070 5566 constitutionem

496 5581 670 5642 minuti
706 5591 723 5658 (
748 5592 928 5647 Matth.
957 5596 1048 5652 25.
1080 5599 1168 5652 41.
1201 5609 1254 5652 et
1281 5598 1398 5667 51).
1431 5597 1589 5654 Vides
1619 5600 1812 5671 ubique
1837 5611 2070 5672 potesta-

500 5679 645 5733 tem?
669 5680 818 5736 vides
842 5689 1166 5753 potentiam?
1201 5688 1273 5743 Ita
1302 5691 1442 5745 enim
1473 5693 1610 5762 cepit
1638 5708 1730 5747 eos
1760 5695 1846 5763 qui
1875 5709 2066 5764 parue-

2173 412 2314 465 runt,
2345 413 2400 454 ttt
2441 404 2761 472 persuaserit
2791 404 2870 458 vel
2911 406 3139 460 animam
3187 408 3361 477 potius
3399 409 3740 480 profundere,

2167 506 2322 561 quam
2347 493 2484 561 quod
2506 492 2710 562 jussum
2736 505 2818 549 est
2845 495 3125 550 transilire.
3157 496 3265 552 Rex
3299 499 3438 553 enim
3466 500 3626 557 habet
3643 502 3742 558 bo-

2168 600 2350 638 norem
2380 585 2446 637 ab
2479 585 2576 648 iis,
2619 587 2708 655 qui
2749 586 2867 655 ejus
2903 587 3251 655 subjiciuntur
3273 590 3458 643 ditioni
3489 608 3504 646 :
3531 591 3618 646 hic
3645 609 3743 648 au-

2168 684 2272 729 tem
2301 675 2498 743 pra-bet
2520 675 2776 730 honorem
2806 677 2868 731 iis
2890 678 2976 746 qui
3004 678 3050 730 ei
3079 678 3330 732 obediunt
3354 697 3368 734 :
3390 689 3443 734 et
3469 681 3587 736 ideo
3612 683 3740 740 illud

2167 764 2378 832 quidem
2409 773 2489 818 est
2518 765 2686 818 solum
2718 781 2910 820 nomen
2935 807 2948 830 ,
2981 766 3083 820 hoc
3110 782 3237 820 vero
3261 782 3366 821 res.
3414 769 3629 839 Magnus
3659 784 3742 828 est

2166 871 2256 908 rex
2283 897 2298 920 ,
2326 855 2410 923 qui
2443 855 2742 910 universum
2787 859 2968 911 orbem
3007 867 3161 912 terrae
3198 860 3388 914 etelum
3429 860 3574 928 fecit,
3603 874 3658 918 et
3685 875 3739 920 ttt

2166 945 2372 999 barbari
2395 946 2692 1015 philosophi
2723 957 2920 1013 essent,
2944 959 2996 1002 et
3024 949 3241 1018 angelos
3261 950 3618 1017 imitarentur,
3645 971 3730 1008 cu-

2167 1037 2317 1089 ravit.
2348 1035 2575 1105 Populos
2598 1038 2740 1092 nobis
2763 1039 2992 1107 subjecit,
3021 1049 3068 1092 et
3091 1050 3259 1110 gentes
3286 1040 3378 1094 sub
3417 1042 3626 1107 pedibus
3646 1060 3735 1095 no.

2165 1127 2302 1180 stris.
2349 1127 2394 1181 Ο
2422 1128 2765 1182 miraculum!
2819 1130 2904 1184 Eis
2943 1131 3028 1199 qui
3068 1129 3462 1194 crucifixerant,
3511 1133 3735 1188 adorare

2167 1218 2422 1285 persuasit
2447 1233 2570 1272 :eos
2590 1221 2676 1288 qui
2707 1223 3022 1275 contumelia
3047 1222 3366 1287 alﬁciebant,
3389 1225 3477 1294 qui
3509 1225 3736 1281 insecta-

2169 1308 2358 1361 bantur
2386 1309 2677 1364 maledictis
2697 1351 2712 1376 ,
2744 1311 2832 1380 qui
2870 1312 3128 1380 lapidibus
3155 1311 3300 1367 afﬁxi
3339 1324 3514 1379 erant,
3553 1315 3737 1370 docuit

2165 1398 2246 1451 vel
2276 1413 2398 1452 suas
2420 1398 2624 1453 animas
2650 1400 2965 1468 profundere
2984 1443 2998 1465 ,
3029 1402 3093 1455 ad
3126 1402 3290 1471 ipsius
3317 1403 3589 1472 placitum.
3618 1405 3732 1460 Non

2163 1488 2302 1542 enim
2330 1488 2431 1544 hoc
2456 1489 2524 1544 ab
2549 1491 2801 1561 apostolis
2824 1493 3124 1561 gerebatur,
3151 1493 3245 1547 sed
3282 1494 3350 1547 ab
3385 1509 3450 1548 eo
3487 1495 3578 1564 qui
3617 1497 3732 1552 illos

2164 1578 2513 1646 pratcedebat,
2559 1589 2612 1634 et
2657 1581 2899 1635 movebat
2938 1597 3120 1636 eorum
3162 1583 3416 1637 animum.
3457 1584 3732 1651 Quomodo

2162 1669 2302 1721 enim
2329 1669 2559 1738 piscator
2580 1672 2658 1724 vel
2689 1673 3148 1728 tabernaculorum
3169 1685 3502 1731 conSIructor
3531 1687 3730 1734 tantum

2162 1767 2318 1814 terra:
2342 1759 2639 1816 habitabilis
2659 1761 2839 1818 orbem
2874 1764 2943 1818 ita
2974 1774 3262 1844 mutasset,
3287 1767 3386 1821 nisi
3407 1768 3546 1822 illius
3568 1771 3726 1825 verba

2161 1851 2534 1921 impedimenta
2562 1855 2738 1909 omnia
2767 1856 3136 1910 sustulissent?
3176 1857 3241 1911 Et
3279 1859 3679 1929 praestigiatores
3703 1902 3719 1926 ,

2159 1954 2214 1998 et
2240 1954 2511 2013 tyrannos,
2549 1955 2602 2000 et
2646 1956 2914 2012 oratores,
2943 1956 3000 2002 et
3041 1947 3403 2018 philosophos,
3443 1959 3496 2005 et
3538 1965 3724 2006 omnes

2159 2035 2385 2104 denique
2429 2038 2516 2105 qui
2561 2039 2915 2105 resistebant,
2948 2048 3213 2109 tamquam
3240 2041 3509 2108 pulverem
3536 2041 3728 2095 discu-

2159 2125 2350 2180 tientes
2369 2166 2384 2190 ,
2419 2127 2586 2181 instar
2615 2127 2742 2182 fumi
2769 2129 3154 2193 dissolwntes,
3185 2130 3255 2184 ita
3285 2131 3521 2185 veritatis
3558 2132 3726 2187 lucem

2157 2217 2568 2284 seminaverunt,
2597 2235 2700 2274 non
2729 2221 2909 2286 armis,
2933 2235 3034 2276 nec
3060 2223 3108 2274 vi
3133 2221 3387 2290 pecuniae,
3411 2221 3502 2276 sed
3529 2223 3642 2276 solo
3665 2238 3728 2278 ac

2156 2308 2380 2376 simplici
2403 2323 2647 2364 sermone
2672 2309 2910 2374 uten'tes;
2945 2313 3051 2365 imo
3079 2328 3208 2366 vero
3234 2327 3341 2365 non
3368 2323 3482 2367 erat
3503 2313 3722 2382 simplex

2156 2413 2332 2453 sermo
2351 2440 2366 2464 ,
2389 2399 2482 2454 sed
2509 2411 2622 2455 erat
2643 2403 2830 2471 quovis
2857 2418 3017 2473 opere
3046 2406 3328 2473 potentior.
3373 2405 3488 2470 Quo
3514 2406 3725 2460 tandem

2134 2490 2348 2556 :pacto?
2376 2490 2690 2546 lnvocabant
2711 2508 2904 2548 nomen
2930 2495 3162 2548 cruciﬁxi
3188 2536 3202 2560 ,
3233 2503 3287 2549 et
3312 2509 3456 2548 mors
3477 2493 3723 2566 fugiebat,

2159 2577 2469 2648 fugabautur
2487 2581 2776 2650 dazmones,
2801 2585 2968 2640 morbi
2991 2587 3328 2652 curabantur,
3342 2599 3624 2654 corporum
3651 2586 3726 2639 vi-

2158 2669 2228 2724 tia
2257 2673 2676 2742 corrigebantur,
2707 2675 2936 2745 nequitia
2965 2675 3244 2745 fugabaqu
3262 2717 3277 2744 ,
3307 2675 3534 2745 pericula
3563 2677 3725 2746 proti-

2157 2777 2255 2817 nus
2287 2765 2619 2830 recedebant,
2647 2777 2703 2821 et
2729 2766 3068 2821 mutabantur
3092 2767 3375 2822 elementa.

2233 2862 2460 2916 Christus
2485 2875 2574 2912 cur
2599 2859 2663 2912 de
2686 2875 2831 2912 cruce
2851 2874 2950 2912 non
2978 2858 3620 2925 descenderit.—Quando
3641 2875 3726 2914 er-

2154 2971 2222 3026 go
2253 2955 2404 3010 nobis
2429 2951 2659 3008 dixerint
2689 2969 2704 3004 :
2733 2951 2842 3005 Cur
2861 2964 2966 3005 non
2997 2965 3152 3021 Opem
3179 2950 3278 3004 sibi
3309 2951 3428 3004 tulit
3457 2951 3506 3004 in
3527 2951 3725 3005 cruce?

2154 3048 2257 3104 hoc
2270 3046 2510 3102 dicamus
2541 3063 2555 3098 :
2586 3043 2844 3111 Quoniam
2877 3043 2976 3096 hoc
3003 3052 3118 3097 erat
3140 3039 3518 3095 admirabilius.
3545 3040 3726 3111 Neque

2153 3151 2276 3195 sunt
2317 3139 2482 3208 paria,
2533 3152 2598 3191 ex
2627 3150 2784 3190 cruce
2811 3133 3189 3198 descendisse;
3229 3142 3284 3187 et
3314 3143 3590 3201 postquam
3630 3131 3724 3185 fuit

2153 3232 2458 3295 crucifixus,
2490 3239 2567 3284 tot
2613 3243 2733 3283 esse
2761 3237 2995 3282 mortuos
3023 3224 3136 3295 ejus
3166 3227 3378 3280 nomine
3419 3225 3721 3280 suscitatos.

2155 3322 2304 3391 Quod
2331 3323 2470 3377 enim
2499 3329 2624 3375 tunc
2653 3333 2746 3374 sua
2767 3327 2957 3388 sponte
2984 3317 3057 3373 ibi
3101 3318 3376 3384 manserit,
3407 3316 3633 3372 ostendit
3657 3332 3722 3371 ex

2156 3413 2220 3468 iis
2245 3429 2360 3484 quae
2382 3421 2502 3466 sunt
2527 3419 2710 3482 postea
2750 3417 3099 3478 consequuta.
3139 3407 3237 3476 Qui
3273 3409 3414 3462 enim
3473 3416 3720 3472 mortem,

2154 3520 2274 3574 qua:
2303 3503 2434 3557 alios
2461 3503 2743 3564 invaserat,
2788 3499 3010 3570 expulit,
3060 3499 3222 3552 multo
3253 3498 3419 3567 magis
3457 3514 3488 3551 a
3527 3499 3722 3567 seipse,

2157 3596 2462 3666 priusquam
2490 3591 2780 3658 invaderet,
2810 3591 3118 3661 propulsare
3143 3597 3388 3660 poterat;
3420 3596 3473 3642 et
3496 3587 3584 3658 qui
3609 3587 3727 3642 aliis

2158 3688 2317 3741 vitam
2350 3687 2569 3754 praebet,
2597 3682 2764 3738 multo
2802 3682 2968 3752 magis
3028 3681 3128 3735 sibi
3157 3680 3256 3749 ipsi
3299 3679 3542 3748 praabero
3577 3689 3728 3748 pote-

2158 3788 2239 3834 rat
2267 3776 2440 3847 :qnod
2469 3777 2626 3831 etiam
2667 3774 2841 3828 triduo
2866 3783 2984 3843 post
3011 3772 3131 3826 fecit
3149 3811 3165 3837 ,
3195 3785 3260 3825 ex
3288 3785 3474 3839 magna
3498 3768 3724 3839 potentia

2157 3874 2461 3926 suscitatus.
2490 3866 2544 3920 ld
2570 3875 2745 3920 autem
2767 3865 2993 3919 ostendit
3024 3879 3116 3934 per
3161 3878 3224 3917 ea
3267 3877 3385 3931 qua:
3415 3872 3596 3932 pestea
3638 3875 3727 3914 sc-

2159 3970 2318 4031 quuta
2341 3970 2482 4014 sunt.
2511 3957 2732 4025 Quando
2745 3959 2882 4012 enim
2907 3956 3020 4024 ejus
3043 3969 3237 4009 nomen
3261 3955 3432 4008 visunt
3462 3965 3545 4008 est
3571 3951 3729 4006 hahe-

2160 4069 2220 4108 re
2246 4061 2444 4106 tantam
2489 4052 2735 4105 virtutem
2765 4047 2818 4102 in
2847 4046 3035 4102 alienis
3063 4045 3394 4114 corporibus,
3426 4052 3485 4097 ut
3509 4043 3728 4096 invoca:

2162 4132 2272 4199 tum
2317 4152 2543 4198 mortem
2574 4141 2852 4210 fugaverit,
2893 4153 3050 4194 nemo
3087 4137 3254 4208 possit
3289 4135 3551 4198 dubitare,
3601 4133 3727 4201 quin

2160 4235 2318 4290 etiam
2349 4235 2403 4288 in
2457 4233 2669 4303 proprio
2692 4245 2917 4301 corpore
2945 4245 3184 4299 magnam
3227 4226 3514 4297 potentiam
3553 4233 3733 4278 osten-

2161 4327 2343 4391 disset,
2364 4337 2418 4380 et
2445 4332 2670 4379 mortem
2697 4321 2800 4376 sibi
2825 4321 3154 4391 subjecissct.
3187 4335 3238 4372 ιι.
3271 4316 3492 4384 Subjecit
3519 4315 3732 4384 papulas

2162 4419 2323 4482 nobis,
2369 4425 2414 4469 et
2439 4423 2605 4486 gentes
2630 4412 2718 4467 sub
2750 4412 2955 4482 pedibus
2999 4411 3202 4464 nostris.
3241 4407 3376 4463 Vide
3417 4405 3729 4476 sapientiam

2163 4509 2453 4578 pmphetae,
2483 4505 2572 4574 qui
2597 4504 2772 4558 omnia
2800 4510 3044 4558 accurate
3073 4501 3215 4555 dicit.
3241 4498 3391 4567 Quod
3421 4500 3562 4553 enim
3591 4506 3736 4566 post-

2162 4614 2223 4654 ea
2250 4599 2496 4653 dixerunt
2524 4595 2772 4666 apostoli,
2805 4594 2937 4661 Quia
2973 4610 3062 4647 nos
3084 4593 3363 4656 intuemini,
3399 4590 3542 4661 quasi
3565 4598 3735 4642 nostra

2163 4693 2341 4745 uirtute
2367 4700 2454 4743 aut
2483 4689 2662 4760 pietate
2709 4688 2972 4758 fecerimus
2998 4694 3052 4739 ut
3080 4685 3160 4738 hic
3193 4683 3466 4738 ambularet
3497 4682 3631 4753 (Act.
3677 4681 3732 4734 3.

2165 4780 2254 4851 l2)
2278 4781 2302 4833 ἲ
2328 4779 2380 4834 id
2409 4780 2575 4834 multo
2603 4787 2726 4832 ante
2751 4777 2877 4831 dicit
2905 4775 3180 4846 propheta.
3229 4773 3358 4829 Illud
3383 4783 3559 4827 autem
3581 4812 3596 4837 ,
3628 4770 3738 4825 Sub

2166 4871 2394 4944 pedibus,
2423 4871 2473 4924 id
2503 4869 2644 4940 quod
2665 4868 2960 4938 subjectum
3003 4877 3116 4921 erat
3155 4865 3408 4934 ostendit,
3453 4864 3538 4918 vel
3566 4864 3740 4933 potius

2165 4979 2408 5033 magnam
2433 4961 2832 5030 subiectionem.
2861 4959 2916 5014 Si
2943 4959 3023 5014 vis
3046 4969 3220 5013 autem
3241 4961 3378 5012 scire
3396 4965 3590 5028 quanta
3615 4951 3740 5010 sub-

2161 5055 2326 5125 jectio
2345 5063 2504 5118 esset,
2545 5053 2687 5107 audi.
2715 5051 2994 5120 Quotquot,
3024 5050 3228 5120 inquit,
3260 5062 3566 5120 possessores
3590 5061 3744 5116 agro-

2168 5165 2279 5202 rum
2309 5157 2395 5200 aut
2417 5147 2678 5200 domorum
2699 5155 2859 5208 erant,
2889 5145 3149 5198 uendentes
3171 5143 3447 5210 efferebant
3471 5141 3632 5211 pretia
3651 5154 3743 5192 eo-

2168 5256 2280 5293 rum
2299 5255 2410 5310 qute
2423 5237 2776 5303 vendebantur,
2793 5245 2842 5290 et
2854 5239 3100 5305 ponebant
3113 5243 3226 5289 ante
3238 5233 3386 5303 pedes
3403 5231 3746 5302 apostolorum

2173 5333 2308 5402 (Λα.
2332 5333 2384 5385 4.
2409 5329 2523 5400 51).
2554 5329 2656 5383 Alii
2681 5338 2859 5382 autem
2916 5342 3036 5380 cum
3065 5325 3302 5395 pecuniis
3328 5323 3558 5378 animam
3609 5335 3746 5392 quo-

2171 5438 2275 5493 que
2332 5421 2713 5492 profuderunt.
2737 5419 2856 5488 Qui,
2887 5419 3076 5490 inquit,
3132 5414 3222 5489 pro
3268 5417 3440 5471 anima
3478 5430 3590 5468 mea
3625 5435 3750 5472 suas

2173 5513 2382 5567 cervices
2402 5519 2771 5583 supposuerunt
2802 5509 2977 5581 (Rom.
3009 5511 3095 5564 16.
3119 5510 3197 5580 ι).
3251 5508 3326 5562 De
3372 5506 3493 5560 aliis
3539 5518 3751 5575 quoque

2173 5605 2414 5659 scribens
2441 5601 2686 5657 dicebat:
2713 5601 2775 5656 Si
2805 5601 3069 5671 possibile,
3117 5599 3314 5667 inquit,
3361 5597 3554 5661 fuisset,
3581 5593 3754 5648 ocios

2180 5705 2366 5750 restros
2391 5688 2714 5759 e/fodissctis,
2738 5700 2784 5746 et
2811 5691 3071 5746 dedissetis
3093 5689 3215 5742 mihi
3239 5688 3376 5758 (Gal.
3407 5689 3458 5741 1.
3493 5685 3598 5756 15).
3631 5684 3754 5738 Pur-
