4112 6208
379 263 478 320 2Ιί

380 375 594 445 Ἦλθες
621 372 740 432 ὦδε
761 375 876 447 πρὸ
901 377 1130 446 καιροῦ,
1153 376 1493 441 βασανίσαι
1531 373 1720 443 ἠμᾱςς
1754 368 1949 427 E110!-

379 481 474 517 νυν
501 461 672 515 ταῦτα
696 461 841 526 τότε,
877 463 1007 516 ὅταν
1036 459 1436 532 παραγένηται,
1465 459 1560 512 καὶ
1596 459 1654 512 αἱ
1696 457 1953 527 δυνάμεις

375 545 486 601 τῶν
517 543 766 615 οὐρανῶν
794 544 1147 608 σαλεύωνται,
1202 544 1295 598 καὶ
1339 545 1368 596 6
1411 541 1564 612 ἥλιος
1599 539 1951 610 μεταστραφῇ

380 633 464 696 εἰς
490 629 701 694 σκότος,
731 627 824 682 καί
862 629 896 699 ἡ
928 629 1125 698 σελήνη
1160 627 1222 680 οὑ
1249 625 1411 680 δώσει
1443 625 1505 679 τὸ
1543 624 1655 694 φῶς
1683 622 1872 693 αὑτῆς,
1899 619 1953 673 τί

383 714 568 784 ἐροῦσι
606 722 655 778 ·;
717 711 819 766 Διά
873 710 1033 766 τοῦτό
1085 727 1274 783 φησιν’
1304 712 1625 779 Ὕψιστος,
1682 705 1951 776 φοϐερός.

383 797 600 852 κάλλον
623 795 700 858 δὲ,
723 793 777 848 τί
819 795 883 849 ἀν
901 811 986 858 τις
1009 793 1158 859 ἀξιον
1187 791 1352 858 εἴποι,
1375 792 1475 863 τὴν
1503 791 1716 863 ἡμέραν
1737 788 1953 858 ἐκείνην

385 878 762 951 διηγούμενος,
794 878 924 931 ὅταν
968 877 1157 949 πέμπῃ
1196 877 1319 940 τοὺς
1366 875 1633 944 ἀγγέλους
1681 868 1954 939 πανταχοῦ

385 965 489 1034 τῆς
515 961 867 1034 οἰκουμένης,
894 961 1020 1014 ὅταν
1045 961 1221 1014 πάντα
1254 959 1488 1030 σείηται,
1521 958 1652 1010 ὃταν
1677 958 1712 1025 ή
1741 954 1814 1023 γῆ
1842 952 1962 1006 κλο-

389 1050 546 1120 νῆται
583 1047 680 1117 την
719 1043 1192 1117 παρακαταθήκην
1224 1043 1331 1098 τῶν
1367 1041 1578 1114 νεκρῶν
1612 1035 1960 1120 ἀποδιδοῦσα,

391 1119 519 1187 ὅταν
565 1134 635 1184 τά
675 1130 841 1201 μυρία
887 1127 1112 1198 σώματα
1165 1127 1470 1199 ἐγείρηται,
1506 1126 1636 1179 ὃταν
1672 1123 1704 1176 6
1729 1119 1962 1188 οὑρανδς

395 1213 766 1284 συστέλληται,
795 1211 1045 1282 καθάπερ
1072 1227 1125 1264 τι
1154 1209 1567 1279 καταπέτασμα
1601 1201 1965 1270 συστελλόμεο

392 1315 516 1354 νον·
547 1299 674 1352 ὅταν
711 1297 773 1350 τὸ
818 1297 966 1367 βῆμα
999 1295 1218 1366 τιθῆται
1249 1295 1310 1348 τδ
1342 1292 1598 1363 φοϐερὸν,
1629 1289 1756 1343 ὅταν
1780 1289 1828 1340 οἰ
1864 1302 1964 1339 που

392 1381 556 1453 ταμοὶ
585 1379 679 1433 τοῦ
712 1379 880 1450 πυρὸς
903 1378 1189 1440 έλκωνται,
1221 1377 1349 1430 ὅταν
1381 1376 1440 1428 αἰ
1483 1372 1659 1441 βίϐλοι
1701 1369 1966 1453 ἀνοίγων-

390 1451 506 1529 ται,
530 1465 659 1518 ὅταν
685 1463 899 1532 ἑκάστῳ
923 1461 992 1516 τὰ
1016 1463 1075 1514 ἐν
1105 1460 1280 1529 σκότῳ
1309 1455 1672 1528 πεπραγμένα
1699 1454 1779 1516 εἰς
1803 1451 1965 1524 μέσον

392 1549 538 1620 ἀγῃ·
568 1547 697 1600 ὅταν
735 1547 792 1599 αἰ
841 1544 1109 1616 ἀφόρητοι
1143 1541 1396 1604 κολάσεις
1435 1540 1640 1594 ἐκεῖναι
1675 1536 1772 1590 καὶ
1794 1552 1966 1620 τιμωσ

399 1619 534 1702 ρίαι,
555 1630 682 1683 ὅταν
709 1629 766 1682 αί
785 1627 1144 1698 ἀπειληφόροι
1171 1624 1446 1694 δυνάμεις,
1470 1623 1596 1674 ὅταν
1621 1621 1675 1672 αἰ
1697 1619 1963 1702 ρομφαῖαι

397 1699 758 1783 ἐσπασμέναι,
807 1711 936 1764 ὅταν
971 1710 1029 1761 αἰ
1061 1707 1196 1778 πρὸς
1231 1705 1329 1778 τὴν
1377 1703 1600 1773 γέενναν
1642 1699 1960 1783 ἀπαγωγαίξ

396 1797 526 1849 ὅταν
557 1781 736 1848 πάντα
771 1791 839 1846 τά
870 1790 1158 1860 ἀξιώματα
1191 1788 1402 1858 λύηται,
1439 1786 1534 1839 καὶ
1566 1783 1851 1853 βασιλέων,
1872 1781 1968 1835 καὶ
1999 1785 2004 1792 “

396 1875 738 1948 στρατηγῶν,
769 1875 864 1928 καὶ
891 1871 1136 1934 ὑπάτων,
1167 1871 1262 1924 καὶ
1296 1870 1560 1940 ὑπάρχων
1579 1882 1592 1896 ⁸
1631 1867 1762 1921 ὅταν
1787 1863 1970 1918 10006-

387 1946 481 2024 10;
508 1946 682 2030 δῆμος
710 1957 960 2026 ἀγγέλων
995 1957 1166 2028 παρῇ,
1198 1956 1327 2009 ὅταν
1353 1953 1610 2022 τάγματα
1652 1946 1966 2030 μαρτύρων,

389 2029 706 2116 προφητῶν,
757 2040 1092 2103 ἀποστόλων,
1142 2037 1358 2112 ἱερέων,
1404 2033 1676 2108 μοναχῶν,
1727 2034 1857 2087 ὅταν
1899 2029 1972 2084 τά

389 2128 599 2183 ἔπαθλα
631 2128 816 2180 ἐκεῖνα
854 2124 924 2178 τά
967 2123 1277 2195 ἀπόρρητα,
1306 2122 1436 2175 ὅταν
1470 2117 1720 2190 βραδεῖα,
1764 2117 1893 2169 ὅταν
1919 2116 1970 2168 οί

393 2212 652 2279 στέφανοι
681 2247 698 2276 ,
754 2209 882 2264 ὅταν
934 2205 1004 2262 τά
1059 2204 1243 2276 ἀγαθά
1295 2203 1366 2257 τά
1433 2200 1830 2275 ὑπερϐαίνοντα
1881 2199 1974 2255 τὸν

392 2313 517 2350 νουν
537 2310 554 2358 ;

468 2375 619 2448 [19]]
636 2374 806 2444 γ’.Τίς
822 2372 1160 2444 παραστήσει
1175 2370 1333 2426 τοῦτο
1350 2370 1527 2440 3.670;;
1546 2369 1611 2423 Εἰ
1625 2367 1735 2440 γὰρ
1747 2367 1846 2440 τὴν
1861 2367 1976 2420 κτί-

400 2477 487 2515 σιν
519 2458 685 2512 ἐπιὼν
709 2461 739 2514 6
760 2457 1074 2529 Προπτης,
1097 2455 1374 2526 ἀπέκαμε,
1397 2455 1491 2509 καὶ
1520 2454 1862 2525 ἀπεπήδησε,
1890 2453 1977 2506 λέ-

403 2556 538 2610 γων·
581 2541 682 2606 Ὦς
713 2540 1083 2609 ἑμεγαλύνθη
1115 2538 1188 2592 τὰ
1212 2541 1354 2608 ἔργα
1379 2556 1518 2604 σου,
1545 2541 1724 2608 Κύριε
1741 2555 1756 2570 °
1801 2538 1896 2591 καὶ
1920 2535 1978 2588 ἓν

407 2621 551 2686 εἶδος
571 2623 663 2676 ἀνε
672 2620 874 2694 ρευνῶν
899 2624 1154 2692 προνοίας
1174 2623 1204 2674 6
1221 2621 1433 2685 Παῦλος
1459 2621 1690 2692 ἐϐόησεν
1703 2618 1892 2674 εἰπών·
1913 2617 1978 2670 Ὢ

397 2709 595 2774 ,βάθος
634 2706 901 2760 πλούτου
922 2721 938 2736 °
972 2704 1024 2758 τί
1053 2705 1118 2759 ἀν
1153 2723 1237 2769 τις
1271 2704 1435 2770 εἴποι,
1465 2706 1565 2776 τὴν
1591 2703 1802 2776 ἡμέραν
1835 2699 1981 2756 ἐκεί-

403 2808 504 2860 νην
536 2789 901 2860 ὑπογράφωνς
940 2787 1124 2842 Ταῦτα
1171 2787 1386 2842 ἅπαντα
1427 2787 1664 2857 προϊδὼν
1697 2788 1724 2840 6
1759 2785 1982 2858 Προφή-

401 2891 527 2944 της,
573 2873 726 2940 έλεγε
745 2887 762 2902 ·
800 2869 1019 2939 Κύριος
1060 2871 1342 2939 ῠψιστος,
1379 2870 1651 2940 φοϐερὸς,
1681 2866 1983 2934 ,βασιλεὺς

400 2957 592 3026 μένας
622 2955 724 3010 ἐπὶ
765 2953 976 3008 πᾶσαν
1005 2953 1120 3022 τὴν
1151 2953 1290 3023 γῆν,
1332 2954 1429 3025 τὴν
1460 2953 1842 3024 οίκουμενικὴν
1876 2969 1984 3004 σω-

402 3039 597 3111 τηρίαν
627 3036 928 3106 ἐμφαίνων.
951 3032 1059 3090 Ἦν
1093 3037 1192 3107 μὲν
1217 3031 1310 3092 οὖν
1340 3037 1434 3090 καὶ
1471 3036 1579 3108 πρὸ
1610 3036 1802 3090 τούτου
1834 3034 1984 3104 βασιο

404 3120 531 3184 λεὺς
569 3119 768 3191 μέγας,
807 3119 924 3173 ἀλλ’
965 3120 1233 3188 ἠγνοεῖτο.
1271 3119 1325 3172 '0
1353 3117 1460 3190 γὰρ
1518 3120 1746 3188 κόσμος
1771 3116 1847 3171 δι’
1873 3117 1983 3170 αὑ-

405 3202 514 3256 τοῦ
538 3202 792 3271 ἐγένετο,
832 3201 932 3256 καί
969 3204 1002 3255 ό
1036 3203 1264 3271 κόσμος
1289 3203 1474 3256 αὐτόν
1500 3203 1609 3255 οὐκ
1635 3201 1806 3270 ἐγνω,
1846 3199 1984 3253 Νυνὶ

409 3287 468 3340 δέ
496 3287 591 3339 καὶ
622 3283 782 3338 τοῦτο
811 3284 1164 3356 κατώρθωσε,
1205 3285 1283 3348 ώς
1311 3284 1402 3338 καὶ
1435 3285 1622 3339 κατάὶθ
1653 3284 1750 3356 τὴν
1767 3283 1984 3338 οἰκείωο

415 3387 501 3423 σιν
529 3369 684 3440 ἡμῶν
709 3367 962 3438 γενέσθαι
991 3367 1244 3439 βασιλεὺς
1279 3368 1471 3437 μέγας.
1501 3369 1628 3432 Πῶς
1659 3367 1768 3440 γὰρ
1795 3369 1856 3422 οὑ
1885 3369 1985 3438 μέ-

411 3471 538 3523 γας,
568 3455 597 3506 6
624 3452 862 3524 πένητας
889 3453 1078 3517 άλιεῖς,
1099 3452 1521 3522 ἀγραμμάτους,
1552 3450 1766 3515 ἰδιώτας
1791 3451 1988 3528 ἕνδεκα

410 3538 504 3591 τὸν
533 3535 788 3608 ἀριθμὸν,
838 3537 1104 3606 ἀσήμους,
1141 3535 1421 3601 ἀπόλιδας,
1480 3533 1681 3606 ἰχθύων
1709 3534 1984 3604 ἀφωνοτέ-

416 3640 564 3695 ρους,
595 3619 984 3693 μονοχίτωνας,
1013 3617 1393 3684 ἀνυποδέτους,
1421 3620 1682 3690 γυμνοὺς,
1708 3617 1984 3689 πανταχοῦ

413 3705 513 3776 τῆς
544 3702 868 3776 οἰκουμένης
889 3701 1238 3766 ἀποστείλας,
1257 3702 1351 3756 καί⁸
1380 3701 1570 3774 ὥσπερ
1598 3702 1660 3770 ἐξ
1681 3703 1989 3773 ἐπιτάγμα-

413 3803 506 3851 τος
534 3787 740 3850 πάντας
771 3783 980 3851 λαϐών;
1013 3783 1185 3838 Τοῦτο
1229 3783 1446 3856 ἀληθῶς
1484 3783 1737 3856 βασιλεὺς
1777 3786 1985 3856 μέγας⁹

413 3875 444 3926 6
469 3870 567 3943 τὴν
599 3869 925 3942 οἰκουμένην
969 3867 1072 3938 τῆς
1132 3868 1339 3938 πλάνης
1386 3869 1719 3940 ἐκκαθάρας,
1759 3871 1854 3924 καὶ
1888 3869 1988 3941 τὴν

415 3955 672 4028 ἀλήθειαν
715 3949 1075 4021 ἐπαναγαγὼν
1098 3952 1158 4004 ἐν
1187 3950 1415 4023 βραχείᾳ
1448 3953 1640 4024 καιροῦ
1685 3955 1847 4024 ῥοπῇ,
1895 3955 1991 4008 καὶ

416 4037 512 4092 τοῦ
543 4037 790 4093 διαϐόλου
812 4037 912 4108 τὴν
939 4033 1232 4105 τυραννίδα
1262 4033 1504 4088 καθελών
1520 4051 1534 4065 ·
1565 4038 1595 4088 6
1630 4036 1725 4090 καὶ
1750 4035 1858 4108 πρὸ
1879 4035 1990 4091 τῶν

419 4121 674 4193 ὑπηκόων
715 4119 889 4191 μέγας
931 4115 1206 4189 βασιλεὺς,
1250 4115 1350 4170 οὑκ
1384 4117 1442 4170 ἐν
1466 4119 1578 4180 τοῖς
1615 4117 1820 4182 δούλοις
1851 4118 1992 4189 ἔχων

417 4205 518 4275 τῆς
547 4203 724 4274 ἀρχῆς
749 4203 848 4274 τὴν
875 4201 1050 4272 ἰσχὺν,
1099 4200 1200 4254 οὑκ
1231 4199 1290 4252 ἐν
1321 4199 1561 4270 σχήματι
1603 4201 1697 4254 καὶ
1737 4201 1991 4272 ἱματίοις,

419 4287 532 4340 ἀλλ’
564 4289 620 4340 ἐν
648 4287 784 4356 αὑτῇ
820 4287 886 4356 τῇ
931 4283 1111 4354 φύσει.
1151 4280 1294 4352 Ἐγὼ
1320 4280 1451 4352 γὰρ,
1479 4283 1665 4354 φησὶν,
1695 4285 1784 4349 εἰς
1818 4282 1994 4338 τοῦτο

419 4369 760 4439 γεγένημαι.
781 4367 950 4421 Τοῦτο
982 4365 1236 4436 βασιλεὺς
1265 4365 1436 4435 μέγας
1453 4381 1468 4396 ο
1502 4366 1533 4418 6
1562 4365 1640 4436 μὴ
1672 4364 1996 4420 ἐπείσακτον

421 4453 560 4526 έχων
582 4454 683 4525 τὴν
702 4454 889 4524 τιμὴν,
927 4453 958 4506 6
987 4449 1212 4522 μηδενὸς
1241 4449 1492 4520 δεόμενος
1519 4449 1607 4504 ἴνα
1721 4449 1992 4520 βασιλεὺς,

419 4538 450 4590 6
480 4536 662 4590 πάντα
707 4534 879 4589 ποιῶν
919 4535 1020 4588 ὅσα
1071 4532 1337 4604 βούλεται.
1389 4531 1790 4599 Πορευθέντες
1863 4531 1992 4603 γὰρ,

423 4619 576 4688 φησὶ,
602 4617 1017 4686 μαθητεύσατε
1065 4614 1263 4670 πάντα
1307 4612 1380 4668 τὰ
1418 4615 1563 4683 ἔθνη
1582 4629 1596 4644 ’
1631 4614 1726 4669 καὶ⁸
1771 4616 1800 4668 6
1839 4613 1994 4683 λόγος

423 4703 584 4774 ἔργον
619 4703 856 4770 ἐγένετο.
902 4699 1084 4764 Θέλω,
1119 4699 1527 4766 καθαρίσθητι.
1566 4699 1668 4754 Σοί
1699 4697 1877 4768 λέγω,
1925 4697 1994 4752 τὸ

422 4785 732 4853 δαιμόνιον
780 4784 848 4838 τό
899 4783 1122 4852 κωφόν,
1161 4781 1370 4847 ἔξελθε
1407 4781 1509 4836 ἀπ’
1535 4781 1742 4838 αὑτοῦ.
1775 4781 1992 4846 Σιώπα,

423 4867 756 4937 πεφίμωσο.
790 4867 1126 4936 Πορεύεσθε
1166 4867 1253 4931 εἰς
1292 4864 1355 4918 τὸ
1385 4863 1503 4932 πῦρ
1533 4864 1600 4918 τὸ
1647 4863 1998 4934 ἡτοιμασμέ-

423 4965 536 5002 νον
571 4949 652 5015 τῷ
678 4949 953 5014 διαϐόλῳ.
970 4947 1168 5012 Δεῦτε,
1194 4945 1686 5016 κληρονομήσατε
1702 4947 1818 5016 τὴν
1836 4947 1997 5014 ἡτοι-

419 5031 740 5101 μασμένην
781 5031 922 5101 ὑμῖν
963 5030 1290 5096 ,βασιλείαν
1344 5029 1456 5099 πρὸ
1487 5027 1824 5098 καταϐολῆς
1855 5031 1996 5084 κόσ-

419 5132 562 5186 μου.
607 5117 770 5188 Ὁρᾷς
815 5113 1088 5186 πανταχοῦ
1134 5112 1232 5184 τὴν
1269 5111 1552 5178 ἐξουσίαν;
1591 5112 1725 5183 ὁρᾷς
1767 5112 1864 5182 τὴν
1904 5111 1996 5165 δύ-

425 5215 612 5270 ναμιν;
635 5199 791 5254 Οῦτω
813 5200 919 5270 γάρ
949 5194 1061 5252 εἷλε
1094 5198 1220 5262 τοὺς
1250 5197 1685 5260 ὑπακούσαντας,
1715 5196 1791 5260 ὡς
1816 5199 2002 5250 πεῖεαι

423 5281 525 5353 τὴν
552 5282 730 5353 ψυχὴν
768 5283 1028 5354 προέσθαι
1068 5282 1290 5351 μᾶλλον,
1329 5281 1363 5352 ἢ
1390 5280 1450 5334 τὸ
1477 5279 1767 5351 ἐπιταχθὲν
1799 5279 2002 5352 παρελσ

429 5363 564 5418 θεῖν.
601 5361 659 5416 ’0
691 5363 789 5434 μὲν
813 5365 922 5436 γάρ
953 5359 1206 5435 βασιλεῦς
1247 5364 1376 5436 παρ’
1405 5362 1583 5418 αὑτῶν
1607 5363 1716 5417 τῶν
1748 5364 2004 5434 ὑπηκόων

489 5541 516 5602 9
549 5541 630 5589 Sic
648 5555 762 5590 mss.
793 5548 843 5590 ei
865 5540 1015 5602 Savil.
1037 5539 1099 5589 At
1121 5539 1297 5602 More).
1320 5545 1377 5602 τῇ
1403 5537 1859 5602 ἐροῦσιδῐιοηᾶοςο.

497 5601 526 5640 ι·
559 5602 729 5652 Hor-el.
751 5601 938 5652 omillil
975 5603 1056 5661 ὡς,
1077 5601 1207 5662 quod
1248 5601 1328 5651 hic
1351 5599 1742 5664 desiderabatur,
1765 5609 1816 5652 ει
1838 5607 1913 5650 εει
1959 5599 2008 5652 in

426 5674 543 5714 mss.
569 5671 622 5734 ei
641 5667 692 5714 in
713 5665 859 5714 Savil.

743 5739 1019 5800 ἰἈτιιοι..
1069 5738 1186 5801 Gn.
1236 5740 1362 5807 LV.

1473 257 1840 318 EXPOSITIO
1877 256 1944 312 IN
1985 256 2314 317 PSALMUM
2354 261 2543 323 XLVI.

3523 268 3632 327 ΞΗ

2054 369 2164 442 ἔχει
2201 373 2302 439 τὰς
2327 377 2527 447 τιμάς·
2561 371 2718 444 οὗτος
2743 379 2801 434 δέ
2834 380 2948 445 τοῖς
2980 377 3242 453 ὑπηκόοις
3267 380 3496 454 παρέχει
3531 387 3634 456 τὴν
3665 437 3684 454 ,

2050 457 2236 527 τιμήν.
2279 460 2378 513 Διά
2424 459 2488 531 δὴ
2533 461 2711 528 τοῦτο,
2734 463 2898 516 τοῦτο
2930 463 3032 534 μὲν
3061 465 3234 536 ³Σνομςι
3271 465 3432 536 μόνον
3458 468 3631 532 ἐστὶν,

2052 539 2228 592 ἐκεῖνο
2255 540 2312 593 δὲ
2346 544 2598 614 πρᾶγμα.
2616 544 2879 607 Βασιλεὺς
2909 546 3084 616 μέγας
3111 557 3159 611 ε,
3177 546 3237 610 6;
3258 548 3356 618 τὴν
3385 550 3637 620 οἰκουμέ-

2052 639 2150 692 νην
2180 621 2398 678 ἀπασαν
2420 627 2642 696 οὐρανὸν
2681 627 2926 700 ἐποίησε,
2954 629 3050 683 καὶ
3076 628 3387 700 βαρϐάρους
3421 631 3638 701 φιλοσο-

2054 706 2176 773 φεῖν
2207 706 2607 776 παρεσκεύασε,
2639 710 2734 763 καί
2756 711 3023 780 ἀγγέλους
3054 713 3342 783 μιμεῖσθαι
3365 713 3640 785 προύτρε-

2053 787 2175 856 ψεν.
2205 788 2481 854 Ὑπέταξε
2537 792 2726 859 λαοὺς
2770 793 2932 864 ἡμῖν,
2989 796 3089 848 καί
3133 795 3278 863 ἔθνη
3331 796 3452 849 ὑπὸ
3497 794 3640 864 τοὺς

2056 871 2249 938 πόδας
2270 872 2459 943 ἡμῶν.
2487 876 2551 928 ’Ὠ
2565 875 2660 929 τοῦ
2693 875 2970 947 θαύματος
2992 878 3008 930 ἰ
3031 877 3177 940 Τοὺς.
3196 895 3328 931 σταυ
3337 878 3638 950 ρώσαντας,

2057 951 2281 1018 τούτους
2325 955 2511 1010 ἔπεισε
2552 963 2901 1030 προσκυνεῖν,
2947 961 3074 1023 τοὺς
3122 961 3462 1032 ὑϐρίζοντας,
3511 965 3641 1028 τοὺς

2064 1037 2536 1110 βλασφημοῦντας,
2561 1043 2687 1106 τοὺς
2714 1043 2883 1106 λίθοις
2912 1044 3396 1115 προσηλωμένους,
3416 1046 3642 1111 τούτους

2063 1120 2271 1186 ἐδίδαξε
2308 1124 2403 1177 καὶ
2438 1123 2616 1194 ψυχὰς
2666 1125 2928 1197 προέσθαι
2957 1125 3102 1179 κατά
3147 1127 3206 1180 τδ
3241 1128 3390 1199 αὑτῷ
3427 1128 3639 1184 δοκοῦν.

2065 1203 2142 1256 Οὑ
2171 1203 2278 1275 γάρ
2297 1205 2407 1258 τῶν
2438 1207 2750 1261 ἀποστόλων
2784 1203 2854 1280 ἦν
2879 1208 2942 1262 τὸ
2981 1209 3336 1280 κατόρθωμα,
3370 1211 3508 1266 ἀλλά
3545 1211 3644 1266 τοῦ

2065 1287 2543 1356 προοδοποιοῦντος
2598 1291 2803 1358 αὑτοῖς,
2857 1290 2955 1344 καὶ
2997 1291 3099 1362 τὴν
3152 1290 3331 1344 αὐτῶν
3371 1293 3647 1358 κινοῦντος

2062 1369 2266 1440 ψυχήν.
2295 1371 2423 1435 Πῶς
2441 1372 2552 1445 γάρ
2578 1375 2606 1428 6
2637 1373 2821 1438 ἁλιεὺς
2849 1375 2882 1446 ἢ
2904 1376 2933 1428 6
2960 1374 3284 1446 σκηνοποιὸς
3297 1376 3565 1445 τοσαύτην
3581 1378 3648 1432 ἀν

2067 1453 2374 1526 μετέθηκαν
2393 1456 2736 1528 οἰκουμένην,
2759 1457 2876 1511 ἀλλ’
2895 1457 2928 1528 ἢ
2945 1457 3014 1511 τά
3035 1457 3244 1513 ἐκείνου
3271 1459 3492 1530 ῥήματα
3513 1459 3650 1514 πάν-

2063 1554 2134 1592 τα
2151 1537 2324 1592 ταῦτα
2340 1539 2648 1610 καθῄρειτά
2663 1539 2959 1612 κωλύματα
2979 1559 2994 1608 ;
3021 1541 3131 1595 Καὶ
3147 1542 3370 1612 γόητας,
3387 1544 3482 1597 καὶ
3497 1541 3646 1614 [I92]

2063 1621 2382 1690 τυράννους,
2406 1623 2500 1675 καὶ
2530 1624 2789 1696 ῥήτορας,
2810 1625 2906 1677 καὶ
2935 1623 3280 1694 φιλοσόφους,
3308 1625 3403 1678 καλ⁸
3432 1626 3643 1688 πάντας

2065 1704 2191 1768 τοὺς
2238 1705 2666 1777 ἀνθισταμένους
2715 1706 2970 1778 καθάπερ
3032 1706 3182 1760 κόνιν
3220 1706 3648 1770 ἀποσοϐοῦντες,

2067 1787 2162 1840 καὶ
2195 1789 2402 1843 καπνὸν
2421 1789 2750 1854 διαλύοντες,
2779 1789 2954 1854 οὑτως
2977 1789 3235 1862 έσπειραν
3258 1790 3358 1861 τῆς
3389 1789 3651 1861 ἀληθείας

2066 1869 2130 1924 τὸ
2160 1871 2296 1942 φῶς,
2335 1874 2434 1944 οὑχ
2467 1873 2676 1938 ὅπλοις,
2699 1874 2820 1928 οὑδέ
2842 1874 3146 1945 χρημάτων
3175 1874 3484 1946 περιουσίᾳ,
3512 1873 3652 1928 ἀλλά

2067 1952 2214 2026 λόγῳ
2247 1957 2578 2028 κεχρημένοι
2626 1957 2796 2029 ψιλῷ·
2842 1957 3046 2027 μᾶλλον
3087 1956 3145 2010 δέ
3183 1957 3282 2010 οὑκ
3321 1952 3392 2028 ἦν
3422 1956 3578 2026 ψιλὸς
3620 1959 3652 2010 6

2068 2035 2249 2106 λόγος,
2296 2038 2411 2093 ἀλλ’
2450 2039 2612 2111 ἔργον
2660 2039 2862 2104 παντὸς
2908 2037 3302 2110 δυνατώτερος.
3356 2039 3482 2102 Πῶς
3523 2035 3649 2105 06v;

2083 2120 2342 2176 Ἐκάλουν
2366 2122 2430 2176 τὸ
2459 2123 2630 2194 ὄνομα
2655 2122 2750 2193 τοῦ
2773 2121 3195 2194 σταυρωθέντες,
3233 2122 3327 2176 καὶ
3364 2123 3394 2175 6
3423 2122 3652 2186 θάνατος

2071 2203 2423 2275 ἐδραπέτευε,
2471 2209 2568 2260 καὶ
2606 2205 2860 2277 δαίμονες
2905 2205 3320 2276 ἐφυγαδεύοντο,
3371 2205 3654 2276 νοσήματα

2072 2288 2282 2354 ἐλύετο,
2313 2287 2489 2342 λῶϐαι
2532 2289 2804 2360 σωμάτων
2825 2287 3168 2360 διωρθοῦντο,
3199 2288 3369 2343 κακία
3401 2286 3654 2359 ἀπηλαύ-

2073 2389 2224 2436 νετο,
2273 2373 2509 2428 κίνδυνοι
2555 2371 2911 2444 ἠφανίζοντο,
2955 2373 3050 2428 καὶ
3099 2375 3332 2444 στοιχεῖα
3386 2371 3654 2445 μετεϐάλ-

2073 2460 2245 2516 λοντο.

2145 2545 2313 2598 Ὅταν
2339 2541 2434 2600 οὖν
2463 2545 2693 2615 λέγωσιν
2715 2543 3042 2618 ἡμῖν,Διάτί
3060 2543 3137 2617 μη
3154 2544 3448 2616 ἐϐοήθησεν
3475 2542 3655 2614 ἐαυτῷ

2079 2627 2172 2682 ἐπὶ
2199 2627 2293 2682 106
2327 2628 2594 2698 σταυροῦς
2635 2629 2795 2683 τοῦτο
2824 2629 3093 2698 λέγωμεν,
3139 2628 3223 2681 ὅτι
3261 2625 3415 2680 τοῦτο
3441 2627 3656 2696 θαυμα-

2080 2711 2331 2781 στότερον
2359 2705 2450 2782 ἦν.
2485 2711 2559 2762 Οὑ
2596 2710 2706 2782 γάρ
2731 2706 2802 2781 ἦν
2827 2709 2942 2763 ἴσον
2973 2712 3038 2763 ἐκ
3068 2709 3162 2762 τοῦ
3193 2708 3427 2779 σταυροῦ
3459 2708 3659 2764 κατελ-

2081 2793 2216 2860 θεῖν,
2246 2794 2338 2847 καί
2377 2793 2518 2865 μετά
2537 2797 2600 2847 τὸ
2626 2792 3005 2865 σταυρωθῆναι
3028 2791 3122 2843 έπλ⁵
3146 2789 3224 2860 τῷ
3243 2791 3467 2860 ὀνόματι
3490 2789 3658 2845 αὑτοῦ

2079 2877 2370 2942 τοσούτους
2395 2876 2701 2947 ἀναστῆσαι
2721 2873 2970 2945 νεκρούς.
2992 2874 3115 2929 Ὀτι
3139 2875 3248 2949 769
3269 2877 3362 2931 καὶ
3375 2876 3497 2928 τότε
3517 2873 3659 2928 ἐκὼν

2082 2962 2272 3034 ἔμενεν
2297 2959 2346 3027 δ,
2372 2962 2440 3016 ἐκ
2463 2959 2571 3014 τῶν
2599 2961 2736 3031 μετά
2772 2958 2946 3013 ταῦτα
2973 2958 3195 3026 ἔδειξεν.
3234 2963 3292 3014 'O
3323 2960 3430 3032 γάρ
3452 2957 3660 3028 ἑτέροις

2081 3043 2380 3098 ἐπελθόντα
2422 3043 2516 3098 τδν
2556 3043 2788 3097 θάνατον
2833 3040 3102 3108 ἐκϐαλὼν,
3145 3043 3324 3114 πολλῷ
3368 3041 3582 3113 μᾶλλον.
3602 3039 3664 3105 ἐξ

2081 3125 2300 3193 ἐαυτοῦ,
2327 3125 2509 3198 πρὶνῆ
2535 3126 2804 3190 ἐπελθεῖν,
2827 3123 3254 3196 διακρούσασθαι
3278 3125 3527 3195 ἠδύνατον
3567 3125 3664 3176 καὶ

2081 3213 2111 3266 6
2135 3210 2344 3282 ἐτέροις
2384 3209 2643 3282 παρέχων
2669 3208 2834 3280 ζωὴν,
2857 3207 3038 3280 πολλῷ
3068 3209 3267 3280 μᾶλλον
3289 3207 3468 3278 ἐαυτῷ
3491 3224 3666 3276 παρα-

2086 3296 2234 3365 σχεῖν
2261 3292 2492 3363 ἠδύνατο
2508 3308 2526 3324 ⁸
2557 3293 2695 3362 ὅπερ
2721 3293 2815 3345 καὶ
2848 3291 3072 3363 ἐποίησε
3104 3292 3244 3362 μετὰ
3269 3293 3420 3362 τρεῖς
3445 3289 3666 3361 ἡμέρας

2084 3376 2329 3448 ἐγερθεὶς
2360 3378 2426 3431 ἐκ
2457 3375 2657 3446 πολλῆς
2683 3375 2785 3446 τῆς
2818 3375 3157 3447 περιουσίας.
3213 3376 3324 3431 Καὶ
3379 3375 3540 3429 τοῦτο
3576 3373 3668 3428 διὰ

2083 3459 2192 3514 τῶν
2220 3458 2361 3532 μετά
2393 3459 2571 3514 ταῦτα
2613 3457 2832 3525 ιδειξεν.
2860 3458 3028 3513 Ὅταν
3070 3458 3180 3530 γάρ
3213 3458 3274 3513 τὸ
3299 3457 3468 3529 ὄνομα
3501 3455 3666 3511 αὑτοῦ

2085 3544 2178 3597 ἐπὶ
2238 3543 2506 3614 σωμάτων
2548 3539 2846 3614 ἀλλοτρίων
2896 3541 3160 3610 φαίνηται
3213 3541 3483 3612 τοσαύτην
3547 3540 3668 3610 εχον

2090 3625 2262 3696 ἰσχὺν,
2297 3625 2374 3689 ώς
2415 3624 2748 3696 καλούμενον
2795 3623 3130 3693 φυγαδεῦσαι
3171 3623 3264 3677 τὸν
3303 3623 3554 3685 θάνατον,
3584 3622 3670 3675 οὑ-

2084 3709 2197 3774 δείς
2237 3709 2598 3780 ἀμφιϐάλλειν
2646 3707 2848 3762 δύναιτ’
2883 3708 2971 3772 ἀν,
3011 3708 3095 3761 ὅτι
3140 3708 3236 3760 καὶ
3265 3707 3323 3761 ἐν
3367 3705 3447 3776 τῷ
3483 3705 3671 3775 οἰκείῳ

2087 3791 2288 3863 πολλὴν
2319 3791 2382 3845 ἀν
2407 3791 2507 3864 τὴν
2531 3793 2686 3863 ἰσχὺν
2706 3789 3039 3856 ἐπεδείξατο,
3085 3788 3181 3843 καὶ
3210 3788 3300 3841 τὸν
3318 3788 3548 3842 θάνατον
3571 3787 3671 3838 ὑπο

2087 3873 2602 3941 έταξεν.⁹Υπέταεε
2637 3873 2828 3938 λαοὺς
2851 3872 3015 3941 ἡμῖν,
3046 3871 3146 3926 καὶ
3185 3871 3330 3938 ἔθνη
3363 3869 3484 3925 ὑπὸ
3527 3869 3670 3934 τοὺς

2088 3959 2280 4025 πόδας
2312 3955 2652 4026 ήμῶν-,Ὅρα
2682 3955 2776 4008 τοῦ
2803 3955 3090 4024 Προφήτου
3116 3955 3216 4024 τὴν
3251 3953 3467 4023 σοφίαν,
3492 3952 3672 4006 πάντα

2093 4039 2234 4114 μετὰ
2261 4039 2547 4108 ἀκριϐείας
2575 4037 2850 4104 λέγοντος.
2882 4036 2948 4087 Ὅ
2977 4035 3088 4104 γάρ
3118 4034 3256 4104 μετά
3287 4034 3460 4088 ταῦτα
3485 4035 3673 4100 ελεγον

2090 4126 2142 4182 οἱ
2171 4120 2461 4177 ἀπόστολοι
2521 4119 2583 4174 Τί
2610 4117 2754 4187 ἡμῖν
2794 4114 3123 4184 προσέχετε
3158 4125 3205 4180 ε,
3225 4116 3308 4180 ὠς
3345 4115 3465 4182 ἰδίᾳ
3497 4115 3675 4168 δυνά-

2087 4224 2186 4277 μει
2212 4205 2251 4274 ἢ
2277 4202 2554 4270 εὐσεϐείᾳ
2578 4199 2941 4268 πεποιηκόσι
2967 4197 3076 4254 τοῦ
3096 4196 3444 4266 περιπατεῖν
3464 4199 3675 4258 αὑτόνς

2092 4289 2254 4342 τοῦτο
2285 4285 2491 4341 ἀνωθεν
2517 4286 2543 4338 ό
2581 4283 2871 4356 Προφήτης
2904 4281 3074 4350 λέγει.
3113 4281 3189 4335 Τὸ
3219 4279 3300 4344 δέ,
3337 4279 3484 4333 Ὑπὸ
3533 4277 3676 4342 τοὺς

2093 4372 2308 4438 πόδας,
2337 4369 2400 4424 τὸ
2424 4367 2864 4438 ὑποτεταγμένον
2901 4365 3071 4437 δηλοῖ,
3097 4364 3298 4436 μᾶλλον
3324 4363 3381 4417 δέ
3407 4362 3506 4433 τὴν
3544 4361 3678 4414 πολ-

2094 4455 2195 4527 λὴν
2225 4454 2524 4524 ὑποταγὴν.
2555 4451 2668 4506 Καὶ
2714 4452 2765 4505 εἰ
2805 4449 2984 4521 βούλει
3032 4449 3224 4521 μαθεῖν
3247 4449 3347 4521 τῆς
3392 4445 3676 4515 ὑποταγῆς

2092 4539 2194 4610 τὴν
2229 4536 2496 4600 ἐπίτασιν,
2543 4533 2994 4590 ἀκουσονοὌσοι
3023 4533 3327 4602 κτήτορες,
3374 4531 3528 4602 φησί,
3561 4547 3676 4600 χω-

2086 4623 2239 4690 ρίων
2269 4619 2309 4690 ἢ
2336 4617 2537 4675 οἰκιῶν
2568 4619 2588 4656 ί
2620 4617 2924 4686 ὑπῆρχον,
2951 4616 3296 4682 πωλοῦντες
3327 4615 3545 4684 ἔφερον
3571 4614 3676 4681 τὰς

2094 4705 2268 4774 τιμὰς
2294 4702 2413 4758 τῶν
2427 4700 2952 4772 πιπρασκομένων,
2983 4699 3082 4754 καί
3102 4699 3343 4755 ἐτίθουν
3359 4697 3518 4768 παρὰ
3535 4699 3676 4764 τοὺς

2097 4786 2290 4854 πόδας
2318 4785 2436 4842 τῶν
2463 4786 2845 4840 ἀποστόλων.
2872 4783 3087 4855 Ἐτεροι
3125 4782 3182 4837 δέ
3228 4783 3366 4856 μετά
3395 4781 3502 4838 τῶι
3541 4798 3676 4855 χρη-

2099 4872 2304 4942 μάτων,
2336 4870 2430 4924 καὶ
2450 4869 2550 4940 τὴν
2575 4866 2750 4939 ψυχὴν
2771 4867 3042 4940 προΐεντο.
3077 4867 3306 4934 Οῖτινες
3335 4865 3464 4940 γὰρ,
3493 4866 3677 4936 φησιν,

2097 4954 2250 5022 ὑπὲρ
2291 4952 2404 5021 τῆς
2437 4950 2650 5020 ψυχῆς
2684 4967 2804 5020 μου
2852 4948 2959 5004 τόν
2989 4948 3219 5004 ἑαυτῶν
3245 4950 3550 5020 τράχηλοι·
3573 4949 3682 5000 ὐπ-

2097 5035 2342 5103 ἐθηκαν.
2375 5035 2484 5087 Καὶ
2513 5033 2642 5104 περὶ
2673 5033 2872 5103 ἐτέρων
2896 5029 2954 5085 δέ
2977 5031 3205 5104 γράφων
3233 5032 3438 5099 ἔλεγεν,
3465 5031 3606 5088 Ὅτι,
3627 5030 3680 5080 εἰ

2100 5116 2382 5180 δυνατόν,
2415 5115 2559 5180 τοὺς
2583 5115 2930 5185 ὀφθαλμοὺς
2987 5113 3155 5184 ὑμῶν
3181 5111 3578 5180 ἐξορύξαντες
3602 5108 3682 5161 ἂν

2102 5197 2360 5254 ἐδώκατέ
2407 5215 2530 5268 μοι.
2562 5197 2674 5252 Καὶ
2716 5197 3023 5269 Κορινθίοις
3053 5198 3110 5250 δὲ
3141 5194 3469 5249 ἐπιστέλλων
3499 5191 3680 5260 ἔλεγον

2165 5356 2190 5386 ⁸
2217 5353 2387 5416 Mog‘el.
2438 5359 2492 5403 et
2535 5354 2686 5404 Savil.
2731 5355 2884 5416 μέγας
2914 5352 3068 5416 οὗτος,
3102 5347 3192 5399 sed
3233 5346 3370 5402 οὗτος
3389 5343 3677 5400 fereamss.

2105 5415 2277 5478 abest,
2292 5415 2500 5478 Legitur
2525 5421 2687 5465 tamen
2712 5413 2764 5464 in
2786 5413 3088 5464 Colberiino.

2169 5475 2196 5514 ά
2224 5481 2265 5540 Α
2269 5477 2320 5524 lii
2343 5475 2584 5540 ὑπέμενεν..

2173 5541 2196 5567 ε
2224 5537 2394 5586 Morel.
2420 5529 2473 5601 ἐι
2491 5537 2576 5586 alii
2595 5538 2859 5601 προσέχεις.
2882 5533 3035 5601 Savi‘l.
3056 5531 3264 5596 ἐξουσία.
3292 5531 3445 5583 Paulo
3466 5538 3576 5595 post
3590 5529 3673 5582 alii

2108 5600 2163 5648 τὸ
2184 5600 2544 5660 ὑποτεταμένον,
2571 5594 2654 5649 αἰξὶ
2679 5598 2736 5646 τὸ
2747 5594 3096 5660 ’ἰαίνεταμένοντ

2179 5658 2198 5698 ί
2224 5659 2304 5710 Sic
2325 5656 2510 5724 legitur
2531 5656 2580 5709 in
2605 5660 2757 5711 Actis.
2783 5656 2957 5708 Morel.
2981 5656 3169 5722 χωρίων
3193 5656 3396 5706 οἰκείων.

3265 5743 3338 5802 13
