4112 6208
475 254 577 312 913

477 370 625 425 road
670 367 975 424 Corinthios
1013 383 1222 440 quoque
1265 368 1505 424 scribens
1544 368 1751 425 dicebat
1800 372 2029 427 Paulus:

478 459 608 515 Ecce
638 460 769 514 enim
798 461 892 513 lsoc
928 459 1091 531 ipsum
1134 460 1403 514 secundum
1439 459 1599 513 Deum
1642 460 1848 514 tristitia
1886 462 2034 531 allici,

472 560 711 619 quantum
731 551 783 604 in
808 551 944 605 vobis
962 551 1182 605 studium
1207 549 1371 618 eiecit
1398 568 1417 612 :
1444 552 1546 605 imo
1585 552 1889 622 apologiam,
1936 553 2036 607 imo

471 643 885 714 indignationem,
914 643 1014 697 imo
1041 644 1282 709 timorem,
1305 643 1404 696 imo
1417 642 1732 709 desiderium,
1762 644 1863 697 imo
1883 659 2038 698 temu-

473 733 733 799 lationem,
764 734 867 787 imo
905 733 1175 787 vindictam
1200 732 1220 805 (
1237 735 1273 787 2
1302 732 1417 787 Cor.
1443 734 1495 787 7.
1532 733 1591 787 11
1615 734 1669 802 ):
1700 748 1865 804 usque
1902 733 2037 789 adeo

471 838 567 879 eos
599 823 915 878 verebantur
940 830 993 877 et
1029 822 1490 892 pertimescebant.
1538 820 1606 877 Et
1636 822 1807 877 Lucas
1854 837 2039 879 rursus

472 913 735 981 scribens,
778 913 983 969 dicebat
1010 931 1022 967 :
1048 913 1346 968 Ctelerorum
1373 922 1537 967 autem
1576 904 1719 967 nemo
1749 913 1962 966 audebat
1988 928 2041 966 se

474 1002 781 1073 coniungere
814 1003 941 1069 illis,
966 1003 1054 1057 sed
1075 1002 1427 1074 magni/itabat
1452 1018 1535 1056 eos
1560 1003 1774 1072 populus
1808 1002 1942 1071 (Act.
1984 1002 2037 1056 5.

476 1095 589 1164 15).
630 1094 697 1149 Ει
722 1108 939 1148 rursus:
970 1092 1104 1161 Quid
1130 1092 1320 1148 vultis?
1344 1094 1395 1147 in
1421 1094 1563 1164 virga
1587 1094 1780 1148 veniam
1824 1094 1890 1147 ad
1933 1109 2040 1162 vos,

474 1201 543 1238 an
571 1184 622 1237 in
646 1185 851 1238 caritate
872 1194 921 1238 et
944 1184 1121 1255 spiritu
1150 1184 1368 1239 lenitatis
1398 1184 1449 1255 (1
1480 1183 1598 1238 Cor.
1618 1184 1670 1237 4.
1700 1182 1834 1253 21)?

546 1277 601 1330 4.
628 1274 812 1330 Vidisti
839 1275 1204 1330 auctoritatem
1228 1284 1282 1329 et
1317 1274 1670 1344 potestatem?
1699 1274 1823 1329 llaec
1865 1282 2040 1329 autem

470 1368 653 1421 omnia
682 1367 805 1421 fecit
828 1368 1046 1422 verbum
1068 1367 1199 1421 illud
1216 1366 1356 1436 quod
1384 1366 1516 1419 dixit
1540 1380 1661 1419 cum
1682 1379 1773 1420 eos
1789 1366 2038 1421 mitteret:

479 1458 590 1527 Ego
614 1457 866 1511 vobiscum
900 1472 1009 1511 sum
1031 1455 1209 1529 (Matt.
1247 1455 1339 1511 28.
1362 1455 1474 1525 20).
1510 1455 1627 1524 Ipse
1671 1455 2041 1524 impedimenta

478 1548 653 1600 omnia
682 1546 1028 1613 removebat,
1074 1552 1199 1601 ante
1248 1560 1341 1601 eos
1380 1544 1699 1599 ambulans:
1731 1545 1843 1614 ipse
1887 1546 2039 1615 plana

477 1640 655 1691 omnia
699 1636 944 1703 faciebat,
989 1651 1051 1690 ac
1089 1636 1319 1691 dilﬁcilia
1366 1635 1536 1690 facilia
1581 1635 1855 1694 reddebat.
1884 1638 2038 1707 Atqui

474 1727 813 1780 crantomnia
833 1728 982 1796 plena
1002 1726 1174 1793 bellis,
1193 1726 1367 1780 omnia
1391 1725 1621 1795 scopulis
1638 1736 1690 1781 et
1711 1727 2037 1798 prtecipitiis,

470 1826 525 1872 et
543 1832 797 1887 nusquam
819 1816 1004 1871 licebat
1026 1817 1210 1886 pedem
1228 1816 1408 1887 ﬁgere,
1433 1831 1530 1871 nec
1544 1816 1731 1873 sistere
1751 1835 1765 1885 ;
1785 1817 2041 1877 obstructi

474 1916 627 1962 erant
656 1920 845 1961 omnes
878 1916 1061 1976 portus
1081 1949 1097 1974 ,
1129 1907 1302 1961 omnis
1328 1906 1519 1961 domus
1558 1906 1757 1972 clausa,
1804 1908 2039 1964 omnium

467 2013 622 2052 aures
673 1998 931 2054 obturattc
960 2014 973 2052 :
1006 2007 1061 2053 et
1088 2007 1265 2054 tamen
1307 2013 1429 2054 cum
1484 2000 1711 2067 primum
1738 1999 1961 2070 ingressi
1989 2009 2044 2056 et

458 2091 670 2160 ‘loquuti
702 2090 929 2158 fuerant,
958 2091 1237 2146 dirdebant
1278 2090 1457 2145 omnia
1488 2089 1715 2145 hostium
1738 2106 2041 2162 propugna-

464 2183 608 2248 cula,
635 2191 695 2236 ut
722 2190 779 2237 et
808 2182 951 2252 ipsas
979 2182 1184 2235 animas
1208 2180 1606 2250 proluudcrent,
1645 2190 1701 2236 et
1742 2183 2045 2237 innumera-

464 2271 598 2325 bilia
629 2270 862 2340 pericula
891 2270 1214 2325 sustinerent
1241 2284 1338 2339 pro
1380 2270 1445 2324 iis
1474 2284 1594 2343 quas
1622 2268 1762 2325 dicta
1811 2269 2038 2326 fuerant.

466 2362 527 2415 5.
556 2360 724 2430 Elegit
753 2360 897 2414 nobis
919 2360 1243 2415 hereditatem
1282 2375 1428 2413 suam
1449 2360 1664 2429 speciem
1687 2359 1867 2429 Iacob,
1893 2364 2044 2429 quam

476 2454 669 2506 dites-it.
694 2453 863 2517 Alius,
892 2451 1316 2520 Glortﬁcationem
1331 2450 1512 2505 Iacob.
1540 2451 1672 2507 Vide
1694 2466 1850 2522 quam
1877 2452 1946 2506 sit
1963 2458 2042 2507 ae-

476 2551 661 2596 curata
689 2552 984 2611 exactaque
1014 2541 1312 2610 prophetia.
1337 2540 1591 2609 Superius
1615 2541 1828 2609 quidem
1863 2540 1997 2595 dixit
2024 2559 2039 2597 :

432 2688 437 2691 _
479 2631 706 2699 Subiecit
734 2630 877 2685 nobis
902 2629 1119 2701 populos
1142 2638 1190 2685 et
1207 2639 1392 2700 gentes.
1422 2630 1591 2685 Iudici
1617 2631 1843 2699 primum
1866 2644 2045 2686 acces-

476 2731 661 2777 serunt
702 2721 877 2792 primo
925 2730 1006 2776 ter
1034 2720 1196 2787 mille,
1238 2720 1431 2776 deinde
1477 2720 1757 2791 quinquies
1786 2720 1948 2786 mille,
1991 2724 2046 2778 et

469 2821 655 2881 postea
671 2820 875 2882 gentes.
905 2812 1019 2881 Ipse
1038 2811 1178 2866 enim
1202 2822 1385 2866 rursus
1407 2811 1619 2867 dicebat
1644 2828 1660 2866 :
1688 2810 1760 2865 Et
1778 2811 1908 2866 alias
1931 2824 2045 2867 oves

362 2905 380 2926 '
472 2903 649 2968 habeo,
670 2912 718 2956 et
736 2902 861 2956 illas
885 2919 963 2956 me
980 2901 1227 2957 adducere
1252 2910 1459 2973 oportet,
1491 2912 1538 2958 et
1580 2904 1669 2971 ﬁet
1703 2920 1859 2957 unum
1895 2905 2039 2971 ovile,

466 3001 522 3046 et
551 3008 678 3046 unus
702 3002 875 3061 pastor
900 2991 1076 3063 (Joan.
1096 2992 1183 3047 10.
1214 2989 1323 3062 16).
1354 2992 1552 3050 Deinde
1576 3008 1645 3048 ne
1663 2992 1779 3063 quis
1800 3009 1920 3049 cum
1949 3011 2044 3051 au~

468 3082 657 3139 dierit:
687 3082 854 3155 Elegit
876 3084 1019 3137 nobis
1032 3081 1351 3137 hereditatem
1369 3083 1464 3137 sibi
1486 3082 1620 3155 (Act.
1646 3082 1701 3137 2.
1721 3085 1809 3139 tt.
1831 3094 1877 3139 et
1899 3085 2037 3157 μ),

468 3178 672 3233 dubitet
697 3185 751 3232 et
776 3184 1016 3246 angatur,
1047 3185 1100 3231 et
1119 3175 1299 3231 dicat:
1329 3174 1608 3242 Quomodo
1626 3191 1753 3246 ergo
1772 3191 1891 3231 *non
1919 3192 2038 3233 ere.

470 3267 606 3326 dunt
633 3280 772 3322 nunc
811 3266 1017 3321 Judaei?
1055 3266 1385 3322 correctione
1431 3266 1588 3322 solvit
1633 3266 2036 3324 dubitationem.

472 3359 700 3414 Maxime
726 3357 889 3425 enim,
916 3358 1054 3430 quod
1071 3357 1141 3413 ad
1162 3372 1221 3414 se
1243 3358 1453 3426 attinet,
1473 3373 1567 3412 eos
1588 3359 1763 3429 elegit,
1791 3366 1845 3415 et
1867 3375 2038 3431 quam

471 3457 583 3503 tum
600 3450 665 3503 ad
693 3450 864 3519 ipsum
895 3448 1105 3519 quidem
1149 3457 1368 3519 spectat,
1400 3450 1600 3504 nullum
1628 3450 1858 3521 reliquit.
1887 3452 2039 3520 Quod

466 3542 511 3595 si
534 3541 691 3595 linem
710 3552 919 3610 quoque
942 3540 1199 3611 requiras,
1220 3540 1428 3595 audiea
1450 3555 1568 3609 quae
1582 3549 1892 3609 sequuntur;
1915 3542 2040 3597 sub.

464 3632 636 3702 junxit
660 3631 798 3687 enim
829 3648 843 3685 :
877 3632 1102 3702 Speciem
1124 3630 1305 3698 Iacob,
1334 3648 1484 3703 quam
1508 3632 1701 3687 dilexit.
1736 3632 2036 3689 Hicsautem

468 3722 597 3780 mihi
628 3722 834 3778 videtur
867 3722 1050 3785 ﬁdeles
1085 3720 1285 3789 dicere,
1314 3721 1456 3793 quod
1483 3722 1694 3792 quidem
1722 3722 1921 3779 Paulus
1949 3724 2028 3778 si-

469 3814 741 3884 gniﬁcans,
771 3812 979 3868 diccbat
1008 3829 1022 3866 :
1056 3811 1176 3867 Non
1213 3822 1379 3867 autem
1401 3813 1537 3884 quod
1564 3812 1802 3868 exciderit
1836 3815 2037 3870 verbum

469 3902 563 3958 Dei
586 3920 603 3962 ;
630 3919 728 3957 non
754 3903 885 3958 enim
911 3918 1079 3956 omnes
1104 3903 1187 3971 qui
1208 3911 1403 3956 suntex
1427 3901 1587 3957 Israel
1604 3914 1718 3957 sunt
1741 3903 1905 3960 Israel
1928 3907 2032 3977 (a),

469 3994 554 4047 sed
582 3993 633 4046 in
662 3991 811 4046 Isaac
834 3990 1086 4046 vocabitur
1108 3991 1195 4045 tibi
1221 4007 1420 4057 semen;
1442 3992 1534 4045 hoc
1558 4001 1647 4059 est,
1679 3990 1796 4048 Non
1814 3997 1898 4066 qui
1921 4006 2038 4051 sunt

471 4084 565 4151 ﬁlii
591 4084 775 4150 carnis,
803 4083 841 4137 ii
859 4093 975 4137 sunt
996 4082 1091 4153 ﬁlii
1112 4081 1226 4145 Dei,
1254 4082 1341 4137 sed
1380 4085 1465 4154 qui
1493 4094 1607 4140 sunt
1620 4086 1716 4153 ﬁlii
1744 4090 2037 4156 promissio-

470 4175 567 4239 nis,
582 4175 892 4229 testiinantur
912 4175 963 4228 in
978 4175 1161 4229 semine
1184 4173 1356 4243 (Rom.
1381 4175 1434 4231 9.
1453 4177 1589 4248 6-8).
1618 4178 1833 4248 Species
1862 4190 2035 4236 autem

390 4248 397 4255 ’
470 4278 564 4318 scu
618 4263 953 4333 pulchritudo
997 4264 1172 4333 populi
1217 4263 1339 4333 jure
1365 4264 1610 4321 dicantur
1656 4267 1858 4324 ﬁdeles.
1903 4269 2038 4337 Quid

469 4364 550 4409 est
575 4354 716 4408 enim
745 4353 1033 4423 speciosius
1059 4353 1161 4409 illis
1188 4355 1276 4424 qui
1298 4355 1675 4412 crediderunt?

539 4444 720 4499 Gentes
760 4460 850 4499 cur
891 4444 1134 4499 hereditas
1174 4444 1455 4501 Christi.—
1474 4447 1833 4506 Hereditatem
1860 4444 2035 4506 nubem

466 4549 616 4591 suam
649 4544 801 4591 vocat
829 4544 1038 4604 gentem
1058 4575 1072 4600 ,
1101 4549 1204 4590 non
1225 4537 1363 4605 quod
1396 4537 1617 4592 aliarum
1645 4539 1881 4609 gentium
1916 4541 2036 4595 nul.

466 4626 569 4679 lam
600 4639 779 4679 curam
808 4626 1049 4695 gesserit,
1080 4624 1173 4679 sed
1201 4624 1564 4681 vehementem
1589 4628 1641 4682 in
1668 4641 1763 4682 eos
1790 4629 2035 4689 dilectio.

464 4730 609 4782 nem,
633 4724 689 4769 et
714 4728 834 4769 cum
861 4714 940 4769 eis
962 4713 1405 4783 conjunctionem,
1445 4724 1502 4771 et
1545 4717 1890 4787 providentiae
1936 4734 2033 4774 ιες

463 4809 758 4864 cessionem
784 4806 1087 4861 ostendens.
1129 4807 1194 4861 Et
1222 4816 1282 4861 ut
1327 4809 1464 4862 scias
1490 4823 1646 4879 quam
1677 4809 1746 4864 sit
1786 4820 2033 4865 accurata

464 4898 759 4968 prophetia,
793 4896 914 4952 vide
942 4896 1204 4966 quomodo
1228 4897 1394 4951 utitur
1414 4897 1699 4954 dilectione
1735 4899 1896 4969 vulgi,
1928 4914 2033 4969 qua

463 4990 625 5045 utitur
667 4988 719 5042 in
749 4986 910 5042 rebus
947 5002 1065 5056 quae
1096 4995 1364 5042 emuntur.
1401 4987 1553 5058 Saepe
1597 4989 1738 5044 enim
1792 4989 2032 5059 plerique

461 5079 661 5148 aliquid
684 5088 948 5142 ementes,
977 5078 1194 5147 pulchra
1221 5080 1305 5133 illa
1336 5094 1455 5134 esse
1476 5079 1692 5144 dicunt,
1739 5096 1857 5150 qua:
1906 5082 2034 5136 reli-

460 5170 580 5239 quis
618 5168 961 5224 antecellunt.
992 5168 1291 5225 Ostendens
1315 5184 1442 5240 ergo
1467 5184 1572 5225 non
1599 5185 1784 5225 omnes
1812 5186 2031 5226 servan-

457 5261 582 5327 dos,
609 5263 755 5329 dicit,
787 5265 1017 5333 Speciem
1043 5264 1221 5319 Iacob.
1256 5265 1378 5321 Hmc
1406 5266 1565 5321 etiam
1596 5265 1950 5320 ostenduntur
1976 5266 2029 5320 in

457 5354 742 5422 evangeliis
784 5369 881 5423 per
910 5355 1323 5410 innumerabiles
1363 5354 1662 5425 parabolas.
1696 5355 1751 5410 6.
1786 5355 2031 5409 Ascendit

456 5442 595 5498 Deus
643 5446 694 5499 in
720 5446 901 5517 jubilo.
944 5445 1059 5501 Non
1104 5445 1257 5514 dixit,
1290 5447 1606 5520 Assumptus
1639 5455 1743 5515 est,
1791 5454 1884 5501 aut
1928 5445 2027 5501 de-

518 5596 592 5659 (a)
625 5599 709 5648 llic
730 5599 949 5663 quaedam
969 5613 1032 5651 ex
1057 5607 1197 5652 textu
1219 5602 1468 5666 Scripttuze
1510 5609 1843 5672 praetermittit
1880 5611 2033 5674 Chry-

458 5680 715 5729 SOSlOII'lUS.

1567 257 1915 315 EXPOSITIO
1950 260 2013 316 lN
2052 259 2367 318 PSALMUM
2402 262 2579 321 XLVI.

3606 288 3699 343 ΞΗ

2144 376 2332 431 ductus
2371 390 2491 446 est,
2534 381 2626 437 sed
2668 384 2943 455 Ascendit,
2987 402 3042 445 ut
3100 394 3401 452 ostenderet
3443 414 3564 454 cum
3618 416 3711 457 as-

2142 470 2384 526 Ccndisse
2431 473 2574 528 nullo
2597 475 2702 531 alio
2745 493 2866 533 eum
2921 481 3170 550 ducente,
3226 488 3319 543 sed
3361 490 3529 561 ipsum
3572 493 3709 549 hanc

2142 561 2281 616 viam
2309 577 2426 617 esse
2456 564 2770 635 ingressum.
2820 571 3001 633 Helias
3045 578 3187 630 enim
3234 580 3322 649 qui
3373 597 3476 635 non
3520 584 3707 641 eadem

2144 666 2246 721 qua
2301 653 2541 711 Christus
2604 658 2689 712 via
2742 675 3109 731 processerat,
3157 666 3447 725 ducebatur
3488 672 3556 727 ab
3606 675 3710 731 alia

2142 752 2405 837 potestate
2457 745 2547 815 (4.
2572 748 2694 819 Reg.
2726 750 2780 806 9..
2817 752 2936 824 11
2986 754 3101 811 Non
3132 766 3244 812 erat
3289 760 3431 813 enim
3467 761 3709 818 humana:

2145 844 2343 890 natum
2365 837 2444 889 via
2466 840 2738 909 peregrina
2763 842 2980 911 ingredi.
3000 845 3311 917 Unigcnitus
3332 860 3505 905 autem
3522 868 3709 906 ascen-

2145 925 2222 979 dit
2246 928 2454 996 pr0pria
2485 939 2763 998 potestate.
2795 933 3049 1000 Quocirca
3084 938 3252 995 Lucas
3278 957 3487 1012 quoque
3513 941 3594 996 sic
3620 944 3706 999 di-

2145 1015 2329 1072 cebat:
2354 1015 2423 1071 Et
2445 1020 2562 1088 ﬁxis
2582 1020 2738 1076 oculis
2755 1023 3068 1081 intuebantur
3086 1028 3228 1084 illum
3251 1043 3442 1087 euntem
3466 1034 3517 1087 in
3531 1035 3709 1089 cwlum

2149 1105 2282 1174 (Aet.
2316 1107 2365 1160 1.
2393 1108 2504 1177 10).
2532 1107 2647 1164 Non
2678 1109 2829 1177 dixit,
2853 1113 2985 1168 Cum
3027 1116 3138 1187 ipse
3176 1131 3557 1188 assumeretur,
3588 1140 3707 1192 nec,

2146 1196 2278 1251 Cum
2308 1206 2642 1266 portaretur:
2672 1210 2788 1256 erat
2830 1204 2970 1259 enim
3014 1207 3129 1275 ejus
3173 1211 3413 1280 proprius
3450 1213 3707 1281 incessus,

2147 1286 2286 1355 quod
2311 1286 2487 1342 ﬁebat.
2532 1289 2588 1343 Si
2635 1303 2812 1347 autem
2860 1303 3139 1366 antequam
3170 1299 3600 1371 cruciﬁgeretur,
3635 1305 3713 1360 fe-

2146 1374 2360 1430 rebatur
2383 1391 2545 1447 super
2568 1393 2751 1450 aquas,
2778 1383 2951 1439 adhuc
2998 1387 3198 1454 patibili
3228 1396 3283 1443 et
3324 1392 3468 1460 gravi
3492 1407 3713 1463 corpore

2143 1465 2537 1523 circumdatus:
2566 1470 2691 1539 quid
2717 1474 2907 1527 mirum
2934 1476 2976 1529 si
3008 1487 3281 1548 postquam
3318 1481 3714 1553 incorruptibile

2145 1559 2389 1629 sumpsit,
2439 1572 2616 1617 aerem
2653 1566 2921 1620 secuerit?
2944 1566 3042 1622 Ubi
3070 1580 3245 1625 autem
3278 1570 3340 1625 In
3354 1573 3558 1642 jubilo?
3586 1575 3714 1643 Quis

2140 1647 2412 1718 jnbilavit,
2460 1652 2671 1720 quando
2719 1656 3001 1710 ascendit?
3030 1660 3204 1729 ~Atqui
3246 1659 3349 1716 hoc
3384 1663 3594 1719 silentio
3639 1665 3720 1720 la-

2143 1747 2287 1793 ctum
2313 1748 2411 1805 cst,
2455 1750 2508 1796 et
2538 1741 2781 1797 undecim
2811 1746 2981 1799 solum
3020 1749 3369 1817 prmsentibus
3417 1752 3710 1823 discipulis.

2145 1829 2306 1886 Vides
2332 1847 2436 1887 non
2484 1844 2729 1904 oportere
2748 1836 3006 1894 dictiones
3045 1841 3358 1911 simpliciter
3385 1853 3439 1901 et
3466 1861 3570 1902 uno
3598 1857 3713 1903 tan-

2147 1930 2257 1977 tum
2289 1923 2449 1978 modo
2482 1925 2743 1995 accipere,
2784 1927 2877 1982 sed
2905 1929 3041 1985 scire
3090 1932 3212 2001 quid
3240 1933 3316 1990 eis
3344 1934 3713 2005 signiﬁcetur!

2144 2015 2601 2083 Quemadmodum
2631 2017 2770 2072 enim
2798 2018 2904 2074 dixi
2944 2020 2997 2075 in
3042 2022 3299 2091 prooemio
3333 2023 3545 2092 Psalmi,
3573 2026 3715 2095 jubi-

2146 2108 2230 2162 lus
2258 2107 2457 2178 aliquid
2500 2107 2647 2163 aliud
2692 2109 2988 2180 signiﬁcat,
3040 2129 3231 2183 nempe
3258 2116 3563 2182 victoriam,
3601 2127 3715 2172 tro-

2145 2214 2317 2272 paeum
2350 2216 2373 2269 τη
2390 2199 2531 2269 quod
2551 2215 2677 2272 ergo
2698 2200 2784 2257 hic
2809 2202 2953 2271 dicit,
2981 2201 3048 2257 In
3062 2203 3247 2275 jubilo,
3283 2205 3384 2263 hoc
3400 2216 3501 2273 est,
3532 2204 3716 2264 ascen-

2144 2289 2224 2345 dit
2250 2289 2303 2345 in
2330 2289 2549 2345 victoria
2573 2330 2589 2359 ,
2630 2304 2752 2347 cum
2776 2301 3003 2349 mortem
3032 2295 3277 2365 vicisset,
3319 2306 3592 2369 peccatum
3623 2300 3716 2355 de-

2140 2379 2378 2449 iecisset,
2422 2378 2695 2437 dzemones
2752 2379 3078 2454 fugavisset,
3114 2400 3351 2442 errorem
3396 2389 3711 2458 expulisset,

2143 2469 2320 2523 omnia
2370 2469 2424 2525 in
2474 2471 2665 2527 melius
2692 2480 2985 2541 mutasset,
3035 2474 3089 2529 in
3138 2477 3406 2549 antiquam
3467 2480 3713 2549 patriam,

2144 2558 2253 2615 imo
2278 2574 2407 2614 vero
2429 2559 2585 2631 longe
2605 2563 2898 2631 meliorem,
2927 2575 3162 2623 nostram
3192 2576 3433 2624 naturam
3464 2569 3715 2626 deduxis-

2146 2657 2248 2705 set.
2278 2648 2412 2706 Cum
2438 2654 2577 2709 enim
2599 2654 2920 2723 advenisset,
2947 2673 3105 2715 nemo
3135 2659 3184 2714 ei
3209 2662 3421 2729 restitit,
3455 2677 3560 2719 non
3587 2678 3715 2732 pec-

2146 2744 2250 2799 cati
2276 2745 2535 2816 tyrannis,
2564 2760 2672 2801 non
2693 2747 2878 2803 mortis
2902 2750 3158 2818 potentia,
3185 2765 3290 2805 non
3316 2754 3396 2806 vis
3424 2753 3712 2821 maledicti,

2147 2849 2254 2891 non
2281 2836 2546 2903 interitus,
2573 2852 2679 2893 non
2709 2838 2958 2909 nequitia:
2995 2840 3333 2911 magnitudo,
3382 2858 3486 2899 non
3518 2845 3713 2915 aliquid

2144 2927 2287 2983 aliud
2332 2928 2595 2999 ejusmodi
2620 2943 2633 2981 :
2662 2927 2757 2992 sed
2794 2944 2916 2984 cum
2942 2928 3056 2987 haec
3082 2932 3259 2987 omnia
3290 2942 3555 3004 tamquam
3588 2918 3735 2991 ara-7

2144 3034 2299 3076 ncam
2346 3018 2702 3093 perlregisset,
2744 3021 3042 3077 dzemonum
3079 3031 3353 3090 catervas,
3384 3040 3573 3081 nervos
3600 3026 3715 3081 dia-

2142 3110 2274 3180 boli,
2301 3120 2354 3168 et
2382 3110 2497 3168 haec
2524 3112 2699 3168 omnia
2721 3112 3051 3185 proﬂigasset
3070 3154 3084 3181 ,
3113 3115 3349 3171 ascendit
3384 3117 3543 3173 rebus
3568 3129 3713 3174 recte

2142 3203 2328 3281 gemis,
2357 3210 2416 3257 ut
2443 3202 2626 3258 voluit.

2212 3293 2267 3348 ὅ.
2305 3290 2561 3360 Quocirca
2592 3291 2782 3350 Paulus
2808 3306 3015 3366 quoque
3042 3296 3157 3366 ejus
3183 3304 3436 3369 troprcum
3468 3312 3710 3369 narrans,

2143 3380 2399 3436 dicebat:
2445 3378 2571 3435 Cum
2610 3385 2932 3454 exspoliasset
2969 3386 3279 3457 principatus
3321 3406 3381 3442 ac
3408 3399 3707 3461 potestates,

2142 3470 2367 3525 traduxit
2402 3472 2571 3543 libere,
2617 3474 2680 3528 de
2724 3475 2794 3529 eis
2830 3475 2882 3530 in
2927 3478 3091 3548 seipse
3133 3479 3448 3550 triumphans
3493 3482 3709 3552 (Coloss.

2139 3561 2189 3619 2.
2224 3562 2337 3632 15).
2364 3563 2430 3618 Et
2456 3579 2639 3621 rursus
2665 3579 2679 3618 :
2711 3565 2904 3621 Delevit
2941 3569 3076 3639 quod
3097 3580 3204 3624 erat
3226 3572 3460 3627 adversus
3488 3592 3578 3629 nos
3599 3576 3712 3629 chi-

2139 3654 2448 3727 rographum
2495 3657 2546 3711 in
2586 3657 2818 3727 decretis,
2850 3660 2984 3731 quod
3005 3671 3113 3716 erat
3139 3663 3279 3718 nobis
3304 3666 3631 3731 contrarium,
3667 3676 3712 3721 et

2138 3745 2304 3817 ipsum
2330 3746 2394 3802 de
2422 3749 2582 3804 medio
2607 3750 2828 3819 sustulit,
2850 3752 3049 3822 afﬁgens
3065 3754 3193 3808 illud
3209 3757 3353 3810 cruci
3363 3756 3523 3830 (Ibid.
3542 3758 3614 3813 vJ
3632 3760 3707 3820 4).

2140 3835 2391 3893 Dominus
2434 3839 2487 3892 in
2528 3854 2646 3894 voce
2686 3841 2833 3895 tubte.
2887 3842 3029 3897 Idem
3073 3858 3256 3900 rursus
3307 3847 3584 3916 signiﬁcat,
3614 3848 3713 3905 huc

2139 3936 2241 4005 est,
2266 3929 2318 3982 in
2349 3928 2600 4000 praeclara
2631 3930 2871 3985 victoria.
2917 3932 3013 3987 llic
3036 3944 3213 4005 autem
3232 3945 3311 3991 est
3337 3938 3477 3993 aliud
3503 3954 3712 4010 quoque

2142 4014 2561 4085 intelligendum,
2586 4028 2773 4087 nempe
2794 4018 2847 4072 id
2875 4014 3036 4075 fuisse
3064 4024 3284 4093 clarum,
3312 4038 3572 4097 apertum,
3599 4030 3713 4085 iliu-

2142 4114 2271 4160 stre.
2295 4104 2457 4175 Atqui
2481 4106 2657 4161 nullus
2683 4107 2735 4163 id
2770 4116 2895 4164 tunc
2933 4111 3097 4175 novit,
3127 4128 3246 4168 cum
3273 4115 3441 4185 ﬁeret,
3492 4118 3583 4173 sed
3607 4129 3711 4173 tam

2142 4197 2313 4252 evasit
2336 4197 2694 4267 manifestum,
2739 4214 2896 4269 quam
2941 4200 2987 4255 si
3032 4202 3152 4256 tuba
3192 4204 3507 4273 cecinisset,
3555 4215 3713 4278 atque

2141 4286 2276 4342 adeo
2302 4286 2469 4343 multo
2499 4289 2682 4367 magis.
2732 4288 2865 4346 ιιιυά
2889 4291 3051 4359 enim,
3080 4293 3218 4364 quod
3258 4302 3381 4351 tunc
3414 4295 3710 4353 clanculum

2142 4378 2337 4435 factum
2360 4388 2461 4447 est,
2512 4396 2668 4438 nemo
2696 4382 2807 4439 fere
2835 4399 3019 4455 eorum
3058 4386 3147 4457 qui
3173 4387 3355 4442 orbem
3384 4397 3536 4444 teme
3564 4389 3710 4445 habi-

2142 4477 2255 4526 tant
2283 4472 2576 4542 ignoravit,
2626 4474 2720 4530 sed
2765 4474 2935 4545 ipSum
2985 4476 3204 4547 perinde
3241 4479 3493 4535 revelavit
3529 4493 3707 4535 rerum

2140 4570 2323 4618 natura
2344 4606 2358 4631 ,
2386 4578 2448 4618 ac
2478 4564 2523 4619 si
2548 4563 2668 4619 tuba
2712 4565 3013 4634 cecinisse“
3042 4567 3149 4623 imo
3190 4568 3357 4624 multo
3382 4571 3574 4641 magis.
3592 4570 3704 4627 Ne-

2137 4668 2241 4725 que
2266 4656 2409 4711 enim
2453 4655 2577 4710 tuba
2621 4671 2819 4712 canens
2849 4657 2919 4712 ita
2956 4672 3143 4714 omnes
3183 4671 3424 4716 vocasset
3464 4663 3531 4717 ad
3578 4660 3707 4718 illud

2137 4750 2519 4819 spectaculum,
2565 4749 2702 4805 sicut
2743 4758 2922 4819 postea
2946 4766 3120 4806 rerum
3148 4767 3249 4806 vox
3274 4754 3503 4810 ostendit
3527 4770 3707 4811 ascen-

2135 4850 2273 4903 sum,
2298 4840 2463 4909 magis
2501 4840 2658 4894 etiam
2685 4854 2840 4909 quam
2864 4841 3058 4896 tonitru
3086 4856 3195 4898 rem
3224 4846 3417 4899 claram
3445 4845 3702 4901 efﬁciens.

2135 4925 2317 4998 Neque
2340 4926 2480 4982 enim
2502 4930 2696 4983 tonitru
2727 4929 2797 4984 ita
2819 4941 3063 4986 vocasset
3104 4934 3286 4988 orbem
3310 4943 3487 5002 terras,
3531 4943 3590 4989 ut
3615 4949 3706 4987 re-

2136 5026 2255 5072 rum
2284 5018 2517 5071 ostensio
2537 5032 2630 5072 eos
2656 5020 2744 5088 qui
2776 5029 2899 5075 tunc
2919 5031 3090 5087 erant,
3138 5032 3193 5077 et
3238 5026 3323 5092 qui
3349 5031 3528 5091 postea
3554 5030 3708 5077 erant

2137 5107 2317 5162 futuri.
2348 5106 2567 5161 Tonitru
2594 5109 2732 5162 enim
2762 5120 2843 5165 est
2872 5119 3073 5165 tantum
3102 5114 3435 5166 manifestum
3461 5124 3699 5178 praesen-

2138 5202 2314 5267 tibus;
2367 5200 2479 5269 ipsa
2521 5215 2649 5254 vero
2674 5203 2919 5257 omnibus
2958 5202 3388 5272 generationibus
3429 5200 3551 5254 tuba
3591 5201 3704 5256 cla-

2134 5291 2263 5357 rius,
2294 5300 2346 5345 et
2376 5290 2570 5344 tonitru
2596 5291 2830 5361 apertius
2856 5290 3087 5345 ostendit
3113 5291 3251 5361 quod
3279 5289 3473 5344 factum
3502 5299 3604 5344 est.

2146 5396 2155 5405 ~
2217 5379 2325 5434 Vos:
2350 5381 2479 5435 tubte
2502 5382 2737 5450 apostoli.
2767 5411 2837 5421 —
2852 5380 2959 5435 Nec
2977 5396 3100 5433 vero
3124 5379 3454 5434 aberraveris
3478 5379 3525 5434 si
3552 5382 3704 5438 tubas

2134 5471 2403 5527 vocaveris
2424 5486 2515 5525 ora
2547 5471 2931 5540 apostolorum,
2956 5484 3058 5524 non
3082 5472 3232 5525 tubas
3257 5471 3470 5541 quidem
3499 5488 3662 5530 aereas
3681 5516 3697 5541 ,

2133 5563 2226 5619 sed
2256 5577 2389 5616 auro
2431 5562 2771 5631 pretiosiores
2798 5603 2814 5628 ,
2858 5570 2913 5616 et
2939 5563 3161 5631 gemmis
3202 5562 3694 5634 magniﬁcentiam.

2136 5656 2242 5713 Cur
2271 5669 2397 5725 ergo
2442 5668 2545 5709 non
2574 5651 2739 5723 dixit,
2770 5653 2833 5710 In
2853 5647 3000 5725 tuba,
3025 5655 3116 5712 sed
3142 5698 3157 5728 ,
3186 5656 3252 5713 In
3283 5671 3398 5713 voce
3426 5654 3696 5712 tubwz’St-
