4112 6208
414 200 518 251 Sili

413 306 671 383 gniﬁcaus
700 326 884 369 eorum
907 310 1267 376 concordiam,
1282 312 1419 367 sicut
1437 312 1595 366 etiam
1616 313 1743 367 dicit
1762 312 1952 369 Paulus
1976 328 1990 366 :

417 404 536 458 Sive
564 414 680 474 ergo
709 420 818 475 ego,
837 396 939 455 sive
963 397 1145 464 illi,sic
1158 396 1497 471 prtedicamus
1514 396 1588 473 (1.
1619 399 1735 457 Cor.
1768 402 1855 458 15.
1880 404 1991 474 Η).

419 488 486 549 Et
537 508 721 549 rursus
768 513 781 549 :
835 491 1187 548 Multitudinis
1224 500 1387 547 autem
1426 488 1731 548 credentium
1767 503 1873 549 erat
1909 511 1996 550 cor

420 597 599 653 unum,
629 594 680 640 et
706 586 876 638 anima
906 602 1008 638 una
1036 585 1174 656 (Act.
1224 586 1279 640 Δ.
1304 580 1431 656 52);
1470 586 1591 640 tuba
1635 593 1810 641 autem
1838 601 1996 641 cane-

417 678 566 744 bant,
596 693 702 731 non
736 677 802 731 ad
827 678 1029 733 bellum
1077 677 1377 743 incitantes,
1412 677 1506 731 sed
1552 676 1900 747 praedicantes
1942 687 1997 734 et

414 768 791 824 annuntiantcs
814 771 1112 825 victoriam.
1138 769 1592 836 Quemadmodum
1624 771 1764 826 enim
1794 772 1844 825 iu
1875 785 1996 827 cas-

422 862 540 927 tris,
567 862 779 931 quando
821 878 940 916 cum
994 863 1159 932 signis
1200 864 1250 917 in
1267 862 1432 916 aciem
1478 863 1759 933 prodeunt,
1791 880 1995 935 praeceo

416 949 551 1007 dunt
571 952 721 1011 tubae,
743 967 861 1022 qua:
891 961 1180 1022 praesentes
1213 954 1475 1019 excitant,
1501 969 1608 1009 non
1648 965 1864 1025 aspectu
1902 971 1992 1011 so~

424 1043 556 1106 lum,
590 1042 682 1096 sed
706 1044 866 1097 etiam
908 1042 1089 1097 auditu
1125 1043 1235 1097 :ita
1267 1052 1391 1099 tunc
1432 1042 1625 1098 factum
1665 1057 1745 1100 est
1777 1064 1790 1098 :
1820 1046 1995 1119 ingre-

416 1135 684 1191 dientihus
713 1135 968 1204 apostolis
995 1134 1045 1188 in
1076 1149 1498 1206 unamquamque
1524 1136 1789 1191 civitatem
1810 1179 1824 1204 ,
1854 1137 1995 1194 tuba:

416 1226 699 1293 Sonabant,
730 1235 783 1281 et
822 1226 889 1280 ad
940 1223 1259 1281 audiendum
1317 1241 1505 1283 omnes
1544 1228 1910 1285 accurrebant.
1938 1230 1990 1285 7.

416 1312 633 1371 Psallite
681 1315 791 1371 Deo
837 1326 1029 1385 nostro,
1072 1315 1273 1388 psallite
1309 1333 1329 1373 :
1369 1319 1568 1387 psallite
1617 1320 1744 1391 Regi
1786 1332 1991 1390 nostro,

413 1409 633 1478 psallite.
660 1408 712 1463 8.
750 1408 1000 1475 Quoniam
1029 1425 1120 1463 rea:
1146 1409 1307 1464 omnis
1338 1418 1483 1464 terra:
1510 1410 1663 1477 Deus,
1683 1413 1881 1482 psallite
1905 1430 1994 1467 sa-

420 1499 636 1568 pienter.
666 1498 718 1554 9.
740 1498 988 1569 Regnavit
1018 1498 1151 1553 Deus
1178 1516 1332 1571 super
1367 1511 1554 1572 gentes.
1588 1501 1871 1574 Postquam
1893 1503 1994 1574 igi-

414 1597 500 1643 tur
520 1589 752 1643 narravit
778 1604 935 1660 quam
967 1604 1153 1660 magna
1182 1590 1307 1657 sint,
1331 1599 1385 1646 et
1410 1606 1564 1661 quam
1592 1593 1842 1661 prmclara
1876 1609 1994 1664 quas

412 1680 597 1749 gessit,
622 1680 927 1735 universum
957 1680 1142 1735 orbem
1172 1690 1327 1737 terrae
1353 1684 1584 1738 vocatad
1606 1698 1726 1739 eum
1751 1684 1994 1743 laudibus

413 1770 790 1825 celebrandum
831 1786 951 1826 cum
982 1786 1173 1842 magno
1215 1771 1392 1826 studio
1430 1781 1486 1828 ct
1515 1774 1785 1845 diligentia
1823 1794 1836 1830 :
1868 1791 1994 1833 usus

414 1862 713 1918 estidcirco
734 1864 1047 1933 repetitione
1070 1881 1083 1919 :
1104 1879 1202 1919 nec
1222 1864 1406 1919 invitat
1424 1866 1757 1922 solummodo
1772 1868 1835 1923 ad
1854 1870 1995 1938 psal-

413 1953 651 2019 lendum,
680 1952 774 2009 sed
816 1954 882 2009 ad
923 1954 1257 2023 pSallendum
1312 1969 1433 2010 cum
1484 1972 1674 2027 magna
1714 1960 1991 2028 sapientia.

412 2043 547 2111 Quid
577 2053 659 2100 est
680 2086 695 2111 ,
723 2044 934 2100 Psallite
961 2046 1252 2117 sapienter?
1278 2047 1410 2103 Cum
1450 2063 1568 2119 quae
1591 2089 1607 2114 ,
1638 2049 1830 2120 inquit,
1860 2050 1992 2106 facta

423 2146 567 2204 sunt,
590 2136 898 2205 didiceritis,
934 2139 1331 2194 considerantes
1367 2155 1546 2196 rerum
1583 2152 1852 2212 gestarum
1882 2159 1997 2199 ma-

411 2228 762 2298 gnitudinem.
789 2230 913 2285 Mihi
953 2242 1127 2286 autem
1160 2232 1369 2287 videtur
1406 2233 1564 2288 etiam
1606 2235 1806 2306 aliquid
1849 2236 1993 2293 aliud

412 2319 770 2386 subindicare,
800 2336 920 2376 cum
939 2321 1090 2390 dixit,
1121 2321 1389 2392 Sapienter
1417 2339 1436 2378 :
1461 2338 1567 2378 non
1594 2339 1723 2381 voce
1762 2335 1991 2395 tantum,

312 2397 326 2408 ’
412 2411 506 2467 Sed
529 2411 689 2466 etiam
714 2412 862 2466 factis
880 2412 1135 2482 psallere;
1162 2429 1267 2469 non
1287 2414 1464 2485 lingua
1480 2424 1699 2481 tantum,
1720 2416 1814 2473 sed
1832 2418 1992 2474 etiam

412 2502 539 2556 vita.
569 2502 811 2574 Regnavit
850 2505 984 2559 Deus
1010 2506 1149 2561 enim
1174 2522 1325 2573 super
1364 2516 1571 2578 gentes,
1598 2508 1785 2579 inquit.
1821 2509 1988 2576 Alius,

415 2594 803 2666 Supragentes.
823 2596 889 2650 Et
913 2596 1176 2666 quodnam
1190 2596 1275 2652 hic
1296 2613 1516 2669 regnum
1543 2599 1708 2654 dicit?
1728 2599 1843 2656 Non
1864 2600 1994 2657 illud

417 2686 558 2757 quod
584 2687 786 2744 obtinet
816 2691 1020 2745 ratione
1036 2689 1326 2772 creationis
1344 2730 1361 2757 ,
1383 2690 1477 2747 sed
1504 2690 1606 2749 hoc
1622 2693 1762 2764 quod
1787 2694 1994 2751 ratione

411 2779 550 2846 ejus,
579 2778 645 2833 ad
671 2795 827 2849 quam
854 2795 944 2836 eas
962 2780 1212 2848 adscivit,
1248 2782 1673 2839 necessitudinis.
1705 2784 1989 2840 Fuitenim

415 2885 511 2925 rex
560 2872 795 2926 omnium
833 2874 995 2927 etiam
1045 2872 1305 2937 antehac,
1337 2884 1394 2930 ut
1422 2873 1513 2943 qui
1548 2883 1694 2930 esset
1731 2874 1907 2945 opifex
1937 2884 1992 2932 et

413 2972 623 3018 creator
650 2981 663 3019 :
692 2980 830 3020 nunc
850 2974 1034 3020 autem
1061 2975 1115 3021 ct
1140 2965 1431 3022 Iubentium
1484 2975 1538 3021 et
1569 2967 1764 3038 gratias
1792 2968 1993 3024 haben-

414 3055 544 3109 tium
568 3072 582 3108 :
614 3055 754 3127 quod
781 3057 993 3127 quidem
1021 3065 1102 3112 est
1128 3058 1363 3112 maxima
1392 3056 1545 3113 laude
1572 3058 1810 3129 dignum,
1843 3068 1898 3115 et
1937 3059 1991 3115 in

415 3145 599 3214 primis
622 3145 1010 3213 admirandum,
1035 3161 1155 3201 eum
1176 3147 1264 3217 qui
1287 3147 1431 3217 prius
1458 3148 1777 3203 contumelia
1795 3148 1994 3205 afﬁcie-

416 3238 571 3293 batur
595 3252 625 3291 a
669 3236 889 3304 Judmis,
919 3237 1159 3293 etl'ecisse
1188 3246 1246 3292 ut
1290 3246 1432 3292 tanta
1462 3236 1616 3294 fleret
1661 3240 1904 3308 mutatio,
1935 3248 1995 3295 ut

413 3326 610 3398 ubique
642 3335 922 3382 caneretur
945 3344 960 3381 :
983 3334 1038 3381 et
1060 3326 1150 3397 qui
1176 3341 1274 3382 nec
1298 3326 1585 3398 prophetas
1609 3328 1868 3400 legerant,
1892 3344 1993 3387 nec

412 3418 465 3473 in
495 3419 610 3490 lege
635 3418 844 3475 educati
871 3418 1079 3475 fuerant
1098 3461 1113 3486 ,
1151 3419 1259 3474 imo
1284 3435 1411 3475 vero
1437 3420 1590 3490 plane
1615 3429 1771 3476 erant
1808 3422 1992 3477 ferinis

412 3509 671 3575 innribus,
720 3518 936 3580 repente
963 3510 1148 3565 mutati
1173 3518 1320 3577 sunt,
1350 3519 1404 3566 et
1436 3511 1682 3566 omnibus
1707 3511 1811 3567 illis
1839 3512 1991 3581 abje—

409 3604 512 3661 etis
538 3602 833 3670 erroribus,
866 3617 925 3658 se
958 3602 1007 3657 ei
1040 3601 1396 3671 subjecerunt,
1427 3615 1533 3656 non
1578 3600 1718 3669 duze,
1741 3610 1831 3657 aut
1859 3612 1988 3670 tres,

410 3703 503 3749 aut
540 3702 786 3765 quatuor,
814 3702 905 3748 aut
930 3693 1115 3750 decem
1142 3702 1361 3763 gentes,
1395 3692 1489 3748 sed
1539 3693 1629 3764 qui
1684 3694 1988 3751 universum

410 3786 597 3840 orbem
627 3792 890 3841 terrarum
913 3784 1237 3841 incolebant.
1263 3782 1401 3839 Deus
1424 3776 1729 3857 sedet'super
1751 3785 1985 3841 thronum

409 3887 641 3935 sanctum
665 3894 839 3933 suum.

482 3970 672 4026 Sedere
697 3969 805 4025 Deo
824 3969 945 4041 quid
962 3971 989 4025 1
1012 3968 1200 4026 Sancte
1228 3985 1454 4042 regnare.
1482 3998 1557 4011 —
1583 3969 1717 4039 Quid
1745 3978 1860 4038 est,
1889 3968 1989 4027 Se-

410 4062 493 4117 det
513 4077 666 4131 super
688 4061 923 4115 thronum
940 4062 967 4115 7
990 4061 1212 4131 Regnat,
1243 4061 1435 4132 inquit,
1463 4061 1742 4133 imperium
1761 4060 1985 4118 obtinet.

413 4152 577 4209 Recte
602 4162 775 4209 autem
800 4151 953 4217 dixit,
986 4151 1251 4208 Sanctum.
1279 4152 1394 4208 Non
1425 4153 1595 4208 solum
1617 4153 1758 4208 enim
1779 4162 1985 4224 regnat,

407 4244 503 4302 sed
530 4247 688 4301 etiam
734 4254 919 4301 sancte
966 4253 1168 4323 regnat.
1221 4243 1356 4313 Quid
1406 4253 1507 4311 est,
1538 4254 1720 4302 sancte
1765 4248 1989 4316 regnat?

408 4337 569 4394 Pure.
611 4336 864 4392 Ilomines
893 4337 1035 4392 enim
1076 4336 1167 4407 qui
1206 4335 1427 4391 veniunt
1463 4334 1530 4393 ad
1561 4336 1661 4391 hoc
1686 4337 1985 4407 imperium,

408 4442 471 4484 ea
521 4435 786 4496 potestate
825 4425 892 4482 ad
922 4424 1167 4494 injuriam
1214 4422 1544 4480 inferendam
1582 4433 1821 4480 utuntur.
1854 4426 1987 4482 Illud

408 4524 586 4572 autem
618 4516 896 4587 imperium
936 4524 1017 4570 est
1051 4515 1118 4569 ab
1147 4518 1292 4571 omni
1322 4529 1381 4570 re
1409 4514 1666 4583 ejusmodi
1707 4515 1985 4585 intactum,

407 4622 619 4678 purum,
649 4616 701 4662 et
738 4618 1001 4663 sanctum.
1028 4605 1209 4676 Neque
1230 4605 1371 4661 enim
1398 4604 1560 4671 fraus,
1589 4620 1762 4675 neque
1789 4606 1986 4676 aliquid

408 4697 673 4768 ejusmodi
724 4697 853 4752 illud
905 4696 1163 4773 judicium
1194 4695 1487 4764 corrumpit
1526 4703 1577 4771 et
1615 4695 1983 4763 circumvenit,

408 4788 502 4845 sed
528 4796 611 4844 est
631 4803 840 4860 purum,
871 4786 1157 4852 sincerum,
1180 4800 1514 4857 quacumque
1530 4787 1757 4857 puritate
1780 4786 1985 4857 fulgens

410 4882 624 4948 clarius,
666 4878 1012 4950 resplendeus
1065 4878 1313 4934 inelTabili
1356 4877 1543 4949 gloria.
1584 4878 1671 4933 l0.
1723 4876 1985 4949 Principes

411 4970 711 5046 pepulerunt
734 4969 1019 5041 congregati
1053 4978 1170 5022 sunt
1214 4984 1331 5023 cum
1378 4967 1486 5023 Deo
1529 4961 1826 5023 Abraham:
1855 4985 1983 5040 quo-

405 5066 544 5123 niam
569 5063 664 5120 Dei
691 5063 845 5133 fortes
868 5070 1015 5117 teme
1034 5061 1342 5116 uehementer
1367 5061 1544 5115 eleuati
1564 5070 1698 5116 sunt.

476 5158 528 5214 6.
573 5155 668 5212 llic
709 5152 944 5212 ostendit
975 5152 1245 5224 quomodo
1274 5152 1431 5208 fuerit
1453 5161 1728 5208 extensum
1754 5167 1983 5224 evange-

407 5250 557 5315 lium,
584 5246 725 5317 quod
752 5261 857 5302 non
887 5243 1058 5300 solum
1088 5243 1319 5314 privatos
1346 5241 1539 5311 attigit,
1570 5242 1665 5298 sed
1687 5257 1780 5299 eos
1821 5244 1982 5299 etiam

405 5339 495 5411 qui
521 5344 647 5394 sunt
672 5336 904 5393 redimiti
937 5335 1256 5405 diademate,
1284 5342 1339 5390 et
1356 5332 1544 5391 sedent
1566 5333 1617 5387 in
1646 5333 1783 5389 solio
1808 5336 1979 5404 regio.

409 5428 612 5484 Deinde
636 5427 924 5484 ostendens
957 5440 1080 5481 eum
1106 5440 1228 5481 esse
1258 5439 1420 5479 unum
1449 5423 1614 5481 Deum
1635 5422 1770 5478 Novi
1797 5432 1851 5479 et
1876 5423 1981 5479 Ve-

410 5519 539 5575 teris
563 5519 911 5586 TeSIamcnti,
952 5518 1080 5575 dicit
1111 5534 1126 5573 :
1155 5517 1280 5574 Cum
1311 5516 1416 5571 Deo
1442 5516 1700 5571 Abraham
1724 5556 1739 5582 ,
1774 5516 1826 5572 id
1859 5527 1978 5586 est,

410 5609 507 5675 ille,
520 5608 633 5681 ipse
665 5608 757 5682 qui
794 5619 847 5666 et
872 5616 1177 5668 nostrorum
1200 5607 1460 5681 majorum
1490 5606 1630 5666 Deus
1657 5615 1740 5669 est
1762 5649 1778 5681 ,
1806 5617 1860 5667 ct
1887 5609 1977 5681 qui

1127 196 1194 254 ‘S.
1238 196 1514 255 IOANNIS
1550 198 2031 259 CHRYSOSTOMI
2072 198 2389 258 ARCHIEP.
2431 202 2963 261 CONSTANTINOP.

3572 208 3679 264 916

2102 311 2208 367 illis
2233 315 2389 371 etiam
2412 314 2581 385 legem
2605 317 2769 372 dedit.
2793 317 2859 371 Et
2876 316 2995 372 ideo
3021 315 3506 373 dicebatlcremias
3533 366 3541 372 .
3574 320 3681 374 Du-

2101 406 2162 459 bo
2189 407 2322 461 vobis
2352 416 2697 462 testamentum
2724 424 2904 463 nouum
2931 449 2946 473 ,
2975 424 3075 461 non
3102 409 3376 465 secundum
3410 420 3678 466 testamen-

2100 503 2225 557 tum.
2246 498 2380 568 quod
2404 498 2518 552 dedi
2545 499 2773 567 patribus
2800 500 2998 565 vestris,
3029 499 3081 552 in
3121 499 3203 552 die
3229 515 3326 570 quo
3356 515 3447 573 ego
3476 517 3669 571 appre-

2101 589 2251 643 hendi
2276 607 2481 644 ntanum
2506 607 2680 644 eorum
2708 600 2764 644 ut
2804 591 3064 646 educerem
3096 607 3179 644 eos
3223 591 3289 645 de
3325 602 3461 644 terra
3505 592 3678 663 (Egy-

2101 681 2176 753 pti
2215 678 2346 751 (Jer.
2395 681 2486 736 51.
2542 682 2630 737 51.
2677 681 2766 748 52)
2796 722 2810 746 ,
2840 680 3127 736 ostendens
3159 697 3319 736 unum
3349 691 3403 737 et
3428 684 3679 738 eutudem

2099 784 2220 827 esse
2247 771 2602 841 legislatorem
2630 779 2685 827 et
2726 770 2853 827 Novi
2878 781 2931 826 et
2959 771 3169 827 Veteris
3203 772 3558 828 Testamenti.
3616 780 3674 837 Et

2101 859 2307 915 Baruch
2337 877 2519 916 rursus
2547 861 2757 917 dicebat
2785 881 2798 917 :
2827 861 2930 916 Hic
2954 873 3026 917 est
3067 861 3207 916 Deus
3232 874 3399 918 noster
3420 905 3436 930 ,
3468 881 3570 919 non
3595 885 3667 920 re-

2099 952 2355 1024 putabitur
2406 952 2538 1006 alius
2583 962 2762 1023 praeter
2812 954 2998 1024 ipsum.
3050 952 3250 1007 Invenit
3302 971 3498 1011 omnem
3546 959 3675 1013 uiam

2099 1041 2320 1094 scientia!
2347 1052 2393 1095 et
2432 1042 2570 1096 dedit
2602 1058 2713 1097 eam
2738 1041 2900 1097 Iacob
2928 1043 3036 1111 ﬁlio
3060 1059 3174 1109 suo,
3196 1053 3242 1096 et
3291 1043 3457 1100 Israel
3494 1047 3677 1119 dilecto

2098 1148 2211 1188 suo.
2240 1130 2425 1188 Postea
2448 1145 2613 1189 autem
2636 1137 2690 1189 in
2714 1146 2845 1189 terra
2869 1137 3001 1190 visus
3025 1146 3135 1199 est,
3169 1147 3213 1190 et
3243 1154 3357 1191 cum
3394 1139 3676 1197 hominibus

2099 1235 2417 1280 conversatus
2443 1236 2514 1280 est
2553 1226 2799 1298 (Barnch.
2828 1229 2880 1283 3.
2921 1227 2990 1283 56
3007 1227 3163 1301 ~38),
3193 1228 3499 1298 signiﬁcans
3525 1248 3676 1287 cum-

2099 1315 2220 1372 detn
2249 1332 2368 1373 esse
2398 1319 2485 1388 qui
2516 1317 2685 1389 legem
2712 1318 2899 1385 dedit,
2926 1327 2982 1374 et
3011 1319 3099 1389 qui
3128 1320 3431 1375 incarnatus
3456 1332 3539 1376 est
3576 1342 3589 1376 :
3620 1333 3675 1379 et

2097 1422 2220 1464 eum
2268 1409 2356 1478 qui
2403 1410 2706 1464 incarnatus
2730 1419 2829 1472 est,
2863 1409 3034 1479 legem
3076 1409 3309 1465 dedisse.
3356 1410 3468 1467 Iloc
3512 1415 3673 1469 etiam

2098 1500 2226 1556 dicit
2254 1500 2512 1571 propheta
2538 1517 2551 1553 :
2576 1500 2874 1572 Congregati
2894 1512 3031 1567 sunt,
3050 1502 3366 1570 inquit,cum
3385 1502 3492 1560 Deo
3516 1504 3674 1558 Abra-

2099 1590 2238 1645 ham.
2270 1591 2529 1646 Hebraeus
2553 1599 2731 1646 autem
2759 1607 2856 1661 pro
2883 1605 2951 1647 eo
2975 1592 3116 1662 quod
3140 1601 3237 1657 est,
3268 1592 3397 1648 Cum
3419 1594 3547 1663 Deo,
3579 1596 3672 1650 Eus

2100 1681 2218 1737 Elei
2245 1682 2521 1737 Abraham.
2544 1683 2610 1738 Et
2635 1698 2742 1753 quo
2764 1681 2944 1751 modo,
2975 1698 3174 1754 qumso,
3208 1684 3310 1741 hoc
3336 1685 3531 1743 factum
3549 1690 3671 1744 est?

2101 1774 2350 1840 Quoniam
2382 1772 2481 1829 Dei
2537 1778 2692 1844 fortes
2738 1784 2887 1829 terre
2932 1776 3248 1829 vehementer
3297 1776 3474 1831 eleuati
3530 1788 3663 1834 sunt.

2097 1863 2322 1932 Quinam
2361 1873 2486 1920 sunt
2528 1874 2704 1920 autem
2732 1865 2829 1921 Dei
2853 1865 3037 1934 fortes,
3067 1866 3169 1923 nisi
3195 1869 3452 1938 apostoli,
3485 1868 3666 1925 fideles

2097 1956 2327 2011 omnes?
2350 1955 2610 2023 Quoniam
2639 1959 2779 2012 enim
2817 1958 3054 2028 potentia
3096 1973 3280 2014 eorum
3322 1974 3490 2031 usque
3533 1962 3668 2019 adeo

2098 2046 2445 2116 resplenduit,
2468 2062 2655 2103 omnes
2682 2047 2961 2103 vicerunt:
2988 2058 3134 2104 recte
3160 2059 3337 2106 autem
3371 2066 3465 2108 eos
3489 2053 3672 2122 appel-

2094 2138 2226 2193 lavit
2254 2137 2445 2194 fortes.
2466 2138 2660 2207 Quidni
2689 2138 2830 2197 enim
2855 2138 3044 2205 fortes,
3073 2141 3161 2211 qui
3191 2141 3453 2198 adversus
3485 2143 3671 2199 orbem

2100 2239 2255 2285 terrae
2283 2230 2449 2286 aciem
2479 2230 2863 2295 instruxerunt,
2891 2230 3150 2287 adversus
3170 2231 3466 2300 daemones,
3492 2234 3673 2290 adver-

2097 2335 2189 2378 sus
2212 2321 2502 2387 diabolum,
2542 2322 2803 2377 adversus
2835 2323 3079 2394 populos,
3120 2324 3379 2381 adversus
3406 2327 3667 2396 civitates,

2096 2410 2351 2468 adversus
2400 2419 2608 2482 gentes,
2638 2412 2895 2469 adversus
2943 2420 3221 2486 tyrannos,
3268 2415 3528 2472 adversus
3562 2427 3671 2473 tur-

2096 2512 2275 2559 menta
2328 2518 2392 2560 ac
2445 2504 2721 2574 supplicia,
2771 2504 3028 2560 adversus
3072 2506 3387 2577 sartagines,
3416 2507 3671 2564 adversus

2098 2593 2342 2651 fornaces
2359 2635 2374 2660 ,
2400 2594 2653 2650 adversus
2682 2595 3115 2651 consuetudinem
3136 2638 3153 2666 ,
3184 2597 3439 2653 adversus
3468 2608 3668 2655 naturae

2098 2687 2432 2759 tyrannidem
2464 2729 2480 2756 ,
2527 2694 2583 2744 et
2626 2689 2805 2743 omnia
2854 2689 3144 2745 dirucbant
3173 2691 3213 2758 ¹,
3262 2698 3319 2747 et
3367 2693 3670 2761 superiores

2096 2777 2342 2834 clunibus
2371 2777 2688 2847 evadebant,
2719 2788 2773 2835 et
2799 2794 2829 2835 a
2853 2780 3000 2835 nullo
3021 2780 3417 2838 vincebantur?
3441 2798 3667 2854 quomo-

2095 2866 2165 2923 do
2187 2882 2290 2922 non
2317 2866 2503 2933 fortes,
2522 2869 2612 2938 qui
2632 2868 2715 2924 vel
2742 2879 2864 2939 post
2888 2879 3134 2937 mortem,
3157 2879 3358 2927 tantam
3381 2873 3670 2929 ostendunt

2094 2957 2376 3013 virtutem?
2401 2956 2667 3028 quomodo
2695 2972 2802 3013 non
2835 2957 3029 3025 fortes,
3057 2975 3286 3030 quorum
3334 2962 3500 3018 verba
3546 2974 3671 3018 sunt

2094 3048 2282 3119 quovis
2318 3047 2599 3105 adamante
2623 3049 2835 3105 duriora
2854 3091 2868 3115 ,
2898 3065 2997 3107 nec
3035 3052 3199 3108 ullum
3228 3068 3292 3109 ea
3312 3061 3521 3125 tempus
3542 3056 3669 3111 abo-

2095 3138 2369 3207 Ievit,sed
2396 3139 2632 3211 quotidie
2687 3141 2858 3211 majus
2902 3140 3290 3199 incrementum
3328 3146 3665 3215 suscipiunt:

2093 3230 2220 3286 dum
2245 3246 2432 3287 omnes
2473 3231 2668 3302 ubique
2704 3232 2850 3288 orbis
2883 3242 3142 3290 terrarum
3194 3250 3322 3293 oras
3365 3238 3667 3308 evangelica

2094 3322 2399 3392 praedicatio
2449 3323 2719 3393 pervadit?
2768 3323 2873 3380 Pro
2915 3323 2998 3379 his
3049 3326 3299 3381 omnibus
3347 3327 3580 3399 benigno
3614 3338 3670 3385 et

2093 3414 2340 3471 clementi
2374 3414 2485 3470 Deo
2513 3415 2707 3485 gratias
2743 3430 2962 3486 agamus
2991 3433 3006 3470 :
3034 3418 3284 3488 quoniam
3312 3420 3362 3475 ei
3406 3420 3571 3490 gloria
3611 3431 3666 3477 et

2092 3509 2328 3580 potentia
2346 3549 2362 3575 ,
2392 3522 2534 3565 nunc
2561 3516 2618 3564 et
2643 3523 2858 3580 semper
2876 3551 2892 3577 ,
2921 3516 2976 3567 et
3004 3509 3058 3566 iu
3097 3510 3296 3567 saecula
3330 3513 3663 3569 saeculorum.

2093 3600 2285 3657 Amen.

2521 3708 2587 3767 IN
2623 3708 2943 3771 PSALMUM
2979 3713 3189 3771 XLVII.

2447 3827 2499 3883 1.
2529 3824 2787 3883 Canticum
2808 3826 3007 3883 Psalmi
3026 3830 3147 3898 ﬁliis
3167 3829 3313 3885 Core.

2090 3934 2145 3993 2.
2180 3938 2397 4009 Magnus
2423 3936 2669 3994 Dominus
2695 3948 2742 3994 et
2768 3939 3037 3995 laudabilis
3075 3942 3239 4008 valde,
3271 3944 3324 3997 in
3352 3945 3550 3999 ciuitate
3578 3947 3668 3999 Dei

2161 4031 2340 4097 nostri,
2371 4030 2424 4083 in
2448 4040 2616 4084 monte
2628 4042 2798 4085 sancto
2817 4033 2946 4103 ejus,
2972 4033 3024 4088 3.
3048 4032 3167 4086 bene
3186 4034 3436 4090 radicibus
3455 4037 3667 4104 ﬁrmans

2161 4124 2497 4179 exsultatione
2542 4122 2784 4177 universa:
2830 4133 2995 4178 terrte.
3050 4122 3197 4176 Alius
3243 4123 3391 4187 dicit.
3441 4123 3669 4181 Pulchro

2160 4216 2396 4288 germine,
2419 4212 2606 4283 gaudia
2628 4214 2870 4268 uniuersis
2892 4222 3057 4267 terra.
3088 4212 3257 4282 Alius,
3279 4213 3353 4269 Ab
3372 4214 3515 4269 initio
3536 4232 3670 4287 pra:-

2159 4307 2344 4379 scripto
2364 4304 2632 4379 splendore
2651 4305 2895 4360 uniuersa:
2918 4314 3083 4358 terra.

2161 4420 2213 4475 ι.
2254 4418 2352 4475 Hic
2396 4432 2608 4489 quoque
2650 4416 2911 4488 significat
2938 4414 3311 4472 liberationem
3357 4432 3386 4471 a
3418 4416 3575 4474 bellis
3612 4427 3666 4474 et

2088 4510 2298 4581 pugnis.
2327 4508 2461 4575 Quia
2486 4509 2628 4564 enim
2657 4523 2688 4563 a
2716 4508 2988 4578 Babylone
3033 4508 3275 4575 reversi,
3318 4517 3375 4565 et
3426 4523 3458 4563 a
3510 4509 3663 4579 longa

2087 4602 2394 4672 captivitate
2431 4600 2673 4664 liberati,
2701 4608 2897 4655 terram
2925 4609 3202 4670 paternam
3226 4608 3544 4671 receperunt
3570 4641 3585 4667 ,
3611 4610 3666 4655 et

2087 4710 2120 4750 a
2143 4694 2321 4750 multis
2350 4694 2503 4750 bellis
2528 4682 2832 4760 evaserunt,
2860 4708 2960 4763 pro
2978 4692 3061 4748 bis
3077 4694 3326 4749 omnibus
3350 4694 3459 4750 Deo
3474 4693 3662 4750 borum

2088 4786 2346 4844 bonorum
2369 4785 2571 4844 auctori
2582 4786 2777 4857 gratias
2798 4796 3033 4854 agentes,
3062 4785 3159 4840 hos
3180 4785 3408 4857 hymnos
3435 4794 3660 4841 canunt:

2085 4879 2269 4935 dicunt
2289 4888 2467 4934 autem
2498 4893 2512 4931 :
2544 4877 2764 4949 Hagnus
2809 4875 3083 4941 Dominus,
3119 4888 3166 4932 et
3195 4877 3468 4931 laudabilis
3495 4877 3660 4935 ualde.

2087 4970 2308 5043 Magnus
2331 4971 2543 5041 quidem
2584 4970 2787 5036 dicunt,
2827 4968 2921 5025 sed
2946 4984 3104 5039 quam
3146 4983 3393 5040 magnus,
3427 4982 3535 5024 non
3584 4969 3663 5023 di-

2085 5071 2251 5117 cunt:
2284 5059 2387 5115 hoc
2434 5059 2576 5116 enim
2622 5074 2783 5115 nemo
2829 5057 2961 5123 scit;
3006 5068 3061 5113 et
3110 5058 3231 5115 ideo
3254 5058 3567 5129 subjunxit:
3598 5058 3664 5113 Et

2087 5152 2354 5208 laudabilis
2379 5151 2540 5207 valde.
2564 5150 2680 5207 Non
2701 5158 2784 5207 est
2810 5151 2951 5206 enim
2981 5149 3102 5205 ﬁnis
3126 5151 3243 5219 ejus
3262 5151 3661 5221 magnitudinis.

2085 5245 2235 5313 Quod
2255 5254 2435 5301 autem
2463 5244 2611 5306 dicit,
2642 5252 2724 5298 est
2747 5241 3010 5313 ejusmodi
3035 5259 3049 5297 :
3080 5241 3303 5313 Oportet
3320 5244 3470 5299 illum
3490 5245 3664 5300 solum

2084 5336 2252 5407 gloria
2290 5335 2503 5391 afﬁcere
2543 5342 2599 5390 et
2624 5332 2873 5400 laudare,
2901 5331 3060 5404 idque
3089 5346 3252 5403 supra
3291 5348 3507 5389 omnem
3550 5347 3668 5388 mo-

2148 5492 2165 5523 ί
2201 5497 2345 5543 Unus.
2367 5488 2595 5539 adversus
2615 5486 2919 5552 tyrannidem
2949 5491 3153 5552 naturte,
3178 5487 3407 5552 adversus
3446 5485 3665 5552 donum-

2083 5558 2225 5609 tores,
2267 5557 2495 5601 adversus
2511 5548 2671 5616 regei,
2704 5550 2934 5616 adversm
2962 5551 3139 5616 fantem
3162 5557 3206 5601 et
3244 5549 3390 5611 sitim,
3435 5548 3668 5599 adversus

2088 5620 2312 5677 mortem,
2329 5618 2375 5666 et
2395 5612 2552 5665 omnia
2571 5611 2843 5664 inruebant.
