4112 6208
426 310 532 366 217

423 428 592 482 duim:
631 422 850 480 laudare
901 431 1093 488 nempe
1140 428 1264 472 omn
1305 419 1520 484 propter
1569 409 1705 464 hanc
1744 404 2000 460 inﬁnitam

423 528 478 574 et
529 509 1119 584 ineomprobensibilem
1169 505 1415 562 essentia:
1452 496 1904 576 magnitudinem,
1947 500 2004 550 et

363 655 366 659 .
427 615 644 679 propter
669 583 878 661 summa
905 601 1026 672 eius
1054 598 1108 654 in
1123 613 1234 667 nos
1263 587 1540 652 beneﬁcia.
1571 589 1702 653 Nam
1733 596 1788 643 ct
1813 583 2000 650 voluit,

423 710 473 758 et
506 699 678 771 potuit
711 711 832 767 qua:
857 693 1044 750 valuit.
1101 689 1168 745 In
1195 689 1394 744 ciuitate
1415 684 1514 740 Dei
1539 680 1698 738 nostri
1715 721 1732 748 ,
1755 679 1807 734 in
1835 683 2004 732 urente

423 767 597 848 ....'...
622 793 750 862 ejus.
779 785 914 856 Quid
944 783 1114 840 dicis?
1144 781 1255 837 illic
1289 778 1409 848 ejus
1451 773 1663 830 laudent
1701 767 2001 833 conrhndis,

424 884 516 954 qui
540 890 623 938 est
647 895 890 950 magnus,
917 877 1008 948 qui
1035 871 1329 939 laudabilis,
1358 870 1412 924 in
1431 867 1644 924 civitate
1673 872 1730 920 et
1751 863 1807 917 in
1843 873 2005 915 mons

429 950 524 1030 te?
554 973 673 1028 Non
707 971 808 1026 hoc
835 970 976 1036 dico,
1003 967 1194 1038 inquit,
1219 963 1314 1020 sed
1338 959 1479 1032 quod
1499 971 1601 1014 nos
1623 964 1748 1011 ante
1773 953 1879 1007 alia
1905 950 2009 1004 hoc

426 1063 849 1136 cognoverimus.
885 1059 982 1115 Vel
1033 1063 1313 1129 propterea
1360 1065 1491 1122 ergo
1536 1046 1669 1103 dixit
1723 1041 1892 1108 illud,
1937 1038 2008 1092 In

427 1131 627 1212 civitate
651 1153 748 1209 Dei
787 1151 970 1218 nostri,
1011 1150 1095 1205 vel
1131 1147 1317 1202 volens
1363 1139 1674 1204 ostendere,
1715 1131 1876 1206 quod
1909 1137 2009 1202 per

429 1246 843 1319 magnitudinem
871 1239 1247 1298 miraculorum
1276 1249 1397 1306 qum
1425 1231 1498 1288 ibi
1518 1230 1654 1285 facta
1669 1233 1813 1290 sunt,
1825 1229 2010 1278 ostens

432 1356 492 1396 sa
516 1314 586 1395 sit
609 1337 724 1408 ejus
744 1332 1052 1405 magnitudo
1095 1336 1153 1386 et
1172 1327 1347 1402 gloria
1376 1341 1394 1379 :
1425 1319 1570 1394 quod
1603 1331 1704 1408 eos
1735 1314 1822 1386 qui
1858 1319 2012 1371 erant

431 1404 657 1501 captivi;
681 1427 772 1498 qui
801 1404 1044 1496 disjecti,
1073 1421 1164 1492 qui
1205 1413 1497 1484 contempti
1516 1451 1534 1481 ,
1561 1409 1651 1482 qui
1693 1407 1752 1464 iu
1797 1404 2010 1501 regione

435 1495 613 1584 hostili
659 1495 809 1574 velut
848 1495 906 1572 in
935 1512 1184 1584 sepulcro
1217 1506 1589 1566 detinebantur
1605 1542 1621 1567 ,
1660 1507 1718 1556 ut
1751 1495 1888 1554 adeo
1918 1509 2006 1580 re-

433 1576 591 1684 pente
617 1610 746 1667 clari
773 1614 975 1672 essent,
997 1576 1363 1676 procuraverit
1390 1611 1406 1646 τ
1435 1603 1494 1651 ut
1531 1603 1586 1650 et
1610 1591 1703 1662 qui
1731 1602 1827 1646 eos
1859 1576 2007 1642 vice-

433 1677 570 1769 rant,
599 1706 951 1772 superarent,
979 1704 1035 1753 et
1055 1694 1122 1749 ad
1147 1693 1376 1763 priorem
1405 1685 1641 1744 redirent
1682 1677 2007 1752 prosperitap

429 1808 536 1852 tem
560 1835 580 1861 ,
631 1802 688 1849 et
733 1789 980 1860 antiquus
1035 1785 1221 1858 patriae
1275 1787 1444 1836 status
1489 1777 1570 1834 eis
1612 1772 2005 1830 restitueretur.

425 1882 668 1942 Ostendit
691 1882 833 1939 enim
853 1921 870 1948 ,
899 1877 1088 1950 inquit,
1117 1876 1286 1945 ipsum
1313 1870 1472 1926 etiam
1493 1873 1858 1924 creaturarum
1884 1873 2006 1930 quas

424 1977 670 2036 videntur
695 1970 1002 2044 magnitudo
1033 1985 1049 2022 :
1076 1966 1174 2023 sed
1189 1961 1444 2036 quoniam
1459 1955 1765 2028 complures
1779 1951 2008 2022 antiqui-

423 2075 510 2126 tus
531 2073 688 2124 erant
719 2062 879 2138 paulo
921 2057 1332 2129 insipientiores,
1353 2049 1713 2120 cognitionem
1736 2084 1753 2110 .
1786 2055 1905 2114 quae
1936 2055 2004 2102 ex

425 2157 655 2216 inimicis
689 2131 748 2212 et
778 2169 848 2210 ex
876 2149 1096 2208 victoria
1127 2145 1320 2211 oritur,
1363 2140 1565 2212 adjicit,
1592 2133 1862 2192 mirabilia
1889 2131 2009 2186 huic

429 2258 632 2318 tropaea
679 2243 892 2302 assidue
919 2242 1168 2312 erigens,
1194 2244 1250 2292 et
1273 2249 1360 2290 res
1386 2232 1440 2288 in
1477 2223 1887 2298 meliusmutari
1907 2236 2008 2278 cu-

429 2313 577 2402 rans,
604 2349 672 2390 ac
685 2340 880 2404 praeter
895 2344 1044 2400 spem
1073 2336 1128 2382 et
1147 2321 1598 2396 exspectationem
1627 2329 1840 2374 omnem
1865 2313 2010 2384 ejus-

430 2427 574 2483 modi
597 2423 854 2482 miracula
878 2422 1062 2480 edens.
1102 2418 1254 2476 Hanc
1289 2424 1466 2472 autem
1487 2419 1641 2467 vocat
1669 2408 1788 2478 ejus
1819 2405 2005 2462 civita-

436 2531 579 2587 tem,
613 2534 720 2576 non
743 2517 876 2573 alias
901 2514 1022 2585 ejus
1056 2513 1270 2584 privans
1310 2504 1662 2579 providentia,
1689 2499 1784 2556 sed
1817 2507 1876 2556 ut
1910 2497 2010 2587 hos

434 2586 714 2677 ostendat,
743 2605 884 2678 quod
907 2604 975 2660 ad
999 2599 1316 2672 cognitionis
1340 2597 1600 2652 rationem
1635 2590 1852 2657 attinet,
1889 2586 2010 2644 aliis

431 2700 596 2756 fuisse
620 2699 774 2771 longe
803 2697 1025 2769 priores.
1053 2691 1166 2747 illa:
1193 2689 1338 2747 enim
1367 2685 1482 2758 ejus
1506 2682 1610 2740 dici
1650 2686 1902 2752 poterant
1925 2692 2012 2732 ra-

430 2793 574 2848 tione
603 2767 1053 2856 tant'um'opiﬁcii;
1097 2783 1213 2838 haec
1247 2793 1378 2836 vero
1415 2776 1575 2833 etiam
1609 2772 1820 2830 ratione
1859 2767 2012 2824 iami-

428 2881 670 2958 liaritatis
695 2887 750 2935 et
774 2873 1216 2937 necessitudinis,
1243 2879 1298 2928 et
1341 2865 1488 2939 quod
1525 2865 1642 2920 hinc
1679 2861 1856 2938 omnia
1901 2857 2012 2914 illic

428 2955 618 3036 iicreat
643 2969 918 3027 miracula.
949 2967 1100 3024 Tunc
1134 2965 1312 3034 itaque
1351 2974 1414 3016 ea
1448 2957 1730 3014 dicebatur
1761 2953 1853 3009 Dei
1874 2952 2009 3009 civi-

427 3077 542 3140 tas;
574 3077 716 3120 nunc
755 3069 936 3118 autem
965 3073 1064 3114 nos
1091 3068 1281 3113 omnes
1316 3050 1410 3108 Dei
1444 3048 1691 3105 dicimur.
1733 3044 1834 3114 Qui
1874 3044 2008 3100 enim

430 3137 616 3214 Christi
639 3164 778 3223 sunt,
801 3153 1000 3224 inquit,
1027 3163 1230 3206 carnem
1253 3143 1610 3214 cruci/icerant
1641 3155 1763 3194 cum
1802 3137 1935 3192 uitiis
1959 3144 2007 3191 et

426 3244 838 3317 concupiscentiis
866 3240 1006 3316 (Gai.
1033 3240 1090 3298 5.
1117 3237 1232 3309 24).
1259 3233 1448 3291 Vidisti
1469 3243 1730 3288 summam
1749 3234 1803 3284 et
1827 3227 2005 3282 inten-

431 3338 694 3394 tissimam
753 3329 1042 3392 virtutem?
1105 3327 1176 3383 Et
1227 3325 1347 3380 ideo
1390 3319 1752 3396 appellabatur
1797 3329 2008 3388 quoque

429 3443 586 3484 mons
608 3426 722 3493 Dei,
743 3421 994 3496 quoniam
1021 3421 1163 3475 Deus
1177 3417 1286 3472 illic
1299 3414 1589 3472 colebatur.
1604 3410 1739 3466 Bene
1753 3409 2007 3464 radicibus

428 3523 641 3590 [intrans
686 3515 1018 3573 exsultatione
1064 3512 1308 3568 uniuersa:
1363 3516 1530 3564 terra.
1592 3504 1802 3560 Dictum
1853 3499 2008 3558 valde

427 3589 732 3678 obscurum,
759 3616 814 3664 et
841 3606 960 3663 ideo
1005 3609 1214 3676 oportet
1261 3597 1560 3658 attendere.
1581 3627 1584 3630 ν
1605 3595 1668 3652 Ei
1709 3593 1852 3650 enim
1874 3633 1888 3658 ,
1915 3589 2006 3660 qui

430 3700 792 3780 perfunctorie
817 3699 982 3771 legit,
1009 3709 1256 3767 magnam
1283 3691 1436 3746 all‘ert
1459 3687 1841 3746 dubitationem
1872 3703 1886 3739 :
1915 3681 2006 3753 qui

435 3777 488 3852 id
513 3802 691 3850 autem
731 3791 1014 3862 diligenter
1042 3783 1398 3858 persequitur,
1427 3777 1627 3834 videbit
1670 3787 2006 3854 consequenv

436 3887 584 3950 tiam,
616 3893 669 3938 et
695 3887 996 3938 accuratam
1021 3874 1401 3932 sententiarum
1422 3851 1831 3925 connexionem.
1854 3858 2007 3929 Quod

433 3977 574 4044 enim
603 3974 750 4041 dicit,
772 3981 856 4028 est
881 3965 1185 4042 ejusmodi:
1214 3964 1434 4035 Magnus
1449 3960 1702 4014 Dominus
1731 3958 1783 4010 in
1811 3956 2009 4010 civitate

431 4069 527 4128 Dei
552 4067 707 4124 nostri
728 4107 744 4136 ,
768 4067 821 4121 in
847 4073 1015 4118 monte
1041 4068 1212 4117 sancta
1239 4073 1330 4111 suo
1351 4059 1472 4110 bene
1489 4053 1744 4119 radicum,
1775 4049 1877 4104 hoc
1908 4055 2008 4114 est,

433 4161 572 4217 bene
598 4159 862 4216 radicibus
907 4157 1147 4220 ﬁrmans,
1181 4159 1236 4207 et
1269 4164 1388 4208 eam
1437 4145 1656 4218 pulchre
1699 4147 1913 4198 ﬁrmans
1951 4155 2014 4196 ac

434 4251 707 4308 stabiliens
734 4251 785 4304 in
817 4248 1012 4322 gaudio
1051 4253 1106 4302 et
1129 4242 1311 4301 ltutitia
1347 4239 1510 4294 totius
1537 4236 1684 4292 orbis
1725 4245 2012 4292 terrarum.

435 4329 546 4401 liuc
585 4344 742 4398 etiam
771 4341 909 4396 alius
936 4339 1158 4395 obscure
1193 4331 1501 4404 signiﬁcans
1525 4328 1680 4396 dixit,
1711 4324 2016 4395 Prescripto

433 4437 702 4512 splendore
724 4435 968 4492 universi:
981 4440 1148 4488 term.
1179 4428 1312 4488 Eam
1339 4425 1492 4483 enim
1526 4423 1652 4480 fecit
1677 4418 2016 4490 splendorem

433 4509 486 4609 et
513 4529 751 4584 laetitiam
780 4524 1043 4582 universa:
1074 4531 1247 4578 terrae.
1279 4518 1429 4574 Illinc
1453 4523 1532 4574 est
1563 4513 1682 4584 fons
1704 4509 1935 4583 pietatis,
1963 4517 2018 4567 et

431 4605 642 4678 radices
673 4626 728 4675 et
752 4615 1022 4692 principia
1051 4612 1144 4668 Dei
1167 4607 1505 4681 cognitionis.
1544 4605 1692 4662 Hanc
1715 4618 1866 4675 ergo,
1893 4616 2013 4658 cum

437 4712 557 4770 talis
590 4716 767 4776 esset,
798 4705 1062 4764 radicibus
1102 4701 1334 4758 ﬁrmavit
1359 4713 1424 4754 ac
1449 4695 1702 4754 stabilivit
1745 4693 1816 4750 ad
1859 4706 2016 4750 orna-

437 4809 672 4858 mentum
697 4799 860 4854 totius
888 4793 1034 4854 orbis
1057 4801 1339 4856 terrarum,
1365 4788 1432 4844 ad
1462 4785 1876 4843 exsultationem
1899 4823 1915 4850 ,
1945 4781 2012 4840 ad

433 4891 685 4964 gaudium
715 4889 878 4944 totius
921 4882 1123 4941 mundi.
1171 4879 1508 4955 Jerosolyma
1559 4877 1703 4932 enim
1750 4884 1874 4930 tunc
1902 4881 2017 4929 erat

437 4963 690 5056 magistra
713 4980 974 5036 universa:
1001 4985 1178 5042 terras,
1202 4981 1258 5028 et
1284 4970 1373 5044 qui
1404 4969 1650 5026 volebant
1674 4966 1774 5022 irui
1799 4963 2012 5038 gaudio,

430 5077 745 5146 cultumque
772 5082 827 5130 et
850 5076 1218 5146 ornamentum
1244 5078 1479 5144 capere,
1506 5062 1629 5120 hinc
1651 5075 1713 5116 ea
1743 5075 1858 5130 qua:
1881 5059 2017 5116 bona

438 5179 494 5224 et
527 5141 751 5224 honesta
793 5169 948 5222 erant
981 5141 1272 5216 discebant.
1305 5155 1376 5212 Et
1415 5141 1538 5208 ideo
1565 5151 1670 5208 hoc
1715 5148 2020 5219 signiﬁcans

440 5275 546 5316 non
572 5257 726 5323 dixit,
746 5253 1032 5311 Radicibus
1055 5250 1291 5312 ﬁrmans,
1319 5245 1414 5302 sed
1435 5286 1450 5310 ,
1482 5243 1618 5298 Bene
1642 5241 1852 5312 ﬁrmans
1877 5239 2018 5294 radi-

440 5350 598 5406 cibus.
630 5347 780 5416 Quod
807 5346 851 5402 si
878 5343 1014 5401 velis
1047 5340 1279 5409 idipsum
1315 5336 1562 5407 accipere
1587 5331 1874 5404 anagogiee
1894 5370 1910 5396 ,
1940 5328 2018 5384 vi-

440 5441 594 5496 debis
619 5453 795 5494 rerum
819 5435 1117 5492 veritatem.
1150 5430 1283 5486 llinc
1317 5428 1458 5484 enim
1489 5423 1750 5498 processit
1789 5422 2023 5479 exsulta-

445 5535 518 5588 tio
544 5547 639 5602 per
682 5529 988 5584 universum
1027 5523 1210 5578 orbem
1262 5529 1520 5575 terrarum
1545 5560 1561 5585 ,
1589 5517 1714 5572 hinc
1765 5511 2024 5586 processit

443 5623 695 5694 gaudium
738 5629 792 5676 et
818 5616 1018 5680 latitia,
1049 5613 1172 5668 hinc
1219 5618 1534 5667 emanarunt
1571 5609 1744 5665 fontes
1789 5606 2022 5678 philoso-

451 5716 609 5788 phiae,
641 5711 733 5771 ubi
759 5709 1000 5770 Christus
1028 5705 1122 5762 fuit
1149 5701 1453 5770 cruciﬁxus,
1485 5699 1624 5758 unde
1651 5697 1874 5771 profecti
1893 5704 2024 5755 sunt

1521 288 1878 352 EXPOSITIO
1911 287 1981 346 IN
2019 285 2344 344 PSALMUH
2381 284 2591 344 Χινπ.

3586 283 3692 338 θυι

2108 403 2332 473 apostoli
2362 443 2375 456 .
2397 401 2482 455 Ls
2504 399 2650 465 Sion,
2675 397 2840 463 enim,
2861 395 3054 466 inquit,
3080 395 3356 467 egredietur
3373 393 3476 457 tes,
3507 401 3554 448 ct
3581 409 3694 450 om

2107 497 2224 550 bum
2261 493 2469 548 Domini
2491 506 2558 545 ex
2581 487 2868 546 Jerusalem
2889 486 3074 560 (Mich.
3105 488 3160 542 4.
3183 485 3242 559 2³.)
3275 502 3290 542 :
3323 485 3482 542 habet
3511 491 3709 540 autem.

2108 587 2212 644 hoc
2229 585 2480 658 gaudium
2515 583 2724 638 radices
2750 578 3097 642 immortales.
3143 577 3350 636 ﬂantes
3374 575 3502 634 Sion
3531 576 3704 644 iugera.
3818 631 3828 643 ,

2105 681 2380 752 destituis.
2415 677 2596 741 Alius,‘
2630 673 2828 730 Montes
2875 672 3004 730 Sion
3051 675 3246 744 [auore
3283 671 3557 741 aquilonis.
3587 667 3694 724 lle-

2106 771 2286 828 brteus
2299 777 2500 834 autem,
2514 766 2589 821 Ar
2605 765 2732 822 Sion
2742 764 2974 836 jorchtlte
2997 763 3250 834 sapltoun.
3269 761 3382 829 Qua
3407 760 3478 816 de
3501 773 3686 825 musa,

2109 876 2329 933 quaso,
2355 858 2598 916 meminit
2635 871 2780 912 nunc
2810 855 3092 926 aquilonis,
3116 864 3170 910 et
3195 855 3356 910 situm
3392 851 3494 918 loci
3533 851 3690 908 nobis

2110 953 2401 1010 describit?
2419 949 2684 1020 Quoniam
2713 948 2927 1009 assiduo
2951 947 3148 1006 bellum
3171 945 3296 1002 hinc
3309 943 3687 1010 suscitabatur,

2113 1043 2484 1101 invadentibus
2509 1039 2779 1108 barbaris,
2833 1039 2993 1109 idque
3049 1036 3321 1108 prophetas
3353 1035 3538 1092 dicut
3581 1036 3688 1092 ire-

2113 1144 2340 1208 qucnter
2359 1176 2375 1201 ,
2406 1133 2601 1192 bellum
2629 1131 2696 1188 ab
2720 1130 2967 1200 aquilone
3002 1129 3331 1199 appellantes
3349 1125 3486 1198 (Jer.
3519 1127 3570 1182 ι.
3599 1126 3686 1181 l3.

2114 1230 2206 1302 ιι)
2229 1246 2248 1298 ;
2272 1238 2328 1285 et
2355 1228 2581 1284 lcbetem
2611 1226 2757 1282 illinc
2775 1223 3067 1284 ferventem
3079 1220 3388 1278 describunt
3411 1238 3425 1274 :
3449 1220 3522 1273 ita
3547 1219 3688 1274 enim

2109 1324 2213 1378 sita
2231 1329 2313 1378 est
2331 1321 2478 1392 regio
2493 1316 2852 1384 Persarum,si
2866 1315 3123 1372 habeatur
3135 1313 3274 1368 ratio
3292 1311 3690 1382 Palaestinrem.

2110 1416 2260 1486 Quod
2285 1414 2480 1470 factum
2507 1411 2782 1468 admirans
2801 1449 2822 1478 ,
2863 1409 2964 1464 hoc
2995 1406 3291 1480 subiunxit,
3323 1402 3632 1475 signiﬁcans
3671 1419 3698 1462 :.

2113 1508 2242 1564 Eam
2271 1520 2390 1578 quas
2411 1504 2557 1561 illine
2585 1501 2798 1560 assidue
2817 1498 3135 1565 vexabatur.
3169 1495 3341 1554 iecisti
3359 1495 3690 1566 inespugna.

2110 1601 2293 1656 bilem.
2331 1593 2562 1652 Perinde
2597 1593 2740 1652 enim
2786 1606 2852 1648 ac
2891 1591 2938 1648 si
2975 1590 3096 1661 quis
3119 1587 3326 1646 diceret
3347 1587 3419 1645 de
3441 1600 3690 1656 corpore,

2110 1694 2321 1750 Partem
2367 1689 2514 1745 illam
2555 1685 2874 1744 imbecillam
2923 1681 3104 1740 iecisti
3141 1679 3489 1738 valentiorem
3525 1696 3544 1733 :
3589 1676 3692 1734 hoc

2110 1787 2274 1843 etiam
2305 1782 2392 1839 hic
2413 1782 2528 1853 ipse
2553 1778 2886 1843 subindicat,
2925 1775 3112 1832 dicens
3139 1786 3158 1830 :
3183 1772 3324 1830 unde
3345 1771 3522 1829 lucms
3543 1778 3602 1824 et
3623 1769 3692 1826 la.-

2110 1892 2329 1951 crymai,
2355 1875 2501 1931 unde
2535 1873 2688 1944 origo
2725 1869 3087 1929 calamitatum
3104 1907 3127 1936 ,
3149 1877 3228 1924 eae
3256 1872 3433 1931 partes
3457 1861 3690 1930 impletas

2111 1981 2240 2029 sunt
2261 1964 2958 2042 volnptate,‘nlacritateque
2983 1960 3168 2016 nimi.
3194 1956 3344 2014 Unde
3367 1955 3550 2021 min,
3570 1967 3688 2010 me—

2110 2074 2218 2132 tus,
2244 2073 2301 2120 et
2325 2061 2554 2135 pericula
2575 2099 2594 2126 ,
2633 2058 2758 2114 hinc
2781 2053 3030 2127 gaudium
3055 2059 3112 2108 et
3151 2048 3331 2106 Itetitia
3362 2063 3380 2104 :
3409 2059 3523 2103 nec
3547 2043 3691 2101 ullus

2111 2133 2362 2226 deinceps
2407 2151 2600 2210 metuit
2634 2148 2999 2219 squilonarem
3036 2142 3180 2199 illam
3227 2147 3437 2211 partem
3475 2133 3687 2202 mundi,

2112 2262 2270 2305 nemo
2299 2225 2479 2301 animo
2505 2241 2736 2314 angitur,
2766 2252 2923 2296 nemo
2939 2235 3258 2306 suspicatur,
3275 2229 3370 2289 scd
3389 2241 3575 2286 omnes
3591 2225 3690 2282 de-

2109 2351 2236 2414 gunt
2263 2341 2316 2396 in
2353 2336 2559 2403 laetitia,
2583 2347 2705 2390 cum
2733 2333 2848 2404 ejus
2873 2329 3080 2388 radices
3107 2323 3286 2382 ﬁxeris
3315 2323 3370 2378 in
3395 2319 3687 2390 voluptate.

2111 2409 2294 2494 Dicitur
2322 2433 2453 2506 regis
2475 2429 2668 2503 magni.
2708 2429 2767 2484 d.
2794 2425 2932 2481 Dens
2960 2424 3014 2478 in
3040 2421 3270 2476 αωηὲὸιε
3295 2417 3404 2486 eius
3427 2409 3662 2486 cognosci
3669 2442 3690 2460 ι

2111 2538 2212 2594 tur,
2229 2541 2346 2580 cum
2364 2502 2596 2593 suscipiet
2612 2520 2799 2591 ipsum.
2816 2517 2986 2583 Alius,
3005 2513 3242 2586 Cognita
3255 2518 3348 2565 est.
3365 2509 3537 2574 Alius,
3553 2502 3695 2561 Deut

2113 2618 2166 2671 in
2190 2616 2342 2687 regiis
2367 2615 2476 2684 eius
2499 2620 2829 2682 cognoscatur
2869 2607 2938 2661 ad
2973 2605 3333 2662 munimentum
3373 2599 3471 2671 (ὁ).
3513 2595 3693 2660 Alius,

2112 2706 2252 2764 Deus
2287 2705 2340 2760 in
2370 2701 2572 2774 palatiis
2614 2703 2722 2771 ejus
2763 2697 2994 2768 cognitus
3021 2703 3092 2750 est
3115 2691 3185 2748 ad
3217 2687 3530 2761 eripiendum
3557 2699 3687 2741 cant.

2118 2829 2120 2832 -
2179 2797 2240 2852 2.
2268 2794 2530 2853 Ρηκίἱαι
2566 2791 2682 2862 ejus
2715 2789 3066 2859 dignitatem,
3107 2782 3354 2846 laudem,
3396 2789 3689 2844 coronam,

2111 2890 2336 2948 dicens:
2365 2885 2552 2942 Ciuitas
2578 2882 2713 2954 regis
2741 2878 2935 2950 magni.
2981 2873 3184 2932 Deinde
3219 2869 3511 2928 ostendens
3551 2881 3690 2937 quo-2

2111 2982 2272 3040 modo
2287 2980 2357 3036 sit
2383 2977 2570 3034 civitas
2599 2975 2738 3045 regis
2763 2968 2958 3042 magni,
2987 2964 3255 3038 adiungit,
3284 2960 3424 3018 Deus
3445 2961 3499 3014 in
3521 2957 3691 3012 domt-

2110 3071 2200 3129 ιιι.
2228 3072 2337 3144 ejus
2353 3067 2690 3141 cognoscitur,
2713 3075 2960 3133 magnam
2977 3055 3264 3116 ostendens
3279 3049 3690 3124 providentiam,

2109 3140 2260 3236 quod
2278 3177 2396 3218 eam
2417 3140 2583 3215 totam
2609 3154 2753 3212 omni
2777 3169 2842 3210 ex
2869 3159 3020 3223 parte
3047 3153 3246 3213 servet,
3279 3159 3386 3201 non
3412 3140 3554 3198 illius
3573 3146 3692 3193 tau-

2111 3264 2223 3311 tum
2245 3253 2409 3309 totius
2435 3263 2618 3307 curam
2644 3259 2859 3320 gerens,
2882 3241 2977 3300 sed
2997 3240 3158 3297 etiam
3189 3239 3243 3295 in
3269 3242 3692 3305 unamquaqu

2109 3344 2326 3401 domum
2351 3355 2504 3399 suam
2531 3336 2821 3396 ostendam
2863 3329 3273 3404 providentiam.
3334 3323 3499 3384 Nobis
3546 3321 3690 3378 enim

2109 3439 2270 3496 etiam
2295 3435 2498 3505 absque
2520 3447 2586 3490 eo
2609 3439 2698 3487 est
2733 3427 3000 3497 cognitus,
3039 3419 3269 3478 inimicis
3296 3426 3472 3474 autem
3517 3429 3586 3470 ex
3625 3425 3690 3468 eo

2109 3544 2258 3585 suam
2283 3523 2518 3584 ostendit
2537 3523 2812 3579 virtutem.
2830 3517 3096 3587 Tempore
3108 3511 3256 3570 enim
3280 3506 3544 3572 Ezechias,
3567 3517 3690 3561 cum

2110 3619 2458 3677 barbarorum
2508 3613 2682 3671 nubes
2709 3619 2832 3668 eam
2879 3605 3197 3670 invasisset,
3234 3609 3292 3658 et
3335 3607 3498 3656 totam
3530 3594 3692 3654 veluti

2110 3723 2306 3782 angens
2352 3704 2823 3768 circumdedisset,
2877 3702 3218 3766 recesserunt
3268 3707 3389 3754 cum
3461 3687 3693 3746 maxima

2112 3776 2329 3858 suorum
2367 3796 2526 3854 clade
2544 3794 2850 3862 relictisque
2886 3786 3235 3845 mdavcribus
3280 3784 3358 3856 (4.
3401 3782 3530 3852 Reg.
3577 3776 3690 3847 19).

2111 3891 2414 3960 Quinetiam
2452 3885 2603 3943 multi
2629 3897 2845 3954 quoque
2868 3879 2958 3938 alii
2987 3879 3042 3934 in
3084 3891 3205 3934 eam
3249 3887 3393 3944 saepe
3430 3869 3653 3941 ingressi
3673 3901 3690 3934 .

2115 3979 2402 4052 ignominia
2445 3975 2618 4030 attenti
2647 3977 3005 4028 recesserunt.
3049 3969 3206 4034 llaec,
3261 3964 3463 4034 inquit,
3511 3959 3692 4016 omnia

2114 4079 2266 4144 gesta
2289 4074 2416 4124 sunt
2451 4063 2548 4120 Dei
2591 4058 2926 4134 providentia
2945 4096 2962 4123 ,
3009 4070 3236 4125 eamque
3284 4054 3592 4124 mandaram
3640 4057 3697 4108 et

2117 4141 2380 4231 insignem
2419 4155 2680 4212 iecerunt.
2708 4151 2823 4210 Non
2849 4147 3027 4223 solum
3047 4154 3224 4202 autem
3249 4144 3388 4215 quod
3419 4141 3693 4212 prteclara,

2117 4253 2214 4312 sed
2251 4251 2410 4306 etiam
2435 4247 2578 4320 quod
2617 4245 2752 4302 adeo
2779 4239 3032 4315 praetora
3051 4236 3192 4294 facta
3213 4236 3286 4291 sit
3302 4275 3319 4300 ,
3355 4245 3550 4302 magna
3573 4245 3698 4286 eva-

2115 4348 2208 4404 sit.
2233 4346 2287 4403 5.
2319 4339 2569 4409 Quoniam
2601 4355 2716 4396 ecce
2737 4351 2881 4409 rcges
2905 4343 3055 4390 teme
3081 4327 3370 4400 congregati
3402 4333 3544 4390 sunt,
3569 4340 3693 4383 con.

2118 4445 2358 4496 uenerunt
2384 4437 2438 4490 in
2463 4448 2642 4490 unum.
2673 4430 2846 4497 Alius,
2885 4424 3023 4484 Ecce
3066 4423 3199 4480 enim
3243 4436 3383 4492 reges
3429 4415 3588 4476 simu!
3619 4416 3699 4474 ἰωεε

2117 4529 2293 4587 structi
2316 4535 2452 4583 sunt.
2470 4526 2524 4582 6.
2549 4523 2662 4594 Ipsi
2683 4521 2910 4578 uidentes
2927 4517 3020 4586 sic,
3049 4512 3286 4572 adntirati
3311 4517 3430 4570 sunt
3441 4549 3466 4575 ._
3485 4516 3694 4566 cantur.

2118 4621 2222 4676 ὑαιί
2239 4625 2373 4682 sunt,
2404 4613 2637 4674 coniuncti
2659 4620 2815 4669 sunt:
2841 4610 2893 4666 7.
2923 4615 3112 4664 tremor
3132 4601 3467 4693 opprme
3487 4615 3592 4656 eos.
3614 4597 3698 4655 Ibi

2119 4714 2318 4770 dolores
2333 4720 2387 4768 ut
2399 4706 2743 4782 parturientis,
2759 4704 2811 4760 8.
2824 4704 2876 4758 in
2889 4701 3072 4772 spirits
3087 4691 3585 4760 ιηξὴιυηιθιιὶί.,Αιὶιμιεἰ
3595 4691 3697 4748 Per

2115 4813 2316 4860 ceratum
2337 4802 2625 4859 violentum.
2650 4795 2825 4862 Alius,
2845 4792 3074 4852 Ardoris.
3094 4788 3341 4849 (iuniores.
3355 4801 3503 4843 naues
3525 4783 3696 4847 Ἦσαν-

2119 4895 2209 4952 sis.
2231 4893 2380 4950 Alius
2403 4933 2419 4959 ,
2449 4882 2768 4961 Confringes.
2799 4883 3054 4941 Hebraeus
3102 4889 3291 4942 autem.
3323 4879 3398 4934 ait
3417 4919 3434 4945 ,
3461 4875 3695 4937 ἘΙιαηέι.

2119 4987 2221 5045 ilic
2247 4991 2428 5051 narrat
2451 4980 2678 5044 bellum.
2707 4976 2904 5036 bellum
2927 4971 3182 5040 difﬁcile,
3221 4969 3456 5038 undique
3492 4963 3694 5021 conﬂa—

2123 5085 2256 5140 tum,
2277 5081 2330 5127 et
2349 5071 2633 5128 clariorem
2657 5065 2949 5124 victoriam.
2979 5062 3240 5133 Quoniam
3269 5059 3412 5114 enim
3441 5052 3610 5116 dixit,
3635 5051 3700 5104 il-

2124 5167 2235 5222 lum
2278 5163 2327 5219 ei
2351 5158 2692 5231 patrocinari,
2731 5165 2788 5213 et
2829 5156 2945 5226 ejus
2983 5167 3166 5210 curam
3211 5161 3419 5218 gerere,
3468 5138 3700 5196 ostendit

2124 5230 2374 5324 deinceps
2415 5249 2683 5323 quomodo
2708 5263 2828 5308 eam
2852 5245 3169 5317 susciperet.
3209 5237 3344 5293 Nam
3385 5247 3506 5324 cum
3535 5230 3695 5284 innu-

2125 5320 2410 5408 merabiles
2435 5320 2652 5414 'gcntes
2688 5355 2806 5396 eam
2849 5335 3166 5392 invasissent
3195 5327 3321 5397 (hoc
3361 5322 3504 5378 enim
3532 5320 3698 5391 signi-

2187 5512 2262 5574 (η)
2292 5515 2390 5557 Son
2411 5505 2531 5574 satis
2567 5505 2797 5574 accurate.
2823 5493 2993 5574 dicitur
3023 5485 3277 5548 regionem
3314 5491 3564 5534 Persarum
3585 5491 3705 5532 om

2126 5559 2593 5634 ἰκ,ιέιέιιιῑθιιῐιῄἱοῐιεεῐη
2616 5559 3160 5634 νβιεεξιῇξφᾏΜΜηῶ
3186 5615 3232 5634 Δ.
3259 5610 3439 5634 “mm
3461 5601 3650 5634 “MM;

2189 5604 2869 5698 (ἷῗῖἕὲᾟξᾶίίεἶ-ἷιὶὲῐάίίὁἐει
2901 5610 3162 5677 Symmachi
3186 5615 3238 5661 et
3258 5610 3440 5674 quintte
3461 5604 3698 5655 mminit.

2133 5690 2255 5752 τίς]ιέ
2268 5690 2495 5755 Itexapla.
