4074 6206
474 288 580 348 2W

476 412 597 462 ticat
634 421 729 477 per
755 421 937 478 regum
968 405 1419 476 multitudinem),
1446 417 1502 462 et
1542 422 1651 462 non
1680 406 1855 461 solum
1902 405 2054 459 inva-

476 501 709 562 sissent,
733 496 826 552 sed
856 498 1015 552 etiam
1036 498 1339 567 congregati
1360 498 1527 552 aciem
1554 497 1950 562 instruxissent,
1969 511 2055 552 res

472 589 733 657 ejusmodi
759 599 926 659 gesta:
962 599 1116 658 sunt,
1148 598 1204 644 ut
1234 590 1332 660 ipsi
1360 590 1570 646 abirent
1601 590 1947 661 obstupefacti
1986 590 2055 646 ob

468 698 533 734 ea
565 697 686 752 qua:
710 690 860 737 tanto
908 683 1164 739 miraculo
1202 682 1341 738 facta
1379 693 1521 739 sunt.
1563 681 1638 737 Ita
1667 685 1809 737 enim
1857 685 2053 739 bellum

472 772 872 839 conﬁciebatur,
901 784 961 829 ut
1004 775 1103 845 ipsi
1144 773 1368 830 horrore
1395 790 1460 831 ac
1499 784 1716 845 torpore
1743 778 1880 847 pleni
1908 793 2056 834 rece-

470 863 660 919 derent
680 906 696 931 ,
721 873 777 920 et
801 880 922 921 cum
944 882 1131 938 magna
1162 868 1323 922 animi
1350 868 1748 938 perturbatione
1763 870 2049 939 resilirent,

472 957 598 1012 dum
627 958 776 1011 multi
807 973 1033 1028 paucos,
1055 968 1110 1014 et
1130 960 1164 1014 ii
1195 960 1285 1030 qui
1314 960 1529 1017 ordines
1556 961 1935 1028 instruxerant,
1965 964 2042 1017 di-

470 1048 614 1104 visos
653 1047 939 1113 timerent,
970 1063 1068 1103 nec
1092 1062 1250 1105 secus
1292 1049 1632 1106 afficerentur
1673 1068 1832 1123 quam
1862 1055 2054 1111 mulier

471 1153 591 1202 qum
615 1130 862 1207 parturit.
894 1138 1047 1196 Unde
1089 1140 1296 1197 clarum
1334 1152 1449 1198 erat
1469 1186 1484 1211 ,
1515 1143 1710 1200 bellum
1740 1161 1845 1201 non
1888 1146 2052 1202 fuisse

469 1237 673 1296 gestum
712 1228 946 1285 humano
984 1246 1169 1298 more,
1213 1234 1309 1289 sed
1342 1235 1509 1291 Deum
1561 1236 1727 1294 fuisse
1761 1238 1951 1296 ducem
1996 1240 2050 1296 in

468 1321 855 1377 committendo
902 1324 1106 1394 praelia,
1132 1326 1225 1397 qui
1272 1343 1377 1383 non
1398 1328 1570 1383 solum
1618 1330 1836 1399 Spiritus
1863 1346 2047 1387 eorum

466 1411 834 1483 deprimebat,
864 1414 957 1470 sed
987 1416 1146 1472 etiam
1171 1427 1403 1474 mentem
1430 1434 1615 1475 eorum
1644 1422 2045 1492 conquassabat,

467 1503 653 1575 eisque
681 1506 895 1562 dolores
920 1507 1239 1565 immittebat
1266 1519 1320 1566 et
1344 1511 1662 1567 ineffabilem
1693 1514 1937 1571 timorem
1963 1516 2047 1570 af-

465 1593 674 1650 ferebat
703 1612 719 1651 :
749 1612 814 1653 ac
838 1597 1059 1668 perinde
1077 1598 1303 1667 accidit,
1331 1616 1396 1656 ac
1420 1602 1465 1656 si
1492 1618 1680 1674 magna
1706 1604 1878 1661 classe
1901 1619 2049 1661 con-

464 1694 703 1755 gregata,
730 1686 1019 1743 vehemens
1047 1698 1236 1744 ventus
1261 1690 1498 1757 irruens,
1523 1707 1711 1749 omnes
1731 1710 1892 1751 naves
1919 1710 2049 1752 con—

467 1775 704 1831 trivisset
724 1816 741 1842 ,
777 1778 1019 1833 triremes
1039 1778 1413 1846 demersisset,
1440 1797 1792 1854 magnamque
1827 1797 2045 1856 repente

463 1868 919 1936 perturbationem
972 1869 1263 1940 injecisset.
1327 1872 1426 1928 Hic
1459 1876 1602 1930 enim
1650 1876 1780 1932 mihi
1834 1878 2045 1935 videtur

467 1972 561 2025 per
587 1957 691 2014 hoc
714 1961 1017 2031 exemplum
1045 1969 1102 2017 et
1124 1963 1360 2019 victoriae
1385 1962 1690 2022 facilitatem
1714 2007 1731 2035 ,
1755 1977 1810 2024 et
1834 1980 2045 2040 pertur-

468 2048 697 2106 bationis
734 2052 1153 2123 magnitudinem
1195 2056 1518 2125 signiﬁcare.
1545 2057 1677 2114 Nam
1724 2060 1781 2115 bi
1830 2077 2044 2133 quoque

464 2158 587 2197 cum
615 2159 861 2215 magnam
887 2146 1114 2202 classem
1144 2159 1440 2218 parassent,
1464 2160 1520 2206 et
1539 2166 1603 2207 ex
1624 2152 1908 2226 longinqua
1937 2156 2038 2212 ali-

461 2248 565 2303 qua
593 2244 648 2290 et
666 2235 836 2292 aliena
853 2238 1068 2308 regione
1088 2240 1381 2309 venissent,
1412 2243 1486 2299 ira
1510 2243 1607 2301 Dei
1628 2245 1788 2301 veluti
1809 2248 2038 2319 quodam

461 2323 769 2380 vehementi
810 2334 971 2382 vento
1024 2343 1212 2385 omnes
1261 2332 1550 2401 perierunt.
1595 2334 1661 2391 Et
1705 2336 1826 2393 ideo
1862 2338 2038 2396 locum

460 2428 672 2483 quoque
694 2415 1000 2486 signiﬁcans
1038 2419 1180 2476 unde
1216 2433 1513 2491 venerunt,
1556 2426 1830 2498 subjunxit
1871 2431 2035 2497 illud,

459 2502 691 2560 Tharsis.
722 2506 797 2562 Ita
821 2509 979 2564 etiam
1006 2512 1321 2583 significavit
1346 2515 1601 2574 Hebraeus
1624 2520 2036 2592 perdictionem,

458 2610 617 2663 quam
648 2607 823 2653 vestra
849 2614 1010 2656 musa
1039 2602 1328 2671 adiecimus
1367 2604 1423 2659 in
1467 2606 1695 2665 lcetione
1733 2621 2036 2668 contextus.

460 2686 554 2741 Vel
598 2688 699 2744 hoc
722 2704 850 2761 ergo
876 2691 983 2747 dici
1012 2702 1221 2764 potest,
1251 2696 1336 2753 vel
1375 2698 1502 2754 illud
1528 2702 1670 2772 quod
1715 2712 1840 2760 ante
1891 2705 2036 2775 dixi,

456 2780 904 2848 quemadmodum
948 2798 1111 2841 naves
1153 2784 1377 2845 Tharsis
1416 2791 1706 2852 vehemens
1729 2806 1919 2855 ventus
1964 2799 2039 2856 ir-

455 2886 617 2927 ruens
638 2886 783 2946 sazpe
817 2878 1065 2933 contrivit
1096 2897 1113 2935 :
1143 2878 1217 2934 ita
1242 2881 1402 2937 etiam
1446 2886 1841 2953 multitudinem
1890 2891 2036 2950 illam

454 2961 596 3021 Deus
623 2967 977 3025 conturbavit.
1004 2969 1058 3025 9.
1079 2970 1225 3027 Sicut
1252 2974 1536 3032 audivimus
1559 3021 1574 3046 ,
1611 2995 1681 3034 si:
1726 2982 1942 3038 uidimus
1979 2986 2035 3040 in

453 3056 651 3111 civitate
678 3056 881 3115 Domini
900 3062 1167 3129 virtutum,
1187 3064 1241 3118 in
1267 3066 1467 3121 civitate
1488 3067 1584 3124 Dei
1621 3071 1801 3130 nostri.
1845 3073 2035 3132 Vidisti

455 3146 726 3213 quomodo
752 3152 969 3220 exponit
983 3151 1034 3206 id
1048 3153 1188 3222 quod
1214 3164 1297 3211 est
1320 3158 1591 3227 superius,
1608 3159 1744 3217 Bene
1757 3153 1993 3223 radicum
2007 3170 2035 3226 τ

456 3235 573 3291 Non
615 3238 746 3295 dixit
776 3242 955 3309 enim,
991 3242 1093 3311 Qui
1120 3245 1257 3303 bene
1303 3249 1591 3322 radicavit,
1631 3254 1745 3321 sed,
1784 3256 1921 3314 Bene
1947 3277 2034 3315 ra-

452 3328 669 3386 dicam:
699 3331 801 3387 hoc
843 3344 945 3403 est,
985 3338 1196 3395 assidue
1236 3343 1542 3412 providens,
1586 3347 1800 3406 assidue
1846 3365 2031 3408 curam

450 3432 663 3488 gerens,
706 3421 917 3479 assidue
941 3427 1203 3484 muniens.
1253 3430 1539 3504 Postquam
1581 3436 1726 3491 enim
1751 3438 1886 3494 dixit
1910 3458 2032 3511 qua:

452 3518 578 3565 tunc
617 3513 985 3584 contigerunt,
1015 3516 1085 3572 ad
1109 3533 1199 3575 res
1246 3522 1493 3593 antiquas
1517 3528 1809 3585 narrandas
1844 3546 2031 3589 rursus

448 3603 714 3658 convertit
741 3607 1060 3677 orationem,
1088 3612 1377 3671 ostendens
1406 3615 1520 3673 hate
1546 3616 1744 3677 habere
1769 3638 1892 3679 cum
1923 3626 2029 3683 illis

452 3694 789 3755 afﬁnitatem.
814 3698 943 3766 Qute
967 3701 1110 3757 enim
1132 3744 1148 3772 ,
1171 3704 1373 3776 inquit,
1402 3709 1580 3765 verbis
1607 3713 1909 3771 audivimus
1927 3758 1941 3783 ,
1964 3733 2027 3773 ca

452 3785 606 3842 factis
632 3788 882 3859 vidimus,
914 3793 1163 3851 victorias
1186 3796 1303 3865 Dei,
1335 3808 1533 3871 tropaea
1555 3842 1570 3868 ,
1601 3818 1782 3861 curam
1812 3822 1876 3863 ac
1905 3823 2028 3879 pro-

451 3880 759 3950 videntiam,
815 3893 869 3940 et
917 3902 1037 3957 qua:
1072 3890 1375 3960 opinionem
1432 3907 1686 3966 superant
1744 3900 2022 3957 miracula.

450 3970 592 4025 Deus
618 3974 761 4028 enim
787 3991 1073 4047 numquam
1101 3980 1514 4040 intermisitbzec
1529 3986 1726 4044 facere.
1748 3989 1877 4061 Ejus
1898 4008 2026 4063 ergo

447 4069 613 4117 estet
639 4062 867 4122 liberare
892 4081 924 4123 a
952 4070 1197 4139 periculis
1214 4112 1230 4141 ,
1263 4081 1318 4129 ct
1343 4074 1607 4136 deducere
1628 4081 1696 4137 ad
1721 4083 1814 4139 Dei
1840 4062 2027 4157 cogni-

449 4150 670 4208 tionem.
701 4154 865 4213 ltecte
892 4168 1071 4215 autem
1100 4163 1341 4219 meminit
1366 4168 1622 4239 propheta
1650 4188 1837 4231 eorum
1857 4219 1874 4245 ,
1904 4150 2024 4248 quae

446 4244 604 4316 longo
626 4255 751 4304 ante
774 4256 1012 4321 tempore
1046 4252 1183 4309 facta
1207 4266 1354 4313 sunt.
1379 4258 1668 4331 Oportebat
1691 4269 1832 4323 enim
1877 4244 1935 4326 et
1957 4287 2024 4327 ex

445 4338 721 4393 veteribus
747 4341 1157 4411 narrationibus,
1187 4358 1242 4402 et
1268 4363 1336 4403 ex
1355 4365 1544 4408 recens
1567 4357 1733 4425 gestis
1750 4358 1949 4426 doceri.
1969 4372 2026 4419 ut

444 4429 735 4484 crassiores
762 4446 830 4486 ex
868 4433 961 4502 iis,
994 4450 1112 4505 qua:
1149 4436 1377 4508 fiebant,
1407 4442 1470 4499 iis
1498 4459 1712 4518 quoque
1737 4465 1856 4521 qua:
1884 4451 2021 4510 facta

446 4529 600 4574 erant
624 4521 926 4591 crederent,
958 4535 1012 4581 et
1038 4526 1236 4598 duplex
1259 4531 1463 4588 lucrum
1490 4534 1750 4604 facerent,
1775 4555 2024 4617 essetque

445 4610 525 4664 eis
553 4613 756 4669 auditio
792 4632 891 4690 pro
919 4619 1054 4674 visu.
1086 4620 1224 4675 Deus
1253 4624 1485 4695 fundarit
1509 4644 1625 4684 eam
1662 4632 1719 4685 in
1757 4610 2020 4694 aeternum.

445 4701 534 4755 10.
559 4703 916 4775 Suscepimus,
949 4707 1117 4777 Deus,
1165 4714 1559 4772 misericordiam
1596 4730 1735 4777 tuam
1761 4724 1814 4778 in
1858 4731 2021 4785 medio

448 4792 625 4859 populi
643 4794 735 4846 tui.
773 4796 953 4864 Alius,
982 4798 1403 4871 Estimavimus,
1434 4807 1603 4878 Deus,
1627 4813 2021 4877 misericordiam

442 4889 585 4932 (nam
612 4882 665 4935 in
690 4885 852 4939 medio
878 4889 1054 4958 papuli
1081 4894 1097 4926 ι
1115 4894 1213 4948 tui.
1241 4893 1497 4954 Hebrmus
1524 4910 1731 4970 autem,
1760 4905 2021 4967 Eshafaclt

445 4972 729 5029 demmenu.
758 4977 842 5032 Η.
868 4978 1161 5036 Secundum
1180 5000 1358 5042 nomen
1378 4997 1539 5058 tuum,
1572 4992 1711 5050 Deus
1726 5036 1742 5065 ,
1775 4999 1847 5055 sic
1867 5004 2019 5059 etiam

445 5063 557 5117 laus
583 5075 667 5119 tua
681 5067 733 5121 in
759 5068 885 5136 ﬁnes
906 5078 1069 5126 terra.

513 5158 568 5212 5.
593 5158 847 5226 Quoniam
867 5161 1094 5228 dixerat,
1116 5166 1242 5228 Qua:
1262 5170 1579 5238 audivimus,
1603 5192 1663 5233 ea
1690 5187 1743 5234 ct
1768 5180 2016 5254 vidimus,

512 5262 528 5293 ι
554 5260 799 5340 ἢθεῖ
1011 5268 1189 5340 (vadi),
1210 5285 1323 5335 qua:
1345 5279 1424 5323 est
1441 5289 1557 5327 vera
1580 5277 1748 5331 lectio.
1770 5283 2021 5340 Chrysost.

446 5325 611 5409 taLmen
656 5328 778 5388 leg“
800 5325 970 5393 populi
1013 5325 1186 5395 (λαοῖῆ
1208 5325 1381 5387 (imm
1419 5325 2022 5409 veniatéhi‘iie‘ii'rliiaiii

705 5382 732 5388 -
800 5382 811 5393 .
864 5382 877 5392 .
1015 5382 1027 5392 .
1160 5382 1173 5395 ,
1429 5382 1681 5393 qm"-..
1710 5382 2020 5409 μννιυιυυυ,

444 5382 628 5535 25211.
667 5414 799 5474 quod
844 5414 923 5465 hic
970 5418 1297 5484 exprimitur,
1342 5424 1509 5488 templi
1550 5424 1636 5477 lui.
1686 5430 1804 5481 Cum
1851 5441 2020 5486 autem

486 5489 820 5535 Ιινῖδοεῐοῐηιιε
852 5490 1037 5535 18281⁸ίὶ
1087 5493 1137 5535 in
1192 5496 1355 5535 minus,
1396 5498 1505 5535 lmen
1591 5502 1761 5535 cannula.
1796 5504 1866 5535 In;
1935 5522 1990 5535 οη

430 5489 820 5567 ’(Ιιιιυζδοςιοηιιιε
852 5490 1037 5567 legerit
1087 5493 1137 5543 in
1190 5496 1367 5567 priore_
1395 5498 1505 5551 loco
1529 5539 1542 5561 ,
1590 5502 1761 5567 populi
1794 5504 1892 5566 lui,
1933 5522 2019 5556 se-

444 5547 659 5635 cundumI
708 5547 1150 5635 exemplar'suum
1190 5547 1299 5627 ’μου
1350 5547 1740 5635 tni’q’rﬁefub’u,
1772 5547 2017 5635 περ)ῃέυεί

443 5620 614 5675 sumus
650 5610 913 5661 lectionem
948 5615 1163 5667 alterius
1193 5610 1509 5685 interpretisr
1526 5610 1682 5675 uni—us
1706 5610 1896 5676 hodicis
1911 5610 2016 5677 wan:

442 5667 674 5717 Cturitatc
705 5680 915 5736 mutare,
938 5691 1048 5727 cum
1074 5667 1554 5736 maxi‘meﬂil’leﬂeam"
1576 5667 1841 5743 lectwvuem
1891 5690 2012 5744 infla

442 5738 657 5779 [θυρίδι.

442 5742 657 5791 repetat.

1156 291 1213 349 S.
1253 290 1531 351 JOANNIS
1567 289 2036 348 CHRYSOSTOMI
2076 288 2393 352 ARCHIEP.
2432 294 2971 362 CONSTANTINOP.

2163 421 2303 460 nunc
2330 407 2457 464 dicit
2480 414 2686 483 etquid
2707 418 2936 475 audierit
2952 462 2966 489 ,
2994 424 3196 494 etquid
3216 427 3423 485 viderit.
3447 431 3585 501 Quid
3611 451 3736 506 ergo

2160 498 2380 568 audivit,
2400 511 2457 557 ct
2474 505 2601 574 quid
2641 508 2809 563 vidit?
2834 512 2986 578 Quod
3018 515 3110 572 Dei
3132 522 3300 588 gratia
3329 498 3506 580 reddit
3545 498 3734 585 civita-

2160 600 2265 647 tem
2285 593 2574 653 firmiorem
2595 609 2649 655 ct
2672 601 3063 662 inconcussam.
3115 610 3227 666 Hoc
3250 624 3335 669 est
3358 618 3501 673 enim
3544 622 3594 675 ei
3622 621 3736 678 fun-

2157 681 2485 755 damentum,
2510 688 2612 746 hoc
2636 694 2820 763 robur,
2844 698 2947 754 hoc
2964 714 3080 755 eam
3106 702 3229 759 facit
3251 705 3734 785 inexpugnabilem,

2158 788 2264 828 non
2292 775 2537 836 humana:
2558 796 2690 853 opes
2716 795 2770 841 et
2784 790 3056 859 auxilium,
3091 810 3195 850 non
3225 796 3304 852 vis
3325 815 3622 871 armorum,
3640 822 3736 863 nec

2158 871 2331 921 turres
2366 876 2422 923 et
2443 872 2669 941 mania;
2692 876 2785 931 sed
2812 879 2980 949 quid?
3007 882 3146 939 Deus
3172 901 3290 941 eam
3317 892 3453 961 regit
3474 901 3530 948 et
3567 898 3736 953 conti-

2156 964 2267 1011 net.
2284 958 2397 1015 lloc
2416 963 2557 1017 enim
2579 979 2674 1020 eos
2688 969 2919 1026 maxime
2932 972 3111 1029 doceri
3133 958 3398 1047 oportuit,
3407 990 3459 1036 et
3477 987 3731 1055 propheta

2136 1048 2370 1119 assidue
2398 1050 2521 1108 illos
2542 1069 2608 1110 eo
2627 1056 2869 1115 deducit.
2889 1061 3237 1135 Suscepimus,
3263 1066 3425 1135 Deus,
3454 1048 3736 1132 misericor-

2155 1136 2293 1192 diam
2312 1149 2452 1196 tuam
2477 1144 2531 1198 in
2557 1149 2721 1203 medio
2741 1153 2919 1223 populi
2942 1156 3033 1209 καί.
3057 1157 3195 1224 Quid
3222 1170 3325 1217 est.
3361 1164 3688 1237 Saseepimus
3708 1172 3734 1225 .’

2154 1227 2516 1300 Speravimus,
2544 1242 2993 1313 exspectavimus,
3016 1251 3360 1318 cognovimus
3382 1227 3534 1311 tuam.
3548 1258 3734 1316 huma-

2154 1324 2373 1380 nitatem
2394 1336 2450 1382 et
2466 1327 2827 1392 clementiam.
2856 1334 3121 1404 Quoniam
3144 1343 3288 1399 enim
3313 1345 3487 1417 dixit,
3520 1352 3731 1411 Funda-

2152 1417 2247 1484 vit,
2264 1419 2540 1489 radicavit,
2563 1425 2774 1493 muniit,
2802 1430 3091 1489 ostendens
3120 1445 3316 1493 tantam
3345 1442 3731 1510 providentiam

2150 1522 2258 1563 non
2284 1511 2548 1580 proficisci
2571 1530 2636 1571 ex
2664 1520 2871 1577 meritis
2899 1536 3085 1580 eorum
3106 1528 3194 1597 qui
3216 1544 3333 1585 eam
3354 1546 3727 1608 assequuntur,

2149 1600 2244 1655 sed
2275 1603 2566 1673 procedere
2590 1624 2657 1666 ex
2679 1611 2918 1672 bonitate
2942 1616 3058 1687 ejus
3076 1621 3165 1690 qui
3192 1621 3279 1677 illa
3316 1623 3464 1693 facit,
3495 1600 3550 1683 et
3572 1600 3728 1691 simul

2150 1694 2341 1750 volens
2370 1696 2559 1753 fastum
2581 1715 2766 1758 eorum
2796 1709 3150 1777 comprimere
3172 1754 3187 1779 ,
3213 1716 3294 1770 sic
3336 1717 3587 1790 loquutus
3611 1737 3726 1794 est,

2150 1783 2252 1840 hoc
2278 1791 2660 1859 pr0pemodum
2689 1794 2900 1855 dicens:
2923 1799 3051 1855 Tum
3078 1814 3201 1861 sunt
3213 1783 3595 1871 misericordia:
3614 1783 3725 1874 lucc

2147 1877 2401 1944 prteclara
2429 1878 2661 1939 facinora
2682 1926 2698 1949 ,
2727 1894 2831 1943 tuae
2856 1890 3057 1961 glorias,
3088 1903 3192 1951 tute
3219 1898 3490 1958 bonitatis.
3517 1905 3587 1961 Et
3608 1907 3726 1966 ideo

2146 1968 2454 2039 subjunxit:
2496 1973 2790 2032 Secundum
2833 1997 3014 2037 nomen
3051 1994 3228 2055 tuum,
3270 1990 3426 2061 Deus,
3455 1996 3529 2050 sic
3549 2000 3727 2057 etlm

2146 2067 2231 2114 tua
2256 2064 2310 2115 in
2334 2063 2460 2132 ﬁnes
2474 2073 2639 2123 terra.
2668 2067 2828 2137 Laus,
2847 2072 3036 2145 inquit,
3056 2087 3143 2133 tua
3166 2095 3252 2136 res
3268 2083 3403 2139 adeo
3418 2087 3723 2161 praeclaras,

2144 2167 2365 2225 magnas
2404 2166 2459 2213 et
2499 2160 2843 2221 admirabiles
2887 2181 3160 2242 operatur,
3205 2176 3341 2233 adeo
3384 2185 3623 2243 excelsas
3669 2160 3721 2242 et

2143 2246 2422 2319 gloriosas.
2467 2251 2588 2310 Non
2637 2257 2778 2313 enim
2823 2259 2891 2316 ad
2938 2278 3242 2324 mensuram
3286 2285 3468 2329 curam
3512 2280 3721 2348 gessisti

2142 2353 2326 2398 eorum
2347 2359 2483 2415 quos
2511 2346 2771 2406 beneﬁcio
2799 2353 2997 2422 amcis,
3030 2373 3129 2415 nec
3157 2373 3375 2434 propter
3398 2346 3584 2426 eorum
3611 2390 3722 2432 me-

2142 2431 2275 2501 rita,
2323 2436 2418 2492 sed
2465 2453 2562 2509 pro
2587 2448 2675 2495 tua
2723 2446 3107 2515 magnitudine.
3138 2431 3277 2511 Laus
3302 2472 3431 2530 ergo
3478 2472 3586 2529 tua,
3620 2431 3721 2524 hoc

2142 2535 2243 2590 est,
2272 2536 2360 2582 tua
2402 2531 2708 2602 celebratio,
2749 2552 2868 2607 qua:
2918 2554 2984 2595 ex
3035 2546 3287 2614 cperibus
3315 2553 3549 2622 profecta
3603 2568 3717 2629 est,

2140 2615 2267 2673 fecit
2295 2624 2352 2674 ut
2379 2622 2632 2691 praeclara
2663 2637 2748 2683 tua
2791 2628 2926 2685 facta
2967 2615 3362 2706 evulgarentur.
3392 2644 3549 2701 Facta
3576 2615 3716 2706 enini

2140 2708 2354 2769 fuerunt
2381 2713 2433 2769 in
2464 2714 2764 2786 Palaestina,
2795 2722 2887 2776 sed
2914 2734 3136 2794 propter
3172 2730 3438 2801 ingentem
3482 2739 3717 2809 ipsorum

2140 2804 2554 2875 magnitudinem
2593 2823 2952 2880 pervenerunt
2986 2817 3052 2871 ad
3101 2830 3370 2882 extremos
3415 2804 3546 2887 ﬁnes
3572 2835 3718 2891 orbis

2140 2902 2401 2953 terrarum
2427 2939 2442 2965 ,
2495 2911 2548 2956 et
2573 2904 2659 2973 qui
2692 2896 2842 2962 erant
2859 2908 3045 2978 procul
3073 2914 3300 2983 remoti,
3352 2933 3414 2975 ea
3454 2924 3714 2985 sciebant.

2138 2986 2269 3055 Quae
2294 2989 2426 3045 facta
2450 2990 2628 3064 itaque
2654 2994 2863 3053 fuerant
2892 3000 2945 3055 in
2965 3000 3199 3075 Egypto
3218 3047 3234 3072 ,
3264 3013 3517 3071 meretrix
3546 3015 3716 3073 Hieri-

2137 3079 2353 3135 cuntina
2377 3082 2577 3139 sciebat
2597 3086 2783 3142 melius
2801 3103 2960 3159 quam
2991 3092 3054 3160 ii,
3086 3096 3174 3165 qui
3196 3098 3547 3161 interfuerant
3577 3107 3715 3179 (los.

2135 3165 2190 3222 2.
2215 3168 2326 3242 10).
2353 3170 2559 3229 Rursus
2577 3190 2697 3245 quas
2726 3177 2779 3233 in
2805 3179 3085 3237 Palaestina
3113 3200 3420 3260 evenerant,
3448 3195 3482 3249 ii
3504 3165 3716 3269 quoque

2135 3260 2227 3330 qui
2271 3262 2324 3318 in
2352 3278 2571 3334 regione
2613 3267 2893 3327 Persarum
2935 3273 3275 3349 habitabant,
3324 3260 3712 3358 praedicabant;

2134 3448 2389 3502 extremis
2410 3448 2603 3506 finibus
2630 3462 2786 3509 terra:
2808 3458 3054 3528 agebant.
3087 3461 3420 3538 Quapropter
3445 3487 3538 3528 rex
3562 3448 3712 3546 vquo-

2133 3553 2239 3609 que
2263 3541 2407 3595 misit
2428 3542 2609 3599 literas
2636 3559 2733 3616 per
2763 3550 3069 3609 universum
3094 3556 3277 3614 orbem
3310 3570 3485 3630 terrae,
3519 3541 3713 3635 praedi-

2133 3645 2263 3686 cans
2286 3647 2350 3688 ea
2394 3648 2511 3703 quae
2550 3635 2602 3690 in
2642 3636 2858 3697 fornace
2886 3656 3177 3703 evenerant
3203 3649 3363 3722 (Dan.
3418 3656 3471 3711 3.
3502 3656 3616 3730 98).
3650 3661 3714 3717 Et

2134 3719 2255 3776 ideo
2283 3721 2369 3777 hic
2392 3739 2601 3795 quoque
2624 3743 2743 3783 cum
2767 3730 3008 3802 dixisset,
3041 3735 3179 3793 Laus
3210 3719 3297 3797 luo
3316 3744 3371 3799 in
3395 3746 3522 3815 ﬁnes
3541 3719 3709 3822 term,

2132 3813 2403 3886 subjungit
2436 3835 2450 3872 :
2478 3817 2689 3874 Iustitia
2708 3824 2861 3893 plena
2902 3836 2974 3883 est
2998 3830 3204 3888 dextera
3252 3844 3357 3892 tua.
3385 3813 3709 3908 Quodenitn

2130 3905 2345 3961 assidue
2374 3906 2551 3965 facere
2576 3915 2874 3993 consuevit,
2905 3919 3044 3975 utab
3070 3922 3135 3978 iis
3161 3940 3280 3995 quze
3308 3905 3433 4001 erga
3464 3932 3711 3994 homines

2132 3997 2265 4055 ﬁunt
2292 4002 2547 4059 ascendat
2583 4004 2650 4059 ad
2679 4022 2741 4062 ea
2767 4048 2783 4074 ,
2822 4025 2943 4081 qua:
2980 4014 3047 4069 ad
3077 4015 3245 4086 ipsius
3274 3997 3513 4080 naturam
3543 4031 3709 4097 perti-

2130 4100 2291 4158 nent,
2334 4091 2437 4149 hoc
2459 4095 2620 4151 etiam
2650 4096 2776 4154 fecit
2812 4101 2863 4156 in
2893 4108 3143 4173 praesenti
3168 4125 3183 4163 :
3214 4127 3321 4168 non
3353 4124 3408 4169 ut
3437 4091 3613 4188 aliqua
3642 4121 3707 4177 ad

2132 4180 2298 4236 Deum
2324 4184 2581 4242 accedere
2607 4196 2699 4243 aut
2726 4189 2794 4246 ab
2820 4206 2885 4247 eo
2912 4196 3166 4255 recedere
3192 4180 3706 4281 cogitemus,'absit;

2129 4271 2224 4326 sed
2243 4273 2492 4343 quoniam
2539 4276 2842 4336 inﬁrmatur
2886 4299 3065 4343 sermo
3111 4299 3167 4347 et
3215 4271 3392 4366 lingua
3439 4300 3702 4375 humana,

2128 4372 2338 4433 oportet
2364 4365 2519 4423 dictis
2548 4368 2656 4425 Deo
2681 4370 2895 4443 dignum
2923 4391 3138 4438 sensum
3169 4365 3420 4446 tribuere.

2127 4556 2271 4613 sunt,
2296 4561 2357 4602 ea
2383 4548 2549 4618 dicit,
2593 4567 2713 4624 qua:
2738 4565 2863 4612 sunt
2903 4560 3019 4631 ejus
3042 4565 3351 4625 substantia:
3398 4577 3703 4647 conjuncta.

2127 4636 2379 4704 Quaenam
2408 4652 2585 4697 autem
2613 4660 2675 4700 ea
2716 4650 2879 4703 sunt?
2904 4649 3150 4722 Iustitia,
3190 4658 3388 4731 inquit,
3442 4636 3594 4737 plena
3633 4636 3706 4728 est

2127 4729 2331 4784 dextera
2357 4740 2466 4788 tua.
2494 4732 2741 4793 Ostendit
2765 4742 2938 4812 enim,
2980 4760 3044 4801 ea
3093 4764 3213 4820 qua:
3264 4729 3398 4811 fiunt
3429 4729 3535 4816 non
3586 4777 3706 4821 esse

2126 4834 2191 4875 ex
2218 4822 2422 4879 meritis
2465 4840 2650 4885 eorum
2695 4847 2831 4902 quos
2855 4834 3112 4896 beneﬁcio
3131 4843 3314 4912 afﬁcit,
3347 4849 3441 4905 sed
3492 4867 3558 4908 ex
3609 4871 3703 4912 sua

2126 4910 2454 4982 substantia,
2491 4920 2741 4987 quoniam
2771 4924 2886 4995 ipsa
2915 4927 3031 4998 ejus
3064 4910 3358 4993 substantia
3406 4941 3703 5003 delectatur

2121 5001 2326 5071 iustitia
2344 5045 2360 5071 ,
2390 5004 2597 5064 lzetatur
2616 5012 2938 5084 benignitate
2961 5027 3017 5075 et
3034 5023 3334 5084 clementia.
3355 5030 3466 5089 Hoc
3490 5046 3571 5091 est
3588 5001 3705 5108 ejus

2124 5108 2294 5164 opus,
2325 5096 2441 5153 haec
2467 5107 2551 5155 est
2590 5103 2705 5173 ejus
2737 5113 3102 5180 consuetudo,
3148 5127 3204 5173 et
3227 5119 3347 5177 ideo
3395 5133 3538 5182 tanta
3565 5096 3703 5186 accio

2125 5186 2339 5254 piebant
2380 5191 2450 5247 ab
2474 5206 2540 5248 eo
2583 5194 2859 5254 beneficia.
2890 5201 3345 5269 Quemadmodum
3394 5219 3535 5273 enim
3569 5221 3703 5294 ignis

2125 5287 2208 5332 est
2232 5280 2528 5340 calefacere
2546 5326 2561 5349 ,
2590 5295 2645 5342 et
2691 5289 2819 5344 solis
2847 5292 3111 5354 illustrare
3142 5320 3156 5355 :
3187 5304 3257 5358 ita
3284 5306 3441 5362 etiam
3469 5280 3705 5380 ejusvest

2123 5368 2440 5431 benefacere
2464 5393 2478 5441 ;
2509 5376 2615 5433 imo
2642 5395 2769 5436 vero
2796 5398 2863 5440 ne
2887 5386 2965 5441 sic
2993 5390 3243 5460 quidem,
3270 5399 3367 5454 sed
3408 5400 3562 5473 longe
3591 5423 3704 5463 am-

2124 5463 2281 5564 plius.
2314 5465 2379 5519 Et
2418 5466 2536 5524 ideo
2582 5471 2661 5564 sic
2698 5489 2912 5547 quoque
2949 5480 3078 5538 dixit
3109 5502 3123 5536 :
3168 5484 3381 5545 Iustitia
3424 5463 3578 5564 plena
3631 5511 3704 5555 es:

2122 5550 2329 5606 dextera
2371 5565 2491 5623 uta,
2547 5559 2660 5630 ejus
2714 5564 3077 5637 affluentiam,
3124 5575 3377 5649 illamque
3424 5550 3541 5653 ejus
3581 5606 3703 5647 esse

2126 5642 2434 5701 substantia:
2459 5651 2815 5722 conjunctam,
2844 5659 3167 5729 significans.
3200 5642 3535 5727 ἰὲίιιειεῖηι·
3563 5694 3701 5735 mons

2104 5735 2278 5805 'Sion,
2313 5748 2356 5791 el
2395 5743 2639 5798 msullml
2681 5748 2804 5816 ﬁlim
2844 5750 3066 5820 ladem,
3107 5767 3313 5827 propter
3337 5762 3541 5830 judicia
3580 5780 3701 5840 tua,
