4112 6208
402 281 513 342 219

1474 274 1844 336 ΕΧΡΟΒΠἸΟ
1879 272 1948 331 IN
1987 271 2321 330 PSALHUM
2361 273 2576 332 XLVIIL

3562 273 3670 330 220

405 408 616 461 ϐάνετο.
677 400 902 475 Μορῖων
930 401 1040 476 7&9
1074 400 1244 456 ἐθνῶν
1290 399 1632 453 ἐπελθόντων
1671 394 1852 466 (τοῦτο
1877 390 1988 462 7&9
2085 387 2136 441 τί
2151 385 2422 453 εῖδε;”οτι
2439 386 2788 476 ἰσχυροτέραν
2811 389 2907 476 καὶ
2949 389 3174 462 ἀῤῥαγῆ
3203 389 3238 462 ἦ
3275 389 3370 445 τοῦ
3403 388 3536 446 θεοῦ
3566 393 3667 464 κά-

402 495 492 550 διά
510 491 607 547 τοῦ
639 492 877 566 πλήθους
913 475 1022 545 τῶν
1054 489 1317 560 βασιλέων
1351 487 1544 560 δηλοῖ),
1571 486 1665 540 καὶ
1683 485 1782 553 οὐχ
1802 480 1990 543 ἀπλῶς
2085 493 2172 566 ρις
2197 477 2296 550 τὴν
2329 477 2482 531 πόλιν
2525 475 2843 566 ἐργάζεται..
2859 475 3030 566 Τοῦτο
3067 479 3177 566 7&9
3222 479 3359 550 αὐτῇ
3395 478 3663 551 θεμέλιος,

403 579 761 646 ἐπελθόντων,
789 577 928 633 ἀλλά
951 577 1471 650 συγκεκροτημένων
1504 574 1599 628 καὶ
1623 567 1986 639 συντεταγμέο

403 661 531 734 νωῦ,
547 667 772 722 τοιαῦτα
792 665 982 735 γέγονε
1008 665 1329 736 πράγματα,
1347 663 1422 728 ὡς
1441 662 1639 724 αὐτοὺς
1667 654 1985 729 θαυμαστὰς

402 755 728 826 γενομένους
744 753 854 806 τῶν
877 751 1191 824 παραδόξων
1210 750 1388 806 αὐτῶν
1399 748 1668 804 ἀπελθεῖν.
1698 745 1854 800 Οῦτω
1875 742 1984 815 7&9

403 849 434 900 ό
453 845 692 914 πόλεμος
739 841 1056 914 ἐτροποῦτο,
1087 843 1163 906 ὡς
1193 840 1402 913 νάρκης
1431 839 1525 892 καὶ
1554 837 1755 908 φρίκης
1780 834 1986 904 ἐμπλη-

407 933 633 995 σθέντας
655 932 854 994 αὐτοὺς
879 930 1200 1000 ἀναχωρεῖνο
1222 927 1316 982 καὶ
1337 926 1476 998 μετὰ
1503 923 1702 992 πολλῆς
1716 921 1816 991 τῆς
1837 921 1985 988 ἀγω-

405 1020 525 1084 νίας
557 1018 850 1090 ἀπεπήδων
877 1018 927 1072 οί
959 1017 1142 1071 πολλοὶ
1182 1017 1308 1080 τοὺς
1345 1013 1560 1082 ὀλίγους
1589 1011 1891 1072 δείσαντες,
1933 1007 1985 1059 οἱ

405 1107 826 1178 συντεταγμένοι
870 1105 996 1169 τούς
1022 1104 1404 1177 διῃρημένους,
1442 1101 1538 1155 καὶ
1569 1095 1866 1166 ώδινούσης
1889 1109 1986 1162 γυ-

403 1195 588 1258 ναικὸς
640 1195 790 1248 οὐδὲν
837 1194 1055 1265 ἄμεινον
1088 1191 1366 1246 διέκειντο.
1412 1183 1573 1241 Ὅθεν
1599 1185 1777 1256 δῆλον,
1816 1181 1892 1244 ὼς
1924 1181 1984 1233 οὐ

404 1283 546 1339 κατά
575 1281 896 1336 ἀκολουθίαν
929 1279 1278 1353 ἀνθρωπίνην
1301 1275 1584 1346 δπόλεμος
1614 1269 1982 1344 κατωρθοῦτο,

403 1370 543 1426 ἀλλά
583 1369 717 1433 Θεὸς
757 1364 824 1440 ἦν
859 1369 888 1422 ό
936 1367 1036 1440 τὴν
1096 1366 1278 1437 μάχην
1339 1359 1683 1434 στρατηγῶν,
1723 1359 1753 1411 ό
1791 1359 1886 1412 καὶ
1918 1355 1984 1410 τά

403 1458 731 1529 φρονήματα
781 1455 958 1510 αὐτῶν
1007 1455 1069 1508 οὐ
1105 1453 1265 1525 μόνον
1298 1447 1673 1513 καταϐάλλων,
1724 1446 1860 1500 ἀλλά
1891 1445 1984 1498 καὶ

402 1545 502 1616 τὴν
531 1543 768 1598 διάνοιαν
788 1535 977 1598 αὐτῶν
993 1539 1318 1606 κατασείων,
1343 1539 1439 1594 καὶ
1463 1537 1656 1598 ὠδῖνας
1689 1534 1870 1597 αὐτοῖς
1899 1534 1984 1586 ὲν-

404 1631 589 1694 τιθεὶς,
631 1631 725 1684 καὶ
756 1631 994 1703 ἄρρητον
1026 1627 1188 1698 φόϐον
1217 1625 1338 1680 τινὰ
1366 1625 1550 1686 αὐτοῖς
1592 1620 1978 1694 ἐργαζόμενος.

403 1717 514 1770 Καὶ
531 1715 726 1769 ταύτὸν
753 1714 994 1784 γέγονεν,
1023 1709 1144 1766 οἷον
1181 1711 1248 1767 ἀν
1284 1713 1333 1765 εί
1365 1709 1552 1764 στόλου
1587 1707 1780 1762 πολλοῦ
1806 1723 1984 1760 ναυτι-

400 1802 498 1859 κοῦ
519 1802 885 1866 συνελθόντος,
907 1801 1122 1872 πνεῦμα
1147 1798 1385 1872 ἐμπεσὸν
1410 1796 1643 1869 χαλεπὸν
1670 1793 1980 1867 συντρίψειε

397 1890 572 1943 πάντα
607 1889 676 1944 τά
701 1888 882 1952 πλοῖα,
929 1886 1023 1940 καὶ
1067 1884 1391 1941 καταδύσειε
1439 1884 1534 1948 τάς
1579 1882 1846 1954 τριήρεις,
1885 1881 1979 1935 καὶ

396 1978 598 2050 πολλὴν
625 1976 821 2048 ἀθρόον
855 1974 1083 2048 ἐμϐάλοι
1123 1975 1226 2047 τὴν
1261 1974 1531 2046 ταραχήν.
1578 1969 1850 2026 Ἐνταῦθα
1870 1969 1980 2041 γάρ

397 2065 546 2139 [9.00]
580 2081 670 2136 μοι
690 2063 778 2118 διά
803 2063 898 2117 τοῦ
927 2062 1324 2132 ύποδείγματος
1353 2059 1546 2115 τούτου
1580 2058 1643 2112 τό
1665 2074 1726 2110 τε
1759 2055 1980 2111 εὔκολον

395 2155 496 2225 τῆς
517 2155 675 2225 νίκης
701 2153 848 2207 δοκεῖ
869 2149 1085 2223 δηλοῦν,
1102 2151 1200 2205 καὶ
1235 2150 1334 2221 τῆς
1359 2148 1605 2221 ταραχῆς
1628 2147 1728 2219 τὴν
1753 2146 1982 2217 ὐπερϐο-

395 2241 515 2312 λήν.
539 2239 653 2295 Καὶ
679 2239 787 2312 7&9
812 2237 1058 2308 ναυτικῷ
1098 2237 1436 2308 χρησάμενοι
1487 2233 1681 2306 στόλῳ,
1719 2233 1814 2288 καὶ
1837 2228 1982 2288 οὗτοι

399 2326 836 2398 παραγενόμενοι
867 2327 932 2378 ἐκ
955 2325 1170 2396 μακρᾶς
1189 2340 1336 2386 τινος
1365 2323 1460 2376 καὶ
1474 2321 1760 2392 ἀλλοτρίας
1775 2319 1978 2393 χώρας,

399 2411 590 2481 ῶσπερ
616 2410 722 2464 τινὶ
753 2407 1026 2479 πνεύματι
1050 2406 1209 2478 βιαίῳ
1237 2409 1304 2478 τῇ
1336 2406 1472 2477 όργῇ
1497 2405 1590 2459 τοῦ
1617 2404 1751 2458 Θεοῦ
1781 2405 1982 2467 πάντες

403 2506 428 2535 I
485 2492 781 2546 ἀπώλοντο.
811 2489 905 2542 Διὸ
956 2489 1170 2544 καὶτὸν
1215 2489 1382 2542 τόπον
1435 2487 1610 2559 δηλῶν
1643 2487 1768 2541 ὅθεν
1793 2485 1979 2559 ἦλθον,

402 2577 652 2648 ἐπήγαγε
681 2574 761 2640 τὸ,
793 2572 1066 2640 Θαρσεῖς.
1087 2570 1247 2652 ,οὓτω
1275 2572 1382 2643 7&9
1407 2571 1501 2624 καὶ
1533 2573 1561 2624 ό
1591 2571 1838 2644 Ἐϐραῖος
1864 2572 1983 2642 ἐδή-

399 2661 545 2714 λωσε
580 2659 666 2714 διά
689 2659 791 2730 τῆς
812 2657 1032 2725 λέξεως,
1066 2655 1134 2727 ἢν
1171 2653 1268 2708 καὶ
1291 2653 1683 2726 παρεθήκαμεν
1703 2655 1856 2727 ὐμῶν
1880 2653 1981 2725 χά-

405 2762 492 2811 ριν
521 2745 602 2806 είς
650 2743 751 2814 τὴν
797 2741 1107 2809 ἀνάγνωσιν
1147 2735 1244 2790 τοῦ
1283 2736 1470 2808 ῥητοῦ.
1501 2739 1571 2790 Ἢ
1609 2737 1770 2792 τοῦτο
1803 2737 2009 2790 τοίνυν

402 2828 550 2882 εστιν
581 2813 772 2889 είπεῖν,
804 2825 838 2896 ἢ
870 2825 1047 2876 ἐκεῖνο
1068 2821 1097 2874 δ
1131 2819 1442 2892 ἔμπροσθεν
1471 2813 1648 2885 εἷπον,
1688 2821 1770 2874 ὅτι
1792 2821 1982 2892 ὥσπερ

395 2910 467 2964 τά
503 2909 658 2963 πλοῖα
689 2908 923 2980 Θαρσεῖς
954 2906 1152 2976 ἄνεμος
1180 2904 1415 2975 χαλεπὸς
1437 2903 1696 2975 ἐμπεσὼν
1737 2905 1982 2976 συνέτρι-

395 2995 466 3063 ψε
504 2992 782 3055 πολλάκις,
797 2989 941 3043 οὕτω
979 2987 1044 3060 δὴ
1079 2988 1148 3042 τὰ
1186 2987 1366 3060 πλήθη
1388 2989 1584 3042 ἐκεῖνα
1620 2989 1981 3059 συνετάραξεν

397 3079 428 3131 ὁ
455 3077 605 3141 Θεός.
631 3073 910 3142 Καθάπερ
935 3072 1308 3142 ἠκούσαμεν,
1342 3072 1497 3128 οὕτω
1517 3071 1617 3126 καί
1643 3071 1887 3141 εἴδομεν
1909 3073 1982 3126 ἐν

397 3159 573 3216 πόλει
595 3157 817 3224 Κυρίου
847 3153 970 3210 τῶν
1008 3154 1344 3223 δυνάμεων,
1375 3155 1446 3209 ἐν
1478 3156 1654 3210 πόλει
1692 3154 1799 3210 τοῦ
1827 3155 1978 3209 Θεοῦ

398 3241 588 3310 ἡμῶν.
623 3235 777 3302 Εἶδες
811 3238 928 3302 πῶς
957 3235 1018 3290 τὸ
1059 3235 1332 3308 ἀνώτερον
1365 3236 1660 3308 ἐξηγεῖται,
1686 3237 1770 3299 τὸ,
1807 3239 1980 3306 Εὐρι-

399 3324 589 3392 (amb;
617 3324 690 3378 Οὐ
725 3322 834 3394 7&9
855 3317 1027 3384 εἶπεν,
1060 3319 1384 3394 εὐριξώσας,
1407 3321 1543 3390 ἀλλ’,
1560 3320 1982 3397 Εὐριζῶνντου-

397 3409 582 3471 τέστι,
615 3405 879 3478 διηνεκῶς
909 3403 1181 3476 προορῶν,
1226 3403 1490 3475 διηνεκῶς
1531 3405 1860 3477 κηδόμενος,
1897 3406 1978 3460 δι-

395 3491 610 3563 ηνεκῶς
640 3486 1122 3560 τειχίζων.,Είπὼν
1155 3488 1264 3559 7&9
1296 3488 1364 3540 τὰ
1392 3489 1678 3558 συμϐάντα
1710 3489 1854 3554 τότε,
1885 3489 1977 3542 ἐπὶ

396 3578 468 3630 τὰ
492 3573 700 3628 παλαιά
729 3573 1046 3643 διηγήματα
1081 3571 1274 3639 ἀνάγει
1305 3571 1395 3624 τὸν
1430 3571 1609 3640 λόγον,
1637 3573 1855 3638 δεικνὺς
1893 3574 1974 3627 ὄτι

397 3659 568 3714 ταῦτα
596 3656 820 3712 ἐκείνων
851 3655 1107 3726 συγγενῆ.
1142 3657 1210 3709 "A
1239 3656 1350 3727 7&9
1384 3656 1616 3726 εῖδομεν,
1654 3657 1839 3728 φησὶν,
1882 3656 1976 3710 ἐπὶ

397 3742 505 3795 τῶν
529 3740 807 3813 ῥημάτων,
832 3737 1005 3792 ταῦτα
1038 3739 1130 3792 ἐπὶ
1161 3738 1269 3790 τῶν
1296 3737 1476 3808 ἔργων
1502 3739 1848 3810 ἑωράκαμεν,
1874 3737 1974 3801 τάς

397 3825 574 3886 νίκας,
601 3823 670 3876 τὰ
697 3822 936 3893 τρόπαια
961 3819 1056 3874 τοῦ
1085 3819 1242 3880 Θεοῦ,
1273 3820 1376 3891 τὴν
1407 3821 1751 3892 κηδεμονίαν,
1773 3822 1844 3876 τά
1869 3837 1975 3876 πα-

403 3906 597 3980 ράδοξα
634 3904 908 3976 θαύματα.
941 3903 1020 3957 Οὐ
1053 3903 1166 3975 7&9
1209 3902 1494 3958 διέλιπενό
1523 3904 1656 3968 Θεὸς
1687 3905 1776 3959 ἀεὶ
1801 3903 1974 3959 ταῦτα

400 3990 788 4064 ἐργαζόμενος.
819 3989 983 4041 Ὥστε
1029 3986 1194 4040 αὐτοῦ
1237 3988 1354 4040 ἐστι
1386 3987 1481 4040 καὶ
1511 3986 1771 4042 κινδύνων
1795 3987 1974 4042 ἀπαλ-

398 4075 634 4141 λάττειν,
650 4075 744 4128 καὶ
761 4073 897 4144 πρὸς
919 4069 1251 4140 θεογνωσίαν
1268 4073 1642 4141 χειραγωγεῖν.
1660 4073 1769 4126 Καὶ
1795 4072 1977 4136 καλῶς

396 4161 427 4213 ὁ
453 4159 736 4230 προφήτης
767 4155 1140 4228 ἐμνημόνευσε
1173 4152 1282 4207 τῶν
1313 4153 1418 4225 πρὸ
1442 4153 1637 4206 πολλοῦ
1671 4153 1762 4206 τοῦ
1784 4155 1977 4226 χρόνου

397 4241 727 4312 γενομένων.
765 4240 918 4294 Ἐπεὶ
945 4239 1054 4311 7&9
1083 4239 1178 4293 καὶ
1217 4238 1327 4292 ἀπὸ
1353 4237 1463 4291 τῶν
1507 4237 1751 4291 παλαιῶν
1787 4238 1980 4310 διηγη-

402 4323 612 4394 μάτων,
633 4322 728 4376 καὶ
748 4321 854 4376 ἀπὸ
883 4321 990 4376 τῶν
1012 4321 1222 4393 νεαρῶν
1246 4319 1596 4375 παιδεύεσθαι
1625 4319 1820 4392 ἔργων,
1837 4318 1978 4374 ὥστε

397 4405 867 4478 τοὺςπαχυτέρους
899 4405 1078 4460 αὐτῶν
1116 4404 1224 4458 ἀπὸ
1251 4404 1362 4457 τῶν
1393 4403 1694 4474 γινομένων
1736 4405 1830 4458 καὶ
1866 4407 1978 4470 τοῖς

398 4489 500 4562 ἤδη
524 4491 912 4560 γεγενημένοις
937 4487 1237 4553 πιστεύειν,
1269 4488 1364 4541 καὶ
1388 4486 1609 4542 διπλοῦν
1636 4485 1976 4558 καρποῦσθαι

395 4572 458 4628 τὸ
487 4572 698 4644 κέρδος,
717 4572 814 4627 καὶ
831 4574 932 4644 τὴν
962 4572 1132 4644 ἀκοὴν
1159 4572 1346 4634 αὐτοῖς
1364 4570 1484 4624 ἀντὶ
1510 4569 1686 4639 ὅψεως
1707 4570 1972 4639 γίνεσθαι.

410 4657 465 4709 Ὁ
507 4655 656 4722 Θεὸς
681 4657 1078 4726 ἐθεμελίωσεν
1109 4654 1306 4723 αὐτὴν
1334 4656 1422 4721 είς
1457 4653 1566 4709 τὸν
1595 4653 1798 4711 αίῶνα.
1836 4655 1974 4709 ’Υπ-

396 4739 712 4808 ελάϐομεν,
738 4743 772 4794 ό
801 4739 965 4805 Θεὸς,
983 4739 1050 4794 τὸ
1071 4738 1244 4805 ἔλεός
1267 4751 1385 4792 σου
1407 4736 1659 4806 ἐνμέσῳ
1685 4737 1793 4792 τοῦ
1819 4739 1974 4793 λαοῦ

396 4839 536 4879 σου.
561 4823 808 4894 Ἕτερος,
828 4821 1190 4892 Είκάσαμεν,
1215 4824 1248 4876 ό
1269 4820 1430 4887 Θεὸς,
1456 4819 1522 4874 τὸ
1551 4819 1725 4887 ἔλεός
1757 4837 1872 4875 σου
1903 4821 1974 4876 ἐν

393 4906 560 4976 μέσῳ
587 4905 694 4959 τοῦ
718 4905 872 4960 λαοῦ
897 4919 1038 4960 σου.
1068 4903 1128 4960 '0
1149 4903 1207 4958 δέ
1240 4903 1510 4976 Ἐϐραῖος,
1549 4903 1816 4973 Ἠχαλὰχ
1839 4904 1974 4974 δεμ-

391 4990 613 5060 μηνοῦ.
649 4989 814 5044 Κατὰ
839 4987 906 5042 τὸ
937 4986 1127 5058 ὄνομά
1157 5003 1296 5051 σου,
1331 4990 1365 5042 ὁ
1408 4987 1574 5052 Θεὸς,
1618 4987 1773 5042 οὕτω
1803 4989 1904 5042 καὶ
1933 4989 1971 5057 ἠ

393 5075 631 5141 σίνεσις
654 5087 772 5128 σου
791 5073 892 5127 ἐπὶ
924 5073 996 5127 τὰ
1033 5071 1258 5142 πέρατα
1283 5069 1394 5140 τῆς
1430 5069 1560 5140 γῆς.

466 5164 538 5228 7’.
578 5156 794 5227 Ἐπειδὴ
813 5154 986 5221 εἶπεν,
1010 5157 1078 5208 Ἀ
1091 5154 1298 5226 ὴκούσα
1306 5171 1426 5225 μεν,
1443 5153 1616 5208 ταῦτα
1633 5154 1725 5208 καὶ
1741 5154 1974 5228 εἴδομεν,

393 5237 542 5310 λέγει
577 5241 672 5298 καὶ
697 5240 748 5293 τί
771 5241 993 5311 ἢκουσε,
1026 5238 1121 5292 καὶ
1155 5236 1208 5291 τί
1242 5233 1374 5290 εἶδε.
1405 5235 1472 5290 Τί
1503 5231 1598 5290 οὖν
1625 5237 1848 5307 ἢκουσε,
1882 5237 1978 5292 καὶ

456 5399 486 5466 ξ
508 5396 778 5466 sqqeum:
805 5399 878 5466 εἰς
919 5394 1288 5466 εαὶεὶδεςιιλᾶμιὶ
1301 5406 1418 5442 mss.
1549 5393 1816 5466 ἀπῴλοντο.
1844 5395 1974 5466 θαρ-

395 5460 494 5516 σιὶς
513 5461 564 5535 δὲ
583 5453 664 5508 τὸν
687 5460 834 5535 τόπον
856 5459 962 5534 ἐμοὶ
995 5457 1124 5535 δομεῖ
1148 5453 1337 5532 δηλοῦν·
1369 5455 1597 5535 κμὶγὲροό
1625 5453 1845 5532 ξΕϐραῖος
1861 5453 1973 5535 τῇ-

395 5539 454 5580 τη
476 5524 702 5631 κέχρηται
723 5527 781 5583 τῇ
984 5517 1070 5566 Διὸ
1095 5518 1175 5564 καὶ
1195 5517 1342 5592 αὐτὴν
1365 5517 1451 5587 τήν
1483 5517 1740 5578 Ἑϐραῖκήν
1762 5517 1973 5579 παρεθή-

395 5600 542 5641 καμεν
593 5585 700 5638 εξιν·
725 5585 755 5641 ἢ
774 5597 918 5630 τουτο
929 5579 1097 5641 ,τοίνυν
1119 5594 1276 5639 φησιν,
1351 5577 1518 5624 έκεινο.
1602 5639 1614 5641 _

395 5601 460 5631 κα
519 5603 542 5630 ν
566 5600 700 5638 λεζιν·
725 5600 755 5641 η
774 5600 918 5630 τουτο
943 5600 1097 5627 τοινυν
1119 5600 1276 5639 φησιν,
1299 5600 1327 5632 η
1351 5600 1518 5624 εκεινο.

457 5600 518 5683 Γ
524 5645 661 5695 Unus
703 5643 886 5708 εὐρίζῳ.
921 5640 1049 5690 Vide
1085 5652 1246 5701 supra.
1293 5637 1400 5688 Mox
1449 5650 1575 5687 unus
1598 5639 1825 5698 διηνεκῶς
1857 5654 1972 5702 προ-

390 5709 531 5766 νοῶν.

2082 563 2239 620 τοῦτο
2265 567 2438 637 ίσχύς,
2459 563 2616 618 τοῦτο
2641 565 2937 635 ἀχείρωτον
2958 564 3128 636 αὐτὴν
3153 568 3316 630 ποιεῖ,
3335 567 3434 621 οὐκ
3457 567 3666 641 ἀνθρω-

2086 654 2220 725 πίνη
2251 653 2542 725 συμμαχία
2570 654 2666 706 καὶ
2693 651 3086 723 βοήθεια,γοῦτε
3115 652 3296 708 ὅπλων
3341 656 3516 724 ίσχύς,
3543 657 3663 711 οὐδὶ

2082 741 2284 813 πύργοι
2308 742 2404 796 καὶ
2421 740 2576 812 τείχη
2597 755 2612 770 ·
2641 739 2778 793 ἀλλά
2803 739 2888 806 τίς
2925 741 2982 792 '0
3002 740 3132 804 Θεὸς
3161 741 3332 812 αὐτὴν
3359 742 3661 816 διακρατεῖ.

2082 829 2254 884 Τοῦτο
2269 831 2377 903 γὰρ
2408 830 2643 902 μάλιστα
2663 828 3012 885 παιδεύεσθαι
3033 830 3226 894 αὐτοῦς
3250 831 3377 896 ἔδει,
3409 833 3505 886 καὶ
3527 833 3664 903 πρὸς

2082 917 2242 971 τοῦτο
2271 919 2469 983 αὐτοὺς
2505 919 2534 972 δ
2571 917 2868 989 Προφήτης
2895 915 3077 984 ἐνάγει
3105 916 3388 988 διηνεκῶς.
3417 917 3662 972 Ὑπελά-

2085 1005 2287 1073 σομεν,
2301 1008 2334 1058 ό
2351 1004 2513 1071 Θεὸς,
2531 1007 2596 1056 τὸ
2627 1003 2799 1068 ἔλεός
2817 1017 2940 1057 σου
2953 1002 3024 1055 ἐν
3038 1002 3204 1072 μέσῳ
3223 1005 3328 1060 τοῦ
3346 1005 3498 1059 λαοῦ
3521 1021 3661 1060 σου.

2085 1091 2153 1144 Τί
2182 1092 2352 1160 ἐστιν,
2401 1091 2842 1160 ’Υπελᾶϐομεν;
2874 1091 3234 1162 Ἦλπίσαμεν,
3261 1094 3664 1165 προσεδοκήσα-

2087 1195 2210 1248 μεν,
2236 1179 2482 1249 ἔγνωμεν
2499 1177 2594 1250 τὴν
2617 1177 3026 1249 φιλανθρωπίαν
3049 1178 3148 1247 τὴν
3169 1179 3288 1250 σήν.
3320 1180 3534 1252 Ἐπειδὴ
3554 1181 3664 1254 γὰρ

2083 1262 2258 1328 εἶπεν,
2279 1264 3022 1340 Ἕθεμελίωσεν,ἐρρίζωσεν,
3050 1264 3304 1337 ἐτείχισε,
3338 1266 3554 1331 δεικνὺς
3581 1269 3663 1323 ὅτι

2084 1353 2239 1426 [SOI]
2262 1356 2295 1424 ἡ
2323 1355 2559 1426 τοσαύτη
2583 1355 2808 1427 πρόνοια
2832 1355 2893 1408 ού
2916 1353 3056 1409 κατά
3085 1355 3185 1426 τὴν
3208 1353 3367 1421 ἀξίαν
3395 1355 3503 1408 τῶν
3529 1357 3666 1410 ἀπο.

2079 1443 2375 1510 λαϐόντων,
2411 1443 2547 1499 ἀλλά
2588 1445 2733 1499 κατά
2770 1446 2869 1517 τὴν
2899 1444 3215 1516 ἀγαθότητα
3263 1445 3356 1500 τοῦ
3386 1446 3664 1513 ποιοῦντος

2079 1531 2309 1600 γίνεται,
2337 1533 2430 1586 καὶ
2453 1533 2568 1604 ἅμα
2588 1533 2758 1587 θέλων
2777 1533 2868 1586 τὸν
2889 1531 3056 1602 τῦφον
3080 1534 3258 1588 αὐτῶν
3286 1536 3661 1600 καταστεῖλαι,

2078 1621 2252 1686 οὕτως
2289 1618 2408 1676 εἷπε
2429 1666 2443 1687 ,
2485 1622 2766 1694 μονονουχὶ
2795 1621 2952 1676 τοῦτο
2991 1622 3198 1692 λέγων⁹
3223 1623 3329 1680 Σοῦ
3357 1625 3450 1680 τοῦ
3479 1627 3663 1691 ἐλέους

2081 1709 2199 1762 ἐστὶ
2225 1709 2396 1763 ταῦτα
2421 1710 2489 1763 τά
2521 1709 2942 1781 κατορθώματα,
2971 1712 3069 1782 τῆς
3095 1711 3262 1784 δόξης
3281 1713 3380 1784 τῆς
3409 1714 3527 1785 σῆς,
3561 1716 3664 1785 τῆς
3719 1699 3724 1706 ’

2080 1796 2440 1868 ἀγαθωσύνης
2497 1799 2597 1870 τῆς
2629 1798 2750 1868 σῆς.
2794 1799 2885 1852 Διὸ
2928 1800 3023 1853 καὶ
3074 1801 3544 1871 ἐπήγαγε“Κατὰ
3592 1803 3659 1857 τὸ

2081 1883 2269 1954 ὄνομά
2298 1901 2435 1952 σου,
2458 1920 2460 1922 τ
2481 1889 2516 1940 ὁ
2548 1885 2712 1950 Θεὸς,
2748 1886 2902 1940 οὕτω
2935 1888 3031 1940 καί
3065 1888 3105 1956 ή
3137 1888 3374 1956 αῖνεσῖς
3413 1890 3661 1945 σου-ἐπὶ

2080 1971 2153 2025 τὰ
2178 1971 2402 2040 πέρατα
2427 1971 2538 2041 τῆς
2569 1971 2701 2044 γῆς.
2729 1973 2800 2028 Ἦ
2835 1973 3073 2040 αῑνεσίς
3100 1991 3236 2040 σου,
3271 1977 3423 2048 φησὶ,
3460 1994 3660 2049 κατορ-

2081 2057 2311 2130 θώματα
2338 2058 2480 2113 οῦτω
2533 2059 2743 2130 μεγάλα
2784 2062 2930 2114 ποιεῖ
2968 2061 3062 2115 καὶ
3120 2061 3442 2134 θαυμαστὰ,
3485 2065 3660 2129 οὕτως

2081 2147 2264 2219 ὑψηλά
2294 2149 2390 2203 καὶ
2417 2148 2624 2214 ἔνδοξα.
2653 2148 2728 2202 οὐ
2759 2149 2868 2221 7&9
2895 2150 3038 2204 κατά
3057 2151 3118 2205 τὸ
3147 2152 3347 2224 μέτρον
3367 2153 3474 2208 τῶν
3505 2155 3662 2226 εὐερ-

2079 2235 2427 2305 γετουμένων
2458 2233 2559 2305 τὴν
2598 2234 2926 2306 κηδεμονίαν
2968 2237 3337 2304 ἐπεδείκνυσω
3363 2241 3486 2295 οὐδὲ
3515 2242 3660 2296 κατὰ

2077 2321 2178 2393 τὴν
2204 2323 2385 2390 ἀξίαν,
2417 2323 2556 2377 ἀλλά
2585 2323 2727 2378 κατὰ
2755 2325 2814 2380 τὸ
2862 2326 3093 2397 μέγεθος
3113 2327 3175 2381 τὸ
3205 2328 3315 2382 σόν.
3360 2329 3423 2382 Ἥ
3453 2330 3664 2395 αῖνεσιις

2077 2410 2277 2477 τοίνυν,
2317 2413 2594 2466 τουτέστιν
2618 2450 2634 2477 ,
2667 2415 2700 2483 ή
2729 2413 2976 2485 εὐφημία
3001 2417 3034 2486 ἡ
3083 2415 3192 2470 ἀπὸ
3219 2416 3326 2470 τῶν
3351 2417 3548 2488 ἔργων,
3589 2419 3660 2474 τὰ

2081 2496 2482 2568 κατορθώματα
2511 2500 2764 2571 ἐποίησεν
2795 2501 3117 2569 ἐξάκουστα.
3147 2503 3386 2573 Ἐγίνετο
3421 2506 3520 2576 μὲν
3549 2508 3660 2580 7&9

2083 2589 2141 2642 ἐν
2169 2591 2238 2659 τῇ
2271 2589 2625 2662 Παλαιστίνῃ,
2655 2591 2742 2645 διὰ
2767 2591 2825 2645 δὲ
2853 2592 2914 2646 τὸ
2958 2592 3187 2663 μέγεθος
3229 2597 3323 2649 καὶ
3368 2596 3458 2650 τὸν
3494 2597 3660 2666 δγκον

2083 2674 2254 2740 αὐτάς
2277 2677 2376 2746 τῆς
2396 2667 2718 2747 οἰκουμένης
2743 2679 3120 2746 κατελάμϐανε
3139 2681 3237 2745 τάς
3269 2683 3542 2752 ἐσχατιάς,
3566 2685 3662 2739 καὶ

2083 2765 2132 2816 οἱ
2159 2761 2442 2834 πόρρωθεν
2487 2762 2642 2825 ὄντες
2671 2761 2852 2817 πάντα
2901 2763 3222 2834 ἐμάνθανον.
3255 2766 3338 2820 Τά
3379 2768 3431 2836 γ’
3463 2763 3557 2821 οῦν
3601 2771 3662 2824 ἐν

2082 2851 2344 2922 Αἰγύπτῳ
2381 2851 2668 2927 γενόμενα,
2703 2853 2736 2922 ή
2781 2850 3129 2923 Ἰεριχουντία
3177 2853 3348 2926 πόρνη
3377 2855 3484 2908 τῶν
3523 2875 3665 2928 παρ-

2081 2938 2250 2992 όντων
2298 2939 2688 3011 ἀκριϐέστερον
2739 2939 2874 3011 ᾔδει.
2909 2940 3079 2995 Πάλιν
3111 2941 3181 2996 τά
3226 2943 3284 2997 ἐν
3331 2944 3659 3019 Παλαιστίνῃ

2083 3025 2366 3098 συμϐάντα
2403 3027 2498 3080 καὶ
2527 3027 2576 3080 οἱ
2609 3025 2708 3098 τὴν
2742 3027 2850 3082 τῶν
2893 3028 3120 3099 Περσῶν
3159 3027 3663 3102 χώρανοίκοῦντες

2079 3115 2445 3187 ἀνεκήρυττον
2465 3133 2480 3148 ο
2506 3115 2575 3170 τά
2611 3116 2670 3169 ἐν
2714 3116 2850 3187 αὐτῇ
2882 3120 2948 3188 τῇ
2982 3118 3203 3190 Περσίδι
3243 3119 3404 3174 πάλιν
3433 3121 3481 3176 οί
3523 3123 3663 3192 πρὸς

2077 3203 2149 3257 τά
2190 3203 2402 3275 πέρατα
2443 3204 2546 3273 τῆς
2585 3204 2688 3276 γῆς
2732 3204 2884 3270 δντες
2916 3205 3230 3274 ἐγίνωσκον.
3257 3209 3358 3263 Διά
3394 3209 3458 3281 δὴ
3502 3210 3662 3265 τοῦτο

2079 3292 2174 3346 καὶ
2197 3293 2226 3346 ό
2247 3291 2500 3363 βασιλεὺς
2525 3291 2612 3347 διά
2639 3291 2981 3364 γραμμάτων
3010 3293 3226 3366 ἔπεμπε
3254 3297 3530 3368 πανταχοῦ
3559 3299 3662 3370 τῆς

2079 3379 2225 3432 οίκου
2235 3379 2422 3451 μένης,
2449 3378 2840 3451 ἀνακηρύττων
2859 3379 2928 3433 τὰ
2951 3380 3008 3434 ἐν
3032 3383 3098 3452 τῇ
3131 3382 3481 3454 καμίνῳ.Διά
3500 3385 3660 3439 τοῦτο

2078 3465 2170 3520 καὶ
2195 3461 2348 3529 οὗτος
2373 3465 2564 3534 εἰπὼν,
2598 3467 2708 3522 Καὶ
2737 3469 2775 3536 ἡ
2799 3467 3035 3534 αἴνεσις
3058 3484 3176 3524 σου
3196 3470 3295 3524 ἐπὶ
3325 3472 3397 3526 τὰ
3433 3471 3658 3540 πέρατα

2077 3552 2188 3622 τῆς
2214 3552 2344 3623 τῆς,
2389 3553 2637 3625 ἐπήγαγε
2658 3570 2673 3586 ο
2702 3555 3101 3624 Δικαιοσύνης
3141 3557 3382 3626 πλήρης
3411 3560 3450 3627 ή
3489 3559 3659 3625 δεξιὰ

2076 3656 2214 3696 σου.
2255 3641 2432 3712 Ὅπερ
2462 3642 2560 3714 μὲν
2583 3642 2704 3706 ἔθος
2741 3642 2891 3714 αὐτῷ
2922 3645 3096 3698 ποιεῖν
3123 3645 3381 3716 συνεχῶς,
3415 3646 3525 3700 ἀπὸ
3548 3647 3658 3702 τῶν

2077 3731 2156 3789 εἰς
2179 3728 2500 3800 ἀνθρώπους
2519 3732 2820 3801 γινομένων
2840 3731 3150 3787 ἀναϐαίνειν
3175 3733 3265 3786 ἐπὶ
3290 3733 3360 3788 τά
3386 3734 3658 3804 προσόντα

2075 3815 2240 3870 αὐτοῦ
2275 3819 2340 3887 τῇ
2374 3816 2555 3885 φύσει,
2590 3817 2748 3871 τοῦτο
2781 3819 2877 3871 καὶ
2917 3819 3010 3872 ἐπὶ
3039 3819 3134 3873 τοῦ
3173 3822 3442 3890 παρόντος
3475 3823 3654 3874 ποιεῖ’

2077 3904 2176 3972 οὐχ
2203 3904 2292 3956 ἶνα
2311 3904 2665 3972 ἐπιγινόμενα
2691 3905 2786 3957 καὶ
2810 3905 3179 3973 ἀπογινόμενα
3205 3917 3228 3946 ο
3252 3907 3554 3977 νοήσωμεν,
3581 3906 3657 3978 μὴ

2077 3990 2318 4058 γένοιτοο
2354 3988 2468 4041 ἀλλ’
2497 3989 2687 4059 ἐπειδὴ
2717 3989 2936 4042 ἀσθενεῖ
2960 3991 2988 4042 ό
3014 3991 3170 4058 λόγος
3196 3992 3288 4045 καὶ
3318 3995 3350 4063 ή
3385 3993 3598 4061 γλῶττα
3621 3996 3656 4066 ή

2079 4074 2420 4146 ἀνθρωπίνη,
2454 4075 2536 4128 δεῖ
2569 4075 2848 4146 θεοπρεπῆ
2892 4092 3012 4129 τινα
3059 4077 3268 4132 ἔννοιαν
3307 4081 3657 4150 προστιθέναι

2079 4162 2158 4234 τῷ
2194 4163 2358 4233 λόγῳ.

2151 4289 2232 4342 Τά
2261 4288 2531 4361 προσόντα
2570 4285 2663 4344 οῦν
2693 4292 2759 4363 τῇ
2799 4288 2957 4360 φύσει
2988 4287 3080 4344 τοῦ
3117 4287 3252 4343 Θεοῦ
3285 4288 3454 4344 ταῦτα
3485 4289 3655 4360 λέγει,

2081 4375 2146 4431 τά
2178 4377 2586 4449 συνουσιωμένα
2617 4378 2785 4450 αὐτῷ.
2809 4378 2944 4432 Τίνα
2972 4378 3026 4432 δὲ
3053 4377 3225 4433 ταῦτά
3252 4377 3368 4431 ἐστι
3392 4396 3408 4441 ;
3433 4380 3658 4433 Δικαιο-

2079 4468 2277 4535 σύνης
2296 4469 2554 4536 πλήρης,
2587 4471 2774 4540 φησὶν,
2807 4467 2847 4537 ἡ
2881 4467 3050 4534 δεξιά
3083 4484 3220 4523 σου.
3258 4469 3508 4523 Δείκνυσι
3525 4469 3654 4541 γὰρ,

2080 4555 2162 4610 δτι
2183 4557 2244 4610 οὐ
2264 4556 2363 4627 τῆς
2383 4557 2538 4623 ἀξίας
2561 4552 2630 4628 ἦν
2656 4557 2762 4612 τῶν
2788 4556 3259 4629 εὐεργετουμένων
3281 4555 3348 4610 τὰ
3373 4557 3654 4628 γινόμενα,

2079 4643 2218 4698 ἀλλά
2240 4644 2342 4715 τῆς
2367 4646 2552 4710 οὐσίας
2579 4647 2679 4717 τῆς
2708 4643 2894 4711 αὐτοῦ,
2927 4644 3114 4717 ἐπειδὴ
3142 4645 3278 4716 αὐτὴ
3301 4643 3466 4700 αὐτοῦ
3499 4648 3540 4718 ἡ
3559 4646 3656 4700 οὐ·

2081 4730 2171 4786 σία
2217 4731 2532 4804 δικαιοσύνῃ
2595 4733 2804 4805 χαίρει,
2859 4731 3237 4805 φιλανθρωπίᾳ
3283 4733 3650 4806 εὐφραίνεται.

2079 4819 2250 4874 Τοῦτο
2283 4821 2443 4892 ἔργον
2469 4820 2658 4885 αὐτοῦ,
2697 4820 2856 4875 τοῦτο
2887 4821 3006 4886 ἔθος
3037 4821 3204 4893 αὐτῷ,
3253 4823 3347 4876 καὶ
3384 4822 3472 4877 διὰ
3496 4823 3656 4877 τοῦτο

2074 4907 2346 4978 τοσαύτης
2377 4909 2657 4979 ἀπήλαυον
2686 4908 3025 4979 εὐέργεσίας.
3051 4909 3258 4982 Ὥσπερ
3287 4911 3396 4983 γὰρ
3430 4910 3524 4964 τοῦ
3552 4927 3654 4962 πυ-

2079 4994 2173 5065 ρὸς
2208 4994 2270 5047 τὸ
2299 4995 2629 5064 θερμαίνειν,
2656 4997 2750 5049 καὶ
2781 4996 2932 5067 ἡλίου
2965 4989 3050 5050 τὸ
3075 4997 3330 5064 φωτίζειν
3351 5013 3364 5027 ·
3401 4996 3542 5048 οὕτω
3587 4994 3652 5064 δὴ

2079 5082 2173 5134 καὶ
2189 5080 2355 5134 αὐτοῦ
2379 5081 2437 5134 τὸ
2460 5081 2787 5152 εὐεργετεῖν,
2809 5082 2908 5153 οὐχ
2932 5082 3073 5136 οὕτω
3097 5082 3176 5148 δὲ,
3199 5081 3334 5135 ἀλλά
3357 5081 3449 5134 καὶ
3473 5077 3654 5146 πολλῷ

2082 5167 2301 5238 μᾶλλον.
2333 5169 2424 5222 Διὸ
2467 5169 2560 5221 καὶ
2595 5168 2766 5234 οὕτως
2796 5166 2941 5235 εἶπε,
2988 5169 3378 5233 Δικαιοσύνης
3416 5165 3654 5232 πλήρης

2079 5257 2118 5323 ἡ
2153 5254 2323 5319 δεξιὰ
2356 5268 2507 5324 σου,
2537 5256 2597 5309 τὸ
2634 5256 2886 5326 δαψιλὲς,
2931 5256 2992 5309 τὸ
3041 5252 3472 5322 συνουσιωμένον
3505 5250 3654 5322 αὐτῷ

2077 5346 2270 5418 δηλῶν.
2302 5349 2704 5416 Εὑφρανθήτω
2730 5349 2867 5416 ὄρος
2892 5346 3066 5410 Σιὼν,
3111 5343 3209 5398 καὶ
3239 5340 3653 5412 ἀγαλλιάσθω-

2078 5451 2201 5489 σαν
2231 5437 2291 5488 αἱ
2325 5434 2638 5503 θυγατέρες
2661 5433 2772 5502 τῆς
2813 5433 3120 5497 Ἰουδαίας,
3151 5429 3356 5484 ἕνεκεν
3383 5427 3500 5483 τῶν
3527 5447 3652 5500 κρι-

2073 5520 2278 5592 μάτων
2301 5537 2436 5586 σου,
2475 5523 2671 5590 Κύριε.
2700 5520 2890 5582 Ἄλλος
2924 5517 3078 5590 φησὶ,
3112 5517 3214 5572 Διά
3251 5515 3480 5586 κρίσεις
3511 5533 3650 5575 σου.

2141 5699 2162 5758 9
2187 5698 2268 5748 Sic
2301 5711 2412 5748 mss.
2438 5701 2489 5748 el
2511 5696 2622 5747 Sav.
2649 5699 2807 5746 recte.
2839 5694 2892 5746 In
2919 5693 3036 5747 Mor.
3066 5695 3142 5744 καὶ
3167 5693 3478 5759 ἀπογινόμενα
3493 5694 3651 5746 deest.
