4074 6206
339 380 572 436 Domine.
611 382 792 452 Alius,
829 383 908 440 oe
928 386 1128 455 judicia
1157 395 1265 441 tua.
1296 387 1380 442 15.
1407 385 1730 442 Circumdate
1769 385 1920 450 Sion,

335 474 804 545 oteompl‘eetinrim‘
823 493 957 531 eam.
1007 479 1182 545 Alius,
1228 477 1293 531 Et
1335 478 1558 531 eiratite.
1605 475 1830 532 Narrate
1869 477 1926 530 in

337 551 555 620 turribus
583 565 722 638 eius.
753 567 926 632 Alius,
951 567 1231 622 Numerata
1253 578 1412 622 turres
1435 569 1568 636 ejus.
1591 567 1759 632 Alius,
1781 566 1923 620 Lau-

331 655 464 708 dato.
489 655 580 710 14.
613 655 800 711 Ponite
819 659 976 711 corda
1015 668 1180 712 vestra
1205 659 1260 712 in
1285 659 1465 712 virtute
1482 649 1622 727 'ejus.
1649 657 1822 723 Alius,
1850 655 1921 710 In

331 745 596 800 ambitum.
626 747 798 811 Alius,
842 746 907 801 In
927 747 1308 802 abundantiam.
1333 747 1402 802 Et
1430 747 1714 807 distribuite
1741 747 1918 802 domos

329 838 456 908 ejus.
489 837 642 891 Alius
657 876 672 902 ,
731 837 1046 893 Dintetimini
1081 840 1248 911 regias
1289 841 1427 910 ejus.
1471 839 1540 895 Ut
1589 839 1830 894 enarratis
1864 838 1918 892 in

327 930 570 1000 progenie
595 931 786 984 altera.
830 933 979 987 Alius
1001 973 1017 999 ,
1062 931 1130 986 In
1170 933 1487 1004 generatione
1507 932 1790 1003 posteriori.
1821 931 1912 988 15.

330 1019 586 1088 Quoniam
607 1017 689 1075 hic
707 1030 781 1076 est
810 1021 944 1077 Deus
973 1033 1140 1078 noster
1164 1024 1218 1077 in
1237 1024 1498 1090 secutum,
1522 1034 1567 1077 et
1595 1024 1650 1077 in
1671 1023 1916 1078 stcculum

319 1109 520 1166 secuti.
544 1107 668 1182 Ipse
700 1123 838 1179 reget
863 1127 956 1168 nos
1001 1114 1055 1169 in
1106 1114 1313 1168 secuta.
1363 1114 1606 1182 Quanam
1634 1113 1702 1170 de
1749 1126 1913 1174 causa

321 1202 441 1258 hinc
483 1205 754 1274 praecipit,
779 1205 1010 1262 circuire
1045 1207 1351 1271 civitatem,
1389 1221 1679 1264 numerare
1697 1216 1910 1274 turres,

316 1295 604 1352 attendere
631 1296 852 1352 mdillcia
873 1338 890 1364 ,
915 1297 1258 1356 considerare
1281 1299 1398 1369 ejus
1422 1297 1674 1355 decorem
1693 1339 1710 1367 ,
1759 1306 1910 1368 septa

316 1393 436 1462 ejus
462 1403 519 1449 et
548 1409 729 1450 muros
757 1406 1102 1466 computare,
1133 1395 1326 1452 domos
1351 1405 1408 1452 et
1455 1395 1649 1468 palatia
1693 1395 1908 1462 metiri,

315 1498 426 1539 non
450 1498 587 1554 opus
612 1493 696 1540 est
720 1494 898 1542 nostra
944 1488 1414 1558 interpretatione,
1458 1486 1554 1543 sed
1595 1487 1764 1542 oratio
1790 1486 1908 1556 ipsa

313 1576 552 1646 Seipsam
577 1577 830 1647 explicat.
859 1579 991 1634 Cum
1031 1580 1176 1636 enim
1228 1581 1341 1635 haec
1384 1579 1642 1646 dixisset,
1688 1593 1904 1634 causam

314 1681 532 1738 qunque
555 1669 738 1723 statim
789 1668 1004 1739 adjecit.
1043 1669 1393 1738 Quamnam?
1441 1668 1514 1724 Ut
1557 1669 1806 1724 enarratis
1847 1669 1905 1724 in

317 1759 554 1828 progenie
578 1758 778 1815 altera.
801 1759 952 1828 Quod
976 1768 1154 1816 autem
1200 1759 1364 1827 dicit,
1415 1758 1725 1830 hujusmodi
1767 1766 1901 1816 est:

314 1847 647 1920 lmpleamini
675 1851 871 1923 gaudio
894 1894 910 1918 ,
955 1850 1242 1920 laetemini,
1293 1851 1590 1907 exsultetis.
1639 1849 1745 1906 Sed
1792 1865 1902 1905 non

311 1941 589 1998 leviter-ac
605 1943 799 2007 Obiter,
823 1937 927 2000 sed
949 1952 1198 1999 accurate
1219 1950 1275 1999 et
1303 1941 1588 2013 diligenter
1612 1940 1729 2012 ejus
1753 1941 1896 1999 vires

309 2033 611 2105 inteiligite.
647 2035 912 2104 Quoniam
935 2038 1080 2093 enim
1121 2037 1220 2092 fuit
1241 2037 1450 2106 diruta,
1479 2038 1729 2108 quoniam
1756 2037 1900 2092 radi-

307 2126 448 2180 citus
471 2127 727 2182 convulsa
744 2168 762 2195 ,
787 2128 1012 2199 ejusque
1035 2129 1209 2183 solum
1235 2128 1620 2200 propemodum
1660 2129 1895 2196 interiit,

306 2225 360 2270 et
385 2215 743 2286 desperarent
769 2216 887 2274 fore
931 2227 989 2273 ut
1012 2229 1077 2274 ea
1109 2218 1163 2274 in
1193 2219 1388 2275 melius
1415 2227 1730 2287 mutaretur,
1759 2218 1896 2274 adeo

304 2317 363 2363 ut
410 2308 653 2364 dicerent
688 2327 704 2365 :
753 2311 1006 2365 Aruertmt
1042 2327 1158 2366 ossa
1221 2319 1430 2378 nostra,
1468 2311 1644 2366 lassati
1692 2325 1898 2378 summ,

302 2401 588 2472 consumpti
612 2418 788 2457 uanus
817 2404 834 2435 ⁸
867 2401 1074 2472 (Exerit.
1115 2403 1204 2460 37.
1232 2404 1346 2474 ιι),
1377 2417 1478 2458 nec
1512 2403 1894 2474 exspectabant

302 2492 419 2548 lore
472 2500 532 2546 ut
571 2508 692 2548 eam
737 2493 1038 2563 reciperent
1083 2511 1101 2551 τ
1151 2507 1270 2549 eam
1315 2503 1493 2550 tamen
1547 2502 1887 2564 receperunt,

301 2594 355 2641 et
389 2599 500 2639 non
539 2585 699 2640 talem
747 2585 958 2656 qualem
1003 2585 1324 2652 amiserant,
1360 2585 1453 2640 sed
1499 2585 1656 2656 longe
1703 2585 1892 2641 melio-

299 2681 417 2731 rem
433 2717 450 2742 ,
477 2675 795 2742 clariorem,
820 2685 981 2747 atque
1008 2676 1352 2734 illustriorem
1371 2717 1387 2739 ,
1409 2675 1667 2746 majorem
1686 2716 1704 2744 ,
1731 2675 1891 2731 ditio-

299 2777 437 2832 rem,
459 2765 917 2835 potentiorem,~et
951 2765 1464 2836 magniﬁcentiorem
1511 2765 1566 2820 in
1613 2764 1888 2832 aediliciis,

297 2858 354 2912 in
379 2857 547 2913 rebus
586 2857 887 2924 venalibus,
919 2857 973 2912 in
1003 2857 1238 2928 potentia
1259 2899 1273 2924 ,
1300 2857 1356 2912 in
1379 2857 1741 2914 iacultatibus.
1769 2855 1888 2912 Erit

297 2948 444 3003 enim
468 2987 487 3010 ,
516 2948 722 3018 inquit,
753 2948 935 3004 ultima
959 2949 1123 3020 gloria
1163 2949 1344 3006 domus
1380 2950 1531 3020 hujus
1553 2965 1712 3022 supra
1743 2951 1886 3020 prio-

293 3055 404 3094 rem
430 3039 588 3110 (Agg.
615 3039 676 3093 Ξ.
705 3038 820 3112 10).
853 3039 1176 3096 Adhortatar
1194 3041 1446 3112 populum
1470 3081 1488 3108 ,
1506 3049 1563 3097 et
1603 3055 1886 3112 propemo-

293 3131 426 3187 dum
449 3132 572 3187 haec
599 3133 725 3187 dicit
751 3151 765 3187 :
797 3131 939 3188 Ecce
961 3132 1079 3188 hac
1095 3132 1317 3198 civitas,
1343 3131 1413 3194 de
1437 3146 1540 3203 qua
1565 3141 1682 3188 erat
1709 3132 1886 3188 omnis

291 3237 428 3294 spes
453 3223 682 3294 abiecta,
699 3233 816 3296 qua
839 3224 1016 3280 diluta
1032 3234 1286 3281 eteversa
1309 3224 1506 3291 fuerat,
1537 3224 1806 3296 quomodo
1829 3225 1883 3282 in

292 3313 718 3385 splendidiorem
747 3317 979 3387 speciem
1017 3325 1319 3387 statumque
1346 3315 1588 3372 restituta
1611 3316 1734 3372 est?
1759 3316 1886 3374 Haec

292 3421 430 3476 ergo
461 3406 572 3478 ipse
589 3406 801 3473 discite,
815 3407 932 3478 ejus
951 3407 1376 3472 aedificationem,
1397 3406 1758 3478 splendorem,
1775 3407 1885 3462 cla-

292 3491 534 3564 sitatam,
567 3505 628 3552 ut
648 3512 770 3553 cum
796 3497 920 3553 hinc
941 3497 1036 3553 Dei
1055 3497 1303 3553 virtutem
1333 3496 1659 3563 didieeritis,
1690 3511 1883 3568 nempe

292 3605 402 3661 quo
433 3599 591 3660 pacto
629 3605 750 3646 eam
772 3631 788 3657 ,
816 3589 968 3661 cujus
997 3589 1142 3645 nulla
1167 3599 1280 3646 erat
1309 3599 1436 3660 spes
1463 3587 1678 3655 relicta,
1710 3588 1882 3658 majo-

293 3697 406 3739 rem
433 3683 638 3749 iecerit,
657 3685 888 3740 nat-retis
911 3683 1142 3755 posteris
1155 3683 1348 3739 vestris
1368 3682 1460 3738 Dei
1488 3682 1798 3753 potentiam,
1827 3689 1884 3740 et

293 3786 604 3847 perpetuam
659 3775 778 3847 ejus
827 3773 1245 3845 providentia,
1283 3787 1517 3844 eumque
1565 3773 1736 3830 nostri
1777 3787 1878 3832 cu-

290 3883 404 3923 ram
431 3881 650 3936 semper
683 3880 870 3938 gerere
890 3906 907 3932 ,
945 3880 1044 3920 nos
1079 3879 1299 3935 regere,
1325 3873 1383 3920 et
1424 3863 1733 3920 defendere.
1788 3863 1882 3920 Hae

291 3960 433 4014 enim
463 3959 802 4013 narrationes
827 3957 1056 4027 posteris
1069 3970 1281 4027 quoque
1299 3963 1458 4013 erunt
1485 3970 1690 4026 magna:
1713 3971 1880 4027 argu-

288 4064 528 4108 mentum
549 4050 902 4122 philosophiae
919 4091 937 4119 ,
959 4060 1021 4105 et
1045 4049 1260 4106 occasio
1281 4049 1641 4105 exactissima:
1667 4048 1761 4104 Dei
1782 4064 1879 4106 co-

288 4145 576 4216 gnitionis,
627 4153 678 4200 et
715 4143 884 4202 studii
915 4144 1146 4199 virtutis.
1174 4141 1532 4210 Quamobrem
1569 4141 1724 4212 jubet
1759 4142 1880 4208 illos

287 4249 406 4291 eam
430 4237 676 4302 circuire,
701 4244 761 4290 ut
785 4235 892 4290 sint
909 4234 1124 4305 perfecti
1140 4234 1390 4290 doctores
1409 4241 1748 4303 posterorum
1778 4231 1874 4304 (a).

362 4330 412 4383 ι.
451 4327 713 4396 Quocirca
738 4341 837 4382 nos
859 4340 1072 4397 quoque
1093 4339 1307 4394 semper
1334 4331 1390 4380 et
1409 4322 1669 4380 continuo
1699 4323 1878 4378 cousi-

286 4420 544 4477 derautes
563 4461 580 4487 ,
607 4419 876 4475 civitatem
904 4427 1140 4478 nostram
1161 4417 1462 4475 Jerusalem
1489 4424 1670 4473 mente
1691 4431 1877 4474 verse-

287 4527 408 4567 mus
425 4551 442 4578 ,
483 4527 550 4568 ac
579 4510 1028 4582 pulchritudinem
1051 4510 1173 4580 ejus
1197 4508 1355 4566 nobis
1379 4509 1450 4569 ob
1474 4509 1660 4566 oculos
1689 4523 1877 4578 perpe-

287 4613 380 4658 tuo
419 4617 711 4674 ponamus,
739 4618 857 4674 qum
877 4601 1038 4672 Regis
1067 4601 1384 4657 sccculorum
1412 4608 1496 4658 est
1523 4599 1833 4670 metropolis
1853 4639 1878 4667 ,.

284 4693 340 4749 in
379 4709 482 4764 qua
517 4694 784 4764 justorum
813 4701 940 4750 sunt
963 4693 1212 4763 spiritus,
1237 4691 1384 4749 chori
1417 4691 1870 4762 patriarcharum,

283 4785 690 4854 apostolorum,
737 4785 1084 4855 omniumque
1135 4791 1478 4850 sanctorum;
1525 4781 1615 4837 ubi
1663 4781 1875 4840 stabilia

282 4885 412 4931 sunt
449 4882 679 4944 cuneta,
725 4891 834 4932 non
876 4875 1251 4946 prmtereuntia
1288 4889 1304 4940 ;
1341 4872 1430 4929 ubi
1456 4872 1876 4944 pulchritudines

281 4976 410 5023 sunt
453 4967 787 5022 immortales
808 5007 825 5029 ,
851 4974 907 5022 et
933 4979 1056 5036 quas
1080 4963 1183 5022 sub
1208 4972 1480 5036 aspectum
1507 4978 1615 5020 non
1639 4963 1872 5032 cadunt,

281 5073 408 5130 quae
451 5057 583 5114 solis
620 5057 688 5113 iis
729 5056 1023 5114 hereditate
1055 5056 1312 5126 consequi
1341 5055 1498 5134 licet,
1521 5056 1614 5127 qui
1643 5057 1873 5116 caduca-

281 5166 402 5207 rum
440 5158 500 5207 et
535 5150 806 5206 ﬂuxarmn
845 5148 1176 5208 saecularium
1212 5163 1457 5206 curarum
1488 5148 1699 5218 penitus
1723 5148 1876 5206 obliti

293 5281 298 5286 -
351 5259 376 5323 ξ
422 5255 550 5323 nec
601 5257 754 5323 verba
781 5292 794 5316 ,
848 5256 1120 5323 consumpti
1177 5269 1345 5323 sumus
1407 5259 1559 5323 (Br._
1595 5261 1879 5323 παρανηλὼ

293 5318 458 5381 mea),
500 5333 596 5368 non
636 5318 885 5370 habentur
919 5318 1057 5384 apud
1086 5318 1432 5384 Ezechielem',
1462 5321 1594 5372 unde
1622 5318 1760 5372 locus
1783 5335 1877 5372 ex-

295 5393 352 5428 ce
359 5388 499 5429 rntus
522 5387 617 5429 est.
1471 5393 1476 5398 ’

360 5395 785 5513 ἷεζυῗξῗέῐὶιιιιιοι
830 5439 946 5513 llas.
1001 5443 1083 5513 hic
1119 5441 1313 5513 desinit
1333 5445 1670 5513 _ex_plsuatlo,
1710 5443 1875 5513 addita

292 5502 486 5569 vulgari
551 5503 642 5569 illa
690 5504 938 5569 clausula,
973 5503 1102 5569 grtia
1142 5502 1258 5569 ipsi
1296 5502 1480 5569 gloria,
1538 5509 1612 5557 ὅτι
1654 5502 1802 5568 ἀὐτῷ
1843 5511 1874 5565 ἡ

687 5545 948 5636 genere;
972 5545 1123 5636 rei.
1142 5545 1480 5636 inuratur
1504 5545 1877 5636 diem?

295 5624 391 5674 lius
417 5641 428 5673 :
459 5637 651 5686 anceps
687 5625 891 5681 hiereo;
936 5624 1056 5677 non'
1079 5628 1312 5679 videntur
1358 5635 1521 5680 tamen
1566 5631 1670 5682 hanc
1711 5627 1875 5681 aliena

297 5695 403 5738 esse
430 5703 458 5737 a
480 5685 618 5750 style
645 5685 995 5748 Chrysestotni.
1508 5693 1516 5702 ’

1353 269 1713 330 EIPOSITIO
1743 269 1818 329 IN
1847 269 2170 329 PSALEIUM
2210 269 2440 328 XLVI".
2851 286 2888 328 T.

3514 283 3620 340 ω

2017 382 2264 451 iuerint,
2315 401 2474 455 opum
2521 384 2726 443 scilicet
2767 401 2832 444 ac
2873 386 3223 464 deliciarum,
3251 405 3307 454 et
3328 397 3616 456 damnosa-

2029 492 2148 532 rum
2188 475 2382 531 diaboli
2411 477 2774 548 voluptatum;
2817 480 3105 547 fraternum
3148 496 3323 543 autem
3373 506 3613 550 amorem

2029 575 2085 646 et
2111 565 2524 635 hospitalitatem
2547 585 2668 642 erga
2697 559 2976 643 pauperes,
2993 569 3332 634 etcaritatem
3357 581 3410 635 in
3428 565 3614 654 proxié
3643 605 3702 654 ,μ

2027 673 2173 712 mum
2204 659 2254 713 in
2281 657 2629 732 dies-augent,
2657 671 2814 732 atque
2837 657 3325 735 acc‘eptas‘injuria's
3345 685 3409 725 ex
3432 665 3625 741 auium?

2026 749 2362 806 condonant:
2408 761 2500 817 ut,
2545 767 2664 806 cum
2711 751 2810 807 hac
2849 755 3057 809 ratibne
3101 755 3322 814 honeste
3366 771 3525 828 atque
3555 777 3611 818 ut
3715 746 3732 758 ’

2025 838 2137 896 Deo
2170 851 2445 911 acceptum
2484 849 2594 906 est,
2623 841 2784 898 vitam
2815 845 3237 914 traduxerimus,
3268 849 3414 918 regni
3446 852 3608 906 caelo-

2022 945 2141 985 rum
2167 931 2513 988 hereditatem
2543 935 2892 1004 accipiamus,
2919 936 2970 991 in
2999 937 3113 1007 ipso
3141 937 3353 994 Christo
3385 943 3610 998 Domino

2022 1031 2207 1078 nostro
2227 1065 2242 1091 ,
2266 1024 2349 1079 cui
2379 1025 2542 1095 gloria
2571 1034 2623 1080 et
2645 1027 2926 1095 imperium
2951 1044 3051 1085 una
3083 1043 3203 1084 cum
3230 1031 3386 1088 Patre
3415 1042 3468 1088 et
3489 1034 3609 1106 Spi-

2020 1113 2125 1168 ritu
2163 1125 2347 1169 saucto
2370 1157 2385 1180 ,
2429 1132 2570 1172 nunc
2614 1127 2668 1173 et
2708 1133 2954 1188 semper,
2987 1119 3122 1176 etin
3160 1125 3355 1179 saecula
3381 1129 3608 1184 saeculo-

2019 1216 2160 1258 rum.
2187 1205 2379 1261 Amen.
2478 1275 2481 1276 ν
2773 1272 2776 1276 ,

2467 1275 2534 1332 ΙΝ
2563 1276 2888 1335 PSALMUM
2918 1275 3148 1336 XLVIII.

2137 1365 2190 1419 1.
2218 1364 2284 1420 In
2313 1366 2465 1436 ﬁnem
2488 1369 2610 1438 [iliis
2628 1370 2776 1426 Core.
2807 1372 2956 1428 Alius
2978 1375 3054 1446 (a)
3071 1415 3088 1439 ,
3116 1373 3479 1448 Triumphalis.

2012 1473 2067 1528 2.
2101 1471 2283 1531 Audite
2318 1477 2425 1533 hate
2445 1519 2462 1547 ,
2503 1497 2673 1537 omnes
2713 1493 2900 1554 gentes.
2928 1484 3079 1541 Alius
3098 1529 3111 1552 ,
3141 1488 3323 1543 Audite
3349 1490 3463 1546 hoc.
3495 1483 3604 1547 Au?

2082 1565 2219 1622 ribus
2257 1570 2529 1640 percipite,
2571 1588 2742 1627 omnes
2780 1576 2868 1644 qui
2907 1576 3141 1632 habitatis
3185 1578 3372 1634 orbem.
3410 1581 3596 1651 Alius,

2033 1649 2036 1652 ’
2079 1655 2326 1713 Intimum
2358 1656 2698 1717 Occidentem.
2725 1665 2905 1732 Alius,
2940 1667 3280 1724 Occidentem.
3305 1649 3596 1743 Hebraeus,

2015 1825 2026 1836 .
2083 1749 2203 1804 01d.
2245 1749 2300 1807 3.
2345 1753 2542 1824 Quique
2578 1759 2840 1830 terrigena:
2862 1770 2908 1815 et
2945 1760 3040 1826 ﬁlii
3077 1763 3356 1821 hominum.
3405 1769 3554 1824 Alius
3578 1812 3595 1837 ,

2077 1841 2248 1897 Etiam
2273 1844 2548 1901 humanum
2591 1865 2768 1918 genus,
2801 1862 2848 1905 et
2875 1865 3116 1924 praeterea
3143 1857 3238 1926 ﬁlii
3265 1860 3597 1932 uniuscujus-

2074 1951 2171 2006 que
2213 1938 2325 1992 viri.
2367 1937 2541 1996 Simul
2590 1942 2644 1996 in
2691 1959 2846 1998 unum
2891 1947 3028 2001 dives
3067 1957 3112 2002 et
3149 1966 3363 2020 pauper.
3405 1951 3594 2024 Alius,

2077 2027 2297 2084 Pariter.

2075 2120 2128 2175 l.
2171 2120 2353 2192 Magna
2397 2124 2638 2195 qumdam
2670 2137 2725 2182 et
2745 2143 2938 2185 arcana
2969 2131 3121 2189 nobis
3149 2150 3286 2190 nunc
3314 2146 3396 2194 est
3419 2137 3595 2196 dictu-

2001 2223 2094 2264 rus
2121 2212 2399 2282 propheta.
2425 2213 2608 2287 Neque
2623 2219 2762 2273 enim
2787 2219 3046 2292 quotquot
3064 2235 3187 2278 sunt
3213 2227 3406 2300 ubique
3425 2227 3595 2286 terra-

2001 2301 2119 2356 I‘um
2158 2302 2226 2357 ad
2264 2305 2585 2362 audiendum
2623 2311 2859 2368 vocasset
2882 2355 2898 2382 ,
2943 2330 3039 2368 nec
3077 2317 3238 2371 totius
3265 2315 3410 2374 orbis
3437 2321 3589 2376 thea-

2001 2395 2139 2449 trum
2169 2396 2478 2463 excivisset,
2509 2399 2611 2454 nisi
2652 2417 2902 2474 magnum
2929 2403 3054 2474 quid
3080 2417 3128 2462 et
3157 2407 3468 2478 praeclarum
3491 2454 3506 2478 ,
3536 2422 3592 2468 et

2001 2487 2132 2540 tanti
2175 2499 2468 2544 conventus
2507 2493 2870 2563 magnitudine
2911 2495 3128 2567 dignum
3155 2499 3307 2554 nobis
3333 2511 3476 2556 esset
3503 2503 3590 2557 di-

1997 2575 2199 2632 eturus.
2242 2577 2426 2649 Neque
2460 2581 2602 2636 enim
2647 2585 2874 2653 amplius
2916 2585 3148 2658 loquitur
3185 2600 3236 2642 ιιι
3265 2595 3589 2662 propltctaus

1995 2663 2194 2723 Iudaeis
2231 2665 2318 2740 qui
2362 2669 2700 2728 Palaestinam
2746 2673 3022 2744 habitant,
3052 2675 3145 2733 sed
3175 2679 3332 2736 veluti
3373 2681 3584 2752 quidam

1993 2757 2267 2828 apostolus
2307 2769 2362 2814 et
2400 2762 2722 2832 evangelista
2758 2765 2824 2819 ad
2873 2780 3087 2822 omnem
3117 2767 3401 2825 humanam
3431 2781 3587 2827 natu-

1994 2867 2108 2906 ram
2149 2851 2328 2924 dirigit
2352 2854 2668 2910 orationem.
2701 2855 2810 2910 Lex
2839 2857 2979 2928 enim
3013 2843 3117 2913 uno
3145 2860 3196 2913 in
3219 2861 3364 2916 orbis
3392 2869 3586 2934 angulo

1991 2959 2154 2998 unam
2200 2954 2410 3016 gentem
2449 2945 2677 3002 docebat
2721 2966 2735 3003 :
2777 2964 2954 3004 sermo
2989 2960 3164 3006 autem
3191 2951 3584 3022 prtrdicationis

1994 3033 2194 3106 ubique
2242 3044 2504 3092 terrarum
2552 3039 2824 3108 resanuit,
2865 3039 2920 3096 et
2961 3042 3194 3113 seipsum
3225 3045 3494 3113 extendit,
3524 3058 3584 3104 ut

1992 3125 2080 3194 qui
2114 3134 2310 3180 tantam
2349 3129 2643 3197 pervaserit
2674 3129 2941 3200 regionem
2973 3133 3222 3202 quantam
3248 3135 3328 3189 sol
3361 3133 3581 3206 percur-

1991 3217 2080 3272 rit.
2121 3213 2214 3274 lila
2251 3220 2394 3276 enim
2432 3229 2585 3277 erant
2613 3221 2944 3294 pmdagogica
2971 3225 3212 3298 quadam
3243 3227 3500 3284 institutio
3524 3239 3581 3286 et

1990 3309 2344 3366 ministerium
2384 3311 2843 3389 condemnationis
2884 3323 2938 3370 et
2980 3317 3167 3372 mortis
3204 3335 3220 3373 :
3255 3317 3368 3374 haec
3399 3329 3576 3376 autem

1989 3402 2155 3472 gratia
2195 3411 2250 3458 et
2290 3418 2410 3474 pax.
2448 3403 2707 3474 Quoniam
2735 3413 2866 3478 ergo
2889 3408 3200 3464 convocavit
3226 3423 3384 3466 omne
3409 3425 3576 3481 genus

1992 3493 2056 3549 ad
2087 3494 2446 3570 audiendum,
2478 3513 2576 3552 nos
2597 3513 2808 3570 quoque
2831 3497 2919 3554 hie
2945 3497 3200 3568 adsimus,
3228 3510 3282 3557 et
3306 3501 3580 3560 rideamus

1988 3587 2112 3658 quid
2157 3587 2269 3643 vult
2312 3588 2464 3645 nobis
2486 3587 2664 3646 dicere
2694 3591 3132 3663 psalmographus
3151 3633 3165 3658 ,
3193 3595 3278 3664 qui
3307 3598 3576 3653 communi

1989 3673 2262 3735 hominum
2289 3681 2472 3750 generi
2497 3691 2712 3752 praeest.
2745 3682 2890 3738 Licet
2913 3698 3042 3755 ergo
3070 3685 3179 3739 sint
3202 3685 3433 3752 barbari,
3454 3688 3580 3745 licet

1987 3771 2284 3840 sapientes,
2335 3772 2456 3828 licet
2505 3773 2731 3844 privati,
2772 3773 2930 3844 jubcs
2973 3791 3162 3832 omnes
3208 3792 3302 3833 eos
3344 3779 3578 3838 adesse?

1987 3855 2162 3918 Etiam
2182 3905 2197 3930 ,
2226 3865 2412 3935 inquit.
2441 3863 2508 3919 Et
2533 3867 2652 3922 ideo
2674 3867 2930 3936 incipiens
2955 3885 3169 3939 quoque
3190 3865 3321 3926 dixit
3345 3889 3358 3924 :
3388 3871 3576 3928 Omnes

1984 3965 2191 4026 gentes;
2218 3963 2272 4008 et
2296 3969 2481 4010 rursus
2508 3957 2852 4027 amplificavit
2879 3963 3175 4015 orationem
3201 3961 3383 4017 dicens
3414 3981 3426 4017 :
3451 3963 3577 4030 Qui-

1985 4063 2081 4120 que
2120 4048 2380 4118 terrigenae
2421 4057 2469 4102 et
2515 4049 2611 4116 ﬁlii
2648 4049 2944 4116 hominum,
2987 4066 3186 4105 vocans
3223 4067 3381 4108 omne
3403 4070 3574 4125 genus

1985 4141 2280 4198 hominum.
2315 4141 2472 4212 Papa:
2500 4156 2620 4212 qua:
2658 4139 2928 4196 doctrina!
2961 4143 3117 4212 quam
3145 4152 3228 4198 cst
3251 4153 3372 4214 apta
3403 4147 3577 4200 omni-

1984 4231 2085 4287 bus
2119 4241 2172 4288 et
2212 4231 2542 4288 communis!
2587 4231 2656 4286 Et
2691 4229 2810 4286 ideo
2836 4246 2940 4286 non
2974 4231 3144 4288 solum
3172 4244 3325 4290 vocat
3347 4251 3572 4304 omnes,

1985 4322 2078 4378 sed
2119 4337 2310 4394 magno
2354 4319 2532 4378 studio
2559 4331 2614 4378 et
2637 4317 2914 4394 diligentia
2936 4323 3086 4392 jubet
3109 4339 3203 4380 eos
3233 4325 3319 4380 illa
3346 4342 3463 4396 qua:
3487 4327 3572 4381 di-

1983 4422 2174 4468 cuntur
2199 4413 2493 4468 attendere.
2521 4412 2637 4469 Non
2667 4413 2837 4469 solum
2863 4415 3005 4472 enim
3035 4415 3196 4482 dixit,
3228 4417 3410 4471 Audite
3438 4416 3573 4487 haec,

1983 4520 2153 4559 omnes
2195 4515 2405 4576 gentes;
2441 4505 2536 4561 sed
2577 4504 2735 4562 etiam
2758 4547 2774 4575 ,
2805 4506 3021 4560 Auribus
3047 4507 3308 4578 pcrcipite.
3335 4507 3578 4568 Auribus

1983 4598 2257 4670 percipere
2287 4608 2464 4654 autem
2493 4599 2620 4654 nihil
2653 4598 2897 4655 estaliud
2925 4615 3080 4670 quam
3109 4599 3386 4672 diligenter
3414 4611 3466 4656 et
3485 4612 3574 4657 at-

1983 4700 2128 4748 tente
2156 4691 2361 4748 audire.
2394 4691 2625 4746 Auribus
2653 4691 2793 4745 enim
2817 4691 3090 4761 percipere
3116 4690 3166 4745 id
3197 4694 3408 4763 proprie
3434 4692 3572 4750 dici-

1983 4781 2070 4839 tur
2088 4825 2102 4851 ,
2135 4784 2346 4856 quando
2371 4783 2488 4855 quis
2517 4795 2646 4838 aure
2666 4781 2779 4837 auri
2799 4780 3007 4837 admota
3029 4781 3281 4855 loquitur,
3304 4782 3576 4858 scipsum~

2041 4937 2117 5000 (a)
2151 4941 2478 5008 Interpretatm
2497 4938 2695 4986 nomine
2718 4935 2843 5008 apud
2885 4937 3026 4987 savil.
3051 4937 3296 5008 ιλιι-πηνα.
3321 4945 3566 5008 notantur.

1980 4997 2157 5049 Verum
2179 5005 2263 5060 aut
2283 4997 2461 5058 Codex,
2486 5011 2584 5060 quo
2608 5012 2723 5048 usus
2747 4997 2944 5060 illeest,
2968 5000 3158 5052 mendis
3179 4997 3356 5058 scatet,
3379 5009 3465 5050 aut
3481 5015 3571 5050 no-

1981 5067 2057 5124 ta_s_
2079 5058 2418 5124 chaplorum
2445 5058 2540 5124 non
2564 5059 2809 5124 intellexit
2831 5058 2934 5110 ille.
2960 5061 3202 5124 Siquidem
3245 5061 3568 5124 priorlcctto,

1981 5121 2131 5180 Alius,
2159 5139 2181 5194 ι
2203 5118 2582 5194 friumphrtiisg
2612 5121 2736 5194 apud
2755 5123 2910 5194 ipsum
2930 5118 3090 5194 εει-ιω
3103 5118 3302 5194 ultioni
3320 5118 3569 5194 tribuitur,

1981 5135 2131 5180 Αιιαε,
2159 5139 2181 5167 ι
2203 5135 2538 5182 "rumpamus,
2560 5137 2582 5166 ι
2612 5135 2736 5232 Ἃ)υο
2755 5135 2910 5194 ipsum
2930 5135 3090 5172 sextae
3105 5135 3302 5195 mntem
3320 5135 3569 5194 tribuitur,

1980 5195 2091 5247 quae
2111 5190 2188 5232 est
2205 5180 2482 5247 Symmachi,
2509 5189 2562 5231 ut
2585 5197 2630 5231 γι
2663 5195 2750 5233 eas
2775 5196 2824 5232 tu
2846 5183 3078 5246 Hexaplis
3107 5190 3302 5233 nostris.
3326 5191 3401 5232 Sic
3433 5195 3570 5234 enim

1981 5241 2066 5317 ille
2083 5241 2443 5324 εοιεζηιιειωὸ
2468 5268 2686 5315 vertere.
2722 5263 2846 5314 Infra
2891 5241 3011 5314 vero
3054 5265 3198 5324 illud,
3240 5263 3533 5318 occidentali
3549 5304 3567 5328 ,

1981 5334 2110 5402 quod
2126 5333 2193 5402 ab
2216 5337 2318 5402 ipso
2335 5335 2716 5402 sextm__t-‘ditioni_
2755 5335 2998 5402 tribuitur,
3038 5341 3116 5402 est
3150 5333 3335 5402 Aquilae
3364 5339 3416 5384 et
3438 5342 3570 5398 Sym-

1981 5395 2156 5458 machi,
2180 5395 2303 5447 ut'iu
2329 5395 2556 5458 Hexaplis
2570 5396 2746 5458 nostris
2770 5397 2952 5454 videas,
2970 5403 3022 5444 et
3036 5401 3141 5444 Iss.
3157 5395 3444 5446 auctoritate
3459 5395 3570 5458 pro—

1982 5455 2151 5530 batur.
2167 5459 2282 5530 Illud
2309 5470 2442 5525 vero,
2459 5455 2630 5530 eum
2655 5456 2918 5530 humanam
2953 5469 3118 5530 genus,
3143 5463 3188 5507 et
3217 5455 3571 5530 macram/itii

1982 5521 2354 5582 wriuscniusque
2373 5518 2696 5580 piri,,notatur
2717 5518 2842 5579 apud
2886 5518 3026 5568 Sat'il.
3055 5522 3116 5570 ον.
3142 5536 3190 5570 θ.
3215 5518 3354 5584 qtmi
3376 5518 3570 5584 scilicet

1991 5591 2128 5646 emet
2159 5587 2472 5646 septuaginta
2499 5587 2835 5646 Interpretum
2866 5591 2920 5646 et
2951 5584 3332 5646 'l‘hcodotiouis;
3371 5586 3459 5634 scd
3485 5591 3575 5640 est

1990 5643 2291 5709 Symmachi,
2317 5652 2367 5696 ut
2395 5643 2561 5696 videas
2586 5643 2651 5694 iu
2671 5644 2908 5710 chaplis
2941 5645 3140 5699 nostris.

3643 635 3708 673 ν
3755 660 3768 672 .
