  <div class='ocr_page' id='page_1' title='image "/cluster/home/n/w/nwhite01/storage/ocr_20150623/55/hvd.32044054086814/219.png"; bbox 0 0 4112 6208; ppageno 0'>
   <div class='ocr_carea' id='block_1_1' title="bbox 513 307 3790 398">
    <p class='ocr_par' dir='ltr' id='par_1_1' title="bbox 513 307 3790 398">
     <span class='ocr_line' id='line_1_1' title="bbox 513 307 3790 398; baseline -0.009 -2"><span class='ocrx_word' id='word_1_1' title='bbox 513 340 618 398; x_wconf 68' lang='lat'><strong>2‘23</strong></span> <span class='ocrx_word' id='word_1_2' title='bbox 1255 335 1312 393; x_wconf 88' lang='lat' dir='ltr'><strong>S.</strong></span> <span class='ocrx_word' id='word_1_3' title='bbox 1353 333 1631 393; x_wconf 71' lang='lat' dir='ltr'><strong>JOANNIS</strong></span> <span class='ocrx_word' id='word_1_4' title='bbox 1666 321 2136 387; x_wconf 77' lang='lat' dir='ltr'><strong>CllRVSOSTOMl</strong></span> <span class='ocrx_word' id='word_1_5' title='bbox 2177 319 2494 377; x_wconf 74' lang='lat' dir='ltr'><strong>ARCHIEP.</strong></span> <span class='ocrx_word' id='word_1_6' title='bbox 2521 316 3056 376; x_wconf 73' lang='lat' dir='ltr'><strong>CONSTANTINOP.</strong></span> <span class='ocrx_word' id='word_1_7' title='bbox 3686 307 3790 366; x_wconf 62' lang='lat'><strong>29.5</strong></span> 
     </span>
    </p>
   </div>
   <div class='ocr_carea' id='block_1_2' title="bbox 511 450 2098 528">
    <p class='ocr_par' dir='ltr' id='par_1_2' title="bbox 511 450 2098 528">
     <span class='ocr_line' id='line_1_2' title="bbox 511 450 2098 528; baseline -0.006 -16"><span class='ocrx_word' id='word_1_8' title='bbox 511 475 617 528; x_wconf 89' lang='lat' dir='ltr'><strong>que</strong></span> <span class='ocrx_word' id='word_1_9' title='bbox 643 467 697 512; x_wconf 92' lang='lat' dir='ltr'><strong>et</strong></span> <span class='ocrx_word' id='word_1_10' title='bbox 726 455 869 512; x_wconf 90' lang='lat' dir='ltr'><strong>illum</strong></span> <span class='ocrx_word' id='word_1_11' title='bbox 893 454 1038 523; x_wconf 85' lang='lat' dir='ltr'><strong>jubet</strong></span> <span class='ocrx_word' id='word_1_12' title='bbox 1066 452 1318 508; x_wconf 86' lang='lat' dir='ltr'><strong>adbibere</strong></span> <span class='ocrx_word' id='word_1_13' title='bbox 1348 454 1581 506; x_wconf 85' lang='lat' dir='ltr'><strong>animum</strong></span> <span class='ocrx_word' id='word_1_14' title='bbox 1610 452 1672 506; x_wconf 93' lang='lat' dir='ltr'><strong>iis</strong></span> <span class='ocrx_word' id='word_1_15' title='bbox 1697 450 2098 521; x_wconf 78' lang='lat' dir='ltr'><strong>qut-dicuntur.</strong></span> 
     </span>
    </p>
   </div>
   <div class='ocr_carea' id='block_1_3' title="bbox 517 540 2103 616">
    <p class='ocr_par' dir='ltr' id='par_1_3' title="bbox 517 540 2103 616">
     <span class='ocr_line' id='line_1_3' title="bbox 517 540 2103 616; baseline -0.003 -15"><span class='ocrx_word' id='word_1_16' title='bbox 517 547 734 602; x_wconf 65' lang='lat' dir='ltr'><strong>Auribus</strong></span> <span class='ocrx_word' id='word_1_17' title='bbox 779 545 1056 616; x_wconf 80' lang='lat' dir='ltr'><strong>percipite,</strong></span> <span class='ocrx_word' id='word_1_18' title='bbox 1087 560 1257 598; x_wconf 78' lang='lat' dir='ltr'><strong>omnes</strong></span> <span class='ocrx_word' id='word_1_19' title='bbox 1285 543 1370 612; x_wconf 89' lang='lat' dir='ltr'><strong>qui</strong></span> <span class='ocrx_word' id='word_1_20' title='bbox 1397 543 1632 598; x_wconf 72' lang='lat' dir='ltr'><strong>habitatis</strong></span> <span class='ocrx_word' id='word_1_21' title='bbox 1661 542 1849 595; x_wconf 85' lang='lat' dir='ltr'><strong>orbem.</strong></span> <span class='ocrx_word' id='word_1_22' title='bbox 1884 540 2103 596; x_wconf 85' lang='lat' dir='ltr'><strong>Etiamsi</strong></span> 
     </span>
    </p>
   </div>
   <div class='ocr_carea' id='block_1_4' title="bbox 465 631 2101 709">
    <p class='ocr_par' dir='ltr' id='par_1_4' title="bbox 465 631 2101 709">
     <span class='ocr_line' id='line_1_4' title="bbox 465 631 2101 709; baseline -0.003 -19"><span class='ocrx_word' id='word_1_23' title='bbox 465 669 478 680; x_wconf 58' lang='lat'><strong><em>.</em></strong></span> <span class='ocrx_word' id='word_1_24' title='bbox 513 639 602 709; x_wconf 83' lang='lat' dir='ltr'><strong>qui</strong></span> <span class='ocrx_word' id='word_1_25' title='bbox 627 679 644 703; x_wconf 93' lang='lat'><strong>,</strong></span> <span class='ocrx_word' id='word_1_26' title='bbox 693 635 896 707; x_wconf 89' lang='lat' dir='ltr'><strong>inquit,</strong></span> <span class='ocrx_word' id='word_1_27' title='bbox 938 649 1044 690; x_wconf 90' lang='lat' dir='ltr'><strong>non</strong></span> <span class='ocrx_word' id='word_1_28' title='bbox 1080 633 1385 690; x_wconf 84' lang='lat' dir='ltr'><strong>referuntur</strong></span> <span class='ocrx_word' id='word_1_29' title='bbox 1425 631 1476 687; x_wconf 92' lang='lat' dir='ltr'><strong>in</strong></span> <span class='ocrx_word' id='word_1_30' title='bbox 1515 647 1794 687; x_wconf 85' lang='lat' dir='ltr'><strong>numerum</strong></span> <span class='ocrx_word' id='word_1_31' title='bbox 1833 632 2101 702; x_wconf 82' lang='lat' dir='ltr'><strong>gentium,</strong></span> 
     </span>
    </p>
   </div>
   <div class='ocr_carea' id='block_1_5' title="bbox 513 726 2104 798">
    <p class='ocr_par' dir='ltr' id='par_1_5' title="bbox 513 726 2104 798">
     <span class='ocr_line' id='line_1_5' title="bbox 513 726 2104 798; baseline -0.002 -13"><span class='ocrx_word' id='word_1_32' title='bbox 513 729 608 786; x_wconf 88' lang='lat' dir='ltr'><strong>sed</strong></span> <span class='ocrx_word' id='word_1_33' title='bbox 633 738 762 785; x_wconf 87' lang='lat' dir='ltr'><strong>sunt</strong></span> <span class='ocrx_word' id='word_1_34' title='bbox 787 728 965 795; x_wconf 90' lang='lat' dir='ltr'><strong>misti,</strong></span> <span class='ocrx_word' id='word_1_35' title='bbox 991 735 1045 783; x_wconf 89' lang='lat' dir='ltr'><strong>et</strong></span> <span class='ocrx_word' id='word_1_36' title='bbox 1069 726 1296 798; x_wconf 84' lang='lat' dir='ltr'><strong>dispersi</strong></span> <span class='ocrx_word' id='word_1_37' title='bbox 1326 727 1602 794; x_wconf 87' lang='lat' dir='ltr'><strong>nomades,</strong></span> <span class='ocrx_word' id='word_1_38' title='bbox 1629 741 1724 782; x_wconf 90' lang='lat' dir='ltr'><strong>eos</strong></span> <span class='ocrx_word' id='word_1_39' title='bbox 1744 741 1954 797; x_wconf 89' lang='lat' dir='ltr'><strong>quoque</strong></span> <span class='ocrx_word' id='word_1_40' title='bbox 1971 741 2104 782; x_wconf 88' lang='lat' dir='ltr'><strong>voco</strong></span> 
     </span>
    </p>
   </div>
   <div class='ocr_carea' id='block_1_6' title="bbox 515 819 2106 891">
    <p class='ocr_par' dir='ltr' id='par_1_6' title="bbox 515 819 2106 891">
     <span class='ocr_line' id='line_1_6' title="bbox 515 819 2106 891; baseline 0.001 -16"><span class='ocrx_word' id='word_1_41' title='bbox 515 819 582 876; x_wconf 90' lang='lat' dir='ltr'><strong>ad</strong></span> <span class='ocrx_word' id='word_1_42' title='bbox 612 819 958 876; x_wconf 88' lang='lat' dir='ltr'><strong>audiendum.</strong></span> <span class='ocrx_word' id='word_1_43' title='bbox 985 820 1120 876; x_wconf 93' lang='lat' dir='ltr'><strong>Vide</strong></span> <span class='ocrx_word' id='word_1_44' title='bbox 1147 820 1536 876; x_wconf 87' lang='lat' dir='ltr'><strong>concionatoris</strong></span> <span class='ocrx_word' id='word_1_45' title='bbox 1565 820 1963 891; x_wconf 73' lang='lat' dir='ltr'><strong>prudentiam‘.</strong></span> <span class='ocrx_word' id='word_1_46' title='bbox 1989 821 2106 876; x_wconf 82' lang='lat' dir='ltr'><strong>Pri-</strong></span> 
     </span>
    </p>
   </div>
   <div class='ocr_carea' id='block_1_7' title="bbox 515 912 2102 980">
    <p class='ocr_par' dir='ltr' id='par_1_7' title="bbox 515 912 2102 980">
     <span class='ocr_line' id='line_1_7' title="bbox 515 912 2102 980; baseline 0.002 -13"><span class='ocrx_word' id='word_1_47' title='bbox 515 929 660 967; x_wconf 86' lang='lat' dir='ltr'><strong>mum</strong></span> <span class='ocrx_word' id='word_1_48' title='bbox 700 928 885 969; x_wconf 90' lang='lat' dir='ltr'><strong>eorum</strong></span> <span class='ocrx_word' id='word_1_49' title='bbox 939 913 1172 968; x_wconf 86' lang='lat' dir='ltr'><strong>animum</strong></span> <span class='ocrx_word' id='word_1_50' title='bbox 1231 912 1520 980; x_wconf 91' lang='lat' dir='ltr'><strong>excitavit,</strong></span> <span class='ocrx_word' id='word_1_51' title='bbox 1565 921 1622 969; x_wconf 93' lang='lat' dir='ltr'><strong>et</strong></span> <span class='ocrx_word' id='word_1_52' title='bbox 1677 915 1847 970; x_wconf 87' lang='lat' dir='ltr'><strong>erexit</strong></span> <span class='ocrx_word' id='word_1_53' title='bbox 1895 914 1962 970; x_wconf 88' lang='lat' dir='ltr'><strong>ad</strong></span> <span class='ocrx_word' id='word_1_54' title='bbox 2005 930 2102 970; x_wconf 84' lang='lat' dir='ltr'><strong>au-</strong></span> 
     </span>
    </p>
   </div>
   <div class='ocr_carea' id='block_1_8' title="bbox 515 1001 2102 1074">
    <p class='ocr_par' dir='ltr' id='par_1_8' title="bbox 515 1001 2102 1074">
     <span class='ocr_line' id='line_1_8' title="bbox 515 1001 2102 1074; baseline 0.004 -18"><span class='ocrx_word' id='word_1_55' title='bbox 515 1001 802 1068; x_wconf 85' lang='lat' dir='ltr'><strong>diendum,</strong></span> <span class='ocrx_word' id='word_1_56' title='bbox 848 1018 914 1058; x_wconf 90' lang='lat' dir='ltr'><strong>eo</strong></span> <span class='ocrx_word' id='word_1_57' title='bbox 951 1002 1090 1074; x_wconf 91' lang='lat' dir='ltr'><strong>quod</strong></span> <span class='ocrx_word' id='word_1_58' title='bbox 1132 1017 1320 1057; x_wconf 89' lang='lat' dir='ltr'><strong>omnes</strong></span> <span class='ocrx_word' id='word_1_59' title='bbox 1365 1003 1523 1058; x_wconf 90' lang='lat' dir='ltr'><strong>simul</strong></span> <span class='ocrx_word' id='word_1_60' title='bbox 1562 1005 1848 1059; x_wconf 90' lang='lat' dir='ltr'><strong>vocaverit.</strong></span> <span class='ocrx_word' id='word_1_61' title='bbox 1898 1005 2102 1062; x_wconf 83' lang='lat' dir='ltr'><strong>Deinde</strong></span> 
     </span>
    </p>
   </div>
   <div class='ocr_carea' id='block_1_9' title="bbox 516 1093 2107 1165">
    <p class='ocr_par' dir='ltr' id='par_1_9' title="bbox 516 1093 2107 1165">
     <span class='ocr_line' id='line_1_9' title="bbox 516 1093 2107 1165; baseline 0.001 -19"><span class='ocrx_word' id='word_1_62' title='bbox 516 1103 796 1165; x_wconf 87' lang='lat' dir='ltr'><strong>postquam</strong></span> <span class='ocrx_word' id='word_1_63' title='bbox 827 1093 1064 1159; x_wconf 90' lang='lat' dir='ltr'><strong>vocavit,</strong></span> <span class='ocrx_word' id='word_1_64' title='bbox 1092 1095 1286 1149; x_wconf 91' lang='lat' dir='ltr'><strong>fastum</strong></span> <span class='ocrx_word' id='word_1_65' title='bbox 1313 1109 1499 1148; x_wconf 91' lang='lat' dir='ltr'><strong>eorum</strong></span> <span class='ocrx_word' id='word_1_66' title='bbox 1530 1094 1860 1164; x_wconf 86' lang='lat' dir='ltr'><strong>comprimit,</strong></span> <span class='ocrx_word' id='word_1_67' title='bbox 1891 1110 1959 1149; x_wconf 90' lang='lat' dir='ltr'><strong>ne</strong></span> <span class='ocrx_word' id='word_1_68' title='bbox 1980 1111 2107 1165; x_wconf 84' lang='lat' dir='ltr'><strong>pro-</strong></span> 
     </span>
    </p>
   </div>
   <div class='ocr_carea' id='block_1_10' title="bbox 517 1180 2106 1254">
    <p class='ocr_par' dir='ltr' id='par_1_10' title="bbox 517 1180 2106 1254">
     <span class='ocr_line' id='line_1_10' title="bbox 517 1180 2106 1254; baseline 0.003 -17"><span class='ocrx_word' id='word_1_69' title='bbox 517 1191 637 1252; x_wconf 87' lang='lat' dir='ltr'><strong>pter</strong></span> <span class='ocrx_word' id='word_1_70' title='bbox 665 1180 1054 1237; x_wconf 81' lang='lat' dir='ltr'><strong>multitudinem</strong></span> <span class='ocrx_word' id='word_1_71' title='bbox 1082 1182 1135 1236; x_wconf 92' lang='lat' dir='ltr'><strong>in</strong></span> <span class='ocrx_word' id='word_1_72' title='bbox 1166 1184 1518 1254; x_wconf 77' lang='lat' dir='ltr'><strong>arrogantiam</strong></span> <span class='ocrx_word' id='word_1_73' title='bbox 1549 1183 1856 1240; x_wconf 74' lang='lat' dir='ltr'><strong>efferantur.</strong></span> <span class='ocrx_word' id='word_1_74' title='bbox 1889 1184 2106 1242; x_wconf 79' lang='lat' dir='ltr'><strong>Talibus</strong></span> 
     </span>
    </p>
   </div>
   <div class='ocr_carea' id='block_1_11' title="bbox 515 1275 2105 1348">
    <p class='ocr_par' dir='ltr' id='par_1_11' title="bbox 515 1275 2105 1348">
     <span class='ocr_line' id='line_1_11' title="bbox 515 1275 2105 1348; baseline 0.003 -18"><span class='ocrx_word' id='word_1_75' title='bbox 515 1275 659 1330; x_wconf 87' lang='lat' dir='ltr'><strong>enim</strong></span> <span class='ocrx_word' id='word_1_76' title='bbox 710 1275 942 1330; x_wconf 77' lang='lat' dir='ltr'><strong>maxime</strong></span> <span class='ocrx_word' id='word_1_77' title='bbox 979 1275 1308 1331; x_wconf 84' lang='lat' dir='ltr'><strong>auditoribus</strong></span> <span class='ocrx_word' id='word_1_78' title='bbox 1331 1291 1468 1346; x_wconf 90' lang='lat' dir='ltr'><strong>opus</strong></span> <span class='ocrx_word' id='word_1_79' title='bbox 1495 1286 1618 1345; x_wconf 88' lang='lat' dir='ltr'><strong>est,</strong></span> <span class='ocrx_word' id='word_1_80' title='bbox 1643 1277 1857 1348; x_wconf 87' lang='lat' dir='ltr'><strong>quando</strong></span> <span class='ocrx_word' id='word_1_81' title='bbox 1880 1280 1998 1348; x_wconf 90' lang='lat' dir='ltr'><strong>quis</strong></span> <span class='ocrx_word' id='word_1_82' title='bbox 2023 1288 2105 1334; x_wconf 86' lang='lat' dir='ltr'><strong>est</strong></span> 
     </span>
    </p>
   </div>
   <div class='ocr_carea' id='block_1_12' title="bbox 515 1365 2104 1440">
    <p class='ocr_par' dir='ltr' id='par_1_12' title="bbox 515 1365 2104 1440">
     <span class='ocr_line' id='line_1_12' title="bbox 515 1365 2104 1440; baseline 0.004 -21"><span class='ocrx_word' id='word_1_83' title='bbox 515 1366 678 1420; x_wconf 82' lang='lat' dir='ltr'><strong>verba</strong></span> <span class='ocrx_word' id='word_1_84' title='bbox 717 1365 951 1422; x_wconf 85' lang='lat' dir='ltr'><strong>facturus</strong></span> <span class='ocrx_word' id='word_1_85' title='bbox 978 1383 1099 1438; x_wconf 68' lang='lat' dir='ltr'><strong>qua:</strong></span> <span class='ocrx_word' id='word_1_86' title='bbox 1129 1367 1196 1422; x_wconf 88' lang='lat' dir='ltr'><strong>ad</strong></span> <span class='ocrx_word' id='word_1_87' title='bbox 1221 1367 1452 1423; x_wconf 91' lang='lat' dir='ltr'><strong>studium</strong></span> <span class='ocrx_word' id='word_1_88' title='bbox 1479 1369 1752 1439; x_wconf 73' lang='lat' dir='ltr'><strong>sapientia:</strong></span> <span class='ocrx_word' id='word_1_89' title='bbox 1773 1371 2104 1440; x_wconf 87' lang='lat' dir='ltr'><strong>pertineant,</strong></span> 
     </span>
    </p>
   </div>
   <div class='ocr_carea' id='block_1_13' title="bbox 516 1457 2105 1529">
    <p class='ocr_par' dir='ltr' id='par_1_13' title="bbox 516 1457 2105 1529">
     <span class='ocr_line' id='line_1_13' title="bbox 516 1457 2105 1529; baseline 0.004 -18"><span class='ocrx_word' id='word_1_90' title='bbox 516 1473 710 1528; x_wconf 85' lang='lat' dir='ltr'><strong>nempe</strong></span> <span class='ocrx_word' id='word_1_91' title='bbox 751 1457 1028 1526; x_wconf 87' lang='lat' dir='ltr'><strong>contritis,</strong></span> <span class='ocrx_word' id='word_1_92' title='bbox 1069 1458 1376 1529; x_wconf 88' lang='lat' dir='ltr'><strong>compositis</strong></span> <span class='ocrx_word' id='word_1_93' title='bbox 1417 1468 1472 1515; x_wconf 90' lang='lat' dir='ltr'><strong>et</strong></span> <span class='ocrx_word' id='word_1_94' title='bbox 1497 1460 1566 1515; x_wconf 86' lang='lat' dir='ltr'><strong>ab</strong></span> <span class='ocrx_word' id='word_1_95' title='bbox 1590 1462 1735 1516; x_wconf 93' lang='lat' dir='ltr'><strong>omni</strong></span> <span class='ocrx_word' id='word_1_96' title='bbox 1765 1461 1900 1516; x_wconf 87' lang='lat' dir='ltr'><strong>fastu</strong></span> <span class='ocrx_word' id='word_1_97' title='bbox 1926 1477 1989 1518; x_wconf 91' lang='lat' dir='ltr'><strong>ac</strong></span> <span class='ocrx_word' id='word_1_98' title='bbox 2018 1472 2105 1517; x_wconf 88' lang='lat' dir='ltr'><strong>tu-</strong></span> 
     </span>
    </p>
   </div>
   <div class='ocr_carea' id='block_1_14' title="bbox 518 1548 2102 1622">
    <p class='ocr_par' dir='ltr' id='par_1_14' title="bbox 518 1548 2102 1622">
     <span class='ocr_line' id='line_1_14' title="bbox 518 1548 2102 1622; baseline 0.004 -20"><span class='ocrx_word' id='word_1_99' title='bbox 518 1563 669 1604; x_wconf 89' lang='lat' dir='ltr'><strong>more</strong></span> <span class='ocrx_word' id='word_1_100' title='bbox 709 1548 907 1603; x_wconf 91' lang='lat' dir='ltr'><strong>liberis.</strong></span> <span class='ocrx_word' id='word_1_101' title='bbox 935 1549 1210 1617; x_wconf 86' lang='lat' dir='ltr'><strong>Quomodo</strong></span> <span class='ocrx_word' id='word_1_102' title='bbox 1237 1565 1363 1622; x_wconf 83' lang='lat' dir='ltr'><strong>ergo</strong></span> <span class='ocrx_word' id='word_1_103' title='bbox 1401 1551 1634 1607; x_wconf 86' lang='lat' dir='ltr'><strong>ferocem</strong></span> <span class='ocrx_word' id='word_1_104' title='bbox 1657 1560 1840 1608; x_wconf 89' lang='lat' dir='ltr'><strong>eorum</strong></span> <span class='ocrx_word' id='word_1_105' title='bbox 1865 1553 2102 1609; x_wconf 89' lang='lat' dir='ltr'><strong>animum</strong></span> 
     </span>
    </p>
   </div>
   <div class='ocr_carea' id='block_1_15' title="bbox 517 1643 2108 1715">
    <p class='ocr_par' dir='ltr' id='par_1_15' title="bbox 517 1643 2108 1715">
     <span class='ocr_line' id='line_1_15' title="bbox 517 1643 2108 1715; baseline 0.003 -18"><span class='ocrx_word' id='word_1_106' title='bbox 517 1644 884 1715; x_wconf 80' lang='lat' dir='ltr'><strong>compescuit?</strong></span> <span class='ocrx_word' id='word_1_107' title='bbox 920 1643 1176 1699; x_wconf 88' lang='lat' dir='ltr'><strong>Naturam</strong></span> <span class='ocrx_word' id='word_1_108' title='bbox 1217 1644 1270 1700; x_wconf 93' lang='lat' dir='ltr'><strong>in</strong></span> <span class='ocrx_word' id='word_1_109' title='bbox 1296 1645 1608 1701; x_wconf 88' lang='lat' dir='ltr'><strong>memoriam</strong></span> <span class='ocrx_word' id='word_1_110' title='bbox 1636 1661 1913 1703; x_wconf 82' lang='lat' dir='ltr'><strong>revocans.</strong></span> <span class='ocrx_word' id='word_1_111' title='bbox 1947 1647 2108 1704; x_wconf 87' lang='lat' dir='ltr'><strong>Post-</strong></span> 
     </span>
    </p>
   </div>
   <div class='ocr_carea' id='block_1_16' title="bbox 520 1732 2107 1810">
    <p class='ocr_par' dir='ltr' id='par_1_16' title="bbox 520 1732 2107 1810">
     <span class='ocr_line' id='line_1_16' title="bbox 520 1732 2107 1810; baseline 0.005 -23"><span class='ocrx_word' id='word_1_112' title='bbox 520 1748 679 1804; x_wconf 84' lang='lat' dir='ltr'><strong>quam</strong></span> <span class='ocrx_word' id='word_1_113' title='bbox 721 1732 863 1789; x_wconf 87' lang='lat' dir='ltr'><strong>enim</strong></span> <span class='ocrx_word' id='word_1_114' title='bbox 891 1733 1044 1801; x_wconf 89' lang='lat' dir='ltr'><strong>dixit,</strong></span> <span class='ocrx_word' id='word_1_115' title='bbox 1072 1732 1273 1803; x_wconf 82' lang='lat' dir='ltr'><strong>Gentes,</strong></span> <span class='ocrx_word' id='word_1_116' title='bbox 1303 1735 1605 1806; x_wconf 70' lang='lat' dir='ltr'><strong>subiunxit,</strong></span> <span class='ocrx_word' id='word_1_117' title='bbox 1631 1737 1825 1809; x_wconf 82' lang='lat' dir='ltr'><strong>Quique</strong></span> <span class='ocrx_word' id='word_1_118' title='bbox 1843 1739 2107 1810; x_wconf 64' lang='lat' dir='ltr'><strong>terrigenae</strong></span> 
     </span>
    </p>
   </div>
   <div class='ocr_carea' id='block_1_17' title="bbox 519 1827 2106 1902">
    <p class='ocr_par' dir='ltr' id='par_1_17' title="bbox 519 1827 2106 1902">
     <span class='ocr_line' id='line_1_17' title="bbox 519 1827 2106 1902; baseline 0.006 -22"><span class='ocrx_word' id='word_1_119' title='bbox 519 1838 566 1880; x_wconf 78' lang='lat' dir='ltr'><strong>et</strong></span> <span class='ocrx_word' id='word_1_120' title='bbox 607 1827 702 1896; x_wconf 79' lang='lat' dir='ltr'><strong>ﬁlii</strong></span> <span class='ocrx_word' id='word_1_121' title='bbox 726 1828 1008 1882; x_wconf 79' lang='lat' dir='ltr'><strong>hominum.</strong></span> <span class='ocrx_word' id='word_1_122' title='bbox 1037 1827 1179 1882; x_wconf 86' lang='lat' dir='ltr'><strong>Dixit</strong></span> <span class='ocrx_word' id='word_1_123' title='bbox 1199 1829 1546 1884; x_wconf 82' lang='lat' dir='ltr'><strong>substantiam</strong></span> <span class='ocrx_word' id='word_1_124' title='bbox 1580 1846 1644 1886; x_wconf 90' lang='lat' dir='ltr'><strong>ex</strong></span> <span class='ocrx_word' id='word_1_125' title='bbox 1673 1846 1776 1902; x_wconf 88' lang='lat' dir='ltr'><strong>qua</strong></span> <span class='ocrx_word' id='word_1_126' title='bbox 1800 1840 1884 1887; x_wconf 90' lang='lat' dir='ltr'><strong>est</strong></span> <span class='ocrx_word' id='word_1_127' title='bbox 1907 1833 2106 1902; x_wconf 84' lang='lat' dir='ltr'><strong>princi-</strong></span> 
     </span>
    </p>
   </div>
   <div class='ocr_carea' id='block_1_18' title="bbox 520 1919 2102 1992">
    <p class='ocr_par' dir='ltr' id='par_1_18' title="bbox 520 1919 2102 1992">
     <span class='ocr_line' id='line_1_18' title="bbox 520 1919 2102 1992; baseline 0.005 -20"><span class='ocrx_word' id='word_1_128' title='bbox 520 1919 667 1990; x_wconf 85' lang='lat' dir='ltr'><strong>pium</strong></span> <span class='ocrx_word' id='word_1_129' title='bbox 707 1929 904 1975; x_wconf 72' lang='lat' dir='ltr'><strong>nostra:</strong></span> <span class='ocrx_word' id='word_1_130' title='bbox 945 1923 1332 1992; x_wconf 76' lang='lat' dir='ltr'><strong>generationis,</strong></span> <span class='ocrx_word' id='word_1_131' title='bbox 1361 1937 1696 1979; x_wconf 88' lang='lat' dir='ltr'><strong>communem</strong></span> <span class='ocrx_word' id='word_1_132' title='bbox 1724 1926 1961 1981; x_wconf 93' lang='lat' dir='ltr'><strong>omnium</strong></span> <span class='ocrx_word' id='word_1_133' title='bbox 1987 1942 2102 1980; x_wconf 84' lang='lat' dir='ltr'><strong>ma-</strong></span> 
     </span>
    </p>
   </div>
   <div class='ocr_carea' id='block_1_19' title="bbox 521 2013 2106 2087">
    <p class='ocr_par' dir='ltr' id='par_1_19' title="bbox 521 2013 2106 2087">
     <span class='ocr_line' id='line_1_19' title="bbox 521 2013 2106 2087; baseline 0.005 -23"><span class='ocrx_word' id='word_1_134' title='bbox 521 2017 657 2066; x_wconf 83' lang='lat' dir='ltr'><strong>trem</strong></span> <span class='ocrx_word' id='word_1_135' title='bbox 689 2013 956 2068; x_wconf 84' lang='lat' dir='ltr'><strong>revocavit</strong></span> <span class='ocrx_word' id='word_1_136' title='bbox 1001 2013 1053 2068; x_wconf 92' lang='lat' dir='ltr'><strong>in</strong></span> <span class='ocrx_word' id='word_1_137' title='bbox 1093 2016 1424 2071; x_wconf 88' lang='lat' dir='ltr'><strong>memoriam.</strong></span> <span class='ocrx_word' id='word_1_138' title='bbox 1466 2015 1532 2071; x_wconf 86' lang='lat' dir='ltr'><strong>Et</strong></span> <span class='ocrx_word' id='word_1_139' title='bbox 1573 2032 1739 2087; x_wconf 90' lang='lat' dir='ltr'><strong>quare</strong></span> <span class='ocrx_word' id='word_1_140' title='bbox 1781 2017 1940 2082; x_wconf 83' lang='lat' dir='ltr'><strong>dixit,</strong></span> <span class='ocrx_word' id='word_1_141' title='bbox 1980 2017 2106 2072; x_wconf 80' lang='lat' dir='ltr'><strong>Filii</strong></span> 
     </span>
    </p>
   </div>
   <div class='ocr_carea' id='block_1_20' title="bbox 523 2103 2106 2178">
    <p class='ocr_par' dir='ltr' id='par_1_20' title="bbox 523 2103 2106 2178">
     <span class='ocr_line' id='line_1_20' title="bbox 523 2103 2106 2178; baseline 0.004 -21"><span class='ocrx_word' id='word_1_142' title='bbox 523 2104 783 2158; x_wconf 83' lang='lat' dir='ltr'><strong>hominum</strong></span> <span class='ocrx_word' id='word_1_143' title='bbox 798 2105 824 2158; x_wconf 71' lang='lat'><strong><em>7</em></strong></span> <span class='ocrx_word' id='word_1_144' title='bbox 851 2103 983 2172; x_wconf 85' lang='lat' dir='ltr'><strong>Quia</strong></span> <span class='ocrx_word' id='word_1_145' title='bbox 1005 2104 1212 2161; x_wconf 89' lang='lat' dir='ltr'><strong>dixerat</strong></span> <span class='ocrx_word' id='word_1_146' title='bbox 1240 2107 1532 2176; x_wconf 76' lang='lat' dir='ltr'><strong>terrigenas</strong></span> <span class='ocrx_word' id='word_1_147' title='bbox 1549 2147 1566 2173; x_wconf 93' lang='lat'><strong>,</strong></span> <span class='ocrx_word' id='word_1_148' title='bbox 1595 2123 1662 2162; x_wconf 90' lang='lat' dir='ltr'><strong>ne</strong></span> <span class='ocrx_word' id='word_1_149' title='bbox 1691 2108 1809 2178; x_wconf 88' lang='lat' dir='ltr'><strong>quis</strong></span> <span class='ocrx_word' id='word_1_150' title='bbox 1827 2109 2106 2164; x_wconf 82' lang='lat' dir='ltr'><strong>existima-</strong></span> 
     </span>
    </p>
   </div>
   <div class='ocr_carea' id='block_1_21' title="bbox 521 2194 2104 2268">
    <p class='ocr_par' dir='ltr' id='par_1_21' title="bbox 521 2194 2104 2268">
     <span class='ocr_line' id='line_1_21' title="bbox 521 2194 2104 2268; baseline 0.005 -20"><span class='ocrx_word' id='word_1_151' title='bbox 521 2203 604 2250; x_wconf 91' lang='lat' dir='ltr'><strong>ret</strong></span> <span class='ocrx_word' id='word_1_152' title='bbox 625 2236 641 2260; x_wconf 94' lang='lat'><strong>,</strong></span> <span class='ocrx_word' id='word_1_153' title='bbox 681 2201 742 2249; x_wconf 93' lang='lat' dir='ltr'><strong>ut</strong></span> <span class='ocrx_word' id='word_1_154' title='bbox 766 2194 950 2251; x_wconf 90' lang='lat' dir='ltr'><strong>volunt</strong></span> <span class='ocrx_word' id='word_1_155' title='bbox 985 2196 1276 2268; x_wconf 86' lang='lat' dir='ltr'><strong>mythologi</strong></span> <span class='ocrx_word' id='word_1_156' title='bbox 1295 2237 1311 2265; x_wconf 88' lang='lat'><strong>,</strong></span> <span class='ocrx_word' id='word_1_157' title='bbox 1358 2197 1604 2253; x_wconf 83' lang='lat' dir='ltr'><strong>homines</strong></span> <span class='ocrx_word' id='word_1_158' title='bbox 1632 2198 1700 2254; x_wconf 90' lang='lat' dir='ltr'><strong>ab</strong></span> <span class='ocrx_word' id='word_1_159' title='bbox 1725 2199 1876 2253; x_wconf 90' lang='lat' dir='ltr'><strong>initio</strong></span> <span class='ocrx_word' id='word_1_160' title='bbox 1903 2215 1934 2256; x_wconf 91' lang='lat' dir='ltr'><strong>e</strong></span> <span class='ocrx_word' id='word_1_161' title='bbox 1963 2209 2104 2256; x_wconf 88' lang='lat' dir='ltr'><strong>terra</strong></span> 
     </span>
    </p>
   </div>
   <div class='ocr_carea' id='block_1_22' title="bbox 522 2286 2103 2364">
    <p class='ocr_par' dir='ltr' id='par_1_22' title="bbox 522 2286 2103 2364">
     <span class='ocr_line' id='line_1_22' title="bbox 522 2286 2103 2364; baseline 0.004 -22"><span class='ocrx_word' id='word_1_162' title='bbox 522 2286 850 2356; x_wconf 85' lang='lat' dir='ltr'><strong>pullulasse,</strong></span> <span class='ocrx_word' id='word_1_163' title='bbox 901 2288 1347 2358; x_wconf 90' lang='lat' dir='ltr'><strong>quemadmodum</strong></span> <span class='ocrx_word' id='word_1_164' title='bbox 1394 2291 1635 2347; x_wconf 91' lang='lat' dir='ltr'><strong>nonnulli</strong></span> <span class='ocrx_word' id='word_1_165' title='bbox 1681 2291 1898 2348; x_wconf 84' lang='lat' dir='ltr'><strong>fabulati</strong></span> <span class='ocrx_word' id='word_1_166' title='bbox 1941 2303 2103 2364; x_wconf 90' lang='lat' dir='ltr'><strong>sunt,</strong></span> 
     </span>
    </p>
   </div>
   <div class='ocr_carea' id='block_1_23' title="bbox 520 2379 2106 2455">
    <p class='ocr_par' dir='ltr' id='par_1_23' title="bbox 520 2379 2106 2455">
     <span class='ocr_line' id='line_1_23' title="bbox 520 2379 2106 2455; baseline 0.005 -23"><span class='ocrx_word' id='word_1_167' title='bbox 520 2379 780 2449; x_wconf 88' lang='lat' dir='ltr'><strong>quosdam</strong></span> <span class='ocrx_word' id='word_1_168' title='bbox 803 2389 920 2435; x_wconf 91' lang='lat' dir='ltr'><strong>satu</strong></span> <span class='ocrx_word' id='word_1_169' title='bbox 937 2381 1106 2436; x_wconf 89' lang='lat' dir='ltr'><strong>editos</strong></span> <span class='ocrx_word' id='word_1_170' title='bbox 1126 2381 1524 2438; x_wconf 88' lang='lat' dir='ltr'><strong>introducentes</strong></span> <span class='ocrx_word' id='word_1_171' title='bbox 1543 2423 1558 2448; x_wconf 94' lang='lat'><strong>,</strong></span> <span class='ocrx_word' id='word_1_172' title='bbox 1587 2393 1866 2454; x_wconf 88' lang='lat' dir='ltr'><strong>propterea</strong></span> <span class='ocrx_word' id='word_1_173' title='bbox 1886 2384 2106 2455; x_wconf 87' lang='lat' dir='ltr'><strong>subjun-</strong></span> 
     </span>
    </p>
   </div>
   <div class='ocr_carea' id='block_1_24' title="bbox 521 2469 2101 2538">
    <p class='ocr_par' dir='ltr' id='par_1_24' title="bbox 521 2469 2101 2538">
     <span class='ocr_line' id='line_1_24' title="bbox 521 2469 2101 2538; baseline 0.005 -14"><span class='ocrx_word' id='word_1_174' title='bbox 521 2471 631 2538; x_wconf 89' lang='lat' dir='ltr'><strong>xit,</strong></span> <span class='ocrx_word' id='word_1_175' title='bbox 657 2469 782 2524; x_wconf 84' lang='lat' dir='ltr'><strong>Filii</strong></span> <span class='ocrx_word' id='word_1_176' title='bbox 807 2471 1086 2528; x_wconf 78' lang='lat' dir='ltr'><strong>hominum.</strong></span> <span class='ocrx_word' id='word_1_177' title='bbox 1115 2473 1301 2529; x_wconf 91' lang='lat' dir='ltr'><strong>Patres</strong></span> <span class='ocrx_word' id='word_1_178' title='bbox 1323 2473 1464 2528; x_wconf 90' lang='lat' dir='ltr'><strong>enim</strong></span> <span class='ocrx_word' id='word_1_179' title='bbox 1493 2473 1642 2530; x_wconf 88' lang='lat' dir='ltr'><strong>vobis</strong></span> <span class='ocrx_word' id='word_1_180' title='bbox 1670 2486 1795 2530; x_wconf 90' lang='lat' dir='ltr'><strong>sunt</strong></span> <span class='ocrx_word' id='word_1_181' title='bbox 1821 2475 2101 2532; x_wconf 88' lang='lat' dir='ltr'><strong>homines:</strong></span> 
     </span>
    </p>
   </div>
   <div class='ocr_carea' id='block_1_25' title="bbox 524 2561 2103 2633">
    <p class='ocr_par' dir='ltr' id='par_1_25' title="bbox 524 2561 2103 2633">
     <span class='ocr_line' id='line_1_25' title="bbox 524 2561 2103 2633; baseline 0.007 -22"><span class='ocrx_word' id='word_1_182' title='bbox 524 2561 844 2631; x_wconf 75' lang='lat' dir='ltr'><strong>principium</strong></span> <span class='ocrx_word' id='word_1_183' title='bbox 873 2571 1051 2618; x_wconf 90' lang='lat' dir='ltr'><strong>autem</strong></span> <span class='ocrx_word' id='word_1_184' title='bbox 1075 2565 1432 2633; x_wconf 82' lang='lat' dir='ltr'><strong>generationis</strong></span> <span class='ocrx_word' id='word_1_185' title='bbox 1457 2564 1608 2621; x_wconf 92' lang='lat' dir='ltr'><strong>vobis</strong></span> <span class='ocrx_word' id='word_1_186' title='bbox 1633 2574 1688 2621; x_wconf 90' lang='lat' dir='ltr'><strong>et</strong></span> <span class='ocrx_word' id='word_1_187' title='bbox 1707 2566 1810 2621; x_wconf 89' lang='lat' dir='ltr'><strong>illis</strong></span> <span class='ocrx_word' id='word_1_188' title='bbox 1835 2574 1974 2621; x_wconf 88' lang='lat' dir='ltr'><strong>terra</strong></span> <span class='ocrx_word' id='word_1_189' title='bbox 2001 2575 2103 2623; x_wconf 91' lang='lat' dir='ltr'><strong>est.</strong></span> 
     </span>
    </p>
   </div>
   <div class='ocr_carea' id='block_1_26' title="bbox 523 2651 2105 2730">
    <p class='ocr_par' dir='ltr' id='par_1_26' title="bbox 523 2651 2105 2730">
     <span class='ocr_line' id='line_1_26' title="bbox 523 2651 2105 2730; baseline 0.007 -26"><span class='ocrx_word' id='word_1_190' title='bbox 523 2651 662 2719; x_wconf 85' lang='lat' dir='ltr'><strong>Quid</strong></span> <span class='ocrx_word' id='word_1_191' title='bbox 688 2667 817 2723; x_wconf 90' lang='lat' dir='ltr'><strong>ergo</strong></span> <span class='ocrx_word' id='word_1_192' title='bbox 839 2653 1060 2724; x_wconf 72' lang='lat' dir='ltr'><strong>superbit</strong></span> <span class='ocrx_word' id='word_1_193' title='bbox 1083 2663 1216 2710; x_wconf 85' lang='lat' dir='ltr'><strong>terra</strong></span> <span class='ocrx_word' id='word_1_194' title='bbox 1243 2664 1288 2709; x_wconf 86' lang='lat' dir='ltr'><strong>et</strong></span> <span class='ocrx_word' id='word_1_195' title='bbox 1317 2655 1444 2712; x_wconf 85' lang='lat' dir='ltr'><strong>cinis</strong></span> <span class='ocrx_word' id='word_1_196' title='bbox 1467 2655 1656 2727; x_wconf 82' lang='lat' dir='ltr'><strong>(Eccli.</strong></span> <span class='ocrx_word' id='word_1_197' title='bbox 1683 2656 1771 2713; x_wconf 78' lang='grc'><strong>10.</strong></span> <span class='ocrx_word' id='word_1_198' title='bbox 1795 2657 1894 2730; x_wconf 84' lang='lat'><strong>9)?</strong></span> <span class='ocrx_word' id='word_1_199' title='bbox 1920 2655 2105 2730; x_wconf 88' lang='lat' dir='ltr'><strong>Cogita</strong></span> 
     </span>
    </p>
   </div>
   <div class='ocr_carea' id='block_1_27' title="bbox 520 2741 2101 2820">
    <p class='ocr_par' dir='ltr' id='par_1_27' title="bbox 520 2741 2101 2820">
     <span class='ocr_line' id='line_1_27' title="bbox 520 2741 2101 2820; baseline 0.005 -24"><span class='ocrx_word' id='word_1_200' title='bbox 520 2741 661 2812; x_wconf 90' lang='lat' dir='ltr'><strong>apud</strong></span> <span class='ocrx_word' id='word_1_201' title='bbox 685 2751 738 2798; x_wconf 91' lang='lat' dir='ltr'><strong>te</strong></span> <span class='ocrx_word' id='word_1_202' title='bbox 759 2759 1002 2814; x_wconf 85' lang='lat' dir='ltr'><strong>quaenam</strong></span> <span class='ocrx_word' id='word_1_203' title='bbox 1031 2745 1102 2800; x_wconf 85' lang='lat' dir='ltr'><strong>sit</strong></span> <span class='ocrx_word' id='word_1_204' title='bbox 1126 2753 1298 2802; x_wconf 89' lang='lat' dir='ltr'><strong>mater</strong></span> <span class='ocrx_word' id='word_1_205' title='bbox 1325 2755 1444 2814; x_wconf 91' lang='lat' dir='ltr'><strong>tua,</strong></span> <span class='ocrx_word' id='word_1_206' title='bbox 1471 2755 1526 2804; x_wconf 91' lang='lat' dir='ltr'><strong>et</strong></span> <span class='ocrx_word' id='word_1_207' title='bbox 1551 2747 1742 2804; x_wconf 84' lang='lat' dir='ltr'><strong>fastum</strong></span> <span class='ocrx_word' id='word_1_208' title='bbox 1765 2749 2058 2820; x_wconf 88' lang='lat' dir='ltr'><strong>comprime</strong></span> <span class='ocrx_word' id='word_1_209' title='bbox 2087 2767 2101 2804; x_wconf 90' lang='lat'><strong>:</strong></span> 
     </span>
    </p>
   </div>
   <div class='ocr_carea' id='block_1_28' title="bbox 522 2834 2106 2908">
    <p class='ocr_par' dir='ltr' id='par_1_28' title="bbox 522 2834 2106 2908">
     <span class='ocr_line' id='line_1_28' title="bbox 522 2834 2106 2908; baseline 0.006 -21"><span class='ocrx_word' id='word_1_210' title='bbox 522 2834 660 2888; x_wconf 89' lang='lat' dir='ltr'><strong>altos</strong></span> <span class='ocrx_word' id='word_1_211' title='bbox 701 2835 918 2906; x_wconf 81' lang='lat' dir='ltr'><strong>spiritus</strong></span> <span class='ocrx_word' id='word_1_212' title='bbox 964 2837 1216 2893; x_wconf 89' lang='lat' dir='ltr'><strong>conculca</strong></span> <span class='ocrx_word' id='word_1_213' title='bbox 1254 2853 1318 2894; x_wconf 92' lang='lat' dir='ltr'><strong>ac</strong></span> <span class='ocrx_word' id='word_1_214' title='bbox 1345 2837 1622 2908; x_wconf 89' lang='lat' dir='ltr'><strong>deprime:</strong></span> <span class='ocrx_word' id='word_1_215' title='bbox 1650 2840 1925 2896; x_wconf 89' lang='lat' dir='ltr'><strong>considera</strong></span> <span class='ocrx_word' id='word_1_216' title='bbox 1957 2840 2106 2907; x_wconf 83' lang='lat' dir='ltr'><strong>Quod</strong></span> 
     </span>
    </p>
   </div>
   <div class='ocr_carea' id='block_1_29' title="bbox 519 2929 2104 3004">
    <p class='ocr_par' dir='ltr' id='par_1_29' title="bbox 519 2929 2104 3004">
     <span class='ocr_line' id='line_1_29' title="bbox 519 2929 2104 3004; baseline 0.006 -25"><span class='ocrx_word' id='word_1_217' title='bbox 519 2937 654 2980; x_wconf 88' lang='lat' dir='ltr'><strong>terra</strong></span> <span class='ocrx_word' id='word_1_218' title='bbox 680 2938 816 2994; x_wconf 80' lang='lat' dir='ltr'><strong>es,et</strong></span> <span class='ocrx_word' id='word_1_219' title='bbox 839 2929 891 2982; x_wconf 89' lang='lat' dir='ltr'><strong>in</strong></span> <span class='ocrx_word' id='word_1_220' title='bbox 919 2937 1104 2983; x_wconf 87' lang='lat' dir='ltr'><strong>terram</strong></span> <span class='ocrx_word' id='word_1_221' title='bbox 1121 2931 1378 2985; x_wconf 78' lang='lat' dir='ltr'><strong>reverteris</strong></span> <span class='ocrx_word' id='word_1_222' title='bbox 1408 2931 1558 3004; x_wconf 83' lang='lat' dir='ltr'><strong>(Gen.</strong></span> <span class='ocrx_word' id='word_1_223' title='bbox 1591 2933 1646 2986; x_wconf 78' lang='lat'><strong>&#39;5.</strong></span> <span class='ocrx_word' id='word_1_224' title='bbox 1675 2931 1786 3004; x_wconf 85' lang='lat' dir='ltr'><strong>l9),</strong></span> <span class='ocrx_word' id='word_1_225' title='bbox 1815 2941 1868 2988; x_wconf 89' lang='lat' dir='ltr'><strong>et</strong></span> <span class='ocrx_word' id='word_1_226' title='bbox 1893 2947 2104 2988; x_wconf 90' lang='lat' dir='ltr'><strong>omnem</strong></span> 
     </span>
    </p>
   </div>
   <div class='ocr_carea' id='block_1_30' title="bbox 519 3017 2106 3094">
    <p class='ocr_par' dir='ltr' id='par_1_30' title="bbox 519 3017 2106 3094">
     <span class='ocr_line' id='line_1_30' title="bbox 519 3017 2106 3094; baseline 0.006 -23"><span class='ocrx_word' id='word_1_227' title='bbox 519 3017 874 3087; x_wconf 76' lang='lat' dir='ltr'><strong>arrogantiam</strong></span> <span class='ocrx_word' id='word_1_228' title='bbox 913 3019 1141 3092; x_wconf 89' lang='lat' dir='ltr'><strong>expelle.</strong></span> <span class='ocrx_word' id='word_1_229' title='bbox 1183 3020 1295 3076; x_wconf 89' lang='lat' dir='ltr'><strong>Tali</strong></span> <span class='ocrx_word' id='word_1_230' title='bbox 1334 3021 1476 3077; x_wconf 91' lang='lat' dir='ltr'><strong>enim</strong></span> <span class='ocrx_word' id='word_1_231' title='bbox 1519 3021 1649 3077; x_wconf 88' lang='lat' dir='ltr'><strong>mihi</strong></span> <span class='ocrx_word' id='word_1_232' title='bbox 1693 3023 1934 3080; x_wconf 88' lang='lat' dir='ltr'><strong>auditore</strong></span> <span class='ocrx_word' id='word_1_233' title='bbox 1970 3038 2106 3094; x_wconf 83' lang='lat' dir='ltr'><strong>Opus</strong></span> 
     </span>
    </p>
   </div>
   <div class='ocr_carea' id='block_1_31' title="bbox 517 3109 2107 3186">
    <p class='ocr_par' dir='ltr' id='par_1_31' title="bbox 517 3109 2107 3186">
     <span class='ocr_line' id='line_1_31' title="bbox 517 3109 2107 3186; baseline 0.006 -23"><span class='ocrx_word' id='word_1_234' title='bbox 517 3119 618 3164; x_wconf 85' lang='lat' dir='ltr'><strong>est.</strong></span> <span class='ocrx_word' id='word_1_235' title='bbox 659 3109 781 3166; x_wconf 86' lang='lat' dir='ltr'><strong>Ideo</strong></span> <span class='ocrx_word' id='word_1_236' title='bbox 809 3121 860 3166; x_wconf 89' lang='lat' dir='ltr'><strong>te</strong></span> <span class='ocrx_word' id='word_1_237' title='bbox 883 3111 1128 3168; x_wconf 89' lang='lat' dir='ltr'><strong>sedatum</strong></span> <span class='ocrx_word' id='word_1_238' title='bbox 1157 3113 1324 3170; x_wconf 90' lang='lat' dir='ltr'><strong>reddo</strong></span> <span class='ocrx_word' id='word_1_239' title='bbox 1351 3128 1414 3170; x_wconf 90' lang='lat' dir='ltr'><strong>ac</strong></span> <span class='ocrx_word' id='word_1_240' title='bbox 1437 3116 1788 3186; x_wconf 87' lang='lat' dir='ltr'><strong>compositum</strong></span> <span class='ocrx_word' id='word_1_241' title='bbox 1808 3159 1824 3186; x_wconf 88' lang='lat'><strong>,</strong></span> <span class='ocrx_word' id='word_1_242' title='bbox 1853 3125 1913 3173; x_wconf 93' lang='lat' dir='ltr'><strong>ut</strong></span> <span class='ocrx_word' id='word_1_243' title='bbox 1940 3125 1992 3173; x_wconf 91' lang='lat' dir='ltr'><strong>te</strong></span> <span class='ocrx_word' id='word_1_244' title='bbox 2016 3132 2107 3173; x_wconf 83' lang='lat' dir='ltr'><strong>ac-</strong></span> 
     </span>
    </p>
   </div>
   <div class='ocr_carea' id='block_1_32' title="bbox 517 3187 2106 3277">
    <p class='ocr_par' dir='ltr' id='par_1_32' title="bbox 517 3187 2106 3277">
     <span class='ocr_line' id='line_1_32' title="bbox 517 3187 2106 3277; baseline 0.005 -23"><span class='ocrx_word' id='word_1_245' title='bbox 517 3187 709 3270; x_wconf 90' lang='lat' dir='ltr'><strong>cipiam</strong></span> <span class='ocrx_word' id='word_1_246' title='bbox 743 3209 922 3272; x_wconf 91' lang='lat' dir='ltr'><strong>aptum</strong></span> <span class='ocrx_word' id='word_1_247' title='bbox 955 3201 1020 3258; x_wconf 89' lang='lat' dir='ltr'><strong>ad</strong></span> <span class='ocrx_word' id='word_1_248' title='bbox 1042 3219 1104 3258; x_wconf 89' lang='lat' dir='ltr'><strong>ea</strong></span> <span class='ocrx_word' id='word_1_249' title='bbox 1124 3219 1242 3274; x_wconf 68' lang='lat' dir='ltr'><strong>quae</strong></span> <span class='ocrx_word' id='word_1_250' title='bbox 1265 3203 1516 3260; x_wconf 91' lang='lat' dir='ltr'><strong>dicuntur</strong></span> <span class='ocrx_word' id='word_1_251' title='bbox 1541 3206 1898 3277; x_wconf 89' lang='lat' dir='ltr'><strong>suscipienda.</strong></span> <span class='ocrx_word' id='word_1_252' title='bbox 1932 3207 2106 3264; x_wconf 82' lang='lat' dir='ltr'><strong>Simul</strong></span> 
     </span>
    </p>
   </div>
   <div class='ocr_carea' id='block_1_33' title="bbox 516 3292 2101 3366">
    <p class='ocr_par' dir='ltr' id='par_1_33' title="bbox 516 3292 2101 3366">
     <span class='ocr_line' id='line_1_33' title="bbox 516 3292 2101 3366; baseline 0.007 -22"><span class='ocrx_word' id='word_1_253' title='bbox 516 3292 570 3344; x_wconf 84' lang='lat' dir='ltr'><strong>in</strong></span> <span class='ocrx_word' id='word_1_254' title='bbox 598 3309 758 3346; x_wconf 87' lang='lat' dir='ltr'><strong>unum</strong></span> <span class='ocrx_word' id='word_1_255' title='bbox 787 3294 922 3348; x_wconf 74' lang='lat' dir='ltr'><strong>dives</strong></span> <span class='ocrx_word' id='word_1_256' title='bbox 949 3302 994 3348; x_wconf 86' lang='lat' dir='ltr'><strong>el</strong></span> <span class='ocrx_word' id='word_1_257' title='bbox 1008 3311 1221 3366; x_wconf 85' lang='lat' dir='ltr'><strong>pauper.</strong></span> <span class='ocrx_word' id='word_1_258' title='bbox 1255 3295 1444 3352; x_wconf 77' lang='lat' dir='ltr'><strong>Vidisti</strong></span> <span class='ocrx_word' id='word_1_259' title='bbox 1469 3297 1796 3354; x_wconf 87' lang='lat' dir='ltr'><strong>nobilitatem</strong></span> <span class='ocrx_word' id='word_1_260' title='bbox 1827 3299 2101 3355; x_wconf 66' lang='lat' dir='ltr'><strong>Ecclesiae.</strong></span> 
     </span>
    </p>
   </div>
   <div class='ocr_carea' id='block_1_34' title="bbox 517 3381 2104 3458">
    <p class='ocr_par' dir='ltr' id='par_1_34' title="bbox 517 3381 2104 3458">
     <span class='ocr_line' id='line_1_34' title="bbox 517 3381 2104 3458; baseline 0.008 -24"><span class='ocrx_word' id='word_1_261' title='bbox 517 3381 713 3448; x_wconf 80' lang='lat' dir='ltr'><strong>Quidni</strong></span> <span class='ocrx_word' id='word_1_262' title='bbox 748 3383 892 3438; x_wconf 90' lang='lat' dir='ltr'><strong>enim</strong></span> <span class='ocrx_word' id='word_1_263' title='bbox 919 3383 1246 3442; x_wconf 89' lang='lat' dir='ltr'><strong>nobilitatem</strong></span> <span class='ocrx_word' id='word_1_264' title='bbox 1264 3427 1281 3454; x_wconf 93' lang='lat'><strong>,</strong></span> <span class='ocrx_word' id='word_1_265' title='bbox 1319 3386 1532 3458; x_wconf 85' lang='lat' dir='ltr'><strong>quando</strong></span> <span class='ocrx_word' id='word_1_266' title='bbox 1561 3386 1631 3443; x_wconf 93' lang='lat' dir='ltr'><strong>ob</strong></span> <span class='ocrx_word' id='word_1_267' title='bbox 1655 3389 1975 3446; x_wconf 87' lang='lat' dir='ltr'><strong>conditionis</strong></span> <span class='ocrx_word' id='word_1_268' title='bbox 2001 3389 2104 3446; x_wconf 86' lang='lat' dir='ltr'><strong>dif-</strong></span> 
     </span>
    </p>
   </div>
   <div class='ocr_carea' id='block_1_35' title="bbox 519 3471 2102 3545">
    <p class='ocr_par' dir='ltr' id='par_1_35' title="bbox 519 3471 2102 3545">
     <span class='ocr_line' id='line_1_35' title="bbox 519 3471 2102 3545; baseline 0.008 -21"><span class='ocrx_word' id='word_1_269' title='bbox 519 3471 796 3526; x_wconf 85' lang='lat' dir='ltr'><strong>ferentiam</strong></span> <span class='ocrx_word' id='word_1_270' title='bbox 827 3487 932 3528; x_wconf 92' lang='lat' dir='ltr'><strong>non</strong></span> <span class='ocrx_word' id='word_1_271' title='bbox 959 3483 1105 3530; x_wconf 90' lang='lat' dir='ltr'><strong>arcet</strong></span> <span class='ocrx_word' id='word_1_272' title='bbox 1129 3475 1449 3545; x_wconf 88' lang='lat' dir='ltr'><strong>auditorem,</strong></span> <span class='ocrx_word' id='word_1_273' title='bbox 1477 3477 1572 3533; x_wconf 88' lang='lat' dir='ltr'><strong>sed</strong></span> <span class='ocrx_word' id='word_1_274' title='bbox 1591 3478 1833 3535; x_wconf 89' lang='lat' dir='ltr'><strong>universa</strong></span> <span class='ocrx_word' id='word_1_275' title='bbox 1860 3479 2102 3539; x_wconf 85' lang='lat' dir='ltr'><strong>doctrina</strong></span> 
     </span>
    </p>
   </div>
   <div class='ocr_carea' id='block_1_36' title="bbox 514 3562 2102 3640">
    <p class='ocr_par' dir='ltr' id='par_1_36' title="bbox 514 3562 2102 3640">
     <span class='ocr_line' id='line_1_36' title="bbox 514 3562 2102 3640; baseline 0.008 -24"><span class='ocrx_word' id='word_1_276' title='bbox 514 3578 581 3616; x_wconf 86' lang='lat' dir='ltr'><strong>ex</strong></span> <span class='ocrx_word' id='word_1_277' title='bbox 632 3578 786 3632; x_wconf 62' lang='lat' dir='ltr'><strong>aequo</strong></span> <span class='ocrx_word' id='word_1_278' title='bbox 836 3562 1202 3635; x_wconf 82' lang='lat' dir='ltr'><strong>profunditur,</strong></span> <span class='ocrx_word' id='word_1_279' title='bbox 1240 3578 1295 3624; x_wconf 90' lang='lat' dir='ltr'><strong>et</strong></span> <span class='ocrx_word' id='word_1_280' title='bbox 1340 3569 1594 3640; x_wconf 87' lang='lat' dir='ltr'><strong>pauperi,</strong></span> <span class='ocrx_word' id='word_1_281' title='bbox 1637 3578 1692 3626; x_wconf 90' lang='lat' dir='ltr'><strong>ct</strong></span> <span class='ocrx_word' id='word_1_282' title='bbox 1735 3568 1884 3626; x_wconf 89' lang='lat' dir='ltr'><strong>diviti</strong></span> <span class='ocrx_word' id='word_1_283' title='bbox 1919 3587 2102 3628; x_wconf 89' lang='lat' dir='ltr'><strong>mensa</strong></span> 
     </span>
    </p>
   </div>
   <div class='ocr_carea' id='block_1_37' title="bbox 514 3653 2102 3734">
    <p class='ocr_par' dir='ltr' id='par_1_37' title="bbox 514 3653 2102 3734">
     <span class='ocr_line' id='line_1_37' title="bbox 514 3653 2102 3734; baseline 0.011 -30"><span class='ocrx_word' id='word_1_284' title='bbox 514 3653 816 3710; x_wconf 86' lang='lat' dir='ltr'><strong>communis</strong></span> <span class='ocrx_word' id='word_1_285' title='bbox 859 3654 1178 3712; x_wconf 73' lang='lat' dir='ltr'><strong>exhibetur?</strong></span> <span class='ocrx_word' id='word_1_286' title='bbox 1217 3657 1500 3729; x_wconf 85' lang='lat' dir='ltr'><strong>Postquam</strong></span> <span class='ocrx_word' id='word_1_287' title='bbox 1539 3662 1682 3716; x_wconf 92' lang='lat' dir='ltr'><strong>enim</strong></span> <span class='ocrx_word' id='word_1_288' title='bbox 1722 3661 1855 3718; x_wconf 86' lang='lat' dir='ltr'><strong>dixit</strong></span> <span class='ocrx_word' id='word_1_289' title='bbox 1880 3663 1933 3718; x_wconf 92' lang='lat' dir='ltr'><strong>id</strong></span> <span class='ocrx_word' id='word_1_290' title='bbox 1960 3664 2102 3734; x_wconf 91' lang='lat' dir='ltr'><strong>quod</strong></span> 
     </span>
    </p>
   </div>
   <div class='ocr_carea' id='block_1_38' title="bbox 515 3748 2098 3824">
    <p class='ocr_par' dir='ltr' id='par_1_38' title="bbox 515 3748 2098 3824">
     <span class='ocr_line' id='line_1_38' title="bbox 515 3748 2098 3824; baseline 0.009 -24"><span class='ocrx_word' id='word_1_291' title='bbox 515 3761 706 3803; x_wconf 88' lang='lat' dir='ltr'><strong>omnes</strong></span> <span class='ocrx_word' id='word_1_292' title='bbox 745 3748 896 3817; x_wconf 88' lang='lat' dir='ltr'><strong>nuit,</strong></span> <span class='ocrx_word' id='word_1_293' title='bbox 939 3764 1036 3807; x_wconf 91' lang='lat' dir='ltr'><strong>eos</strong></span> <span class='ocrx_word' id='word_1_294' title='bbox 1077 3750 1326 3808; x_wconf 90' lang='lat' dir='ltr'><strong>videlicet</strong></span> <span class='ocrx_word' id='word_1_295' title='bbox 1368 3765 1488 3809; x_wconf 88' lang='lat' dir='ltr'><strong>esse</strong></span> <span class='ocrx_word' id='word_1_296' title='bbox 1515 3753 1812 3824; x_wconf 85' lang='lat' dir='ltr'><strong>terrigenas</strong></span> <span class='ocrx_word' id='word_1_297' title='bbox 1834 3796 1850 3822; x_wconf 95' lang='lat'><strong>,</strong></span> <span class='ocrx_word' id='word_1_298' title='bbox 1878 3763 1934 3812; x_wconf 91' lang='lat' dir='ltr'><strong>et</strong></span> <span class='ocrx_word' id='word_1_299' title='bbox 1959 3755 2098 3814; x_wconf 79' lang='lat' dir='ltr'><strong>filios</strong></span> 
     </span>
    </p>
   </div>
   <div class='ocr_carea' id='block_1_39' title="bbox 517 3835 2096 3908">
    <p class='ocr_par' dir='ltr' id='par_1_39' title="bbox 517 3835 2096 3908">
     <span class='ocr_line' id='line_1_39' title="bbox 517 3835 2096 3908; baseline 0.008 -18"><span class='ocrx_word' id='word_1_300' title='bbox 517 3835 826 3908; x_wconf 89' lang='lat' dir='ltr'><strong>hominum,</strong></span> <span class='ocrx_word' id='word_1_301' title='bbox 874 3850 929 3896; x_wconf 92' lang='lat' dir='ltr'><strong>et</strong></span> <span class='ocrx_word' id='word_1_302' title='bbox 969 3855 1306 3898; x_wconf 90' lang='lat' dir='ltr'><strong>communem</strong></span> <span class='ocrx_word' id='word_1_303' title='bbox 1359 3858 1480 3900; x_wconf 89' lang='lat' dir='ltr'><strong>esse</strong></span> <span class='ocrx_word' id='word_1_304' title='bbox 1527 3853 1771 3900; x_wconf 89' lang='lat' dir='ltr'><strong>naturam</strong></span> <span class='ocrx_word' id='word_1_305' title='bbox 1819 3847 2096 3903; x_wconf 88' lang='lat' dir='ltr'><strong>ostendit:</strong></span> 
     </span>
    </p>
   </div>
   <div class='ocr_carea' id='block_1_40' title="bbox 516 3931 2102 4002">
    <p class='ocr_par' dir='ltr' id='par_1_40' title="bbox 516 3931 2102 4002">
     <span class='ocr_line' id='line_1_40' title="bbox 516 3931 2102 4002; baseline 0.009 -23"><span class='ocrx_word' id='word_1_306' title='bbox 516 3935 644 3985; x_wconf 89' lang='lat' dir='ltr'><strong>tunc</strong></span> <span class='ocrx_word' id='word_1_307' title='bbox 683 3944 803 4000; x_wconf 73' lang='lat' dir='ltr'><strong>qua:</strong></span> <span class='ocrx_word' id='word_1_308' title='bbox 845 3946 911 3986; x_wconf 89' lang='lat' dir='ltr'><strong>ex</strong></span> <span class='ocrx_word' id='word_1_309' title='bbox 952 3931 1112 3987; x_wconf 89' lang='lat' dir='ltr'><strong>rebus</strong></span> <span class='ocrx_word' id='word_1_310' title='bbox 1140 3933 1486 3990; x_wconf 68' lang='lat' dir='ltr'><strong>saecularibus</strong></span> <span class='ocrx_word' id='word_1_311' title='bbox 1513 3935 1789 3992; x_wconf 90' lang='lat' dir='ltr'><strong>videbatur</strong></span> <span class='ocrx_word' id='word_1_312' title='bbox 1814 3951 1935 3994; x_wconf 87' lang='lat' dir='ltr'><strong>esse</strong></span> <span class='ocrx_word' id='word_1_313' title='bbox 1953 3979 1968 4002; x_wconf 85' lang='lat'><strong>,</strong></span> <span class='ocrx_word' id='word_1_314' title='bbox 1997 3936 2102 3994; x_wconf 83' lang='lat' dir='ltr'><strong>dif-</strong></span> 
     </span>
    </p>
   </div>
   <div class='ocr_carea' id='block_1_41' title="bbox 515 4015 2100 4100">
    <p class='ocr_par' dir='ltr' id='par_1_41' title="bbox 515 4015 2100 4100">
     <span class='ocr_line' id='line_1_41' title="bbox 515 4015 2100 4100; baseline 0.009 -28"><span class='ocrx_word' id='word_1_315' title='bbox 515 4015 790 4075; x_wconf 85' lang='lat' dir='ltr'><strong>ferentiam</strong></span> <span class='ocrx_word' id='word_1_316' title='bbox 819 4029 874 4077; x_wconf 92' lang='lat' dir='ltr'><strong>et</strong></span> <span class='ocrx_word' id='word_1_317' title='bbox 897 4023 1304 4094; x_wconf 66' lang='lat' dir='ltr'><strong>inaequalitatem</strong></span> <span class='ocrx_word' id='word_1_318' title='bbox 1325 4027 1564 4084; x_wconf 87' lang='lat' dir='ltr'><strong>oratione</strong></span> <span class='ocrx_word' id='word_1_319' title='bbox 1589 4026 2100 4100; x_wconf 85' lang='lat' dir='ltr'><strong>ejicitcommuniter</strong></span> 
     </span>
    </p>
   </div>
   <div class='ocr_carea' id='block_1_42' title="bbox 514 4119 2094 4180">
    <p class='ocr_par' dir='ltr' id='par_1_42' title="bbox 514 4119 2094 4180">
     <span class='ocr_line' id='line_1_42' title="bbox 514 4119 2094 4180; baseline 0.008 -12"><span class='ocrx_word' id='word_1_320' title='bbox 514 4129 702 4170; x_wconf 89' lang='lat' dir='ltr'><strong>omnes</strong></span> <span class='ocrx_word' id='word_1_321' title='bbox 739 4130 935 4173; x_wconf 91' lang='lat' dir='ltr'><strong>vocans</strong></span> <span class='ocrx_word' id='word_1_322' title='bbox 981 4134 997 4174; x_wconf 88' lang='lat'><strong>:</strong></span> <span class='ocrx_word' id='word_1_323' title='bbox 1044 4125 1128 4174; x_wconf 87' lang='lat' dir='ltr'><strong>est</strong></span> <span class='ocrx_word' id='word_1_324' title='bbox 1154 4119 1298 4175; x_wconf 90' lang='lat' dir='ltr'><strong>enim</strong></span> <span class='ocrx_word' id='word_1_325' title='bbox 1325 4121 1623 4176; x_wconf 87' lang='lat' dir='ltr'><strong>communis</strong></span> <span class='ocrx_word' id='word_1_326' title='bbox 1651 4129 1832 4178; x_wconf 88' lang='lat' dir='ltr'><strong>nostra</strong></span> <span class='ocrx_word' id='word_1_327' title='bbox 1858 4131 2046 4180; x_wconf 87' lang='lat' dir='ltr'><strong>natura</strong></span> <span class='ocrx_word' id='word_1_328' title='bbox 2079 4141 2094 4180; x_wconf 89' lang='lat'><strong>:</strong></span> 
     </span>
    </p>
   </div>
   <div class='ocr_carea' id='block_1_43' title="bbox 513 4207 2096 4279">
    <p class='ocr_par' dir='ltr' id='par_1_43' title="bbox 513 4207 2096 4279">
     <span class='ocr_line' id='line_1_43' title="bbox 513 4207 2096 4279; baseline 0.006 -18"><span class='ocrx_word' id='word_1_329' title='bbox 513 4207 880 4264; x_wconf 83' lang='lat' dir='ltr'><strong>Communiter</strong></span> <span class='ocrx_word' id='word_1_330' title='bbox 908 4224 1094 4266; x_wconf 89' lang='lat' dir='ltr'><strong>omnes</strong></span> <span class='ocrx_word' id='word_1_331' title='bbox 1114 4225 1286 4279; x_wconf 89' lang='lat' dir='ltr'><strong>voco;</strong></span> <span class='ocrx_word' id='word_1_332' title='bbox 1317 4212 1618 4268; x_wconf 88' lang='lat' dir='ltr'><strong>communis</strong></span> <span class='ocrx_word' id='word_1_333' title='bbox 1645 4214 1786 4269; x_wconf 89' lang='lat' dir='ltr'><strong>enim</strong></span> <span class='ocrx_word' id='word_1_334' title='bbox 1815 4223 1994 4272; x_wconf 88' lang='lat' dir='ltr'><strong>nostra</strong></span> <span class='ocrx_word' id='word_1_335' title='bbox 2020 4216 2096 4271; x_wconf 91' lang='lat' dir='ltr'><strong>ci-</strong></span> 
     </span>
    </p>
   </div>
   <div class='ocr_carea' id='block_1_44' title="bbox 513 4298 2096 4379">
    <p class='ocr_par' dir='ltr' id='par_1_44' title="bbox 513 4298 2096 4379">
     <span class='ocr_line' id='line_1_44' title="bbox 513 4298 2096 4379; baseline 0.008 -28"><span class='ocrx_word' id='word_1_336' title='bbox 513 4298 647 4353; x_wconf 76' lang='lat' dir='ltr'><strong>‘vitas</strong></span> <span class='ocrx_word' id='word_1_337' title='bbox 690 4309 774 4354; x_wconf 91' lang='lat' dir='ltr'><strong>est</strong></span> <span class='ocrx_word' id='word_1_338' title='bbox 811 4300 955 4356; x_wconf 86' lang='lat' dir='ltr'><strong>orbis</strong></span> <span class='ocrx_word' id='word_1_339' title='bbox 996 4310 1259 4358; x_wconf 91' lang='lat' dir='ltr'><strong>terrarum</strong></span> <span class='ocrx_word' id='word_1_340' title='bbox 1303 4303 1440 4376; x_wconf 80' lang='lat' dir='ltr'><strong>(Act.</strong></span> <span class='ocrx_word' id='word_1_341' title='bbox 1470 4303 1558 4361; x_wconf 82' lang='lat' dir='ltr'><strong>l7.</strong></span> <span class='ocrx_word' id='word_1_342' title='bbox 1589 4305 1704 4377; x_wconf 81' lang='grc'><strong>26).</strong></span> <span class='ocrx_word' id='word_1_343' title='bbox 1732 4306 1838 4364; x_wconf 90' lang='lat' dir='ltr'><strong>Sed</strong></span> <span class='ocrx_word' id='word_1_344' title='bbox 1868 4324 1936 4365; x_wconf 88' lang='lat' dir='ltr'><strong>ex</strong></span> <span class='ocrx_word' id='word_1_345' title='bbox 1967 4324 2096 4379; x_wconf 91' lang='lat' dir='ltr'><strong>pau-</strong></span> 
     </span>
    </p>
   </div>
   <div class='ocr_carea' id='block_1_45' title="bbox 515 4392 2092 4474">
    <p class='ocr_par' dir='ltr' id='par_1_45' title="bbox 515 4392 2092 4474">
     <span class='ocr_line' id='line_1_45' title="bbox 515 4392 2092 4474; baseline 0.007 -29"><span class='ocrx_word' id='word_1_346' title='bbox 515 4398 718 4460; x_wconf 86' lang='lat' dir='ltr'><strong>pertate</strong></span> <span class='ocrx_word' id='word_1_347' title='bbox 747 4403 802 4448; x_wconf 91' lang='lat' dir='ltr'><strong>et</strong></span> <span class='ocrx_word' id='word_1_348' title='bbox 837 4392 1038 4450; x_wconf 89' lang='lat' dir='ltr'><strong>divitiis</strong></span> <span class='ocrx_word' id='word_1_349' title='bbox 1074 4393 1426 4450; x_wconf 79' lang='lat' dir='ltr'><strong>diﬂ‘erentiam</strong></span> <span class='ocrx_word' id='word_1_350' title='bbox 1454 4397 1685 4470; x_wconf 87' lang='lat' dir='ltr'><strong>aliquam</strong></span> <span class='ocrx_word' id='word_1_351' title='bbox 1717 4402 2092 4474; x_wconf 87' lang='lat' dir='ltr'><strong>excogitastis,</strong></span> 
     </span>
    </p>
   </div>
   <div class='ocr_carea' id='block_1_46' title="bbox 511 4483 2093 4566">
    <p class='ocr_par' dir='ltr' id='par_1_46' title="bbox 511 4483 2093 4566">
     <span class='ocr_line' id='line_1_46' title="bbox 511 4483 2093 4566; baseline 0.009 -29"><span class='ocrx_word' id='word_1_352' title='bbox 511 4494 564 4537; x_wconf 92' lang='lat' dir='ltr'><strong>et</strong></span> <span class='ocrx_word' id='word_1_353' title='bbox 613 4483 1022 4555; x_wconf 83' lang='lat' dir='ltr'><strong>inaequalitatem</strong></span> <span class='ocrx_word' id='word_1_354' title='bbox 1075 4487 1460 4545; x_wconf 88' lang='lat' dir='ltr'><strong>introduxistis.</strong></span> <span class='ocrx_word' id='word_1_355' title='bbox 1509 4492 1671 4562; x_wconf 80' lang='lat' dir='ltr'><strong>Atqui</strong></span> <span class='ocrx_word' id='word_1_356' title='bbox 1722 4507 1840 4549; x_wconf 84' lang='lat' dir='ltr'><strong>eam</strong></span> <span class='ocrx_word' id='word_1_357' title='bbox 1881 4510 2093 4566; x_wconf 91' lang='lat' dir='ltr'><strong>quoque</strong></span> 
     </span>
    </p>
   </div>
   <div class='ocr_carea' id='block_1_47' title="bbox 512 4577 2093 4656">
    <p class='ocr_par' dir='ltr' id='par_1_47' title="bbox 512 4577 2093 4656">
     <span class='ocr_line' id='line_1_47' title="bbox 512 4577 2093 4656; baseline 0.009 -30"><span class='ocrx_word' id='word_1_358' title='bbox 512 4589 696 4630; x_wconf 85' lang='lat' dir='ltr'><strong>rursus</strong></span> <span class='ocrx_word' id='word_1_359' title='bbox 729 4577 920 4646; x_wconf 85' lang='lat' dir='ltr'><strong>ejicio,</strong></span> <span class='ocrx_word' id='word_1_360' title='bbox 956 4593 1060 4634; x_wconf 93' lang='lat' dir='ltr'><strong>non</strong></span> <span class='ocrx_word' id='word_1_361' title='bbox 1087 4577 1279 4635; x_wconf 86' lang='lat' dir='ltr'><strong>divites</strong></span> <span class='ocrx_word' id='word_1_362' title='bbox 1306 4581 1521 4653; x_wconf 86' lang='lat' dir='ltr'><strong>quidem</strong></span> <span class='ocrx_word' id='word_1_363' title='bbox 1547 4582 1865 4654; x_wconf 86' lang='lat' dir='ltr'><strong>admittens,</strong></span> <span class='ocrx_word' id='word_1_364' title='bbox 1897 4599 2093 4656; x_wconf 80' lang='lat' dir='ltr'><strong>paupe-</strong></span> 
     </span>
    </p>
   </div>
   <div class='ocr_carea' id='block_1_48' title="bbox 512 4668 2089 4751">
    <p class='ocr_par' dir='ltr' id='par_1_48' title="bbox 512 4668 2089 4751">
     <span class='ocr_line' id='line_1_48' title="bbox 512 4668 2089 4751; baseline 0.01 -31"><span class='ocrx_word' id='word_1_365' title='bbox 512 4682 602 4721; x_wconf 87' lang='lat' dir='ltr'><strong>res</strong></span> <span class='ocrx_word' id='word_1_366' title='bbox 642 4677 820 4725; x_wconf 89' lang='lat' dir='ltr'><strong>autem</strong></span> <span class='ocrx_word' id='word_1_367' title='bbox 861 4668 1065 4728; x_wconf 86' lang='lat' dir='ltr'><strong>habens</strong></span> <span class='ocrx_word' id='word_1_368' title='bbox 1099 4670 1433 4742; x_wconf 89' lang='lat' dir='ltr'><strong>despicatui,</strong></span> <span class='ocrx_word' id='word_1_369' title='bbox 1462 4688 1562 4732; x_wconf 89' lang='lat' dir='ltr'><strong>nec</strong></span> <span class='ocrx_word' id='word_1_370' title='bbox 1591 4689 1852 4745; x_wconf 88' lang='lat' dir='ltr'><strong>pauperes</strong></span> <span class='ocrx_word' id='word_1_371' title='bbox 1874 4675 2089 4751; x_wconf 85' lang='lat' dir='ltr'><strong>quidem</strong></span> 
     </span>
    </p>
   </div>
   <div class='ocr_carea' id='block_1_49' title="bbox 511 4760 2087 4839">
    <p class='ocr_par' dir='ltr' id='par_1_49' title="bbox 511 4760 2087 4839">
     <span class='ocr_line' id='line_1_49' title="bbox 511 4760 2087 4839; baseline 0.01 -29"><span class='ocrx_word' id='word_1_372' title='bbox 511 4772 736 4827; x_wconf 67' lang='lat' dir='ltr'><strong>vomas,</strong></span> <span class='ocrx_word' id='word_1_373' title='bbox 771 4760 963 4818; x_wconf 85' lang='lat' dir='ltr'><strong>divites</strong></span> <span class='ocrx_word' id='word_1_374' title='bbox 987 4770 1164 4819; x_wconf 90' lang='lat' dir='ltr'><strong>autem</strong></span> <span class='ocrx_word' id='word_1_375' title='bbox 1191 4765 1464 4835; x_wconf 85' lang='lat' dir='ltr'><strong>expellens</strong></span> <span class='ocrx_word' id='word_1_376' title='bbox 1481 4806 1500 4836; x_wconf 89' lang='lat'><strong>,</strong></span> <span class='ocrx_word' id='word_1_377' title='bbox 1527 4766 1623 4823; x_wconf 86' lang='lat' dir='ltr'><strong>sed</strong></span> <span class='ocrx_word' id='word_1_378' title='bbox 1647 4776 1704 4823; x_wconf 91' lang='lat' dir='ltr'><strong>et</strong></span> <span class='ocrx_word' id='word_1_379' title='bbox 1729 4766 1828 4824; x_wconf 89' lang='lat' dir='ltr'><strong>bos</strong></span> <span class='ocrx_word' id='word_1_380' title='bbox 1853 4776 1906 4826; x_wconf 91' lang='lat' dir='ltr'><strong>et</strong></span> <span class='ocrx_word' id='word_1_381' title='bbox 1932 4769 2087 4839; x_wconf 88' lang='lat' dir='ltr'><strong>illos,</strong></span> 
     </span>
    </p>
   </div>
   <div class='ocr_carea' id='block_1_50' title="bbox 508 4854 2090 4932">
    <p class='ocr_par' dir='ltr' id='par_1_50' title="bbox 508 4854 2090 4932">
     <span class='ocr_line' id='line_1_50' title="bbox 508 4854 2090 4932; baseline 0.009 -26"><span class='ocrx_word' id='word_1_382' title='bbox 508 4861 565 4907; x_wconf 91' lang='lat' dir='ltr'><strong>et</strong></span> <span class='ocrx_word' id='word_1_383' title='bbox 609 4867 714 4907; x_wconf 93' lang='lat' dir='ltr'><strong>non</strong></span> <span class='ocrx_word' id='word_1_384' title='bbox 755 4854 1092 4912; x_wconf 87' lang='lat' dir='ltr'><strong>solummodo</strong></span> <span class='ocrx_word' id='word_1_385' title='bbox 1138 4856 1236 4913; x_wconf 90' lang='lat' dir='ltr'><strong>hos</strong></span> <span class='ocrx_word' id='word_1_386' title='bbox 1283 4866 1338 4914; x_wconf 91' lang='lat' dir='ltr'><strong>et</strong></span> <span class='ocrx_word' id='word_1_387' title='bbox 1384 4858 1535 4927; x_wconf 89' lang='lat' dir='ltr'><strong>illos,</strong></span> <span class='ocrx_word' id='word_1_388' title='bbox 1576 4859 1724 4916; x_wconf 88' lang='lat' dir='ltr'><strong>verbi</strong></span> <span class='ocrx_word' id='word_1_389' title='bbox 1749 4861 1917 4932; x_wconf 85' lang='lat' dir='ltr'><strong>gratia</strong></span> <span class='ocrx_word' id='word_1_390' title='bbox 1944 4904 1960 4931; x_wconf 90' lang='lat'><strong>,</strong></span> <span class='ocrx_word' id='word_1_391' title='bbox 1989 4862 2090 4920; x_wconf 91' lang='lat' dir='ltr'><strong>hos</strong></span> 
     </span>
    </p>
   </div>
   <div class='ocr_carea' id='block_1_51' title="bbox 509 4942 2086 5026">
    <p class='ocr_par' dir='ltr' id='par_1_51' title="bbox 509 4942 2086 5026">
     <span class='ocr_line' id='line_1_51' title="bbox 509 4942 2086 5026; baseline 0.008 -29"><span class='ocrx_word' id='word_1_392' title='bbox 509 4942 724 5012; x_wconf 86' lang='lat' dir='ltr'><strong>quidem</strong></span> <span class='ocrx_word' id='word_1_393' title='bbox 765 4943 999 5014; x_wconf 88' lang='lat' dir='ltr'><strong>priores,</strong></span> <span class='ocrx_word' id='word_1_394' title='bbox 1030 4947 1152 5004; x_wconf 87' lang='lat' dir='ltr'><strong>illos</strong></span> <span class='ocrx_word' id='word_1_395' title='bbox 1179 4963 1308 5006; x_wconf 90' lang='lat' dir='ltr'><strong>vero</strong></span> <span class='ocrx_word' id='word_1_396' title='bbox 1335 4951 1684 5020; x_wconf 90' lang='lat' dir='ltr'><strong>posteriores,</strong></span> <span class='ocrx_word' id='word_1_397' title='bbox 1711 4953 1792 5008; x_wconf 88' lang='lat' dir='ltr'><strong>vel</strong></span> <span class='ocrx_word' id='word_1_398' title='bbox 1823 4953 1942 5010; x_wconf 91' lang='lat' dir='ltr'><strong>illos</strong></span> <span class='ocrx_word' id='word_1_399' title='bbox 1966 4955 2086 5026; x_wconf 87' lang='lat' dir='ltr'><strong>qui-</strong></span> 
     </span>
    </p>
   </div>
   <div class='ocr_carea' id='block_1_52' title="bbox 506 5037 2089 5113">
    <p class='ocr_par' dir='ltr' id='par_1_52' title="bbox 506 5037 2089 5113">
     <span class='ocr_line' id='line_1_52' title="bbox 506 5037 2089 5113; baseline 0.007 -23"><span class='ocrx_word' id='word_1_400' title='bbox 506 5037 630 5091; x_wconf 90' lang='lat' dir='ltr'><strong>dem</strong></span> <span class='ocrx_word' id='word_1_401' title='bbox 677 5037 1034 5107; x_wconf 87' lang='lat' dir='ltr'><strong>posteriores,</strong></span> <span class='ocrx_word' id='word_1_402' title='bbox 1077 5038 1176 5096; x_wconf 88' lang='lat' dir='ltr'><strong>hos</strong></span> <span class='ocrx_word' id='word_1_403' title='bbox 1221 5057 1348 5098; x_wconf 88' lang='lat' dir='ltr'><strong>vero</strong></span> <span class='ocrx_word' id='word_1_404' title='bbox 1386 5043 1624 5113; x_wconf 90' lang='lat' dir='ltr'><strong>priores,</strong></span> <span class='ocrx_word' id='word_1_405' title='bbox 1667 5043 1761 5100; x_wconf 90' lang='lat' dir='ltr'><strong>sed</strong></span> <span class='ocrx_word' id='word_1_406' title='bbox 1802 5045 1980 5101; x_wconf 89' lang='lat' dir='ltr'><strong>simul.</strong></span> <span class='ocrx_word' id='word_1_407' title='bbox 2009 5045 2089 5101; x_wconf 90' lang='lat' dir='ltr'><strong>Sit</strong></span> 
     </span>
    </p>
   </div>
   <div class='ocr_carea' id='block_1_53' title="bbox 503 5128 2087 5199">
    <p class='ocr_par' dir='ltr' id='par_1_53' title="bbox 503 5128 2087 5199">
     <span class='ocr_line' id='line_1_53' title="bbox 503 5128 2087 5199; baseline 0.007 -17"><span class='ocrx_word' id='word_1_408' title='bbox 503 5128 802 5184; x_wconf 86' lang='lat' dir='ltr'><strong>communis</strong></span> <span class='ocrx_word' id='word_1_409' title='bbox 838 5139 1130 5186; x_wconf 90' lang='lat' dir='ltr'><strong>conventus</strong></span> <span class='ocrx_word' id='word_1_410' title='bbox 1153 5171 1170 5198; x_wconf 91' lang='lat'><strong>,</strong></span> <span class='ocrx_word' id='word_1_411' title='bbox 1210 5134 1506 5188; x_wconf 87' lang='lat' dir='ltr'><strong>communis</strong></span> <span class='ocrx_word' id='word_1_412' title='bbox 1538 5134 1758 5199; x_wconf 90' lang='lat' dir='ltr'><strong>concio,</strong></span> <span class='ocrx_word' id='word_1_413' title='bbox 1789 5136 2087 5193; x_wconf 89' lang='lat' dir='ltr'><strong>communis</strong></span> 
     </span>
    </p>
   </div>
   <div class='ocr_carea' id='block_1_54' title="bbox 503 5218 2085 5290">
    <p class='ocr_par' dir='ltr' id='par_1_54' title="bbox 503 5218 2085 5290">
     <span class='ocr_line' id='line_1_54' title="bbox 503 5218 2085 5290; baseline 0.007 -19"><span class='ocrx_word' id='word_1_414' title='bbox 503 5218 802 5274; x_wconf 86' lang='lat' dir='ltr'><strong>auditorum</strong></span> <span class='ocrx_word' id='word_1_415' title='bbox 831 5227 1020 5275; x_wconf 78' lang='lat' dir='ltr'><strong>emtas.</strong></span> <span class='ocrx_word' id='word_1_416' title='bbox 1053 5220 1201 5277; x_wconf 90' lang='lat' dir='ltr'><strong>Licet</strong></span> <span class='ocrx_word' id='word_1_417' title='bbox 1226 5221 1300 5278; x_wconf 90' lang='lat' dir='ltr'><strong>sis</strong></span> <span class='ocrx_word' id='word_1_418' title='bbox 1324 5222 1472 5278; x_wconf 86' lang='lat' dir='ltr'><strong>dives</strong></span> <span class='ocrx_word' id='word_1_419' title='bbox 1491 5264 1506 5290; x_wconf 91' lang='lat'><strong>,</strong></span> <span class='ocrx_word' id='word_1_420' title='bbox 1536 5239 1601 5280; x_wconf 90' lang='lat' dir='ltr'><strong>ex</strong></span> <span class='ocrx_word' id='word_1_421' title='bbox 1631 5225 1817 5282; x_wconf 89' lang='lat' dir='ltr'><strong>eodem</strong></span> <span class='ocrx_word' id='word_1_422' title='bbox 1847 5227 1958 5284; x_wconf 91' lang='lat' dir='ltr'><strong>luto</strong></span> <span class='ocrx_word' id='word_1_423' title='bbox 1987 5243 2085 5282; x_wconf 82' lang='lat' dir='ltr'><strong>na-</strong></span> 
     </span>
    </p>
   </div>
   <div class='ocr_carea' id='block_1_55' title="bbox 503 5315 2082 5392">
    <p class='ocr_par' dir='ltr' id='par_1_55' title="bbox 503 5315 2082 5392">
     <span class='ocr_line' id='line_1_55' title="bbox 503 5315 2082 5392; baseline 0.006 -23"><span class='ocrx_word' id='word_1_424' title='bbox 503 5323 588 5370; x_wconf 90' lang='lat' dir='ltr'><strong>tus</strong></span> <span class='ocrx_word' id='word_1_425' title='bbox 627 5331 687 5371; x_wconf 90' lang='lat' dir='ltr'><strong>es</strong></span> <span class='ocrx_word' id='word_1_426' title='bbox 735 5333 748 5370; x_wconf 93' lang='lat'><strong>:</strong></span> <span class='ocrx_word' id='word_1_427' title='bbox 793 5315 933 5372; x_wconf 90' lang='lat' dir='ltr'><strong>idem</strong></span> <span class='ocrx_word' id='word_1_428' title='bbox 969 5315 1064 5372; x_wconf 90' lang='lat' dir='ltr'><strong>fuit</strong></span> <span class='ocrx_word' id='word_1_429' title='bbox 1095 5318 1186 5373; x_wconf 88' lang='lat' dir='ltr'><strong>tibi</strong></span> <span class='ocrx_word' id='word_1_430' title='bbox 1213 5333 1333 5374; x_wconf 93' lang='lat' dir='ltr'><strong>cum</strong></span> <span class='ocrx_word' id='word_1_431' title='bbox 1359 5334 1592 5391; x_wconf 84' lang='lat' dir='ltr'><strong>paupere</strong></span> <span class='ocrx_word' id='word_1_432' title='bbox 1617 5320 1914 5392; x_wconf 84' lang='lat' dir='ltr'><strong>ingressus,</strong></span> <span class='ocrx_word' id='word_1_433' title='bbox 1943 5321 2082 5379; x_wconf 90' lang='lat' dir='ltr'><strong>idem</strong></span> 
     </span>
    </p>
   </div>
   <div class='ocr_carea' id='block_1_56' title="bbox 501 5409 1595 5478">
    <p class='ocr_par' dir='ltr' id='par_1_56' title="bbox 501 5409 1595 5478">
     <span class='ocr_line' id='line_1_56' title="bbox 501 5409 1595 5478; baseline 0.006 -17"><span class='ocrx_word' id='word_1_434' title='bbox 501 5416 670 5464; x_wconf 85' lang='lat' dir='ltr'><strong>ortus.</strong></span> <span class='ocrx_word' id='word_1_435' title='bbox 693 5409 762 5464; x_wconf 78' lang='lat' dir='ltr'><strong>Et</strong></span> <span class='ocrx_word' id='word_1_436' title='bbox 787 5419 841 5464; x_wconf 92' lang='lat' dir='ltr'><strong>tu</strong></span> <span class='ocrx_word' id='word_1_437' title='bbox 869 5409 1100 5466; x_wconf 87' lang='lat' dir='ltr'><strong>hominis</strong></span> <span class='ocrx_word' id='word_1_438' title='bbox 1120 5409 1260 5468; x_wconf 80' lang='lat' dir='ltr'><strong>ﬁlius</strong></span> <span class='ocrx_word' id='word_1_439' title='bbox 1284 5426 1374 5478; x_wconf 88' lang='lat' dir='ltr'><strong>es,</strong></span> <span class='ocrx_word' id='word_1_440' title='bbox 1401 5420 1456 5467; x_wconf 92' lang='lat' dir='ltr'><strong>et</strong></span> <span class='ocrx_word' id='word_1_441' title='bbox 1485 5411 1595 5468; x_wconf 90' lang='lat' dir='ltr'><strong>ille.</strong></span> 
     </span>
    </p>
   </div>
   <div class='ocr_carea' id='block_1_57' title="bbox 501 5607 2081 5708">
    <p class='ocr_par' dir='ltr' id='par_1_57' title="bbox 501 5607 2081 5708">
     <span class='ocr_line' id='line_1_57' title="bbox 565 5607 2081 5704; baseline 0.006 -65"><span class='ocrx_word' id='word_1_442' title='bbox 565 5607 593 5659; x_wconf 80' lang='lat'><strong>-_</strong></span> <span class='ocrx_word' id='word_1_443' title='bbox 615 5607 725 5640; x_wconf 82' lang='grc' dir='ltr'><strong>ωιι.</strong></span> <span class='ocrx_word' id='word_1_444' title='bbox 749 5607 860 5661; x_wconf 72' lang='lat' dir='ltr'><strong>ma,</strong></span> <span class='ocrx_word' id='word_1_445' title='bbox 884 5607 1190 5662; x_wconf 75' lang='lat' dir='ltr'><strong>pruaentsam</strong></span> <span class='ocrx_word' id='word_1_446' title='bbox 1221 5607 1505 5704; x_wconf 53' lang='grc' dir='ltr'><strong>πείρησαι»,</strong></span> <span class='ocrx_word' id='word_1_447' title='bbox 1539 5607 1621 5644; x_wconf 79' lang='lat' dir='ltr'><strong>aut</strong></span> <span class='ocrx_word' id='word_1_448' title='bbox 1655 5607 1808 5704; x_wconf 68' lang='lat' dir='ltr'><strong>potius</strong></span> <span class='ocrx_word' id='word_1_449' title='bbox 1829 5607 2081 5647; x_wconf 74' lang='lat' dir='ltr'><strong>contiona-</strong></span> 
     </span>
     <span class='ocr_line' id='line_1_58' title="bbox 501 5655 2078 5708; baseline 0.007 -11"><span class='ocrx_word' id='word_1_450' title='bbox 501 5656 617 5700; x_wconf 76' lang='lat' dir='ltr'><strong>toris</strong></span> <span class='ocrx_word' id='word_1_451' title='bbox 646 5663 662 5699; x_wconf 90' lang='lat'><em>:</em></span> <span class='ocrx_word' id='word_1_452' title='bbox 687 5664 797 5699; x_wconf 74' lang='lat' dir='ltr'><strong>num</strong></span> <span class='ocrx_word' id='word_1_453' title='bbox 817 5655 1013 5701; x_wconf 76' lang='lat' dir='ltr'><strong>lorsttan</strong></span> <span class='ocrx_word' id='word_1_454' title='bbox 1039 5663 1116 5704; x_wconf 87' lang='lat' dir='ltr'><strong>est</strong></span> <span class='ocrx_word' id='word_1_455' title='bbox 1141 5667 1256 5704; x_wconf 84' lang='lat' dir='ltr'><strong>vera</strong></span> <span class='ocrx_word' id='word_1_456' title='bbox 1299 5657 1428 5704; x_wconf 83' lang='lat' dir='ltr'><strong>ectio</strong></span> <span class='ocrx_word' id='word_1_457' title='bbox 1452 5667 1470 5703; x_wconf 71' lang='lat'><strong>:‘</strong></span> <span class='ocrx_word' id='word_1_458' title='bbox 1493 5669 1602 5705; x_wconf 87' lang='lat' dir='ltr'><strong>nam</strong></span> <span class='ocrx_word' id='word_1_459' title='bbox 1637 5656 1752 5705; x_wconf 87' lang='lat' dir='ltr'><strong>ilud</strong></span> <span class='ocrx_word' id='word_1_460' title='bbox 1786 5657 2078 5708; x_wconf 83' lang='lat' dir='ltr'><strong>additamen-</strong></span> 
     </span>
    </p>
   </div>
   <div class='ocr_carea' id='block_1_58' title="bbox 501 5713 2077 5774">
    <p class='ocr_par' dir='ltr' id='par_1_58' title="bbox 501 5713 2077 5774">
     <span class='ocr_line' id='line_1_59' title="bbox 501 5713 2077 5774; baseline 0.008 -17"><span class='ocrx_word' id='word_1_461' title='bbox 501 5718 602 5758; x_wconf 88' lang='lat' dir='ltr'><strong>tum</strong></span> <span class='ocrx_word' id='word_1_462' title='bbox 627 5725 720 5760; x_wconf 87' lang='lat' dir='ltr'><strong>uec</strong></span> <span class='ocrx_word' id='word_1_463' title='bbox 741 5713 896 5774; x_wconf 85' lang='lat' dir='ltr'><strong>lapsu,</strong></span> <span class='ocrx_word' id='word_1_464' title='bbox 922 5727 1014 5762; x_wconf 81' lang='lat' dir='ltr'><strong>nec</strong></span> <span class='ocrx_word' id='word_1_465' title='bbox 1037 5713 1236 5764; x_wconf 73' lang='lat' dir='ltr'><strong>COllSiliO</strong></span> <span class='ocrx_word' id='word_1_466' title='bbox 1269 5717 1516 5766; x_wconf 87' lang='lat' dir='ltr'><strong>inductum</strong></span> <span class='ocrx_word' id='word_1_467' title='bbox 1553 5717 1703 5766; x_wconf 83' lang='lat' dir='ltr'><strong>fuisse</strong></span> <span class='ocrx_word' id='word_1_468' title='bbox 1728 5717 1935 5768; x_wconf 85' lang='lat' dir='ltr'><strong>videtur.</strong></span> <span class='ocrx_word' id='word_1_469' title='bbox 1963 5720 2077 5771; x_wconf 75' lang='lat' dir='ltr'><strong>sibi]</strong></span> 
     </span>
    </p>
   </div>
   <div class='ocr_carea' id='block_1_59' title="bbox 499 5774 1881 5830">
    <p class='ocr_par' dir='ltr' id='par_1_59' title="bbox 499 5774 1881 5830">
     <span class='ocr_line' id='line_1_60' title="bbox 499 5774 1881 5830; baseline 0.001 -4"><span class='ocrx_word' id='word_1_470' title='bbox 499 5779 663 5826; x_wconf 77' lang='lat' dir='ltr'><strong>tamen</strong></span> <span class='ocrx_word' id='word_1_471' title='bbox 688 5774 829 5824; x_wconf 84' lang='lat' dir='ltr'><strong>unius</strong></span> <span class='ocrx_word' id='word_1_472' title='bbox 850 5777 1134 5828; x_wconf 76' lang='lat' dir='ltr'><strong>auctoritate</strong></span> <span class='ocrx_word' id='word_1_473' title='bbox 1156 5777 1337 5828; x_wconf 82' lang='lat' dir='ltr'><strong>codicis</strong></span> <span class='ocrx_word' id='word_1_474' title='bbox 1369 5779 1550 5830; x_wconf 85' lang='lat' dir='ltr'><strong>addere</strong></span> <span class='ocrx_word' id='word_1_475' title='bbox 1575 5780 1677 5829; x_wconf 83' lang='lat' dir='ltr'><strong>ausi</strong></span> <span class='ocrx_word' id='word_1_476' title='bbox 1700 5791 1881 5828; x_wconf 80' lang='lat' dir='ltr'><strong>smnus.</strong></span> 
     </span>
    </p>
   </div>
   <div class='ocr_carea' id='block_1_60' title="bbox 564 5589 1622 5654">
    <p class='ocr_par' dir='ltr' id='par_1_60' title="bbox 564 5589 1622 5654">
     <span class='ocr_line' id='line_1_61' title="bbox 564 5589 1622 5654; baseline 0.004 -14"><span class='ocrx_word' id='word_1_477' title='bbox 564 5589 593 5654; x_wconf 75' lang='lat'><strong>&#39;_</strong></span> <span class='ocrx_word' id='word_1_478' title='bbox 615 5589 725 5640; x_wconf 86' lang='lat' dir='ltr'><strong>cod.</strong></span> <span class='ocrx_word' id='word_1_479' title='bbox 749 5590 860 5649; x_wconf 76' lang='lat'><strong>655,</strong></span> <span class='ocrx_word' id='word_1_480' title='bbox 884 5589 1190 5654; x_wconf 72' lang='lat' dir='ltr'><strong>prudentiam</strong></span> <span class='ocrx_word' id='word_1_481' title='bbox 1221 5590 1505 5654; x_wconf 67' lang='lat' dir='ltr'><strong>defensoris,</strong></span> <span class='ocrx_word' id='word_1_482' title='bbox 1539 5599 1622 5644; x_wconf 79' lang='lat' dir='ltr'><strong>aut</strong></span> 
     </span>
    </p>
   </div>
   <div class='ocr_carea' id='block_1_61' title="bbox 2229 427 3800 504">
    <p class='ocr_par' dir='ltr' id='par_1_61' title="bbox 2229 427 3800 504">
     <span class='ocr_line' id='line_1_62' title="bbox 2229 427 3800 504; baseline -0.007 -15"><span class='ocrx_word' id='word_1_483' title='bbox 2229 475 2232 478; x_wconf 68' lang='lat'><strong>.</strong></span> <span class='ocrx_word' id='word_1_484' title='bbox 2281 435 2337 489; x_wconf 77' lang='grc'><strong>2.</strong></span> <span class='ocrx_word' id='word_1_485' title='bbox 2366 433 2499 490; x_wconf 87' lang='lat' dir='ltr'><strong>Cum</strong></span> <span class='ocrx_word' id='word_1_486' title='bbox 2529 448 2656 504; x_wconf 77' lang='lat' dir='ltr'><strong>ergo</strong></span> <span class='ocrx_word' id='word_1_487' title='bbox 2688 447 2808 504; x_wconf 77' lang='lat' dir='ltr'><strong>qua:</strong></span> <span class='ocrx_word' id='word_1_488' title='bbox 2835 440 2960 486; x_wconf 81' lang='lat' dir='ltr'><strong>sunt</strong></span> <span class='ocrx_word' id='word_1_489' title='bbox 2987 427 3278 502; x_wconf 68' lang='lat' dir='ltr'><strong>praecipua,</strong></span> <span class='ocrx_word' id='word_1_490' title='bbox 3315 440 3368 486; x_wconf 89' lang='lat' dir='ltr'><strong>et</strong></span> <span class='ocrx_word' id='word_1_491' title='bbox 3401 430 3569 503; x_wconf 83' lang='lat' dir='ltr'><strong>magis</strong></span> <span class='ocrx_word' id='word_1_492' title='bbox 3597 447 3800 504; x_wconf 63' lang='lat' dir='ltr'><strong>om.</strong></span> 
     </span>
    </p>
   </div>
   <div class='ocr_carea' id='block_1_62' title="bbox 2211 519 3800 594">
    <p class='ocr_par' dir='ltr' id='par_1_62' title="bbox 2211 519 3800 594">
     <span class='ocr_line' id='line_1_63' title="bbox 2211 519 3800 594; baseline -0.001 -14"><span class='ocrx_word' id='word_1_493' title='bbox 2211 536 2334 580; x_wconf 89' lang='lat' dir='ltr'><strong>tuna</strong></span> <span class='ocrx_word' id='word_1_494' title='bbox 2360 567 2375 594; x_wconf 87' lang='lat'><strong>,</strong></span> <span class='ocrx_word' id='word_1_495' title='bbox 2421 535 2478 581; x_wconf 89' lang='lat' dir='ltr'><strong>et</strong></span> <span class='ocrx_word' id='word_1_496' title='bbox 2521 525 2724 579; x_wconf 87' lang='lat' dir='ltr'><strong>honore</strong></span> <span class='ocrx_word' id='word_1_497' title='bbox 2761 523 3008 593; x_wconf 79' lang='lat' dir='ltr'><strong>:cqualia,</strong></span> <span class='ocrx_word' id='word_1_498' title='bbox 3065 537 3135 576; x_wconf 89' lang='lat' dir='ltr'><strong>ex</strong></span> <span class='ocrx_word' id='word_1_499' title='bbox 3175 536 3328 591; x_wconf 71' lang='lat' dir='ltr'><strong>aequo</strong></span> <span class='ocrx_word' id='word_1_500' title='bbox 3373 519 3651 589; x_wconf 79' lang='lat' dir='ltr'><strong>habeatis,</strong></span> <span class='ocrx_word' id='word_1_501' title='bbox 3701 538 3800 580; x_wconf 82' lang='lat' dir='ltr'><strong>cur</strong></span> 
     </span>
    </p>
   </div>
   <div class='ocr_carea' id='block_1_63' title="bbox 2211 612 3806 690">
    <p class='ocr_par' dir='ltr' id='par_1_63' title="bbox 2211 612 3806 690">
     <span class='ocr_line' id='line_1_64' title="bbox 2211 612 3806 690; baseline -0.006 -18"><span class='ocrx_word' id='word_1_502' title='bbox 2211 625 2428 688; x_wconf 88' lang='lat' dir='ltr'><strong>propter</strong></span> <span class='ocrx_word' id='word_1_503' title='bbox 2456 616 2674 672; x_wconf 85' lang='lat' dir='ltr'><strong>umbras</strong></span> <span class='ocrx_word' id='word_1_504' title='bbox 2695 623 2750 671; x_wconf 92' lang='lat' dir='ltr'><strong>et</strong></span> <span class='ocrx_word' id='word_1_505' title='bbox 2772 615 2976 670; x_wconf 85' lang='lat' dir='ltr'><strong>somnia</strong></span> <span class='ocrx_word' id='word_1_506' title='bbox 3005 613 3440 682; x_wconf 88' lang='lat' dir='ltr'><strong>intumescis,_ex</strong></span> <span class='ocrx_word' id='word_1_507' title='bbox 3479 612 3546 690; x_wconf 77' lang='lat' dir='ltr'><strong>iis</strong></span> <span class='ocrx_word' id='word_1_508' title='bbox 3573 628 3696 686; x_wconf 71' lang='lat' dir='ltr'><strong>quas</strong></span> <span class='ocrx_word' id='word_1_509' title='bbox 3721 616 3806 672; x_wconf 78' lang='lat' dir='ltr'><strong>ni.</strong></span> 
     </span>
    </p>
   </div>
   <div class='ocr_carea' id='block_1_64' title="bbox 2209 703 3803 776">
    <p class='ocr_par' dir='ltr' id='par_1_64' title="bbox 2209 703 3803 776">
     <span class='ocr_line' id='line_1_65' title="bbox 2209 703 3803 776; baseline -0.003 -11"><span class='ocrx_word' id='word_1_510' title='bbox 2209 710 2282 765; x_wconf 88' lang='lat' dir='ltr'><strong>hil</strong></span> <span class='ocrx_word' id='word_1_511' title='bbox 2313 719 2438 765; x_wconf 90' lang='lat' dir='ltr'><strong>sunt</strong></span> <span class='ocrx_word' id='word_1_512' title='bbox 2479 707 2781 764; x_wconf 89' lang='lat' dir='ltr'><strong>communia</strong></span> <span class='ocrx_word' id='word_1_513' title='bbox 2817 705 3189 776; x_wconf 74' lang='lat' dir='ltr'><strong>distinguens?</strong></span> <span class='ocrx_word' id='word_1_514' title='bbox 3215 703 3529 760; x_wconf 87' lang='lat' dir='ltr'><strong>Communia</strong></span> <span class='ocrx_word' id='word_1_515' title='bbox 3557 716 3764 762; x_wconf 69' lang='lat' dir='ltr'><strong>natura:</strong></span> <span class='ocrx_word' id='word_1_516' title='bbox 3782 748 3803 770; x_wconf 86' lang='lat'><strong>..</strong></span> 
     </span>
    </p>
   </div>
   <div class='ocr_carea' id='block_1_65' title="bbox 2207 795 3796 866">
    <p class='ocr_par' dir='ltr' id='par_1_65' title="bbox 2207 795 3796 866">
     <span class='ocr_line' id='line_1_66' title="bbox 2207 795 3796 866; baseline -0.003 -9"><span class='ocrx_word' id='word_1_517' title='bbox 2207 801 2508 856; x_wconf 89' lang='lat' dir='ltr'><strong>communia</strong></span> <span class='ocrx_word' id='word_1_518' title='bbox 2537 809 2708 866; x_wconf 89' lang='lat' dir='ltr'><strong>ortus,</strong></span> <span class='ocrx_word' id='word_1_519' title='bbox 2749 797 3056 854; x_wconf 89' lang='lat' dir='ltr'><strong>communia</strong></span> <span class='ocrx_word' id='word_1_520' title='bbox 3098 795 3374 853; x_wconf 79' lang='lat' dir='ltr'><strong>afﬁnitatis</strong></span> <span class='ocrx_word' id='word_1_521' title='bbox 3407 803 3464 852; x_wconf 86' lang='lat' dir='ltr'><strong>et</strong></span> <span class='ocrx_word' id='word_1_522' title='bbox 3499 797 3796 854; x_wconf 75' lang='lat' dir='ltr'><strong>necessitu-</strong></span> 
     </span>
    </p>
   </div>
   <div class='ocr_carea' id='block_1_66' title="bbox 2209 886 3799 952">
    <p class='ocr_par' dir='ltr' id='par_1_66' title="bbox 2209 886 3799 952">
     <span class='ocr_line' id='line_1_67' title="bbox 2209 886 3799 952; baseline -0.003 -4"><span class='ocrx_word' id='word_1_523' title='bbox 2209 893 2368 948; x_wconf 89' lang='lat' dir='ltr'><strong>dinis.</strong></span> <span class='ocrx_word' id='word_1_524' title='bbox 2391 893 2504 948; x_wconf 88' lang='lat' dir='ltr'><strong>Cur</strong></span> <span class='ocrx_word' id='word_1_525' title='bbox 2521 893 2774 946; x_wconf 89' lang='lat' dir='ltr'><strong>amictum</strong></span> <span class='ocrx_word' id='word_1_526' title='bbox 2794 888 3114 946; x_wconf 88' lang='lat' dir='ltr'><strong>exteriorem</strong></span> <span class='ocrx_word' id='word_1_527' title='bbox 3139 886 3380 952; x_wconf 87' lang='lat' dir='ltr'><strong>adducis,</strong></span> <span class='ocrx_word' id='word_1_528' title='bbox 3413 896 3470 942; x_wconf 89' lang='lat' dir='ltr'><strong>ut</strong></span> <span class='ocrx_word' id='word_1_529' title='bbox 3493 887 3799 944; x_wconf 57' lang='lat' dir='ltr'><strong>distinctio.</strong></span> 
     </span>
    </p>
   </div>
   <div class='ocr_carea' id='block_1_67' title="bbox 2208 975 3802 1051">
    <p class='ocr_par' dir='ltr' id='par_1_67' title="bbox 2208 975 3802 1051">
     <span class='ocr_line' id='line_1_68' title="bbox 2208 975 3802 1051; baseline -0.001 -15"><span class='ocrx_word' id='word_1_530' title='bbox 2208 997 2330 1037; x_wconf 90' lang='lat' dir='ltr'><strong>nem</strong></span> <span class='ocrx_word' id='word_1_531' title='bbox 2347 997 2412 1038; x_wconf 89' lang='lat' dir='ltr'><strong>ex</strong></span> <span class='ocrx_word' id='word_1_532' title='bbox 2438 997 2504 1038; x_wconf 93' lang='lat' dir='ltr'><strong>eo</strong></span> <span class='ocrx_word' id='word_1_533' title='bbox 2526 980 2764 1037; x_wconf 72' lang='lat' dir='ltr'><strong>efﬁcias?</strong></span> <span class='ocrx_word' id='word_1_534' title='bbox 2783 979 2898 1051; x_wconf 87' lang='lat' dir='ltr'><strong>Non</strong></span> <span class='ocrx_word' id='word_1_535' title='bbox 2927 979 3059 1043; x_wconf 87' lang='lat' dir='ltr'><strong>fero,</strong></span> <span class='ocrx_word' id='word_1_536' title='bbox 3083 991 3188 1032; x_wconf 90' lang='lat' dir='ltr'><strong>non</strong></span> <span class='ocrx_word' id='word_1_537' title='bbox 3218 977 3406 1048; x_wconf 89' lang='lat' dir='ltr'><strong>patior.</strong></span> <span class='ocrx_word' id='word_1_538' title='bbox 3431 975 3500 1032; x_wconf 83' lang='lat' dir='ltr'><strong>Et</strong></span> <span class='ocrx_word' id='word_1_539' title='bbox 3524 976 3646 1034; x_wconf 86' lang='lat' dir='ltr'><strong>ideo</strong></span> <span class='ocrx_word' id='word_1_540' title='bbox 3665 992 3802 1035; x_wconf 85' lang='lat' dir='ltr'><strong>voco</strong></span> 
     </span>
    </p>
   </div>
   <div class='ocr_carea' id='block_1_68' title="bbox 2211 1068 3800 1142">
    <p class='ocr_par' dir='ltr' id='par_1_68' title="bbox 2211 1068 3800 1142">
     <span class='ocr_line' id='line_1_69' title="bbox 2211 1068 3800 1142; baseline -0.003 -14"><span class='ocrx_word' id='word_1_541' title='bbox 2211 1081 2264 1128; x_wconf 90' lang='lat' dir='ltr'><strong>te</strong></span> <span class='ocrx_word' id='word_1_542' title='bbox 2289 1087 2412 1128; x_wconf 92' lang='lat' dir='ltr'><strong>cum</strong></span> <span class='ocrx_word' id='word_1_543' title='bbox 2437 1087 2698 1142; x_wconf 89' lang='lat' dir='ltr'><strong>paupere,</strong></span> <span class='ocrx_word' id='word_1_544' title='bbox 2719 1070 2905 1126; x_wconf 87' lang='lat' dir='ltr'><strong>dicens</strong></span> <span class='ocrx_word' id='word_1_545' title='bbox 2931 1085 2947 1124; x_wconf 87' lang='lat'><strong>:</strong></span> <span class='ocrx_word' id='word_1_546' title='bbox 2974 1068 3144 1124; x_wconf 83' lang='lat' dir='ltr'><strong>Simul</strong></span> <span class='ocrx_word' id='word_1_547' title='bbox 3167 1068 3219 1122; x_wconf 87' lang='lat' dir='ltr'><strong>in</strong></span> <span class='ocrx_word' id='word_1_548' title='bbox 3246 1084 3400 1122; x_wconf 86' lang='lat' dir='ltr'><strong>unum</strong></span> <span class='ocrx_word' id='word_1_549' title='bbox 3427 1069 3564 1124; x_wconf 77' lang='lat' dir='ltr'><strong>dives</strong></span> <span class='ocrx_word' id='word_1_550' title='bbox 3586 1077 3633 1123; x_wconf 88' lang='lat' dir='ltr'><strong>et</strong></span> <span class='ocrx_word' id='word_1_551' title='bbox 3663 1086 3800 1140; x_wconf 80' lang='lat' dir='ltr'><strong>pau-</strong></span> 
     </span>
    </p>
   </div>
   <div class='ocr_carea' id='block_1_69' title="bbox 2207 1159 3806 1237">
    <p class='ocr_par' dir='ltr' id='par_1_69' title="bbox 2207 1159 3806 1237">
     <span class='ocr_line' id='line_1_70' title="bbox 2207 1159 3806 1237; baseline 0.001 -20"><span class='ocrx_word' id='word_1_552' title='bbox 2207 1181 2313 1237; x_wconf 78' lang='lat' dir='ltr'><strong>per.</strong></span> <span class='ocrx_word' id='word_1_553' title='bbox 2335 1163 2392 1220; x_wconf 90' lang='lat' dir='ltr'><strong>In</strong></span> <span class='ocrx_word' id='word_1_554' title='bbox 2405 1165 2532 1221; x_wconf 83' lang='lat' dir='ltr'><strong>‘aliis</strong></span> <span class='ocrx_word' id='word_1_555' title='bbox 2547 1164 2690 1220; x_wconf 90' lang='lat' dir='ltr'><strong>enim</strong></span> <span class='ocrx_word' id='word_1_556' title='bbox 2709 1179 2812 1218; x_wconf 92' lang='lat' dir='ltr'><strong>non</strong></span> <span class='ocrx_word' id='word_1_557' title='bbox 2834 1169 3056 1234; x_wconf 88' lang='lat' dir='ltr'><strong>possunt</strong></span> <span class='ocrx_word' id='word_1_558' title='bbox 3071 1160 3227 1216; x_wconf 90' lang='lat' dir='ltr'><strong>simul</strong></span> <span class='ocrx_word' id='word_1_559' title='bbox 3248 1159 3413 1216; x_wconf 91' lang='lat' dir='ltr'><strong>videri</strong></span> <span class='ocrx_word' id='word_1_560' title='bbox 3430 1159 3582 1216; x_wconf 88' lang='lat' dir='ltr'><strong>dives</strong></span> <span class='ocrx_word' id='word_1_561' title='bbox 3604 1168 3658 1217; x_wconf 91' lang='lat' dir='ltr'><strong>et</strong></span> <span class='ocrx_word' id='word_1_562' title='bbox 3680 1177 3806 1232; x_wconf 82' lang='lat' dir='ltr'><strong>pau-</strong></span> 
     </span>
    </p>
   </div>
   <div class='ocr_carea' id='block_1_70' title="bbox 2211 1250 3802 1326">
    <p class='ocr_par' dir='ltr' id='par_1_70' title="bbox 2211 1250 3802 1326">
     <span class='ocr_line' id='line_1_71' title="bbox 2211 1250 3802 1326; baseline -0.002 -16"><span class='ocrx_word' id='word_1_563' title='bbox 2211 1271 2348 1326; x_wconf 86' lang='lat' dir='ltr'><strong>per;</strong></span> <span class='ocrx_word' id='word_1_564' title='bbox 2381 1271 2486 1309; x_wconf 91' lang='lat' dir='ltr'><strong>non</strong></span> <span class='ocrx_word' id='word_1_565' title='bbox 2516 1255 2567 1309; x_wconf 94' lang='lat' dir='ltr'><strong>in</strong></span> <span class='ocrx_word' id='word_1_566' title='bbox 2585 1253 2820 1324; x_wconf 86' lang='lat' dir='ltr'><strong>judiciis,</strong></span> <span class='ocrx_word' id='word_1_567' title='bbox 2847 1267 2953 1307; x_wconf 91' lang='lat' dir='ltr'><strong>non</strong></span> <span class='ocrx_word' id='word_1_568' title='bbox 2983 1251 3038 1308; x_wconf 90' lang='lat' dir='ltr'><strong>in</strong></span> <span class='ocrx_word' id='word_1_569' title='bbox 3065 1251 3202 1307; x_wconf 88' lang='lat' dir='ltr'><strong>aulis</strong></span> <span class='ocrx_word' id='word_1_570' title='bbox 3220 1251 3403 1322; x_wconf 88' lang='lat' dir='ltr'><strong>regiis,</strong></span> <span class='ocrx_word' id='word_1_571' title='bbox 3431 1265 3542 1307; x_wconf 90' lang='lat' dir='ltr'><strong>non</strong></span> <span class='ocrx_word' id='word_1_572' title='bbox 3566 1251 3621 1308; x_wconf 90' lang='lat' dir='ltr'><strong>in</strong></span> <span class='ocrx_word' id='word_1_573' title='bbox 3647 1250 3802 1320; x_wconf 86' lang='lat' dir='ltr'><strong>foris,</strong></span> 
     </span>
    </p>
   </div>
   <div class='ocr_carea' id='block_1_71' title="bbox 2211 1340 3802 1412">
    <p class='ocr_par' dir='ltr' id='par_1_71' title="bbox 2211 1340 3802 1412">
     <span class='ocr_line' id='line_1_72' title="bbox 2211 1340 3802 1412; baseline 0.001 -13"><span class='ocrx_word' id='word_1_574' title='bbox 2211 1361 2318 1399; x_wconf 91' lang='lat' dir='ltr'><strong>non</strong></span> <span class='ocrx_word' id='word_1_575' title='bbox 2345 1345 2396 1400; x_wconf 92' lang='lat' dir='ltr'><strong>in</strong></span> <span class='ocrx_word' id='word_1_576' title='bbox 2423 1345 2626 1400; x_wconf 87' lang='lat' dir='ltr'><strong>mensis</strong></span> <span class='ocrx_word' id='word_1_577' title='bbox 2656 1361 2670 1398; x_wconf 92' lang='lat'><strong>:</strong></span> <span class='ocrx_word' id='word_1_578' title='bbox 2697 1342 2792 1398; x_wconf 90' lang='lat' dir='ltr'><strong>sed</strong></span> <span class='ocrx_word' id='word_1_579' title='bbox 2834 1341 2980 1397; x_wconf 89' lang='lat' dir='ltr'><strong>illum</strong></span> <span class='ocrx_word' id='word_1_580' title='bbox 3024 1340 3237 1412; x_wconf 88' lang='lat' dir='ltr'><strong>quidem</strong></span> <span class='ocrx_word' id='word_1_581' title='bbox 3269 1340 3586 1396; x_wconf 88' lang='lat' dir='ltr'><strong>honoratum</strong></span> <span class='ocrx_word' id='word_1_582' title='bbox 3606 1381 3625 1409; x_wconf 91' lang='lat'><strong>,</strong></span> <span class='ocrx_word' id='word_1_583' title='bbox 3659 1340 3802 1400; x_wconf 87' lang='lat' dir='ltr'><strong>hunc</strong></span> 
     </span>
    </p>
   </div>
   <div class='ocr_carea' id='block_1_72' title="bbox 2211 1431 3804 1505">
    <p class='ocr_par' dir='ltr' id='par_1_72' title="bbox 2211 1431 3804 1505">
     <span class='ocr_line' id='line_1_73' title="bbox 2211 1431 3804 1505; baseline -0.001 -14"><span class='ocrx_word' id='word_1_584' title='bbox 2211 1450 2341 1491; x_wconf 86' lang='lat' dir='ltr'><strong>vero</strong></span> <span class='ocrx_word' id='word_1_585' title='bbox 2368 1441 2734 1505; x_wconf 88' lang='lat' dir='ltr'><strong>contemptum</strong></span> <span class='ocrx_word' id='word_1_586' title='bbox 2759 1441 2815 1489; x_wconf 91' lang='lat' dir='ltr'><strong>et</strong></span> <span class='ocrx_word' id='word_1_587' title='bbox 2841 1431 3108 1503; x_wconf 68' lang='lat' dir='ltr'><strong>abiectum</strong></span> <span class='ocrx_word' id='word_1_588' title='bbox 3133 1451 3150 1501; x_wconf 88' lang='lat'><strong>;</strong></span> <span class='ocrx_word' id='word_1_589' title='bbox 3181 1431 3329 1488; x_wconf 91' lang='lat' dir='ltr'><strong>illum</strong></span> <span class='ocrx_word' id='word_1_590' title='bbox 3359 1431 3525 1490; x_wconf 88' lang='lat' dir='ltr'><strong>libere</strong></span> <span class='ocrx_word' id='word_1_591' title='bbox 3551 1441 3607 1489; x_wconf 93' lang='lat' dir='ltr'><strong>et</strong></span> <span class='ocrx_word' id='word_1_592' title='bbox 3628 1433 3804 1490; x_wconf 72' lang='lat' dir='ltr'><strong>contio</strong></span> 
     </span>
    </p>
   </div>
   <div class='ocr_carea' id='block_1_73' title="bbox 2209 1524 3794 1599">
    <p class='ocr_par' dir='ltr' id='par_1_73' title="bbox 2209 1524 3794 1599">
     <span class='ocr_line' id='line_1_74' title="bbox 2209 1524 3794 1599; baseline 0 -15"><span class='ocrx_word' id='word_1_593' title='bbox 2209 1527 2402 1585; x_wconf 90' lang='lat' dir='ltr'><strong>denter</strong></span> <span class='ocrx_word' id='word_1_594' title='bbox 2429 1536 2672 1599; x_wconf 85' lang='lat' dir='ltr'><strong>agentem</strong></span> <span class='ocrx_word' id='word_1_595' title='bbox 2695 1569 2710 1595; x_wconf 92' lang='lat'><strong>,</strong></span> <span class='ocrx_word' id='word_1_596' title='bbox 2741 1525 2882 1581; x_wconf 89' lang='lat' dir='ltr'><strong>hunc</strong></span> <span class='ocrx_word' id='word_1_597' title='bbox 2917 1525 3120 1597; x_wconf 88' lang='lat' dir='ltr'><strong>pudore</strong></span> <span class='ocrx_word' id='word_1_598' title='bbox 3147 1533 3202 1580; x_wconf 91' lang='lat' dir='ltr'><strong>et</strong></span> <span class='ocrx_word' id='word_1_599' title='bbox 3227 1524 3515 1594; x_wconf 88' lang='lat' dir='ltr'><strong>ignominia</strong></span> <span class='ocrx_word' id='word_1_600' title='bbox 3541 1524 3794 1584; x_wconf 69' lang='lat' dir='ltr'><strong>allectum</strong></span> 
     </span>
    </p>
   </div>
   <div class='ocr_carea' id='block_1_74' title="bbox 2208 1617 3804 1690">
    <p class='ocr_par' dir='ltr' id='par_1_74' title="bbox 2208 1617 3804 1690">
     <span class='ocr_line' id='line_1_75' title="bbox 2208 1617 3804 1690; baseline 0 -14"><span class='ocrx_word' id='word_1_601' title='bbox 2208 1621 2390 1677; x_wconf 86' lang='lat' dir='ltr'><strong>videas</strong></span> <span class='ocrx_word' id='word_1_602' title='bbox 2415 1638 2432 1675; x_wconf 89' lang='lat'><strong>:</strong></span> <span class='ocrx_word' id='word_1_603' title='bbox 2463 1620 2728 1690; x_wconf 87' lang='lat' dir='ltr'><strong>Sapientia</strong></span> <span class='ocrx_word' id='word_1_604' title='bbox 2748 1619 2878 1674; x_wconf 83' lang='lat' dir='ltr'><strong>enim</strong></span> <span class='ocrx_word' id='word_1_605' title='bbox 2903 1619 3138 1688; x_wconf 78' lang='lat' dir='ltr'><strong>pauperis</strong></span> <span class='ocrx_word' id='word_1_606' title='bbox 3162 1617 3309 1673; x_wconf 86' lang='lat' dir='ltr'><strong>nihili</strong></span> <span class='ocrx_word' id='word_1_607' title='bbox 3336 1619 3558 1688; x_wconf 81' lang='lat' dir='ltr'><strong>ducitur,</strong></span> <span class='ocrx_word' id='word_1_608' title='bbox 3579 1629 3628 1674; x_wconf 84' lang='lat' dir='ltr'><strong>et</strong></span> <span class='ocrx_word' id='word_1_609' title='bbox 3655 1623 3804 1676; x_wconf 74' lang='lat' dir='ltr'><strong>venba</strong></span> 
     </span>
    </p>
   </div>
   <div class='ocr_carea' id='block_1_75' title="bbox 2213 1709 3800 1784">
    <p class='ocr_par' dir='ltr' id='par_1_75' title="bbox 2213 1709 3800 1784">
     <span class='ocr_line' id='line_1_76' title="bbox 2213 1709 3800 1784; baseline 0.001 -17"><span class='ocrx_word' id='word_1_610' title='bbox 2213 1714 2325 1784; x_wconf 85' lang='lat' dir='ltr'><strong>ejus</strong></span> <span class='ocrx_word' id='word_1_611' title='bbox 2348 1729 2448 1766; x_wconf 82' lang='lat' dir='ltr'><strong>non</strong></span> <span class='ocrx_word' id='word_1_612' title='bbox 2472 1713 2772 1782; x_wconf 82' lang='lat' dir='ltr'><strong>audiuntur(</strong></span> <span class='ocrx_word' id='word_1_613' title='bbox 2797 1709 2966 1766; x_wconf 79' lang='lat' dir='ltr'><strong>Eccle.</strong></span> <span class='ocrx_word' id='word_1_614' title='bbox 2987 1710 3042 1766; x_wconf 89' lang='lat'><strong>9.</strong></span> <span class='ocrx_word' id='word_1_615' title='bbox 3065 1710 3180 1781; x_wconf 81' lang='grc'><strong>16).</strong></span> <span class='ocrx_word' id='word_1_616' title='bbox 3221 1710 3494 1782; x_wconf 87' lang='lat' dir='ltr'><strong>Loquutus</strong></span> <span class='ocrx_word' id='word_1_617' title='bbox 3522 1721 3606 1769; x_wconf 89' lang='lat' dir='ltr'><strong>est</strong></span> <span class='ocrx_word' id='word_1_618' title='bbox 3627 1713 3800 1784; x_wconf 80' lang='lat' dir='ltr'><strong>dives,</strong></span> 
     </span>
    </p>
   </div>
   <div class='ocr_carea' id='block_1_76' title="bbox 2215 1801 3801 1876">
    <p class='ocr_par' dir='ltr' id='par_1_76' title="bbox 2215 1801 3801 1876">
     <span class='ocr_line' id='line_1_77' title="bbox 2215 1801 3801 1876; baseline -0.001 -15"><span class='ocrx_word' id='word_1_619' title='bbox 2215 1813 2272 1861; x_wconf 91' lang='lat' dir='ltr'><strong>et</strong></span> <span class='ocrx_word' id='word_1_620' title='bbox 2299 1819 2420 1860; x_wconf 91' lang='lat' dir='ltr'><strong>eum</strong></span> <span class='ocrx_word' id='word_1_621' title='bbox 2446 1802 2670 1874; x_wconf 87' lang='lat' dir='ltr'><strong>pulchre</strong></span> <span class='ocrx_word' id='word_1_622' title='bbox 2692 1817 2756 1858; x_wconf 91' lang='lat' dir='ltr'><strong>ac</strong></span> <span class='ocrx_word' id='word_1_623' title='bbox 2779 1811 2924 1859; x_wconf 90' lang='lat' dir='ltr'><strong>recte</strong></span> <span class='ocrx_word' id='word_1_624' title='bbox 2948 1801 3146 1858; x_wconf 87' lang='lat' dir='ltr'><strong>dixisse</strong></span> <span class='ocrx_word' id='word_1_625' title='bbox 3165 1801 3353 1870; x_wconf 87' lang='lat' dir='ltr'><strong>aiunt;</strong></span> <span class='ocrx_word' id='word_1_626' title='bbox 3383 1817 3586 1874; x_wconf 87' lang='lat' dir='ltr'><strong>pauper</strong></span> <span class='ocrx_word' id='word_1_627' title='bbox 3613 1803 3801 1876; x_wconf 79' lang='lat' dir='ltr'><strong>loquu-</strong></span> 
     </span>
    </p>
   </div>
   <div class='ocr_carea' id='block_1_77' title="bbox 2207 1891 3802 1966">
    <p class='ocr_par' dir='ltr' id='par_1_77' title="bbox 2207 1891 3802 1966">
     <span class='ocr_line' id='line_1_78' title="bbox 2207 1891 3802 1966; baseline 0 -15"><span class='ocrx_word' id='word_1_628' title='bbox 2207 1905 2294 1952; x_wconf 91' lang='lat' dir='ltr'><strong>tus</strong></span> <span class='ocrx_word' id='word_1_629' title='bbox 2325 1904 2407 1950; x_wconf 86' lang='lat' dir='ltr'><strong>cst</strong></span> <span class='ocrx_word' id='word_1_630' title='bbox 2424 1934 2442 1962; x_wconf 94' lang='lat'><strong>,</strong></span> <span class='ocrx_word' id='word_1_631' title='bbox 2467 1902 2524 1951; x_wconf 89' lang='lat' dir='ltr'><strong>et</strong></span> <span class='ocrx_word' id='word_1_632' title='bbox 2543 1908 2650 1950; x_wconf 92' lang='lat' dir='ltr'><strong>non</strong></span> <span class='ocrx_word' id='word_1_633' title='bbox 2669 1901 2751 1950; x_wconf 86' lang='lat' dir='ltr'><strong>est</strong></span> <span class='ocrx_word' id='word_1_634' title='bbox 2772 1892 2926 1949; x_wconf 89' lang='lat' dir='ltr'><strong>datus</strong></span> <span class='ocrx_word' id='word_1_635' title='bbox 2949 1893 2999 1949; x_wconf 91' lang='lat' dir='ltr'><strong>ei</strong></span> <span class='ocrx_word' id='word_1_636' title='bbox 3028 1891 3215 1961; x_wconf 87' lang='lat' dir='ltr'><strong>locus(</strong></span> <span class='ocrx_word' id='word_1_637' title='bbox 3236 1892 3402 1950; x_wconf 79' lang='lat' dir='ltr'><strong>Eccli.</strong></span> <span class='ocrx_word' id='word_1_638' title='bbox 3443 1895 3531 1949; x_wconf 79' lang='lat' dir='ltr'><strong>t5.</strong></span> <span class='ocrx_word' id='word_1_639' title='bbox 3559 1893 3650 1950; x_wconf 76' lang='lat'><strong>27.</strong></span> <span class='ocrx_word' id='word_1_640' title='bbox 3681 1895 3802 1966; x_wconf 78' lang='lat'><strong>28).</strong></span> 
     </span>
    </p>
   </div>
   <div class='ocr_carea' id='block_1_78' title="bbox 2209 1984 3806 2058">
    <p class='ocr_par' dir='ltr' id='par_1_78' title="bbox 2209 1984 3806 2058">
     <span class='ocr_line' id='line_1_79' title="bbox 2209 1984 3806 2058; baseline 0.003 -16"><span class='ocrx_word' id='word_1_641' title='bbox 2209 1989 2277 2042; x_wconf 81' lang='lat' dir='ltr'><strong>At</strong></span> <span class='ocrx_word' id='word_1_642' title='bbox 2319 2003 2424 2043; x_wconf 93' lang='lat' dir='ltr'><strong>non</strong></span> <span class='ocrx_word' id='word_1_643' title='bbox 2463 1986 2570 2042; x_wconf 87' lang='lat' dir='ltr'><strong>hic.</strong></span> <span class='ocrx_word' id='word_1_644' title='bbox 2609 1985 2794 2058; x_wconf 87' lang='lat' dir='ltr'><strong>Neque</strong></span> <span class='ocrx_word' id='word_1_645' title='bbox 2815 1986 2959 2041; x_wconf 90' lang='lat' dir='ltr'><strong>enim</strong></span> <span class='ocrx_word' id='word_1_646' title='bbox 2987 1985 3042 2042; x_wconf 93' lang='lat' dir='ltr'><strong>in</strong></span> <span class='ocrx_word' id='word_1_647' title='bbox 3067 1984 3168 2042; x_wconf 86' lang='lat' dir='ltr'><strong>hac</strong></span> <span class='ocrx_word' id='word_1_648' title='bbox 3193 1985 3430 2042; x_wconf 87' lang='lat' dir='ltr'><strong>Ecclesia</strong></span> <span class='ocrx_word' id='word_1_649' title='bbox 3453 2001 3520 2044; x_wconf 88' lang='lat' dir='ltr'><strong>ac</strong></span> <span class='ocrx_word' id='word_1_650' title='bbox 3545 1989 3806 2047; x_wconf 81' lang='lat' dir='ltr'><strong>concione</strong></span> 
     </span>
    </p>
   </div>
   <div class='ocr_carea' id='block_1_79' title="bbox 2207 2076 3801 2150">
    <p class='ocr_par' dir='ltr' id='par_1_79' title="bbox 2207 2076 3801 2150">
     <span class='ocr_line' id='line_1_80' title="bbox 2207 2076 3801 2150; baseline 0.003 -16"><span class='ocrx_word' id='word_1_651' title='bbox 2207 2079 2428 2135; x_wconf 88' lang='lat' dir='ltr'><strong>stultam</strong></span> <span class='ocrx_word' id='word_1_652' title='bbox 2484 2078 2630 2134; x_wconf 90' lang='lat' dir='ltr'><strong>illam</strong></span> <span class='ocrx_word' id='word_1_653' title='bbox 2680 2076 3026 2134; x_wconf 87' lang='lat' dir='ltr'><strong>ambitionem</strong></span> <span class='ocrx_word' id='word_1_654' title='bbox 3077 2077 3403 2148; x_wconf 84' lang='lat' dir='ltr'><strong>honorisque</strong></span> <span class='ocrx_word' id='word_1_655' title='bbox 3451 2079 3801 2150; x_wconf 87' lang='lat' dir='ltr'><strong>cupiditatem</strong></span> 
     </span>
    </p>
   </div>
   <div class='ocr_carea' id='block_1_80' title="bbox 2211 2167 3802 2244">
    <p class='ocr_par' dir='ltr' id='par_1_80' title="bbox 2211 2167 3802 2244">
     <span class='ocr_line' id='line_1_81' title="bbox 2211 2167 3802 2244; baseline 0.004 -21"><span class='ocrx_word' id='word_1_656' title='bbox 2211 2169 2384 2241; x_wconf 87' lang='lat' dir='ltr'><strong>patior</strong></span> <span class='ocrx_word' id='word_1_657' title='bbox 2403 2211 2419 2236; x_wconf 88' lang='lat'><strong>,</strong></span> <span class='ocrx_word' id='word_1_658' title='bbox 2452 2169 2546 2226; x_wconf 89' lang='lat' dir='ltr'><strong>sed</strong></span> <span class='ocrx_word' id='word_1_659' title='bbox 2569 2183 2908 2224; x_wconf 88' lang='lat' dir='ltr'><strong>communem</strong></span> <span class='ocrx_word' id='word_1_660' title='bbox 2936 2167 3185 2225; x_wconf 89' lang='lat' dir='ltr'><strong>omnibus</strong></span> <span class='ocrx_word' id='word_1_661' title='bbox 3211 2167 3510 2226; x_wconf 89' lang='lat' dir='ltr'><strong>doctrinam</strong></span> <span class='ocrx_word' id='word_1_662' title='bbox 3534 2186 3802 2244; x_wconf 87' lang='lat' dir='ltr'><strong>propono.</strong></span> 
     </span>
    </p>
   </div>
   <div class='ocr_carea' id='block_1_81' title="bbox 2211 2259 3805 2334">
    <p class='ocr_par' dir='ltr' id='par_1_81' title="bbox 2211 2259 3805 2334">
     <span class='ocr_line' id='line_1_82' title="bbox 2211 2259 3805 2334; baseline 0.003 -17"><span class='ocrx_word' id='word_1_663' title='bbox 2211 2261 2344 2318; x_wconf 84' lang='lat' dir='ltr'><strong>Vide</strong></span> <span class='ocrx_word' id='word_1_664' title='bbox 2383 2261 2620 2317; x_wconf 85' lang='lat' dir='ltr'><strong>doctoris</strong></span> <span class='ocrx_word' id='word_1_665' title='bbox 2648 2259 3006 2333; x_wconf 89' lang='lat' dir='ltr'><strong>prudentiam,</strong></span> <span class='ocrx_word' id='word_1_666' title='bbox 3032 2259 3300 2330; x_wconf 87' lang='lat' dir='ltr'><strong>quomodo</strong></span> <span class='ocrx_word' id='word_1_667' title='bbox 3328 2261 3487 2316; x_wconf 88' lang='lat' dir='ltr'><strong>ctiam</strong></span> <span class='ocrx_word' id='word_1_668' title='bbox 3518 2272 3805 2334; x_wconf 88' lang='lat' dir='ltr'><strong>antequam</strong></span> 
     </span>
    </p>
   </div>
   <div class='ocr_carea' id='block_1_82' title="bbox 2207 2349 3806 2424">
    <p class='ocr_par' dir='ltr' id='par_1_82' title="bbox 2207 2349 3806 2424">
     <span class='ocr_line' id='line_1_83' title="bbox 2207 2349 3806 2424; baseline 0.002 -18"><span class='ocrx_word' id='word_1_669' title='bbox 2207 2351 2424 2424; x_wconf 84' lang='lat' dir='ltr'><strong>incipiat</strong></span> <span class='ocrx_word' id='word_1_670' title='bbox 2449 2352 2762 2412; x_wconf 87' lang='lat' dir='ltr'><strong>concionem</strong></span> <span class='ocrx_word' id='word_1_671' title='bbox 2789 2391 2805 2418; x_wconf 95' lang='lat'><strong>,</strong></span> <span class='ocrx_word' id='word_1_672' title='bbox 2832 2366 2897 2406; x_wconf 87' lang='lat' dir='ltr'><strong>ex</strong></span> <span class='ocrx_word' id='word_1_673' title='bbox 2928 2349 3044 2420; x_wconf 82' lang='lat' dir='ltr'><strong>ipsa</strong></span> <span class='ocrx_word' id='word_1_674' title='bbox 3077 2350 3192 2406; x_wconf 86' lang='lat' dir='ltr'><strong>sola</strong></span> <span class='ocrx_word' id='word_1_675' title='bbox 3211 2351 3492 2407; x_wconf 88' lang='lat' dir='ltr'><strong>vocatione</strong></span> <span class='ocrx_word' id='word_1_676' title='bbox 3512 2352 3806 2412; x_wconf 86' lang='lat' dir='ltr'><strong>maximum</strong></span> 
     </span>
    </p>
   </div>
   <div class='ocr_carea' id='block_1_83' title="bbox 2207 2441 3801 2514">
    <p class='ocr_par' dir='ltr' id='par_1_83' title="bbox 2207 2441 3801 2514">
     <span class='ocr_line' id='line_1_84' title="bbox 2207 2441 3801 2514; baseline 0 -12"><span class='ocrx_word' id='word_1_677' title='bbox 2207 2445 2464 2502; x_wconf 77' lang='lat' dir='ltr'><strong>doctrina:</strong></span> <span class='ocrx_word' id='word_1_678' title='bbox 2483 2443 2754 2501; x_wconf 87' lang='lat' dir='ltr'><strong>decretum</strong></span> <span class='ocrx_word' id='word_1_679' title='bbox 2781 2442 3084 2514; x_wconf 87' lang='lat' dir='ltr'><strong>protulerit.</strong></span> <span class='ocrx_word' id='word_1_680' title='bbox 3127 2441 3227 2514; x_wconf 87' lang='lat' dir='ltr'><strong>Qui</strong></span> <span class='ocrx_word' id='word_1_681' title='bbox 3252 2444 3397 2499; x_wconf 89' lang='lat' dir='ltr'><strong>enim</strong></span> <span class='ocrx_word' id='word_1_682' title='bbox 3425 2459 3614 2502; x_wconf 85' lang='lat' dir='ltr'><strong>omnes</strong></span> <span class='ocrx_word' id='word_1_683' title='bbox 3641 2446 3801 2502; x_wconf 89' lang='lat' dir='ltr'><strong>simul</strong></span> 
     </span>
    </p>
   </div>
   <div class='ocr_carea' id='block_1_84' title="bbox 2207 2533 3804 2606">
    <p class='ocr_par' dir='ltr' id='par_1_84' title="bbox 2207 2533 3804 2606">
     <span class='ocr_line' id='line_1_85' title="bbox 2207 2533 3804 2606; baseline 0.002 -16"><span class='ocrx_word' id='word_1_684' title='bbox 2207 2537 2456 2603; x_wconf 87' lang='lat' dir='ltr'><strong>vocavit,</strong></span> <span class='ocrx_word' id='word_1_685' title='bbox 2503 2549 2679 2606; x_wconf 89' lang='lat' dir='ltr'><strong>neque</strong></span> <span class='ocrx_word' id='word_1_686' title='bbox 2707 2535 2856 2590; x_wconf 89' lang='lat' dir='ltr'><strong>illum</strong></span> <span class='ocrx_word' id='word_1_687' title='bbox 2903 2533 3027 2589; x_wconf 87' lang='lat' dir='ltr'><strong>sivit</strong></span> <span class='ocrx_word' id='word_1_688' title='bbox 3069 2535 3466 2602; x_wconf 88' lang='lat' dir='ltr'><strong>intumescere,</strong></span> <span class='ocrx_word' id='word_1_689' title='bbox 3515 2551 3617 2592; x_wconf 89' lang='lat' dir='ltr'><strong>nec</strong></span> <span class='ocrx_word' id='word_1_690' title='bbox 3661 2535 3804 2595; x_wconf 82' lang='lat' dir='ltr'><strong>hunc</strong></span> 
     </span>
    </p>
   </div>
   <div class='ocr_carea' id='block_1_85' title="bbox 2208 2623 3800 2698">
    <p class='ocr_par' dir='ltr' id='par_1_85' title="bbox 2208 2623 3800 2698">
     <span class='ocr_line' id='line_1_86' title="bbox 2208 2623 3800 2698; baseline 0.002 -16"><span class='ocrx_word' id='word_1_691' title='bbox 2208 2629 2368 2684; x_wconf 89' lang='lat' dir='ltr'><strong>vilem</strong></span> <span class='ocrx_word' id='word_1_692' title='bbox 2409 2635 2465 2683; x_wconf 92' lang='lat' dir='ltr'><strong>et</strong></span> <span class='ocrx_word' id='word_1_693' title='bbox 2501 2627 2766 2698; x_wconf 70' lang='lat' dir='ltr'><strong>abiectum</strong></span> <span class='ocrx_word' id='word_1_694' title='bbox 2793 2639 2948 2693; x_wconf 88' lang='lat' dir='ltr'><strong>esse,</strong></span> <span class='ocrx_word' id='word_1_695' title='bbox 2980 2623 3076 2681; x_wconf 87' lang='lat' dir='ltr'><strong>sed</strong></span> <span class='ocrx_word' id='word_1_696' title='bbox 3122 2624 3395 2692; x_wconf 90' lang='lat' dir='ltr'><strong>ostendit,</strong></span> <span class='ocrx_word' id='word_1_697' title='bbox 3441 2640 3544 2682; x_wconf 90' lang='lat' dir='ltr'><strong>nec</strong></span> <span class='ocrx_word' id='word_1_698' title='bbox 3585 2626 3800 2686; x_wconf 83' lang='lat' dir='ltr'><strong>divitias</strong></span> 
     </span>
    </p>
   </div>
   <div class='ocr_carea' id='block_1_86' title="bbox 2207 2716 3799 2787">
    <p class='ocr_par' dir='ltr' id='par_1_86' title="bbox 2207 2716 3799 2787">
     <span class='ocr_line' id='line_1_87' title="bbox 2207 2716 3799 2787; baseline 0 -12"><span class='ocrx_word' id='word_1_699' title='bbox 2207 2731 2328 2775; x_wconf 86' lang='lat' dir='ltr'><strong>esse</strong></span> <span class='ocrx_word' id='word_1_700' title='bbox 2361 2720 2554 2774; x_wconf 89' lang='lat' dir='ltr'><strong>bonum</strong></span> <span class='ocrx_word' id='word_1_701' title='bbox 2578 2727 2598 2785; x_wconf 84' lang='lat'><strong>,</strong></span> <span class='ocrx_word' id='word_1_702' title='bbox 2623 2717 2761 2773; x_wconf 89' lang='lat' dir='ltr'><strong>sicut</strong></span> <span class='ocrx_word' id='word_1_703' title='bbox 2801 2731 2902 2772; x_wconf 89' lang='lat' dir='ltr'><strong>nec</strong></span> <span class='ocrx_word' id='word_1_704' title='bbox 2942 2723 3306 2787; x_wconf 90' lang='lat' dir='ltr'><strong>paupertatem</strong></span> <span class='ocrx_word' id='word_1_705' title='bbox 3334 2716 3572 2784; x_wconf 86' lang='lat' dir='ltr'><strong>malum,</strong></span> <span class='ocrx_word' id='word_1_706' title='bbox 3614 2718 3710 2774; x_wconf 88' lang='lat' dir='ltr'><strong>sed</strong></span> <span class='ocrx_word' id='word_1_707' title='bbox 3737 2735 3799 2775; x_wconf 86' lang='lat' dir='ltr'><strong>ea</strong></span> 
     </span>
    </p>
   </div>
   <div class='ocr_carea' id='block_1_87' title="bbox 2208 2809 3796 2883">
    <p class='ocr_par' dir='ltr' id='par_1_87' title="bbox 2208 2809 3796 2883">
     <span class='ocr_line' id='line_1_88' title="bbox 2208 2809 3796 2883; baseline -0.001 -15"><span class='ocrx_word' id='word_1_708' title='bbox 2208 2826 2329 2868; x_wconf 85' lang='lat' dir='ltr'><strong>esse</strong></span> <span class='ocrx_word' id='word_1_709' title='bbox 2357 2825 2753 2883; x_wconf 85' lang='lat' dir='ltr'><strong>supervacanea</strong></span> <span class='ocrx_word' id='word_1_710' title='bbox 2778 2820 2834 2866; x_wconf 91' lang='lat' dir='ltr'><strong>et</strong></span> <span class='ocrx_word' id='word_1_711' title='bbox 2855 2818 3096 2866; x_wconf 87' lang='lat' dir='ltr'><strong>externa.</strong></span> <span class='ocrx_word' id='word_1_712' title='bbox 3123 2809 3300 2879; x_wconf 88' lang='lat' dir='ltr'><strong>Quare</strong></span> <span class='ocrx_word' id='word_1_713' title='bbox 3325 2809 3459 2866; x_wconf 89' lang='lat' dir='ltr'><strong>nihil</strong></span> <span class='ocrx_word' id='word_1_714' title='bbox 3485 2825 3608 2867; x_wconf 85' lang='lat' dir='ltr'><strong>mea</strong></span> <span class='ocrx_word' id='word_1_715' title='bbox 3627 2810 3796 2868; x_wconf 88' lang='lat' dir='ltr'><strong>refert</strong></span> 
     </span>
    </p>
   </div>
   <div class='ocr_carea' id='block_1_88' title="bbox 2206 2901 3801 2972">
    <p class='ocr_par' dir='ltr' id='par_1_88' title="bbox 2206 2901 3801 2972">
     <span class='ocr_line' id='line_1_89' title="bbox 2206 2901 3801 2972; baseline 0.001 -14"><span class='ocrx_word' id='word_1_716' title='bbox 2206 2918 2274 2958; x_wconf 90' lang='lat' dir='ltr'><strong>an</strong></span> <span class='ocrx_word' id='word_1_717' title='bbox 2301 2902 2402 2958; x_wconf 87' lang='lat' dir='ltr'><strong>hoc</strong></span> <span class='ocrx_word' id='word_1_718' title='bbox 2427 2901 2503 2958; x_wconf 86' lang='lat' dir='ltr'><strong>sis</strong></span> <span class='ocrx_word' id='word_1_719' title='bbox 2525 2942 2542 2968; x_wconf 90' lang='lat'><strong>,</strong></span> <span class='ocrx_word' id='word_1_720' title='bbox 2568 2901 2655 2958; x_wconf 89' lang='lat' dir='ltr'><strong>vel</strong></span> <span class='ocrx_word' id='word_1_721' title='bbox 2693 2901 2824 2956; x_wconf 88' lang='lat' dir='ltr'><strong>illud</strong></span> <span class='ocrx_word' id='word_1_722' title='bbox 2856 2919 2870 2954; x_wconf 90' lang='lat'><strong>:</strong></span> <span class='ocrx_word' id='word_1_723' title='bbox 2899 2916 3073 2972; x_wconf 89' lang='lat' dir='ltr'><strong>neque</strong></span> <span class='ocrx_word' id='word_1_724' title='bbox 3100 2902 3244 2958; x_wconf 89' lang='lat' dir='ltr'><strong>enim</strong></span> <span class='ocrx_word' id='word_1_725' title='bbox 3272 2901 3317 2958; x_wconf 91' lang='lat' dir='ltr'><strong>si</strong></span> <span class='ocrx_word' id='word_1_726' title='bbox 3344 2902 3418 2958; x_wconf 89' lang='lat' dir='ltr'><strong>sis</strong></span> <span class='ocrx_word' id='word_1_727' title='bbox 3445 2901 3616 2972; x_wconf 89' lang='lat' dir='ltr'><strong>dives,</strong></span> <span class='ocrx_word' id='word_1_728' title='bbox 3639 2902 3801 2960; x_wconf 87' lang='lat' dir='ltr'><strong>video</strong></span> 
     </span>
    </p>
   </div>
   <div class='ocr_carea' id='block_1_89' title="bbox 2210 2993 3797 3065">
    <p class='ocr_par' dir='ltr' id='par_1_89' title="bbox 2210 2993 3797 3065">
     <span class='ocr_line' id='line_1_90' title="bbox 2210 2993 3797 3065; baseline -0.001 -13"><span class='ocrx_word' id='word_1_729' title='bbox 2210 2995 2307 3052; x_wconf 89' lang='lat' dir='ltr'><strong>tibi</strong></span> <span class='ocrx_word' id='word_1_730' title='bbox 2335 2993 2536 3064; x_wconf 88' lang='lat' dir='ltr'><strong>aliquid</strong></span> <span class='ocrx_word' id='word_1_731' title='bbox 2577 2994 2870 3060; x_wconf 87' lang='lat' dir='ltr'><strong>accedere;</strong></span> <span class='ocrx_word' id='word_1_732' title='bbox 2896 3007 2997 3049; x_wconf 88' lang='lat' dir='ltr'><strong>nec</strong></span> <span class='ocrx_word' id='word_1_733' title='bbox 3035 2993 3080 3050; x_wconf 87' lang='lat' dir='ltr'><strong>si</strong></span> <span class='ocrx_word' id='word_1_734' title='bbox 3122 2995 3199 3050; x_wconf 89' lang='lat' dir='ltr'><strong>sis</strong></span> <span class='ocrx_word' id='word_1_735' title='bbox 3241 3008 3476 3065; x_wconf 91' lang='lat' dir='ltr'><strong>pauper,</strong></span> <span class='ocrx_word' id='word_1_736' title='bbox 3516 2994 3797 3052; x_wconf 88' lang='lat' dir='ltr'><strong>decedere.</strong></span> 
     </span>
    </p>
   </div>
   <div class='ocr_carea' id='block_1_90' title="bbox 2215 3085 3800 3159">
    <p class='ocr_par' dir='ltr' id='par_1_90' title="bbox 2215 3085 3800 3159">
     <span class='ocr_line' id='line_1_91' title="bbox 2215 3085 3800 3159; baseline 0.001 -17"><span class='ocrx_word' id='word_1_737' title='bbox 2215 3087 2321 3142; x_wconf 89' lang='lat' dir='ltr'><strong>Sed</strong></span> <span class='ocrx_word' id='word_1_738' title='bbox 2345 3087 2482 3142; x_wconf 87' lang='lat' dir='ltr'><strong>forte</strong></span> <span class='ocrx_word' id='word_1_739' title='bbox 2509 3085 2706 3142; x_wconf 89' lang='lat' dir='ltr'><strong>dixerit</strong></span> <span class='ocrx_word' id='word_1_740' title='bbox 2743 3086 2935 3158; x_wconf 86' lang='lat' dir='ltr'><strong>aliquis</strong></span> <span class='ocrx_word' id='word_1_741' title='bbox 2963 3104 2978 3141; x_wconf 88' lang='lat'><strong>:</strong></span> <span class='ocrx_word' id='word_1_742' title='bbox 3009 3086 3076 3142; x_wconf 83' lang='lat' dir='ltr'><strong>Et</strong></span> <span class='ocrx_word' id='word_1_743' title='bbox 3101 3101 3198 3142; x_wconf 90' lang='lat' dir='ltr'><strong>cur</strong></span> <span class='ocrx_word' id='word_1_744' title='bbox 3219 3101 3341 3142; x_wconf 91' lang='lat' dir='ltr'><strong>cum</strong></span> <span class='ocrx_word' id='word_1_745' title='bbox 3366 3085 3527 3142; x_wconf 91' lang='lat' dir='ltr'><strong>homo</strong></span> <span class='ocrx_word' id='word_1_746' title='bbox 3549 3089 3623 3142; x_wconf 88' lang='lat' dir='ltr'><strong>sis</strong></span> <span class='ocrx_word' id='word_1_747' title='bbox 3651 3087 3800 3159; x_wconf 82' lang='lat' dir='ltr'><strong>ejus-</strong></span> 
     </span>
    </p>
   </div>
   <div class='ocr_carea' id='block_1_91' title="bbox 2205 3178 3801 3252">
    <p class='ocr_par' dir='ltr' id='par_1_91' title="bbox 2205 3178 3801 3252">
     <span class='ocr_line' id='line_1_92' title="bbox 2205 3178 3801 3252; baseline 0.001 -18"><span class='ocrx_word' id='word_1_748' title='bbox 2205 3179 2434 3252; x_wconf 85' lang='lat' dir='ltr'><strong>demque</strong></span> <span class='ocrx_word' id='word_1_749' title='bbox 2475 3188 2679 3234; x_wconf 79' lang='lat' dir='ltr'><strong>uatura:</strong></span> <span class='ocrx_word' id='word_1_750' title='bbox 2721 3179 2991 3250; x_wconf 87' lang='lat' dir='ltr'><strong>particeps</strong></span> <span class='ocrx_word' id='word_1_751' title='bbox 3013 3219 3030 3246; x_wconf 94' lang='lat'><strong>,</strong></span> <span class='ocrx_word' id='word_1_752' title='bbox 3078 3178 3305 3249; x_wconf 88' lang='lat' dir='ltr'><strong>teipsum</strong></span> <span class='ocrx_word' id='word_1_753' title='bbox 3345 3179 3477 3235; x_wconf 90' lang='lat' dir='ltr'><strong>tanti</strong></span> <span class='ocrx_word' id='word_1_754' title='bbox 3525 3178 3653 3237; x_wconf 81' lang='lat' dir='ltr'><strong>facis</strong></span> <span class='ocrx_word' id='word_1_755' title='bbox 3673 3219 3691 3247; x_wconf 91' lang='lat'><strong>,</strong></span> <span class='ocrx_word' id='word_1_756' title='bbox 3739 3191 3801 3236; x_wconf 81' lang='lat' dir='ltr'><strong>ut</strong></span> 
     </span>
    </p>
   </div>
   <div class='ocr_carea' id='block_1_92' title="bbox 2207 3269 3801 3343">
    <p class='ocr_par' dir='ltr' id='par_1_92' title="bbox 2207 3269 3801 3343">
     <span class='ocr_line' id='line_1_93' title="bbox 2207 3269 3801 3343; baseline 0.001 -17"><span class='ocrx_word' id='word_1_757' title='bbox 2207 3281 2362 3342; x_wconf 85' lang='lat' dir='ltr'><strong>putes</strong></span> <span class='ocrx_word' id='word_1_758' title='bbox 2391 3280 2444 3327; x_wconf 89' lang='lat' dir='ltr'><strong>te</strong></span> <span class='ocrx_word' id='word_1_759' title='bbox 2470 3285 2592 3328; x_wconf 88' lang='lat' dir='ltr'><strong>esse</strong></span> <span class='ocrx_word' id='word_1_760' title='bbox 2617 3269 2869 3328; x_wconf 89' lang='lat' dir='ltr'><strong>idoneum</strong></span> <span class='ocrx_word' id='word_1_761' title='bbox 2891 3270 3040 3327; x_wconf 88' lang='lat' dir='ltr'><strong>orbis</strong></span> <span class='ocrx_word' id='word_1_762' title='bbox 3079 3278 3340 3327; x_wconf 89' lang='lat' dir='ltr'><strong>terrarum</strong></span> <span class='ocrx_word' id='word_1_763' title='bbox 3367 3271 3679 3343; x_wconf 87' lang='lat' dir='ltr'><strong>magistrum</strong></span> <span class='ocrx_word' id='word_1_764' title='bbox 3701 3313 3716 3339; x_wconf 88' lang='lat'><strong>,</strong></span> <span class='ocrx_word' id='word_1_765' title='bbox 3743 3282 3801 3329; x_wconf 86' lang='lat' dir='ltr'><strong>et</strong></span> 
     </span>
    </p>
   </div>
   <div class='ocr_carea' id='block_1_93' title="bbox 2206 3361 3798 3436">
    <p class='ocr_par' dir='ltr' id='par_1_93' title="bbox 2206 3361 3798 3436">
     <span class='ocr_line' id='line_1_94' title="bbox 2206 3361 3798 3436; baseline 0.001 -16"><span class='ocrx_word' id='word_1_766' title='bbox 2206 3379 2300 3420; x_wconf 88' lang='lat' dir='ltr'><strong>eos</strong></span> <span class='ocrx_word' id='word_1_767' title='bbox 2318 3364 2408 3433; x_wconf 88' lang='lat' dir='ltr'><strong>qui</strong></span> <span class='ocrx_word' id='word_1_768' title='bbox 2433 3371 2558 3420; x_wconf 86' lang='lat' dir='ltr'><strong>sunt</strong></span> <span class='ocrx_word' id='word_1_769' title='bbox 2582 3363 2634 3418; x_wconf 91' lang='lat' dir='ltr'><strong>in</strong></span> <span class='ocrx_word' id='word_1_770' title='bbox 2661 3364 2918 3418; x_wconf 86' lang='lat' dir='ltr'><strong>extremis</strong></span> <span class='ocrx_word' id='word_1_771' title='bbox 2949 3361 3144 3419; x_wconf 85' lang='lat' dir='ltr'><strong>ﬁnibus</strong></span> <span class='ocrx_word' id='word_1_772' title='bbox 3169 3363 3316 3419; x_wconf 89' lang='lat' dir='ltr'><strong>orbis</strong></span> <span class='ocrx_word' id='word_1_773' title='bbox 3337 3378 3604 3420; x_wconf 89' lang='lat' dir='ltr'><strong>convoces</strong></span> <span class='ocrx_word' id='word_1_774' title='bbox 3623 3365 3647 3420; x_wconf 65' lang='grc' dir='ltr'><em>ἲ</em></span> <span class='ocrx_word' id='word_1_775' title='bbox 3667 3365 3798 3436; x_wconf 85' lang='lat' dir='ltr'><strong>quid</strong></span> 
     </span>
    </p>
   </div>
   <div class='ocr_carea' id='block_1_94' title="bbox 2208 3454 3794 3528">
    <p class='ocr_par' dir='ltr' id='par_1_94' title="bbox 2208 3454 3794 3528">
     <span class='ocr_line' id='line_1_95' title="bbox 2208 3454 3794 3528; baseline 0.001 -16"><span class='ocrx_word' id='word_1_776' title='bbox 2208 3466 2362 3528; x_wconf 84' lang='lat' dir='ltr'><strong>potes</strong></span> <span class='ocrx_word' id='word_1_777' title='bbox 2388 3456 2569 3512; x_wconf 90' lang='lat' dir='ltr'><strong>dicere</strong></span> <span class='ocrx_word' id='word_1_778' title='bbox 2599 3455 2740 3527; x_wconf 89' lang='lat' dir='ltr'><strong>quod</strong></span> <span class='ocrx_word' id='word_1_779' title='bbox 2761 3455 2833 3511; x_wconf 87' lang='lat' dir='ltr'><strong>sit</strong></span> <span class='ocrx_word' id='word_1_780' title='bbox 2851 3464 2999 3525; x_wconf 78' lang='lat' dir='ltr'><strong>tanto</strong></span> <span class='ocrx_word' id='word_1_781' title='bbox 3022 3454 3240 3527; x_wconf 90' lang='lat' dir='ltr'><strong>dignum</strong></span> <span class='ocrx_word' id='word_1_782' title='bbox 3268 3456 3522 3513; x_wconf 86' lang='lat' dir='ltr'><strong>theatro?</strong></span> <span class='ocrx_word' id='word_1_783' title='bbox 3545 3457 3794 3526; x_wconf 83' lang='lat' dir='ltr'><strong>Possum,</strong></span> 
     </span>
    </p>
   </div>
   <div class='ocr_carea' id='block_1_95' title="bbox 2206 3547 3794 3620">
    <p class='ocr_par' dir='ltr' id='par_1_95' title="bbox 2206 3547 3794 3620">
     <span class='ocr_line' id='line_1_96' title="bbox 2206 3547 3794 3620; baseline -0.001 -15"><span class='ocrx_word' id='word_1_784' title='bbox 2206 3550 2397 3620; x_wconf 84' lang='lat' dir='ltr'><strong>inquit.</strong></span> <span class='ocrx_word' id='word_1_785' title='bbox 2444 3549 2732 3617; x_wconf 83' lang='lat' dir='ltr'><strong>Postquam</strong></span> <span class='ocrx_word' id='word_1_786' title='bbox 2758 3547 2901 3602; x_wconf 91' lang='lat' dir='ltr'><strong>enim</strong></span> <span class='ocrx_word' id='word_1_787' title='bbox 2939 3549 3157 3609; x_wconf 60' lang='lat' dir='ltr'><strong>vocavit.</strong></span> <span class='ocrx_word' id='word_1_788' title='bbox 3177 3549 3366 3604; x_wconf 88' lang='lat' dir='ltr'><strong>orbem</strong></span> <span class='ocrx_word' id='word_1_789' title='bbox 3396 3556 3587 3618; x_wconf 63' lang='lat' dir='ltr'><strong>terra,</strong></span> <span class='ocrx_word' id='word_1_790' title='bbox 3615 3547 3794 3606; x_wconf 87' lang='lat' dir='ltr'><strong>credi-</strong></span> 
     </span>
    </p>
   </div>
   <div class='ocr_carea' id='block_1_96' title="bbox 2206 3637 3793 3711">
    <p class='ocr_par' dir='ltr' id='par_1_96' title="bbox 2206 3637 3793 3711">
     <span class='ocr_line' id='line_1_97' title="bbox 2206 3637 3793 3711; baseline -0.001 -13"><span class='ocrx_word' id='word_1_791' title='bbox 2206 3642 2367 3698; x_wconf 91' lang='lat' dir='ltr'><strong>bilem</strong></span> <span class='ocrx_word' id='word_1_792' title='bbox 2411 3654 2473 3696; x_wconf 89' lang='lat' dir='ltr'><strong>ac</strong></span> <span class='ocrx_word' id='word_1_793' title='bbox 2513 3639 2620 3694; x_wconf 85' lang='lat' dir='ltr'><strong>ﬁde</strong></span> <span class='ocrx_word' id='word_1_794' title='bbox 2647 3637 2858 3710; x_wconf 81' lang='lat' dir='ltr'><strong>dignam</strong></span> <span class='ocrx_word' id='word_1_795' title='bbox 2889 3637 3120 3694; x_wconf 91' lang='lat' dir='ltr'><strong>reddens</strong></span> <span class='ocrx_word' id='word_1_796' title='bbox 3148 3639 3443 3704; x_wconf 78' lang='lat' dir='ltr'><strong>orationem</strong></span> <span class='ocrx_word' id='word_1_797' title='bbox 3468 3680 3483 3706; x_wconf 90' lang='lat'><strong>,</strong></span> <span class='ocrx_word' id='word_1_798' title='bbox 3514 3639 3636 3695; x_wconf 90' lang='lat' dir='ltr'><strong>audi</strong></span> <span class='ocrx_word' id='word_1_799' title='bbox 3665 3640 3793 3711; x_wconf 89' lang='lat' dir='ltr'><strong>quid</strong></span> 
     </span>
    </p>
   </div>
   <div class='ocr_carea' id='block_1_97' title="bbox 2203 3729 3794 3804">
    <p class='ocr_par' dir='ltr' id='par_1_97' title="bbox 2203 3729 3794 3804">
     <span class='ocr_line' id='line_1_98' title="bbox 2203 3729 3794 3804; baseline -0.001 -14"><span class='ocrx_word' id='word_1_800' title='bbox 2203 3734 2385 3790; x_wconf 88' lang='lat' dir='ltr'><strong>dicat:</strong></span> <span class='ocrx_word' id='word_1_801' title='bbox 2413 3743 2468 3789; x_wconf 76' lang='lat' dir='ltr'><strong>s.</strong></span> <span class='ocrx_word' id='word_1_802' title='bbox 2520 3731 2592 3787; x_wconf 85' lang='lat' dir='ltr'><strong>0s</strong></span> <span class='ocrx_word' id='word_1_803' title='bbox 2612 3747 2778 3786; x_wconf 77' lang='lat' dir='ltr'><strong>meum</strong></span> <span class='ocrx_word' id='word_1_804' title='bbox 2821 3729 3050 3804; x_wconf 85' lang='lat' dir='ltr'><strong>loquetur</strong></span> <span class='ocrx_word' id='word_1_805' title='bbox 3091 3733 3431 3802; x_wconf 86' lang='lat' dir='ltr'><strong>sapientiam,</strong></span> <span class='ocrx_word' id='word_1_806' title='bbox 3461 3743 3508 3787; x_wconf 85' lang='lat' dir='ltr'><strong>et</strong></span> <span class='ocrx_word' id='word_1_807' title='bbox 3536 3731 3794 3788; x_wconf 82' lang='lat' dir='ltr'><strong>meditatio</strong></span> 
     </span>
    </p>
   </div>
   <div class='ocr_carea' id='block_1_98' title="bbox 2201 3821 3781 3895">
    <p class='ocr_par' dir='ltr' id='par_1_98' title="bbox 2201 3821 3781 3895">
     <span class='ocr_line' id='line_1_99' title="bbox 2201 3821 3781 3895; baseline -0.001 -15"><span class='ocrx_word' id='word_1_808' title='bbox 2201 3825 2368 3880; x_wconf 84' lang='lat' dir='ltr'><strong>cordis</strong></span> <span class='ocrx_word' id='word_1_809' title='bbox 2397 3823 2493 3878; x_wconf 89' lang='lat' dir='ltr'><strong>mei</strong></span> <span class='ocrx_word' id='word_1_810' title='bbox 2517 3822 2854 3895; x_wconf 84' lang='lat' dir='ltr'><strong>prudentiam.</strong></span> <span class='ocrx_word' id='word_1_811' title='bbox 2885 3821 3036 3878; x_wconf 81' lang='lat' dir='ltr'><strong>Alius</strong></span> <span class='ocrx_word' id='word_1_812' title='bbox 3057 3862 3074 3890; x_wconf 92' lang='lat'><strong>,</strong></span> <span class='ocrx_word' id='word_1_813' title='bbox 3101 3821 3168 3876; x_wconf 75' lang='lat' dir='ltr'><strong>Et</strong></span> <span class='ocrx_word' id='word_1_814' title='bbox 3191 3822 3475 3878; x_wconf 82' lang='lat' dir='ltr'><strong>cantillabit</strong></span> <span class='ocrx_word' id='word_1_815' title='bbox 3502 3838 3589 3878; x_wconf 76' lang='lat' dir='ltr'><strong>cor</strong></span> <span class='ocrx_word' id='word_1_816' title='bbox 3612 3838 3781 3878; x_wconf 79' lang='lat' dir='ltr'><strong>meum</strong></span> 
     </span>
    </p>
   </div>
   <div class='ocr_carea' id='block_1_99' title="bbox 2203 3916 3794 3992">
    <p class='ocr_par' dir='ltr' id='par_1_99' title="bbox 2203 3916 3794 3992">
     <span class='ocr_line' id='line_1_100' title="bbox 2203 3916 3794 3992; baseline 0.001 -18"><span class='ocrx_word' id='word_1_817' title='bbox 2203 3919 2544 3992; x_wconf 79' lang='lat' dir='ltr'><strong>prudentiam.</strong></span> <span class='ocrx_word' id='word_1_818' title='bbox 2576 3917 2832 3974; x_wconf 63' lang='lat' dir='ltr'><strong>Hebraeus</strong></span> <span class='ocrx_word' id='word_1_819' title='bbox 2856 3927 3035 3973; x_wconf 88' lang='lat' dir='ltr'><strong>autem</strong></span> <span class='ocrx_word' id='word_1_820' title='bbox 3065 3917 3166 3973; x_wconf 86' lang='lat' dir='ltr'><strong>hoc</strong></span> <span class='ocrx_word' id='word_1_821' title='bbox 3201 3917 3335 3974; x_wconf 92' lang='lat' dir='ltr'><strong>dixit</strong></span> <span class='ocrx_word' id='word_1_822' title='bbox 3363 3916 3598 3988; x_wconf 76' lang='lat' dir='ltr'><strong>Ovagith.</strong></span> <span class='ocrx_word' id='word_1_823' title='bbox 3630 3917 3794 3976; x_wconf 83' lang='lat' dir='ltr'><strong>Vides</strong></span> 
     </span>
    </p>
   </div>
   <div class='ocr_carea' id='block_1_100' title="bbox 2201 4007 3792 4082">
    <p class='ocr_par' dir='ltr' id='par_1_100' title="bbox 2201 4007 3792 4082">
     <span class='ocr_line' id='line_1_101' title="bbox 2201 4007 3792 4082; baseline 0 -16"><span class='ocrx_word' id='word_1_824' title='bbox 2201 4008 2472 4082; x_wconf 90' lang='lat' dir='ltr'><strong>quomodo</strong></span> <span class='ocrx_word' id='word_1_825' title='bbox 2513 4008 2692 4066; x_wconf 87' lang='lat' dir='ltr'><strong>statim</strong></span> <span class='ocrx_word' id='word_1_826' title='bbox 2732 4009 2918 4065; x_wconf 89' lang='lat' dir='ltr'><strong>extulit</strong></span> <span class='ocrx_word' id='word_1_827' title='bbox 2943 4009 3260 4065; x_wconf 89' lang='lat' dir='ltr'><strong>orationem.</strong></span> <span class='ocrx_word' id='word_1_828' title='bbox 3307 4007 3427 4064; x_wconf 89' lang='lat' dir='ltr'><strong>Non</strong></span> <span class='ocrx_word' id='word_1_829' title='bbox 3459 4009 3670 4077; x_wconf 88' lang='lat' dir='ltr'><strong>dicam,</strong></span> <span class='ocrx_word' id='word_1_830' title='bbox 3701 4010 3792 4067; x_wconf 90' lang='lat' dir='ltr'><strong>in-</strong></span> 
     </span>
    </p>
   </div>
   <div class='ocr_carea' id='block_1_101' title="bbox 2200 4099 3790 4174">
    <p class='ocr_par' dir='ltr' id='par_1_101' title="bbox 2200 4099 3790 4174">
     <span class='ocr_line' id='line_1_102' title="bbox 2200 4099 3790 4174; baseline 0.002 -17"><span class='ocrx_word' id='word_1_831' title='bbox 2200 4102 2335 4174; x_wconf 89' lang='lat' dir='ltr'><strong>quit,</strong></span> <span class='ocrx_word' id='word_1_832' title='bbox 2363 4101 2432 4158; x_wconf 89' lang='lat' dir='ltr'><strong>de</strong></span> <span class='ocrx_word' id='word_1_833' title='bbox 2452 4101 2712 4174; x_wconf 88' lang='lat' dir='ltr'><strong>pecuniis,</strong></span> <span class='ocrx_word' id='word_1_834' title='bbox 2741 4115 2848 4158; x_wconf 92' lang='lat' dir='ltr'><strong>non</strong></span> <span class='ocrx_word' id='word_1_835' title='bbox 2876 4101 2944 4157; x_wconf 88' lang='lat' dir='ltr'><strong>de</strong></span> <span class='ocrx_word' id='word_1_836' title='bbox 2971 4099 3331 4170; x_wconf 90' lang='lat' dir='ltr'><strong>dignitatibus,</strong></span> <span class='ocrx_word' id='word_1_837' title='bbox 3363 4115 3470 4156; x_wconf 89' lang='lat' dir='ltr'><strong>non</strong></span> <span class='ocrx_word' id='word_1_838' title='bbox 3496 4100 3567 4158; x_wconf 89' lang='lat' dir='ltr'><strong>de</strong></span> <span class='ocrx_word' id='word_1_839' title='bbox 3593 4110 3790 4174; x_wconf 80' lang='lat' dir='ltr'><strong>poten-</strong></span> 
     </span>
    </p>
   </div>
   <div class='ocr_carea' id='block_1_102' title="bbox 2199 4191 3788 4265">
    <p class='ocr_par' dir='ltr' id='par_1_102' title="bbox 2199 4191 3788 4265">
     <span class='ocr_line' id='line_1_103' title="bbox 2199 4191 3788 4265; baseline 0.001 -13"><span class='ocrx_word' id='word_1_840' title='bbox 2199 4198 2270 4252; x_wconf 88' lang='lat' dir='ltr'><strong>tia</strong></span> <span class='ocrx_word' id='word_1_841' title='bbox 2291 4236 2307 4264; x_wconf 94' lang='lat'><strong>,</strong></span> <span class='ocrx_word' id='word_1_842' title='bbox 2337 4211 2443 4252; x_wconf 91' lang='lat' dir='ltr'><strong>non</strong></span> <span class='ocrx_word' id='word_1_843' title='bbox 2483 4191 2554 4251; x_wconf 90' lang='lat' dir='ltr'><strong>de</strong></span> <span class='ocrx_word' id='word_1_844' title='bbox 2590 4195 2788 4251; x_wconf 88' lang='lat' dir='ltr'><strong>robore</strong></span> <span class='ocrx_word' id='word_1_845' title='bbox 2824 4194 3100 4265; x_wconf 89' lang='lat' dir='ltr'><strong>corporis,</strong></span> <span class='ocrx_word' id='word_1_846' title='bbox 3127 4208 3232 4249; x_wconf 89' lang='lat' dir='ltr'><strong>non</strong></span> <span class='ocrx_word' id='word_1_847' title='bbox 3269 4193 3340 4249; x_wconf 90' lang='lat' dir='ltr'><strong>de</strong></span> <span class='ocrx_word' id='word_1_848' title='bbox 3377 4193 3554 4264; x_wconf 87' lang='lat' dir='ltr'><strong>aliqua</strong></span> <span class='ocrx_word' id='word_1_849' title='bbox 3583 4196 3685 4253; x_wconf 90' lang='lat' dir='ltr'><strong>alia</strong></span> <span class='ocrx_word' id='word_1_850' title='bbox 3727 4211 3788 4254; x_wconf 82' lang='lat' dir='ltr'><strong>re</strong></span> 
     </span>
    </p>
   </div>
   <div class='ocr_carea' id='block_1_103' title="bbox 2197 4284 3786 4360">
    <p class='ocr_par' dir='ltr' id='par_1_103' title="bbox 2197 4284 3786 4360">
     <span class='ocr_line' id='line_1_104' title="bbox 2197 4284 3786 4360; baseline 0.003 -17"><span class='ocrx_word' id='word_1_851' title='bbox 2197 4287 2340 4344; x_wconf 81' lang='lat' dir='ltr'><strong>ﬂuxa</strong></span> <span class='ocrx_word' id='word_1_852' title='bbox 2374 4306 2388 4344; x_wconf 90' lang='lat'><strong>:</strong></span> <span class='ocrx_word' id='word_1_853' title='bbox 2421 4289 2489 4345; x_wconf 91' lang='lat' dir='ltr'><strong>de</strong></span> <span class='ocrx_word' id='word_1_854' title='bbox 2517 4288 2776 4360; x_wconf 84' lang='lat' dir='ltr'><strong>sapientia</strong></span> <span class='ocrx_word' id='word_1_855' title='bbox 2825 4301 2943 4343; x_wconf 90' lang='lat' dir='ltr'><strong>sum</strong></span> <span class='ocrx_word' id='word_1_856' title='bbox 2982 4294 3172 4342; x_wconf 84' lang='lat' dir='ltr'><strong>exacto</strong></span> <span class='ocrx_word' id='word_1_857' title='bbox 3211 4284 3468 4353; x_wconf 89' lang='lat' dir='ltr'><strong>dicturus,</strong></span> <span class='ocrx_word' id='word_1_858' title='bbox 3513 4303 3636 4359; x_wconf 71' lang='lat' dir='ltr'><strong>quae</strong></span> <span class='ocrx_word' id='word_1_859' title='bbox 3678 4305 3786 4348; x_wconf 87' lang='lat' dir='ltr'><strong>non</strong></span> 
     </span>
    </p>
   </div>
   <div class='ocr_carea' id='block_1_104' title="bbox 2198 4377 3786 4450">
    <p class='ocr_par' dir='ltr' id='par_1_104' title="bbox 2198 4377 3786 4450">
     <span class='ocr_line' id='line_1_105' title="bbox 2198 4377 3786 4450; baseline 0.001 -14"><span class='ocrx_word' id='word_1_860' title='bbox 2198 4391 2398 4439; x_wconf 90' lang='lat' dir='ltr'><strong>temere</strong></span> <span class='ocrx_word' id='word_1_861' title='bbox 2443 4383 2576 4438; x_wconf 87' lang='lat' dir='ltr'><strong>mihi</strong></span> <span class='ocrx_word' id='word_1_862' title='bbox 2622 4379 2848 4438; x_wconf 88' lang='lat' dir='ltr'><strong>accessit</strong></span> <span class='ocrx_word' id='word_1_863' title='bbox 2888 4395 2954 4436; x_wconf 88' lang='lat' dir='ltr'><strong>ex</strong></span> <span class='ocrx_word' id='word_1_864' title='bbox 2999 4388 3262 4450; x_wconf 89' lang='lat' dir='ltr'><strong>tempore.</strong></span> <span class='ocrx_word' id='word_1_865' title='bbox 3307 4379 3363 4436; x_wconf 87' lang='lat'><strong>5.</strong></span> <span class='ocrx_word' id='word_1_866' title='bbox 3418 4377 3688 4438; x_wconf 74' lang='lat' dir='ltr'><strong>Inclinatio</strong></span> <span class='ocrx_word' id='word_1_867' title='bbox 3731 4385 3786 4438; x_wconf 82' lang='lat' dir='ltr'><strong>in</strong></span> 
     </span>
    </p>
   </div>
   <div class='ocr_carea' id='block_1_105' title="bbox 2197 4470 3783 4546">
    <p class='ocr_par' dir='ltr' id='par_1_105' title="bbox 2197 4470 3783 4546">
     <span class='ocr_line' id='line_1_106' title="bbox 2197 4470 3783 4546; baseline 0.003 -18"><span class='ocrx_word' id='word_1_868' title='bbox 2197 4475 2490 4545; x_wconf 84' lang='lat' dir='ltr'><strong>parabolam</strong></span> <span class='ocrx_word' id='word_1_869' title='bbox 2528 4489 2700 4529; x_wconf 77' lang='lat' dir='ltr'><strong>aurem</strong></span> <span class='ocrx_word' id='word_1_870' title='bbox 2741 4487 2924 4528; x_wconf 80' lang='lat' dir='ltr'><strong>meam.</strong></span> <span class='ocrx_word' id='word_1_871' title='bbox 2966 4471 3117 4528; x_wconf 80' lang='lat' dir='ltr'><strong>Alius</strong></span> <span class='ocrx_word' id='word_1_872' title='bbox 3140 4512 3157 4539; x_wconf 98' lang='lat'><strong>,</strong></span> <span class='ocrx_word' id='word_1_873' title='bbox 3210 4470 3478 4529; x_wconf 79' lang='lat' dir='ltr'><strong>Inclinabo</strong></span> <span class='ocrx_word' id='word_1_874' title='bbox 3523 4475 3783 4546; x_wconf 69' lang='lat' dir='ltr'><strong>parabolas</strong></span> 
     </span>
    </p>
   </div>
   <div class='ocr_carea' id='block_1_106' title="bbox 2194 4561 3783 4636">
    <p class='ocr_par' dir='ltr' id='par_1_106' title="bbox 2194 4561 3783 4636">
     <span class='ocr_line' id='line_1_107' title="bbox 2194 4561 3783 4636; baseline 0.001 -16"><span class='ocrx_word' id='word_1_875' title='bbox 2194 4581 2369 4621; x_wconf 85' lang='lat' dir='ltr'><strong>aurem</strong></span> <span class='ocrx_word' id='word_1_876' title='bbox 2407 4581 2592 4620; x_wconf 84' lang='lat' dir='ltr'><strong>meatu.</strong></span> <span class='ocrx_word' id='word_1_877' title='bbox 2645 4564 2899 4621; x_wconf 58' lang='lat' dir='ltr'><strong>Hebraeus</strong></span> <span class='ocrx_word' id='word_1_878' title='bbox 2945 4561 3078 4619; x_wconf 90' lang='lat' dir='ltr'><strong>dicit</strong></span> <span class='ocrx_word' id='word_1_879' title='bbox 3098 4603 3115 4630; x_wconf 95' lang='lat'><strong>,</strong></span> <span class='ocrx_word' id='word_1_880' title='bbox 3160 4562 3402 4621; x_wconf 83' lang='lat' dir='ltr'><strong>Lamasal</strong></span> <span class='ocrx_word' id='word_1_881' title='bbox 3447 4565 3685 4636; x_wconf 77' lang='lat' dir='ltr'><strong>Aperiunt</strong></span> <span class='ocrx_word' id='word_1_882' title='bbox 3727 4567 3783 4622; x_wconf 86' lang='lat' dir='ltr'><strong>in</strong></span> 
     </span>
    </p>
   </div>
   <div class='ocr_carea' id='block_1_107' title="bbox 2195 4655 3781 4731">
    <p class='ocr_par' dir='ltr' id='par_1_107' title="bbox 2195 4655 3781 4731">
     <span class='ocr_line' id='line_1_108' title="bbox 2195 4655 3781 4731; baseline 0.001 -19"><span class='ocrx_word' id='word_1_883' title='bbox 2195 4657 2433 4731; x_wconf 81' lang='lat' dir='ltr'><strong>psalterio</strong></span> <span class='ocrx_word' id='word_1_884' title='bbox 2461 4657 2715 4730; x_wconf 76' lang='lat' dir='ltr'><strong>problems</strong></span> <span class='ocrx_word' id='word_1_885' title='bbox 2752 4671 2937 4710; x_wconf 84' lang='lat' dir='ltr'><strong>meum.</strong></span> <span class='ocrx_word' id='word_1_886' title='bbox 2968 4657 3138 4724; x_wconf 85' lang='lat' dir='ltr'><strong>Alius,</strong></span> <span class='ocrx_word' id='word_1_887' title='bbox 3173 4655 3424 4729; x_wconf 63' lang='lat' dir='ltr'><strong>Enigma</strong></span> <span class='ocrx_word' id='word_1_888' title='bbox 3461 4674 3645 4714; x_wconf 74' lang='lat' dir='ltr'><strong>meum.</strong></span> <span class='ocrx_word' id='word_1_889' title='bbox 3666 4656 3781 4714; x_wconf 84' lang='lat' dir='ltr'><strong>He-</strong></span> 
     </span>
    </p>
   </div>
   <div class='ocr_carea' id='block_1_108' title="bbox 2193 4747 3776 4820">
    <p class='ocr_par' dir='ltr' id='par_1_108' title="bbox 2193 4747 3776 4820">
     <span class='ocr_line' id='line_1_109' title="bbox 2193 4747 3776 4820; baseline 0.001 -14"><span class='ocrx_word' id='word_1_890' title='bbox 2193 4751 2370 4806; x_wconf 65' lang='lat' dir='ltr'><strong>braeus</strong></span> <span class='ocrx_word' id='word_1_891' title='bbox 2411 4759 2588 4806; x_wconf 90' lang='lat' dir='ltr'><strong>autem</strong></span> <span class='ocrx_word' id='word_1_892' title='bbox 2613 4790 2630 4817; x_wconf 91' lang='lat'><strong>,</strong></span> <span class='ocrx_word' id='word_1_893' title='bbox 2659 4748 2856 4804; x_wconf 84' lang='lat' dir='ltr'><strong>Idathi.</strong></span> <span class='ocrx_word' id='word_1_894' title='bbox 2903 4749 2972 4805; x_wconf 81' lang='lat' dir='ltr'><strong>Et</strong></span> <span class='ocrx_word' id='word_1_895' title='bbox 2994 4747 3264 4819; x_wconf 89' lang='lat' dir='ltr'><strong>quomodo</strong></span> <span class='ocrx_word' id='word_1_896' title='bbox 3305 4757 3433 4806; x_wconf 90' lang='lat' dir='ltr'><strong>sunt</strong></span> <span class='ocrx_word' id='word_1_897' title='bbox 3470 4749 3584 4806; x_wconf 78' lang='lat' dir='ltr'><strong>htec</strong></span> <span class='ocrx_word' id='word_1_898' title='bbox 3615 4765 3776 4820; x_wconf 82' lang='lat' dir='ltr'><strong>supra</strong></span> 
     </span>
    </p>
   </div>
   <div class='ocr_carea' id='block_1_109' title="bbox 2195 4839 3780 4913">
    <p class='ocr_par' dir='ltr' id='par_1_109' title="bbox 2195 4839 3780 4913">
     <span class='ocr_line' id='line_1_110' title="bbox 2195 4839 3780 4913; baseline 0.001 -17"><span class='ocrx_word' id='word_1_899' title='bbox 2195 4841 2352 4897; x_wconf 89' lang='lat' dir='ltr'><strong>dictis</strong></span> <span class='ocrx_word' id='word_1_900' title='bbox 2387 4841 2766 4913; x_wconf 83' lang='lat' dir='ltr'><strong>consequentia</strong></span> <span class='ocrx_word' id='word_1_901' title='bbox 2787 4841 2812 4896; x_wconf 77' lang='grc' dir='ltr'>τ</span> <span class='ocrx_word' id='word_1_902' title='bbox 2837 4841 2942 4897; x_wconf 88' lang='lat' dir='ltr'><strong>Pro</strong></span> <span class='ocrx_word' id='word_1_903' title='bbox 2981 4839 3207 4898; x_wconf 88' lang='lat' dir='ltr'><strong>doctore</strong></span> <span class='ocrx_word' id='word_1_904' title='bbox 3241 4840 3386 4896; x_wconf 88' lang='lat' dir='ltr'><strong>enim</strong></span> <span class='ocrx_word' id='word_1_905' title='bbox 3436 4855 3580 4897; x_wconf 90' lang='lat' dir='ltr'><strong>nunc</strong></span> <span class='ocrx_word' id='word_1_906' title='bbox 3620 4840 3780 4897; x_wconf 84' lang='lat' dir='ltr'><strong>video</strong></span> 
     </span>
    </p>
   </div>
   <div class='ocr_carea' id='block_1_110' title="bbox 2191 4931 3778 5004">
    <p class='ocr_par' dir='ltr' id='par_1_110' title="bbox 2191 4931 3778 5004">
     <span class='ocr_line' id='line_1_111' title="bbox 2191 4931 3778 5004; baseline 0.001 -16"><span class='ocrx_word' id='word_1_907' title='bbox 2191 4933 2514 4989; x_wconf 89' lang='lat' dir='ltr'><strong>auditorem.</strong></span> <span class='ocrx_word' id='word_1_908' title='bbox 2557 4933 2667 4989; x_wconf 87' lang='lat' dir='ltr'><strong>Nos</strong></span> <span class='ocrx_word' id='word_1_909' title='bbox 2693 4934 2836 4989; x_wconf 88' lang='lat' dir='ltr'><strong>enim</strong></span> <span class='ocrx_word' id='word_1_910' title='bbox 2863 4933 3064 4989; x_wconf 89' lang='lat' dir='ltr'><strong>vocasti</strong></span> <span class='ocrx_word' id='word_1_911' title='bbox 3102 4941 3373 5004; x_wconf 84' lang='lat' dir='ltr'><strong>tamquam</strong></span> <span class='ocrx_word' id='word_1_912' title='bbox 3411 4931 3610 5004; x_wconf 85' lang='lat' dir='ltr'><strong>aliquid</strong></span> <span class='ocrx_word' id='word_1_913' title='bbox 3648 4931 3778 4990; x_wconf 84' lang='lat' dir='ltr'><strong>boui</strong></span> 
     </span>
    </p>
   </div>
   <div class='ocr_carea' id='block_1_111' title="bbox 2191 5022 3778 5094">
    <p class='ocr_par' dir='ltr' id='par_1_111' title="bbox 2191 5022 3778 5094">
     <span class='ocr_line' id='line_1_112' title="bbox 2191 5022 3778 5094; baseline 0.001 -14"><span class='ocrx_word' id='word_1_914' title='bbox 2191 5033 2248 5082; x_wconf 88' lang='lat' dir='ltr'><strong>et</strong></span> <span class='ocrx_word' id='word_1_915' title='bbox 2272 5025 2418 5080; x_wconf 88' lang='lat' dir='ltr'><strong>utilis</strong></span> <span class='ocrx_word' id='word_1_916' title='bbox 2445 5023 2754 5090; x_wconf 89' lang='lat' dir='ltr'><strong>audituros;</strong></span> <span class='ocrx_word' id='word_1_917' title='bbox 2782 5031 3060 5094; x_wconf 86' lang='lat' dir='ltr'><strong>postquam</strong></span> <span class='ocrx_word' id='word_1_918' title='bbox 3085 5033 3262 5080; x_wconf 90' lang='lat' dir='ltr'><strong>autem</strong></span> <span class='ocrx_word' id='word_1_919' title='bbox 3290 5039 3476 5081; x_wconf 91' lang='lat' dir='ltr'><strong>omnes</strong></span> <span class='ocrx_word' id='word_1_920' title='bbox 3503 5022 3698 5080; x_wconf 88' lang='lat' dir='ltr'><strong>adsunt</strong></span> <span class='ocrx_word' id='word_1_921' title='bbox 3720 5034 3778 5081; x_wconf 91' lang='lat' dir='ltr'><strong>et</strong></span> 
     </span>
    </p>
   </div>
   <div class='ocr_carea' id='block_1_112' title="bbox 2191 5113 3772 5186">
    <p class='ocr_par' dir='ltr' id='par_1_112' title="bbox 2191 5113 3772 5186">
     <span class='ocr_line' id='line_1_113' title="bbox 2191 5113 3772 5186; baseline 0 -14"><span class='ocrx_word' id='word_1_922' title='bbox 2191 5123 2580 5186; x_wconf 87' lang='lat' dir='ltr'><strong>convenerunt,</strong></span> <span class='ocrx_word' id='word_1_923' title='bbox 2635 5123 2692 5172; x_wconf 87' lang='lat' dir='ltr'><strong>et</strong></span> <span class='ocrx_word' id='word_1_924' title='bbox 2741 5123 2796 5171; x_wconf 89' lang='lat' dir='ltr'><strong>te</strong></span> <span class='ocrx_word' id='word_1_925' title='bbox 2845 5114 3045 5186; x_wconf 86' lang='lat' dir='ltr'><strong>aliquid</strong></span> <span class='ocrx_word' id='word_1_926' title='bbox 3094 5115 3310 5171; x_wconf 85' lang='lat' dir='ltr'><strong>doctam</strong></span> <span class='ocrx_word' id='word_1_927' title='bbox 3353 5122 3410 5171; x_wconf 89' lang='lat' dir='ltr'><strong>et</strong></span> <span class='ocrx_word' id='word_1_928' title='bbox 3453 5113 3772 5185; x_wconf 69' lang='lat' dir='ltr'><strong>praeclarum</strong></span> 
     </span>
    </p>
   </div>
   <div class='ocr_carea' id='block_1_113' title="bbox 2188 5205 3773 5280">
    <p class='ocr_par' dir='ltr' id='par_1_113' title="bbox 2188 5205 3773 5280">
     <span class='ocr_line' id='line_1_114' title="bbox 2188 5205 3773 5280; baseline 0 -16"><span class='ocrx_word' id='word_1_929' title='bbox 2188 5210 2456 5266; x_wconf 89' lang='lat' dir='ltr'><strong>dicturum</strong></span> <span class='ocrx_word' id='word_1_930' title='bbox 2500 5223 2560 5265; x_wconf 88' lang='lat' dir='ltr'><strong>es</strong></span> <span class='ocrx_word' id='word_1_931' title='bbox 2588 5205 2876 5280; x_wconf 78' lang='lat' dir='ltr'><strong>pollicitus,</strong></span> <span class='ocrx_word' id='word_1_932' title='bbox 2902 5206 3036 5262; x_wconf 90' lang='lat' dir='ltr'><strong>nihil</strong></span> <span class='ocrx_word' id='word_1_933' title='bbox 3067 5206 3240 5263; x_wconf 89' lang='lat' dir='ltr'><strong>adhuc</strong></span> <span class='ocrx_word' id='word_1_934' title='bbox 3269 5207 3518 5278; x_wconf 88' lang='lat' dir='ltr'><strong>loquutus</strong></span> <span class='ocrx_word' id='word_1_935' title='bbox 3537 5249 3554 5274; x_wconf 96' lang='lat'><strong>,</strong></span> <span class='ocrx_word' id='word_1_936' title='bbox 3582 5207 3773 5264; x_wconf 88' lang='lat' dir='ltr'><strong>relicto</strong></span> 
     </span>
    </p>
   </div>
   <div class='ocr_carea' id='block_1_114' title="bbox 2189 5285 3771 5368">
    <p class='ocr_par' dir='ltr' id='par_1_114' title="bbox 2189 5285 3771 5368">
     <span class='ocr_line' id='line_1_115' title="bbox 2189 5285 3771 5368; baseline -0.003 -11"><span class='ocrx_word' id='word_1_937' title='bbox 2189 5301 2310 5357; x_wconf 91' lang='lat' dir='ltr'><strong>loco</strong></span> <span class='ocrx_word' id='word_1_938' title='bbox 2353 5299 2586 5356; x_wconf 90' lang='lat' dir='ltr'><strong>doctoris</strong></span> <span class='ocrx_word' id='word_1_939' title='bbox 2609 5337 2626 5364; x_wconf 90' lang='lat'><strong>,</strong></span> <span class='ocrx_word' id='word_1_940' title='bbox 2676 5285 2935 5354; x_wconf 78' lang='lat' dir='ltr'><strong>auditoris&#39;</strong></span> <span class='ocrx_word' id='word_1_941' title='bbox 2987 5306 3164 5368; x_wconf 88' lang='lat' dir='ltr'><strong>partes</strong></span> <span class='ocrx_word' id='word_1_942' title='bbox 3208 5297 3454 5368; x_wconf 88' lang='lat' dir='ltr'><strong>suscipis.</strong></span> <span class='ocrx_word' id='word_1_943' title='bbox 3503 5295 3771 5352; x_wconf 75' lang='lat' dir='ltr'><strong>Inclinatio</strong></span> 
     </span>
    </p>
   </div>
   <div class='ocr_carea' id='block_1_115' title="bbox 2189 5387 3773 5464">
    <p class='ocr_par' dir='ltr' id='par_1_115' title="bbox 2189 5387 3773 5464">
     <span class='ocr_line' id='line_1_116' title="bbox 2189 5387 3773 5464; baseline -0.003 -14"><span class='ocrx_word' id='word_1_944' title='bbox 2189 5395 2332 5451; x_wconf 90' lang='lat' dir='ltr'><strong>enim</strong></span> <span class='ocrx_word' id='word_1_945' title='bbox 2352 5436 2369 5462; x_wconf 92' lang='lat'><strong>,</strong></span> <span class='ocrx_word' id='word_1_946' title='bbox 2398 5393 2600 5464; x_wconf 90' lang='lat' dir='ltr'><strong>inquit,</strong></span> <span class='ocrx_word' id='word_1_947' title='bbox 2631 5392 2684 5447; x_wconf 87' lang='lat' dir='ltr'><strong>in</strong></span> <span class='ocrx_word' id='word_1_948' title='bbox 2711 5389 3005 5462; x_wconf 83' lang='lat' dir='ltr'><strong>parabolam</strong></span> <span class='ocrx_word' id='word_1_949' title='bbox 3032 5407 3204 5445; x_wconf 84' lang='lat' dir='ltr'><strong>aurem</strong></span> <span class='ocrx_word' id='word_1_950' title='bbox 3232 5404 3414 5444; x_wconf 87' lang='lat' dir='ltr'><strong>meam.</strong></span> <span class='ocrx_word' id='word_1_951' title='bbox 3451 5389 3629 5456; x_wconf 87' lang='lat' dir='ltr'><strong>Quare</strong></span> <span class='ocrx_word' id='word_1_952' title='bbox 3668 5387 3773 5445; x_wconf 89' lang='lat' dir='ltr'><strong>hoc</strong></span> 
     </span>
    </p>
   </div>
   <div class='ocr_carea' id='block_1_116' title="bbox 2181 5472 3772 5555">
    <p class='ocr_par' dir='ltr' id='par_1_116' title="bbox 2181 5472 3772 5555">
     <span class='ocr_line' id='line_1_117' title="bbox 2181 5472 3772 5555; baseline -0.006 -12"><span class='ocrx_word' id='word_1_953' title='bbox 2181 5472 2352 5544; x_wconf 77' lang='lat' dir='ltr'><strong>facit?</strong></span> <span class='ocrx_word' id='word_1_954' title='bbox 2375 5484 2547 5543; x_wconf 89' lang='lat' dir='ltr'><strong>Valde</strong></span> <span class='ocrx_word' id='word_1_955' title='bbox 2565 5483 2877 5555; x_wconf 88' lang='lat' dir='ltr'><strong>prudenter,</strong></span> <span class='ocrx_word' id='word_1_956' title='bbox 2903 5492 2958 5538; x_wconf 91' lang='lat' dir='ltr'><strong>et</strong></span> <span class='ocrx_word' id='word_1_957' title='bbox 2981 5491 3372 5552; x_wconf 88' lang='lat' dir='ltr'><strong>consequenter</strong></span> <span class='ocrx_word' id='word_1_958' title='bbox 3398 5479 3463 5536; x_wconf 91' lang='lat' dir='ltr'><strong>iis</strong></span> <span class='ocrx_word' id='word_1_959' title='bbox 3490 5495 3609 5551; x_wconf 68' lang='lat' dir='ltr'><strong>qua:</strong></span> <span class='ocrx_word' id='word_1_960' title='bbox 3629 5478 3772 5535; x_wconf 88' lang='lat' dir='ltr'><strong>dicta</strong></span> 
     </span>
    </p>
   </div>
   <div class='ocr_carea' id='block_1_117' title="bbox 2187 5572 3775 5648">
    <p class='ocr_par' dir='ltr' id='par_1_117' title="bbox 2187 5572 3775 5648">
     <span class='ocr_line' id='line_1_118' title="bbox 2187 5572 3775 5648; baseline -0.007 -13"><span class='ocrx_word' id='word_1_961' title='bbox 2187 5589 2330 5635; x_wconf 87' lang='lat' dir='ltr'><strong>sunt.</strong></span> <span class='ocrx_word' id='word_1_962' title='bbox 2375 5576 2636 5648; x_wconf 88' lang='lat' dir='ltr'><strong>Quoniam</strong></span> <span class='ocrx_word' id='word_1_963' title='bbox 2680 5574 2824 5632; x_wconf 90' lang='lat' dir='ltr'><strong>enim</strong></span> <span class='ocrx_word' id='word_1_964' title='bbox 2852 5574 3024 5642; x_wconf 86' lang='lat' dir='ltr'><strong>dixit,</strong></span> <span class='ocrx_word' id='word_1_965' title='bbox 3059 5574 3268 5644; x_wconf 87' lang='lat' dir='ltr'><strong>Loquar</strong></span> <span class='ocrx_word' id='word_1_966' title='bbox 3301 5572 3613 5642; x_wconf 84' lang='lat' dir='ltr'><strong>sapientiam</strong></span> <span class='ocrx_word' id='word_1_967' title='bbox 3634 5611 3650 5637; x_wconf 93' lang='lat'><strong>,</strong></span> <span class='ocrx_word' id='word_1_968' title='bbox 3701 5581 3775 5624; x_wconf 85' lang='lat' dir='ltr'><strong>ne</strong></span> 
     </span>
    </p>
   </div>
   <div class='ocr_carea' id='block_1_118' title="bbox 2187 5660 3772 5743">
    <p class='ocr_par' dir='ltr' id='par_1_118' title="bbox 2187 5660 3772 5743">
     <span class='ocr_line' id='line_1_119' title="bbox 2187 5660 3772 5743; baseline -0.006 -18"><span class='ocrx_word' id='word_1_969' title='bbox 2187 5672 2305 5743; x_wconf 91' lang='lat' dir='ltr'><strong>quis</strong></span> <span class='ocrx_word' id='word_1_970' title='bbox 2324 5669 2657 5728; x_wconf 87' lang='lat' dir='ltr'><strong>existimaret</strong></span> <span class='ocrx_word' id='word_1_971' title='bbox 2676 5683 2796 5723; x_wconf 88' lang='lat' dir='ltr'><strong>esse</strong></span> <span class='ocrx_word' id='word_1_972' title='bbox 2822 5667 3111 5722; x_wconf 87' lang='lat' dir='ltr'><strong>humanum</strong></span> <span class='ocrx_word' id='word_1_973' title='bbox 3133 5663 3273 5736; x_wconf 91' lang='lat' dir='ltr'><strong>quod</strong></span> <span class='ocrx_word' id='word_1_974' title='bbox 3295 5663 3507 5728; x_wconf 90' lang='lat' dir='ltr'><strong>dicitur,</strong></span> <span class='ocrx_word' id='word_1_975' title='bbox 3531 5673 3587 5718; x_wconf 89' lang='lat' dir='ltr'><strong>et</strong></span> <span class='ocrx_word' id='word_1_976' title='bbox 3603 5660 3772 5716; x_wconf 82' lang='lat' dir='ltr'><strong>medi-</strong></span> 
     </span>
    </p>
   </div>
   <div class='ocr_carea' id='block_1_119' title="bbox 2183 5754 3772 5834">
    <p class='ocr_par' dir='ltr' id='par_1_119' title="bbox 2183 5754 3772 5834">
     <span class='ocr_line' id='line_1_120' title="bbox 2183 5754 3772 5834; baseline -0.008 -14"><span class='ocrx_word' id='word_1_977' title='bbox 2183 5766 2438 5823; x_wconf 83' lang='lat' dir='ltr'><strong>tationem</strong></span> <span class='ocrx_word' id='word_1_978' title='bbox 2469 5759 2681 5834; x_wconf 87' lang='lat' dir='ltr'><strong>cordis,</strong></span> <span class='ocrx_word' id='word_1_979' title='bbox 2711 5775 2778 5818; x_wconf 87' lang='lat' dir='ltr'><strong>ne</strong></span> <span class='ocrx_word' id='word_1_980' title='bbox 2801 5758 3021 5818; x_wconf 84' lang='lat' dir='ltr'><strong>haberet</strong></span> <span class='ocrx_word' id='word_1_981' title='bbox 3044 5765 3342 5828; x_wconf 85' lang='lat' dir='ltr'><strong>suspectam</strong></span> <span class='ocrx_word' id='word_1_982' title='bbox 3368 5755 3482 5828; x_wconf 80' lang='lat' dir='ltr'><strong>ejus</strong></span> <span class='ocrx_word' id='word_1_983' title='bbox 3509 5754 3772 5812; x_wconf 77' lang='lat' dir='ltr'><strong>inventio-</strong></span> 
     </span>
    </p>
   </div>
  </div>
