4112 6208
361 277 466 331 925

361 406 484 446 neut
504 430 519 456 ,
549 403 643 460 per
671 386 786 443 haec
812 383 1044 442 ostendit
1069 381 1246 438 divina
1271 394 1334 436 ea
1359 392 1478 434 esse
1503 391 1620 448 qua:
1646 375 1892 430 dicuntur
1912 411 1930 438 ,

360 497 524 552 seque
553 479 678 534 nihil
703 478 842 548 loqui
871 475 1176 548 proprium,
1201 471 1295 527 sed
1323 483 1386 526 ea
1411 469 1613 533 dicere,
1642 480 1763 536 quae
1788 461 1938 517 audio

361 574 460 628 vit.
487 570 737 626 lncliuavi
759 569 901 624 enim
925 608 944 634 ,
970 565 1159 635 inquit,
1188 563 1298 619 Deo
1317 575 1498 616 aurem
1531 573 1728 620 meam,
1758 552 1936 610 audivi

361 665 430 720 ab
458 665 550 718 illo
569 702 586 728 ,
615 670 672 717 et
697 676 816 730 qua:
841 659 894 713 in
921 667 1154 712 mentem
1195 668 1364 710 meam
1389 667 1418 705 a
1443 649 1688 721 supernis
1707 646 1936 702 demissa

357 767 585 823 sunt,ea
615 755 756 810 dico.
801 751 872 806 Et
909 751 1030 806 ideo
1069 747 1276 804 dicebat
1318 745 1479 801 Isaias
1507 761 1524 798 :
1557 741 1803 796 Dominus
1850 739 1937 792 dat

361 851 490 905 mihi
515 850 739 918 tinguant
761 845 1026 908 doctrina,
1054 853 1108 896 ut
1126 843 1301 907 sciam,
1326 837 1526 908 quando
1547 849 1822 890 sermonem
1861 831 1939 884 di-

361 958 474 998 cere
491 947 717 1009 oporteat
729 953 750 992 :
759 937 945 1006 adjecit
959 935 1082 989 mitti
1092 949 1260 988 aurem
1277 933 1344 986 ad
1353 930 1606 985 audienda
1613 945 1666 980 m.
1681 925 1728 999 (Ι
1735 927 1831 980 sai.
1847 922 1936 979 50.

363 1032 440 1106 4).
467 1031 536 1086 Bt
551 1044 736 1086 rursus
747 1027 940 1084 Paulus
957 1037 971 1081 ;
989 1025 1214 1080 Fidum:
1231 1023 1431 1086 auditu,
1453 1020 1658 1074 auditus
1669 1025 1838 1070 autem
1854 1027 1943 1084 per

365 1121 568 1177 verbum
588 1118 724 1190 Dei(
749 1119 898 1173 Rom.
933 1117 1021 1172 1ο.
1044 1116 1157 1187 17).
1185 1115 1343 1170 Vides
1367 1113 1516 1168 illum
1547 1121 1759 1180 quoque
1799 1106 1945 1176 ptius

363 1215 530 1270 fuisse
567 1213 883 1277 auditorem,
910 1219 966 1265 et
995 1209 1188 1266 deinde
1225 1203 1545 1262 doctorem?
1576 1203 1642 1256 Et
1669 1200 1790 1255 ideo
1813 1197 1946 1252 dixit

365 1306 528 1360 etiam
551 1303 686 1358 alius
709 1302 988 1370 interpres,
1015 1299 1080 1354 Et
1092 1297 1368 1352 cuuittabit
1386 1311 1474 1349 cor
1489 1309 1674 1347 meum.
1691 1288 1825 1356 Quid
1840 1296 1942 1353 est,

363 1394 640 1450 sautittabit
657 1393 682 1446 1’
699 1393 887 1460 Canet,
906 1391 1048 1445 dicet
1067 1389 1328 1458 psalmum
1353 1386 1582 1454 aliquem
1597 1378 1942 1450 spiritualcm.

363 1486 422 1543 Si
463 1493 639 1542 autem
678 1483 808 1538 dicit
854 1481 1273 1545 meditationem,
1307 1492 1378 1534 ne
1414 1471 1766 1530 conturberis.
1817 1468 1945 1536 Qua:

363 1578 508 1633 enim
537 1592 566 1630 a
595 1575 796 1646 Spiritu
826 1582 1218 1644 acceperat,ea
1245 1569 1457 1625 assidue
1484 1565 1832 1620 meditabatur
1852 1602 1867 1624 .
1891 1569 1945 1614 et

365 1669 512 1739 apud
543 1681 602 1724 se
639 1667 929 1730 versabat;
955 1674 1154 1720 etcum
1185 1662 1276 1724 diu
1311 1667 1594 1722 vers-asset,
1623 1655 1739 1709 aliis
1766 1652 1942 1723 prole.

295 1743 300 1748 ’
371 1761 536 1816 rebat.
583 1757 718 1825 Quid
747 1765 832 1812 est
854 1765 1062 1820 autem,
1110 1751 1178 1806 In
1218 1748 1558 1823 parabolas?
1611 1746 1710 1802 Est
1749 1759 1942 1800 nomen

365 1849 506 1920 quod
557 1849 716 1904 habet
763 1847 930 1901 multa
976 1843 1290 1914 signiﬁcata.
1351 1841 1450 1896 Est
1499 1839 1644 1894 enim
1696 1835 1944 1907 parabola

363 1942 599 2013 loquela,
629 1941 932 2010 exemplum
949 1979 966 2005 ,
990 1946 1046 1992 et
1071 1935 1430 2006 exprobratio,
1455 1939 1512 1987 ut
1535 1930 1749 2003 quando
1772 1929 1942 1983 dicit:

367 2033 592 2088 Posuisti
632 2047 726 2086 nos
751 2032 802 2084 in
831 2027 1127 2100 pas-abolens
1175 2029 1230 2081 in
1268 2023 1516 2098 gentibus,
1565 2021 1947 2076 commotionem

362 2123 544 2193 capitis
566 2123 617 2176 in
645 2121 846 2193 populis
873 2120 898 2191 (
921 2118 1064 2174 Psat.
1085 2119 1176 2173 15.
1208 2117 1276 2172 15
1294 2115 1337 2188 ).
1388 2115 1482 2168 Est
1508 2113 1668 2168 etiam
1697 2108 1945 2180 parabola

363 2215 533 2272 oratio
570 2211 923 2282 amigmatica,
966 2223 1123 2278 quam
1155 2206 1307 2262 multi
1343 2204 1524 2260 dicunt
1555 2201 1904 2272 quaestionem
1927 2238 1944 2266 ,

365 2321 486 2378 qua
513 2303 656 2360 aliud
686 2303 899 2374 quidem
927 2300 1209 2371 signiﬁcat,
1239 2295 1335 2354 sed
1375 2293 1428 2350 id
1465 2309 1571 2349 non
1595 2301 1677 2348 est
1703 2299 1946 2361 apertam

369 2397 560 2452 statim
579 2407 645 2449 ex
672 2393 799 2462 ipsis
826 2390 1023 2457 verbis,
1052 2387 1148 2445 sed
1187 2387 1345 2444 habet
1369 2400 1586 2442 sensum
1610 2383 1751 2438 intus
1777 2382 1948 2436 laten-

371 2494 504 2553 tem,
533 2483 827 2554 cuiusmodi
851 2491 1001 2537 erant
1024 2495 1086 2537 ea
1106 2493 1224 2551 quae
1248 2478 1455 2533 dicebat
1469 2475 1690 2532 Samson
1718 2490 1733 2526 :
1766 2469 1952 2543 Egres-

373 2590 462 2630 sus
483 2582 554 2629 est
573 2587 607 2626 tt
624 2573 908 2627 comedentc
925 2572 1079 2636 cibus,
1110 2579 1154 2625 et
1178 2584 1211 2623 ο
1231 2569 1348 2639 {orti
1363 2567 1510 2621 dulce
1533 2564 1682 2637 (Iud.
1712 2563 1799 2618 ﬂ.
1827 2563 1948 2630 ib);

371 2673 429 2720 et
455 2663 728 2728 Salomon,
761 2661 1226 2730 Animaduertetquc
1262 2656 1575 2728 par-abolent,
1606 2666 1651 2710 st
1688 2653 1954 2708 obscurum

369 2769 649 2810 sermonem
672 2751 693 2826 (
713 2751 867 2810 Prov.
893 2753 944 2808 1.
975 2749 1064 2818 6).
1102 2751 1306 2806 Dicitur
1330 2749 1491 2804 etiam
1521 2743 1768 2819 parabola
1798 2744 1950 2800 simi-

373 2847 542 2901 litudo
571 2861 590 2901 ε
619 2847 785 2901 Atiam
833 2844 1146 2916 parabotam,
1199 2839 1390 2912 inquit,
1438 2841 1699 2911 proposuit
1746 2839 1822 2893 eis
1874 2837 1952 2892 di-

367 2952 484 2993 cens
522 2937 745 2995 :Sinn'te
791 2945 868 2990 est
907 2951 1118 3008 regnum
1167 2935 1403 2988 cartorum
1449 2931 1642 2990 boatini
1685 2927 1954 2985 seminanti

373 3029 555 3085 bonum
569 3045 734 3085 semen
760 3027 986 3100 (Matth.
1017 3028 1104 3083 15.
1131 3025 1203 3081 24
1222 3026 1262 3095 ).
1293 3023 1490 3079 Dicitur
1515 3022 1675 3078 etiam
1703 3019 1950 3092 parabola

375 3121 590 3193 ﬁgurata
625 3121 797 3175 oratio
827 3135 842 3174 :
873 3117 980 3173 Fili
1001 3117 1218 3172 hominis
1235 3159 1253 3185 ,
1271 3117 1360 3170 dic
1376 3116 1447 3170 sis
1473 3113 1770 3185 parabotam
1795 3111 1948 3165 hanc.

373 3215 553 3284 Aquila
574 3230 759 3285 magna
777 3253 792 3278 ,
822 3227 1032 3283 magnas
1059 3211 1244 3265 habens
1269 3223 1458 3280 pennas
1505 3206 1733 3280 (Emit.
1761 3205 1850 3260 17.
1891 3204 1952 3259 1ρ

373 3307 488 3372 3):
536 3307 762 3377 aquilam
787 3305 970 3362 dicens
1003 3305 1223 3376 Regem.
1269 3302 1470 3358 Dicitur
1495 3301 1652 3356 etiam
1697 3298 1948 3369 parabola

375 3395 540 3466 ﬁgura
584 3405 638 3451 ct
683 3397 876 3466 imago,
913 3393 1361 3466 quemadmodum
1387 3391 1618 3448 ostendit
1642 3391 1854 3454 Paulus,
1877 3385 1952 3444 di-

368 3501 499 3543 cens
527 3504 543 3542 :
570 3484 706 3540 Fide
729 3484 908 3540 obtulit
931 3485 1185 3540 Abraham
1202 3481 1358 3537 Isaac
1373 3523 1388 3548 ,
1415 3497 1532 3537 cum
1559 3489 1832 3536 tentaretur
1849 3520 1864 3546 ,
1899 3487 1950 3534 st

369 3579 678 3651 unigenitum
705 3577 943 3645 olferebat
984 3579 1030 3632 is
1053 3577 1138 3647 qui
1179 3583 1464 3645 susceperat
1491 3573 1902 3643 repromissiones
1926 3587 1946 3626 :

370 3673 502 3725 unde
521 3670 670 3725 etiam
695 3669 749 3723 in
776 3667 1020 3740 parabola
1042 3683 1154 3722 eum
1173 3664 1377 3737 retulit(
1397 3664 1556 3720 Hebr.
1579 3667 1668 3721 11.
1691 3665 1779 3720 17.
1807 3663 1874 3720 19
1890 3666 1944 3735 );

373 3762 472 3817 hoc
493 3771 594 3826 est,
625 3762 676 3816 iu
707 3760 890 3830 ﬁgura,
921 3767 976 3814 et
1005 3761 1078 3813 in-
1097 3758 1345 3828 imagine.
1687 3799 1690 3802 .

356 3883 360 3886 -
441 3856 494 3911 5.
535 3852 795 3910 Lectorcm
823 3852 891 3906 ad
917 3851 1288 3921 inquisitionem
1322 3851 1499 3905 invitat
1537 3849 1823 3921 Scriptum
1858 3848 1947 3904 ob-

357 3949 599 4003 scuritas.
627 3945 862 4014 —-Quid
887 3959 1019 4014 ergo
1062 3941 1163 3998 sibi
1210 3943 1322 3996 vult
1365 3942 1451 3998 hic
1493 3943 1781 4013 parabola‘l
1820 3942 1948 3998 Mihi

371 4039 578 4095 videtur
601 4037 780 4094 dicere
794 4031 1186 4091 narrationem.
1215 4033 1270 4089 Si
1299 4041 1478 4090 autem
1501 4034 1794 4090 orationem
1824 4033 1948 4089 facit

367 4129 648 4185 obscuram
696 4137 752 4186 et
795 4126 1206 4199 aenigmaticam,
1231 4134 1288 4180 et
1328 4141 1448 4196 quae
1491 4126 1712 4180 multum
1756 4125 1947 4181 habeat

357 4221 708 4290 difﬁcultatis,
731 4235 801 4276 ne
827 4221 904 4276 sic
931 4219 1142 4290 quidem
1167 4216 1503 4272 conturberis
1533 4236 1549 4272 :
1580 4215 1682 4271 hoc
1699 4215 1841 4271 enim
1865 4215 1946 4269 fa-

368 4314 438 4369 cit
468 4325 524 4368 ut
554 4313 850 4369 auditorem
874 4313 1106 4377 excitet;
1135 4317 1189 4366 et
1211 4309 1406 4380 alioqui
1429 4308 1679 4379 quoniam
1722 4306 1948 4362 facilitas

369 4405 564 4460 multos
603 4404 670 4459 ad
712 4403 1082 4474 negligentiam
1120 4401 1354 4466 adducit,
1389 4407 1668 4470 propterea
1717 4397 1949 4469 loquitur
2032 4411 2038 4416 ·

368 4495 423 4551 in
453 4494 722 4564 parabole.
751 4493 886 4549 Nam
913 4493 1159 4548 Christus
1193 4504 1406 4563 quoque
1435 4490 1600 4545 multa
1632 4489 1947 4560 loquebatur

368 4589 420 4643 in
453 4587 732 4658 parabolis,
763 4587 1058 4657 separatim
1089 4594 1263 4640 autem
1294 4598 1388 4638 eas
1409 4583 1650 4639 solvebat
1673 4581 1944 4651 discipulis

370 4679 557 4748 (Marc.
586 4679 638 4735 4.
669 4679 756 4736 55.
783 4679 898 4748 Si).
929 4676 1184 4733 Parabola
1209 4676 1351 4731 enim
1377 4673 1594 4744 dignum
1631 4673 1699 4728 ab
1727 4672 1944 4744 indigno

366 4771 673 4843 distinguit:
701 4771 892 4842 dignus
905 4770 1047 4825 enim
1065 4767 1254 4838 quaerit
1276 4767 1513 4822 invenire
1537 4779 1599 4820 ea
1620 4779 1739 4835 qua:
1757 4764 1944 4819 dicun-

368 4875 471 4928 tur,
515 4863 760 4936 indignus
786 4871 964 4918 autem
1002 4859 1402 4932 praetercurrit:
1430 4859 1570 4929 quod
1620 4867 1746 4912 tunc
1780 4857 1941 4913 etiam

368 4955 565 5012 evenit.
605 4953 774 5011 Judaei
821 4954 963 5010 enim
1012 4967 1080 5008 ne
1125 4950 1432 5008 difﬁcultate
1471 4948 1682 5019 quidem
1729 4947 1942 5002 excitati

367 5045 852 5117 impcllebauturad
874 5042 1300 5114 interrogandum
1336 5061 1350 5096 :
1375 5040 1448 5094 ita
1469 5054 1574 5094 non
1599 5038 1943 5094 attendebaut

367 5138 584 5193 omnino
623 5152 687 5193 ea
729 5150 848 5208 qua:
893 5135 1219 5192 dicebantur.
1267 5131 1347 5187 Ad
1407 5129 1718 5186 movendam
1763 5138 1940 5186 autem

366 5230 714 5300 quaestionem
737 5228 952 5296 sufﬁcit,
974 5227 1185 5298 quando
1209 5225 1334 5297 quid
1353 5223 1724 5278 adumbratam
1751 5235 1945 5290 propo-

368 5321 528 5376 nitur.
559 5321 816 5390 Quocirca
847 5321 1090 5378 Christus
1114 5331 1324 5389 quoque
1350 5317 1453 5372 hoc
1477 5315 1722 5378 faciebat,
1760 5323 1818 5370 et
1858 5314 1941 5368 lo-

343 5411 622 5482 quebatur
659 5412 710 5466 in
738 5412 1026 5484 parabolis,
1071 5421 1170 5464 eos
1209 5407 1486 5463 stimulans
1522 5415 1578 5462 et
1619 5405 1844 5461 incitans
1882 5411 1942 5459 ut

363 5500 545 5559 audire
572 5512 827 5576 cuperent
857 5504 872 5534 ⁸
899 5502 990 5572 qui
1017 5499 1191 5569 supini
1233 5497 1570 5552 dormiebant
1596 5520 1610 5554 :
1636 5497 1730 5552 sed
1759 5512 1825 5552 ne
1863 5497 1941 5552 sic

435 5671 454 5702 ι
479 5668 651 5731 Morel,
673 5666 895 5731 faciebat,
920 5662 1126 5716 incitans
1147 5666 1200 5714 ut
1223 5661 1400 5714 audire
1419 5665 1662 5727 cuperent,
1687 5667 1786 5710 etc.

1477 258 1836 320 EXi‘OSlTIO
1874 255 1938 312 IN
1965 253 2283 312 PSALMUM
2310 255 2536 314 XLVIII.

3523 266 3628 320 226

2045 368 2260 441 quidem
2307 370 2690 437 attendebant;
2721 369 2964 442 discipuli
2995 381 3171 429 autem
3201 374 3435 430 animum
3465 379 3628 434 adhi-

2042 466 2258 533 hebant,
2305 475 2360 524 et
2401 481 2526 522 cum
2573 473 2756 521 essent
2805 467 3146 537 ignorantes,
3178 470 3262 526 vel
3292 486 3356 525 co
3398 472 3627 529 maxime

2042 557 2347 622 manebant,
2365 557 2614 628 quoniam
2644 558 2974 628 ignorabant.
3007 559 3263 627 Quocirca
3285 562 3364 616 eis
3383 576 3625 618 seorsum

2041 651 2281 707 solvebat
2327 651 2624 721 parabolas,
2657 661 2710 706 et
2751 651 2872 707 ideo
2905 667 3116 723 quoque
3157 653 3285 708 dicit
3315 671 3330 708 :
3361 653 3627 709 Inclinabo

2041 742 2093 796 in
2123 743 2419 814 parabolam
2456 757 2630 797 aurem
2667 757 2846 798 meam.
2886 744 3122 814 Aperiunt
3151 745 3204 798 in
3242 745 3480 814 psalterio
3506 761 3627 815 pro-

2043 837 2204 890 blema
2230 853 2416 891 meum.
2464 836 2557 891 Est
2582 845 2775 891 autcm-
2807 835 3078 906 problema
3120 839 3294 892 oratio
3317 838 3540 891 obscura
3569 845 3627 892 ct

2044 927 2396 995 tonigmatica,
2413 934 2468 981 et.
2488 925 2607 980 ideo
2631 926 2754 980 alibi
2775 939 2986 996 quoque
3003 927 3130 981 dicit
3159 943 3173 981 :
3201 927 3405 998 Loquar
3425 928 3624 997 proble-

2046 1027 2183 1070 mata
2211 1034 2244 1070 a
2281 1019 2631 1072 constitutione
2651 1019 2826 1072 mundi
2851 1017 3029 1089 (Psal.
3052 1021 3137 1074 77.
3183 1017 3263 1090 2}.
3291 1021 3625 1092 Quapropter

2047 1123 2213 1164 ausus
2240 1118 2321 1163 est
2351 1109 2509 1163 etiam
2550 1123 2744 1164 vocare
2771 1110 3080 1178 sapientiam
3101 1152 3116 1176 ,
3147 1111 3321 1166 divina
3349 1112 3512 1167 fretus
3539 1127 3626 1168 re-

2049 1199 2334 1263 uelatione,
2369 1208 2423 1254 et
2449 1200 2570 1254 idco
2593 1202 2754 1255 etiam
2782 1201 2929 1268 dicit,
2961 1199 3023 1254 In
3046 1203 3304 1272 psalterio,
3333 1203 3626 1259 doctrinam

2041 1291 2378 1360 spiritualcm
2412 1291 2674 1358 iudicans,
2703 1302 2756 1347 et
2781 1307 2842 1347 se
2868 1308 3100 1363 superno
3137 1310 3255 1349 esse
3292 1295 3514 1350 Numine
3545 1298 3628 1350 af-

2046 1382 2252 1438 ﬂatum.
2284 1382 2340 1436 in
2383 1383 2572 1438 cantici
2615 1383 2784 1438 forma
2823 1392 3002 1438 autem
3048 1383 3139 1438 dat
3184 1385 3479 1451 consilium,
3510 1400 3631 1441 ora-
3725 1409 3729 1412 ·

2043 1473 2248 1528 tionem
2279 1473 2508 1528 reddens
2547 1475 2870 1529 suaviorem.
2911 1475 3100 1529 Vidisti
3127 1476 3286 1546 quale
3312 1477 3626 1546 prooemium

2045 1565 2390 1634 composuit?
2421 1565 2638 1620 Vocavit
2665 1565 2848 1620 orbem
2881 1574 3056 1632 terrm,
3081 1584 3198 1636 qua:
3226 1580 3306 1623 est
3331 1568 3383 1623 in
3423 1569 3527 1624 vita
3551 1571 3632 1624 in-

2047 1659 2399 1730 aequalitatem
2428 1659 2648 1728 expulit,
2696 1667 2937 1714 naturam
2980 1659 3032 1714 in
3078 1663 3385 1716 memoriam
3414 1679 3630 1718 ret-oca-

2049 1752 2144 1814 vit,
2176 1751 2530 1821 arrogantiam
2573 1753 2884 1821 compressit
2908 1769 2923 1817 ;
2955 1752 3216 1821 pollicitus
3236 1761 3317 1809 est
3344 1770 3403 1810 se
3430 1756 3627 1826 aliquid

2047 1855 2297 1911 maguum
2328 1849 2383 1896 et
2423 1841 2735 1910 praeclarum
2767 1857 2886 1897 esse
2922 1842 3222 1901 dicturum:
3251 1844 3382 1899 dixit
3409 1861 3468 1900 se
3497 1847 3626 1902 nihil

2041 1945 2115 1988 ex
2145 1948 2204 1988 se
2229 1932 2447 1988 allatum
2495 1932 2761 2002 proloqui,
2791 1933 2883 1988 sed
2913 1949 3032 2004 qua:
3059 1934 3126 1988 ab
3165 1934 3257 1988 illo
3285 1937 3521 2002 audivit;
3549 1937 3627 1992 si-

2041 2023 2322 2096 gniﬁcavit
2351 2023 2403 2078 in
2425 2023 2667 2079 oratione
2685 2037 2806 2079 esse
2836 2040 3077 2094 magnam
3109 2025 3506 2094 obscuritatem,
3529 2043 3629 2083 nos

2050 2117 2283 2173 reddens
2313 2116 2659 2181 attentiores;
2691 2116 2953 2186 pollicitus
2983 2124 3065 2173 est
3090 2131 3150 2172 se
3178 2133 3276 2173 nos
3303 2118 3628 2188 spiritualcm

2042 2205 2326 2264 'docturum
2367 2207 2714 2278 sapientiam,
2765 2223 2920 2279 quam
2971 2218 3226 2282 perpetuo
3253 2211 3626 2268 meditabatur.

2039 2299 2401 2393 :Attendamns
2445 2314 2594 2370 ergo,
2635 2307 2688 2355 et
2731 2315 2796 2355 ne
2843 2309 3235 2370 pradereamus.
3273 2301 3328 2359 Si
3366 2311 3447 2359 est
3487 2303 3629 2359 cnim

2050 2391 2264 2462 sapiens
2285 2391 2479 2456 oratio,
2502 2401 2554 2446 et
2570 2390 2837 2462 parabola,
2860 2399 2913 2446 et
2937 2393 3227 2463 problema,
3245 2403 3422 2449 mente
3450 2407 3630 2450 erecta

2051 2493 2120 2556 et.
2150 2483 2377 2539 excitata
2426 2497 2561 2554 opus
2598 2493 2700 2540 est.
2739 2484 2894 2551 Quod
2939 2494 3021 2541 est
3069 2501 3197 2557 ergo
3235 2487 3538 2552 consilium,
3578 2497 3634 2542 et

2045 2571 2194 2646 quod
2220 2573 2515 2642 problema,
2534 2589 2650 2643 qurc
2668 2575 2939 2644 parabola,
2959 2583 3014 2629 et
3030 2589 3150 2645 quzc
3167 2576 3445 2644 sapientia,
3470 2591 3630 2646 quam

2055 2661 2255 2719 audivit
2279 2679 2314 2720 e
2332 2664 2620 2732 supernis?
2645 2665 2696 2720 ϐ.
2720 2664 2823 2721 Cur
2851 2665 3050 2732 timebo,
3071 2667 3256 2737 inquit,
3281 2670 3337 2720 in
3357 2661 3439 2721 die
3462 2669 3636 2723 mala?

2055 2754 2227 2820 Alius,
2257 2753 2324 2808 In
2365 2755 2538 2809 diebus
2567 2755 2796 2823 maligni.
2825 2757 2996 2823 Alius,
3037 2755 3185 2810 Mati.
3219 2755 3384 2826 Syrus
3421 2765 3632 2823 autem,

2043 2843 2174 2900 'tha
2195 2841 2292 2918 (ὸ).
2323 2842 2576 2915 lniquitas
2599 2845 2824 2899 calcanei
2848 2847 2942 2900 mei
2969 2846 3300 2900 circumdabit
3323 2863 3419 2900 me.
3450 2845 3597 2901 Alius
3615 2887 3632 2912 ,

2063 2935 2398 3007 Vestigiorunt
2444 2953 2684 2992 meorum.
2735 2936 2988 2992 Hebre-us
3033 2945 3232 3004 autem,
3278 2937 3390 2992 Αοη
3430 2937 3636 2992 accubui

2051 3025 2305 3082 isttbbuni.
2341 3027 2527 3083 Vidisti
2556 3028 2824 3099 quomodo
2853 3037 2934 3084 est
2960 3027 3232 3100 problema
3256 3069 3271 3093 ,
3293 3039 3350 3084 et
3386 3029 3634 3098 aenigma,

2053 3129 2103 3174 et
2131 3119 2358 3176 obscura
2387 3123 2578 3187 oratio,
2606 3130 2661 3175 et
2681 3123 3001 3193 permultum
3031 3119 3369 3176 obscuritatis
3393 3121 3418 3175 ?
3441 3121 3567 3186 Sed.
3589 3124 3636 3179 si

2052 3213 2282 3278 videtur,
2320 3213 2550 3284 primum
2583 3213 2937 3284 intelligamus
2965 3227 3250 3284 quemnam
3281 3214 3410 3269 dicit
3438 3215 3634 3270 malum

2035 3305 2216 3362 diem.
2241 3307 2533 3374 Quemnam
2559 3321 2686 3377 ergo
2713 3305 2906 3372 malum
2937 3305 3078 3362 diem
3105 3303 3242 3361 solet
3270 3321 3462 3362 vocare
3489 3303 3636 3362 Scri-

2051 3401 2250 3472 plura?
2279 3399 2427 3456 Diem
2469 3399 2854 3464 calamitatum,
2883 3399 3021 3455 diem
3063 3398 3462 3470 suppliciorum,
3493 3399 3632 3456 diem

2037 3489 2428 3546 ’mrumuarum.
2457 3488 2608 3558 Quod
2651 3490 2812 3546 etiam
2837 3490 2965 3546 dicit
2991 3489 3117 3546 alibi
3157 3489 3383 3546 :Beatus
3428 3490 3516 3560 qui
3549 3491 3633 3546 in-

2031 3577 2231 3654 'teltigit
2253 3597 2405 3656 super
2430 3597 2638 3655 egenum
2664 3591 2712 3637 et
2741 3597 3014 3654 pauperem
3042 3597 3062 3636 :
3087 3582 3140 3636 in
3171 3583 3253 3637 die
3282 3583 3418 3637 mala
3445 3582 3633 3637 libera-

2037 3675 2121 3730 bit
2157 3692 2272 3731 eum
2296 3675 2544 3731 Dominus
2571 3674 2744 3746 (Psat.
2789 3675 2877 3730 ΔΟ.
2905 3675 2980 3745 1).
3024 3672 3170 3730 Talis
3193 3683 3274 3730 est
3299 3684 3473 3729 autem
3518 3674 3632 3728 dies

2050 3769 2142 3825 ille
2191 3769 2397 3830 futurus
2444 3768 2817 3839 peccatoribus
2865 3767 3118 3822 terribilis
3165 3775 3219 3820 et
3263 3763 3630 3821 intolerabilis.

2051 3860 2241 3916 Vidistl
2293 3861 2520 3929 primum
2552 3859 2570 3891 ⁸
2602 3857 2876 3912 decretum
2915 3871 3178 3926 suprema:
3222 3855 3535 3927 sapientim,
3580 3865 3634 3910 et

2050 3950 2316 4023 quomodo
2336 3949 2428 4004 tibi
2458 3947 2878 4010 deﬁniatoratio,
2901 3962 3143 4016 quaenam
3167 3945 3273 4001 suit
3292 3949 3449 4018 digna
3467 3955 3632 4012 metu,

2051 4055 2294 4112 quaenam
2349 4035 2836 4093 condemuatione?
2880 4034 2989 4088 Nisi
3037 4037 3154 4104 quis
3205 4037 3362 4090 enim
3400 4037 3514 4090 lucc
3556 4036 3635 4090 sic

2051 4134 2256 4203 optime
2283 4130 2592 4201 distinguat,
2638 4136 2904 4195 tamquam
2948 4127 3001 4180 in
3045 4124 3319 4194 profundis
3359 4126 3592 4179 tenebris
3617 4167 3634 4192 ,

2052 4237 2340 4294 rerumque
2365 4219 2677 4276 confusione
2698 4216 2801 4273 huc
2827 4225 2880 4273 ct
2904 4215 3030 4273 illuc
3055 4215 3409 4282 circumlatus,
3435 4215 3634 4270 exitum

2051 4333 2159 4374 non
2182 4315 2400 4371 invenit.

2125 4406 2368 4462 Timenda
2389 4421 2420 4458 a
2444 4419 2542 4458 non
2561 4399 2790 4456 timendis
2810 4399 2933 4456 utile
2946 4407 3018 4454 est
3044 4413 3334 4465 secernere;
3370 4407 3628 4469 peccatum

2049 4499 2212 4557 solum
2249 4496 2468 4554 terribile
2495 4507 2567 4552 est
2593 4513 2654 4551 ac
2693 4494 2988 4550 timendum.
3019 4521 3090 4533 --
3118 4489 3228 4547 Nisi
3258 4491 3326 4546 sit
3353 4491 3504 4546 nobis
3533 4489 3632 4546 de-

2053 4595 2258 4654 ﬁnitum
2289 4603 2338 4649 et
2369 4591 2712 4648 constitutum
2737 4601 2977 4659 quamam
3005 4583 3216 4654 quidem
3248 4581 3454 4647 timere,
3483 4596 3632 4652 qua:-

2030 4681 2172 4744 ἠδη]
2206 4703 2332 4744 vero
2354 4683 2620 4741 exsecrari
2647 4681 3164 4752 oporteat,’magnus
3193 4677 3290 4732 erit
3321 4677 3372 4732 in
3403 4677 3506 4731 vita
3537 4691 3632 4732 er-

2050 4796 2160 4846 ror,
2187 4788 2240 4834 et
2265 4792 2512 4849 magnum
2539 4773 2850 4846 periculum.
2879 4769 2973 4824 Est
2993 4769 3132 4824 enim
3159 4777 3414 4824 extrema:
3445 4781 3635 4822 amen-

2050 4872 2136 4927 tia:
2165 4869 2356 4925 timere
2383 4883 2444 4923 ea
2473 4882 2590 4937 qua:
2619 4880 2723 4920 non
2768 4870 2893 4916 sunt
2919 4861 3170 4926 timenda,
3203 4875 3266 4915 ca
3303 4873 3428 4915 vero
3456 4857 3632 4914 ridere

2047 4980 2165 5034 qua:
2189 4959 2312 5030 jure
2341 4957 2572 5012 timenda
2600 4965 2742 5012 sunt.
2771 4953 2828 5008 In
2859 4951 2962 5012 hoc
2986 4953 3228 5008 homines
3261 4967 3289 5004 a
3323 4952 3500 5019 pueris
3526 4948 3630 5002 dif-

2025 5047 2246 5120 .ferunt,
2277 5049 2419 5122 quod
2460 5049 2512 5103 lti
2553 5047 2788 5120 quidem,
2821 5053 2880 5101 ut
2905 5062 3129 5118 quorum
3157 5059 3258 5098 non
3291 5043 3360 5096 sit
3401 5039 3630 5110 pert-ita

2049 5147 2224 5203 adhuc
2251 5140 2618 5212 intelligentia,
2651 5139 2824 5194 larvas
2853 5138 3060 5204 timent,
3087 5135 3431 5202 hominesque
3459 5129 3629 5182 saccis

2113 5341 2130 5372 ¹
2166 5347 2284 5398 t’ox,
2304 5333 2531 5401 primum,
2554 5333 2698 5383 deest
2716 5333 2764 5381 in
2787 5330 2928 5380 Savil.
2958 5335 3009 5376 et
3030 5321 3082 5373 iu
3103 5335 3202 5371 uno
3223 5317 3410 5370 Codice.

2111 5421 2184 5484 (α)
2218 5427 2314 5469 Non
2338 5424 2482 5481 Syrus
2517 5415 2676 5474 modo,
2701 5413 2790 5463 sed
2830 5411 2977 5484 etiam
3005 5400 3627 5484 ltebr‘ztlsy‘laramahct.

2023 5470 2253 5544 bona:
2277 5470 2441 5548 voces,
2463 5493 2605 5543 tm
2627 5470 2763 5566 vim
2785 5485 2881 5561 py,
2897 5473 3184 5540 signiﬁcant,
3207 5470 3432 5535 iniquitas
3467 5470 3629 5521 calea-

2046 5597 2242 5636 neorum
2263 5592 2475 5631 meorum
2497 5565 2812 5628 circumdabit
2831 5582 2939 5636 me;
2958 5569 3096 5630 juxta
3117 5565 3446 5628 Symacbum
3463 5571 3627 5616 autem

2049 5631 2303 5701 imgine
2322 5651 2455 5705 sunt,
2727 5631 3032 5698 aestimarunt
3045 5640 3278 5681 meorum.
