4112 6208
489 292 590 350 9.1

492 402 703 459 indutos
726 418 742 467 ;
767 411 973 473 patrem
1001 406 1179 452 autem
1216 404 1313 450 aut
1355 402 1579 449 matrem
1606 392 1924 449 contumelia
1947 391 2069 446 alti-

489 510 613 550 cere
658 495 792 551 nihil
812 506 939 548 0:88
980 488 1325 551 existimant;
1358 497 1413 542 et
1456 486 1508 541 in
1540 486 1714 555 ignem
1761 482 1973 554 quidem
2013 490 2072 537 et

492 587 738 642 lucentes
777 582 1026 638 ardentes
1055 580 1307 643 insiliunt,
1334 575 1588 646 strepitus
1608 583 1785 630 autem
1812 572 2073 643 quosdam

494 677 714 731 minime
726 672 996 729 timendos
1014 671 1367 726 extimescunt
1391 684 1404 719 :
1428 665 1526 721 viri
1545 674 1721 719 autem
1738 662 1868 718 nihil
1880 665 2071 717 horum

492 776 703 823 curant.
732 765 866 833 Quia
895 776 1023 832 ergo
1048 760 1200 816 multi
1229 765 1353 813 sunt
1393 755 1573 827 pueris
1599 754 1891 819 stultiores,
1911 751 2075 807 tradit

494 856 634 912 hanc
660 854 1075 915 distinctionem,
1091 860 1151 906 et
1172 849 1300 903 dicit
1324 860 1566 916 quamam
1595 843 1782 899 timere
1806 849 2070 913 oporteat,

495 966 601 1005 non
627 965 692 1006 ea
720 963 839 1019 qua:
881 945 1060 1001 multis
1085 940 1333 998 videntur
1377 936 1657 1002 terribilia,
1708 941 2073 1005 paupertatem

494 1040 640 1107 dico,
672 1036 1115 1109 iguominiam,et
1160 1030 1405 1087 morbum
1435 1029 1455 1100 (
1480 1028 1595 1082 haec
1634 1026 1776 1084 enim
1805 1040 1913 1079 non
1951 1030 2076 1078 sunt

494 1131 670 1185 solum
698 1128 880 1182 multis
904 1124 1183 1191 terribilia,
1214 1121 1309 1177 sed
1333 1122 1493 1176 etiam
1520 1119 1749 1174 molesta
1776 1125 1831 1171 et
1856 1114 2072 1185 gravia;

493 1230 548 1276 at
575 1218 706 1276 nihil
731 1219 918 1273 horum
944 1216 1047 1271 tale
1065 1228 1186 1270 esse
1210 1212 1438 1283 statuit),
1462 1210 1560 1266 sed
1584 1210 1753 1264 solum
1780 1214 2075 1279 peccatum:

497 1312 600 1367 hoc
626 1311 766 1366 enim
794 1307 895 1363 sibi
918 1307 1028 1361 vult
1052 1303 1203 1371 illud,
1233 1303 1260 1357 1
1268 1303 1484 1373 niquitas
1504 1299 1727 1354 calcanei
1752 1298 1849 1352 mei
1867 1297 2080 1351 circum-

495 1402 635 1457 dabit
678 1417 778 1456 me.
816 1398 930 1454 lloc
956 1406 1039 1453 est
1080 1411 1207 1466 ergo
1250 1393 1422 1449 oratio
1464 1389 1816 1462 aauigmatica,
1857 1388 1960 1443 hoc
1993 1395 2081 1442 est

498 1509 667 1553 novus
698 1502 881 1562 tropus
908 1498 961 1544 et
1000 1484 1349 1542 admirabilis.
1381 1482 1550 1537 Valde
1591 1480 1734 1536 enim
1779 1493 1972 1533 novum
1997 1476 2080 1533 vi-

500 1586 656 1640 detur
677 1598 800 1638 esse
839 1580 1019 1636 multis
1043 1587 1097 1633 et
1121 1575 1432 1631 admirabile
1470 1573 1670 1639 dicere,
1701 1586 1807 1626 non
1834 1578 2081 1639 oportere

501 1674 789 1746 quidquam
839 1671 1025 1725 timere
1070 1682 1253 1723 eorum
1281 1681 1401 1736 quae
1446 1664 1648 1718 suntin
1675 1663 1778 1717 vita
1822 1660 2000 1732 gravia
2028 1668 2083 1715 et

500 1767 744 1821 molesta.
797 1760 933 1829 Quid
974 1774 1105 1830 ergo
1161 1758 1379 1823 timebo,
1430 1755 1620 1825 inquit,
1669 1753 1722 1808 in
1770 1752 1858 1808 die
1900 1750 2082 1806 mala?

504 1857 680 1914 Unum
705 1864 934 1918 tantum,
957 1868 1023 1907 ne
1052 1850 1190 1906 forte
1219 1850 1318 1904 vite
1343 1863 1478 1903 mea:
1506 1856 1559 1902 et
1586 1845 1707 1900 vita:
1730 1843 1977 1914 iniquitas
1994 1857 2084 1898 me

501 1946 818 2003 circumdet.
865 1943 1015 1999 Solet
1054 1940 1331 2011 Scriptura
1390 1936 1629 1992 fraudem
1670 1950 1862 1991 vocare
1907 1932 2083 1988 calca-

504 2054 662 2095 neum
696 2055 710 2090 :
744 2036 844 2103 Qui
868 2034 1043 2088 edebat
1067 2031 1229 2095 enim,
1255 2029 1441 2099 inquit,
1470 2043 1664 2081 meeum
1688 2041 1890 2096 partem,
1917 2032 2086 2077 sustu-

504 2130 639 2185 litin
676 2144 756 2183 me
790 2127 1081 2181 calcaneum
1104 2121 1276 2194 (Psal.
1320 2119 1409 2176 ιο.
1458 2116 1569 2191 10).
1610 2117 1677 2172 Et
1717 2116 1859 2171 Esau
1899 2126 2085 2168 rursus

505 2222 719 2281 dicebat
739 2220 807 2275 de
831 2216 997 2274 Iacob
1027 2234 1043 2270 :
1074 2214 1195 2269 lam
1219 2211 1436 2268 secunda
1461 2227 1540 2265 me
1565 2206 1906 2279 supplantavit
1930 2204 2083 2276 (Gen.

505 2315 595 2369 27.
624 2311 742 2381 36).
790 2310 884 2364 Est
912 2308 1052 2364 enim
1097 2312 1374 2376 peccatum
1414 2316 1504 2358 res
1544 2297 1826 2370 ejusmodi,
1871 2295 2087 2351 fraudu-

507 2405 672 2467 lenta,
723 2408 782 2457 et
824 2409 947 2471 apta
989 2397 1058 2453 ad
1102 2393 1483 2466 arripiendum.
1514 2392 1648 2459 Hoc,
1679 2390 1869 2461 inquit,
1898 2402 2088 2444 vereor

511 2502 785 2565 peccatum
810 2491 954 2562 quod
983 2505 1069 2545 me
1096 2488 1317 2558 decipit,
1343 2486 1483 2557 quod
1520 2499 1607 2539 me
1630 2480 1944 2538 circumdat.
1996 2490 1999 2493 '

580 2585 635 2639 4.
666 2582 733 2637 Et
754 2582 871 2636 ideo
888 2579 1084 2635 Paulus
1105 2578 1157 2632 id
1179 2585 1329 2632 vocat
1349 2574 1745 2630 circumsistens
1785 2569 1971 2642 (Hebr.
1996 2567 2086 2623 l2.

510 2678 534 2732 1
548 2678 587 2746 ),
603 2675 924 2745 significans,
938 2671 989 2727 id
1001 2669 1141 2743 quod
1156 2670 1425 2735 continue,
1440 2666 1581 2738 quod
1597 2666 1771 2733 facile,
1786 2663 1928 2735 quod
1942 2662 2089 2720 nullo

511 2768 678 2824 ambit
704 2776 759 2822 et
780 2762 1073 2823 circumdat
1098 2761 1328 2834 negotio.
1356 2760 1413 2816 ln
1436 2759 1520 2815 his
1538 2774 1667 2829 ergo
1689 2756 1899 2828 judiciis
1923 2755 2090 2812 multa

512 2862 703 2915 timent
731 2857 997 2925 homines,
1021 2866 1076 2910 et
1098 2854 1206 2909 vim
1231 2867 1413 2924 opum,
1442 2860 1497 2908 et
1524 2850 1835 2921 potentiam,
1866 2856 1921 2903 et
1946 2846 2091 2916 inju-

512 2955 675 3019 riam,
701 2959 755 3005 et
779 2947 1018 3005 fraudein
1050 2962 1065 2999 :
1094 2945 1203 3001 illic
1223 2955 1398 3000 autem
1428 2941 1559 2998 nihil
1578 2950 1661 2997 est
1686 2937 1968 3009 ejusmodi,
1995 2936 2092 2992 sed

514 3050 791 3114 peccatum
830 3038 1006 3093 solum
1046 3046 1129 3092 est
1157 3034 1413 3101 terribile,
1455 3032 1594 3104 quod
1635 3030 1867 3102 undique
1905 3029 2094 3084 circuit

512 3148 608 3188 eos
650 3133 739 3203 qui
787 3129 1086 3199 capiuntur,
1134 3125 1347 3196 gravius
1392 3138 1550 3195 quam
1592 3122 1764 3193 quivis
1806 3120 2090 3176 exercitus.

513 3224 649 3278 Sunt
689 3236 818 3291 ergo
844 3219 1020 3275 omnia
1060 3216 1285 3287 agenda,
1313 3223 1505 3269 utnon
1530 3212 1597 3268 ab
1640 3212 1756 3282 ipso
1795 3210 2093 3266 circumde-

516 3328 672 3377 mur;
700 3320 978 3382 postquam
998 3316 1175 3361 autem
1195 3303 1481 3359 viderimus
1508 3301 1557 3357 id
1578 3315 1676 3357 nos
1701 3300 1839 3356 velle
1856 3313 2097 3368 compre-

518 3402 776 3466 hendere,
808 3405 1020 3469 oportet
1058 3395 1176 3465 ejus
1221 3389 1530 3449 occasiones
1568 3390 1768 3461 fugere,
1800 3397 1857 3444 ut
1903 3387 2098 3443 faciunt

519 3494 715 3564 egregii
745 3490 943 3546 milites
974 3506 988 3542 :
1019 3486 1161 3558 quod
1187 3486 1231 3541 si
1257 3485 1416 3540 ctiam
1460 3482 1598 3553 capti
1626 3480 1902 3546 fuerimus,
1932 3494 2096 3550 opor-

519 3598 594 3644 tet
634 3585 685 3640 id
712 3583 957 3640 celeriter
1002 3578 1329 3644 rescindere,
1359 3572 1803 3647 quemadmodum
1845 3571 1970 3628 fecit
1995 3572 2101 3628 Da-

519 3678 629 3745 vid,
663 3675 753 3747 qui
785 3690 880 3745 per
908 3670 1272 3744 pteniteutiam
1297 3668 1437 3725 vires
1461 3666 1577 3737 ejus
1604 3665 1826 3722 abscidit
1853 3665 1931 3736 (2.
1967 3664 2096 3733 Reg.

523 3771 610 3829 12.
643 3769 758 3838 15).
785 3766 906 3822 Fuit
928 3764 1073 3821 enim
1114 3761 1182 3817 ab
1209 3758 1674 3826 eocircumdatus,
1704 3755 1798 3812 sed
1828 3756 1880 3811 id
1921 3755 2100 3809 statim

523 3861 723 3933 clfugit.
750 3858 851 3927 Qui
876 3856 980 3912 hoc
1002 3852 1255 3927 timuerit,
1278 3850 1409 3906 nihil
1428 3849 1573 3905 aliud
1596 3862 1846 3919 umquam
1874 3844 2098 3910 timebit,

526 3952 621 4009 sed
667 3948 908 4007 irridebit
955 3961 1018 4002 ea
1046 3960 1163 4017 qua:
1212 3943 1264 3997 in
1296 3940 1543 4013 praisenti
1584 3940 1687 3996 vita
1718 3939 1856 3995 bona
1881 3946 2021 4004 sunt,
2050 3945 2103 3991 et

526 4059 646 4115 qua:
672 4041 895 4098 molesta
938 4046 1061 4093 sunt
1099 4041 1423 4094 contemnet.
1452 4047 1572 4087 cum
1610 4031 1755 4088 solus
1802 4030 1890 4085 ille
1930 4037 2103 4084 metus

528 4136 642 4205 ejus
668 4140 899 4189 mentem
942 4129 1123 4201 agitet.
1153 4126 1294 4183 Nihil
1318 4125 1482 4189 enim,
1514 4123 1644 4179 nihil
1682 4132 1826 4178 certe
1852 4119 1993 4175 aliud
2023 4128 2107 4174 est

529 4227 579 4283 ei
611 4221 962 4285 formidabile,
1010 4218 1097 4289 qui
1137 4215 1350 4272 esthoc
1396 4217 1585 4269 timore
1627 4213 1879 4284 praeditus
1908 4228 1921 4263 :
1949 4219 2106 4279 atque

527 4318 733 4372 adeone
776 4314 889 4383 ipsa
925 4310 1139 4383 quidem
1166 4321 1334 4370 mors,
1361 4320 1478 4375 quae
1508 4313 1590 4359 est
1612 4312 1769 4374 caput
1795 4316 1972 4357 rerum
2003 4309 2108 4355 ter-

530 4408 782 4471 ribilium,
811 4403 913 4459 nisi
949 4402 1051 4455 hoc
1080 4413 1241 4454 unum
1267 4395 1457 4452 solum.
1503 4392 1823 4462 Quomodo?
1847 4391 2105 4460 Quoniam

534 4498 692 4554 tradit
727 4495 1008 4567 gehennae,
1032 4489 1279 4560 quoniam
1332 4484 1643 4540 transmittit
1686 4484 1753 4537 ad
1792 4481 2106 4538 immortalia

531 4588 804 4658 supplicia.
836 4584 892 4641 Si
935 4582 1053 4653 quis
1080 4593 1264 4635 rursus
1291 4576 1343 4631 iit
1383 4591 1449 4631 eo
1478 4589 1536 4628 se
1564 4580 1707 4628 recte
1745 4572 1990 4643 gesserit,
2021 4569 2104 4625 in-

536 4678 680 4733 ducit
702 4689 917 4732 omnem
947 4673 1213 4727 virtutem.
1253 4666 1439 4738 Cogita
1468 4666 1612 4720 enim
1641 4672 1836 4734 quanta
1877 4676 1963 4718 res
2004 4662 2107 4729 sit,

535 4783 636 4824 uec
673 4765 827 4820 bonis
867 4762 1028 4821 rebus
1067 4762 1448 4823 intumescere,
1475 4770 1577 4811 nec
1603 4753 1841 4809 molestis
1877 4754 2110 4808 animum

537 4855 836 4920 demittere,
862 4849 1201 4924 praesentium
1218 4847 1413 4903 nullam
1436 4845 1694 4901 rationem
1707 4844 1921 4914 ducere,
1938 4842 2111 4900 futura

539 4945 829 5010 rcapicere',
860 4943 1000 4997 diem
1042 4941 1190 4996 illum
1216 4945 1547 5009 exspectare,
1581 4937 1635 4991 in
1664 4935 1751 4990 tali
1796 4943 1937 4989 metu
1980 4934 2114 4989 assi-

541 5041 646 5094 due
660 5037 881 5093 versari.
911 5035 1013 5102 Qui
1037 5034 1154 5091 talis
1178 5041 1277 5099 est,
1302 5032 1406 5087 erit
1428 5029 1669 5101 angelus,
1695 5028 1783 5099 qui
1818 5026 1922 5083 hoc
1943 5027 2114 5082 solum

544 5131 780 5189 timuerit
807 5136 863 5184 et
900 5126 1031 5182 nihil
1074 5123 1213 5179 aliud
1241 5140 1256 5179 ι
1288 5122 1420 5177 nihil
1462 5122 1603 5177 enim
1633 5119 1774 5175 aliud
1818 5116 2041 5183 timebit,
2069 5117 2115 5171 si

543 5226 648 5282 hoc
672 5237 835 5277 unum
857 5218 1090 5275 timuerit
1110 5225 1168 5271 ut
1190 5215 1374 5270 timere
1398 5220 1607 5283 oportet
1634 5228 1646 5265 :
1674 5206 2116 5281 quemadmodum

542 5316 632 5386 qui
660 5329 764 5369 non
809 5311 913 5367 hoc
942 5307 1194 5373 timuerit,
1219 5306 1262 5361 is
1287 5305 1388 5360 erit
1412 5303 1673 5359 obnoxius
1696 5301 1875 5357 multis
1902 5300 2116 5355 terrori-

547 5409 669 5462 bus.
698 5407 753 5463 7.
802 5404 902 5471 Qui
942 5400 1201 5471 conﬁdunt
1228 5400 1281 5453 in
1309 5398 1485 5452 virtute
1512 5413 1605 5450 sua
1635 5403 1681 5449 et
1721 5395 1774 5447 in
1803 5393 2121 5448 multitudine

550 5496 837 5554 divitiarum
875 5509 1082 5547 suarum
1118 5490 1421 5563 gloriantur.
1447 5486 1622 5551 Alius,
1664 5483 2035 5555 Superbientes.
2063 5484 2117 5538 8.

552 5585 738 5641 Frater
758 5600 859 5637 non
882 5583 1100 5645 redimit,
1129 5581 1334 5634 redimet
1359 5576 1548 5631 homo?
1571 5573 1690 5629 Non
1720 5573 1855 5628 dabit
1886 5568 1989 5626 Deo
2008 5573 2122 5641 pla-

556 5677 800 5732 cationem
828 5688 990 5742 suam,
1018 5672 1071 5729 9.
1101 5681 1146 5727 et
1166 5672 1381 5743 pretium
1406 5667 1755 5740 redeiuptiouis
1779 5664 1961 5721 animi:
1995 5679 2117 5720 ssc.

1177 285 1234 342 S.
1274 281 1550 339 JOANNIS
1585 279 2051 343 CHRYSOS‘I'OMI
2091 279 2411 368 ARCIIIEP.
2449 280 2985 337 CONSTANTINOP.

3657 286 3762 344 2%

2180 392 2246 448 Et
2281 410 2526 465 quaenam
2554 405 2636 450 est
2665 396 2778 450 haec
2801 396 3183 466 consequentia
3204 398 3228 450 ἒ
3248 397 3448 454 dixerit
3475 398 3763 470 quispiam.

2177 485 2426 552 Pulchra,
2457 497 2512 542 et
2536 497 2682 542 recte
2700 488 2997 554 cohaerens,
3024 497 3081 544 et
3104 504 3427 559 magnopere
3451 490 3769 560 dependens

2175 591 2205 630 a
2230 577 2514 647 prioribus.
2551 579 2685 647 Quia
2712 580 2856 636 enim
2896 581 3211 649 loquebatur
3247 582 3316 637 de
3348 582 3573 651 judicio,
3616 594 3676 640 et
3697 585 3768 642 de

2178 666 2266 722 illa
2313 668 2533 725 terribili
2575 670 2845 726 reddenda
2891 672 3118 737 ratione,
3148 683 3204 727 et
3228 670 3299 727 de
3338 674 3607 729 sententia
3644 690 3767 745 qua

2179 760 2447 829 corrumpi
2467 776 2574 816 non
2597 771 2772 830 potest
2801 780 2815 816 :
2842 763 2998 818 multi
3020 771 3200 819 autem
3224 764 3277 819 in
3307 765 3375 821 iis
3391 780 3516 835 qua:
3536 764 3625 823 hic
3640 778 3766 825 sunt

2176 847 2411 917 iudiciis,
2434 850 2699 920 iudicibus
2724 854 2935 923 emptis,
2960 853 3049 923 jus
3075 864 3447 923 corruperunt,
3468 866 3522 911 et
3550 872 3757 926 pinnam

2183 938 2453 1006 vitarunt;
2506 942 2824 998 sententiam
2871 944 3014 998 illam
3060 959 3181 1013 quae
3222 945 3446 1003 minime
3492 952 3760 1020 corrumpi

2182 1037 2356 1099 potest
2381 1032 2699 1102 prmdicans,
2743 1044 2796 1090 et
2823 1050 2984 1105 quem
3024 1035 3170 1105 prius
3207 1035 3341 1092 dixit
3378 1038 3622 1095 timorem
3664 1057 3765 1095 au-

2178 1136 2331 1192 gens,
2356 1122 2470 1178 haec
2494 1123 2788 1193 subjuuxit,
2803 1124 3096 1180 Ostendcns
3113 1139 3173 1181 se
3198 1135 3342 1181 recte
3355 1124 3581 1197 dixisse,
3603 1144 3766 1200 opor-

2184 1224 2301 1271 tere
2325 1230 2491 1271 unum
2514 1230 2635 1271 esse
2658 1216 2927 1281 timorem,
2957 1229 3150 1286 nempe
3172 1230 3294 1271 eum
3324 1218 3411 1287 qui
3440 1233 3504 1273 ex
3545 1230 3765 1289 peccato

2183 1306 2568 1378 proficiscitur,
2594 1314 2650 1362 et
2689 1307 2893 1362 nullum
2921 1296 3105 1362 alium.
3150 1306 3245 1363 lus
3267 1309 3409 1363 enim
3439 1325 3545 1366 non
3588 1320 3766 1381 potest

2188 1396 2297 1451 illic
2346 1396 2616 1467 corrumpi
2662 1397 2884 1467 pecunia
2917 1414 2932 1450 :
2964 1412 3064 1454 nec
3110 1398 3235 1455 licet
3275 1398 3431 1453 donis
3477 1400 3764 1471 seipsume

2186 1489 2429 1560 gehenna
2461 1490 2669 1559 eripere
2697 1510 2711 1545 :
2744 1503 2844 1545 nec
2867 1490 3091 1544 salutem
3116 1488 3306 1545 afferre
3337 1499 3511 1559 potest
3531 1494 3761 1561 patroci-

2186 1581 2335 1637 nium
2359 1589 2412 1637 et
2433 1580 2659 1636 oratoris
2683 1580 2945 1647 defensio,
2973 1594 3073 1636 nec
3096 1580 3292 1651 aliquid
3317 1581 3486 1637 aliud.
3512 1582 3763 1650 Quamvis

2187 1675 2330 1729 enim
2361 1675 2435 1729 sis
2461 1673 2628 1738 dives,
2656 1673 2897 1744 quamvis
2924 1682 3133 1744 potens,
3159 1676 3400 1743 quamvis
3424 1674 3580 1731 alicui
3607 1687 3763 1733 notus

2192 1774 2243 1820 et
2268 1764 2563 1832 familiaris,
2586 1763 2701 1820 haec
2723 1763 2904 1819 omnia
2928 1771 3051 1818 sunt
3078 1763 3183 1818 illic
3208 1763 3445 1829 inutilia;
3474 1765 3582 1820 illic
3602 1781 3756 1821 unus.

2189 1855 2415 1926 quisque
2437 1870 2505 1910 ex
2531 1853 2685 1910 factis
2710 1853 2792 1909 vel
2820 1854 3057 1925 punitur,
3083 1852 3166 1908 vel
3187 1864 3484 1908 coronatur.
3512 1854 3758 1922 Quando-

2190 1948 2402 2017 quidem
2434 1955 2489 2002 et
2520 1933 2623 2018 qui
2668 1956 2783 2002 erat
2807 1955 2963 2002 actate
2987 1946 3195 2010 Lauri,
3237 1946 3384 2001 valde
3410 1945 3558 2003 dives
3596 1956 3711 2002 erat
3735 1988 3753 2012 ,

2191 2036 2286 2092 sed
2331 2036 2462 2091 nihil
2505 2038 2554 2093 ei
2584 2039 2895 2108 profuerunt
2935 2036 3134 2091 divitia:
3180 2035 3330 2108 (Luc.
3379 2036 3468 2108 16)
3498 2055 3513 2092 :
3540 2046 3597 2092 et
3620 2047 3760 2092 nota:

2186 2135 2345 2183 erant
2385 2126 2619 2198 virgines
2647 2126 2958 2196 virginibus,
2986 2125 3081 2181 scd
3120 2126 3250 2181 nihil
3279 2126 3530 2196 easjuvit
3568 2127 3657 2182 illa
3683 2128 3761 2181 fa-

2190 2219 2469 2274 miliaritas
2510 2218 2723 2292 (Matth.
2751 2218 2848 2288 25)
2880 2239 2894 2275 :
2925 2234 3086 2273 unum
3129 2227 3213 2275 est
3249 2219 3395 2274 enim
3441 2218 3550 2274 illic
3594 2218 3763 2274 solum

2192 2310 2334 2382 quod
2357 2311 2639 2381 quaeritur.
2664 2308 2774 2365 Vos
2798 2325 2948 2380 ergo,
2973 2309 3158 2379 inquit,
3186 2300 3277 2379 qui
3298 2309 3489 2379 apibus
3512 2308 3689 2375 fiditis,
3712 2324 3767 2364 et

2189 2402 2323 2457 estis
2348 2401 2656 2456 circumdati
2682 2400 2937 2472 potentia,
2970 2398 3162 2456 frustra
3191 2399 3541 2455 intumescitis
3560 2420 3574 2455 :
3596 2414 3767 2470 neque

2190 2493 2340 2548 enim
2363 2491 2637 2547 vobiscum
2663 2491 3047 2546 transmittetur
3074 2490 3127 2545 in
3170 2489 3298 2545 illud
3322 2489 3579 2560 judicium
3605 2504 3763 2560 pecu-

2194 2585 2298 2641 nia:
2339 2582 2680 2648 abundantia,
2727 2596 2827 2638 nec
2875 2583 3015 2637 vires
3062 2581 3348 2652 potentia;
3378 2580 3475 2637 sed
3521 2595 3621 2636 nec
3661 2580 3767 2636 ulla

2195 2674 2533 2731 necessitudo
2559 2681 2651 2728 aut
2688 2673 2956 2743 cognatio,
3005 2686 3104 2728 nec
3150 2671 3348 2743 aliquid
3385 2670 3647 2740 ejusmodi
3673 2686 3767 2727 vos

2196 2766 2302 2822 illic
2333 2765 2540 2836 eripiet.
2581 2764 2696 2820 Non
2727 2764 2854 2820 licet
2893 2764 3000 2818 illic
3027 2763 3214 2818 solutis
3254 2763 3513 2833 pecuniis,
3539 2770 3631 2818 aut
3664 2762 3768 2818 ulla

2196 2858 2518 2928 expiatione,
2548 2864 2639 2912 aut
2662 2855 2833 2927 pretio
2855 2854 3046 2909 anima:
3076 2854 3241 2909 ullum
3271 2868 3519 2923 umquam
3544 2857 3765 2911 servari.

2201 2947 2339 3016 Quid
2367 2961 2496 3016 ergo
2524 2954 2608 3001 est
2630 2944 2773 3016 quod
2797 2944 2928 2999 dicit
2951 2943 3223 3013 Scriptura
3253 2964 3267 2999 :
3295 2941 3473 2996 Facite
3495 2942 3631 2998 vobis
3644 2947 3779 3000 ami-

2198 3054 2285 3093 cos
2307 3054 2372 3092 ea:
2411 3037 2585 3108 iniquo
2624 3051 2876 3103 memoria,
2903 3044 2959 3089 ut
2996 3050 3081 3089 vos
3118 3034 3361 3104 recipiant
3386 3033 3439 3087 in
3467 3044 3654 3089 (eterna
3696 3044 3773 3086 ta-

2201 3128 2470 3185 bernacula
2519 3127 2668 3200 (Luc.
2714 3126 2804 3183 16.
2844 3126 2945 3197 9)?
2974 3125 3233 3193 Quidnam
3277 3134 3361 3180 est
3386 3124 3529 3195 quod
3570 3124 3771 3179 dictum

2198 3232 2282 3279 est
2301 3223 2325 3277 ἲ
2347 3220 2487 3278 Nihil
2531 3220 2875 3285 contrarium,
2907 3233 3007 3275 nec
3035 3231 3333 3287 repugnans
3358 3216 3638 3286 prioribus,
3676 3230 3772 3270 seu

2201 3313 2355 3368 valde
2422 3312 2582 3368 etiam
2645 3310 3005 3366 consentiens.
3051 3307 3108 3363 In
3161 3308 3411 3378 praesenti
3473 3307 3618 3362 enim
3668 3308 3775 3361 vita

2201 3402 2426 3461 faciendi
2473 3412 2598 3459 sunt
2650 3402 2806 3459 amici
2829 3441 2848 3467 ,
2900 3399 3155 3457 solvendo
3205 3399 3454 3470 pecunias
3476 3439 3491 3464 ,
3545 3414 3771 3469 erogau-

2200 3495 2273 3553 do
2309 3511 2372 3552 ac
2408 3492 2770 3551 consumendo
2813 3490 3091 3547 facultates
3132 3490 3185 3545 in
3214 3503 3429 3561 egenos.
3481 3488 3623 3544 Nihil
3648 3504 3775 3559 ergo

2205 3588 2292 3645 hic
2330 3587 2472 3643 aliud
2517 3585 2797 3658 significat,
2824 3583 2926 3639 nisi
2973 3582 3171 3653 largam
3218 3593 3273 3637 et
3320 3582 3591 3652 copiosam
3633 3580 3776 3637 elee-

2205 3695 2506 3752 mosynam.
2549 3678 2606 3734 Si
2646 3677 2788 3733 enim
2817 3691 2940 3732 cum
2987 3674 3120 3730 nihil
3165 3688 3351 3729 eorum
3389 3672 3604 3739 feceris,
3652 3672 3778 3726 illuc

2206 3772 2445 3838 recedas,
2500 3784 2657 3825 nemo
2694 3778 2747 3825 te
2792 3767 3060 3825 defendet.
3117 3765 3298 3835 Neque
3335 3765 3481 3820 enim
3527 3777 3625 3820 nos
3678 3761 3778 3818 de-

2208 3864 2375 3920 fendit
2408 3862 2615 3918 illorum
2657 3860 2911 3927 amicitia,
2949 3857 3045 3921 sed
3069 3856 3211 3927 quod
3247 3872 3315 3912 ex
3353 3870 3598 3911 mamoua
3624 3853 3779 3909 amici

2210 3963 2333 4019 facti
2376 3961 2575 4017 fuerint
2602 3978 2617 4018 :
2644 3968 2926 4029 propterea
2956 3954 3168 4026 adjecit,
3194 3953 3394 4007 Amicos
3422 3968 3484 4007 ea:
3508 3967 3740 4005 mammia
3761 3990 3778 4016 ,

2210 4064 2269 4111 ut
2295 4054 2432 4110 scias
2457 4051 2598 4123 quod
2626 4050 2741 4120 ipsa
2773 4059 2861 4104 tua
2904 4061 3066 4117 opera
3097 4044 3189 4100 tibi
3226 4051 3446 4114 parcent
3472 4042 3513 4107 ‘,
3544 4041 3781 4097 eleemo-

2210 4162 2364 4219 syna,
2391 4144 2693 4207 clementia,
2722 4142 2777 4196 in
2800 4152 3057 4211 pauperes
3075 4134 3454 4192 munificentia.
3480 4133 3613 4189 Nam
3643 4131 3781 4203 quod

2213 4253 2312 4293 nec
2338 4235 2611 4306 cognatio,
2641 4248 2741 4288 nec
2784 4228 3119 4286 necessitudo
3145 4225 3427 4297 quidquam
3454 4223 3624 4295 prosit
3663 4221 3785 4276 abs-

2212 4343 2316 4400 que
2345 4326 2613 4397 operibus,
2659 4323 2784 4378 audi
2821 4321 2965 4392 quod
3007 4320 3133 4375 dicit
3172 4314 3427 4388 propheta
3457 4331 3472 4369 :
3500 4312 3564 4370 Si
3598 4312 3785 4367 steterit

2217 4422 2353 4490 Noe,
2380 4432 2425 4475 et
2443 4419 2564 4485 Job,
2591 4429 2637 4474 et
2676 4416 2881 4482 Daniel,
2913 4415 3045 4485 ﬁlios
3071 4428 3188 4467 suos
3214 4421 3260 4465 et
3289 4410 3422 4479 [ilius
3441 4424 3559 4463 suas
3594 4422 3695 4460 non
3720 4405 3756 4459 li
3766 4432 3788 4444 ο

2215 4517 2452 4571 berabunt
2485 4512 2693 4585 (Emit.
2737 4511 2828 4567 14.
2859 4510 2949 4565 14.
2981 4507 3095 4576 18).
3122 4505 3190 4560 Et
3221 4503 3348 4574 quid
3386 4502 3507 4557 dico
3534 4502 3585 4556 in
3613 4499 3788 4553 futura

2217 4607 2344 4672 vita,
2371 4604 2583 4676 quando
2610 4616 2709 4657 nec
2736 4602 2791 4657 in
2836 4596 3089 4671 praesenti
3114 4595 3399 4666 quidquam
3423 4594 3574 4663 juvat
3598 4590 3788 4645 amici-

2218 4699 2289 4754 tia
2313 4698 2337 4753 τ
2374 4696 2638 4764 Quantum
2668 4694 2801 4749 luxit
2825 4701 2884 4748 et
2922 4690 3067 4747 flevit
3094 4686 3330 4753 Samuel,
3361 4695 3415 4742 et
3440 4685 3656 4743 Saftiem
3683 4699 3791 4737 non

2216 4788 2414 4859 eripuit
2446 4787 2521 4858 (1.
2554 4786 2684 4856 Reg.
2717 4784 2804 4840 l5.
2833 4781 2925 4853 35)
2949 4782 2973 4835 ἳ
3003 4787 3257 4850 quantum
3286 4791 3414 4833 vero
3439 4784 3686 4847 precatus
3712 4786 3791 4829 est

2219 4878 2500 4944 Jeremias,
2525 4884 2580 4931 et
2603 4874 2816 4931 Iudaeos
2842 4871 2974 4927 nihil
2995 4870 3132 4941 juvit
3158 4867 3291 4941 (λιν.
3324 4867 3411 4924 ib.
3442 4867 3496 4922 Ἰ.
3527 4865 3656 4937 ll)?
3687 4865 3795 4919 imo

2221 4971 2382 5027 etiam
2410 4970 2535 5024 dum
2562 4976 2741 5022 oraret
2766 4963 2867 5020 fuit
2907 4959 3287 5032 reprehensus.
3314 4958 3381 5012 Et
3407 4954 3534 5026 quid
3561 4955 3794 5021 miraris,

2220 5063 2267 5117 si
2293 5060 2425 5116 nihil
2461 5056 2658 5130 profuit
2682 5054 2964 5120 Jeremias,
2990 5048 3204 5122 quando
3230 5062 3330 5103 nec
3356 5046 3558 5101 Iosem
3581 5046 3797 5115 quidem

2223 5154 2321 5220 ait,
2360 5153 2405 5206 si
2430 5151 2620 5205 fuisset
2644 5149 2733 5203 illo
2767 5155 3030 5214 tempore,
3059 5156 3277 5199 servare
3301 5139 3537 5211 potuisse
3560 5138 3796 5204 iudices,

2224 5241 2654 5315 quandoquidem
2676 5251 2862 5295 eorum
2910 5235 3207 5290 invaluerat
3232 5229 3489 5302 nequitia,
3517 5242 3617 5284 nec
3638 5244 3705 5283 ex
3740 5242 3801 5284 se

2223 5336 2419 5408 aliquid
2447 5333 2735 5388 attulerant
2762 5327 2891 5401 (Jer.
2918 5328 3006 5384 15.
3040 5324 3133 5397 l)?

2294 5434 2350 5486 5.
2381 5428 2687 5484 Sanctorum
2711 5438 2910 5494 preces;
2940 5420 3122 5475 anima:
3157 5419 3409 5491 dignitas;
3448 5434 3602 5488 opera
3630 5428 3801 5468 neces-

2291 5608 2305 5639 ί
2343 5610 2481 5653 Juxta
2505 5600 2709 5649 Boisium
2730 5598 2992 5662 legendum
3010 5605 3160 5661 esset,
3181 5602 3437 5660 protegent,
3461 5608 3565 5658 pro,
3588 5596 3800 5657 pta-rem.

2232 5670 2321 5719 sed
2347 5670 2560 5724 verbum,
2586 5670 2797 5727 paravit,
2815 5662 3033 5726 quadrat.
