4074 6206
341 362 450 426 εει)

337 496 477 535 sana
515 489 659 535 sunt.
703 513 773 524 -—
815 484 1084 551 Quantum
1125 504 1220 559 pro
1260 491 1454 548 Judaeis
1492 495 1810 554 lamentatus
1847 511 1930 556 est

341 571 556 640 Paulus,
587 573 779 630 dicens
811 595 824 632 :
861 576 1098 645 Fratres,
1131 581 1262 636 bona
1287 585 1482 652 quidem
1505 587 1736 643 uoluntas
1762 591 1930 645 cordis

337 663 435 716 mei
467 673 516 717 et
545 665 826 720 obsecratio
861 669 930 721 ad
966 669 1130 724 Deum
1167 681 1238 726 est
1275 689 1366 743 pro
1409 675 1531 744 ipsis
1557 678 1575 708 ¹
1612 678 1680 732 ad
1715 682 1927 736 salutent

340 751 361 823 (
385 753 534 808 Rom.
569 755 660 810 to.
689 757 713 810 1
737 756 803 826 )?
829 758 962 826 Quid
991 776 1116 831 ergo
1145 763 1309 818 valuit
1335 765 1450 834 ejus
1479 767 1814 826 obsecratio?
1833 773 1920 828 Ni-

339 846 434 902 hil.
463 847 530 902 Et
556 848 686 918 quid
714 850 835 905 dico
863 852 1193 922 obsecratio,
1221 871 1341 912 cum
1368 874 1464 928 pro
1489 861 1566 914 eis
1601 877 1721 918 esse
1758 865 1920 920 etiam

335 938 619 996 anathema
646 944 909 1010 optaverit
937 943 1110 1017 (Rom.
1142 946 1194 1001 9.
1227 948 1300 1019 5)
1325 949 1349 1002 ?
1377 951 1512 1018 Quid
1537 955 1706 1024 ergo?
1729 967 1922 1012 suntn':

331 1043 746 1099 supervacanea:
793 1043 1095 1090 sanctorum
1127 1039 1359 1107 preces?
1401 1040 1748 1114 Nequaquam
1776 1087 1791 1112 ,
1824 1047 1919 1102 sed

329 1135 550 1192 magnas
571 1123 732 1176 etiam
756 1124 898 1181 vires
923 1125 1140 1194 habent,
1165 1129 1380 1200 quando
1402 1140 1455 1185 tu
1483 1149 1693 1202 quoque
1721 1136 1801 1190 eis
1827 1152 1921 1190 au-

331 1209 518 1266 xilium
545 1213 751 1268 tuleris.
788 1214 861 1268 Ita
889 1216 1050 1271 etiam
1081 1217 1269 1274 Petrus
1299 1221 1573 1278 suscitavit
1598 1225 1878 1280 Tabitham
1897 1267 1912 1292 ,

327 1316 431 1356 non
459 1303 632 1357 solum
655 1306 921 1373 oratione,
951 1307 1044 1363 sed
1069 1309 1228 1364 etiam
1255 1311 1396 1366 illius
1419 1314 1758 1386 eleemosyna
1776 1316 1914 1387 (Act.

324 1393 379 1449 9.
411 1395 504 1449 36.
531 1395 684 1468 sqq.)
715 1414 729 1449 :
757 1397 829 1451 ita
855 1399 1022 1454 sancti
1051 1410 1264 1456 orantes
1301 1402 1436 1459 alios
1469 1404 1807 1476 adjuverunt.
1850 1409 1915 1462 Et

323 1487 426 1542 hoc
456 1487 669 1557 quidem
701 1489 808 1556 hic,
837 1491 921 1545 ubi
949 1493 1176 1548 stadium
1205 1504 1288 1550 est
1315 1505 1368 1551 et
1398 1497 1536 1554 lucta
1563 1515 1576 1552 ε
1600 1498 1710 1554 illic
1731 1510 1910 1556 autem

320 1577 454 1632 nihil
484 1578 699 1645 horum,
729 1581 823 1636 sed
848 1591 1014 1638 estex
1039 1584 1166 1639 solis
1195 1585 1348 1642 factis
1372 1590 1534 1643 salus.
1566 1589 1794 1647 Pulchre
1815 1607 1911 1647 an-

319 1677 428 1722 tem
458 1668 546 1722 hic
581 1669 882 1726 ludificatur
912 1673 1103 1730 divites
1127 1715 1142 1738 ,
1173 1685 1226 1730 et
1269 1691 1362 1732 eos
1399 1678 1488 1748 qui
1529 1679 1905 1738 intumescunt.

316 1761 500 1831 Neque
537 1763 682 1818 enim
723 1765 894 1830 dixit,
927 1766 1024 1834 Qui
1071 1767 1267 1822 habent
1311 1772 1592 1839 pecunias,
1635 1775 1901 1843 nee,--Qui

315 1867 558 1922 magnam
605 1853 806 1908 habent
844 1857 1136 1925 potentiam
1167 1875 1182 1912 :
1213 1859 1305 1914 sed
1329 1901 1342 1922 ,
1392 1860 1494 1924 Qui
1540 1861 1804 1932 conﬁdunt
1845 1865 1900 1919 in

313 1945 635 1998 multitudine
657 1947 946 2001 diuitiarum
968 1965 1194 2014 suarum,
1221 1961 1266 2003 et
1282 1951 1334 2004 in
1351 1953 1453 2005 suis
1467 1951 1652 2007 uiribus
1668 1953 1896 2025 glorian-

312 2045 413 2104 tur,
435 2053 532 2092 eos
552 2038 781 2094 irridens
805 2048 858 2095 et
884 2041 1149 2096 insectans
1174 2085 1188 2106 ,
1213 2044 1352 2113 quod
1381 2047 1580 2102 umbris
1603 2050 1894 2116 confidant,

312 2137 370 2182 et
409 2136 626 2199 propter
665 2129 866 2184 fumum
910 2146 970 2186 se
997 2133 1287 2189 venditent.
1327 2135 1493 2191 Recte
1519 2146 1696 2193 autem
1720 2139 1890 2208 dixit,

312 2216 543 2274 Pretium
569 2222 926 2292 redemptionis
955 2225 1140 2278 animae
1165 2242 1273 2280 sua:
1313 2243 1413 2282 non
1455 2228 1591 2282 dabit
1618 2245 1638 2284 :
1667 2233 1894 2299 pretium

305 2312 446 2365 enim
472 2312 668 2366 animte
695 2328 800 2366 non
818 2323 898 2368 est
921 2330 988 2369 ne
1019 2315 1299 2370 universus
1318 2317 1531 2385 quidem
1554 2321 1800 2375 mundus.
1828 2321 1895 2376 Et

308 2402 425 2457 ideo
451 2403 668 2458 diccbat
701 2423 715 2458 :
749 2405 884 2472 Quid
906 2407 1106 2475 prodest
1129 2407 1322 2461 homini
1349 2409 1392 2462 si
1421 2411 1703 2466 universum
1741 2429 1890 2467 mun-

301 2494 422 2546 dum
445 2496 702 2560 lucretur,
731 2497 914 2550 animi:
937 2506 1102 2550 autem
1138 2513 1244 2553 suta
1284 2499 1634 2556 detrimentum
1667 2505 1890 2573 patiatur

301 2587 513 2658 (Matth.
537 2589 625 2643 16.
647 2587 780 2659 ξων
803 2589 866 2644 Ut
887 2598 1064 2644 autem
1093 2592 1230 2646 scias
1249 2608 1318 2648 ne
1341 2595 1647 2648 universum
1673 2596 1886 2666 quidem

299 2679 555 2734 mundum
603 2695 724 2735 esse
764 2683 990 2749 pretium
1031 2682 1260 2748 animae,
1303 2684 1427 2739 audi
1464 2685 1712 2755 quidnam
1743 2687 1886 2742 Pau-

302 2771 383 2824 lus
416 2769 562 2825 dieat
587 2770 653 2824 de
675 2771 798 2826 aliis
821 2773 1020 2828 sanctis
1047 2790 1062 2829 :
1093 2773 1456 2832 Circumierunt
1490 2779 1543 2832 in
1576 2777 1734 2836 crinis
1757 2788 1805 2834 et
1832 2781 1886 2835 in

293 2861 516 2928 caprinis
541 2860 781 2930 pellibus.
803 2869 1028 2931 egentes,
1050 2867 1236 2933 pressi,
1263 2865 1433 2938 afﬂicti
1449 2908 1464 2935 ,
1498 2867 1676 2934 quibus
1700 2869 1884 2941 dignus

289 2966 394 3006 non
420 2962 528 3006 erat
557 2953 780 3007 mundus
805 2953 987 3024 (Hebr.
1016 2955 1098 3010 ll.
1120 2955 1208 3010 57.
1237 2957 1347 3028 58).
1378 2956 1602 3014 Mundus
1627 2962 1768 3016 enim
1799 2972 1880 3018 est

292 3055 512 3114 propter
534 3045 788 3100 animam.
820 3045 1272 3112 Quemadmodum
1303 3064 1432 3120 ergo
1463 3065 1566 3104 non
1608 3053 1877 3122 acceperit

290 3144 443 3202 pater
460 3135 676 3189 domum
707 3151 802 3205 pro
821 3137 950 3202 ﬁlio,
977 3139 1044 3192 ita
1069 3153 1166 3194 nec
1191 3141 1334 3196 Deus
1356 3141 1610 3196 mundum
1639 3158 1738 3212 pro
1759 3145 1876 3198 ani-

288 3239 418 3289 ma;
453 3223 548 3279 sed
575 3226 820 3293 operibus
858 3235 914 3280 et
954 3236 1098 3282 recte
1136 3226 1292 3284 factis
1321 3244 1454 3298 opus
1477 3240 1579 3286 est.
1612 3232 1703 3286 Vis
1737 3234 1877 3288 scire

283 3323 552 3382 quantum
602 3314 668 3367 sit
717 3316 938 3384 pretium
988 3317 1281 3372 animarum
1335 3321 1677 3375 nostrarum?
1728 3321 1872 3376 Red-

285 3415 576 3474 empturus
603 3421 715 3460 eam
748 3405 1078 3478 Unigi-nitns,
1109 3426 1212 3463 non
1254 3410 1506 3465 mundum
1556 3410 1736 3479 dedit,
1764 3429 1870 3468 non

282 3495 584 3565 hominem,
605 3513 706 3552 non
731 3509 946 3567 terram,
983 3515 1091 3554 non
1113 3516 1276 3567 mare,
1292 3502 1384 3556 sed
1405 3518 1558 3557 suum
1581 3505 1868 3573 pretiosum

279 3595 618 3660 sanguinem.
653 3592 909 3660 Quocirca
955 3593 1164 3648 diccbat
1207 3594 1400 3650 Paulus
1445 3610 1459 3647 :
1503 3595 1676 3650 Pretio
1715 3600 1870 3667 empti

274 3683 416 3746 estis,
439 3683 598 3736 nolite
620 3683 731 3751 ﬁeri
749 3684 878 3738 servi
904 3683 1160 3738 hominum
1189 3685 1263 3751 (l.
1289 3685 1405 3739 Cor.
1429 3687 1479 3738 7.
1511 3685 1583 3741 25
1601 3687 1646 3760 ).
1678 3687 1866 3745 Vidisti

275 3774 696 3844 magnitudinem
721 3776 914 3845 pretii?
942 3775 1163 3843 Quando
1190 3791 1314 3846 ergo
1334 3792 1450 3832 eam
1481 3779 1608 3834 tanti
1631 3789 1862 3850 emptam

274 3866 572 3934 perdideris
595 3907 612 3932 ,
655 3867 921 3936 quomodo
952 3869 1148 3936 poteris
1185 3884 1302 3924 eam
1343 3869 1595 3940 deinceps
1637 3875 1861 3930 emere?

269 3957 508 4013 Christus
534 3958 666 4011 enim
688 3975 722 4011 a
745 3959 954 4013 mortuis
972 3960 1257 4022 suscitatus,
1279 3976 1380 4014 non
1406 3962 1627 4032 amplius
1647 3962 1861 4018 moritur

265 4048 464 4118 (Rom.
493 4049 549 4106 6.
580 4047 676 4122 9).
711 4049 894 4105 Vidisti
931 4066 1088 4121 quam
1131 4052 1201 4106 sit
1249 4052 1477 4120 pretiosa
1531 4055 1705 4107 anima
1740 4093 1756 4120 ,
1806 4063 1862 4110 et

261 4153 462 4212 quanta
495 4142 568 4198 sit
605 4142 720 4210 ejus
755 4140 1020 4212 dignitas?
1055 4141 1134 4197 Ne
1176 4157 1294 4196 eam
1342 4158 1468 4213 ergo
1511 4145 1780 4214 negligas,
1807 4157 1860 4202 et

257 4235 536 4303 captivam
563 4233 784 4288 efﬁcias.
811 4232 878 4287 Et
905 4233 1146 4288 laboravit
1169 4235 1220 4287 in
1242 4243 1484 4288 teternum
1501 4274 1517 4300 ,
1543 4234 1631 4289 10.
1662 4244 1707 4289 et
1733 4237 1858 4289 vivet

255 4327 309 4377 in
329 4327 519 4395 ﬁnem.
545 4326 694 4380 Alius
722 4325 982 4394 interpres
1008 4325 1172 4391 dixit,
1207 4325 1273 4380 Et
1301 4326 1485 4394 quievit
1511 4329 1564 4380 in
1589 4329 1852 4384 stecnlnm.

257 4421 436 4489 Alius,
463 4420 600 4476 Cum
625 4420 822 4474 desierit
841 4420 956 4473 huic
975 4419 1182 4486 stecule,
1208 4419 1333 4474 uiuet
1354 4420 1405 4474 in
1424 4429 1682 4474 internum.
1705 4419 1850 4488 Quo-

251 4513 393 4566 niam
427 4513 581 4567 enim
609 4511 742 4565 dixit
763 4511 828 4565 de
855 4510 1128 4575 divitibus,
1159 4511 1406 4581 quoniam
1428 4510 1645 4566 dixitde
1666 4521 1852 4582 poten-

248 4604 426 4668 tibus,
461 4611 524 4658 et
552 4603 788 4657 ostendit
812 4617 880 4657 ex
911 4602 994 4656 his
1023 4601 1152 4656 nihil
1184 4603 1317 4656 lucri
1347 4603 1457 4656 fieri
1492 4621 1506 4658 :
1541 4603 1668 4658 dicit
1691 4603 1846 4659 dein-

245 4709 372 4762 ceps
397 4695 470 4750 de
495 4694 564 4748 iis
585 4694 672 4762 qui
701 4693 946 4747 vixerunt
975 4693 1027 4747 in
1060 4692 1272 4757 virtute,
1301 4693 1370 4749 de
1399 4692 1465 4748 iis
1487 4693 1576 4764 qui
1600 4695 1846 4751 vixerunt

244 4785 294 4838 iu
325 4785 618 4840 laboribus
645 4791 699 4838 et
725 4778 1102 4838 alllictionibus
1124 4825 1140 4849 ,
1183 4797 1382 4839 acuens
1409 4783 1636 4840 athletas
1663 4785 1844 4857 philo-

238 4874 471 4943 suphize.
517 4873 642 4928 Noli
681 4875 822 4928 enim
863 4873 964 4928 hoc
1003 4873 1132 4928 mihi
1169 4872 1384 4940 dicere,
1409 4873 1517 4940 ait,
1553 4889 1844 4933 aerumnam

239 4963 308 5020 illi
337 4981 404 5022 ac
431 4965 683 5020 laborem
708 4963 1080 5019 exantlandum
1114 4964 1306 5032 fuisse;
1341 4979 1524 5021 verum
1565 4967 1842 5022 considera

235 5057 498 5123 fructum,
526 5055 673 5126 quod
701 5054 861 5110 homo
881 5055 952 5110 sit
971 5055 1307 5121 immortalis,
1335 5055 1475 5126 quod
1495 5056 1602 5111 vita
1625 5057 1842 5112 immor-

234 5149 355 5204 talis
382 5148 662 5218 excipiat,
691 5148 800 5201 vita
825 5162 944 5217 qua:
973 5148 1129 5202 linem
1159 5163 1264 5202 non
1293 5147 1470 5203 habet.
1502 5148 1712 5215 Quanto
1739 5151 1836 5219 igi-

232 5249 317 5294 tur
343 5242 419 5295 sit
451 5238 688 5301 melius,
719 5253 843 5292 cum
874 5237 961 5291 hic
987 5252 1173 5307 parum
1201 5237 1563 5304 laboraveris,
1596 5240 1836 5310 requiem

228 5343 494 5388 a-ternam
541 5330 760 5401 assequi
789 5371 805 5394 ,
836 5345 994 5399 quam
1028 5346 1148 5386 cum
1187 5329 1274 5387 hic
1304 5331 1395 5387 tibi
1439 5348 1724 5403 parumper
1751 5335 1834 5388 in-

227 5423 490 5488 dulseris,
522 5431 786 5493 perpetuo
808 5420 1030 5475 cruciari
1052 5420 1075 5475 ?
1097 5421 1300 5478 Deinde
1324 5423 1610 5478 ostendens
1633 5439 1738 5479 non
1769 5425 1834 5479 il-

227 5512 291 5570 lic
311 5516 501 5571 solum
533 5526 659 5567 esse
685 5511 904 5582 praemia
933 5519 986 5566 et
1005 5525 1269 5578 coronas;
1299 5512 1394 5568 sed
1415 5513 1573 5569 etiam
1602 5515 1688 5570 hic
1703 5529 1834 5586 quo-

223 5622 326 5676 que
352 5620 486 5662 esse
533 5602 796 5674 principia
833 5602 1172 5672 prtetniorum
1197 5643 1213 5670 ,
1254 5603 1558 5674 subiunxit:
1588 5606 1674 5662 ll.
1710 5603 1830 5662 Non

223 5696 419 5754 ridebit
447 5695 724 5750 interitum
746 5734 762 5759 ,
796 5709 910 5746 cum
947 5693 1124 5750 riden’t
1162 5695 1412 5766 sapientes
1439 5698 1718 5753 morientes.
1751 5695 1830 5755 Ne

282 5831 304 5863 ⁸
337 5837 475 5882 Unus
497 5825 620 5878 οοό.
636 5862 650 5890 ,
673 5839 768 5891 pro
796 5827 960 5879 Israel.

1454 383 1808 444 EXPOSITIO
1846 388 1910 445 ΙΝ
1950 389 2268 449 PSALMUM
2300 393 2529 452 XLVIII.

3520 421 3623 479 '230

2037 505 2178 557 enim
2212 507 2337 560 mihi
2377 508 2559 578 dicas,
2609 511 2958 574 Solummodo
3001 523 3175 582 futura
3221 533 3498 600 promittis.
3543 542 3619 596 Do

2037 597 2126 650 tibi
2157 596 2240 652 hic
2266 601 2423 655 etiam
2454 604 2672 673 pignora
2701 622 3018 668 coronarum
3048 657 3063 681 ,
3106 620 3210 675 imo
3243 631 3369 680 vero
3407 629 3618 688 arrham

2034 686 2201 755 ipsam
2226 699 2280 745 et
2308 696 2542 761 praemia.
2564 697 2858 766 Quomodo,
2885 715 2936 759 et
2956 721 3182 776 quanam
3209 717 3452 775 ratione?
3473 723 3610 791 Quo-

2030 779 2171 834 niam
2196 785 2284 853 qui
2316 785 2734 858 philosophatur,
2753 803 2807 848 et
2837 812 2931 867 spe
2960 799 3254 860 futurorum
3279 779 3518 879 erigitur:
3549 839 3620 879 ne

2029 883 2255 928 mortem
2277 878 2488 946 quidem
2513 892 2734 939 mortem
2756 901 2874 944 esse
2897 893 3094 959 putabit
3117 913 3129 949 :
3149 899 3242 953 sed
3267 901 3448 958 videns
3471 878 3613 961 more

2029 970 2173 1016 tuum
2191 965 2456 1033 jacentem
2478 981 2602 1026 ante
2621 975 2823 1041 oculos,
2845 995 2947 1034 non
2971 981 3042 1037 ita
3072 984 3332 1043 afficietur
3357 1002 3410 1045 ut
3436 995 3604 1063 multi,

2026 1066 2146 1107 cum
2164 1056 2302 1125 apud
2319 1075 2378 1114 se
2397 1071 2603 1131 reputet
2622 1079 2866 1134 coronas,
2888 1073 3124 1140 praemia,
3146 1075 3279 1131 bona
3299 1080 3605 1153 inell'abilia,

2023 1159 2142 1212 quae
2164 1161 2336 1215 neque
2361 1152 2546 1207 oculus
2563 1155 2708 1221 vidit,
2731 1173 2827 1214 nec
2843 1162 2985 1218 auris
3005 1166 3204 1221 audivit
3227 1169 3302 1241 (*2.
3322 1169 3506 1228 Cor.2.
3521 1176 3603 1249 9),

2023 1235 2182 1290 vitam
2209 1238 2350 1293 illam
2374 1279 2390 1308 ,
2415 1241 2708 1301 ducendam
2733 1263 2852 1303 cum
2878 1253 3076 1322 angelis
3101 1235 3376 1318 choreum.
3403 1235 3603 1329 Quem-

2020 1327 2304 1385 admodum
2324 1348 2450 1404 ergo
2469 1339 2696 1406 agricola
2721 1356 2841 1396 cum
2866 1345 3008 1401 videt
3035 1345 3360 1409 frumentum
3383 1327 3599 1414 dissolvi

2019 1429 2073 1472 et
2101 1420 2336 1488 interire,
2365 1440 2468 1480 non
2491 1428 2673 1498 ahjicit
2697 1433 2952 1502 animum,
2977 1452 3076 1492 nec
3095 1454 3328 1498 maerore
3348 1444 3596 1515 afﬁcitur,

2016 1509 2110 1563 sed
2153 1520 2277 1566 tunc
2321 1516 2548 1571 maxime
2586 1521 2814 1577 exsultat
2849 1533 2902 1579 et
2943 1526 3170 1596 laetatur,
3197 1535 3374 1588 sciens
3402 1537 3516 1593 fore
3539 1551 3598 1594 ut

2010 1597 2104 1655 ille
2133 1599 2373 1658 interitus
2399 1605 2470 1660 sit
2492 1617 2642 1662 ortus
2671 1613 2909 1669 melioris
2937 1617 3253 1688 principium
3275 1663 3289 1687 ,
3321 1633 3376 1680 et
3404 1625 3594 1684 funda-

2013 1700 2247 1747 mentum
2279 1696 2495 1766 majoris
2523 1698 2808 1758 fertilitatis
2835 1722 2849 1758 :
2882 1706 2953 1760 ita
2983 1711 3140 1764 etiam
3164 1710 3359 1782 justus,
3387 1718 3476 1786 qui
3501 1735 3593 1776 re-

2010 1791 2096 1838 cte
2139 1785 2289 1840 factis
2315 1787 2606 1858 gloriatur,
2649 1801 2704 1848 et
2750 1810 2967 1866 regnum
3011 1802 3248 1870 quotidie
3275 1785 3547 1878 exspectat
3572 1851 3589 1876 ,

2008 1877 2220 1946 quando
2259 1880 2448 1936 viderit
2485 1893 2708 1941 mortem
2748 1889 2902 1945 sitam
2940 1901 3062 1948 ante
3092 1897 3273 1952 oculos
3297 1939 3314 1968 ,
3357 1877 3462 1959 non
3488 1919 3588 1959 an-

2004 1968 2165 2035 gitur,
2201 1985 2298 2024 nec
2321 1986 2380 2026 se
2409 1973 2627 2032 afﬂictat
2655 1987 2711 2034 ut
2749 1982 2939 2050 multi,
2981 2001 3086 2041 non
3131 1999 3354 2046 vexatur
3377 2003 3432 2048 et
3467 2011 3588 2066 per-

2007 2059 2246 2116 turbatur
2268 2079 2282 2117 :
2305 2065 2404 2119 scit
2425 2066 2588 2133 enim,
2611 2081 2834 2126 mortem
2852 2075 2916 2128 iis
2933 2077 3018 2145 qui
3043 2089 3184 2136 recte
3203 2081 3446 2141 vixerunt
3465 2102 3585 2144 esse

2003 2149 2369 2220 migrationem
2399 2165 2452 2212 et
2481 2161 2756 2216 transitum
2798 2163 2864 2219 ad
2909 2168 3124 2224 meliora
3148 2212 3165 2237 ,
3191 2181 3246 2227 et
3271 2189 3485 2247 cursum
3514 2180 3581 2234 ad

1999 2243 2334 2312 accipiendas
2357 2261 2600 2306 coronas.
2629 2251 2895 2320 Quosnam
2920 2269 3096 2316 autem
3125 2261 3253 2320 dicit
3273 2243 3580 2337 sapientes?

1998 2331 2113 2388 Non
2133 2349 2226 2390 eos
2245 2337 2335 2407 qui
2357 2354 2480 2395 vere
2500 2350 2624 2396 sunt
2645 2346 2930 2416 sapientes,
2953 2351 3046 2406 sed
3067 2353 3155 2422 qui
3174 2331 3438 2426 sapientes
3459 2374 3581 2416 esse

1995 2423 2384 2482 existimantur.
2415 2430 2538 2486 Mihi
2567 2444 2746 2491 autem
2777 2437 2984 2496 videtur
3005 2443 3185 2502 dicere
3213 2423 3465 2508 externos
3491 2469 3578 2507 sa-

1995 2514 2220 2584 pientes,
2249 2533 2342 2574 eos
2368 2520 2488 2577 ideo
2514 2523 2776 2596 irridens,
2803 2530 2943 2599 quod
2972 2547 3091 2587 cum
3120 2535 3428 2595 viderentur
3453 2557 3575 2598 esse

1991 2605 2258 2674 sapientes
2280 2649 2294 2674 ,
2327 2612 2472 2667 stulti
2509 2613 2630 2671 facti
2652 2620 2758 2672 sint
2775 2661 2788 2684 ,
2811 2635 2930 2676 cum
2958 2621 3026 2678 de
3051 2631 3438 2688 resurrectione
3465 2647 3571 2690 non

1989 2697 2095 2750 sint
2122 2700 2476 2772 philosOphati
2507 2705 2678 2778 (Rom.
2711 2710 2765 2764 l.
2794 2711 2923 2784 22).

2061 2787 2204 2844 Mors
2217 2790 2546 2850 substantiam
2561 2814 2660 2854 non
2681 2799 2940 2869 interimit;
2969 2812 3269 2866 resurrectio
3289 2819 3564 2872 communis

1985 2879 2226 2934 omnium.
2241 2913 2312 2922 —
2327 2884 2547 2950 Quando
2569 2903 2695 2960 ergo
2720 2892 2906 2974 viderit
2927 2895 3047 2952 illos
3072 2898 3416 2972 philosophos
3435 2920 3558 2976 per-

1982 2983 2190 3038 euntes,
2203 2989 2322 3029 cum
2339 2976 2602 3045 lamentis,
2617 2971 2941 3054 laerymis.et
2955 2986 3091 3043 lucta
3106 2971 3296 3058 elatos,
3309 2971 3460 3052 tunc—i
3467 3013 3560 3068 pse

1983 3062 2112 3116 nihil
2140 3064 2243 3120 tale
2271 3067 2515 3136 patietur,
2546 3070 2638 3126 sed
2666 3075 2767 3128 erit
2791 3076 2910 3131 telis
2938 3076 3195 3148 ejusmodi
3217 3062 3482 3155 superior,
3506 3075 3568 3145 ιιὶ

1979 3151 2068 3221 qui
2110 3153 2246 3210 bona
2279 3171 2375 3227 spe
2417 3159 2668 3232 erigatur,
2709 3173 2765 3221 et
2805 3168 2938 3224 sciat
2977 3172 3119 3228 hunc
3149 3151 3418 3234 interitum
3455 3151 3560 3237 noti

1979 3243 2284 3304 interimere
2313 3249 2680 3322 substantiam,
2719 3258 2813 3314 sed
2851 3268 3053 3319 tantum
3083 3269 3478 3336 mortalitatem,
3507 3287 3559 3330 et

1975 3341 2366 3408 corruptionem
2397 3359 2730 3405 consumere.
2761 3351 2884 3408 llaec
2915 3356 3055 3410 enim
3081 3373 3224 3415 mors
3252 3376 3358 3417 non
3384 3367 3558 3434 perdit

1973 3443 2186 3502 corpus,
2217 3435 2309 3516 sed
2339 3440 2604 3495 consumit
2632 3446 3024 3515 corruptionem
3050 3466 3065 3505 :
3087 3451 3380 3510 substantia
3406 3459 3550 3514 enim

1971 3535 2151 3578 manet
2172 3564 2185 3588 ,
2211 3534 2265 3580 et
2289 3529 2514 3600 resurgit
2537 3546 2655 3586 cum
2684 3536 2869 3606 majori
2897 3547 2952 3594 et
2978 3541 3217 3614 ampliori
3243 3545 3431 3616 gloria,
3459 3552 3554 3606 sed

1971 3627 2076 3666 non
2104 3616 2362 3673 omnium.
2389 3618 2728 3680 Resurreetio
2758 3628 2898 3682 enim
2926 3631 3028 3685 erit
3051 3634 3288 3690 omnium
3314 3653 3554 3694 commn-

1969 3703 2052 3759 nis
2085 3723 2098 3758 :
2131 3711 2449 3764 resurrectio
2490 3725 2666 3770 autem
2708 3733 2828 3774 cum
2871 3722 3034 3791 gloria
3058 3765 3072 3790 ,
3115 3731 3412 3786 communis
3449 3733 3552 3789 erit

1967 3812 2149 3852 eorum
2187 3802 2275 3870 qui
2313 3814 2456 3860 recte
2503 3807 2766 3864 vixerunt.
2814 3812 2984 3870 Simul
3010 3817 3250 3887 insipiens
3289 3831 3336 3877 et
3363 3825 3550 3880 stultus

1965 3889 2226 3958 peribunt,
2259 3892 2344 3944 12.
2377 3903 2423 3945 et
2457 3895 2734 3965 relinquent
2761 3901 2938 3957 alienis
2965 3905 3165 3962 divitias
3189 3927 3328 3965 suas.
3364 3911 3433 3966 Et
3456 3930 3542 3969 se-

1965 3981 2139 4049 pulcra
2182 3998 2354 4036 eorum
2401 3985 2578 4040 domus
2606 4005 2777 4046 eorum
2813 3992 2864 4044 in
2902 4005 3142 4051 aeternum
3173 4015 3194 4054 :
3223 4005 3546 4062 tabernacula

1962 4087 2134 4124 eorum
2157 4073 2208 4124 in
2235 4074 2521 4143 progeniem
2558 4087 2604 4129 et
2643 4081 2928 4149 progeniem
2956 4099 2976 4139 :
3007 4099 3306 4144 vocaverunt
3337 4096 3542 4150 nomina

1963 4179 2053 4216 sua
2071 4165 2122 4216 in
2149 4165 2294 4218 terris
2317 4165 2442 4220 suis.
2467 4167 2616 4223 Alius
2639 4169 2787 4238 dicit,
2819 4171 2944 4238 Qua
2961 4186 3078 4230 sunt
3100 4177 3233 4234 intra
3257 4183 3434 4238 domos
3455 4201 3542 4238 eo-

1958 4269 2072 4306 rum
2099 4254 2153 4309 in
2179 4264 2438 4311 a'ternum.
2471 4259 2649 4328 Alius,
2681 4260 3030 4321 Habitationes
3055 4285 3226 4325 eorum
3248 4273 3301 4328 in
3325 4292 3541 4346 genera-

1959 4345 2142 4400 tionem
2166 4387 2180 4411 ,
2228 4349 2540 4406 nominantes
2575 4355 2857 4410 nominibus
2877 4357 2982 4412 suis
3021 4367 3178 4415 terras
3207 4363 3246 4417 ¹.
3281 4345 3536 4424 llebrtctts

1957 4447 2130 4494 autem
2152 4481 2164 4502 .
2197 4440 2289 4496 Alc
2323 4443 2596 4504 adamoth.

2027 4532 2080 4587 6.
2113 4532 2300 4589 Vidisti
2321 4537 2589 4606 quomodo
2613 4553 2718 4593 non
2740 4541 2908 4595 solum
2933 4557 2997 4597 ex
3026 4543 3237 4614 futuris,
3261 4547 3354 4602 sed
3381 4565 3446 4605 ex
3473 4551 3536 4606 iis

1953 4625 2111 4680 etiam
2133 4641 2251 4696 qua
2273 4627 2360 4684 hic
2383 4630 2669 4696 eveniunt,
2686 4630 2899 4687 abducit
2918 4649 2948 4688 a
2977 4635 3102 4691 vitio
3121 4639 3264 4694 etab
3288 4643 3530 4710 avaritia,

1951 4725 2006 4771 ct
2029 4716 2243 4774 deducit
2266 4718 2334 4774 ad
2362 4720 2628 4786 virtutem,
2661 4722 2713 4777 in
2741 4725 2979 4793 pecuniis
3004 4730 3356 4798 congerendis
3385 4732 3534 4803 insay

1951 4808 2090 4862 niam
2112 4825 2394 4876 coercens,
2425 4821 2479 4866 et
2501 4828 2596 4868 eos
2617 4814 2704 4884 qui
2734 4817 3080 4882 praesentibus
3109 4820 3332 4891 inhiant,
3360 4837 3530 4896 eaque

1947 4901 2296 4970 admirantur,
2317 4904 2511 4959 stultos
2533 4920 2751 4974 vocans,
2781 4917 2836 4962 et
2862 4909 2911 4962 id
2935 4925 3030 4980 per
3057 4926 3144 4966 res
3172 4911 3315 4981 ipsas
3343 4925 3527 4972 osten-

1945 4991 2120 5048 dens?
2143 4992 2282 5058 Quid
2299 5002 2381 5048 est
2398 4994 2565 5058 enim,
2581 4994 2689 5062 die,
2719 5012 2923 5066 quaeso,
2954 5001 3168 5057 stultius
3193 5002 3410 5060 homine
3437 5009 3528 5075 qui

1946 5085 2169 5150 laborat,
2198 5095 2249 5140 et
2277 5101 2336 5141 se
2361 5089 2650 5155 excruciat,
2681 5098 2735 5144 et
2761 5100 2933 5147 tantas
2959 5109 3086 5162 opes
3115 5106 3436 5166 congregat,
3469 5111 3528 5152 ut

1943 5191 2006 5231 ex
2035 5176 2152 5247 ejus
2177 5177 2446 5234 laboribus
2473 5178 2560 5232 alii
2592 5194 2650 5235 se
2678 5181 2946 5251 voluptate
2975 5185 3259 5254 expleant?
3289 5186 3412 5255 quid
3441 5201 3525 5242 cst

1943 5267 2044 5324 hoc
2071 5269 2210 5324 inani
2239 5270 2420 5325 labore
2446 5270 2682 5326 deterius
2700 5313 2716 5340 ,
2745 5274 2956 5343 quando
2983 5276 3093 5345 ipse
3119 5275 3331 5345 quidem
3357 5277 3524 5332 sudo-

1942 5375 2028 5416 res
2053 5367 2107 5414 et
2133 5359 2342 5415 labores
2369 5373 2650 5431 perpessus
2677 5362 2996 5430 decesserit,
3025 5365 3142 5419 aliis
3179 5375 3357 5420 autem
3385 5366 3522 5423 divi-

1941 5453 2044 5508 tias
2073 5451 2320 5509 l'ruendas
2345 5454 2654 5524 reliquerit,
2687 5463 2743 5510 et
2766 5470 2866 5512 nec
2887 5456 3150 5526 aliquibus
3175 5456 3391 5528 quidem
3421 5475 3517 5516 ne-

1982 5603 2000 5636 ι
2038 5601 2155 5666 Haec
2183 5601 2342 5666 lectio
2370 5606 2450 5666 est
2481 5602 2795 5666 Symmachi:
2825 5603 3040 5654 secunda
3069 5616 3183 5666 pars
3216 5605 3492 5666 Symmachi

1919 5663 2083 5714 fertur
2105 5661 2155 5713 in
2181 5663 2420 5727 Hexaplis
2444 5661 2656 5723 nostris,
2689 5664 2773 5715 ubi
2796 5667 3009 5729 legitur,
3053 5661 3372 5732 ὅνομάσᾶντις
3412 5669 3492 5718 ἐπ’

1915 5753 2177 5864 intenderim
2229 5753 2386 5821 αρτῶν
2427 5753 2511 5809 τὰς
2549 5753 2703 5816 γαίας.
2753 5753 2908 5810 Hebr.
2957 5731 3147 5811 nimii
3181 5731 3298 5820 ὧν,
3343 5769 3489 5823 super

1933 5827 2088 5864 erras.

1933 5827 2088 5866 erras.
