  <div class='ocr_page' id='page_1' title='image "/cluster/home/n/w/nwhite01/storage/ocr_20150623/55/hvd.32044054086814/227.png"; bbox 0 0 4074 6206; ppageno 0'>
   <div class='ocr_carea' id='block_1_1' title="bbox 493 385 592 439">
    <p class='ocr_par' dir='ltr' id='par_1_1' title="bbox 493 385 592 439">
     <span class='ocr_line' id='line_1_1' title="bbox 493 385 592 439; baseline 0 0"><span class='ocrx_word' id='word_1_1' title='bbox 493 385 592 439; x_wconf 66' lang='grc' dir='ltr'><strong>ΞΜ</strong></span> 
     </span>
    </p>
   </div>
   <div class='ocr_carea' id='block_1_2' title="bbox 492 483 2074 559">
    <p class='ocr_par' dir='ltr' id='par_1_2' title="bbox 492 483 2074 559">
     <span class='ocr_line' id='line_1_2' title="bbox 492 483 2074 559; baseline -0.008 -12"><span class='ocrx_word' id='word_1_2' title='bbox 492 496 739 551; x_wconf 70' lang='grc' dir='ltr'><strong>ιτεεςπτὶίι</strong></span> <span class='ocrx_word' id='word_1_3' title='bbox 760 504 813 549; x_wconf 90' lang='lat' dir='ltr'><strong>et</strong></span> <span class='ocrx_word' id='word_1_4' title='bbox 833 493 879 549; x_wconf 85' lang='lat' dir='ltr'><strong>ei</strong></span> <span class='ocrx_word' id='word_1_5' title='bbox 912 491 1264 547; x_wconf 78' lang='lat' dir='ltr'><strong>familiaritate</strong></span> <span class='ocrx_word' id='word_1_6' title='bbox 1287 489 1606 559; x_wconf 85' lang='lat' dir='ltr'><strong>conjunctis,</strong></span> <span class='ocrx_word' id='word_1_7' title='bbox 1633 486 1724 542; x_wconf 87' lang='lat' dir='ltr'><strong>sed</strong></span> <span class='ocrx_word' id='word_1_8' title='bbox 1750 500 1892 554; x_wconf 64' lang='lat' dir='ltr'><strong>saepe</strong></span> <span class='ocrx_word' id='word_1_9' title='bbox 1915 483 2074 538; x_wconf 89' lang='lat' dir='ltr'><strong>etiam</strong></span> 
     </span>
    </p>
   </div>
   <div class='ocr_carea' id='block_1_3' title="bbox 492 575 2074 642">
    <p class='ocr_par' dir='ltr' id='par_1_3' title="bbox 492 575 2074 642">
     <span class='ocr_line' id='line_1_3' title="bbox 492 575 2074 642; baseline -0.008 -3"><span class='ocrx_word' id='word_1_10' title='bbox 492 586 732 641; x_wconf 85' lang='lat' dir='ltr'><strong>hostibus</strong></span> <span class='ocrx_word' id='word_1_11' title='bbox 757 594 811 640; x_wconf 90' lang='lat' dir='ltr'><strong>et</strong></span> <span class='ocrx_word' id='word_1_12' title='bbox 838 581 1110 638; x_wconf 83' lang='lat' dir='ltr'><strong>inimicis?</strong></span> <span class='ocrx_word' id='word_1_13' title='bbox 1138 581 1205 635; x_wconf 83' lang='lat' dir='ltr'><strong>Et</strong></span> <span class='ocrx_word' id='word_1_14' title='bbox 1241 581 1365 636; x_wconf 87' lang='lat' dir='ltr'><strong>ideo</strong></span> <span class='ocrx_word' id='word_1_15' title='bbox 1403 595 1510 635; x_wconf 91' lang='lat' dir='ltr'><strong>nou</strong></span> <span class='ocrx_word' id='word_1_16' title='bbox 1541 579 1711 642; x_wconf 89' lang='lat' dir='ltr'><strong>dixit,</strong></span> <span class='ocrx_word' id='word_1_17' title='bbox 1741 576 1905 639; x_wconf 81' lang='lat' dir='ltr'><strong>Aliis,</strong></span> <span class='ocrx_word' id='word_1_18' title='bbox 1948 575 2041 628; x_wconf 81' lang='lat' dir='ltr'><strong>sed</strong></span> <span class='ocrx_word' id='word_1_19' title='bbox 2060 616 2074 635; x_wconf 85' lang='lat'><strong>,</strong></span> 
     </span>
    </p>
   </div>
   <div class='ocr_carea' id='block_1_4' title="bbox 492 664 2082 743">
    <p class='ocr_par' dir='ltr' id='par_1_4' title="bbox 492 664 2082 743">
     <span class='ocr_line' id='line_1_4' title="bbox 492 664 2082 743; baseline -0.008 -11"><span class='ocrx_word' id='word_1_20' title='bbox 492 678 684 732; x_wconf 80' lang='lat' dir='ltr'><strong>Alienis</strong></span> <span class='ocrx_word' id='word_1_21' title='bbox 711 676 988 743; x_wconf 86' lang='lat' dir='ltr'><strong>relinquent</strong></span> <span class='ocrx_word' id='word_1_22' title='bbox 1014 674 1213 727; x_wconf 79' lang='lat' dir='ltr'><strong>divitias</strong></span> <span class='ocrx_word' id='word_1_23' title='bbox 1236 688 1372 727; x_wconf 75' lang='lat' dir='ltr'><strong>snas.</strong></span> <span class='ocrx_word' id='word_1_24' title='bbox 1406 669 1543 739; x_wconf 84' lang='lat' dir='ltr'><strong>Quid</strong></span> <span class='ocrx_word' id='word_1_25' title='bbox 1571 677 1655 724; x_wconf 89' lang='lat' dir='ltr'><strong>est</strong></span> <span class='ocrx_word' id='word_1_26' title='bbox 1678 676 1876 733; x_wconf 82' lang='lat' dir='ltr'><strong>autem,</strong></span> <span class='ocrx_word' id='word_1_27' title='bbox 1910 664 2082 721; x_wconf 80' lang='lat' dir='ltr'><strong>Simu.‘</strong></span> 
     </span>
    </p>
   </div>
   <div class='ocr_carea' id='block_1_5' title="bbox 491 758 2081 840">
    <p class='ocr_par' dir='ltr' id='par_1_5' title="bbox 491 758 2081 840">
     <span class='ocr_line' id='line_1_5' title="bbox 491 758 2081 840; baseline -0.007 -19"><span class='ocrx_word' id='word_1_28' title='bbox 491 770 733 840; x_wconf 74' lang='lat' dir='ltr'><strong>insipiens</strong></span> <span class='ocrx_word' id='word_1_29' title='bbox 773 777 820 822; x_wconf 87' lang='lat' dir='ltr'><strong>et</strong></span> <span class='ocrx_word' id='word_1_30' title='bbox 856 768 1039 822; x_wconf 88' lang='lat' dir='ltr'><strong>stultus</strong></span> <span class='ocrx_word' id='word_1_31' title='bbox 1079 766 1307 837; x_wconf 79' lang='lat' dir='ltr'><strong>peribunt</strong></span> <span class='ocrx_word' id='word_1_32' title='bbox 1326 764 1352 817; x_wconf 66' lang='grc' dir='ltr'><strong><em>Ρ</em></strong></span> <span class='ocrx_word' id='word_1_33' title='bbox 1380 761 1548 818; x_wconf 85' lang='lat' dir='ltr'><strong>Simul</strong></span> <span class='ocrx_word' id='word_1_34' title='bbox 1575 774 1696 815; x_wconf 86' lang='lat' dir='ltr'><strong>cum</strong></span> <span class='ocrx_word' id='word_1_35' title='bbox 1728 759 1793 814; x_wconf 90' lang='lat' dir='ltr'><strong>iis</strong></span> <span class='ocrx_word' id='word_1_36' title='bbox 1818 758 1907 828; x_wconf 81' lang='lat' dir='ltr'><strong>qui</strong></span> <span class='ocrx_word' id='word_1_37' title='bbox 1935 759 2081 828; x_wconf 79' lang='lat' dir='ltr'><strong>prius</strong></span> 
     </span>
    </p>
   </div>
   <div class='ocr_carea' id='block_1_6' title="bbox 492 848 2079 929">
    <p class='ocr_par' dir='ltr' id='par_1_6' title="bbox 492 848 2079 929">
     <span class='ocr_line' id='line_1_6' title="bbox 492 848 2079 929; baseline -0.009 -12"><span class='ocrx_word' id='word_1_38' title='bbox 492 862 619 917; x_wconf 85' lang='lat' dir='ltr'><strong>dicti</strong></span> <span class='ocrx_word' id='word_1_39' title='bbox 644 870 805 925; x_wconf 90' lang='lat' dir='ltr'><strong>sunt,</strong></span> <span class='ocrx_word' id='word_1_40' title='bbox 839 859 1026 929; x_wconf 92' lang='lat' dir='ltr'><strong>inquit.</strong></span> <span class='ocrx_word' id='word_1_41' title='bbox 1070 858 1166 912; x_wconf 86' lang='lat' dir='ltr'><strong>llic</strong></span> <span class='ocrx_word' id='word_1_42' title='bbox 1203 855 1329 910; x_wconf 91' lang='lat' dir='ltr'><strong>mihi</strong></span> <span class='ocrx_word' id='word_1_43' title='bbox 1357 854 1566 908; x_wconf 87' lang='lat' dir='ltr'><strong>videtur</strong></span> <span class='ocrx_word' id='word_1_44' title='bbox 1605 851 1766 906; x_wconf 84' lang='lat' dir='ltr'><strong>verba</strong></span> <span class='ocrx_word' id='word_1_45' title='bbox 1807 849 1984 904; x_wconf 83' lang='lat' dir='ltr'><strong>facere</strong></span> <span class='ocrx_word' id='word_1_46' title='bbox 2011 848 2079 903; x_wconf 92' lang='lat' dir='ltr'><strong>dc</strong></span> 
     </span>
    </p>
   </div>
   <div class='ocr_carea' id='block_1_7' title="bbox 496 941 2082 1023">
    <p class='ocr_par' dir='ltr' id='par_1_7' title="bbox 496 941 2082 1023">
     <span class='ocr_line' id='line_1_7' title="bbox 496 941 2082 1023; baseline -0.009 -15"><span class='ocrx_word' id='word_1_47' title='bbox 496 954 693 1023; x_wconf 80' lang='lat' dir='ltr'><strong>impiis,</strong></span> <span class='ocrx_word' id='word_1_48' title='bbox 725 953 813 1022; x_wconf 89' lang='lat' dir='ltr'><strong>qui</strong></span> <span class='ocrx_word' id='word_1_49' title='bbox 842 951 937 1005; x_wconf 90' lang='lat' dir='ltr'><strong>toti</strong></span> <span class='ocrx_word' id='word_1_50' title='bbox 968 949 1129 1004; x_wconf 88' lang='lat' dir='ltr'><strong>rebus</strong></span> <span class='ocrx_word' id='word_1_51' title='bbox 1155 944 1508 1017; x_wconf 57' lang='lat' dir='ltr'><strong>praesentibus</strong></span> <span class='ocrx_word' id='word_1_52' title='bbox 1532 941 1675 998; x_wconf 79' lang='lat' dir='ltr'><strong>affixi</strong></span> <span class='ocrx_word' id='word_1_53' title='bbox 1707 949 1851 1006; x_wconf 87' lang='lat' dir='ltr'><strong>sunt,</strong></span> <span class='ocrx_word' id='word_1_54' title='bbox 1883 953 2082 1009; x_wconf 89' lang='lat' dir='ltr'><strong>easque</strong></span> 
     </span>
    </p>
   </div>
   <div class='ocr_carea' id='block_1_8' title="bbox 497 1032 2077 1114">
    <p class='ocr_par' dir='ltr' id='par_1_8' title="bbox 497 1032 2077 1114">
     <span class='ocr_line' id='line_1_8' title="bbox 497 1032 2077 1114; baseline -0.011 -14"><span class='ocrx_word' id='word_1_55' title='bbox 497 1045 828 1114; x_wconf 83' lang='lat' dir='ltr'><strong>suspiciunt,</strong></span> <span class='ocrx_word' id='word_1_56' title='bbox 857 1042 923 1096; x_wconf 93' lang='lat' dir='ltr'><strong>de</strong></span> <span class='ocrx_word' id='word_1_57' title='bbox 949 1040 1137 1093; x_wconf 85' lang='lat' dir='ltr'><strong>tuturis</strong></span> <span class='ocrx_word' id='word_1_58' title='bbox 1157 1047 1333 1092; x_wconf 87' lang='lat' dir='ltr'><strong>autent</strong></span> <span class='ocrx_word' id='word_1_59' title='bbox 1364 1036 1494 1091; x_wconf 86' lang='lat' dir='ltr'><strong>nihil</strong></span> <span class='ocrx_word' id='word_1_60' title='bbox 1524 1032 1985 1104; x_wconf 78' lang='lat' dir='ltr'><strong>philosophantur,</strong></span> <span class='ocrx_word' id='word_1_61' title='bbox 2015 1045 2077 1085; x_wconf 90' lang='lat' dir='ltr'><strong>ea</strong></span> 
     </span>
    </p>
   </div>
   <div class='ocr_carea' id='block_1_9' title="bbox 498 1121 2083 1197">
    <p class='ocr_par' dir='ltr' id='par_1_9' title="bbox 498 1121 2083 1197">
     <span class='ocr_line' id='line_1_9' title="bbox 498 1121 2083 1197; baseline -0.009 -9"><span class='ocrx_word' id='word_1_62' title='bbox 498 1137 564 1190; x_wconf 86' lang='lat' dir='ltr'><strong>de</strong></span> <span class='ocrx_word' id='word_1_63' title='bbox 585 1149 747 1190; x_wconf 83' lang='lat' dir='ltr'><strong>causa</strong></span> <span class='ocrx_word' id='word_1_64' title='bbox 776 1145 971 1186; x_wconf 84' lang='lat' dir='ltr'><strong>vocans</strong></span> <span class='ocrx_word' id='word_1_65' title='bbox 999 1144 1092 1184; x_wconf 92' lang='lat' dir='ltr'><strong>eos</strong></span> <span class='ocrx_word' id='word_1_66' title='bbox 1119 1128 1447 1197; x_wconf 86' lang='lat' dir='ltr'><strong>insipientes.</strong></span> <span class='ocrx_word' id='word_1_67' title='bbox 1477 1125 1535 1182; x_wconf 92' lang='lat' dir='ltr'><strong>Si</strong></span> <span class='ocrx_word' id='word_1_68' title='bbox 1563 1125 1705 1180; x_wconf 90' lang='lat' dir='ltr'><strong>enim</strong></span> <span class='ocrx_word' id='word_1_69' title='bbox 1737 1121 1956 1193; x_wconf 78' lang='lat' dir='ltr'><strong>posthac</strong></span> <span class='ocrx_word' id='word_1_70' title='bbox 1978 1161 1993 1184; x_wconf 89' lang='lat'><strong>,</strong></span> <span class='ocrx_word' id='word_1_71' title='bbox 2025 1129 2083 1174; x_wconf 93' lang='lat' dir='ltr'><strong>ut</strong></span> 
     </span>
    </p>
   </div>
   <div class='ocr_carea' id='block_1_10' title="bbox 492 1214 2083 1295">
    <p class='ocr_par' dir='ltr' id='par_1_10' title="bbox 492 1214 2083 1295">
     <span class='ocr_line' id='line_1_10' title="bbox 492 1214 2083 1295; baseline -0.009 -15"><span class='ocrx_word' id='word_1_72' title='bbox 492 1237 668 1295; x_wconf 84' lang='lat' dir='ltr'><strong>putas,</strong></span> <span class='ocrx_word' id='word_1_73' title='bbox 700 1223 832 1277; x_wconf 85' lang='lat' dir='ltr'><strong>nihil</strong></span> <span class='ocrx_word' id='word_1_74' title='bbox 857 1224 980 1287; x_wconf 88' lang='lat' dir='ltr'><strong>erit,</strong></span> <span class='ocrx_word' id='word_1_75' title='bbox 1009 1235 1106 1275; x_wconf 91' lang='lat' dir='ltr'><strong>cur</strong></span> <span class='ocrx_word' id='word_1_76' title='bbox 1135 1219 1361 1288; x_wconf 89' lang='lat' dir='ltr'><strong>teipsum</strong></span> <span class='ocrx_word' id='word_1_77' title='bbox 1392 1230 1554 1271; x_wconf 82' lang='lat' dir='ltr'><strong>vexas</strong></span> <span class='ocrx_word' id='word_1_78' title='bbox 1580 1224 1637 1271; x_wconf 92' lang='lat' dir='ltr'><strong>et</strong></span> <span class='ocrx_word' id='word_1_79' title='bbox 1662 1214 1955 1277; x_wconf 86' lang='lat' dir='ltr'><strong>excrucias,</strong></span> <span class='ocrx_word' id='word_1_80' title='bbox 1983 1228 2083 1267; x_wconf 89' lang='lat' dir='ltr'><strong>un-</strong></span> 
     </span>
    </p>
   </div>
   <div class='ocr_carea' id='block_1_11' title="bbox 492 1307 2081 1388">
    <p class='ocr_par' dir='ltr' id='par_1_11' title="bbox 492 1307 2081 1388">
     <span class='ocr_line' id='line_1_11' title="bbox 492 1307 2081 1388; baseline -0.008 -15"><span class='ocrx_word' id='word_1_81' title='bbox 492 1322 654 1388; x_wconf 87' lang='lat' dir='ltr'><strong>dique</strong></span> <span class='ocrx_word' id='word_1_82' title='bbox 696 1316 946 1387; x_wconf 84' lang='lat' dir='ltr'><strong>pecunias</strong></span> <span class='ocrx_word' id='word_1_83' title='bbox 985 1327 1282 1385; x_wconf 85' lang='lat' dir='ltr'><strong>eongerens</strong></span> <span class='ocrx_word' id='word_1_84' title='bbox 1303 1352 1321 1379; x_wconf 95' lang='lat'><strong>,</strong></span> <span class='ocrx_word' id='word_1_85' title='bbox 1352 1319 1408 1366; x_wconf 90' lang='lat' dir='ltr'><strong>et</strong></span> <span class='ocrx_word' id='word_1_86' title='bbox 1435 1310 1644 1365; x_wconf 78' lang='lat' dir='ltr'><strong>labores</strong></span> <span class='ocrx_word' id='word_1_87' title='bbox 1672 1308 1885 1379; x_wconf 86' lang='lat' dir='ltr'><strong>quidem</strong></span> <span class='ocrx_word' id='word_1_88' title='bbox 1915 1307 2081 1361; x_wconf 84' lang='lat' dir='ltr'><strong>susti-</strong></span> 
     </span>
    </p>
   </div>
   <div class='ocr_carea' id='block_1_12' title="bbox 496 1397 2080 1475">
    <p class='ocr_par' dir='ltr' id='par_1_12' title="bbox 496 1397 2080 1475">
     <span class='ocr_line' id='line_1_12' title="bbox 496 1397 2080 1475; baseline -0.008 -12"><span class='ocrx_word' id='word_1_89' title='bbox 496 1424 651 1475; x_wconf 89' lang='lat' dir='ltr'><strong>nens,</strong></span> <span class='ocrx_word' id='word_1_90' title='bbox 675 1409 902 1463; x_wconf 79' lang='lat' dir='ltr'><strong>fructum</strong></span> <span class='ocrx_word' id='word_1_91' title='bbox 929 1414 1107 1462; x_wconf 87' lang='lat' dir='ltr'><strong>autem</strong></span> <span class='ocrx_word' id='word_1_92' title='bbox 1139 1420 1243 1458; x_wconf 87' lang='lat' dir='ltr'><strong>non</strong></span> <span class='ocrx_word' id='word_1_93' title='bbox 1273 1400 1614 1474; x_wconf 85' lang='lat' dir='ltr'><strong>percipiens?</strong></span> <span class='ocrx_word' id='word_1_94' title='bbox 1640 1397 1708 1453; x_wconf 86' lang='lat' dir='ltr'><strong>Et</strong></span> <span class='ocrx_word' id='word_1_95' title='bbox 1736 1398 1966 1468; x_wconf 84' lang='lat' dir='ltr'><strong>sepulcra</strong></span> <span class='ocrx_word' id='word_1_96' title='bbox 1993 1412 2080 1451; x_wconf 79' lang='lat' dir='ltr'><strong>eo-</strong></span> 
     </span>
    </p>
   </div>
   <div class='ocr_carea' id='block_1_13' title="bbox 493 1489 2085 1563">
    <p class='ocr_par' dir='ltr' id='par_1_13' title="bbox 493 1489 2085 1563">
     <span class='ocr_line' id='line_1_13' title="bbox 493 1489 2085 1563; baseline -0.008 -10"><span class='ocrx_word' id='word_1_97' title='bbox 493 1518 607 1555; x_wconf 85' lang='lat' dir='ltr'><strong>rum</strong></span> <span class='ocrx_word' id='word_1_98' title='bbox 648 1500 829 1553; x_wconf 86' lang='lat' dir='ltr'><strong>domus</strong></span> <span class='ocrx_word' id='word_1_99' title='bbox 867 1499 1073 1563; x_wconf 78' lang='lat' dir='ltr'><strong>illorum</strong></span> <span class='ocrx_word' id='word_1_100' title='bbox 1101 1496 1153 1549; x_wconf 89' lang='lat' dir='ltr'><strong>in</strong></span> <span class='ocrx_word' id='word_1_101' title='bbox 1182 1503 1445 1549; x_wconf 66' lang='lat' dir='ltr'><strong>internum.</strong></span> <span class='ocrx_word' id='word_1_102' title='bbox 1491 1490 1601 1546; x_wconf 84' lang='lat' dir='ltr'><strong>Hoc</strong></span> <span class='ocrx_word' id='word_1_103' title='bbox 1625 1490 1772 1555; x_wconf 87' lang='lat' dir='ltr'><strong>dicit,</strong></span> <span class='ocrx_word' id='word_1_104' title='bbox 1804 1489 1942 1544; x_wconf 83' lang='lat' dir='ltr'><strong>sicut</strong></span> <span class='ocrx_word' id='word_1_105' title='bbox 1968 1495 2085 1542; x_wconf 84' lang='lat' dir='ltr'><strong>erat</strong></span> 
     </span>
    </p>
   </div>
   <div class='ocr_carea' id='block_1_14' title="bbox 490 1578 2083 1649">
    <p class='ocr_par' dir='ltr' id='par_1_14' title="bbox 490 1578 2083 1649">
     <span class='ocr_line' id='line_1_14' title="bbox 490 1578 2083 1649; baseline -0.009 -3"><span class='ocrx_word' id='word_1_106' title='bbox 490 1606 678 1646; x_wconf 80' lang='lat' dir='ltr'><strong>eorum</strong></span> <span class='ocrx_word' id='word_1_107' title='bbox 719 1588 1060 1646; x_wconf 79' lang='lat' dir='ltr'><strong>existimatio.</strong></span> <span class='ocrx_word' id='word_1_108' title='bbox 1109 1583 1455 1641; x_wconf 73' lang='lat' dir='ltr'><strong>Tabernaeula</strong></span> <span class='ocrx_word' id='word_1_109' title='bbox 1489 1598 1666 1637; x_wconf 87' lang='lat' dir='ltr'><strong>eorum</strong></span> <span class='ocrx_word' id='word_1_110' title='bbox 1703 1580 1756 1634; x_wconf 85' lang='lat' dir='ltr'><strong>in</strong></span> <span class='ocrx_word' id='word_1_111' title='bbox 1796 1578 2083 1649; x_wconf 82' lang='lat' dir='ltr'><strong>progeniem</strong></span> 
     </span>
    </p>
   </div>
   <div class='ocr_carea' id='block_1_15' title="bbox 495 1669 2082 1753">
    <p class='ocr_par' dir='ltr' id='par_1_15' title="bbox 495 1669 2082 1753">
     <span class='ocr_line' id='line_1_15' title="bbox 495 1669 2082 1753; baseline -0.009 -18"><span class='ocrx_word' id='word_1_112' title='bbox 495 1691 542 1735; x_wconf 87' lang='lat' dir='ltr'><strong>et</strong></span> <span class='ocrx_word' id='word_1_113' title='bbox 568 1685 855 1753; x_wconf 75' lang='lat' dir='ltr'><strong>progeniem</strong></span> <span class='ocrx_word' id='word_1_114' title='bbox 877 1696 897 1745; x_wconf 93' lang='lat'><strong><em>;</em></strong></span> <span class='ocrx_word' id='word_1_115' title='bbox 927 1686 1225 1733; x_wconf 79' lang='lat' dir='ltr'><strong>vocaverunt</strong></span> <span class='ocrx_word' id='word_1_116' title='bbox 1254 1674 1459 1730; x_wconf 85' lang='lat' dir='ltr'><strong>nomina</strong></span> <span class='ocrx_word' id='word_1_117' title='bbox 1482 1690 1575 1729; x_wconf 83' lang='lat' dir='ltr'><strong>sua</strong></span> <span class='ocrx_word' id='word_1_118' title='bbox 1601 1674 1656 1726; x_wconf 86' lang='lat' dir='ltr'><strong>in</strong></span> <span class='ocrx_word' id='word_1_119' title='bbox 1684 1671 1829 1725; x_wconf 88' lang='lat' dir='ltr'><strong>terris</strong></span> <span class='ocrx_word' id='word_1_120' title='bbox 1850 1671 1973 1725; x_wconf 84' lang='lat' dir='ltr'><strong>suis.</strong></span> <span class='ocrx_word' id='word_1_121' title='bbox 2001 1669 2082 1738; x_wconf 82' lang='grc' dir='ltr'><strong>(η)</strong></span> 
     </span>
    </p>
   </div>
   <div class='ocr_carea' id='block_1_16' title="bbox 488 1763 2083 1847">
    <p class='ocr_par' dir='ltr' id='par_1_16' title="bbox 488 1763 2083 1847">
     <span class='ocr_line' id='line_1_16' title="bbox 488 1763 2083 1847; baseline -0.009 -18"><span class='ocrx_word' id='word_1_122' title='bbox 488 1776 668 1847; x_wconf 58' lang='lat' dir='ltr'><strong>[Alius</strong></span> <span class='ocrx_word' id='word_1_123' title='bbox 683 1784 858 1829; x_wconf 79' lang='lat' dir='ltr'><strong>autem</strong></span> <span class='ocrx_word' id='word_1_124' title='bbox 877 1771 1023 1837; x_wconf 80' lang='lat' dir='ltr'><strong>dicit,</strong></span> <span class='ocrx_word' id='word_1_125' title='bbox 1046 1770 1173 1837; x_wconf 72' lang='lat' dir='ltr'><strong>Quas</strong></span> <span class='ocrx_word' id='word_1_126' title='bbox 1191 1778 1307 1824; x_wconf 84' lang='lat' dir='ltr'><strong>sunt</strong></span> <span class='ocrx_word' id='word_1_127' title='bbox 1327 1768 1462 1821; x_wconf 86' lang='lat' dir='ltr'><strong>intra</strong></span> <span class='ocrx_word' id='word_1_128' title='bbox 1482 1766 1659 1820; x_wconf 85' lang='lat' dir='ltr'><strong>domos</strong></span> <span class='ocrx_word' id='word_1_129' title='bbox 1678 1779 1850 1819; x_wconf 74' lang='lat' dir='ltr'><strong>eorum</strong></span> <span class='ocrx_word' id='word_1_130' title='bbox 1864 1763 1918 1817; x_wconf 88' lang='lat' dir='ltr'><strong>in</strong></span> <span class='ocrx_word' id='word_1_131' title='bbox 1931 1770 2083 1816; x_wconf 70' lang='lat' dir='ltr'><strong>reter-</strong></span> 
     </span>
    </p>
   </div>
   <div class='ocr_carea' id='block_1_17' title="bbox 494 1851 2082 1927">
    <p class='ocr_par' dir='ltr' id='par_1_17' title="bbox 494 1851 2082 1927">
     <span class='ocr_line' id='line_1_17' title="bbox 494 1851 2082 1927; baseline -0.009 -8"><span class='ocrx_word' id='word_1_132' title='bbox 494 1883 637 1920; x_wconf 78' lang='lat' dir='ltr'><strong>natm.</strong></span> <span class='ocrx_word' id='word_1_133' title='bbox 665 1865 918 1920; x_wconf 64' lang='lat' dir='ltr'><strong>llebrarus</strong></span> <span class='ocrx_word' id='word_1_134' title='bbox 933 1851 1641 1927; x_wconf 79' lang='lat' dir='ltr'><strong>autem,Carevambatlteimo</strong></span> <span class='ocrx_word' id='word_1_135' title='bbox 1655 1851 2082 1926; x_wconf 84' lang='lat' dir='ltr'><strong>taholam.]Quid</strong></span> 
     </span>
    </p>
   </div>
   <div class='ocr_carea' id='block_1_18' title="bbox 498 1950 2080 2025">
    <p class='ocr_par' dir='ltr' id='par_1_18' title="bbox 498 1950 2080 2025">
     <span class='ocr_line' id='line_1_18' title="bbox 498 1950 2080 2025; baseline -0.008 -15"><span class='ocrx_word' id='word_1_136' title='bbox 498 1959 598 2012; x_wconf 86' lang='lat' dir='ltr'><strong>hac</strong></span> <span class='ocrx_word' id='word_1_137' title='bbox 629 1955 860 2011; x_wconf 84' lang='lat' dir='ltr'><strong>amentia</strong></span> <span class='ocrx_word' id='word_1_138' title='bbox 901 1952 1068 2025; x_wconf 83' lang='lat' dir='ltr'><strong>possit</strong></span> <span class='ocrx_word' id='word_1_139' title='bbox 1108 1965 1229 2007; x_wconf 89' lang='lat' dir='ltr'><strong>esse</strong></span> <span class='ocrx_word' id='word_1_140' title='bbox 1264 1950 1501 2006; x_wconf 89' lang='lat' dir='ltr'><strong>deterius</strong></span> <span class='ocrx_word' id='word_1_141' title='bbox 1522 1986 1541 2014; x_wconf 93' lang='lat'><strong>,</strong></span> <span class='ocrx_word' id='word_1_142' title='bbox 1577 1961 1735 2019; x_wconf 88' lang='lat' dir='ltr'><strong>quam</strong></span> <span class='ocrx_word' id='word_1_143' title='bbox 1774 1953 1958 2016; x_wconf 89' lang='lat' dir='ltr'><strong>putare</strong></span> <span class='ocrx_word' id='word_1_144' title='bbox 1990 1957 2080 1999; x_wconf 77' lang='lat' dir='ltr'><strong>se-</strong></span> 
     </span>
    </p>
   </div>
   <div class='ocr_carea' id='block_1_19' title="bbox 492 2034 2085 2116">
    <p class='ocr_par' dir='ltr' id='par_1_19' title="bbox 492 2034 2085 2116">
     <span class='ocr_line' id='line_1_19' title="bbox 492 2034 2085 2116; baseline -0.008 -14"><span class='ocrx_word' id='word_1_145' title='bbox 492 2046 677 2116; x_wconf 84' lang='lat' dir='ltr'><strong>pulcra</strong></span> <span class='ocrx_word' id='word_1_146' title='bbox 706 2060 827 2102; x_wconf 87' lang='lat' dir='ltr'><strong>esse</strong></span> <span class='ocrx_word' id='word_1_147' title='bbox 856 2044 1075 2100; x_wconf 90' lang='lat' dir='ltr'><strong>domum</strong></span> <span class='ocrx_word' id='word_1_148' title='bbox 1105 2039 1458 2113; x_wconf 83' lang='lat' dir='ltr'><strong>perpetuam?</strong></span> <span class='ocrx_word' id='word_1_149' title='bbox 1486 2039 1540 2096; x_wconf 92' lang='lat' dir='ltr'><strong>iu</strong></span> <span class='ocrx_word' id='word_1_150' title='bbox 1572 2038 1637 2093; x_wconf 91' lang='lat' dir='ltr'><strong>iis</strong></span> <span class='ocrx_word' id='word_1_151' title='bbox 1662 2036 1887 2109; x_wconf 91' lang='lat' dir='ltr'><strong>gloriam</strong></span> <span class='ocrx_word' id='word_1_152' title='bbox 1916 2034 2085 2090; x_wconf 83' lang='lat' dir='ltr'><strong>ambi-</strong></span> 
     </span>
    </p>
   </div>
   <div class='ocr_carea' id='block_1_20' title="bbox 499 2134 958 2207">
    <p class='ocr_par' dir='ltr' id='par_1_20' title="bbox 499 2134 958 2207">
     <span class='ocr_line' id='line_1_20' title="bbox 499 2134 958 2207; baseline -0.004 -16"><span class='ocrx_word' id='word_1_153' title='bbox 499 2139 638 2193; x_wconf 90' lang='lat' dir='ltr'><strong>tiose</strong></span> <span class='ocrx_word' id='word_1_154' title='bbox 667 2134 958 2207; x_wconf 79' lang='lat' dir='ltr'><strong>persequi?</strong></span> 
     </span>
    </p>
   </div>
   <div class='ocr_carea' id='block_1_21' title="bbox 570 2215 2081 2297">
    <p class='ocr_par' dir='ltr' id='par_1_21' title="bbox 570 2215 2081 2297">
     <span class='ocr_line' id='line_1_21' title="bbox 570 2215 2081 2297; baseline -0.008 -16"><span class='ocrx_word' id='word_1_155' title='bbox 570 2227 933 2297; x_wconf 81' lang='lat' dir='ltr'><strong>Sepulcrorunt</strong></span> <span class='ocrx_word' id='word_1_156' title='bbox 967 2227 1147 2297; x_wconf 73' lang='lat' dir='ltr'><strong>fastus.</strong></span> <span class='ocrx_word' id='word_1_157' title='bbox 1179 2222 1353 2277; x_wconf 80' lang='lat' dir='ltr'><strong>Virtus</strong></span> <span class='ocrx_word' id='word_1_158' title='bbox 1392 2235 1572 2275; x_wconf 83' lang='lat' dir='ltr'><strong>nomen</strong></span> <span class='ocrx_word' id='word_1_159' title='bbox 1613 2215 1899 2273; x_wconf 78' lang='lat' dir='ltr'><strong>immortale</strong></span> <span class='ocrx_word' id='word_1_160' title='bbox 1926 2216 2081 2286; x_wconf 88' lang='lat' dir='ltr'><strong>parit.</strong></span> 
     </span>
    </p>
   </div>
   <div class='ocr_carea' id='block_1_22' title="bbox 500 2307 2085 2387">
    <p class='ocr_par' dir='ltr' id='par_1_22' title="bbox 500 2307 2085 2387">
     <span class='ocr_line' id='line_1_22' title="bbox 500 2307 2085 2387; baseline -0.008 -16"><span class='ocrx_word' id='word_1_161' title='bbox 500 2317 691 2371; x_wconf 71' lang='lat' dir='ltr'><strong>Petrus</strong></span> <span class='ocrx_word' id='word_1_162' title='bbox 716 2317 935 2387; x_wconf 83' lang='lat' dir='ltr'><strong>piscator</strong></span> <span class='ocrx_word' id='word_1_163' title='bbox 961 2313 1178 2368; x_wconf 79' lang='lat' dir='ltr'><strong>Romam</strong></span> <span class='ocrx_word' id='word_1_164' title='bbox 1202 2312 1486 2382; x_wconf 77' lang='lat' dir='ltr'><strong>occupavit.</strong></span> <span class='ocrx_word' id='word_1_165' title='bbox 1506 2338 1580 2349; x_wconf 91' lang='lat'><strong>—-</strong></span> <span class='ocrx_word' id='word_1_166' title='bbox 1599 2307 1747 2363; x_wconf 76' lang='lat' dir='ltr'><strong>Multi</strong></span> <span class='ocrx_word' id='word_1_167' title='bbox 1765 2314 1912 2362; x_wconf 84' lang='lat' dir='ltr'><strong>certe</strong></span> <span class='ocrx_word' id='word_1_168' title='bbox 1941 2320 2085 2376; x_wconf 71' lang='lat' dir='ltr'><strong>smpe</strong></span> 
     </span>
    </p>
   </div>
   <div class='ocr_carea' id='block_1_23' title="bbox 502 2397 2083 2481">
    <p class='ocr_par' dir='ltr' id='par_1_23' title="bbox 502 2397 2083 2481">
     <span class='ocr_line' id='line_1_23' title="bbox 502 2397 2083 2481; baseline -0.009 -15"><span class='ocrx_word' id='word_1_169' title='bbox 502 2410 749 2481; x_wconf 79' lang='lat' dir='ltr'><strong>sepulcra</strong></span> <span class='ocrx_word' id='word_1_170' title='bbox 772 2414 1187 2465; x_wconf 89' lang='lat' dir='ltr'><strong>construxerunt</strong></span> <span class='ocrx_word' id='word_1_171' title='bbox 1202 2402 1661 2473; x_wconf 86' lang='lat' dir='ltr'><strong>magnificentiora</strong></span> <span class='ocrx_word' id='word_1_172' title='bbox 1689 2398 1957 2455; x_wconf 88' lang='lat' dir='ltr'><strong>domibus.</strong></span> <span class='ocrx_word' id='word_1_173' title='bbox 1985 2397 2083 2452; x_wconf 79' lang='lat' dir='ltr'><strong>Vel</strong></span> 
     </span>
    </p>
   </div>
   <div class='ocr_carea' id='block_1_24' title="bbox 509 2490 2086 2560">
    <p class='ocr_par' dir='ltr' id='par_1_24' title="bbox 509 2490 2086 2560">
     <span class='ocr_line' id='line_1_24' title="bbox 509 2490 2086 2560; baseline -0.008 -4"><span class='ocrx_word' id='word_1_174' title='bbox 509 2502 655 2556; x_wconf 87' lang='lat' dir='ltr'><strong>enim</strong></span> <span class='ocrx_word' id='word_1_175' title='bbox 689 2499 932 2555; x_wconf 84' lang='lat' dir='ltr'><strong>hostibus</strong></span> <span class='ocrx_word' id='word_1_176' title='bbox 958 2496 1241 2560; x_wconf 91' lang='lat' dir='ltr'><strong>laborant,</strong></span> <span class='ocrx_word' id='word_1_177' title='bbox 1267 2504 1322 2549; x_wconf 92' lang='lat' dir='ltr'><strong>et</strong></span> <span class='ocrx_word' id='word_1_178' title='bbox 1348 2492 1692 2559; x_wconf 86' lang='lat' dir='ltr'><strong>alllictantur,</strong></span> <span class='ocrx_word' id='word_1_179' title='bbox 1723 2490 1808 2546; x_wconf 86' lang='lat' dir='ltr'><strong>vel</strong></span> <span class='ocrx_word' id='word_1_180' title='bbox 1833 2490 2002 2545; x_wconf 86' lang='lat' dir='ltr'><strong>vermi</strong></span> <span class='ocrx_word' id='word_1_181' title='bbox 2031 2497 2086 2544; x_wconf 91' lang='lat' dir='ltr'><strong>et</strong></span> 
     </span>
    </p>
   </div>
   <div class='ocr_carea' id='block_1_25' title="bbox 502 2581 2084 2657">
    <p class='ocr_par' dir='ltr' id='par_1_25' title="bbox 502 2581 2084 2657">
     <span class='ocr_line' id='line_1_25' title="bbox 502 2581 2084 2657; baseline -0.007 -12"><span class='ocrx_word' id='word_1_182' title='bbox 502 2591 694 2657; x_wconf 83' lang='lat' dir='ltr'><strong>cineri,</strong></span> <span class='ocrx_word' id='word_1_183' title='bbox 719 2590 836 2645; x_wconf 65' lang='lat' dir='ltr'><strong>huic</strong></span> <span class='ocrx_word' id='word_1_184' title='bbox 852 2588 1015 2645; x_wconf 86' lang='lat' dir='ltr'><strong>stulte</strong></span> <span class='ocrx_word' id='word_1_185' title='bbox 1043 2594 1442 2643; x_wconf 89' lang='lat' dir='ltr'><strong>consumentes.</strong></span> <span class='ocrx_word' id='word_1_186' title='bbox 1472 2582 1615 2638; x_wconf 81' lang='lat' dir='ltr'><strong>Talis</strong></span> <span class='ocrx_word' id='word_1_187' title='bbox 1638 2581 1780 2637; x_wconf 90' lang='lat' dir='ltr'><strong>enim</strong></span> <span class='ocrx_word' id='word_1_188' title='bbox 1799 2591 1881 2636; x_wconf 90' lang='lat' dir='ltr'><strong>est</strong></span> <span class='ocrx_word' id='word_1_189' title='bbox 1897 2594 2084 2635; x_wconf 91' lang='lat' dir='ltr'><strong>eorum</strong></span> 
     </span>
    </p>
   </div>
   <div class='ocr_carea' id='block_1_26' title="bbox 503 2670 2087 2748">
    <p class='ocr_par' dir='ltr' id='par_1_26' title="bbox 503 2670 2087 2748">
     <span class='ocr_line' id='line_1_26' title="bbox 503 2670 2087 2748; baseline -0.008 -11"><span class='ocrx_word' id='word_1_190' title='bbox 503 2697 654 2737; x_wconf 91' lang='lat' dir='ltr'><strong>meus</strong></span> <span class='ocrx_word' id='word_1_191' title='bbox 671 2689 726 2736; x_wconf 93' lang='lat' dir='ltr'><strong>et</strong></span> <span class='ocrx_word' id='word_1_192' title='bbox 744 2682 1026 2743; x_wconf 89' lang='lat' dir='ltr'><strong>sententia,</strong></span> <span class='ocrx_word' id='word_1_193' title='bbox 1042 2678 1131 2748; x_wconf 90' lang='lat' dir='ltr'><strong>qui</strong></span> <span class='ocrx_word' id='word_1_194' title='bbox 1156 2675 1225 2733; x_wconf 89' lang='lat' dir='ltr'><strong>de</strong></span> <span class='ocrx_word' id='word_1_195' title='bbox 1251 2675 1443 2731; x_wconf 85' lang='lat' dir='ltr'><strong>futuris</strong></span> <span class='ocrx_word' id='word_1_196' title='bbox 1459 2672 1589 2730; x_wconf 85' lang='lat' dir='ltr'><strong>nihil</strong></span> <span class='ocrx_word' id='word_1_197' title='bbox 1606 2682 1844 2743; x_wconf 82' lang='lat' dir='ltr'><strong>sperant.</strong></span> <span class='ocrx_word' id='word_1_198' title='bbox 1872 2670 1977 2728; x_wconf 85' lang='lat' dir='ltr'><strong>Sed</strong></span> <span class='ocrx_word' id='word_1_199' title='bbox 1990 2672 2087 2726; x_wconf 65' lang='lat' dir='ltr'><strong>&#39;bic</strong></span> 
     </span>
    </p>
   </div>
   <div class='ocr_carea' id='block_1_27' title="bbox 502 2762 2084 2839">
    <p class='ocr_par' dir='ltr' id='par_1_27' title="bbox 502 2762 2084 2839">
     <span class='ocr_line' id='line_1_27' title="bbox 502 2762 2084 2839; baseline -0.008 -12"><span class='ocrx_word' id='word_1_200' title='bbox 502 2773 634 2827; x_wconf 89' lang='lat' dir='ltr'><strong>mihi</strong></span> <span class='ocrx_word' id='word_1_201' title='bbox 674 2772 821 2828; x_wconf 85' lang='lat' dir='ltr'><strong>venit</strong></span> <span class='ocrx_word' id='word_1_202' title='bbox 848 2771 900 2826; x_wconf 91' lang='lat' dir='ltr'><strong>in</strong></span> <span class='ocrx_word' id='word_1_203' title='bbox 932 2778 1165 2825; x_wconf 90' lang='lat' dir='ltr'><strong>mentem</strong></span> <span class='ocrx_word' id='word_1_204' title='bbox 1195 2767 1475 2839; x_wconf 82' lang='lat' dir='ltr'><strong>deplorare</strong></span> <span class='ocrx_word' id='word_1_205' title='bbox 1502 2805 1521 2831; x_wconf 92' lang='lat'><strong>,</strong></span> <span class='ocrx_word' id='word_1_206' title='bbox 1550 2764 1694 2836; x_wconf 90' lang='lat' dir='ltr'><strong>quod</strong></span> <span class='ocrx_word' id='word_1_207' title='bbox 1729 2762 1882 2819; x_wconf 84' lang='lat' dir='ltr'><strong>multi</strong></span> <span class='ocrx_word' id='word_1_208' title='bbox 1924 2765 2084 2818; x_wconf 81' lang='lat' dir='ltr'><strong>etlam</strong></span> 
     </span>
    </p>
   </div>
   <div class='ocr_carea' id='block_1_28' title="bbox 501 2854 2082 2932">
    <p class='ocr_par' dir='ltr' id='par_1_28' title="bbox 501 2854 2082 2932">
     <span class='ocr_line' id='line_1_28' title="bbox 501 2854 2082 2932; baseline -0.007 -15"><span class='ocrx_word' id='word_1_209' title='bbox 501 2878 714 2928; x_wconf 88' lang='lat' dir='ltr'><strong>eorum,</strong></span> <span class='ocrx_word' id='word_1_210' title='bbox 754 2861 844 2932; x_wconf 88' lang='lat' dir='ltr'><strong>qui</strong></span> <span class='ocrx_word' id='word_1_211' title='bbox 870 2867 1087 2932; x_wconf 87' lang='lat' dir='ltr'><strong>sperant</strong></span> <span class='ocrx_word' id='word_1_212' title='bbox 1129 2860 1322 2923; x_wconf 82' lang='lat' dir='ltr'><strong>futura,</strong></span> <span class='ocrx_word' id='word_1_213' title='bbox 1348 2856 1470 2911; x_wconf 90' lang='lat' dir='ltr'><strong>illos</strong></span> <span class='ocrx_word' id='word_1_214' title='bbox 1500 2856 1674 2910; x_wconf 89' lang='lat' dir='ltr'><strong>hacin</strong></span> <span class='ocrx_word' id='word_1_215' title='bbox 1698 2869 1758 2909; x_wconf 91' lang='lat' dir='ltr'><strong>re</strong></span> <span class='ocrx_word' id='word_1_216' title='bbox 1787 2854 2082 2919; x_wconf 87' lang='lat' dir='ltr'><strong>imitentur,</strong></span> 
     </span>
    </p>
   </div>
   <div class='ocr_carea' id='block_1_29' title="bbox 503 2942 2086 3024">
    <p class='ocr_par' dir='ltr' id='par_1_29' title="bbox 503 2942 2086 3024">
     <span class='ocr_line' id='line_1_29' title="bbox 503 2942 2086 3024; baseline -0.007 -17"><span class='ocrx_word' id='word_1_217' title='bbox 503 2954 591 3024; x_wconf 84' lang='lat' dir='ltr'><strong>qui</strong></span> <span class='ocrx_word' id='word_1_218' title='bbox 619 2952 819 3008; x_wconf 89' lang='lat' dir='ltr'><strong>nullam</strong></span> <span class='ocrx_word' id='word_1_219' title='bbox 850 2951 1045 3006; x_wconf 83' lang='lat' dir='ltr'><strong>habent</strong></span> <span class='ocrx_word' id='word_1_220' title='bbox 1070 2964 1220 3020; x_wconf 87' lang='lat' dir='ltr'><strong>spem</strong></span> <span class='ocrx_word' id='word_1_221' title='bbox 1262 2947 1558 3003; x_wconf 82' lang='lat' dir='ltr'><strong>futurorum</strong></span> <span class='ocrx_word' id='word_1_222' title='bbox 1585 2986 1600 3011; x_wconf 93' lang='lat'><strong>,</strong></span> <span class='ocrx_word' id='word_1_223' title='bbox 1644 2944 1886 3016; x_wconf 86' lang='lat' dir='ltr'><strong>sepulcra</strong></span> <span class='ocrx_word' id='word_1_224' title='bbox 1912 2942 2086 2998; x_wconf 76' lang='lat' dir='ltr'><strong>aedili-</strong></span> 
     </span>
    </p>
   </div>
   <div class='ocr_carea' id='block_1_30' title="bbox 499 3039 2089 3113">
    <p class='ocr_par' dir='ltr' id='par_1_30' title="bbox 499 3039 2089 3113">
     <span class='ocr_line' id='line_1_30' title="bbox 499 3039 2089 3113; baseline -0.007 -14"><span class='ocrx_word' id='word_1_225' title='bbox 499 3053 707 3107; x_wconf 86' lang='lat' dir='ltr'><strong>cantes,</strong></span> <span class='ocrx_word' id='word_1_226' title='bbox 748 3052 803 3098; x_wconf 92' lang='lat' dir='ltr'><strong>et</strong></span> <span class='ocrx_word' id='word_1_227' title='bbox 843 3041 1093 3113; x_wconf 83' lang='lat' dir='ltr'><strong>praeclara</strong></span> <span class='ocrx_word' id='word_1_228' title='bbox 1135 3039 1459 3095; x_wconf 88' lang='lat' dir='ltr'><strong>monimenta</strong></span> <span class='ocrx_word' id='word_1_229' title='bbox 1489 3045 1880 3101; x_wconf 87' lang='lat' dir='ltr'><strong>construentes,</strong></span> <span class='ocrx_word' id='word_1_230' title='bbox 1921 3044 1977 3090; x_wconf 92' lang='lat' dir='ltr'><strong>et</strong></span> <span class='ocrx_word' id='word_1_231' title='bbox 2000 3049 2089 3089; x_wconf 88' lang='lat' dir='ltr'><strong>au-</strong></span> 
     </span>
    </p>
   </div>
   <div class='ocr_carea' id='block_1_31' title="bbox 506 3126 2091 3199">
    <p class='ocr_par' dir='ltr' id='par_1_31' title="bbox 506 3126 2091 3199">
     <span class='ocr_line' id='line_1_31' title="bbox 506 3126 2091 3199; baseline -0.007 -8"><span class='ocrx_word' id='word_1_232' title='bbox 506 3151 623 3191; x_wconf 91' lang='lat' dir='ltr'><strong>rum</strong></span> <span class='ocrx_word' id='word_1_233' title='bbox 664 3132 1005 3199; x_wconf 84' lang='lat' dir='ltr'><strong>iulodieutes,</strong></span> <span class='ocrx_word' id='word_1_234' title='bbox 1034 3140 1088 3186; x_wconf 90' lang='lat' dir='ltr'><strong>et</strong></span> <span class='ocrx_word' id='word_1_235' title='bbox 1114 3144 1237 3184; x_wconf 89' lang='lat' dir='ltr'><strong>suas</strong></span> <span class='ocrx_word' id='word_1_236' title='bbox 1262 3128 1540 3183; x_wconf 79' lang='lat' dir='ltr'><strong>facultates</strong></span> <span class='ocrx_word' id='word_1_237' title='bbox 1564 3126 1633 3182; x_wconf 84' lang='lat' dir='ltr'><strong>ad</strong></span> <span class='ocrx_word' id='word_1_238' title='bbox 1658 3126 1792 3182; x_wconf 89' lang='lat' dir='ltr'><strong>alios</strong></span> <span class='ocrx_word' id='word_1_239' title='bbox 1819 3126 2091 3181; x_wconf 82' lang='lat' dir='ltr'><strong>transmit-</strong></span> 
     </span>
    </p>
   </div>
   <div class='ocr_carea' id='block_1_32' title="bbox 507 3216 2086 3298">
    <p class='ocr_par' dir='ltr' id='par_1_32' title="bbox 507 3216 2086 3298">
     <span class='ocr_line' id='line_1_32' title="bbox 507 3216 2086 3298; baseline -0.009 -13"><span class='ocrx_word' id='word_1_240' title='bbox 507 3237 717 3285; x_wconf 87' lang='lat' dir='ltr'><strong>tentes:</strong></span> <span class='ocrx_word' id='word_1_241' title='bbox 744 3226 833 3298; x_wconf 89' lang='lat' dir='ltr'><strong>qui</strong></span> <span class='ocrx_word' id='word_1_242' title='bbox 857 3222 1070 3295; x_wconf 86' lang='lat' dir='ltr'><strong>quidem</strong></span> <span class='ocrx_word' id='word_1_243' title='bbox 1096 3229 1222 3276; x_wconf 89' lang='lat' dir='ltr'><strong>sunt</strong></span> <span class='ocrx_word' id='word_1_244' title='bbox 1246 3221 1344 3275; x_wconf 91' lang='lat' dir='ltr'><strong>hac</strong></span> <span class='ocrx_word' id='word_1_245' title='bbox 1370 3222 1422 3274; x_wconf 91' lang='lat' dir='ltr'><strong>in</strong></span> <span class='ocrx_word' id='word_1_246' title='bbox 1450 3235 1507 3275; x_wconf 89' lang='lat' dir='ltr'><strong>re</strong></span> <span class='ocrx_word' id='word_1_247' title='bbox 1525 3220 1630 3274; x_wconf 87' lang='lat' dir='ltr'><strong>illis</strong></span> <span class='ocrx_word' id='word_1_248' title='bbox 1652 3218 1966 3275; x_wconf 89' lang='lat' dir='ltr'><strong>deteriores.</strong></span> <span class='ocrx_word' id='word_1_249' title='bbox 1986 3216 2086 3285; x_wconf 84' lang='lat' dir='ltr'><strong>Qui</strong></span> 
     </span>
    </p>
   </div>
   <div class='ocr_carea' id='block_1_33' title="bbox 506 3307 2087 3389">
    <p class='ocr_par' dir='ltr' id='par_1_33' title="bbox 506 3307 2087 3389">
     <span class='ocr_line' id='line_1_33' title="bbox 506 3307 2087 3389; baseline -0.008 -14"><span class='ocrx_word' id='word_1_250' title='bbox 506 3319 648 3376; x_wconf 84' lang='lat' dir='ltr'><strong>enim</strong></span> <span class='ocrx_word' id='word_1_251' title='bbox 671 3325 787 3389; x_wconf 88' lang='lat' dir='ltr'><strong>post</strong></span> <span class='ocrx_word' id='word_1_252' title='bbox 813 3315 929 3369; x_wconf 73' lang='lat' dir='ltr'><strong>bzec</strong></span> <span class='ocrx_word' id='word_1_253' title='bbox 951 3311 1082 3367; x_wconf 82' lang='lat' dir='ltr'><strong>nihil</strong></span> <span class='ocrx_word' id='word_1_254' title='bbox 1110 3318 1403 3381; x_wconf 80' lang='lat' dir='ltr'><strong>exspectat,</strong></span> <span class='ocrx_word' id='word_1_255' title='bbox 1431 3308 1641 3364; x_wconf 88' lang='lat' dir='ltr'><strong>etiamsi</strong></span> <span class='ocrx_word' id='word_1_256' title='bbox 1665 3307 1718 3363; x_wconf 89' lang='lat' dir='ltr'><strong>id</strong></span> <span class='ocrx_word' id='word_1_257' title='bbox 1738 3307 1866 3363; x_wconf 87' lang='lat' dir='ltr'><strong>facit</strong></span> <span class='ocrx_word' id='word_1_258' title='bbox 1891 3317 2087 3378; x_wconf 78' lang='lat' dir='ltr'><strong>praeter</strong></span> 
     </span>
    </p>
   </div>
   <div class='ocr_carea' id='block_1_34' title="bbox 507 3400 2088 3475">
    <p class='ocr_par' dir='ltr' id='par_1_34' title="bbox 507 3400 2088 3475">
     <span class='ocr_line' id='line_1_34' title="bbox 507 3400 2088 3475; baseline -0.008 -9"><span class='ocrx_word' id='word_1_259' title='bbox 507 3413 788 3475; x_wconf 88' lang='lat' dir='ltr'><strong>rationem,</strong></span> <span class='ocrx_word' id='word_1_260' title='bbox 805 3416 1039 3462; x_wconf 80' lang='lat' dir='ltr'><strong>attamen</strong></span> <span class='ocrx_word' id='word_1_261' title='bbox 1061 3404 1181 3474; x_wconf 88' lang='lat' dir='ltr'><strong>quia</strong></span> <span class='ocrx_word' id='word_1_262' title='bbox 1197 3401 1331 3458; x_wconf 84' lang='lat' dir='ltr'><strong>nihil</strong></span> <span class='ocrx_word' id='word_1_263' title='bbox 1351 3407 1653 3472; x_wconf 78' lang='lat' dir='ltr'><strong>exspectat,</strong></span> <span class='ocrx_word' id='word_1_264' title='bbox 1674 3415 1828 3457; x_wconf 88' lang='lat' dir='ltr'><strong>suum</strong></span> <span class='ocrx_word' id='word_1_265' title='bbox 1850 3400 2088 3455; x_wconf 85' lang='lat' dir='ltr'><strong>laborem</strong></span> 
     </span>
    </p>
   </div>
   <div class='ocr_carea' id='block_1_35' title="bbox 506 3488 2092 3563">
    <p class='ocr_par' dir='ltr' id='par_1_35' title="bbox 506 3488 2092 3563">
     <span class='ocr_line' id='line_1_35' title="bbox 506 3488 2092 3563; baseline -0.009 -3"><span class='ocrx_word' id='word_1_266' title='bbox 506 3514 560 3560; x_wconf 90' lang='lat' dir='ltr'><strong>et</strong></span> <span class='ocrx_word' id='word_1_267' title='bbox 601 3500 914 3559; x_wconf 85' lang='lat' dir='ltr'><strong>industriam</strong></span> <span class='ocrx_word' id='word_1_268' title='bbox 953 3494 1163 3553; x_wconf 83' lang='lat' dir='ltr'><strong>confert</strong></span> <span class='ocrx_word' id='word_1_269' title='bbox 1204 3495 1256 3550; x_wconf 91' lang='lat' dir='ltr'><strong>in</strong></span> <span class='ocrx_word' id='word_1_270' title='bbox 1308 3506 1397 3549; x_wconf 86' lang='lat' dir='ltr'><strong>res</strong></span> <span class='ocrx_word' id='word_1_271' title='bbox 1440 3500 1751 3563; x_wconf 61' lang='lat' dir='ltr'><strong>praesentes.</strong></span> <span class='ocrx_word' id='word_1_272' title='bbox 1779 3488 1862 3546; x_wconf 86' lang='lat' dir='ltr'><strong>Tu</strong></span> <span class='ocrx_word' id='word_1_273' title='bbox 1888 3499 2092 3556; x_wconf 88' lang='lat' dir='ltr'><strong>autem,</strong></span> 
     </span>
    </p>
   </div>
   <div class='ocr_carea' id='block_1_36' title="bbox 510 3579 2087 3662">
    <p class='ocr_par' dir='ltr' id='par_1_36' title="bbox 510 3579 2087 3662">
     <span class='ocr_line' id='line_1_36' title="bbox 510 3579 2087 3662; baseline -0.008 -14"><span class='ocrx_word' id='word_1_274' title='bbox 510 3594 691 3658; x_wconf 89' lang='lat' dir='ltr'><strong>homo,</strong></span> <span class='ocrx_word' id='word_1_275' title='bbox 715 3590 808 3662; x_wconf 89' lang='lat' dir='ltr'><strong>qui</strong></span> <span class='ocrx_word' id='word_1_276' title='bbox 837 3588 975 3644; x_wconf 91' lang='lat' dir='ltr'><strong>nosti</strong></span> <span class='ocrx_word' id='word_1_277' title='bbox 1003 3586 1170 3641; x_wconf 91' lang='lat' dir='ltr'><strong>vitam</strong></span> <span class='ocrx_word' id='word_1_278' title='bbox 1199 3583 1450 3648; x_wconf 88' lang='lat' dir='ltr'><strong>futuram,</strong></span> <span class='ocrx_word' id='word_1_279' title='bbox 1478 3591 1532 3638; x_wconf 92' lang='lat' dir='ltr'><strong>et</strong></span> <span class='ocrx_word' id='word_1_280' title='bbox 1552 3581 1694 3636; x_wconf 84' lang='lat' dir='ltr'><strong>bona</strong></span> <span class='ocrx_word' id='word_1_281' title='bbox 1719 3579 1808 3636; x_wconf 87' lang='lat' dir='ltr'><strong>illa</strong></span> <span class='ocrx_word' id='word_1_282' title='bbox 1845 3579 2087 3636; x_wconf 84' lang='lat' dir='ltr'><strong>inell&#39;abi-</strong></span> 
     </span>
    </p>
   </div>
   <div class='ocr_carea' id='block_1_37' title="bbox 510 3673 2090 3754">
    <p class='ocr_par' dir='ltr' id='par_1_37' title="bbox 510 3673 2090 3754">
     <span class='ocr_line' id='line_1_37' title="bbox 510 3673 2090 3754; baseline -0.01 -12"><span class='ocrx_word' id='word_1_283' title='bbox 510 3691 599 3751; x_wconf 84' lang='lat' dir='ltr'><strong>lia,</strong></span> <span class='ocrx_word' id='word_1_284' title='bbox 630 3693 684 3741; x_wconf 90' lang='lat' dir='ltr'><strong>et</strong></span> <span class='ocrx_word' id='word_1_285' title='bbox 711 3682 852 3754; x_wconf 90' lang='lat' dir='ltr'><strong>quod</strong></span> <span class='ocrx_word' id='word_1_286' title='bbox 891 3697 956 3737; x_wconf 89' lang='lat' dir='ltr'><strong>ex</strong></span> <span class='ocrx_word' id='word_1_287' title='bbox 983 3679 1127 3735; x_wconf 90' lang='lat' dir='ltr'><strong>dicto</strong></span> <span class='ocrx_word' id='word_1_288' title='bbox 1151 3676 1453 3747; x_wconf 86' lang='lat' dir='ltr'><strong>evangelico</strong></span> <span class='ocrx_word' id='word_1_289' title='bbox 1475 3717 1491 3742; x_wconf 93' lang='lat'><strong>,</strong></span> <span class='ocrx_word' id='word_1_290' title='bbox 1522 3673 1560 3728; x_wconf 79' lang='grc' dir='ltr'><em>Ι</em></span> <span class='ocrx_word' id='word_1_291' title='bbox 1563 3675 1662 3729; x_wconf 87' lang='lat' dir='ltr'><strong>usti</strong></span> <span class='ocrx_word' id='word_1_292' title='bbox 1687 3682 1806 3728; x_wconf 85' lang='lat' dir='ltr'><strong>tunc</strong></span> <span class='ocrx_word' id='word_1_293' title='bbox 1832 3673 2090 3744; x_wconf 74' lang='lat' dir='ltr'><strong>fulgebunt</strong></span> 
     </span>
    </p>
   </div>
   <div class='ocr_carea' id='block_1_38' title="bbox 509 3770 2086 3851">
    <p class='ocr_par' dir='ltr' id='par_1_38' title="bbox 509 3770 2086 3851">
     <span class='ocr_line' id='line_1_38' title="bbox 509 3770 2086 3851; baseline -0.01 -14"><span class='ocrx_word' id='word_1_294' title='bbox 509 3787 635 3837; x_wconf 81' lang='lat' dir='ltr'><strong>sicut</strong></span> <span class='ocrx_word' id='word_1_295' title='bbox 680 3785 757 3837; x_wconf 86' lang='lat' dir='ltr'><strong>sol</strong></span> <span class='ocrx_word' id='word_1_296' title='bbox 789 3778 1000 3851; x_wconf 74' lang='lat' dir='ltr'><strong>(Matth.</strong></span> <span class='ocrx_word' id='word_1_297' title='bbox 1032 3778 1125 3832; x_wconf 76' lang='grc'><strong>15.</strong></span> <span class='ocrx_word' id='word_1_298' title='bbox 1153 3776 1280 3846; x_wconf 73' lang='lat'><strong>45):</strong></span> <span class='ocrx_word' id='word_1_299' title='bbox 1312 3787 1469 3844; x_wconf 85' lang='lat' dir='ltr'><strong>quam</strong></span> <span class='ocrx_word' id='word_1_300' title='bbox 1516 3770 1724 3826; x_wconf 82' lang='lat' dir='ltr'><strong>veniam</strong></span> <span class='ocrx_word' id='word_1_301' title='bbox 1765 3771 2086 3839; x_wconf 83' lang='lat' dir='ltr'><strong>assequeris,</strong></span> 
     </span>
    </p>
   </div>
   <div class='ocr_carea' id='block_1_39' title="bbox 432 3861 2090 3947">
    <p class='ocr_par' dir='ltr' id='par_1_39' title="bbox 432 3861 2090 3947">
     <span class='ocr_line' id='line_1_39' title="bbox 432 3861 2090 3947; baseline -0.013 -14"><span class='ocrx_word' id='word_1_302' title='bbox 432 3936 435 3939; x_wconf 60' lang='grc'>,</span> <span class='ocrx_word' id='word_1_303' title='bbox 508 3874 778 3947; x_wconf 78' lang='lat' dir='ltr'><strong>quomodo</strong></span> <span class='ocrx_word' id='word_1_304' title='bbox 807 3882 861 3928; x_wconf 91' lang='lat' dir='ltr'><strong>te</strong></span> <span class='ocrx_word' id='word_1_305' title='bbox 885 3870 1163 3935; x_wconf 88' lang='lat' dir='ltr'><strong>defendes,</strong></span> <span class='ocrx_word' id='word_1_306' title='bbox 1194 3865 1339 3939; x_wconf 88' lang='lat' dir='ltr'><strong>quod</strong></span> <span class='ocrx_word' id='word_1_307' title='bbox 1369 3879 1473 3920; x_wconf 90' lang='lat' dir='ltr'><strong>non</strong></span> <span class='ocrx_word' id='word_1_308' title='bbox 1503 3862 1821 3933; x_wconf 89' lang='lat' dir='ltr'><strong>supplicium</strong></span> <span class='ocrx_word' id='word_1_309' title='bbox 1845 3861 1966 3931; x_wconf 85' lang='lat' dir='ltr'><strong>jure</strong></span> <span class='ocrx_word' id='word_1_310' title='bbox 1993 3875 2090 3930; x_wconf 88' lang='lat' dir='ltr'><strong>pa-</strong></span> 
     </span>
    </p>
   </div>
   <div class='ocr_carea' id='block_1_40' title="bbox 510 3953 2086 4037">
    <p class='ocr_par' dir='ltr' id='par_1_40' title="bbox 510 3953 2086 4037">
     <span class='ocr_line' id='line_1_40' title="bbox 510 3953 2086 4037; baseline -0.01 -16"><span class='ocrx_word' id='word_1_311' title='bbox 510 3968 678 4033; x_wconf 90' lang='lat' dir='ltr'><strong>tieris,</strong></span> <span class='ocrx_word' id='word_1_312' title='bbox 720 3966 810 4037; x_wconf 89' lang='lat' dir='ltr'><strong>qui</strong></span> <span class='ocrx_word' id='word_1_313' title='bbox 838 3965 925 4019; x_wconf 90' lang='lat' dir='ltr'><strong>hic</strong></span> <span class='ocrx_word' id='word_1_314' title='bbox 953 3961 1132 4019; x_wconf 84' lang='lat' dir='ltr'><strong>omnia</strong></span> <span class='ocrx_word' id='word_1_315' title='bbox 1158 3972 1444 4016; x_wconf 90' lang='lat' dir='ltr'><strong>consumas</strong></span> <span class='ocrx_word' id='word_1_316' title='bbox 1469 3957 1521 4011; x_wconf 87' lang='lat' dir='ltr'><strong>iu</strong></span> <span class='ocrx_word' id='word_1_317' title='bbox 1544 3955 1783 4025; x_wconf 85' lang='lat' dir='ltr'><strong>pulvere,</strong></span> <span class='ocrx_word' id='word_1_318' title='bbox 1807 3953 1861 4010; x_wconf 89' lang='lat' dir='ltr'><strong>in</strong></span> <span class='ocrx_word' id='word_1_319' title='bbox 1884 3953 2086 4018; x_wconf 87' lang='lat' dir='ltr'><strong>cinere,</strong></span> 
     </span>
    </p>
   </div>
   <div class='ocr_carea' id='block_1_41' title="bbox 511 4044 2092 4120">
    <p class='ocr_par' dir='ltr' id='par_1_41' title="bbox 511 4044 2092 4120">
     <span class='ocr_line' id='line_1_41' title="bbox 511 4044 2092 4120; baseline -0.01 -6"><span class='ocrx_word' id='word_1_320' title='bbox 511 4062 563 4115; x_wconf 89' lang='lat' dir='ltr'><strong>in</strong></span> <span class='ocrx_word' id='word_1_321' title='bbox 606 4056 984 4120; x_wconf 83' lang='lat' dir='ltr'><strong>monumentis,</strong></span> <span class='ocrx_word' id='word_1_322' title='bbox 1018 4054 1071 4110; x_wconf 92' lang='lat' dir='ltr'><strong>in</strong></span> <span class='ocrx_word' id='word_1_323' title='bbox 1101 4051 1365 4118; x_wconf 86' lang='lat' dir='ltr'><strong>hostibus,</strong></span> <span class='ocrx_word' id='word_1_324' title='bbox 1397 4050 1449 4104; x_wconf 91' lang='lat' dir='ltr'><strong>in</strong></span> <span class='ocrx_word' id='word_1_325' title='bbox 1473 4044 1742 4103; x_wconf 85' lang='lat' dir='ltr'><strong>inimicis?</strong></span> <span class='ocrx_word' id='word_1_326' title='bbox 1783 4044 2092 4100; x_wconf 81' lang='lat' dir='ltr'><strong>Vocaoerunt</strong></span> 
     </span>
    </p>
   </div>
   <div class='ocr_carea' id='block_1_42' title="bbox 511 4136 2090 4209">
    <p class='ocr_par' dir='ltr' id='par_1_42' title="bbox 511 4136 2090 4209">
     <span class='ocr_line' id='line_1_42' title="bbox 511 4136 2090 4209; baseline -0.009 -4"><span class='ocrx_word' id='word_1_327' title='bbox 511 4152 715 4205; x_wconf 78' lang='lat' dir='ltr'><strong>nomina</strong></span> <span class='ocrx_word' id='word_1_328' title='bbox 740 4164 834 4204; x_wconf 74' lang='lat' dir='ltr'><strong>sua</strong></span> <span class='ocrx_word' id='word_1_329' title='bbox 873 4148 926 4201; x_wconf 79' lang='lat' dir='ltr'><strong>in</strong></span> <span class='ocrx_word' id='word_1_330' title='bbox 953 4145 1098 4200; x_wconf 85' lang='lat' dir='ltr'><strong>terris</strong></span> <span class='ocrx_word' id='word_1_331' title='bbox 1123 4144 1249 4197; x_wconf 88' lang='lat' dir='ltr'><strong>suis.</strong></span> <span class='ocrx_word' id='word_1_332' title='bbox 1279 4142 1417 4196; x_wconf 81' lang='lat' dir='ltr'><strong>Ecce</strong></span> <span class='ocrx_word' id='word_1_333' title='bbox 1444 4137 1590 4194; x_wconf 87' lang='lat' dir='ltr'><strong>aliud</strong></span> <span class='ocrx_word' id='word_1_334' title='bbox 1631 4151 1799 4209; x_wconf 88' lang='lat' dir='ltr'><strong>genus</strong></span> <span class='ocrx_word' id='word_1_335' title='bbox 1822 4136 2090 4203; x_wconf 68' lang='lat' dir='ltr'><strong>amentiae,</strong></span> 
     </span>
    </p>
   </div>
   <div class='ocr_carea' id='block_1_43' title="bbox 510 4231 2094 4311">
    <p class='ocr_par' dir='ltr' id='par_1_43' title="bbox 510 4231 2094 4311">
     <span class='ocr_line' id='line_1_43' title="bbox 510 4231 2094 4311; baseline -0.009 -13"><span class='ocrx_word' id='word_1_336' title='bbox 510 4244 769 4305; x_wconf 77' lang='lat' dir='ltr'><strong>:editiciis,</strong></span> <span class='ocrx_word' id='word_1_337' title='bbox 814 4240 957 4311; x_wconf 90' lang='lat' dir='ltr'><strong>agris</strong></span> <span class='ocrx_word' id='word_1_338' title='bbox 984 4248 1041 4294; x_wconf 92' lang='lat' dir='ltr'><strong>et</strong></span> <span class='ocrx_word' id='word_1_339' title='bbox 1069 4235 1274 4293; x_wconf 84' lang='lat' dir='ltr'><strong>balneis</strong></span> <span class='ocrx_word' id='word_1_340' title='bbox 1317 4248 1413 4289; x_wconf 88' lang='lat' dir='ltr'><strong>sua</strong></span> <span class='ocrx_word' id='word_1_341' title='bbox 1459 4231 1674 4287; x_wconf 87' lang='lat' dir='ltr'><strong>nomina</strong></span> <span class='ocrx_word' id='word_1_342' title='bbox 1701 4231 2015 4296; x_wconf 89' lang='lat' dir='ltr'><strong>inscribere,</strong></span> <span class='ocrx_word' id='word_1_343' title='bbox 2037 4238 2094 4285; x_wconf 90' lang='lat' dir='ltr'><strong>et</strong></span> 
     </span>
    </p>
   </div>
   <div class='ocr_carea' id='block_1_44' title="bbox 512 4322 2097 4405">
    <p class='ocr_par' dir='ltr' id='par_1_44' title="bbox 512 4322 2097 4405">
     <span class='ocr_line' id='line_1_44' title="bbox 512 4322 2097 4405; baseline -0.006 -19"><span class='ocrx_word' id='word_1_344' title='bbox 512 4344 700 4405; x_wconf 85' lang='lat' dir='ltr'><strong>putare</strong></span> <span class='ocrx_word' id='word_1_345' title='bbox 740 4346 800 4387; x_wconf 85' lang='lat' dir='ltr'><strong>se</strong></span> <span class='ocrx_word' id='word_1_346' title='bbox 838 4344 1083 4401; x_wconf 80' lang='lat' dir='ltr'><strong>magnam</strong></span> <span class='ocrx_word' id='word_1_347' title='bbox 1108 4324 1525 4382; x_wconf 87' lang='lat' dir='ltr'><strong>consolationem</strong></span> <span class='ocrx_word' id='word_1_348' title='bbox 1551 4337 1618 4378; x_wconf 80' lang='lat' dir='ltr'><strong>ex</strong></span> <span class='ocrx_word' id='word_1_349' title='bbox 1655 4336 1722 4378; x_wconf 88' lang='lat' dir='ltr'><strong>eo</strong></span> <span class='ocrx_word' id='word_1_350' title='bbox 1750 4322 2013 4392; x_wconf 89' lang='lat' dir='ltr'><strong>accipere,</strong></span> <span class='ocrx_word' id='word_1_351' title='bbox 2042 4329 2097 4376; x_wconf 90' lang='lat' dir='ltr'><strong>ct</strong></span> 
     </span>
    </p>
   </div>
   <div class='ocr_carea' id='block_1_45' title="bbox 516 4412 2094 4495">
    <p class='ocr_par' dir='ltr' id='par_1_45' title="bbox 516 4412 2094 4495">
     <span class='ocr_line' id='line_1_45' title="bbox 516 4412 2094 4495; baseline -0.008 -16"><span class='ocrx_word' id='word_1_352' title='bbox 516 4427 755 4482; x_wconf 89' lang='lat' dir='ltr'><strong>umbram</strong></span> <span class='ocrx_word' id='word_1_353' title='bbox 774 4438 871 4495; x_wconf 90' lang='lat' dir='ltr'><strong>pro</strong></span> <span class='ocrx_word' id='word_1_354' title='bbox 896 4422 974 4477; x_wconf 91' lang='lat' dir='ltr'><strong>rei</strong></span> <span class='ocrx_word' id='word_1_355' title='bbox 996 4419 1217 4475; x_wconf 83' lang='lat' dir='ltr'><strong>veritate</strong></span> <span class='ocrx_word' id='word_1_356' title='bbox 1241 4415 1510 4487; x_wconf 86' lang='lat' dir='ltr'><strong>persequi.</strong></span> <span class='ocrx_word' id='word_1_357' title='bbox 1540 4412 1596 4469; x_wconf 91' lang='lat' dir='ltr'><strong>Si</strong></span> <span class='ocrx_word' id='word_1_358' title='bbox 1614 4413 1759 4468; x_wconf 90' lang='lat' dir='ltr'><strong>enim</strong></span> <span class='ocrx_word' id='word_1_359' title='bbox 1784 4421 2094 4483; x_wconf 85' lang='lat' dir='ltr'><strong>perpetuam</strong></span> 
     </span>
    </p>
   </div>
   <div class='ocr_carea' id='block_1_46' title="bbox 515 4505 2097 4577">
    <p class='ocr_par' dir='ltr' id='par_1_46' title="bbox 515 4505 2097 4577">
     <span class='ocr_line' id='line_1_46' title="bbox 515 4505 2097 4577; baseline -0.008 -4"><span class='ocrx_word' id='word_1_360' title='bbox 515 4518 828 4573; x_wconf 84' lang='lat' dir='ltr'><strong>memoriam</strong></span> <span class='ocrx_word' id='word_1_361' title='bbox 868 4512 1163 4577; x_wconf 85' lang='lat' dir='ltr'><strong>desideras,</strong></span> <span class='ocrx_word' id='word_1_362' title='bbox 1215 4524 1282 4564; x_wconf 91' lang='lat' dir='ltr'><strong>ue</strong></span> <span class='ocrx_word' id='word_1_363' title='bbox 1325 4521 1542 4570; x_wconf 84' lang='lat' dir='ltr'><strong>nomen,</strong></span> <span class='ocrx_word' id='word_1_364' title='bbox 1570 4521 1604 4560; x_wconf 95' lang='lat' dir='ltr'><strong>o</strong></span> <span class='ocrx_word' id='word_1_365' title='bbox 1642 4505 1825 4571; x_wconf 92' lang='lat' dir='ltr'><strong>homo,</strong></span> <span class='ocrx_word' id='word_1_366' title='bbox 1858 4505 2097 4560; x_wconf 67' lang='lat' dir='ltr'><strong>aediliciis</strong></span> 
     </span>
    </p>
   </div>
   <div class='ocr_carea' id='block_1_47' title="bbox 516 4597 2096 4674">
    <p class='ocr_par' dir='ltr' id='par_1_47' title="bbox 516 4597 2096 4674">
     <span class='ocr_line' id='line_1_47' title="bbox 516 4597 2096 4674; baseline -0.008 -11"><span class='ocrx_word' id='word_1_367' title='bbox 516 4610 776 4665; x_wconf 82' lang='lat' dir='ltr'><strong>inscribas</strong></span> <span class='ocrx_word' id='word_1_368' title='bbox 801 4648 816 4673; x_wconf 95' lang='lat'><strong>,</strong></span> <span class='ocrx_word' id='word_1_369' title='bbox 848 4604 944 4661; x_wconf 88' lang='lat' dir='ltr'><strong>sed</strong></span> <span class='ocrx_word' id='word_1_370' title='bbox 970 4614 1166 4674; x_wconf 65' lang='lat' dir='ltr'><strong>tropica</strong></span> <span class='ocrx_word' id='word_1_371' title='bbox 1197 4608 1342 4656; x_wconf 83' lang='lat' dir='ltr'><strong>recte</strong></span> <span class='ocrx_word' id='word_1_372' title='bbox 1370 4598 1629 4653; x_wconf 84' lang='lat' dir='ltr'><strong>factorum</strong></span> <span class='ocrx_word' id='word_1_373' title='bbox 1672 4597 1868 4667; x_wconf 87' lang='lat' dir='ltr'><strong>erigas,</strong></span> <span class='ocrx_word' id='word_1_374' title='bbox 1895 4612 2015 4667; x_wconf 64' lang='lat' dir='ltr'><strong>quae</strong></span> <span class='ocrx_word' id='word_1_375' title='bbox 2039 4605 2096 4652; x_wconf 90' lang='lat' dir='ltr'><strong>et.</strong></span> 
     </span>
    </p>
   </div>
   <div class='ocr_carea' id='block_1_48' title="bbox 517 4687 2095 4768">
    <p class='ocr_par' dir='ltr' id='par_1_48' title="bbox 517 4687 2095 4768">
     <span class='ocr_line' id='line_1_48' title="bbox 517 4687 2095 4768; baseline -0.006 -16"><span class='ocrx_word' id='word_1_376' title='bbox 517 4701 569 4752; x_wconf 91' lang='lat' dir='ltr'><strong>in</strong></span> <span class='ocrx_word' id='word_1_377' title='bbox 617 4696 868 4768; x_wconf 79' lang='lat' dir='ltr'><strong>praesenti</strong></span> <span class='ocrx_word' id='word_1_378' title='bbox 900 4694 1005 4748; x_wconf 84' lang='lat' dir='ltr'><strong>vita</strong></span> <span class='ocrx_word' id='word_1_379' title='bbox 1034 4706 1228 4748; x_wconf 89' lang='lat' dir='ltr'><strong>nomen</strong></span> <span class='ocrx_word' id='word_1_380' title='bbox 1260 4689 1353 4745; x_wconf 92' lang='lat' dir='ltr'><strong>tibi</strong></span> <span class='ocrx_word' id='word_1_381' title='bbox 1381 4695 1719 4753; x_wconf 89' lang='lat' dir='ltr'><strong>conservant,</strong></span> <span class='ocrx_word' id='word_1_382' title='bbox 1761 4696 1816 4743; x_wconf 90' lang='lat' dir='ltr'><strong>et</strong></span> <span class='ocrx_word' id='word_1_383' title='bbox 1844 4688 1897 4741; x_wconf 92' lang='lat' dir='ltr'><strong>in</strong></span> <span class='ocrx_word' id='word_1_384' title='bbox 1923 4687 2095 4742; x_wconf 86' lang='lat' dir='ltr'><strong>futura</strong></span> 
     </span>
    </p>
   </div>
   <div class='ocr_carea' id='block_1_49' title="bbox 519 4776 2102 4851">
    <p class='ocr_par' dir='ltr' id='par_1_49' title="bbox 519 4776 2102 4851">
     <span class='ocr_line' id='line_1_49' title="bbox 519 4776 2102 4851; baseline -0.005 -10"><span class='ocrx_word' id='word_1_385' title='bbox 519 4790 626 4844; x_wconf 81' lang='lat' dir='ltr'><strong>vita</strong></span> <span class='ocrx_word' id='word_1_386' title='bbox 666 4785 1020 4843; x_wconf 87' lang='lat' dir='ltr'><strong>immortalem</strong></span> <span class='ocrx_word' id='word_1_387' title='bbox 1049 4784 1143 4839; x_wconf 87' lang='lat' dir='ltr'><strong>tibi</strong></span> <span class='ocrx_word' id='word_1_388' title='bbox 1169 4781 1407 4851; x_wconf 85' lang='lat' dir='ltr'><strong>requiem</strong></span> <span class='ocrx_word' id='word_1_389' title='bbox 1442 4787 1772 4848; x_wconf 88' lang='lat' dir='ltr'><strong>comparant.</strong></span> <span class='ocrx_word' id='word_1_390' title='bbox 1802 4776 1859 4835; x_wconf 90' lang='lat' dir='ltr'><strong>Si</strong></span> <span class='ocrx_word' id='word_1_391' title='bbox 1886 4778 1959 4835; x_wconf 86' lang='lat' dir='ltr'><strong>sis</strong></span> <span class='ocrx_word' id='word_1_392' title='bbox 1990 4795 2102 4834; x_wconf 85' lang='lat' dir='ltr'><strong>nie-</strong></span> 
     </span>
    </p>
   </div>
   <div class='ocr_carea' id='block_1_50' title="bbox 525 4870 2099 4945">
    <p class='ocr_par' dir='ltr' id='par_1_50' title="bbox 525 4870 2099 4945">
     <span class='ocr_line' id='line_1_50' title="bbox 525 4870 2099 4945; baseline -0.005 -13"><span class='ocrx_word' id='word_1_393' title='bbox 525 4877 710 4933; x_wconf 64' lang='lat' dir='ltr'><strong>moriie</strong></span> <span class='ocrx_word' id='word_1_394' title='bbox 754 4874 995 4945; x_wconf 91' lang='lat' dir='ltr'><strong>cupidus,</strong></span> <span class='ocrx_word' id='word_1_395' title='bbox 1021 4888 1122 4944; x_wconf 91' lang='lat' dir='ltr'><strong>ego</strong></span> <span class='ocrx_word' id='word_1_396' title='bbox 1163 4880 1216 4927; x_wconf 93' lang='lat' dir='ltr'><strong>te</strong></span> <span class='ocrx_word' id='word_1_397' title='bbox 1257 4870 1426 4926; x_wconf 89' lang='lat' dir='ltr'><strong>doceo</strong></span> <span class='ocrx_word' id='word_1_398' title='bbox 1452 4870 1591 4924; x_wconf 86' lang='lat' dir='ltr'><strong>viam</strong></span> <span class='ocrx_word' id='word_1_399' title='bbox 1640 4884 1818 4925; x_wconf 82' lang='lat' dir='ltr'><strong>veram</strong></span> <span class='ocrx_word' id='word_1_400' title='bbox 1848 4879 1902 4925; x_wconf 90' lang='lat' dir='ltr'><strong>et</strong></span> <span class='ocrx_word' id='word_1_401' title='bbox 1945 4884 2099 4940; x_wconf 83' lang='lat' dir='ltr'><strong>aper-</strong></span> 
     </span>
    </p>
   </div>
   <div class='ocr_carea' id='block_1_51' title="bbox 526 4960 2100 5031">
    <p class='ocr_par' dir='ltr' id='par_1_51' title="bbox 526 4960 2100 5031">
     <span class='ocr_line' id='line_1_51' title="bbox 526 4960 2100 5031; baseline -0.006 -5"><span class='ocrx_word' id='word_1_402' title='bbox 526 4970 781 5026; x_wconf 74' lang='lat' dir='ltr'><strong>tissimum</strong></span> <span class='ocrx_word' id='word_1_403' title='bbox 813 4963 1060 5021; x_wconf 82' lang='lat' dir='ltr'><strong>:virtutis</strong></span> <span class='ocrx_word' id='word_1_404' title='bbox 1089 4978 1271 5019; x_wconf 89' lang='lat' dir='ltr'><strong>curam</strong></span> <span class='ocrx_word' id='word_1_405' title='bbox 1309 4976 1458 5031; x_wconf 82' lang='lat' dir='ltr'><strong>gere.</strong></span> <span class='ocrx_word' id='word_1_406' title='bbox 1504 4960 1644 5016; x_wconf 85' lang='lat' dir='ltr'><strong>Nihil</strong></span> <span class='ocrx_word' id='word_1_407' title='bbox 1668 4962 1812 5016; x_wconf 91' lang='lat' dir='ltr'><strong>enim</strong></span> <span class='ocrx_word' id='word_1_408' title='bbox 1848 4960 1972 5017; x_wconf 89' lang='lat' dir='ltr'><strong>facit</strong></span> <span class='ocrx_word' id='word_1_409' title='bbox 2001 4977 2100 5017; x_wconf 86' lang='lat' dir='ltr'><strong>no-</strong></span> 
     </span>
    </p>
   </div>
   <div class='ocr_carea' id='block_1_52' title="bbox 527 5052 2104 5124">
    <p class='ocr_par' dir='ltr' id='par_1_52' title="bbox 527 5052 2104 5124">
     <span class='ocr_line' id='line_1_52' title="bbox 527 5052 2104 5124; baseline -0.006 -4"><span class='ocrx_word' id='word_1_410' title='bbox 527 5081 650 5123; x_wconf 90' lang='lat' dir='ltr'><strong>men</strong></span> <span class='ocrx_word' id='word_1_411' title='bbox 675 5062 809 5118; x_wconf 87' lang='lat' dir='ltr'><strong>adeo</strong></span> <span class='ocrx_word' id='word_1_412' title='bbox 836 5058 1158 5124; x_wconf 86' lang='lat' dir='ltr'><strong>immortale,</strong></span> <span class='ocrx_word' id='word_1_413' title='bbox 1188 5065 1246 5113; x_wconf 93' lang='lat' dir='ltr'><strong>ut</strong></span> <span class='ocrx_word' id='word_1_414' title='bbox 1266 5065 1451 5111; x_wconf 86' lang='lat' dir='ltr'><strong>natura</strong></span> <span class='ocrx_word' id='word_1_415' title='bbox 1474 5055 1703 5110; x_wconf 87' lang='lat' dir='ltr'><strong>virtutis.</strong></span> <span class='ocrx_word' id='word_1_416' title='bbox 1731 5052 1787 5110; x_wconf 89' lang='lat' dir='ltr'><strong>ld</strong></span> <span class='ocrx_word' id='word_1_417' title='bbox 1813 5055 2104 5112; x_wconf 87' lang='lat' dir='ltr'><strong>ostendunt</strong></span> 
     </span>
    </p>
   </div>
   <div class='ocr_carea' id='block_1_53' title="bbox 524 5147 2101 5228">
    <p class='ocr_par' dir='ltr' id='par_1_53' title="bbox 524 5147 2101 5228">
     <span class='ocr_line' id='line_1_53' title="bbox 524 5147 2101 5228; baseline -0.005 -15"><span class='ocrx_word' id='word_1_418' title='bbox 524 5167 809 5228; x_wconf 81' lang='lat' dir='ltr'><strong>martyres,</strong></span> <span class='ocrx_word' id='word_1_419' title='bbox 851 5149 1139 5206; x_wconf 89' lang='lat' dir='ltr'><strong>ostendunt</strong></span> <span class='ocrx_word' id='word_1_420' title='bbox 1176 5148 1538 5220; x_wconf 87' lang='lat' dir='ltr'><strong>apostolorum</strong></span> <span class='ocrx_word' id='word_1_421' title='bbox 1580 5147 1842 5218; x_wconf 65' lang='lat' dir='ltr'><strong>reliquiae,</strong></span> <span class='ocrx_word' id='word_1_422' title='bbox 1870 5149 2101 5205; x_wconf 88' lang='lat' dir='ltr'><strong>ostendit</strong></span> 
     </span>
    </p>
   </div>
   <div class='ocr_carea' id='block_1_54' title="bbox 525 5238 2104 5312">
    <p class='ocr_par' dir='ltr' id='par_1_54' title="bbox 525 5238 2104 5312">
     <span class='ocr_line' id='line_1_54' title="bbox 525 5238 2104 5312; baseline -0.006 -8"><span class='ocrx_word' id='word_1_423' title='bbox 525 5246 783 5304; x_wconf 86' lang='lat' dir='ltr'><strong>memoria</strong></span> <span class='ocrx_word' id='word_1_424' title='bbox 804 5258 991 5299; x_wconf 87' lang='lat' dir='ltr'><strong>eorum</strong></span> <span class='ocrx_word' id='word_1_425' title='bbox 1017 5241 1107 5312; x_wconf 89' lang='lat' dir='ltr'><strong>qui</strong></span> <span class='ocrx_word' id='word_1_426' title='bbox 1131 5250 1275 5296; x_wconf 89' lang='lat' dir='ltr'><strong>recte</strong></span> <span class='ocrx_word' id='word_1_427' title='bbox 1288 5247 1344 5294; x_wconf 92' lang='lat' dir='ltr'><strong>et</strong></span> <span class='ocrx_word' id='word_1_428' title='bbox 1364 5239 1418 5293; x_wconf 92' lang='lat' dir='ltr'><strong>in</strong></span> <span class='ocrx_word' id='word_1_429' title='bbox 1444 5238 1640 5293; x_wconf 86' lang='lat' dir='ltr'><strong>virtute</strong></span> <span class='ocrx_word' id='word_1_430' title='bbox 1668 5239 1933 5299; x_wconf 85' lang='lat' dir='ltr'><strong>vixerunt.</strong></span> <span class='ocrx_word' id='word_1_431' title='bbox 1961 5238 2104 5307; x_wconf 84' lang='lat' dir='ltr'><strong>Quot</strong></span> 
     </span>
    </p>
   </div>
   <div class='ocr_carea' id='block_1_55' title="bbox 526 5334 2104 5411">
    <p class='ocr_par' dir='ltr' id='par_1_55' title="bbox 526 5334 2104 5411">
     <span class='ocr_line' id='line_1_55' title="bbox 526 5334 2104 5411; baseline -0.005 -15"><span class='ocrx_word' id='word_1_432' title='bbox 526 5355 678 5411; x_wconf 85' lang='lat' dir='ltr'><strong>reges</strong></span> <span class='ocrx_word' id='word_1_433' title='bbox 704 5338 862 5394; x_wconf 87' lang='lat' dir='ltr'><strong>urbes</strong></span> <span class='ocrx_word' id='word_1_434' title='bbox 889 5334 1261 5398; x_wconf 89' lang='lat' dir='ltr'><strong>condiderunt,</strong></span> <span class='ocrx_word' id='word_1_435' title='bbox 1291 5340 1476 5403; x_wconf 86' lang='lat' dir='ltr'><strong>portus</strong></span> <span class='ocrx_word' id='word_1_436' title='bbox 1498 5341 1894 5398; x_wconf 82' lang='lat' dir='ltr'><strong>exstruxerunt,</strong></span> <span class='ocrx_word' id='word_1_437' title='bbox 1923 5343 1978 5388; x_wconf 89' lang='lat' dir='ltr'><strong>et</strong></span> <span class='ocrx_word' id='word_1_438' title='bbox 2007 5348 2104 5388; x_wconf 81' lang='lat' dir='ltr'><strong>uo-</strong></span> 
     </span>
    </p>
   </div>
   <div class='ocr_carea' id='block_1_56' title="bbox 586 5457 2106 5527">
    <p class='ocr_par' dir='ltr' id='par_1_56' title="bbox 586 5457 2106 5527">
     <span class='ocr_line' id='line_1_56' title="bbox 586 5457 2106 5527; baseline -0.006 -12"><span class='ocrx_word' id='word_1_439' title='bbox 586 5465 662 5527; x_wconf 86' lang='lat' dir='ltr'><strong>(a)</strong></span> <span class='ocrx_word' id='word_1_440' title='bbox 690 5470 804 5523; x_wconf 69' lang='lat' dir='ltr'><strong>otia:</strong></span> <span class='ocrx_word' id='word_1_441' title='bbox 836 5462 918 5527; x_wconf 79' lang='lat' dir='ltr'><strong>hic</strong></span> <span class='ocrx_word' id='word_1_442' title='bbox 960 5460 1150 5527; x_wconf 72' lang='lat' dir='ltr'><strong>uncinis</strong></span> <span class='ocrx_word' id='word_1_443' title='bbox 1192 5457 1482 5527; x_wconf 72' lang='lat' dir='ltr'><strong>clauduntur</strong></span> <span class='ocrx_word' id='word_1_444' title='bbox 1525 5458 1575 5527; x_wconf 77' lang='lat' dir='ltr'><strong>in</strong></span> <span class='ocrx_word' id='word_1_445' title='bbox 1614 5460 1847 5508; x_wconf 78' lang='lat' dir='ltr'><strong>Versione</strong></span> <span class='ocrx_word' id='word_1_446' title='bbox 1886 5459 2106 5527; x_wconf 66' lang='lat' dir='ltr'><strong>Quintiani</strong></span> 
     </span>
    </p>
   </div>
   <div class='ocr_carea' id='block_1_57' title="bbox 525 5519 2105 5584">
    <p class='ocr_par' dir='ltr' id='par_1_57' title="bbox 525 5519 2105 5584">
     <span class='ocr_line' id='line_1_57' title="bbox 525 5519 2105 5584; baseline -0.003 -11"><span class='ocrx_word' id='word_1_447' title='bbox 525 5519 741 5584; x_wconf 77' lang='lat' dir='ltr'><strong>tterv&#39;eti,</strong></span> <span class='ocrx_word' id='word_1_448' title='bbox 766 5536 863 5574; x_wconf 88' lang='lat' dir='ltr'><strong>nec</strong></span> <span class='ocrx_word' id='word_1_449' title='bbox 878 5525 929 5573; x_wconf 84' lang='lat' dir='ltr'><strong>in</strong></span> <span class='ocrx_word' id='word_1_450' title='bbox 951 5523 1097 5572; x_wconf 79' lang='lat' dir='ltr'><strong>Editis</strong></span> <span class='ocrx_word' id='word_1_451' title='bbox 1119 5534 1215 5571; x_wconf 93' lang='lat' dir='ltr'><strong>nec</strong></span> <span class='ocrx_word' id='word_1_452' title='bbox 1236 5523 1285 5570; x_wconf 91' lang='lat' dir='ltr'><strong>in</strong></span> <span class='ocrx_word' id='word_1_453' title='bbox 1318 5527 1426 5569; x_wconf 70' lang='lat' dir='ltr'><strong>Mss.</strong></span> <span class='ocrx_word' id='word_1_454' title='bbox 1469 5519 1727 5584; x_wconf 85' lang='lat' dir='ltr'><strong>habentur,</strong></span> <span class='ocrx_word' id='word_1_455' title='bbox 1748 5533 1810 5584; x_wconf 81' lang='lat' dir='ltr'><strong>ac</strong></span> <span class='ocrx_word' id='word_1_456' title='bbox 1831 5521 2105 5584; x_wconf 78' lang='lat' dir='ltr'><strong>redundare</strong></span> 
     </span>
    </p>
   </div>
   <div class='ocr_carea' id='block_1_58' title="bbox 527 5581 2105 5649">
    <p class='ocr_par' dir='ltr' id='par_1_58' title="bbox 527 5581 2105 5649">
     <span class='ocr_line' id='line_1_58' title="bbox 527 5581 2105 5649; baseline -0.003 -14"><span class='ocrx_word' id='word_1_457' title='bbox 527 5581 784 5645; x_wconf 79' lang='lat' dir='ltr'><strong>videntur;</strong></span> <span class='ocrx_word' id='word_1_458' title='bbox 806 5596 920 5649; x_wconf 75' lang='lat' dir='ltr'><strong>qua:</strong></span> <span class='ocrx_word' id='word_1_459' title='bbox 940 5592 1109 5634; x_wconf 86' lang='lat' dir='ltr'><strong>autem</strong></span> <span class='ocrx_word' id='word_1_460' title='bbox 1128 5584 1209 5634; x_wconf 86' lang='lat' dir='ltr'><strong>hic</strong></span> <span class='ocrx_word' id='word_1_461' title='bbox 1229 5585 1585 5649; x_wconf 79' lang='lat' dir='ltr'><strong>exprimuntur_</strong></span> <span class='ocrx_word' id='word_1_462' title='bbox 1610 5583 1788 5649; x_wconf 56' lang='lat' dir='ltr'><strong>latinis</strong></span> <span class='ocrx_word' id='word_1_463' title='bbox 1831 5581 1989 5632; x_wconf 78' lang='lat' dir='ltr'><strong>literis</strong></span> <span class='ocrx_word' id='word_1_464' title='bbox 2008 5588 2105 5631; x_wconf 78' lang='lat' dir='ltr'><strong>lte-</strong></span> 
     </span>
    </p>
   </div>
   <div class='ocr_carea' id='block_1_59' title="bbox 529 5639 2105 5727">
    <p class='ocr_par' dir='ltr' id='par_1_59' title="bbox 529 5639 2105 5727">
     <span class='ocr_line' id='line_1_59' title="bbox 529 5639 2105 5727; baseline -0.003 -11"><span class='ocrx_word' id='word_1_465' title='bbox 529 5660 692 5716; x_wconf 79' lang='lat' dir='ltr'><strong>braiea</strong></span> <span class='ocrx_word' id='word_1_466' title='bbox 712 5639 879 5724; x_wconf 63' lang='lat' dir='ltr'><strong>verba,</strong></span> <span class='ocrx_word' id='word_1_467' title='bbox 899 5667 970 5714; x_wconf 83' lang='lat' dir='ltr'><strong>sic</strong></span> <span class='ocrx_word' id='word_1_468' title='bbox 990 5665 1042 5714; x_wconf 84' lang='lat' dir='ltr'><strong>in</strong></span> <span class='ocrx_word' id='word_1_469' title='bbox 1066 5666 1272 5715; x_wconf 63' lang='lat' dir='ltr'><strong>Hebreo</strong></span> <span class='ocrx_word' id='word_1_470' title='bbox 1296 5639 1510 5722; x_wconf 77' lang='lat' dir='ltr'><strong>exstant,</strong></span> <span class='ocrx_word' id='word_1_471' title='bbox 1530 5639 1698 5722; x_wconf 59' lang='grc' dir='ltr'><strong>ειωὺ</strong></span> <span class='ocrx_word' id='word_1_472' title='bbox 1721 5664 1892 5717; x_wconf 63' lang='grc' dir='ltr'><strong>γοντα</strong></span> <span class='ocrx_word' id='word_1_473' title='bbox 1915 5666 2067 5721; x_wconf 63' lang='grc' dir='ltr'><strong>σει-πε</strong></span> <span class='ocrx_word' id='word_1_474' title='bbox 2088 5703 2105 5727; x_wconf 84' lang='lat'><strong>,</strong></span> 
     </span>
    </p>
   </div>
   <div class='ocr_carea' id='block_1_60' title="bbox 529 5753 2107 5869">
    <p class='ocr_par' dir='ltr' id='par_1_60' title="bbox 529 5753 2107 5869">
     <span class='ocr_line' id='line_1_60' title="bbox 529 5753 2107 5869; baseline 0 -64"><span class='ocrx_word' id='word_1_475' title='bbox 529 5758 728 5869; x_wconf 57' lang='lat' dir='ltr'><strong>qualia</strong></span> <span class='ocrx_word' id='word_1_476' title='bbox 749 5759 989 5806; x_wconf 62' lang='lat' dir='ltr'><strong>convertit</strong></span> <span class='ocrx_word' id='word_1_477' title='bbox 1006 5758 1173 5805; x_wconf 86' lang='lat' dir='ltr'><strong>nescio</strong></span> <span class='ocrx_word' id='word_1_478' title='bbox 1189 5757 1315 5818; x_wconf 82' lang='lat' dir='ltr'><strong>quis,</strong></span> <span class='ocrx_word' id='word_1_479' title='bbox 1342 5768 1449 5818; x_wconf 73' lang='lat' dir='ltr'><strong>qua:</strong></span> <span class='ocrx_word' id='word_1_480' title='bbox 1471 5761 1579 5805; x_wconf 84' lang='lat' dir='ltr'><strong>sunt</strong></span> <span class='ocrx_word' id='word_1_481' title='bbox 1600 5753 1727 5805; x_wconf 86' lang='lat' dir='ltr'><strong>intra</strong></span> <span class='ocrx_word' id='word_1_482' title='bbox 1763 5754 1927 5804; x_wconf 83' lang='lat' dir='ltr'><strong>domos</strong></span> <span class='ocrx_word' id='word_1_483' title='bbox 1944 5766 2107 5805; x_wconf 65' lang='lat' dir='ltr'><strong>eorum</strong></span> 
     </span>
     <span class='ocr_line' id='line_1_61' title="bbox 529 5829 848 5869; baseline 0 0"><span class='ocrx_word' id='word_1_484' title='bbox 529 5829 581 5869; x_wconf 77' lang='lat' dir='ltr'><strong>ut</strong></span> <span class='ocrx_word' id='word_1_485' title='bbox 601 5830 645 5869; x_wconf 75' lang='grc' dir='ltr'><strong>α’</strong></span> <span class='ocrx_word' id='word_1_486' title='bbox 664 5830 848 5869; x_wconf 79' lang='lat' dir='ltr'><strong>eruum.</strong></span> 
     </span>
    </p>
   </div>
   <div class='ocr_carea' id='block_1_61' title="bbox 529 5829 848 5870">
    <p class='ocr_par' dir='ltr' id='par_1_61' title="bbox 529 5829 848 5870">
     <span class='ocr_line' id='line_1_62' title="bbox 529 5829 848 5870; baseline 0.003 -2"><span class='ocrx_word' id='word_1_487' title='bbox 529 5829 581 5869; x_wconf 70' lang='grc'><strong>978</strong></span> <span class='ocrx_word' id='word_1_488' title='bbox 601 5829 848 5870; x_wconf 69' lang='grc' dir='ltr'><strong>αἰενηκηι.</strong></span> 
     </span>
    </p>
   </div>
   <div class='ocr_carea' id='block_1_62' title="bbox 1201 367 3035 430">
    <p class='ocr_par' dir='ltr' id='par_1_62' title="bbox 1201 367 3035 430">
     <span class='ocr_line' id='line_1_63' title="bbox 1201 367 3035 430; baseline -0.003 0"><span class='ocrx_word' id='word_1_489' title='bbox 1201 375 1262 430; x_wconf 80' lang='lat' dir='ltr'><strong>S.</strong></span> <span class='ocrx_word' id='word_1_490' title='bbox 1304 375 1584 430; x_wconf 68' lang='lat' dir='ltr'><strong>JOANNIS</strong></span> <span class='ocrx_word' id='word_1_491' title='bbox 1622 367 2099 427; x_wconf 73' lang='lat' dir='ltr'><strong>CIIRYSOS&#39;I‘OMI</strong></span> <span class='ocrx_word' id='word_1_492' title='bbox 2143 367 2460 424; x_wconf 70' lang='lat' dir='ltr'><strong>ARCHIEP.</strong></span> <span class='ocrx_word' id='word_1_493' title='bbox 2502 369 3035 427; x_wconf 73' lang='lat' dir='ltr'><strong>CONSTANTINOP.</strong></span> 
     </span>
    </p>
   </div>
   <div class='ocr_carea' id='block_1_63' title="bbox 3661 372 3763 424">
    <p class='ocr_par' dir='ltr' id='par_1_63' title="bbox 3661 372 3763 424">
     <span class='ocr_line' id='line_1_64' title="bbox 3661 372 3763 424; baseline 0.01 -1"><span class='ocrx_word' id='word_1_494' title='bbox 3661 372 3763 424; x_wconf 65' lang='lat'><strong>232‘.</strong></span> 
     </span>
    </p>
   </div>
   <div class='ocr_carea' id='block_1_64' title="bbox 2194 481 3766 555">
    <p class='ocr_par' dir='ltr' id='par_1_64' title="bbox 2194 481 3766 555">
     <span class='ocr_line' id='line_1_65' title="bbox 2194 481 3766 555; baseline 0.004 -21"><span class='ocrx_word' id='word_1_495' title='bbox 2194 481 2426 537; x_wconf 84' lang='lat' dir='ltr'><strong>minibus</strong></span> <span class='ocrx_word' id='word_1_496' title='bbox 2462 485 2573 538; x_wconf 88' lang='lat' dir='ltr'><strong>suis</strong></span> <span class='ocrx_word' id='word_1_497' title='bbox 2617 486 2874 555; x_wconf 79' lang='lat' dir='ltr'><strong>impositis</strong></span> <span class='ocrx_word' id='word_1_498' title='bbox 2917 485 3277 551; x_wconf 75' lang='lat' dir='ltr'><strong>decesserunt,</strong></span> <span class='ocrx_word' id='word_1_499' title='bbox 3323 499 3421 540; x_wconf 84' lang='lat' dir='ltr'><strong>nec</strong></span> <span class='ocrx_word' id='word_1_500' title='bbox 3472 481 3648 539; x_wconf 79' lang='lat' dir='ltr'><strong>tamen</strong></span> <span class='ocrx_word' id='word_1_501' title='bbox 3692 492 3766 540; x_wconf 86' lang='lat' dir='ltr'><strong>eis</strong></span> 
     </span>
    </p>
   </div>
   <div class='ocr_carea' id='block_1_65' title="bbox 2188 573 3766 647">
    <p class='ocr_par' dir='ltr' id='par_1_65' title="bbox 2188 573 3766 647">
     <span class='ocr_line' id='line_1_66' title="bbox 2188 573 3766 647; baseline 0.003 -21"><span class='ocrx_word' id='word_1_502' title='bbox 2188 573 2473 643; x_wconf 81' lang='lat' dir='ltr'><strong>quidquam</strong></span> <span class='ocrx_word' id='word_1_503' title='bbox 2520 574 2717 643; x_wconf 79' lang='lat' dir='ltr'><strong>profuit</strong></span> <span class='ocrx_word' id='word_1_504' title='bbox 2746 617 2760 640; x_wconf 91' lang='lat'><strong>,</strong></span> <span class='ocrx_word' id='word_1_505' title='bbox 2796 575 2889 630; x_wconf 89' lang='lat' dir='ltr'><strong>sed</strong></span> <span class='ocrx_word' id='word_1_506' title='bbox 2928 576 3140 630; x_wconf 86' lang='lat' dir='ltr'><strong>silentio</strong></span> <span class='ocrx_word' id='word_1_507' title='bbox 3168 584 3222 630; x_wconf 91' lang='lat' dir='ltr'><strong>et</strong></span> <span class='ocrx_word' id='word_1_508' title='bbox 3255 576 3507 647; x_wconf 75' lang='lat' dir='ltr'><strong>oblivioni</strong></span> <span class='ocrx_word' id='word_1_509' title='bbox 3535 576 3766 631; x_wconf 83' lang='lat' dir='ltr'><strong>mandati</strong></span> 
     </span>
    </p>
   </div>
   <div class='ocr_carea' id='block_1_66' title="bbox 2188 666 3762 739">
    <p class='ocr_par' dir='ltr' id='par_1_66' title="bbox 2188 666 3762 739">
     <span class='ocr_line' id='line_1_67' title="bbox 2188 666 3762 739; baseline 0.002 -20"><span class='ocrx_word' id='word_1_510' title='bbox 2188 674 2311 720; x_wconf 87' lang='lat' dir='ltr'><strong>sunt</strong></span> <span class='ocrx_word' id='word_1_511' title='bbox 2340 669 2353 720; x_wconf 78' lang='grc' dir='ltr'>ε</span> <span class='ocrx_word' id='word_1_512' title='bbox 2406 667 2644 723; x_wconf 79' lang='lat' dir='ltr'><strong>Piscator</strong></span> <span class='ocrx_word' id='word_1_513' title='bbox 2680 678 2861 722; x_wconf 88' lang='lat' dir='ltr'><strong>autem</strong></span> <span class='ocrx_word' id='word_1_514' title='bbox 2894 669 3101 734; x_wconf 81' lang='lat' dir='ltr'><strong>Petrus,</strong></span> <span class='ocrx_word' id='word_1_515' title='bbox 3132 668 3222 739; x_wconf 87' lang='lat' dir='ltr'><strong>qui</strong></span> <span class='ocrx_word' id='word_1_516' title='bbox 3251 667 3381 722; x_wconf 88' lang='lat' dir='ltr'><strong>nihil</strong></span> <span class='ocrx_word' id='word_1_517' title='bbox 3404 666 3533 723; x_wconf 76' lang='lat' dir='ltr'><strong>fecit</strong></span> <span class='ocrx_word' id='word_1_518' title='bbox 3556 681 3762 732; x_wconf 78' lang='lat' dir='ltr'><strong>eorum,</strong></span> 
     </span>
    </p>
   </div>
   <div class='ocr_carea' id='block_1_67' title="bbox 2186 760 3758 832">
    <p class='ocr_par' dir='ltr' id='par_1_67' title="bbox 2186 760 3758 832">
     <span class='ocr_line' id='line_1_68' title="bbox 2186 760 3758 832; baseline 0 -18"><span class='ocrx_word' id='word_1_519' title='bbox 2186 761 2435 830; x_wconf 84' lang='lat' dir='ltr'><strong>quoniam</strong></span> <span class='ocrx_word' id='word_1_520' title='bbox 2466 762 2713 817; x_wconf 90' lang='lat' dir='ltr'><strong>virtutem</strong></span> <span class='ocrx_word' id='word_1_521' title='bbox 2745 770 2827 817; x_wconf 90' lang='lat' dir='ltr'><strong>est</strong></span> <span class='ocrx_word' id='word_1_522' title='bbox 2856 770 3206 832; x_wconf 83' lang='lat' dir='ltr'><strong>persequutus</strong></span> <span class='ocrx_word' id='word_1_523' title='bbox 3226 802 3245 826; x_wconf 87' lang='lat'><strong>,</strong></span> <span class='ocrx_word' id='word_1_524' title='bbox 3275 768 3332 815; x_wconf 92' lang='lat' dir='ltr'><strong>et</strong></span> <span class='ocrx_word' id='word_1_525' title='bbox 3359 760 3627 816; x_wconf 79' lang='lat' dir='ltr'><strong>civitatem</strong></span> <span class='ocrx_word' id='word_1_526' title='bbox 3652 774 3758 815; x_wconf 84' lang='lat' dir='ltr'><strong>ma-</strong></span> 
     </span>
    </p>
   </div>
   <div class='ocr_carea' id='block_1_68' title="bbox 2190 851 3765 921">
    <p class='ocr_par' dir='ltr' id='par_1_68' title="bbox 2190 851 3765 921">
     <span class='ocr_line' id='line_1_69' title="bbox 2190 851 3765 921; baseline 0.002 -18"><span class='ocrx_word' id='word_1_527' title='bbox 2190 851 2330 904; x_wconf 76' lang='lat' dir='ltr'><strong>xime</strong></span> <span class='ocrx_word' id='word_1_528' title='bbox 2358 851 2558 921; x_wconf 86' lang='lat' dir='ltr'><strong>regiam</strong></span> <span class='ocrx_word' id='word_1_529' title='bbox 2582 852 2901 920; x_wconf 86' lang='lat' dir='ltr'><strong>occupavit,</strong></span> <span class='ocrx_word' id='word_1_530' title='bbox 2929 851 3088 906; x_wconf 89' lang='lat' dir='ltr'><strong>etiam</strong></span> <span class='ocrx_word' id='word_1_531' title='bbox 3120 859 3241 921; x_wconf 85' lang='lat' dir='ltr'><strong>post</strong></span> <span class='ocrx_word' id='word_1_532' title='bbox 3274 860 3501 906; x_wconf 85' lang='lat' dir='ltr'><strong>mortem</strong></span> <span class='ocrx_word' id='word_1_533' title='bbox 3528 852 3765 920; x_wconf 78' lang='lat' dir='ltr'><strong>resplen-</strong></span> 
     </span>
    </p>
   </div>
   <div class='ocr_carea' id='block_1_69' title="bbox 2187 940 3764 1010">
    <p class='ocr_par' dir='ltr' id='par_1_69' title="bbox 2187 940 3764 1010">
     <span class='ocr_line' id='line_1_70' title="bbox 2187 940 3764 1010; baseline 0.004 -21"><span class='ocrx_word' id='word_1_534' title='bbox 2187 940 2277 992; x_wconf 86' lang='lat' dir='ltr'><strong>det</strong></span> <span class='ocrx_word' id='word_1_535' title='bbox 2300 940 2415 995; x_wconf 88' lang='lat' dir='ltr'><strong>sole</strong></span> <span class='ocrx_word' id='word_1_536' title='bbox 2434 942 2647 995; x_wconf 85' lang='lat' dir='ltr'><strong>clarius.</strong></span> <span class='ocrx_word' id='word_1_537' title='bbox 2681 940 2831 1010; x_wconf 87' lang='lat' dir='ltr'><strong>Quod</strong></span> <span class='ocrx_word' id='word_1_538' title='bbox 2864 950 2917 995; x_wconf 92' lang='lat' dir='ltr'><strong>tu</strong></span> <span class='ocrx_word' id='word_1_539' title='bbox 2944 952 3119 996; x_wconf 84' lang='lat' dir='ltr'><strong>autem</strong></span> <span class='ocrx_word' id='word_1_540' title='bbox 3150 940 3276 996; x_wconf 75' lang='lat' dir='ltr'><strong>lacis</strong></span> <span class='ocrx_word' id='word_1_541' title='bbox 3302 982 3317 1005; x_wconf 93' lang='lat'><strong>,</strong></span> <span class='ocrx_word' id='word_1_542' title='bbox 3346 950 3430 996; x_wconf 87' lang='lat' dir='ltr'><strong>est</strong></span> <span class='ocrx_word' id='word_1_543' title='bbox 3458 940 3764 1010; x_wconf 79' lang='lat' dir='ltr'><strong>ridiculum,</strong></span> 
     </span>
    </p>
   </div>
   <div class='ocr_carea' id='block_1_70' title="bbox 2186 1030 3753 1101">
    <p class='ocr_par' dir='ltr' id='par_1_70' title="bbox 2186 1030 3753 1101">
     <span class='ocr_line' id='line_1_71' title="bbox 2186 1030 3753 1101; baseline 0.003 -19"><span class='ocrx_word' id='word_1_544' title='bbox 2186 1038 2240 1082; x_wconf 88' lang='lat' dir='ltr'><strong>et</strong></span> <span class='ocrx_word' id='word_1_545' title='bbox 2269 1030 2484 1099; x_wconf 85' lang='lat' dir='ltr'><strong>plenum</strong></span> <span class='ocrx_word' id='word_1_546' title='bbox 2515 1032 2820 1101; x_wconf 82' lang='lat' dir='ltr'><strong>ignominia.</strong></span> <span class='ocrx_word' id='word_1_547' title='bbox 2864 1033 2988 1087; x_wconf 60' lang='lat' dir='ltr'><strong>Haec</strong></span> <span class='ocrx_word' id='word_1_548' title='bbox 3011 1033 3154 1088; x_wconf 90' lang='lat' dir='ltr'><strong>enim</strong></span> <span class='ocrx_word' id='word_1_549' title='bbox 3182 1033 3510 1087; x_wconf 79' lang='lat' dir='ltr'><strong>monimenta</strong></span> <span class='ocrx_word' id='word_1_550' title='bbox 3538 1042 3649 1087; x_wconf 83' lang='lat' dir='ltr'><strong>non</strong></span> <span class='ocrx_word' id='word_1_551' title='bbox 3676 1044 3753 1087; x_wconf 83' lang='lat' dir='ltr'><strong>so-</strong></span> 
     </span>
    </p>
   </div>
   <div class='ocr_carea' id='block_1_71' title="bbox 2190 1121 3767 1191">
    <p class='ocr_par' dir='ltr' id='par_1_71' title="bbox 2190 1121 3767 1191">
     <span class='ocr_line' id='line_1_72' title="bbox 2190 1121 3767 1191; baseline 0.003 -17"><span class='ocrx_word' id='word_1_552' title='bbox 2190 1121 2301 1175; x_wconf 85' lang='lat' dir='ltr'><strong>lum</strong></span> <span class='ocrx_word' id='word_1_553' title='bbox 2326 1137 2430 1177; x_wconf 90' lang='lat' dir='ltr'><strong>non</strong></span> <span class='ocrx_word' id='word_1_554' title='bbox 2460 1134 2514 1177; x_wconf 87' lang='lat' dir='ltr'><strong>te</strong></span> <span class='ocrx_word' id='word_1_555' title='bbox 2538 1124 2741 1178; x_wconf 79' lang='lat' dir='ltr'><strong>clarum</strong></span> <span class='ocrx_word' id='word_1_556' title='bbox 2771 1124 3012 1191; x_wconf 78' lang='lat' dir='ltr'><strong>reddent,</strong></span> <span class='ocrx_word' id='word_1_557' title='bbox 3045 1124 3136 1180; x_wconf 88' lang='lat' dir='ltr'><strong>sed</strong></span> <span class='ocrx_word' id='word_1_558' title='bbox 3166 1126 3326 1179; x_wconf 88' lang='lat' dir='ltr'><strong>etiam</strong></span> <span class='ocrx_word' id='word_1_559' title='bbox 3348 1124 3551 1180; x_wconf 71' lang='lat' dir='ltr'><strong>facient</strong></span> <span class='ocrx_word' id='word_1_560' title='bbox 3574 1125 3767 1180; x_wconf 81' lang='lat' dir='ltr'><strong>ridicu-</strong></span> 
     </span>
    </p>
   </div>
   <div class='ocr_carea' id='block_1_72' title="bbox 2189 1209 3766 1285">
    <p class='ocr_par' dir='ltr' id='par_1_72' title="bbox 2189 1209 3766 1285">
     <span class='ocr_line' id='line_1_73' title="bbox 2189 1209 3766 1285; baseline 0.004 -21"><span class='ocrx_word' id='word_1_561' title='bbox 2189 1209 2320 1278; x_wconf 87' lang='lat' dir='ltr'><strong>lum,</strong></span> <span class='ocrx_word' id='word_1_562' title='bbox 2348 1221 2404 1267; x_wconf 87' lang='lat' dir='ltr'><strong>et</strong></span> <span class='ocrx_word' id='word_1_563' title='bbox 2445 1224 2538 1267; x_wconf 83' lang='lat' dir='ltr'><strong>ora</strong></span> <span class='ocrx_word' id='word_1_564' title='bbox 2562 1214 2802 1268; x_wconf 88' lang='lat' dir='ltr'><strong>omnium</strong></span> <span class='ocrx_word' id='word_1_565' title='bbox 2829 1215 3089 1285; x_wconf 80' lang='lat' dir='ltr'><strong>aperient.</strong></span> <span class='ocrx_word' id='word_1_566' title='bbox 3117 1213 3360 1269; x_wconf 67' lang='lat' dir='ltr'><strong>Edilicia</strong></span> <span class='ocrx_word' id='word_1_567' title='bbox 3386 1215 3529 1271; x_wconf 90' lang='lat' dir='ltr'><strong>enim</strong></span> <span class='ocrx_word' id='word_1_568' title='bbox 3558 1232 3664 1270; x_wconf 92' lang='lat' dir='ltr'><strong>non</strong></span> <span class='ocrx_word' id='word_1_569' title='bbox 3693 1218 3766 1271; x_wconf 86' lang='lat' dir='ltr'><strong>si-</strong></span> 
     </span>
    </p>
   </div>
   <div class='ocr_carea' id='block_1_73' title="bbox 2189 1307 3764 1376">
    <p class='ocr_par' dir='ltr' id='par_1_73' title="bbox 2189 1307 3764 1376">
     <span class='ocr_line' id='line_1_74' title="bbox 2189 1307 3764 1376; baseline 0.004 -19"><span class='ocrx_word' id='word_1_570' title='bbox 2189 1313 2324 1358; x_wconf 88' lang='lat' dir='ltr'><strong>nunt</strong></span> <span class='ocrx_word' id='word_1_571' title='bbox 2364 1314 2506 1358; x_wconf 82' lang='lat' dir='ltr'><strong>tuam</strong></span> <span class='ocrx_word' id='word_1_572' title='bbox 2548 1307 2822 1360; x_wconf 84' lang='lat' dir='ltr'><strong>avaritiam</strong></span> <span class='ocrx_word' id='word_1_573' title='bbox 2847 1347 2861 1371; x_wconf 90' lang='lat'><strong>,</strong></span> <span class='ocrx_word' id='word_1_574' title='bbox 2907 1321 3025 1376; x_wconf 68' lang='lat' dir='ltr'><strong>qua:</strong></span> <span class='ocrx_word' id='word_1_575' title='bbox 3071 1307 3322 1361; x_wconf 67' lang='lat' dir='ltr'><strong>oblivioni</strong></span> <span class='ocrx_word' id='word_1_576' title='bbox 3355 1307 3491 1361; x_wconf 81' lang='lat' dir='ltr'><strong>tradi</strong></span> <span class='ocrx_word' id='word_1_577' title='bbox 3543 1316 3764 1376; x_wconf 84' lang='lat' dir='ltr'><strong>poterat,</strong></span> 
     </span>
    </p>
   </div>
   <div class='ocr_carea' id='block_1_74' title="bbox 2192 1396 3767 1467">
    <p class='ocr_par' dir='ltr' id='par_1_74' title="bbox 2192 1396 3767 1467">
     <span class='ocr_line' id='line_1_75' title="bbox 2192 1396 3767 1467; baseline 0.004 -20"><span class='ocrx_word' id='word_1_578' title='bbox 2192 1396 2446 1463; x_wconf 87' lang='lat' dir='ltr'><strong>temporis</strong></span> <span class='ocrx_word' id='word_1_579' title='bbox 2469 1408 2696 1450; x_wconf 83' lang='lat' dir='ltr'><strong>excursu</strong></span> <span class='ocrx_word' id='word_1_580' title='bbox 2724 1396 2985 1467; x_wconf 81' lang='lat' dir='ltr'><strong>exstingui</strong></span> <span class='ocrx_word' id='word_1_581' title='bbox 3009 1437 3024 1463; x_wconf 94' lang='lat'><strong>,</strong></span> <span class='ocrx_word' id='word_1_582' title='bbox 3053 1407 3105 1451; x_wconf 86' lang='lat' dir='ltr'><strong>et</strong></span> <span class='ocrx_word' id='word_1_583' title='bbox 3145 1406 3287 1451; x_wconf 75' lang='lat' dir='ltr'><strong>Stant</strong></span> <span class='ocrx_word' id='word_1_584' title='bbox 3315 1397 3481 1452; x_wconf 88' lang='lat' dir='ltr'><strong>veluti</strong></span> <span class='ocrx_word' id='word_1_585' title='bbox 3508 1399 3767 1453; x_wconf 74' lang='lat' dir='ltr'><strong>colurnum</strong></span> 
     </span>
    </p>
   </div>
   <div class='ocr_carea' id='block_1_75' title="bbox 2187 1487 3768 1555">
    <p class='ocr_par' dir='ltr' id='par_1_75' title="bbox 2187 1487 3768 1555">
     <span class='ocr_line' id='line_1_76' title="bbox 2187 1487 3768 1555; baseline 0.003 -17"><span class='ocrx_word' id='word_1_586' title='bbox 2187 1494 2241 1539; x_wconf 91' lang='lat' dir='ltr'><strong>et</strong></span> <span class='ocrx_word' id='word_1_587' title='bbox 2283 1495 2483 1555; x_wconf 73' lang='lat' dir='ltr'><strong>tmpma</strong></span> <span class='ocrx_word' id='word_1_588' title='bbox 2520 1495 2699 1542; x_wconf 78' lang='lat' dir='ltr'><strong>erecta</strong></span> <span class='ocrx_word' id='word_1_589' title='bbox 2747 1488 3006 1542; x_wconf 87' lang='lat' dir='ltr'><strong>adversus</strong></span> <span class='ocrx_word' id='word_1_590' title='bbox 3056 1489 3349 1542; x_wconf 80' lang='lat' dir='ltr'><strong>avaritiam.</strong></span> <span class='ocrx_word' id='word_1_591' title='bbox 3385 1489 3471 1543; x_wconf 72' lang='lat'><strong>13.</strong></span> <span class='ocrx_word' id='word_1_592' title='bbox 3509 1487 3578 1542; x_wconf 84' lang='lat' dir='ltr'><strong>Et</strong></span> <span class='ocrx_word' id='word_1_593' title='bbox 3623 1493 3768 1544; x_wconf 82' lang='lat' dir='ltr'><strong>hamo</strong></span> 
     </span>
    </p>
   </div>
   <div class='ocr_carea' id='block_1_76' title="bbox 2182 1576 3767 1652">
    <p class='ocr_par' dir='ltr' id='par_1_76' title="bbox 2182 1576 3767 1652">
     <span class='ocr_line' id='line_1_77' title="bbox 2182 1576 3767 1652; baseline 0.006 -25"><span class='ocrx_word' id='word_1_594' title='bbox 2182 1590 2303 1627; x_wconf 80' lang='lat' dir='ltr'><strong>eum</strong></span> <span class='ocrx_word' id='word_1_595' title='bbox 2319 1576 2377 1628; x_wconf 90' lang='lat' dir='ltr'><strong>in</strong></span> <span class='ocrx_word' id='word_1_596' title='bbox 2398 1577 2589 1631; x_wconf 85' lang='lat' dir='ltr'><strong>lionore</strong></span> <span class='ocrx_word' id='word_1_597' title='bbox 2611 1586 2754 1643; x_wconf 90' lang='lat' dir='ltr'><strong>esset,</strong></span> <span class='ocrx_word' id='word_1_598' title='bbox 2784 1592 2883 1632; x_wconf 87' lang='lat' dir='ltr'><strong>non</strong></span> <span class='ocrx_word' id='word_1_599' title='bbox 2914 1579 3154 1633; x_wconf 73' lang='lat' dir='ltr'><strong>intellexit</strong></span> <span class='ocrx_word' id='word_1_600' title='bbox 3179 1595 3200 1633; x_wconf 89' lang='lat'><strong><em>:</em></strong></span> <span class='ocrx_word' id='word_1_601' title='bbox 3234 1589 3557 1651; x_wconf 66' lang='lat' dir='ltr'><strong>commeatus</strong></span> <span class='ocrx_word' id='word_1_602' title='bbox 3585 1594 3659 1636; x_wconf 86' lang='lat' dir='ltr'><strong>est</strong></span> <span class='ocrx_word' id='word_1_603' title='bbox 3675 1585 3767 1652; x_wconf 83' lang='lat' dir='ltr'><strong>ju-</strong></span> 
     </span>
    </p>
   </div>
   <div class='ocr_carea' id='block_1_77' title="bbox 2189 1666 3765 1741">
    <p class='ocr_par' dir='ltr' id='par_1_77' title="bbox 2189 1666 3765 1741">
     <span class='ocr_line' id='line_1_78' title="bbox 2189 1666 3765 1741; baseline 0.006 -23"><span class='ocrx_word' id='word_1_604' title='bbox 2189 1667 2366 1720; x_wconf 84' lang='lat' dir='ltr'><strong>mentis</strong></span> <span class='ocrx_word' id='word_1_605' title='bbox 2389 1666 2759 1735; x_wconf 80' lang='lat' dir='ltr'><strong>insipientibus,</strong></span> <span class='ocrx_word' id='word_1_606' title='bbox 2789 1678 2835 1722; x_wconf 89' lang='lat' dir='ltr'><strong>et</strong></span> <span class='ocrx_word' id='word_1_607' title='bbox 2860 1670 3038 1724; x_wconf 77' lang='lat' dir='ltr'><strong>similis</strong></span> <span class='ocrx_word' id='word_1_608' title='bbox 3065 1673 3230 1741; x_wconf 74' lang='lat' dir='ltr'><strong>[aetiis</strong></span> <span class='ocrx_word' id='word_1_609' title='bbox 3256 1681 3328 1725; x_wconf 87' lang='lat' dir='ltr'><strong>est</strong></span> <span class='ocrx_word' id='word_1_610' title='bbox 3352 1671 3476 1726; x_wconf 69' lang='lat' dir='ltr'><strong>iliis.</strong></span> <span class='ocrx_word' id='word_1_611' title='bbox 3509 1672 3607 1728; x_wconf 79' lang='lat' dir='ltr'><strong>llic</strong></span> <span class='ocrx_word' id='word_1_612' title='bbox 3640 1674 3765 1728; x_wconf 83' lang='lat' dir='ltr'><strong>mihi</strong></span> 
     </span>
    </p>
   </div>
   <div class='ocr_carea' id='block_1_78' title="bbox 2188 1755 3767 1833">
    <p class='ocr_par' dir='ltr' id='par_1_78' title="bbox 2188 1755 3767 1833">
     <span class='ocr_line' id='line_1_79' title="bbox 2188 1755 3767 1833; baseline 0.008 -25"><span class='ocrx_word' id='word_1_613' title='bbox 2188 1755 2396 1811; x_wconf 86' lang='lat' dir='ltr'><strong>videtur</strong></span> <span class='ocrx_word' id='word_1_614' title='bbox 2439 1756 2694 1828; x_wconf 87' lang='lat' dir='ltr'><strong>deinceps</strong></span> <span class='ocrx_word' id='word_1_615' title='bbox 2730 1758 2985 1830; x_wconf 86' lang='lat' dir='ltr'><strong>propheta</strong></span> <span class='ocrx_word' id='word_1_616' title='bbox 3029 1760 3329 1831; x_wconf 85' lang='lat' dir='ltr'><strong>deplorare,</strong></span> <span class='ocrx_word' id='word_1_617' title='bbox 3382 1763 3524 1833; x_wconf 90' lang='lat' dir='ltr'><strong>quod</strong></span> <span class='ocrx_word' id='word_1_618' title='bbox 3576 1766 3767 1819; x_wconf 88' lang='lat' dir='ltr'><strong>animal</strong></span> 
     </span>
    </p>
   </div>
   <div class='ocr_carea' id='block_1_79' title="bbox 2186 1848 3767 1923">
    <p class='ocr_par' dir='ltr' id='par_1_79' title="bbox 2186 1848 3767 1923">
     <span class='ocr_line' id='line_1_80' title="bbox 2186 1848 3767 1923; baseline 0.006 -21"><span class='ocrx_word' id='word_1_619' title='bbox 2186 1848 2409 1903; x_wconf 86' lang='lat' dir='ltr'><strong>rationis</strong></span> <span class='ocrx_word' id='word_1_620' title='bbox 2436 1851 2715 1921; x_wconf 87' lang='lat' dir='ltr'><strong>particeps,</strong></span> <span class='ocrx_word' id='word_1_621' title='bbox 2741 1852 2827 1907; x_wconf 89' lang='lat' dir='ltr'><strong>cui</strong></span> <span class='ocrx_word' id='word_1_622' title='bbox 2852 1851 2951 1906; x_wconf 91' lang='lat' dir='ltr'><strong>fuit</strong></span> <span class='ocrx_word' id='word_1_623' title='bbox 2976 1852 3225 1907; x_wconf 86' lang='lat' dir='ltr'><strong>traditum</strong></span> <span class='ocrx_word' id='word_1_624' title='bbox 3260 1868 3477 1923; x_wconf 83' lang='lat' dir='ltr'><strong>regnum</strong></span> <span class='ocrx_word' id='word_1_625' title='bbox 3510 1855 3561 1909; x_wconf 94' lang='lat' dir='ltr'><strong>iu</strong></span> <span class='ocrx_word' id='word_1_626' title='bbox 3591 1859 3767 1917; x_wconf 88' lang='lat' dir='ltr'><strong>terris.</strong></span> 
     </span>
    </p>
   </div>
   <div class='ocr_carea' id='block_1_80' title="bbox 2188 1940 3764 2017">
    <p class='ocr_par' dir='ltr' id='par_1_80' title="bbox 2188 1940 3764 2017">
     <span class='ocr_line' id='line_1_81' title="bbox 2188 1940 3764 2017; baseline 0.006 -22"><span class='ocrx_word' id='word_1_627' title='bbox 2188 1954 2256 1995; x_wconf 90' lang='lat' dir='ltr'><strong>eo</strong></span> <span class='ocrx_word' id='word_1_628' title='bbox 2290 1940 2660 2009; x_wconf 82' lang='lat' dir='ltr'><strong>declinaverit,</strong></span> <span class='ocrx_word' id='word_1_629' title='bbox 2689 1952 2747 1997; x_wconf 92' lang='lat' dir='ltr'><strong>ut</strong></span> <span class='ocrx_word' id='word_1_630' title='bbox 2769 1954 2914 1999; x_wconf 89' lang='lat' dir='ltr'><strong>esset</strong></span> <span class='ocrx_word' id='word_1_631' title='bbox 2942 1960 3045 1999; x_wconf 90' lang='lat' dir='ltr'><strong>nou</strong></span> <span class='ocrx_word' id='word_1_632' title='bbox 3075 1946 3251 2001; x_wconf 89' lang='lat' dir='ltr'><strong>minus</strong></span> <span class='ocrx_word' id='word_1_633' title='bbox 3275 1947 3379 2001; x_wconf 89' lang='lat' dir='ltr'><strong>vile</strong></span> <span class='ocrx_word' id='word_1_634' title='bbox 3407 1948 3764 2017; x_wconf 87' lang='lat' dir='ltr'><strong>etahjectum,</strong></span> 
     </span>
    </p>
   </div>
   <div class='ocr_carea' id='block_1_81' title="bbox 2189 2035 3770 2112">
    <p class='ocr_par' dir='ltr' id='par_1_81' title="bbox 2189 2035 3770 2112">
     <span class='ocr_line' id='line_1_82' title="bbox 2189 2035 3770 2112; baseline 0.004 -24"><span class='ocrx_word' id='word_1_635' title='bbox 2189 2049 2347 2104; x_wconf 90' lang='lat' dir='ltr'><strong>quam</strong></span> <span class='ocrx_word' id='word_1_636' title='bbox 2376 2036 2561 2103; x_wconf 87' lang='lat' dir='ltr'><strong>bruta,</strong></span> <span class='ocrx_word' id='word_1_637' title='bbox 2597 2035 2725 2090; x_wconf 79' lang='lat' dir='ltr'><strong>dum</strong></span> <span class='ocrx_word' id='word_1_638' title='bbox 2755 2037 2806 2091; x_wconf 90' lang='lat' dir='ltr'><strong>in</strong></span> <span class='ocrx_word' id='word_1_639' title='bbox 2847 2037 3005 2092; x_wconf 89' lang='lat' dir='ltr'><strong>rebus</strong></span> <span class='ocrx_word' id='word_1_640' title='bbox 3034 2038 3186 2094; x_wconf 86' lang='lat' dir='ltr'><strong>vanis</strong></span> <span class='ocrx_word' id='word_1_641' title='bbox 3214 2039 3435 2106; x_wconf 88' lang='lat' dir='ltr'><strong>laborat,</strong></span> <span class='ocrx_word' id='word_1_642' title='bbox 3468 2049 3523 2096; x_wconf 91' lang='lat' dir='ltr'><strong>et</strong></span> <span class='ocrx_word' id='word_1_643' title='bbox 3550 2057 3612 2096; x_wconf 88' lang='lat' dir='ltr'><strong>ea</strong></span> <span class='ocrx_word' id='word_1_644' title='bbox 3653 2057 3723 2112; x_wconf 88' lang='lat' dir='ltr'><strong>qu</strong></span> <span class='ocrx_word' id='word_1_645' title='bbox 3742 2062 3770 2094; x_wconf 70' lang='grc' dir='ltr'><strong><em>η</em></strong></span> 
     </span>
    </p>
   </div>
   <div class='ocr_carea' id='block_1_82' title="bbox 2188 2129 3767 2203">
    <p class='ocr_par' dir='ltr' id='par_1_82' title="bbox 2188 2129 3767 2203">
     <span class='ocr_line' id='line_1_83' title="bbox 2188 2129 3767 2203; baseline 0.004 -22"><span class='ocrx_word' id='word_1_646' title='bbox 2188 2138 2314 2182; x_wconf 90' lang='lat' dir='ltr'><strong>sunt</strong></span> <span class='ocrx_word' id='word_1_647' title='bbox 2358 2144 2469 2183; x_wconf 70' lang='lat' dir='ltr'><strong>sua:</strong></span> <span class='ocrx_word' id='word_1_648' title='bbox 2515 2129 2670 2184; x_wconf 81' lang='lat' dir='ltr'><strong>saluti</strong></span> <span class='ocrx_word' id='word_1_649' title='bbox 2706 2131 2974 2185; x_wconf 82' lang='lat' dir='ltr'><strong>contraria</strong></span> <span class='ocrx_word' id='word_1_650' title='bbox 3018 2131 3254 2194; x_wconf 89' lang='lat' dir='ltr'><strong>molitur,</strong></span> <span class='ocrx_word' id='word_1_651' title='bbox 3294 2131 3505 2188; x_wconf 89' lang='lat' dir='ltr'><strong>inanem</strong></span> <span class='ocrx_word' id='word_1_652' title='bbox 3545 2133 3767 2203; x_wconf 81' lang='lat' dir='ltr'><strong>gloriam</strong></span> 
     </span>
    </p>
   </div>
   <div class='ocr_carea' id='block_1_83' title="bbox 2186 2222 3769 2291">
    <p class='ocr_par' dir='ltr' id='par_1_83' title="bbox 2186 2222 3769 2291">
     <span class='ocr_line' id='line_1_84' title="bbox 2186 2222 3769 2291; baseline 0.004 -17"><span class='ocrx_word' id='word_1_653' title='bbox 2186 2222 2545 2291; x_wconf 80' lang='lat' dir='ltr'><strong>persequitur,</strong></span> <span class='ocrx_word' id='word_1_654' title='bbox 2575 2223 2794 2277; x_wconf 85' lang='lat' dir='ltr'><strong>avaritia</strong></span> <span class='ocrx_word' id='word_1_655' title='bbox 2842 2232 3073 2290; x_wconf 90' lang='lat' dir='ltr'><strong>tenetur,</strong></span> <span class='ocrx_word' id='word_1_656' title='bbox 3104 2225 3156 2278; x_wconf 90' lang='lat' dir='ltr'><strong>in</strong></span> <span class='ocrx_word' id='word_1_657' title='bbox 3198 2224 3357 2280; x_wconf 86' lang='lat' dir='ltr'><strong>rebus</strong></span> <span class='ocrx_word' id='word_1_658' title='bbox 3397 2226 3671 2282; x_wconf 90' lang='lat' dir='ltr'><strong>inutilibus</strong></span> <span class='ocrx_word' id='word_1_659' title='bbox 3713 2245 3769 2281; x_wconf 84' lang='lat' dir='ltr'><strong>se</strong></span> 
     </span>
    </p>
   </div>
   <div class='ocr_carea' id='block_1_84' title="bbox 2188 2312 3769 2391">
    <p class='ocr_par' dir='ltr' id='par_1_84' title="bbox 2188 2312 3769 2391">
     <span class='ocr_line' id='line_1_85' title="bbox 2188 2312 3769 2391; baseline 0.006 -28"><span class='ocrx_word' id='word_1_660' title='bbox 2188 2318 2425 2391; x_wconf 83' lang='lat' dir='ltr'><strong>exercet.</strong></span> <span class='ocrx_word' id='word_1_661' title='bbox 2459 2312 2637 2366; x_wconf 82' lang='lat' dir='ltr'><strong>Virtus</strong></span> <span class='ocrx_word' id='word_1_662' title='bbox 2680 2314 2821 2367; x_wconf 88' lang='lat' dir='ltr'><strong>enim</strong></span> <span class='ocrx_word' id='word_1_663' title='bbox 2857 2322 2939 2368; x_wconf 91' lang='lat' dir='ltr'><strong>est</strong></span> <span class='ocrx_word' id='word_1_664' title='bbox 2978 2313 3149 2369; x_wconf 88' lang='lat' dir='ltr'><strong>honor</strong></span> <span class='ocrx_word' id='word_1_665' title='bbox 3167 2315 3417 2381; x_wconf 90' lang='lat' dir='ltr'><strong>hominis,</strong></span> <span class='ocrx_word' id='word_1_666' title='bbox 3439 2325 3493 2371; x_wconf 90' lang='lat' dir='ltr'><strong>et</strong></span> <span class='ocrx_word' id='word_1_667' title='bbox 3520 2316 3588 2372; x_wconf 90' lang='lat' dir='ltr'><strong>de</strong></span> <span class='ocrx_word' id='word_1_668' title='bbox 3614 2319 3769 2373; x_wconf 84' lang='lat' dir='ltr'><strong>rebus</strong></span> 
     </span>
    </p>
   </div>
   <div class='ocr_carea' id='block_1_85' title="bbox 2189 2401 3769 2480">
    <p class='ocr_par' dir='ltr' id='par_1_85' title="bbox 2189 2401 3769 2480">
     <span class='ocr_line' id='line_1_86' title="bbox 2189 2401 3769 2480; baseline 0.006 -23"><span class='ocrx_word' id='word_1_669' title='bbox 2189 2401 2383 2458; x_wconf 81' lang='lat' dir='ltr'><strong>futuris</strong></span> <span class='ocrx_word' id='word_1_670' title='bbox 2423 2404 2807 2475; x_wconf 64' lang='lat' dir='ltr'><strong>philosoiihari,</strong></span> <span class='ocrx_word' id='word_1_671' title='bbox 2838 2416 2892 2461; x_wconf 88' lang='lat' dir='ltr'><strong>et</strong></span> <span class='ocrx_word' id='word_1_672' title='bbox 2918 2408 3097 2463; x_wconf 91' lang='lat' dir='ltr'><strong>omnia</strong></span> <span class='ocrx_word' id='word_1_673' title='bbox 3128 2422 3436 2478; x_wconf 87' lang='lat' dir='ltr'><strong>procurare,</strong></span> <span class='ocrx_word' id='word_1_674' title='bbox 3467 2426 3587 2480; x_wconf 66' lang='lat' dir='ltr'><strong>qua:</strong></span> <span class='ocrx_word' id='word_1_675' title='bbox 3614 2411 3682 2467; x_wconf 86' lang='lat' dir='ltr'><strong>ad</strong></span> <span class='ocrx_word' id='word_1_676' title='bbox 3711 2413 3769 2466; x_wconf 88' lang='lat' dir='ltr'><strong>il-</strong></span> 
     </span>
    </p>
   </div>
   <div class='ocr_carea' id='block_1_86' title="bbox 2192 2494 3765 2571">
    <p class='ocr_par' dir='ltr' id='par_1_86' title="bbox 2192 2494 3765 2571">
     <span class='ocr_line' id='line_1_87' title="bbox 2192 2494 3765 2571; baseline 0.006 -23"><span class='ocrx_word' id='word_1_677' title='bbox 2192 2494 2295 2549; x_wconf 89' lang='lat' dir='ltr'><strong>lam</strong></span> <span class='ocrx_word' id='word_1_678' title='bbox 2322 2496 2482 2550; x_wconf 86' lang='lat' dir='ltr'><strong>vitam</strong></span> <span class='ocrx_word' id='word_1_679' title='bbox 2513 2497 2799 2567; x_wconf 87' lang='lat' dir='ltr'><strong>pertinent,</strong></span> <span class='ocrx_word' id='word_1_680' title='bbox 2833 2507 2888 2553; x_wconf 91' lang='lat' dir='ltr'><strong>et</strong></span> <span class='ocrx_word' id='word_1_681' title='bbox 2916 2501 3196 2568; x_wconf 70' lang='lat' dir='ltr'><strong>praiseutia</strong></span> <span class='ocrx_word' id='word_1_682' title='bbox 3237 2500 3531 2571; x_wconf 84' lang='lat' dir='ltr'><strong>negligere.</strong></span> <span class='ocrx_word' id='word_1_683' title='bbox 3578 2501 3765 2557; x_wconf 78' lang='lat' dir='ltr'><strong>Brutu-</strong></span> 
     </span>
    </p>
   </div>
   <div class='ocr_carea' id='block_1_87' title="bbox 2194 2591 3766 2661">
    <p class='ocr_par' dir='ltr' id='par_1_87' title="bbox 2194 2591 3766 2661">
     <span class='ocr_line' id='line_1_88' title="bbox 2194 2591 3766 2661; baseline 0.005 -18"><span class='ocrx_word' id='word_1_684' title='bbox 2194 2605 2314 2644; x_wconf 89' lang='lat' dir='ltr'><strong>rtun</strong></span> <span class='ocrx_word' id='word_1_685' title='bbox 2341 2591 2481 2645; x_wconf 89' lang='lat' dir='ltr'><strong>enim</strong></span> <span class='ocrx_word' id='word_1_686' title='bbox 2508 2591 2612 2645; x_wconf 89' lang='lat' dir='ltr'><strong>vita</strong></span> <span class='ocrx_word' id='word_1_687' title='bbox 2637 2592 2912 2661; x_wconf 66' lang='lat' dir='ltr'><strong>praesentis</strong></span> <span class='ocrx_word' id='word_1_688' title='bbox 2940 2592 3061 2647; x_wconf 70' lang='lat' dir='ltr'><strong>vita:</strong></span> <span class='ocrx_word' id='word_1_689' title='bbox 3091 2592 3349 2647; x_wconf 87' lang='lat' dir='ltr'><strong>limitibus</strong></span> <span class='ocrx_word' id='word_1_690' title='bbox 3388 2594 3721 2650; x_wconf 86' lang='lat' dir='ltr'><strong>concluditur</strong></span> <span class='ocrx_word' id='word_1_691' title='bbox 3750 2614 3766 2651; x_wconf 89' lang='lat'><strong>:</strong></span> 
     </span>
    </p>
   </div>
   <div class='ocr_carea' id='block_1_88' title="bbox 2190 2682 3760 2756">
    <p class='ocr_par' dir='ltr' id='par_1_88' title="bbox 2190 2682 3760 2756">
     <span class='ocr_line' id='line_1_89' title="bbox 2190 2682 3760 2756; baseline 0.006 -21"><span class='ocrx_word' id='word_1_692' title='bbox 2190 2689 2369 2735; x_wconf 88' lang='lat' dir='ltr'><strong>nostra</strong></span> <span class='ocrx_word' id='word_1_693' title='bbox 2396 2691 2570 2737; x_wconf 89' lang='lat' dir='ltr'><strong>autem</strong></span> <span class='ocrx_word' id='word_1_694' title='bbox 2597 2682 2765 2738; x_wconf 89' lang='lat' dir='ltr'><strong>tendit</strong></span> <span class='ocrx_word' id='word_1_695' title='bbox 2788 2684 2853 2738; x_wconf 88' lang='lat' dir='ltr'><strong>ad</strong></span> <span class='ocrx_word' id='word_1_696' title='bbox 2881 2684 3035 2738; x_wconf 86' lang='lat' dir='ltr'><strong>aliam</strong></span> <span class='ocrx_word' id='word_1_697' title='bbox 3075 2684 3369 2751; x_wconf 87' lang='lat' dir='ltr'><strong>meliorem,</strong></span> <span class='ocrx_word' id='word_1_698' title='bbox 3396 2696 3449 2741; x_wconf 89' lang='lat' dir='ltr'><strong>et</strong></span> <span class='ocrx_word' id='word_1_699' title='bbox 3476 2688 3627 2756; x_wconf 82' lang='lat' dir='ltr'><strong>cujus</strong></span> <span class='ocrx_word' id='word_1_700' title='bbox 3656 2704 3760 2744; x_wconf 90' lang='lat' dir='ltr'><strong>nou</strong></span> 
     </span>
    </p>
   </div>
   <div class='ocr_carea' id='block_1_89' title="bbox 2190 2774 3761 2857">
    <p class='ocr_par' dir='ltr' id='par_1_89' title="bbox 2190 2774 3761 2857">
     <span class='ocr_line' id='line_1_90' title="bbox 2190 2774 3761 2857; baseline 0.005 -29"><span class='ocrx_word' id='word_1_701' title='bbox 2190 2783 2273 2829; x_wconf 78' lang='lat' dir='ltr'><strong>cSt</strong></span> <span class='ocrx_word' id='word_1_702' title='bbox 2302 2775 2441 2829; x_wconf 90' lang='lat' dir='ltr'><strong>linis.</strong></span> <span class='ocrx_word' id='word_1_703' title='bbox 2472 2774 2576 2830; x_wconf 87' lang='lat' dir='ltr'><strong>Sed</strong></span> <span class='ocrx_word' id='word_1_704' title='bbox 2602 2774 2661 2857; x_wconf 81' lang='lat' dir='ltr'><strong>hi</strong></span> <span class='ocrx_word' id='word_1_705' title='bbox 2689 2776 2776 2847; x_wconf 89' lang='lat' dir='ltr'><strong>qui</strong></span> <span class='ocrx_word' id='word_1_706' title='bbox 2797 2777 2864 2830; x_wconf 83' lang='lat' dir='ltr'><strong>ile</strong></span> <span class='ocrx_word' id='word_1_707' title='bbox 2892 2775 3081 2832; x_wconf 80' lang='lat' dir='ltr'><strong>futuris</strong></span> <span class='ocrx_word' id='word_1_708' title='bbox 3106 2777 3235 2832; x_wconf 87' lang='lat' dir='ltr'><strong>nihil</strong></span> <span class='ocrx_word' id='word_1_709' title='bbox 3266 2778 3459 2845; x_wconf 90' lang='lat' dir='ltr'><strong>sciunt,</strong></span> <span class='ocrx_word' id='word_1_710' title='bbox 3491 2790 3616 2835; x_wconf 91' lang='lat' dir='ltr'><strong>sunt</strong></span> <span class='ocrx_word' id='word_1_711' title='bbox 3638 2781 3761 2836; x_wconf 88' lang='lat' dir='ltr'><strong>bru-</strong></span> 
     </span>
    </p>
   </div>
   <div class='ocr_carea' id='block_1_90' title="bbox 2191 2865 3768 2941">
    <p class='ocr_par' dir='ltr' id='par_1_90' title="bbox 2191 2865 3768 2941">
     <span class='ocr_line' id='line_1_91' title="bbox 2191 2865 3768 2941; baseline 0.005 -21"><span class='ocrx_word' id='word_1_712' title='bbox 2191 2865 2261 2920; x_wconf 92' lang='lat' dir='ltr'><strong>tis</strong></span> <span class='ocrx_word' id='word_1_713' title='bbox 2286 2866 2578 2921; x_wconf 86' lang='lat' dir='ltr'><strong>deteriores</strong></span> <span class='ocrx_word' id='word_1_714' title='bbox 2612 2884 2626 2921; x_wconf 91' lang='lat'><strong>:</strong></span> <span class='ocrx_word' id='word_1_715' title='bbox 2655 2882 2759 2923; x_wconf 80' lang='lat' dir='ltr'><strong>nec.</strong></span> <span class='ocrx_word' id='word_1_716' title='bbox 2781 2867 2817 2923; x_wconf 91' lang='lat' dir='ltr'><strong>ii</strong></span> <span class='ocrx_word' id='word_1_717' title='bbox 2840 2868 3012 2923; x_wconf 86' lang='lat' dir='ltr'><strong>solum</strong></span> <span class='ocrx_word' id='word_1_718' title='bbox 3043 2909 3059 2936; x_wconf 92' lang='lat'><strong>,</strong></span> <span class='ocrx_word' id='word_1_719' title='bbox 3090 2868 3184 2924; x_wconf 86' lang='lat' dir='ltr'><strong>sed</strong></span> <span class='ocrx_word' id='word_1_720' title='bbox 3223 2869 3382 2924; x_wconf 90' lang='lat' dir='ltr'><strong>etiam</strong></span> <span class='ocrx_word' id='word_1_721' title='bbox 3413 2872 3501 2941; x_wconf 92' lang='lat' dir='ltr'><strong>qui</strong></span> <span class='ocrx_word' id='word_1_722' title='bbox 3536 2873 3768 2928; x_wconf 81' lang='lat' dir='ltr'><strong>scelera-</strong></span> 
     </span>
    </p>
   </div>
   <div class='ocr_carea' id='block_1_91' title="bbox 2194 2957 3767 3034">
    <p class='ocr_par' dir='ltr' id='par_1_91' title="bbox 2194 2957 3767 3034">
     <span class='ocr_line' id='line_1_92' title="bbox 2194 2957 3767 3034; baseline 0.006 -23"><span class='ocrx_word' id='word_1_723' title='bbox 2194 2966 2297 3011; x_wconf 88' lang='lat' dir='ltr'><strong>tam</strong></span> <span class='ocrx_word' id='word_1_724' title='bbox 2346 2967 2400 3012; x_wconf 94' lang='lat' dir='ltr'><strong>et</strong></span> <span class='ocrx_word' id='word_1_725' title='bbox 2446 2957 2703 3028; x_wconf 87' lang='lat' dir='ltr'><strong>perditam</strong></span> <span class='ocrx_word' id='word_1_726' title='bbox 2730 2961 2889 3017; x_wconf 86' lang='lat' dir='ltr'><strong>vitam</strong></span> <span class='ocrx_word' id='word_1_727' title='bbox 2929 2969 3114 3030; x_wconf 81' lang='lat' dir='ltr'><strong>agunt,</strong></span> <span class='ocrx_word' id='word_1_728' title='bbox 3144 2969 3330 3031; x_wconf 87' lang='lat' dir='ltr'><strong>utpo:e</strong></span> <span class='ocrx_word' id='word_1_729' title='bbox 3377 2963 3466 3034; x_wconf 92' lang='lat' dir='ltr'><strong>qui</strong></span> <span class='ocrx_word' id='word_1_730' title='bbox 3499 2963 3626 3019; x_wconf 83' lang='lat' dir='ltr'><strong>ﬁant</strong></span> <span class='ocrx_word' id='word_1_731' title='bbox 3653 2980 3767 3020; x_wconf 67' lang='grc' dir='ltr'><strong><em>εει-η</em></strong></span> 
     </span>
    </p>
   </div>
   <div class='ocr_carea' id='block_1_92' title="bbox 2193 3049 3768 3123">
    <p class='ocr_par' dir='ltr' id='par_1_92' title="bbox 2193 3049 3768 3123">
     <span class='ocr_line' id='line_1_93' title="bbox 2193 3049 3768 3123; baseline 0.006 -20"><span class='ocrx_word' id='word_1_732' title='bbox 2193 3056 2399 3118; x_wconf 89' lang='lat' dir='ltr'><strong>penles,</strong></span> <span class='ocrx_word' id='word_1_733' title='bbox 2424 3049 2637 3119; x_wconf 87' lang='lat' dir='ltr'><strong>scorpii,</strong></span> <span class='ocrx_word' id='word_1_734' title='bbox 2662 3057 2716 3105; x_wconf 90' lang='lat' dir='ltr'><strong>et</strong></span> <span class='ocrx_word' id='word_1_735' title='bbox 2733 3050 2840 3121; x_wconf 89' lang='lat' dir='ltr'><strong>lupi</strong></span> <span class='ocrx_word' id='word_1_736' title='bbox 2866 3060 3083 3122; x_wconf 90' lang='lat' dir='ltr'><strong>propter</strong></span> <span class='ocrx_word' id='word_1_737' title='bbox 3106 3053 3516 3123; x_wconf 86' lang='lat' dir='ltr'><strong>improbitatem,</strong></span> <span class='ocrx_word' id='word_1_738' title='bbox 3546 3066 3599 3111; x_wconf 92' lang='lat' dir='ltr'><strong>et</strong></span> <span class='ocrx_word' id='word_1_739' title='bbox 3610 3056 3768 3113; x_wconf 78' lang='lat' dir='ltr'><strong>bm&#39;e‘s</strong></span> 
     </span>
    </p>
   </div>
   <div class='ocr_carea' id='block_1_93' title="bbox 2194 3140 3773 3214">
    <p class='ocr_par' dir='ltr' id='par_1_93' title="bbox 2194 3140 3773 3214">
     <span class='ocr_line' id='line_1_94' title="bbox 2194 3140 3773 3214; baseline 0.004 -20"><span class='ocrx_word' id='word_1_740' title='bbox 2194 3150 2410 3210; x_wconf 83' lang='lat' dir='ltr'><strong>propter</strong></span> <span class='ocrx_word' id='word_1_741' title='bbox 2436 3140 2760 3209; x_wconf 89' lang='lat' dir='ltr'><strong>vecordiam,</strong></span> <span class='ocrx_word' id='word_1_742' title='bbox 2790 3151 2843 3197; x_wconf 90' lang='lat' dir='ltr'><strong>et</strong></span> <span class='ocrx_word' id='word_1_743' title='bbox 2867 3157 3028 3199; x_wconf 89' lang='lat' dir='ltr'><strong>canes</strong></span> <span class='ocrx_word' id='word_1_744' title='bbox 3059 3154 3275 3213; x_wconf 89' lang='lat' dir='ltr'><strong>propter</strong></span> <span class='ocrx_word' id='word_1_745' title='bbox 3296 3145 3695 3214; x_wconf 87' lang='lat' dir='ltr'><strong>impudentiam.</strong></span> <span class='ocrx_word' id='word_1_746' title='bbox 3770 3178 3773 3181; x_wconf 59' lang='grc' dir='ltr'>η</span> 
     </span>
    </p>
   </div>
   <div class='ocr_carea' id='block_1_94' title="bbox 2262 3231 3768 3310">
    <p class='ocr_par' dir='ltr' id='par_1_94' title="bbox 2262 3231 3768 3310">
     <span class='ocr_line' id='line_1_95' title="bbox 2262 3231 3768 3310; baseline 0.004 -24"><span class='ocrx_word' id='word_1_747' title='bbox 2262 3232 2313 3286; x_wconf 82' lang='grc'><strong>7.</strong></span> <span class='ocrx_word' id='word_1_748' title='bbox 2361 3231 2525 3287; x_wconf 82' lang='lat' dir='ltr'><strong>Virtus</strong></span> <span class='ocrx_word' id='word_1_749' title='bbox 2545 3232 2655 3286; x_wconf 89' lang='lat' dir='ltr'><strong>sola</strong></span> <span class='ocrx_word' id='word_1_750' title='bbox 2678 3234 2969 3287; x_wconf 87' lang='lat' dir='ltr'><strong>memoriam</strong></span> <span class='ocrx_word' id='word_1_751' title='bbox 2997 3235 3268 3307; x_wconf 73' lang='lat' dir='ltr'><strong>gloriosam</strong></span> <span class='ocrx_word' id='word_1_752' title='bbox 3295 3237 3463 3306; x_wconf 86' lang='lat' dir='ltr'><strong>parit;</strong></span> <span class='ocrx_word' id='word_1_753' title='bbox 3486 3254 3635 3308; x_wconf 83' lang='lat' dir='ltr'><strong>quam</strong></span> <span class='ocrx_word' id='word_1_754' title='bbox 3657 3240 3768 3310; x_wconf 85' lang='lat' dir='ltr'><strong>glo-</strong></span> 
     </span>
    </p>
   </div>
   <div class='ocr_carea' id='block_1_95' title="bbox 2192 3324 3766 3399">
    <p class='ocr_par' dir='ltr' id='par_1_95' title="bbox 2192 3324 3766 3399">
     <span class='ocr_line' id='line_1_96' title="bbox 2192 3324 3766 3399; baseline 0.003 -20"><span class='ocrx_word' id='word_1_755' title='bbox 2192 3326 2327 3379; x_wconf 84' lang='lat' dir='ltr'><strong>riosa</strong></span> <span class='ocrx_word' id='word_1_756' title='bbox 2366 3333 2548 3378; x_wconf 85' lang='lat' dir='ltr'><strong>natura</strong></span> <span class='ocrx_word' id='word_1_757' title='bbox 2591 3324 2845 3390; x_wconf 83' lang='lat' dir='ltr'><strong>hominis;</strong></span> <span class='ocrx_word' id='word_1_758' title='bbox 2886 3336 3074 3395; x_wconf 89' lang='lat' dir='ltr'><strong>quanta</strong></span> <span class='ocrx_word' id='word_1_759' title='bbox 3117 3327 3275 3379; x_wconf 87' lang='lat' dir='ltr'><strong>animi</strong></span> <span class='ocrx_word' id='word_1_760' title='bbox 3324 3327 3582 3399; x_wconf 86' lang='lat' dir='ltr'><strong>dignitas;</strong></span> <span class='ocrx_word' id='word_1_761' title='bbox 3621 3331 3766 3385; x_wconf 81' lang='lat' dir='ltr'><strong>homo</strong></span> 
     </span>
    </p>
   </div>
   <div class='ocr_carea' id='block_1_96' title="bbox 2193 3414 3766 3484">
    <p class='ocr_par' dir='ltr' id='par_1_96' title="bbox 2193 3414 3766 3484">
     <span class='ocr_line' id='line_1_97' title="bbox 2193 3414 3766 3484; baseline 0 -13"><span class='ocrx_word' id='word_1_762' title='bbox 2193 3415 2350 3471; x_wconf 79' lang='lat' dir='ltr'><strong>brutis</strong></span> <span class='ocrx_word' id='word_1_763' title='bbox 2370 3423 2711 3484; x_wconf 86' lang='lat' dir='ltr'><strong>comparatus.</strong></span> <span class='ocrx_word' id='word_1_764' title='bbox 2734 3444 2805 3454; x_wconf 96' lang='lat'><strong>—</strong></span> <span class='ocrx_word' id='word_1_765' title='bbox 2827 3414 2961 3481; x_wconf 85' lang='lat' dir='ltr'><strong>Quid</strong></span> <span class='ocrx_word' id='word_1_766' title='bbox 2983 3416 3146 3483; x_wconf 90' lang='lat' dir='ltr'><strong>enim,</strong></span> <span class='ocrx_word' id='word_1_767' title='bbox 3176 3417 3287 3482; x_wconf 91' lang='lat' dir='ltr'><strong>dic,</strong></span> <span class='ocrx_word' id='word_1_768' title='bbox 3310 3429 3514 3484; x_wconf 74' lang='lat' dir='ltr'><strong>quaeso,</strong></span> <span class='ocrx_word' id='word_1_769' title='bbox 3535 3424 3619 3473; x_wconf 84' lang='lat' dir='ltr'><strong>est</strong></span> <span class='ocrx_word' id='word_1_770' title='bbox 3640 3416 3766 3471; x_wconf 89' lang='lat' dir='ltr'><strong>insi-</strong></span> 
     </span>
    </p>
   </div>
   <div class='ocr_carea' id='block_1_97' title="bbox 2193 3504 3765 3580">
    <p class='ocr_par' dir='ltr' id='par_1_97' title="bbox 2193 3504 3765 3580">
     <span class='ocr_line' id='line_1_98' title="bbox 2193 3504 3765 3580; baseline 0.003 -21"><span class='ocrx_word' id='word_1_771' title='bbox 2193 3506 2424 3577; x_wconf 87' lang='lat' dir='ltr'><strong>pientius</strong></span> <span class='ocrx_word' id='word_1_772' title='bbox 2461 3506 2524 3561; x_wconf 89' lang='lat' dir='ltr'><strong>iis</strong></span> <span class='ocrx_word' id='word_1_773' title='bbox 2549 3506 2638 3576; x_wconf 91' lang='lat' dir='ltr'><strong>qui</strong></span> <span class='ocrx_word' id='word_1_774' title='bbox 2682 3504 2733 3560; x_wconf 85' lang='lat' dir='ltr'><strong>in</strong></span> <span class='ocrx_word' id='word_1_775' title='bbox 2765 3504 3023 3577; x_wconf 88' lang='lat' dir='ltr'><strong>sepulcris</strong></span> <span class='ocrx_word' id='word_1_776' title='bbox 3065 3507 3505 3563; x_wconf 77' lang='lat' dir='ltr'><strong>etmonumenlis</strong></span> <span class='ocrx_word' id='word_1_777' title='bbox 3551 3523 3765 3580; x_wconf 87' lang='lat' dir='ltr'><strong>operam</strong></span> 
     </span>
    </p>
   </div>
   <div class='ocr_carea' id='block_1_98' title="bbox 2192 3596 3769 3670">
    <p class='ocr_par' dir='ltr' id='par_1_98' title="bbox 2192 3596 3769 3670">
     <span class='ocr_line' id='line_1_99' title="bbox 2192 3596 3769 3670; baseline 0.003 -20"><span class='ocrx_word' id='word_1_778' title='bbox 2192 3609 2344 3651; x_wconf 85' lang='lat' dir='ltr'><strong>suam</strong></span> <span class='ocrx_word' id='word_1_779' title='bbox 2368 3596 2649 3665; x_wconf 86' lang='lat' dir='ltr'><strong>collocant,</strong></span> <span class='ocrx_word' id='word_1_780' title='bbox 2672 3605 2727 3651; x_wconf 88' lang='lat' dir='ltr'><strong>et</strong></span> <span class='ocrx_word' id='word_1_781' title='bbox 2747 3596 2814 3652; x_wconf 89' lang='lat' dir='ltr'><strong>ad</strong></span> <span class='ocrx_word' id='word_1_782' title='bbox 2838 3596 3061 3652; x_wconf 90' lang='lat' dir='ltr'><strong>aliorum</strong></span> <span class='ocrx_word' id='word_1_783' title='bbox 3090 3597 3361 3651; x_wconf 90' lang='lat' dir='ltr'><strong>nominum</strong></span> <span class='ocrx_word' id='word_1_784' title='bbox 3391 3599 3769 3670; x_wconf 82' lang='lat' dir='ltr'><strong>appellationes</strong></span> 
     </span>
    </p>
   </div>
   <div class='ocr_carea' id='block_1_99' title="bbox 2193 3687 3766 3747">
    <p class='ocr_par' dir='ltr' id='par_1_99' title="bbox 2193 3687 3766 3747">
     <span class='ocr_line' id='line_1_100' title="bbox 2193 3687 3766 3747; baseline 0.002 -3"><span class='ocrx_word' id='word_1_785' title='bbox 2193 3698 2335 3744; x_wconf 87' lang='lat' dir='ltr'><strong>stant</strong></span> <span class='ocrx_word' id='word_1_786' title='bbox 2381 3687 2591 3744; x_wconf 86' lang='lat' dir='ltr'><strong>hiantes</strong></span> <span class='ocrx_word' id='word_1_787' title='bbox 2637 3698 2692 3745; x_wconf 87' lang='lat' dir='ltr'><strong>et</strong></span> <span class='ocrx_word' id='word_1_788' title='bbox 2737 3688 3079 3745; x_wconf 87' lang='lat' dir='ltr'><strong>mirabundi?</strong></span> <span class='ocrx_word' id='word_1_789' title='bbox 3106 3687 3244 3743; x_wconf 82' lang='lat' dir='ltr'><strong>Nihil</strong></span> <span class='ocrx_word' id='word_1_790' title='bbox 3275 3689 3415 3744; x_wconf 89' lang='lat' dir='ltr'><strong>enim</strong></span> <span class='ocrx_word' id='word_1_791' title='bbox 3459 3693 3766 3747; x_wconf 84' lang='lat' dir='ltr'><strong>memoriam</strong></span> 
     </span>
    </p>
   </div>
   <div class='ocr_carea' id='block_1_100' title="bbox 2194 3780 3761 3852">
    <p class='ocr_par' dir='ltr' id='par_1_100' title="bbox 2194 3780 3761 3852">
     <span class='ocr_line' id='line_1_101' title="bbox 2194 3780 3761 3852; baseline 0.003 -17"><span class='ocrx_word' id='word_1_792' title='bbox 2194 3780 2355 3836; x_wconf 76' lang='lat' dir='ltr'><strong>efficit</strong></span> <span class='ocrx_word' id='word_1_793' title='bbox 2383 3790 2733 3852; x_wconf 76' lang='lat' dir='ltr'><strong>pneterquam</strong></span> <span class='ocrx_word' id='word_1_794' title='bbox 2764 3782 2876 3837; x_wconf 86' lang='lat' dir='ltr'><strong>sola</strong></span> <span class='ocrx_word' id='word_1_795' title='bbox 2896 3783 3083 3850; x_wconf 85' lang='lat' dir='ltr'><strong>virtus,</strong></span> <span class='ocrx_word' id='word_1_796' title='bbox 3117 3799 3219 3837; x_wconf 90' lang='lat' dir='ltr'><strong>non</strong></span> <span class='ocrx_word' id='word_1_797' title='bbox 3246 3785 3405 3848; x_wconf 70' lang='lat' dir='ltr'><strong>ardes,</strong></span> <span class='ocrx_word' id='word_1_798' title='bbox 3433 3798 3538 3839; x_wconf 93' lang='lat' dir='ltr'><strong>non</strong></span> <span class='ocrx_word' id='word_1_799' title='bbox 3556 3796 3761 3849; x_wconf 71' lang='lat' dir='ltr'><strong>statum,</strong></span> 
     </span>
    </p>
   </div>
   <div class='ocr_carea' id='block_1_101' title="bbox 2195 3870 3768 3945">
    <p class='ocr_par' dir='ltr' id='par_1_101' title="bbox 2195 3870 3768 3945">
     <span class='ocr_line' id='line_1_102' title="bbox 2195 3870 3768 3945; baseline 0.002 -21"><span class='ocrx_word' id='word_1_800' title='bbox 2195 3886 2299 3925; x_wconf 93' lang='lat' dir='ltr'><strong>non</strong></span> <span class='ocrx_word' id='word_1_801' title='bbox 2328 3870 2439 3935; x_wconf 90' lang='lat' dir='ltr'><strong>lilii,</strong></span> <span class='ocrx_word' id='word_1_802' title='bbox 2468 3882 2574 3925; x_wconf 90' lang='lat' dir='ltr'><strong>non</strong></span> <span class='ocrx_word' id='word_1_803' title='bbox 2594 3870 2790 3941; x_wconf 86' lang='lat' dir='ltr'><strong>aliquid</strong></span> <span class='ocrx_word' id='word_1_804' title='bbox 2810 3870 2952 3927; x_wconf 87' lang='lat' dir='ltr'><strong>aliud</strong></span> <span class='ocrx_word' id='word_1_805' title='bbox 2974 3870 3252 3941; x_wconf 85' lang='lat' dir='ltr'><strong>ejusmodi.</strong></span> <span class='ocrx_word' id='word_1_806' title='bbox 3284 3872 3448 3927; x_wconf 59' lang='lat' dir='ltr'><strong>Edes</strong></span> <span class='ocrx_word' id='word_1_807' title='bbox 3468 3874 3613 3929; x_wconf 87' lang='lat' dir='ltr'><strong>enim</strong></span> <span class='ocrx_word' id='word_1_808' title='bbox 3637 3889 3768 3945; x_wconf 79' lang='lat' dir='ltr'><strong>Opus</strong></span> 
     </span>
    </p>
   </div>
   <div class='ocr_carea' id='block_1_102' title="bbox 2194 3961 3767 4030">
    <p class='ocr_par' dir='ltr' id='par_1_102' title="bbox 2194 3961 3767 4030">
     <span class='ocr_line' id='line_1_103' title="bbox 2194 3961 3767 4030; baseline 0.001 -15"><span class='ocrx_word' id='word_1_809' title='bbox 2194 3969 2318 4015; x_wconf 85' lang='lat' dir='ltr'><strong>sunt</strong></span> <span class='ocrx_word' id='word_1_810' title='bbox 2346 3962 2653 4029; x_wconf 86' lang='lat' dir='ltr'><strong>architecti,</strong></span> <span class='ocrx_word' id='word_1_811' title='bbox 2699 3970 2885 4016; x_wconf 68' lang='lat' dir='ltr'><strong>stature</strong></span> <span class='ocrx_word' id='word_1_812' title='bbox 2926 3961 3204 4030; x_wconf 88' lang='lat' dir='ltr'><strong>statuarii,</strong></span> <span class='ocrx_word' id='word_1_813' title='bbox 3238 3961 3329 4015; x_wconf 88' lang='lat' dir='ltr'><strong>lilii</strong></span> <span class='ocrx_word' id='word_1_814' title='bbox 3354 3974 3483 4017; x_wconf 77' lang='lat' dir='ltr'><strong>vero</strong></span> <span class='ocrx_word' id='word_1_815' title='bbox 3524 3973 3767 4026; x_wconf 61' lang='lat' dir='ltr'><strong>nature;</strong></span> 
     </span>
    </p>
   </div>
   <div class='ocr_carea' id='block_1_103' title="bbox 2198 4054 3769 4125">
    <p class='ocr_par' dir='ltr' id='par_1_103' title="bbox 2198 4054 3769 4125">
     <span class='ocr_line' id='line_1_104' title="bbox 2198 4054 3769 4125; baseline -0.001 -16"><span class='ocrx_word' id='word_1_816' title='bbox 2198 4055 2269 4109; x_wconf 92' lang='lat' dir='ltr'><strong>tui</strong></span> <span class='ocrx_word' id='word_1_817' title='bbox 2310 4063 2487 4109; x_wconf 86' lang='lat' dir='ltr'><strong>autem</strong></span> <span class='ocrx_word' id='word_1_818' title='bbox 2523 4068 2782 4125; x_wconf 88' lang='lat' dir='ltr'><strong>nusquam</strong></span> <span class='ocrx_word' id='word_1_819' title='bbox 2812 4062 2893 4109; x_wconf 89' lang='lat' dir='ltr'><strong>est</strong></span> <span class='ocrx_word' id='word_1_820' title='bbox 2917 4054 3188 4110; x_wconf 90' lang='lat' dir='ltr'><strong>memoria.</strong></span> <span class='ocrx_word' id='word_1_821' title='bbox 3221 4054 3290 4109; x_wconf 87' lang='lat' dir='ltr'><strong>Et</strong></span> <span class='ocrx_word' id='word_1_822' title='bbox 3327 4055 3446 4110; x_wconf 90' lang='lat' dir='ltr'><strong>ideo</strong></span> <span class='ocrx_word' id='word_1_823' title='bbox 3472 4066 3629 4111; x_wconf 84' lang='lat' dir='ltr'><strong>vocat</strong></span> <span class='ocrx_word' id='word_1_824' title='bbox 3651 4071 3769 4112; x_wconf 88' lang='lat' dir='ltr'><strong>eum</strong></span> 
     </span>
    </p>
   </div>
   <div class='ocr_carea' id='block_1_104' title="bbox 2198 4146 3773 4218">
    <p class='ocr_par' dir='ltr' id='par_1_104' title="bbox 2198 4146 3773 4218">
     <span class='ocr_line' id='line_1_105' title="bbox 2198 4146 3773 4218; baseline -0.001 -17"><span class='ocrx_word' id='word_1_825' title='bbox 2198 4147 2409 4203; x_wconf 89' lang='lat' dir='ltr'><strong>brutum</strong></span> <span class='ocrx_word' id='word_1_826' title='bbox 2433 4146 2697 4218; x_wconf 89' lang='lat' dir='ltr'><strong>propheta</strong></span> <span class='ocrx_word' id='word_1_827' title='bbox 2726 4164 2739 4201; x_wconf 92' lang='lat'><strong>:</strong></span> <span class='ocrx_word' id='word_1_828' title='bbox 2769 4148 3017 4217; x_wconf 90' lang='lat' dir='ltr'><strong>quoniam</strong></span> <span class='ocrx_word' id='word_1_829' title='bbox 3052 4162 3172 4201; x_wconf 87' lang='lat' dir='ltr'><strong>cum</strong></span> <span class='ocrx_word' id='word_1_830' title='bbox 3200 4147 3514 4217; x_wconf 63' lang='lat' dir='ltr'><strong>insipientiam:</strong></span> <span class='ocrx_word' id='word_1_831' title='bbox 3544 4163 3605 4203; x_wconf 91' lang='lat' dir='ltr'><strong>se</strong></span> <span class='ocrx_word' id='word_1_832' title='bbox 3647 4150 3773 4218; x_wconf 85' lang='lat' dir='ltr'><strong>jugo</strong></span> 
     </span>
    </p>
   </div>
   <div class='ocr_carea' id='block_1_105' title="bbox 2197 4236 3773 4305">
    <p class='ocr_par' dir='ltr' id='par_1_105' title="bbox 2197 4236 3773 4305">
     <span class='ocr_line' id='line_1_106' title="bbox 2197 4236 3773 4305; baseline -0.001 -10"><span class='ocrx_word' id='word_1_833' title='bbox 2197 4236 2520 4305; x_wconf 83' lang='lat' dir='ltr'><strong>submiserit,</strong></span> <span class='ocrx_word' id='word_1_834' title='bbox 2571 4239 2726 4293; x_wconf 88' lang='lat' dir='ltr'><strong>bruto</strong></span> <span class='ocrx_word' id='word_1_835' title='bbox 2761 4239 2997 4295; x_wconf 88' lang='lat' dir='ltr'><strong>deterius</strong></span> <span class='ocrx_word' id='word_1_836' title='bbox 3044 4238 3276 4294; x_wconf 89' lang='lat' dir='ltr'><strong>ducitur.</strong></span> <span class='ocrx_word' id='word_1_837' title='bbox 3325 4238 3458 4294; x_wconf 89' lang='lat' dir='ltr'><strong>Illud</strong></span> <span class='ocrx_word' id='word_1_838' title='bbox 3504 4241 3652 4295; x_wconf 91' lang='lat' dir='ltr'><strong>enim</strong></span> <span class='ocrx_word' id='word_1_839' title='bbox 3694 4249 3773 4296; x_wconf 87' lang='lat' dir='ltr'><strong>est</strong></span> 
     </span>
    </p>
   </div>
   <div class='ocr_carea' id='block_1_106' title="bbox 2195 4331 3775 4403">
    <p class='ocr_par' dir='ltr' id='par_1_106' title="bbox 2195 4331 3775 4403">
     <span class='ocr_line' id='line_1_107' title="bbox 2195 4331 3775 4403; baseline -0.001 -15"><span class='ocrx_word' id='word_1_840' title='bbox 2195 4332 2327 4390; x_wconf 75' lang='lat' dir='ltr'><strong>utile</strong></span> <span class='ocrx_word' id='word_1_841' title='bbox 2352 4342 2407 4388; x_wconf 93' lang='lat' dir='ltr'><strong>et</strong></span> <span class='ocrx_word' id='word_1_842' title='bbox 2434 4340 2615 4403; x_wconf 86' lang='lat' dir='ltr'><strong>aptum</strong></span> <span class='ocrx_word' id='word_1_843' title='bbox 2642 4331 2708 4386; x_wconf 88' lang='lat' dir='ltr'><strong>ad</strong></span> <span class='ocrx_word' id='word_1_844' title='bbox 2738 4331 3113 4401; x_wconf 82' lang='lat' dir='ltr'><strong>agriculturam</strong></span> <span class='ocrx_word' id='word_1_845' title='bbox 3140 4346 3155 4396; x_wconf 89' lang='lat'><strong>;</strong></span> <span class='ocrx_word' id='word_1_846' title='bbox 3186 4331 3272 4385; x_wconf 88' lang='lat' dir='ltr'><strong>hic</strong></span> <span class='ocrx_word' id='word_1_847' title='bbox 3313 4338 3512 4399; x_wconf 89' lang='lat' dir='ltr'><strong>autem,</strong></span> <span class='ocrx_word' id='word_1_848' title='bbox 3541 4333 3631 4402; x_wconf 90' lang='lat' dir='ltr'><strong>qui</strong></span> <span class='ocrx_word' id='word_1_849' title='bbox 3677 4348 3775 4387; x_wconf 79' lang='lat' dir='ltr'><strong>se—</strong></span> 
     </span>
    </p>
   </div>
   <div class='ocr_carea' id='block_1_107' title="bbox 2200 4420 3775 4494">
    <p class='ocr_par' dir='ltr' id='par_1_107' title="bbox 2200 4420 3775 4494">
     <span class='ocr_line' id='line_1_108' title="bbox 2200 4420 3775 4494; baseline -0.001 -17"><span class='ocrx_word' id='word_1_850' title='bbox 2200 4423 2371 4494; x_wconf 91' lang='lat' dir='ltr'><strong>ipsum</strong></span> <span class='ocrx_word' id='word_1_851' title='bbox 2395 4422 2621 4492; x_wconf 85' lang='lat' dir='ltr'><strong>subjecit</strong></span> <span class='ocrx_word' id='word_1_852' title='bbox 2639 4422 2978 4491; x_wconf 65' lang='lat' dir='ltr'><strong>insipientiae,</strong></span> <span class='ocrx_word' id='word_1_853' title='bbox 2999 4421 3086 4476; x_wconf 92' lang='lat' dir='ltr'><strong>illo</strong></span> <span class='ocrx_word' id='word_1_854' title='bbox 3106 4421 3265 4477; x_wconf 87' lang='lat' dir='ltr'><strong>etiam</strong></span> <span class='ocrx_word' id='word_1_855' title='bbox 3293 4421 3345 4476; x_wconf 92' lang='lat' dir='ltr'><strong>in</strong></span> <span class='ocrx_word' id='word_1_856' title='bbox 3376 4420 3477 4477; x_wconf 88' lang='lat' dir='ltr'><strong>hoc</strong></span> <span class='ocrx_word' id='word_1_857' title='bbox 3499 4421 3671 4477; x_wconf 79' lang='lat' dir='ltr'><strong>lactus</strong></span> <span class='ocrx_word' id='word_1_858' title='bbox 3696 4433 3775 4478; x_wconf 87' lang='lat' dir='ltr'><strong>cst</strong></span> 
     </span>
    </p>
   </div>
   <div class='ocr_carea' id='block_1_108' title="bbox 2200 4514 3776 4586">
    <p class='ocr_par' dir='ltr' id='par_1_108' title="bbox 2200 4514 3776 4586">
     <span class='ocr_line' id='line_1_109' title="bbox 2200 4514 3776 4586; baseline -0.001 -16"><span class='ocrx_word' id='word_1_859' title='bbox 2200 4514 2455 4570; x_wconf 90' lang='lat' dir='ltr'><strong>deterior.</strong></span> <span class='ocrx_word' id='word_1_860' title='bbox 2482 4515 2742 4584; x_wconf 86' lang='lat' dir='ltr'><strong>Quoniam</strong></span> <span class='ocrx_word' id='word_1_861' title='bbox 2768 4514 2910 4570; x_wconf 92' lang='lat' dir='ltr'><strong>enim</strong></span> <span class='ocrx_word' id='word_1_862' title='bbox 2928 4515 3172 4584; x_wconf 86' lang='lat' dir='ltr'><strong>superius</strong></span> <span class='ocrx_word' id='word_1_863' title='bbox 3201 4515 3426 4582; x_wconf 85' lang='lat' dir='ltr'><strong>dixerat,</strong></span> <span class='ocrx_word' id='word_1_864' title='bbox 3448 4530 3605 4586; x_wconf 89' lang='lat' dir='ltr'><strong>quam</strong></span> <span class='ocrx_word' id='word_1_865' title='bbox 3633 4524 3776 4571; x_wconf 88' lang='lat' dir='ltr'><strong>esset</strong></span> 
     </span>
    </p>
   </div>
   <div class='ocr_carea' id='block_1_109' title="bbox 2201 4606 3774 4678">
    <p class='ocr_par' dir='ltr' id='par_1_109' title="bbox 2201 4606 3774 4678">
     <span class='ocr_line' id='line_1_110' title="bbox 2201 4606 3774 4678; baseline -0.001 -15"><span class='ocrx_word' id='word_1_866' title='bbox 2201 4623 2353 4664; x_wconf 90' lang='lat' dir='ltr'><strong>mens</strong></span> <span class='ocrx_word' id='word_1_867' title='bbox 2372 4622 2555 4664; x_wconf 91' lang='lat' dir='ltr'><strong>eorum</strong></span> <span class='ocrx_word' id='word_1_868' title='bbox 2582 4622 2777 4673; x_wconf 89' lang='lat' dir='ltr'><strong>crassa,</strong></span> <span class='ocrx_word' id='word_1_869' title='bbox 2809 4616 3041 4673; x_wconf 89' lang='lat' dir='ltr'><strong>terrena,</strong></span> <span class='ocrx_word' id='word_1_870' title='bbox 3073 4606 3193 4662; x_wconf 84' lang='lat' dir='ltr'><strong>vilis</strong></span> <span class='ocrx_word' id='word_1_871' title='bbox 3218 4616 3271 4661; x_wconf 94' lang='lat' dir='ltr'><strong>et</strong></span> <span class='ocrx_word' id='word_1_872' title='bbox 3294 4607 3522 4677; x_wconf 86' lang='lat' dir='ltr'><strong>abjecta,</strong></span> <span class='ocrx_word' id='word_1_873' title='bbox 3545 4616 3598 4663; x_wconf 90' lang='lat' dir='ltr'><strong>et</strong></span> <span class='ocrx_word' id='word_1_874' title='bbox 3617 4623 3774 4678; x_wconf 88' lang='lat' dir='ltr'><strong>quam</strong></span> 
     </span>
    </p>
   </div>
   <div class='ocr_carea' id='block_1_110' title="bbox 2205 4697 3787 4768">
    <p class='ocr_par' dir='ltr' id='par_1_110' title="bbox 2205 4697 3787 4768">
     <span class='ocr_line' id='line_1_111' title="bbox 2205 4697 3787 4768; baseline -0.003 -14"><span class='ocrx_word' id='word_1_875' title='bbox 2205 4699 2405 4754; x_wconf 84' lang='lat' dir='ltr'><strong>inutilis</strong></span> <span class='ocrx_word' id='word_1_876' title='bbox 2433 4707 2577 4754; x_wconf 82' lang='lat' dir='ltr'><strong>esset</strong></span> <span class='ocrx_word' id='word_1_877' title='bbox 2602 4698 2753 4755; x_wconf 86' lang='lat' dir='ltr'><strong>labor</strong></span> <span class='ocrx_word' id='word_1_878' title='bbox 2776 4713 2958 4754; x_wconf 91' lang='lat' dir='ltr'><strong>eorum</strong></span> <span class='ocrx_word' id='word_1_879' title='bbox 2994 4698 3047 4753; x_wconf 87' lang='lat' dir='ltr'><strong>in</strong></span> <span class='ocrx_word' id='word_1_880' title='bbox 3084 4697 3338 4768; x_wconf 85' lang='lat' dir='ltr'><strong>cogendis</strong></span> <span class='ocrx_word' id='word_1_881' title='bbox 3378 4698 3651 4767; x_wconf 86' lang='lat' dir='ltr'><strong>pecuniis:</strong></span> <span class='ocrx_word' id='word_1_882' title='bbox 3681 4712 3787 4749; x_wconf 75' lang='lat' dir='ltr'><strong>vo-</strong></span> 
     </span>
    </p>
   </div>
   <div class='ocr_carea' id='block_1_111' title="bbox 2207 4787 3779 4861">
    <p class='ocr_par' dir='ltr' id='par_1_111' title="bbox 2207 4787 3779 4861">
     <span class='ocr_line' id='line_1_112' title="bbox 2207 4787 3779 4861; baseline -0.002 -16"><span class='ocrx_word' id='word_1_883' title='bbox 2207 4791 2323 4846; x_wconf 89' lang='lat' dir='ltr'><strong>lens</strong></span> <span class='ocrx_word' id='word_1_884' title='bbox 2360 4790 2683 4861; x_wconf 84' lang='lat' dir='ltr'><strong>amplilicare</strong></span> <span class='ocrx_word' id='word_1_885' title='bbox 2722 4804 2906 4844; x_wconf 87' lang='lat' dir='ltr'><strong>eorum</strong></span> <span class='ocrx_word' id='word_1_886' title='bbox 2938 4790 3377 4852; x_wconf 79' lang='lat' dir='ltr'><strong>accusationem,</strong></span> <span class='ocrx_word' id='word_1_887' title='bbox 3427 4787 3641 4843; x_wconf 84' lang='lat' dir='ltr'><strong>adducit</strong></span> <span class='ocrx_word' id='word_1_888' title='bbox 3687 4788 3779 4842; x_wconf 89' lang='lat' dir='ltr'><strong>Dei</strong></span> 
     </span>
    </p>
   </div>
   <div class='ocr_carea' id='block_1_112' title="bbox 2207 4880 3781 4955">
    <p class='ocr_par' dir='ltr' id='par_1_112' title="bbox 2207 4880 3781 4955">
     <span class='ocr_line' id='line_1_113' title="bbox 2207 4880 3781 4955; baseline -0.004 -16"><span class='ocrx_word' id='word_1_889' title='bbox 2207 4882 2461 4940; x_wconf 83' lang='lat' dir='ltr'><strong>beneﬁcia</strong></span> <span class='ocrx_word' id='word_1_890' title='bbox 2494 4901 2507 4938; x_wconf 90' lang='lat'>:</span> <span class='ocrx_word' id='word_1_891' title='bbox 2552 4883 2694 4955; x_wconf 91' lang='lat' dir='ltr'><strong>quod</strong></span> <span class='ocrx_word' id='word_1_892' title='bbox 2719 4882 2894 4938; x_wconf 88' lang='lat' dir='ltr'><strong>solent</strong></span> <span class='ocrx_word' id='word_1_893' title='bbox 2929 4895 3070 4951; x_wconf 83' lang='lat' dir='ltr'><strong>saepe</strong></span> <span class='ocrx_word' id='word_1_894' title='bbox 3098 4880 3274 4935; x_wconf 86' lang='lat' dir='ltr'><strong>facere</strong></span> <span class='ocrx_word' id='word_1_895' title='bbox 3298 4881 3587 4950; x_wconf 76' lang='lat' dir='ltr'><strong>prophetae.</strong></span> <span class='ocrx_word' id='word_1_896' title='bbox 3620 4881 3781 4933; x_wconf 61' lang='lat' dir='ltr'><strong>Isaias</strong></span> 
     </span>
    </p>
   </div>
   <div class='ocr_carea' id='block_1_113' title="bbox 2205 4969 3780 5041">
    <p class='ocr_par' dir='ltr' id='par_1_113' title="bbox 2205 4969 3780 5041">
     <span class='ocr_line' id='line_1_114' title="bbox 2205 4969 3780 5041; baseline -0.005 -10"><span class='ocrx_word' id='word_1_897' title='bbox 2205 4977 2370 5040; x_wconf 88' lang='lat' dir='ltr'><strong>enim,</strong></span> <span class='ocrx_word' id='word_1_898' title='bbox 2415 4990 2535 5031; x_wconf 91' lang='lat' dir='ltr'><strong>cum</strong></span> <span class='ocrx_word' id='word_1_899' title='bbox 2582 4983 2726 5030; x_wconf 86' lang='lat' dir='ltr'><strong>esset</strong></span> <span class='ocrx_word' id='word_1_900' title='bbox 2769 4988 2864 5029; x_wconf 92' lang='lat' dir='ltr'><strong>eos</strong></span> <span class='ocrx_word' id='word_1_901' title='bbox 2888 4980 3250 5036; x_wconf 81' lang='lat' dir='ltr'><strong>accusaturus,</strong></span> <span class='ocrx_word' id='word_1_902' title='bbox 3298 4971 3527 5041; x_wconf 87' lang='lat' dir='ltr'><strong>primum</strong></span> <span class='ocrx_word' id='word_1_903' title='bbox 3569 4969 3780 5041; x_wconf 85' lang='lat' dir='ltr'><strong>quidem</strong></span> 
     </span>
    </p>
   </div>
   <div class='ocr_carea' id='block_1_114' title="bbox 2208 5060 3783 5135">
    <p class='ocr_par' dir='ltr' id='par_1_114' title="bbox 2208 5060 3783 5135">
     <span class='ocr_line' id='line_1_115' title="bbox 2208 5060 3783 5135; baseline -0.006 -13"><span class='ocrx_word' id='word_1_904' title='bbox 2208 5067 2336 5123; x_wconf 89' lang='lat' dir='ltr'><strong>dicit</strong></span> <span class='ocrx_word' id='word_1_905' title='bbox 2362 5066 2618 5121; x_wconf 88' lang='lat' dir='ltr'><strong>honorem</strong></span> <span class='ocrx_word' id='word_1_906' title='bbox 2645 5079 2749 5135; x_wconf 91' lang='lat' dir='ltr'><strong>quo</strong></span> <span class='ocrx_word' id='word_1_907' title='bbox 2776 5063 2944 5120; x_wconf 67' lang='lat' dir='ltr'><strong>Judaei</strong></span> <span class='ocrx_word' id='word_1_908' title='bbox 2970 5080 2999 5117; x_wconf 89' lang='lat' dir='ltr'><strong>a</strong></span> <span class='ocrx_word' id='word_1_909' title='bbox 3032 5064 3141 5118; x_wconf 89' lang='lat' dir='ltr'><strong>Deo</strong></span> <span class='ocrx_word' id='word_1_910' title='bbox 3182 5060 3356 5117; x_wconf 84' lang='lat' dir='ltr'><strong>affecti</strong></span> <span class='ocrx_word' id='word_1_911' title='bbox 3378 5071 3523 5129; x_wconf 91' lang='lat' dir='ltr'><strong>sunt,</strong></span> <span class='ocrx_word' id='word_1_912' title='bbox 3554 5062 3623 5116; x_wconf 82' lang='lat' dir='ltr'><strong>ita</strong></span> <span class='ocrx_word' id='word_1_913' title='bbox 3646 5061 3783 5115; x_wconf 80' lang='lat' dir='ltr'><strong>scri-</strong></span> 
     </span>
    </p>
   </div>
   <div class='ocr_carea' id='block_1_115' title="bbox 2209 5150 3787 5226">
    <p class='ocr_par' dir='ltr' id='par_1_115' title="bbox 2209 5150 3787 5226">
     <span class='ocr_line' id='line_1_116' title="bbox 2209 5150 3787 5226; baseline -0.007 -12"><span class='ocrx_word' id='word_1_914' title='bbox 2209 5161 2373 5215; x_wconf 89' lang='lat' dir='ltr'><strong>bens:</strong></span> <span class='ocrx_word' id='word_1_915' title='bbox 2398 5156 2561 5212; x_wconf 83' lang='lat' dir='ltr'><strong>Filios</strong></span> <span class='ocrx_word' id='word_1_916' title='bbox 2587 5157 2768 5226; x_wconf 85' lang='lat' dir='ltr'><strong>genui,</strong></span> <span class='ocrx_word' id='word_1_917' title='bbox 2798 5165 2845 5209; x_wconf 88' lang='lat' dir='ltr'><strong>et</strong></span> <span class='ocrx_word' id='word_1_918' title='bbox 2886 5155 3107 5209; x_wconf 71' lang='lat' dir='ltr'><strong>excitavi</strong></span> <span class='ocrx_word' id='word_1_919' title='bbox 3135 5170 3154 5209; x_wconf 90' lang='lat'><strong><em>:</em></strong></span> <span class='ocrx_word' id='word_1_920' title='bbox 3189 5154 3287 5223; x_wconf 86' lang='lat' dir='ltr'><strong>ipsi</strong></span> <span class='ocrx_word' id='word_1_921' title='bbox 3309 5163 3477 5207; x_wconf 83' lang='lat' dir='ltr'><strong>autem</strong></span> <span class='ocrx_word' id='word_1_922' title='bbox 3506 5168 3586 5205; x_wconf 80' lang='lat' dir='ltr'><strong>me</strong></span> <span class='ocrx_word' id='word_1_923' title='bbox 3614 5150 3787 5204; x_wconf 76' lang='lat' dir='ltr'><strong>nihili-</strong></span> 
     </span>
    </p>
   </div>
   <div class='ocr_carea' id='block_1_116' title="bbox 2212 5241 3785 5321">
    <p class='ocr_par' dir='ltr' id='par_1_116' title="bbox 2212 5241 3785 5321">
     <span class='ocr_line' id='line_1_117' title="bbox 2212 5241 3785 5321; baseline -0.005 -18"><span class='ocrx_word' id='word_1_924' title='bbox 2212 5253 2432 5321; x_wconf 78' lang='lat' dir='ltr'><strong>feeerunt</strong></span> <span class='ocrx_word' id='word_1_925' title='bbox 2459 5246 2609 5321; x_wconf 89' lang='lat' dir='ltr'><strong>(lsai.</strong></span> <span class='ocrx_word' id='word_1_926' title='bbox 2641 5247 2693 5302; x_wconf 74' lang='grc'><strong>1.</strong></span> <span class='ocrx_word' id='word_1_927' title='bbox 2718 5246 2799 5316; x_wconf 71' lang='grc'><strong>2).</strong></span> <span class='ocrx_word' id='word_1_928' title='bbox 2828 5244 2941 5301; x_wconf 80' lang='lat' dir='ltr'><strong>Hoc</strong></span> <span class='ocrx_word' id='word_1_929' title='bbox 2966 5244 3124 5316; x_wconf 81' lang='lat' dir='ltr'><strong>igitur</strong></span> <span class='ocrx_word' id='word_1_930' title='bbox 3147 5245 3200 5300; x_wconf 89' lang='lat' dir='ltr'><strong>in</strong></span> <span class='ocrx_word' id='word_1_931' title='bbox 3232 5243 3349 5299; x_wconf 88' lang='lat' dir='ltr'><strong>loco</strong></span> <span class='ocrx_word' id='word_1_932' title='bbox 3375 5284 3390 5309; x_wconf 90' lang='lat'><strong>,</strong></span> <span class='ocrx_word' id='word_1_933' title='bbox 3418 5256 3522 5297; x_wconf 74' lang='lat' dir='ltr'><strong>una</strong></span> <span class='ocrx_word' id='word_1_934' title='bbox 3552 5241 3785 5297; x_wconf 71' lang='lat' dir='ltr'><strong>dictione</strong></span> 
     </span>
    </p>
   </div>
   <div class='ocr_carea' id='block_1_117' title="bbox 2213 5336 3781 5410">
    <p class='ocr_par' dir='ltr' id='par_1_117' title="bbox 2213 5336 3781 5410">
     <span class='ocr_line' id='line_1_118' title="bbox 2213 5336 3781 5410; baseline -0.008 -12"><span class='ocrx_word' id='word_1_935' title='bbox 2213 5342 2491 5398; x_wconf 85' lang='lat' dir='ltr'><strong>declarans</strong></span> <span class='ocrx_word' id='word_1_936' title='bbox 2514 5340 2769 5395; x_wconf 78' lang='lat' dir='ltr'><strong>beneﬁcia</strong></span> <span class='ocrx_word' id='word_1_937' title='bbox 2798 5348 2917 5410; x_wconf 71' lang='lat' dir='ltr'><strong>qua:</strong></span> <span class='ocrx_word' id='word_1_938' title='bbox 2955 5337 3198 5393; x_wconf 88' lang='lat' dir='ltr'><strong>homines</strong></span> <span class='ocrx_word' id='word_1_939' title='bbox 3224 5336 3393 5392; x_wconf 88' lang='lat' dir='ltr'><strong>a-Deo</strong></span> <span class='ocrx_word' id='word_1_940' title='bbox 3422 5341 3781 5405; x_wconf 78' lang='lat' dir='ltr'><strong>acceperunt,</strong></span> 
     </span>
    </p>
   </div>
   <div class='ocr_carea' id='block_1_118' title="bbox 2219 5421 3786 5503">
    <p class='ocr_par' dir='ltr' id='par_1_118' title="bbox 2219 5421 3786 5503">
     <span class='ocr_line' id='line_1_119' title="bbox 2219 5421 3786 5503; baseline -0.009 -15"><span class='ocrx_word' id='word_1_941' title='bbox 2219 5434 2403 5497; x_wconf 76' lang='lat' dir='ltr'><strong>Homo,</strong></span> <span class='ocrx_word' id='word_1_942' title='bbox 2449 5429 2635 5503; x_wconf 89' lang='lat' dir='ltr'><strong>inquit,</strong></span> <span class='ocrx_word' id='word_1_943' title='bbox 2685 5444 2799 5484; x_wconf 87' lang='lat' dir='ltr'><strong>eum</strong></span> <span class='ocrx_word' id='word_1_944' title='bbox 2834 5430 2886 5483; x_wconf 86' lang='lat' dir='ltr'><strong>in</strong></span> <span class='ocrx_word' id='word_1_945' title='bbox 2940 5429 3129 5483; x_wconf 72' lang='lat' dir='ltr'><strong>honore</strong></span> <span class='ocrx_word' id='word_1_946' title='bbox 3173 5434 3320 5494; x_wconf 77' lang='lat' dir='ltr'><strong>esset,</strong></span> <span class='ocrx_word' id='word_1_947' title='bbox 3369 5440 3473 5479; x_wconf 84' lang='lat' dir='ltr'><strong>non</strong></span> <span class='ocrx_word' id='word_1_948' title='bbox 3521 5421 3786 5479; x_wconf 71' lang='lat' dir='ltr'><strong>intellettit.</strong></span> 
     </span>
    </p>
   </div>
   <div class='ocr_carea' id='block_1_119' title="bbox 2211 5515 3792 5597">
    <p class='ocr_par' dir='ltr' id='par_1_119' title="bbox 2211 5515 3792 5597">
     <span class='ocr_line' id='line_1_120' title="bbox 2211 5515 3792 5597; baseline -0.009 -14"><span class='ocrx_word' id='word_1_949' title='bbox 2211 5529 2505 5597; x_wconf 74' lang='lat' dir='ltr'><strong>Quemnam</strong></span> <span class='ocrx_word' id='word_1_950' title='bbox 2552 5534 2727 5578; x_wconf 87' lang='lat' dir='ltr'><strong>autem</strong></span> <span class='ocrx_word' id='word_1_951' title='bbox 2780 5520 2909 5577; x_wconf 78' lang='lat' dir='ltr'><strong>dicit</strong></span> <span class='ocrx_word' id='word_1_952' title='bbox 2971 5517 3270 5575; x_wconf 82' lang='lat' dir='ltr'><strong>honorem?</strong></span> <span class='ocrx_word' id='word_1_953' title='bbox 3322 5517 3460 5573; x_wconf 80' lang='lat' dir='ltr'><strong>Audi</strong></span> <span class='ocrx_word' id='word_1_954' title='bbox 3518 5531 3641 5572; x_wconf 88' lang='lat' dir='ltr'><strong>eum</strong></span> <span class='ocrx_word' id='word_1_955' title='bbox 3688 5515 3792 5569; x_wconf 90' lang='lat' dir='ltr'><strong>alio</strong></span> 
     </span>
    </p>
   </div>
   <div class='ocr_carea' id='block_1_120' title="bbox 2213 5607 3793 5679">
    <p class='ocr_par' dir='ltr' id='par_1_120' title="bbox 2213 5607 3793 5679">
     <span class='ocr_line' id='line_1_121' title="bbox 2213 5607 3793 5679; baseline -0.012 -1"><span class='ocrx_word' id='word_1_956' title='bbox 2213 5620 2423 5677; x_wconf 83' lang='lat' dir='ltr'><strong>Psalmo</strong></span> <span class='ocrx_word' id='word_1_957' title='bbox 2448 5618 2713 5674; x_wconf 85' lang='lat' dir='ltr'><strong>dicentem</strong></span> <span class='ocrx_word' id='word_1_958' title='bbox 2743 5633 2758 5671; x_wconf 89' lang='lat'><strong>:</strong></span> <span class='ocrx_word' id='word_1_959' title='bbox 2782 5612 3015 5671; x_wconf 79' lang='lat' dir='ltr'><strong>Minuisti</strong></span> <span class='ocrx_word' id='word_1_960' title='bbox 3051 5626 3163 5666; x_wconf 87' lang='lat' dir='ltr'><strong>eum</strong></span> <span class='ocrx_word' id='word_1_961' title='bbox 3188 5610 3341 5679; x_wconf 83' lang='lat' dir='ltr'><strong>paulo</strong></span> <span class='ocrx_word' id='word_1_962' title='bbox 3365 5610 3530 5662; x_wconf 70' lang='lat' dir='ltr'><strong>minus</strong></span> <span class='ocrx_word' id='word_1_963' title='bbox 3550 5607 3613 5661; x_wconf 76' lang='lat' dir='ltr'><strong>ab</strong></span> <span class='ocrx_word' id='word_1_964' title='bbox 3637 5620 3793 5677; x_wconf 75' lang='lat' dir='ltr'><strong>attge-</strong></span> 
     </span>
    </p>
   </div>
   <div class='ocr_carea' id='block_1_121' title="bbox 2217 5697 3794 5786">
    <p class='ocr_par' dir='ltr' id='par_1_121' title="bbox 2217 5697 3794 5786">
     <span class='ocr_line' id='line_1_122' title="bbox 2217 5697 3794 5786; baseline -0.01 -17"><span class='ocrx_word' id='word_1_965' title='bbox 2217 5716 2297 5780; x_wconf 82' lang='lat' dir='ltr'><strong>lis,</strong></span> <span class='ocrx_word' id='word_1_966' title='bbox 2326 5714 2487 5786; x_wconf 81' lang='lat' dir='ltr'><strong>gloria</strong></span> <span class='ocrx_word' id='word_1_967' title='bbox 2515 5722 2560 5767; x_wconf 87' lang='lat' dir='ltr'><strong>et</strong></span> <span class='ocrx_word' id='word_1_968' title='bbox 2584 5712 2773 5765; x_wconf 81' lang='lat' dir='ltr'><strong>honore</strong></span> <span class='ocrx_word' id='word_1_969' title='bbox 2791 5705 3041 5764; x_wconf 87' lang='lat' dir='ltr'><strong>coronasti</strong></span> <span class='ocrx_word' id='word_1_970' title='bbox 3061 5702 3209 5773; x_wconf 86' lang='lat' dir='ltr'><strong>eum(</strong></span> <span class='ocrx_word' id='word_1_971' title='bbox 3236 5697 3380 5757; x_wconf 83' lang='lat' dir='ltr'><strong>Psal.</strong></span> <span class='ocrx_word' id='word_1_972' title='bbox 3401 5700 3455 5756; x_wconf 86' lang='lat'><strong>8.</strong></span> <span class='ocrx_word' id='word_1_973' title='bbox 3477 5699 3569 5770; x_wconf 85' lang='lat'><strong>6).</strong></span> <span class='ocrx_word' id='word_1_974' title='bbox 3596 5699 3794 5754; x_wconf 86' lang='lat' dir='ltr'><strong>Deinde</strong></span> 
     </span>
    </p>
   </div>
   <div class='ocr_carea' id='block_1_122' title="bbox 2220 5790 3793 5878">
    <p class='ocr_par' dir='ltr' id='par_1_122' title="bbox 2220 5790 3793 5878">
     <span class='ocr_line' id='line_1_123' title="bbox 2220 5790 3793 5878; baseline -0.012 -16"><span class='ocrx_word' id='word_1_975' title='bbox 2220 5820 2492 5878; x_wconf 60' lang='lat' dir='ltr'><strong>exponens</strong></span> <span class='ocrx_word' id='word_1_976' title='bbox 2520 5803 2801 5869; x_wconf 84' lang='lat' dir='ltr'><strong>honorem,</strong></span> <span class='ocrx_word' id='word_1_977' title='bbox 2826 5794 3134 5867; x_wconf 73' lang='lat' dir='ltr'><strong>subjungit:</strong></span> <span class='ocrx_word' id='word_1_978' title='bbox 3171 5794 3356 5851; x_wconf 79' lang='lat' dir='ltr'><strong>Omnia</strong></span> <span class='ocrx_word' id='word_1_979' title='bbox 3402 5790 3663 5862; x_wconf 75' lang='lat' dir='ltr'><strong>subjeciin</strong></span> <span class='ocrx_word' id='word_1_980' title='bbox 3706 5794 3793 5843; x_wconf 77' lang='lat' dir='ltr'><strong>sub</strong></span> 
     </span>
    </p>
   </div>
  </div>
