4074 6206
201 361 358 427 ωδ

254 501 468 571 pedibus
516 499 635 570 ejus
661 539 675 561 ,
709 511 846 561 oues,
871 505 916 548 et
953 493 1094 548 boves
1138 491 1423 551 universas;
1449 488 1656 556 insuper
1682 493 1727 537 et
1755 499 1844 552 pe-

259 606 370 646 cora
405 591 608 659 campi,
638 590 870 644 uolucres
893 585 1002 640 ειειὲ
1026 594 1074 640 et
1107 584 1262 652 pisces
1285 580 1439 634 maris
1461 578 1551 648 qui
1581 575 1850 646 perambu-

263 685 361 738 lant
386 681 600 736 semitas
630 679 792 734 maris
819 675 994 748 (Ibid.
1023 691 1069 728 υ.
1098 674 1150 728 8.
1176 673 1252 741 9).
1284 671 1379 726 llic
1404 677 1487 724 est
1509 667 1652 722 enim
1681 666 1848 718 honor

265 777 415 844 longe
439 771 739 835 maximus,
769 768 820 824 ei
849 768 902 822 in
926 765 1101 821 omnia
1131 779 1250 834 quae
1270 761 1518 816 videnlur
1541 756 1850 828 permisisse

264 863 636 924 dominatum,
665 858 827 928 idque
873 871 992 912 cum
1029 854 1159 908 nihil
1202 861 1346 908 recte
1392 849 1662 921 gessisset.
1712 848 1846 902 Cum

263 955 408 1010 enim
437 967 566 1009 eum
595 950 836 1006 nondum
868 948 1128 1013 ﬁnxisset,
1157 945 1326 1001 dixit:
1358 941 1634 996 Faciamus
1677 939 1847 993 Itami-

265 1064 378 1102 nem
393 1047 462 1099 ad
483 1045 759 1115 imaginem
795 1051 842 1096 et
857 1038 1233 1094 similitudinem
1249 1045 1471 1090 nostram
1492 1031 1647 1104 (Gen.
1669 1031 1718 1086 Ι.
1733 1029 1848 1102 26).

274 1135 478 1194 Deinde
505 1137 870 1204 interpretans
893 1129 1020 1190 illud
1045 1171 1061 1197 ,
1084 1127 1170 1182 Ad-
1198 1127 1466 1196 imaginem
1489 1165 1506 1191 ,
1532 1121 1807 1190 subiunxit
1829 1159 1847 1187 ,

257 1230 336 1283 Et
359 1227 571 1299 prcsint
595 1223 815 1296 piscibus
853 1222 1040 1286 maris,
1067 1229 1114 1274 et
1133 1217 1419 1273 volatilibus
1441 1214 1552 1270 caeli
1569 1257 1584 1282 ,
1605 1223 1655 1269 et
1681 1211 1850 1267 bestiis

261 1331 430 1374 terra.
460 1317 528 1372 Et
569 1316 710 1370 hune
743 1315 992 1378 brevem,
1017 1309 1372 1365 tricnbitalem
1401 1306 1499 1378 (α),
1548 1313 1604 1360 et
1647 1302 1849 1358 viribus

262 1408 512 1480 corporis
538 1407 711 1462 brutis
753 1404 912 1474 longe
947 1402 1253 1458 inferiorem
1276 1441 1294 1462 ,
1340 1398 1561 1454 rationis
1588 1395 1847 1452 afﬁnitate

268 1501 394 1557 iecit
419 1496 628 1554 cunctis
656 1494 1034 1555 excelsiorem,
1060 1493 1294 1547 animam
1320 1488 1631 1545 rationalem
1655 1487 1703 1541 ei
1735 1484 1844 1539 lar-

261 1595 410 1663 gitus
438 1609 454 1646 :
483 1587 624 1660 quod
667 1587 886 1658 quidem
911 1595 996 1640 est
1024 1583 1248 1638 honoris
1284 1584 1494 1651 signum
1534 1577 1845 1644 maximum.

267 1685 372 1740 Per
390 1696 514 1738 eum
540 1678 682 1735 enim
701 1678 942 1734 civitates
959 1675 1217 1738 condidit,
1246 1687 1392 1728 mare
1417 1671 1608 1736 secuit,
1639 1678 1838 1725 terram

263 1775 449 1841 coluit,
471 1781 614 1828 artes
640 1769 842 1826 invenit
871 1766 1305 1832 innumerabiles,
1333 1763 1620 1828 ferociores
1633 1761 1847 1831 belluas

267 1865 558 1938 superavit,
592 1861 805 1932 etquod
832 1870 914 1916 est
937 1860 1172 1914 omnium
1200 1858 1488 1913 maximum
1514 1865 1568 1911 et
1592 1856 1844 1926 primum,

272 1959 462 2022 Deum,
483 1955 576 2025 qui
604 1954 729 2009 fecit
757 1953 928 2022 ipsum
946 1991 966 2016 ,
993 1949 1269 2020 cognovit,
1301 1957 1355 2003 et
1383 1947 1450 2002 ad
1476 1947 1720 2014 virtutem
1745 1946 1844 2000 de-

271 2051 466 2105 ductus
502 2057 606 2111 est,
629 2047 883 2115 novitque
909 2043 1035 2115 quid
1064 2043 1135 2100 sit
1154 2043 1372 2106 bonum,
1400 2040 1524 2112 quid
1551 2055 1728 2096 secus.
1748 2039 1848 2096 Sos

271 2144 351 2197 lus
376 2157 442 2196 ex
477 2141 542 2196 iis
565 2154 686 2210 qua:
710 2137 979 2201 videntur,
1007 2137 1170 2190 Deum
1200 2144 1346 2197 orat;
1379 2133 1730 2188 revelationes
1755 2145 1846 2185 ac-

272 2235 450 2305 cepit,
480 2232 638 2302 idque
663 2231 814 2285 solus
837 2243 1024 2284 rursus
1055 2245 1068 2282 :
1111 2228 1357 2298 cognovit
1381 2227 1545 2282 multa
1571 2241 1763 2282 arcana
1791 2235 1846 2281 et

271 2325 576 2388 ineﬂ’abilia,
607 2322 796 2378 didicit
813 2337 934 2392 qua:
971 2329 1095 2376 sunt
1123 2320 1176 2375 in
1217 2320 1399 2384 catlis;
1429 2327 1647 2389 propter
1673 2319 1844 2388 ipsum

271 2429 435 2482 terra,
470 2424 690 2485 propter
719 2414 892 2482 ipsum
915 2412 1124 2476 ctelum,
1151 2422 1364 2481 propter
1387 2410 1558 2481 ipsum
1583 2409 1665 2463 sol
1693 2418 1748 2464 et
1769 2408 1846 2462 si-

265 2510 415 2572 dera,
442 2516 662 2578 propter
691 2507 863 2576 ipsum
905 2505 1045 2558 lunae
1069 2518 1278 2570 cursus,
1305 2509 1684 2572 tempestatum
1712 2514 1840 2556 c0n-

266 2600 677 2668 versionumque
697 2595 1086 2652 vicissitudines
1103 2595 1156 2662 ²;
1184 2605 1400 2664 promer
1423 2594 1594 2670 ipsum
1621 2591 1846 2658 fructus,

263 2692 484 2748 arbores
507 2698 564 2746 et
583 2698 658 2744 tot
681 2703 876 2759 genera
900 2686 1274 2750 animantium;'
1297 2685 1698 2754 propteripsum
1731 2683 1847 2738 dies

263 2794 319 2839 et
363 2797 512 2848 nox;
562 2789 783 2851 propter
811 2779 984 2850 ipsum
1023 2777 1170 2832 missi
1207 2785 1338 2832 sunt
1357 2776 1582 2846 apostoli
1631 2784 1686 2830 et
1726 2789 1849 2845 pro-

267 2877 460 2946 phetae,
490 2883 714 2946 propter
755 2873 928 2942 ipsum
955 2885 1100 2940 sape
1129 2871 1274 2926 missi
1313 2878 1440 2925 sunt
1465 2870 1662 2941 angeli.
1707 2870 1845 2936 Quid

268 2965 506 3036 pluribus
525 2979 664 3034 opus
687 2973 767 3018 est
787 2962 813 3016 τ
853 2961 1036 3031 Neque
1060 2963 1203 3017 enim
1237 2959 1351 3016 fieri
1385 2969 1559 3031 potest
1584 2969 1643 3016 ut
1666 2961 1843 3016 omnia

271 3069 670 3126 persequamur.
696 3053 928 3122 Propter
975 3053 1144 3122 ipsum
1196 3052 1496 3123 unigenitus
1541 3051 1634 3106 Dei
1682 3051 1846 3106 Filius

268 3151 429 3202 homo
458 3145 634 3201 factus
655 3151 761 3209 est,
787 3143 1098 3208 crucifixus,
1117 3152 1171 3199 et
1198 3144 1438 3214 sepultus
1457 3184 1474 3208 ,
1503 3153 1559 3198 et
1588 3143 1843 3198 terribilia

269 3238 362 3292 illa
379 3235 639 3292 miracula
663 3235 793 3290 iacta
823 3243 950 3290 sunt
979 3244 1098 3304 post
1127 3235 1591 3290 resurrectionem.
1623 3235 1848 3305 Propter

268 3332 447 3398 ipsum
475 3329 596 3395 lex,
627 3337 837 3398 propter
875 3329 1046 3399 ipsum
1075 3328 1382 3395 paradisus,
1429 3339 1646 3398 propter
1672 3329 1845 3397 ipsum

269 3419 564 3477 diluvium.
596 3418 724 3486 Nam
765 3419 865 3474 hoc
887 3435 1098 3490 quoque
1127 3431 1207 3473 est
1235 3419 1522 3475 maximum
1549 3435 1716 3490 genus
1752 3420 1846 3474 bo-

269 3515 436 3582 noris,
471 3528 596 3569 eum
635 3521 690 3567 et
715 3511 987 3568 beneﬁciis
1013 3521 1069 3568 et
1095 3513 1269 3582 poenis
1293 3513 1578 3582 corrigere.
1621 3511 1848 3582 Pr0pter

270 3606 440 3677 ipsum
467 3603 616 3659 omni
637 3603 802 3674 priori
832 3611 1072 3672 tempore
1099 3604 1463 3659 inntnerabilia
1489 3612 1636 3674 gesta
1663 3611 1720 3660 et
1747 3603 1844 3660 ad-

271 3695 566 3751 ministrata
593 3703 744 3749 sunt.
789 3694 958 3749 Porro
983 3694 1155 3765 ipsum
1186 3709 1400 3766 quoque
1438 3693 1670 3750 futurum
1700 3695 1846 3766 judio

268 3788 406 3841 cium
433 3785 492 3841 fit
518 3793 739 3857 propter
762 3784 880 3856 ejus
914 3786 1191 3840 honorem.
1223 3785 1481 3854 Quocirca
1507 3786 1610 3844 Job
1637 3803 1848 3859 quoque

269 3878 397 3935 dicit
429 3899 445 3935 :
475 3877 616 3946 Quid
639 3886 713 3932 est
759 3877 908 3932 homo
947 3877 1081 3948 quod
1131 3878 1322 3932 duxisti
1348 3895 1464 3933 eum
1503 3880 1558 3934 in
1589 3881 1844 3952 judicium

269 3971 288 4039 (
315 3969 416 4025 Job
445 3970 534 4025 M.
580 3970 616 4024 5
639 3969 698 4037 )‘l
748 3969 1195 4037 quemadmodum
1240 3969 1367 4024 alibi
1395 3969 1522 4026 dicit
1551 3971 1664 4041 ipse
1700 3971 1846 4040 psal-

268 4063 424 4116 ntista
449 4078 464 4115 :
495 4060 632 4125 Quid
652 4069 724 4114 est
750 4059 900 4113 homo
923 4059 1058 4129 quod
1077 4077 1266 4114 memor
1291 4077 1345 4116 es
1368 4061 1478 4130 ejus
1504 4060 1676 4132 (Psal.
1694 4062 1748 4117 8.
1766 4063 1848 4133 5)?

271 4153 494 4223 Propter
518 4153 694 4222 ipsum
719 4166 904 4207 rursus
928 4153 1105 4209 veniet
1132 4151 1445 4223 Unigenitns
1470 4153 1680 4208 donans
1709 4155 1845 4210 bona

268 4243 695 4300 innumerabilia.
718 4244 835 4298 Alia
861 4244 1003 4300 enim
1024 4244 1134 4314 jam
1164 4244 1314 4300 dedit
1352 4259 1452 4315 per
1483 4244 1802 4315 baptismum
1828 4287 1846 4313 ,

267 4343 322 4389 et
339 4342 768 4401 sacramenta,et
788 4335 1064 4406 mysticam
1100 4335 1256 4391 aliam
1279 4336 1628 4393 initiationem
1655 4338 1845 4394 collata

271 4428 406 4484 bona
426 4468 444 4495 ,
475 4437 534 4485 et
559 4429 679 4484 aliis
708 4429 978 4485 miraculis
1014 4439 1206 4484 terram
1234 4430 1473 4500 implevit
1492 4433 1512 4462 ⁸
1536 4445 1552 4483 :
1581 4431 1683 4486 alia
1713 4447 1840 4486 vero

269 4534 330 4574 se
353 4518 605 4574 daturum
643 4528 728 4574 est
774 4519 1043 4589 pollicitus
1067 4561 1082 4586 ,
1126 4537 1346 4592 regntun
1379 4523 1650 4587 caelorum,
1683 4523 1844 4578 vitam

273 4621 529 4667 aeternam
553 4652 570 4679 ,
614 4611 875 4668 facturum
927 4627 1056 4667 suos
1098 4611 1344 4679 heredes,
1381 4614 1610 4686 illosque
1635 4631 1756 4671 cum
1786 4631 1852 4672 eo

273 4712 586 4774 regnatums
611 4702 631 4773 (
656 4700 809 4758 Rom.
836 4702 891 4758 8.
917 4703 981 4758 17
1008 4703 1051 4774 ).
1087 4703 1345 4770 Quocirca
1398 4705 1594 4761 Paulus
1639 4721 1852 4778 quoque

271 4792 481 4850 dicebat
508 4809 523 4847 :
557 4791 622 4850 Si
641 4794 964 4859 sustinentur,
1001 4804 1047 4848 et
1077 4797 1487 4866 conregnabimus
1508 4797 1526 4867 (
1549 4796 1604 4850 2.
1631 4795 1760 4852 Tim.
1793 4797 1847 4852 2.

275 4885 340 4938 12
363 4884 404 4956 ).
430 4883 560 4940 Haec
585 4899 714 4955 ergo
732 4885 909 4940 omnia
935 4885 1280 4942 considerans
1321 4887 1575 4958 propheta
1613 4903 1708 4944 eos
1733 4889 1852 4957 jure

275 4976 440 5032 brutis
459 4984 756 5046 comparat,
789 4977 880 5046 qui
914 4985 1112 5031 tantam
1152 4977 1478 5033 nobilitatem
1521 4979 1650 5034 vitio
1677 4980 1840 5047 prodi-

273 5067 488 5134 derunt,
518 5075 575 5122 et
610 5065 676 5120 ad
727 5065 1036 5122 aﬂ‘ectiones
1086 5068 1296 5123 illorum
1338 5068 1700 5136 desciverunt.
1734 5071 1846 5128 lloc

273 5161 447 5229 ipsum
493 5172 643 5229 saepe
667 5157 868 5214 faciunt
893 5159 982 5214 alii
1014 5175 1223 5231 quoque
1250 5161 1540 5230 pr0phette,
1574 5163 1851 5232 impuden-

275 5263 378 5307 tem
402 5251 706 5308 auditorem
744 5251 988 5308 volcntes
1026 5267 1124 5323 per
1171 5255 1621 5324 comparationem
1651 5257 1851 5326 pudiare

275 5344 600 5400 suﬂundere.
652 5342 722 5399 Et
749 5343 842 5399 ille
878 5343 1094 5414 quidem
1143 5345 1316 5412 dicit,
1361 5345 1495 5415 Equi
1543 5348 1606 5401 in.
1639 5349 1854 5416 [eminus

331 5481 346 5512 ³
366 5479 620 5548 _sic__s:ivil.
658 5485 718 5548 et
751 5486 859 5530 Mss.
885 5484 936 5548 t_n
970 5479 1137 5548 Morel.
1157 5489 1341 5543 autent,
1365 5489 1411 5534 et
1433 5488 1761 5548 tempestatum
1787 5485 1853 5536 ri-

271 5541 589 5603 rissitudinss,
618 5547 665 5592 et
687 5540 1045 5603 conuersiormm
1069 5543 1282 5594 cltorus..

330 5607 350 5672 ξ
382 5606 558 5665 verba,
579 5601 857 5672 ’ωιιαεατε-
878 5601 1106 5666 implevit,
1139 5604 1319 5656 desunt
1357 5607 1406 5657 in
1440 5607 1568 5658 Coll).
1595 5616 1647 5658 et
1679 5609 1853 5672 Savil.;

273 5661 412 5716 habet
429 5661 596 5716 autem
619 5673 737 5716 nec.

308 5678 596 5716 iactantem
620 5678 650 5714 η
725 5700 737 5712 .

308 5726 414 5795 _(a)_
433 5678 782 5795 Tricubitjﬁzm
807 5725 1052 5795 horninem
1087 5726 1206 5778 dicit
1246 5728 1394 5779 etiam
1429 5733 1740 5795 Geographus
1762 5742 1851 5784 Nu-

276 5784 448 5840 btenSis
465 5791 516 5842 in
535 5788 736 5846 climate
763 5787 926 5837 tertio.

1359 366 1714 433 nvrosmo
1743 364 1804 418 IN
1847 359 2168 422 essanun
2209 364 2436 422 xevut.

3436 377 3544 432 35l-

1954 476 2254 532 insanientes
2277 479 2396 548 facti
2438 489 2556 534 sunt
2582 480 2601 550 (
2628 481 2739 537 Jer.
2769 483 2824 538 5.
2853 484 2884 538 8
2913 485 2968 553 );
2998 484 3082 537 hic
3112 501 3233 538 vero
3261 506 3274 542 :
3299 487 3539 558 Cognovit

1955 566 2042 620 bos
2085 585 2419 637 possessorem
2464 588 2610 625 suum
2637 615 2652 639 ,
2710 582 2758 628 et
2783 576 2957 628 asinus
2983 592 3206 647 pratsepe
3241 581 3431 635 domini
3452 583 3536 636 sui

1959 657 2114 728 (lsui.
2153 662 2203 715 l.
2234 662 2269 717 5
2296 659 2352 732 ),
2403 664 2646 718 acerbius
2673 681 2834 736 quam
2881 667 3045 723 David
3095 669 3336 738 loquens.
3375 674 3538 728 David

1952 753 2096 806 enim
2128 752 2294 808 dicit:
2326 753 2658 826 Comparatus
2699 768 2771 812 est
2803 761 3050 829 jumentis
3083 762 3428 832 insipientibus
3449 807 3464 832 ,
3492 779 3540 820 et

1954 843 2133 896 similis
2171 845 2336 914 factus
2362 846 2501 914 illis;
2532 848 2622 902 ille
2667 859 2844 904 autem
2877 851 3007 906 dicit
3047 869 3141 908 eos
3171 854 3335 911 fuisse
3372 860 3540 925 magis

1953 946 2202 1002 expertes
2252 937 2473 992 rationis
2500 955 2664 1008 quam
2707 941 2908 996 bruta:
2951 943 3037 998 illa
3089 947 3230 1001 enim
3256 987 3272 1011 ,
3323 949 3541 1018 inquit,

1951 1037 2313 1093 cognoverunt
2341 1045 2721 1098 possessorem,
2747 1031 2910 1089 Israel
2927 1051 3062 1101 vero,
3076 1055 3154 1090 me
3173 1056 3274 1094 non
3291 1043 3540 1113 cognovit.

2029 1115 2083 1170 8.
2114 1117 2251 1172 Alibi
2283 1134 2498 1189 quoque
2527 1121 2662 1176 alius
2697 1123 2911 1192 quidam
2941 1127 3022 1179 vir
3063 1129 3318 1196 sapiens,
3359 1141 3542 1186 osten-

1956 1204 2091 1260 dens
2125 1208 2210 1262 vel
2239 1209 2474 1264 formicis
2501 1227 2621 1267 esse
2669 1213 2992 1272 deteriorem
3036 1221 3208 1273 virum
3251 1222 3455 1292 pigrum
3488 1235 3544 1278 et

1958 1297 2231 1364 desidem,
2269 1310 2323 1355 et
2367 1303 2478 1356 otio
2503 1303 2841 1374 languentem
2868 1348 2889 1374 ,
2931 1325 3052 1364 eum
3104 1311 3226 1366 illuc
3253 1312 3453 1378 mittit,
3486 1324 3562 1368 ut,

1952 1387 2124 1442 discat
2143 1405 2262 1445 esse
2305 1391 2598 1450 laboriosus
2629 1413 2643 1449 :
2683 1394 2843 1464 Vade,
2863 1398 3066 1472 dicens,
3100 1403 3170 1454 ad
3199 1404 3446 1470 {amicam
3466 1447 3479 1470 ,
3507 1425 3538 1459 ο

1955 1481 2094 1564 piger
2113 1522 2129 1546 ,
2159 1491 2207 1535 et
2225 1483 2436 1556 imitare
2451 1486 2564 1562 uias
2590 1489 2700 1557 ejus
2727 1489 2747 1562 (
2769 1489 2928 1546 Prov.
2961 1493 3016 1548 6.
3046 1494 3202 1566 6-8).
3233 1495 3339 1551 Illa
3385 1500 3537 1564 enim,

1953 1560 2068 1623 cum
2094 1588 2184 1625 nec
2208 1590 2388 1650 agrum
2416 1560 2610 1630 cultum
2641 1560 2853 1648 habeat,
2881 1599 2972 1636 nec
3008 1587 3070 1638 sit
3091 1560 3176 1653 qui
3205 1603 3316 1640 eam
3355 1600 3539 1660 cogat,

1955 1681 2043 1718 nec
2067 1664 2259 1720 domini
2289 1670 2498 1738 imperio
2522 1681 2730 1740 pareat,
2760 1685 2908 1743 parat
2943 1687 3116 1731 testate
3136 1679 3461 1746 alimentum,
3493 1695 3541 1736 et

1956 1765 2176 1825 tempore
2225 1761 2396 1815 messis
2434 1763 2595 1816 multa
2641 1767 2858 1836 reponit.
2913 1767 3119 1842 Rursus
3165 1781 3340 1828 autem
3389 1774 3541 1844 jubet

1957 1846 2036 1902 ire
2063 1847 2130 1902 ad
2157 1864 2312 1918 apem
2347 1867 2361 1903 :
2395 1849 2730 1926 Proﬁciscere
2752 1859 2821 1910 ad
2850 1874 3028 1928 apem,
3071 1871 3114 1914 et
3163 1862 3298 1916 disce
3323 1864 3460 1935 quod
3482 1883 3540 1919 ea

1956 1940 2020 1992 sit
2037 1942 2289 2010 operaria.
2333 1942 2475 1997 Nunt
2524 1946 2828 2019 principium
2873 1948 3138 2005 dulcorum
3167 1955 3360 2024 fructus
3390 1956 3499 2027 ejus
3525 2000 3538 2017 .

1952 2031 2095 2100 cujus
2142 2032 2336 2088 labores
2381 2051 2523 2107 reges
2575 2045 2624 2091 et
2673 2041 2856 2109 privati
2888 2043 2956 2095 ad
2997 2045 3265 2099 sanitatem
3316 2046 3541 2113 a/fernnt

1953 2121 2156 2190 (Eccli.
2202 2127 2291 2180 Η.
2334 2126 2368 2181 5
2397 2125 2438 2197 ).
2467 2128 2619 2184 Alius
2647 2146 2774 2186 vero
2809 2132 2965 2189 dicit:
2995 2133 3260 2207 Principes
3293 2140 3365 2192 tui
3393 2149 3541 2193 tam-

1950 2229 2110 2282 quam
2138 2214 2246 2285 lupi
2274 2216 2475 2272 Arabia:
2513 2219 2792 2292 (Sophon.
2835 2225 2890 2278 5.
2938 2227 3042 2295 5).
3097 2229 3160 2282 Et
3197 2230 3333 2284 alius
3373 2248 3386 2284 :
3427 2231 3542 2287 So—

1933 2303 2076 2377 ldisti
2103 2305 2154 2359 in
2190 2308 2388 2363 deserto
2409 2350 2423 2374 ,
2453 2319 2708 2378 tamquam
2732 2317 2912 2372 cornix
2939 2317 3069 2389 (Jer.
3089 2321 3141 2374 5.
3159 2320 3238 2391 ‘2).
3265 2321 3541 2378 Zachariae

1951 2404 2128 2450 autem
2173 2397 2313 2453 [ilius
2341 2399 2472 2456 dicit
2509 2419 2523 2455 :
2559 2403 2860 2475 Serpentes,
2909 2409 3162 2479 genitnina
3209 2414 3496 2483 viperarum
3521 2457 3536 2477 ,

1951 2487 2062 2556 quis
2090 2487 2228 2544 vobis
2257 2493 2474 2546 ostendit
2503 2497 2726 2566 [ugerea
2758 2508 2968 2552 ventura
2992 2503 3072 2554 ira
3104 2506 3121 2571 (
3156 2503 3340 2558 Matth.
3365 2505 3417 2558 5.
3437 2505 3491 2575 7)
3516 2507 3540 2558 ?

1953 2576 2022 2631 Et
2047 2579 2182 2634 alius
2219 2595 2446 2636 rursus:
2486 2583 2596 2639 Ova
2635 2588 2873 2656 aspidum
2917 2603 3206 2662 ruperunt,
3247 2606 3294 2648 et
3340 2613 3540 2650 aranea,-

1953 2669 2104 2722 telam
2130 2679 2307 2726 texunt
2335 2671 2486 2744 (Isai.
2515 2674 2604 2729 59.
2633 2677 2714 2746 5).
2744 2679 2880 2732 Alibi
2909 2691 3084 2736 autem
3110 2683 3247 2737 idem
3281 2687 3537 2753 propheta

1953 2759 2080 2814 dicit
2101 2776 2116 2814 :
2154 2758 2405 2816 Venenum
2423 2765 2661 2836 aspidum
2675 2766 2766 2820 sub
2783 2767 2929 2823 labiis
2947 2787 3117 2824 eorum
3132 2771 3299 2843 (Psal.
3317 2775 3439 2830 159.
3454 2777 3536 2846 ι).

1954 2852 2022 2907 Et
2044 2868 2258 2908 rursus:
2277 2851 2367 2908 Ira
2395 2859 2466 2914 eis
2491 2857 2559 2910 ad
2577 2857 2961 2914 similitudinem
2979 2865 3222 2932 serpentis
3249 2865 3420 2938 (Psal.
3445 2868 3534 2923 57.

1955 2942 2040 3016 5).
2061 2943 2191 3000 Tale
2217 2955 2298 3000 est
2328 2947 2468 3002 enim
2501 2949 2682 3004 vitium
2713 2968 2726 3004 :
2755 2966 2877 3006 eum
2904 2953 2992 3022 qui
3024 2954 3142 3008 talis
3165 2967 3319 3012 estet
3341 2969 3533 3024 tantus.

1953 3042 2137 3107 totque
2163 3036 2554 3095 diadematibus
2575 3052 2881 3107 coronatus,
2914 3060 2980 3100 eo
3005 3047 3216 3119 redigit,
3250 3059 3306 3106 ut
3334 3052 3402 3106 sit
3431 3068 3535 3108 liOll

1954 3129 2129 3184 minus
2154 3129 2402 3201 ignobilis
2429 3147 2588 3203 quam
2611 3133 2787 3189 bruta.
2809 3135 2877 3190 Et
2906 3137 3022 3192 ideo
3045 3140 3095 3193 in
3127 3143 3375 3210 praesenti
3406 3160 3540 3213 quo-

1953 3237 2057 3291 que
2085 3221 2297 3278 Psalmo
2342 3239 2463 3278 cum
2515 3225 2761 3296 elegisset
2788 3227 2894 3284 duo
2931 3230 3042 3285 vitii
3075 3247 3268 3302 genera
3292 3275 3307 3300 ,
3338 3244 3392 3290 et
3433 3236 3536 3292 alia

1953 3314 2280 3370 auditoribus
2300 3317 2601 3387 reliquisset
2623 3319 2941 3391 colligenda,
2974 3339 3068 3378 eos
3091 3325 3182 3395 qui
3217 3325 3323 3382 illis
3353 3335 3539 3384 teucri:

1955 3415 2040 3460 tur
2068 3406 2139 3461 ita
2172 3408 2376 3478 pungit.
2399 3474 2402 3477 _
2427 3409 2564 3477 Quid
2598 3411 2740 3466 enim
2789 3411 2948 3469 fuerit
2983 3429 3016 3469 a
3065 3416 3271 3472 ratione
3315 3419 3538 3474 alienius

1955 3497 2187 3562 homine,
2216 3500 2306 3570 qui
2337 3510 2538 3556 temere
2561 3511 2616 3557 et
2640 3517 2759 3558 cum
2790 3505 2872 3559 sui
2895 3505 3084 3576 capitis
3108 3508 3249 3562 malo
3273 3523 3336 3564 ac
3352 3509 3539 3564 discri-

1954 3589 2100 3646 mine
2128 3590 2312 3647 orbem
2346 3599 2502 3646 terra;
2530 3594 2812 3662 percurrit,
2845 3605 2899 3650 ct
2926 3596 3343 3654 innumerabiles
3373 3616 3535 3673 pecu-

1955 3683 2071 3738 nias
2096 3683 2317 3755 colligit,
2355 3700 2462 3742 non
2505 3686 2631 3751 sibi,
2664 3687 2758 3742 sed
2796 3689 2915 3743 aliis
2949 3689 3050 3745 sibi
3077 3707 3182 3745 non
3215 3691 3374 3762 notis,
3396 3707 3540 3764 smpe

1953 3786 2130 3831 autem
2193 3777 2436 3834 hostibus
2505 3792 2560 3836 et
2615 3779 3076 3838 insidiatoribus?
3117 3783 3282 3840 Recte
3359 3798 3534 3842 autem

1953 3867 2088 3920 dixit
2117 3883 2130 3919 :
2162 3867 2465 3940 Relinquenl
2503 3873 2684 3927 alienis
2716 3871 2918 3928 divitias
2944 3890 3084 3929 suas.
3113 3874 3249 3941 Quid
3286 3885 3368 3932 est
3395 3879 3538 3933 enim

1955 3957 2189 4022 stultius,
2223 3974 2385 4028 quam
2426 3969 2486 4014 ut
2527 3961 2582 4016 hi
2625 3961 2843 4028 faciunt,
2867 3962 3079 4021 labores
3101 3965 3313 4038 quidem
3339 3977 3392 4020 ct
3417 3983 3540 4036 pec-

1955 4057 2095 4114 cata,
2129 4063 2248 4117 quae
2279 4049 2332 4103 in
2370 4049 2455 4104 bis
2491 4051 2804 4122 colligendis
2829 4055 3199 4125 admittuntur,
3230 4059 3533 4131 suscipere,

1958 4139 2150 4194 alienis
2187 4155 2316 4196 vero
2349 4155 2538 4197 eorum
2586 4143 2860 4200 usufrnctn
2911 4147 3142 4204 cedere?
3171 4150 3373 4208 Deinde
3413 4169 3536 4208 eum

1957 4245 2143 4287 amore
2173 4233 2412 4302 pecunias
2442 4233 2655 4290 inanem
2683 4251 2894 4308 quoque
2934 4239 3158 4309 gloriam
3187 4241 3458 4298 adducens
3483 4246 3534 4299 in

1956 4320 2214 4388 medium,
2242 4337 2336 4378 eos
2375 4325 2560 4396 pungit
2585 4326 3088 4395 vehementissime,
3105 4331 3329 4386 dicens:
3375 4331 3534 4388 νοω.-

1956 4423 2128 4470 tterunt
2152 4417 2356 4471 nomina
2377 4434 2470 4472 sua
2496 4419 2549 4473 in
2571 4419 2716 4474 terris
2733 4421 2861 4476 suis.
2901 4421 3038 4488 Quid
3068 4421 3161 4478 Itis
3183 4439 3366 4480 rursus
3393 4435 3473 4480 est
3499 4441 3529 4480 a

1956 4508 2163 4563 ratione
2183 4509 2432 4578 alienius,
2458 4509 2563 4582 qui
2579 4511 2842 4582 lapidibus
2871 4521 2928 4568 et
2954 4513 3110 4584 lignis
3138 4523 3194 4572 et
3231 4514 3535 4572 inanimata:

1959 4603 2196 4657 materiae
2222 4617 2373 4657 suam
2407 4605 2748 4661 committunt
2782 4609 3096 4664 memoriam
3117 4649 3134 4674 ,
3176 4617 3233 4664 et
3270 4611 3535 4680 pr0priam

1959 4693 2187 4750 credunt
2210 4695 2479 4766 gloriam?
2511 4699 2731 4768 Aliqnos
2751 4699 3081 4755 enimbouis
3109 4701 3355 4757 omnibus
3381 4717 3535 4758 cver-
3601 4722 3606 4726 α

1961 4793 2160 4850 terunt,
2198 4787 2382 4842 viduas
2423 4789 2763 4858 spoliarunt,
2794 4802 2849 4846 et
2894 4792 3229 4862 pupillorum.
3263 4792 3538 4850 facultates

1958 4878 2316 4948 diripuerunt,
2343 4888 2400 4933 ut
2428 4882 2596 4937 vermi
2625 4882 2841 4938 domum
2881 4884 3120 4940 facerent
3161 4887 3535 4958 splendidam.

1960 4969 2222 5038 tinea-que
2248 4978 2306 5023 et
2329 4971 2656 5040 corruptioni
2694 4974 3004 5043 magnificos
3038 4977 3268 5033 ambitus
3307 4980 3538 5033 aedilita—

1960 5068 2095 5122 reut,
2116 5060 2255 5128 quod
2285 5061 2590 5116 existiment
2615 5079 2766 5118 suam
2797 5080 2891 5134 per
2910 5082 2971 5122 ea
3003 5066 3235 5123 futuram
3263 5070 3537 5123 inunorta-

1960 5148 2062 5204 leni
2091 5151 2562 5221 memoriamque:
2591 5169 2657 5208 ne
2679 5170 2842 5225 parvo
2870 5157 3082 5227 quidem
3107 5167 3378 5213 momento
3404 5169 3536 5212 tens-

1960 5242 2105 5311 poris
2145 5252 2431 5311 potuerunt
2467 5259 2701 5315 corpora.
2733 5249 2984 5304 retinere.
3018 5250 3102 5305 ιι.
3137 5249 3264 5304 Haec
3299 5250 3381 5304 eia
3421 5251 3537 5305 illo-

1959 5347 2070 5385 rum
2100 5331 2396 5386 scandalum
2424 5334 2566 5404 ipsis.
2596 5336 2850 5402 Quainatn
2877 5349 2990 5402 est,
3021 5354 3203 5407 qumso
3227 5379 3242 5402 ,
3278 5341 3389 5394 Itale
3415 5341 3494 5395 via
3515 5345 3537 5392 ‘.'

1959 5421 2202 5478 Studium
2232 5425 2444 5490 quodin
2475 5441 2559 5480 res
2579 5427 2836 5495 ejusmodi
2859 5427 3150 5491 confertur,
3172 5445 3338 5484 vanus
3364 5430 3535 5500 labos,

1964 5514 2148 5568 insana
2181 5514 2417 5584 pecuniae
2460 5516 2720 5573 habendae
2749 5519 3041 5588 cupiditas,
3085 5521 3399 5580 insatiabilis
3423 5525 3529 5596 glo-

1963 5606 2058 5662 ria:
2084 5605 2313 5662 ebrietas
2343 5623 2356 5667 :
2381 5619 2436 5663 et
2462 5619 2585 5666 ante
2607 5609 2863 5675 futurum,
2893 5610 3084 5683 inquit,
3116 5615 3428 5687 supplicium
3451 5617 3536 5674 hic

1965 5698 2022 5753 lit
2046 5699 2124 5754 eis
2145 5698 2454 5756 scandalum
2485 5713 2538 5757 et
2564 5701 3019 5772 impedimentum.
3049 5705 3162 5762 Non
3193 5725 3413 5778 parvum
3442 5710 3538 5780 igi-

1965 5800 2051 5846 tur
2075 5793 2449 5851 oticutlicnlum
2478 5836 2492 5862 ,
2542 5810 2894 5866 nonparvnm
2927 5795 3399 5889 ittipeditnetttUttt,
3419 5814 3530 5855 non
