4112 6208
534 383 639 438 255

541 509 762 571 parvum
789 489 1123 547 obstaculum
1148 485 1267 542 haec
1291 486 1376 540 via
1400 493 1486 541 est
1513 481 1580 539 ad
1605 483 1970 553 operationem
2009 481 2119 534 vir-

542 590 688 645 tutis.
717 585 785 642 Et
813 584 935 640 ideo
958 582 1108 649 dicit,
1140 579 1264 635 Hcce
1287 579 1368 634 eia
1391 578 1600 632 illorum
1642 575 1938 629 scandalum
1975 574 2121 644 ipsis.

544 679 716 738 Recte
749 685 928 732 autem
971 675 1106 731 dixit
1133 673 1269 728 hanc
1296 672 1436 726 viam
1475 684 1595 725 esse
1637 669 1765 738 ipsis
1791 667 2120 722 scandalum.

539 770 786 842 Sibiipsis
804 767 1017 823 vincula
1048 765 1312 835 injiciunt,
1335 762 1541 830 seipsos
1563 759 1874 830 impediunt.
1899 757 1966 811 Et
1987 768 2126 828 post—-

491 886 498 893 ’
543 883 602 921 ea
625 865 680 919 in
707 879 795 918 ore
819 880 910 918 suo
934 857 1331 932 comptae-ebant.
1355 855 1467 909 Hoc
1505 853 1644 934 quod
1689 853 1860 918 dixit,
1890 859 1973 906 est
2007 866 2122 919 pra.

541 957 819 1014 vissimum
847 996 862 1020 ,
897 963 950 1008 et
981 965 1138 1008 causa
1174 957 1490 1005 caeterorum
1544 946 1828 1002 malorum.
1856 946 1956 1014 Qui
1983 944 2123 1001 enim

545 1051 600 1104 in
631 1048 715 1104 his
744 1053 995 1117 peccant,
1019 1053 1072 1098 et
1093 1042 1428 1111 delinquunt,
1459 1048 1509 1094 et
1534 1038 1669 1093 adeo
1700 1037 1970 1107 desipiunt
1989 1079 2004 1104 ,
2035 1051 2126 1092 se-

541 1143 689 1211 ipsos
733 1139 917 1194 felices
967 1153 1029 1192 ac
1083 1136 1268 1192 beatos
1329 1148 1450 1188 esse
1505 1132 1739 1196 ducunt,
1788 1129 2126 1186 aemulatione

541 1232 750 1301 dignos,
783 1237 838 1284 et
867 1228 930 1282 iis
975 1243 1093 1297 qua:
1150 1225 1285 1280 fiunt
1313 1223 1648 1280 deleotantur
1679 1239 1692 1276 :
1725 1222 1911 1277 vitium
1949 1231 2126 1278 autem

542 1319 686 1393 quod
713 1319 959 1376 laudatur
978 1320 1046 1374 ab
1076 1319 1142 1374 iis
1170 1319 1261 1390 qui
1286 1333 1352 1373 eo
1373 1317 1638 1383 laborant,
1657 1316 1933 1372 considera
1961 1332 2128 1387 quan-

541 1425 651 1469 tam
675 1413 796 1469 facit
824 1413 1185 1468 accessionem
1207 1411 1361 1466 mala:
1391 1409 1710 1480 cupiditatis.
1742 1409 1799 1465 Si
1829 1407 1971 1464 enim
2001 1408 2126 1462 dum

543 1507 876 1576 vituperatur
897 1545 913 1568 ,
945 1503 1073 1559 dum
1119 1501 1330 1573 probris
1373 1497 1602 1555 aﬂicitur
1625 1542 1639 1566 ,
1670 1498 1798 1554 dum
1851 1499 2088 1570 arguitur
2109 1539 2126 1565 ,

543 1601 673 1656 dum
701 1599 769 1656 ab
797 1597 912 1669 ejus
943 1596 1032 1668 qui
1067 1596 1230 1652 sobrii
1258 1589 1490 1650 hominis
1516 1593 1888 1663 cogitationem
1916 1607 2130 1662 parum-

543 1707 643 1762 per
676 1691 918 1760 suscipit,
947 1687 1273 1744 conscientia
1324 1685 1635 1756 ﬂagellatur,
1674 1683 1803 1739 dum
1843 1683 2126 1749 laceratur,

548 1791 607 1838 et
639 1783 762 1837 odio
809 1780 1034 1836 habetur
1057 1820 1074 1846 ,
1119 1778 1254 1834 adeo
1301 1787 1476 1832 tamen
1526 1775 1863 1845 impudenter
1891 1775 2049 1846 viget,
2076 1782 2132 1830 et

544 1871 842 1938 invalescit,
871 1879 924 1926 et
949 1871 1001 1925 in
1026 1869 1140 1925 dies
1156 1877 1378 1938 augetur
1406 1885 1422 1922 :
1451 1865 1664 1937 quando
1692 1881 1795 1920 non
1825 1865 1996 1921 solum
2024 1881 2131 1921 non

545 1965 743 2021 fuerint
769 1978 888 2034 quas
917 1961 1258 2032 prohibeant,
1284 1973 1478 2030 nempe
1508 1957 1778 2013 accusatio
1800 1999 1815 2024 ,
1854 1957 2132 2012 conscien-

491 2063 498 2068 '
544 2058 634 2113 tia:
661 2053 1338 2127 reprehensio,.gestorum
1367 2049 1636 2119 correptio
1657 2090 1671 2114 ,
1706 2049 1774 2104 de
1811 2047 2132 2104 facinoribus

543 2147 877 2219 poenitentia,
900 2145 1086 2212 rubor,
1115 2142 1307 2215 pudor,
1327 2141 1482 2196 fletus
1503 2153 1567 2196 ac
1597 2141 1870 2211 lacrymat,
1894 2138 1986 2195 sed
2019 2153 2133 2194 om-

547 2239 676 2294 nino
705 2246 912 2301 contra,
933 2237 1142 2305 seipsos
1169 2234 1330 2289 etiam
1363 2231 1580 2288 laudant
1604 2231 1692 2300 qui
1717 2229 1939 2294 faciunt,
1954 2237 2010 2284 et
2033 2228 2133 2285 sibi

545 2328 787 2384 encomia
813 2334 1162 2396 componunt,
1193 2332 1333 2381 eteo
1356 2324 1472 2393 ipso
1503 2337 1562 2377 se
1586 2321 1707 2376 aliis
1731 2320 1987 2377 meliores
2014 2335 2134 2376 esse

545 2419 767 2487 ducunt,
795 2427 848 2473 et
864 2425 1142 2488 postquam
1169 2414 1414 2483 fecerint,
1433 2412 1649 2468 laudant
1671 2427 1735 2467 ea
1752 2427 1870 2482 qua:
1899 2412 2136 2467 fecerunt

548 2517 565 2581 (
599 2514 700 2570 hoc
736 2514 881 2571 enim
932 2512 1034 2568 sibi
1078 2512 1190 2568 vult
1229 2510 1356 2566 illud
1381 2553 1396 2577 ,
1429 2509 1496 2564 Et
1524 2513 1578 2564 in
1607 2523 1694 2565 ore
1719 2525 1810 2564 suo
1849 2509 2134 2580 complace-

547 2606 695 2676 btmt)
733 2623 746 2659 :
779 2621 886 2676 quo
933 2619 1040 2660 non
1067 2603 1102 2658 ii
1143 2601 1508 2658 deﬂexerint?
1552 2601 1687 2658 Sunt
1710 2601 1850 2657 enim
1884 2609 2030 2656 tanto
2053 2599 2137 2656 fu-

547 2715 670 2755 rore
696 2698 904 2770 perciti,
947 2704 1000 2752 et
1029 2695 1163 2752 adeo
1185 2703 1379 2751 emota:
1407 2695 1626 2760 mentis,
1658 2702 1715 2749 ut
1739 2695 1899 2750 etiam
1925 2694 2137 2764 quando

550 2808 700 2849 suam
728 2791 999 2848 libidinem
1026 2789 1380 2861 expleverint,
1403 2787 1614 2860 quando
1643 2802 1736 2844 eos
1762 2787 2004 2843 videntes
2033 2787 2138 2842 ini-

546 2885 802 2954 quitatem
832 2891 1102 2954 oporteret
1131 2882 1468 2944 erubescere,
1500 2879 1787 2946 exsultant,
1807 2894 1864 2934 se
1888 2877 2134 2944 efferunt,

548 2977 618 3032 de
653 2975 886 3031 facinore
925 2974 1278 3030 delectantur.
1301 2972 1433 3028 Tale
1461 2982 1542 3028 est
1575 2971 1716 3026 enim
1748 2978 2020 3040 peccatum
2042 3009 2056 3033 ,
2080 2978 2139 3024 ut

547 3068 851 3138 priusquam
873 3065 1067 3121 factum
1099 3065 1188 3132 sit,
1205 3079 1354 3119 suam
1375 3063 1516 3118 velet
1539 3062 1936 3133 turpitudinem,
1959 3059 2138 3116 ebrie-

547 3167 655 3214 tate
697 3155 985 3229 voluptatis
1027 3171 1176 3210 suam
1202 3155 1456 3226 obtegens
1502 3153 1949 3209 abominationent
1987 3167 2002 3206 :
2042 3149 2136 3207 sed

546 3259 828 3320 postquam
867 3247 1062 3303 factum
1091 3245 1269 3312 fuerit,
1295 3255 1350 3301 et
1385 3245 1616 3300 libidinis
1658 3243 1868 3314 quidem
1894 3243 2137 3314 voluptas

546 3351 838 3408 parumper
881 3337 1104 3392 cesserit
1124 3379 1138 3404 ,
1167 3336 1508 3392 conscientiae
1536 3344 1714 3390 autem
1743 3335 2010 3390 accusatio
2050 3335 2134 3389 in-

546 3429 790 3496 vaserit,
838 3427 1034 3483 nudam
1081 3428 1344 3482 rationem
1387 3425 1700 3497 ﬂagellans,
1735 3435 1860 3481 tunc
1901 3427 2135 3483 maxime

549 3519 792 3576 cernitur
821 3533 979 3589 quam
1026 3517 1096 3572 sit
1140 3517 1518 3589 perniciosum.
1569 3517 1634 3572 lli
1679 3526 1856 3573 autem
1888 3533 1987 3573 nec
2012 3526 2136 3574 tunc

550 3611 766 3680 quidem
797 3619 1076 3681 postquam
1107 3623 1166 3665 se
1195 3608 1566 3680 expleverint,
1600 3609 1692 3665 sed
1741 3621 2020 3681 postquam
2051 3612 2135 3666 vi-

549 3703 728 3759 derint
766 3719 895 3774 opes
944 3711 1284 3760 coacervatas
1309 3745 1324 3770 ,
1377 3702 1619 3772 sepulcra
1657 3702 1913 3768 excitata,
1961 3703 2136 3759 inania

555 3795 781 3850 aedificia
810 3793 1048 3866 perfecta
1074 3836 1090 3862 ,
1137 3809 1259 3849 cum
1297 3804 1569 3864 oporteret
1615 3809 1709 3850 eos
1753 3796 2031 3866 compungi
2075 3807 2139 3852 ac

553 3885 774 3951 deflere,
803 3895 924 3956 post
952 3883 1070 3941 lucc
1096 3886 1280 3953 etiam,
1313 3883 1417 3940 hoc
1439 3894 1522 3940 est
1542 3895 1660 3956 post
1683 3900 1835 3956 opus,
1858 3898 2136 3958 postquam

551 3989 641 4030 res
683 3974 845 4031 fuerit
885 3974 1204 4046 adimpleta,
1256 3983 1382 4031 tunc
1431 3973 1606 4030 adhuc
1641 3977 1810 4047 magis
1855 3986 2135 4046 aegrotant.

557 4067 844 4138 Postquam
888 4081 1018 4138 ergo
1070 4067 1198 4121 nihil
1247 4067 1326 4122 eis
1379 4065 1625 4124 relictum
1671 4078 1753 4123 est
1782 4083 1848 4124 ex
1880 4069 2008 4140 ipsis
2049 4084 2137 4125 re-

551 4157 736 4225 medii,
765 4168 892 4214 tunc
918 4167 1088 4214 restat
1107 4159 1318 4213 utDeus
1345 4168 1668 4229 exsequatur
1691 4157 1829 4229 quod
1859 4175 2011 4214 suum
2034 4170 2136 4215 est.

625 4250 682 4305 9.
711 4249 1177 4317 Quemadmodum
1195 4249 1337 4305 enim
1359 4249 1451 4319 qui
1469 4249 1676 4320 seipsos
1694 4249 2051 4306 condemnant
2069 4251 2138 4306 ob

557 4351 778 4412 peccata
811 4358 843 4397 a
872 4356 931 4398 se
951 4343 1346 4411 admissa,qu:c
1371 4353 1401 4395 a
1441 4341 1552 4397 Deo
1582 4341 1801 4397 ferenda
1843 4351 1986 4398 esset
2012 4357 2138 4397 sen-

556 4434 776 4488 tentiam
803 4433 1156 4501 anticipantcs
1175 4431 1398 4498 evitant,
1413 4431 1552 4487 sicut
1576 4433 1736 4488 etiam
1759 4431 1887 4488 dicit
1909 4433 2136 4488 Paulus:

561 4525 625 4579 Si
649 4526 782 4579 enim
811 4528 1042 4594 nosipsos
1057 4523 1430 4595 judicaremus,
1461 4539 1561 4578 non
1589 4525 1758 4596 utique
1801 4525 2141 4586 iudicaremur

565 4616 642 4684 (i.
669 4614 790 4670 Cor.
816 4613 902 4669 ll.
921 4614 1015 4683 51)
1045 4630 1057 4666 :
1083 4615 1154 4668 ita
1182 4627 1407 4684 quorum
1440 4621 1546 4668 tam
1574 4614 1751 4684 gravis
1774 4623 1857 4669 est
1881 4616 2096 4671 morbus
2120 4657 2134 4682 ,

571 4715 632 4760 ut
651 4705 797 4761 nulla
817 4706 1080 4760 ducantur
1112 4703 1428 4774 poenitentia
1456 4743 1470 4770 ,
1501 4711 1556 4759 et
1585 4714 1866 4774 peccantes
1889 4721 1982 4761 sua
2012 4722 2138 4776 pee-

561 4806 680 4852 cata
707 4811 814 4851 non
839 4794 1228 4858 condentnent,
1258 4795 1350 4850 Dei
1382 4795 1434 4850 in
1463 4809 1523 4850 se
1545 4796 1862 4866 supplicium
1884 4812 2004 4854 cum
2028 4815 2140 4853 ma-

563 4886 706 4942 xima
750 4885 1088 4942 vehementia
1136 4886 1432 4941 attrahunt.
1477 4886 1739 4954 Quoniam
1797 4903 1925 4958 ergo
1966 4889 2001 4944 ii
2050 4889 2140 4961 qui

561 4979 738 5035 aliena
777 4978 1012 5049 rapiunt,
1043 4979 1128 5035 vel
1166 4980 1255 5050 qui
1303 4993 1397 5034 sua
1451 4989 1651 5037 temere
1697 4980 2057 5052 profundunt,
2088 4992 2144 5040 et

565 5085 684 5140 qua:
711 5070 763 5125 in
794 5083 1060 5141 pauperes
1085 5083 1308 5140 erogare
1333 5081 1626 5140 oporteret,
1665 5072 1715 5125 in
1739 5074 2000 5142 sepulcra,
2023 5091 2144 5130 ver-

562 5174 681 5216 mes
703 5171 757 5217 et
778 5161 950 5216 tineas
969 5172 1324 5226 consumunt,
1356 5169 1412 5218 et
1442 5177 1542 5218 nec
1567 5179 1750 5219 eorum
1779 5164 1992 5235 quidem
2024 5182 2142 5236 qum

567 5253 815 5307 fecerunt
856 5251 963 5306 ulla
1009 5259 1300 5321 tanguntur
1327 5251 1658 5321 poenitentia,
1690 5253 1783 5309 sed
1827 5265 2043 5310 manent
2069 5274 2140 5309 ze-

563 5342 704 5412 groti
728 5341 1192 5398 immedicabiliter
1221 5359 1234 5397 :
1270 5342 1395 5398 audi
1423 5342 1550 5414 quid
1575 5343 1832 5416 deinceps
1857 5346 1968 5401 fiat.
2007 5346 2141 5414 Quid

566 5448 695 5504 ergo
732 5435 834 5490 fit?
876 5435 920 5490 Α
953 5435 1070 5491 Deo
1099 5435 1382 5491 traduntur
1423 5436 1721 5508 supplicio;
1767 5447 1822 5495 et
1869 5439 1991 5496 ideo
2019 5441 2146 5496 sub-

562 5525 740 5594 junxit
785 5541 800 5580 :
847 5525 935 5582 15.
987 5527 1134 5582 Sicut
1173 5543 1292 5581 oues
1333 5527 1386 5582 in
1426 5528 1625 5599 inferno
1660 5529 1807 5599 positi
1835 5539 1981 5596 sunt;
2011 5548 2145 5587 more

567 5616 801 5687 deposcet
833 5635 918 5674 eos
945 5636 966 5674 :
1003 5636 1109 5678 non
1163 5621 1252 5679 hic
1296 5623 1756 5680 mansuetudinem
1803 5639 1899 5695 per
1947 5642 2140 5684 nomen

569 5723 748 5764 ovium
776 5711 1076 5780 significans
1111 5713 1130 5783 (
1169 5714 1296 5784 quid
1341 5717 1484 5770 enim
1537 5717 1705 5786 possit
1755 5717 1860 5774 illis
1899 5732 2018 5776 esse
2048 5735 2148 5776 sre-

567 5798 707 5867 vius,
735 5799 824 5870 qni
847 5815 1137 5872 pauperum
1161 5804 1373 5874 quidem
1417 5806 1557 5861 nuda
1587 5821 1810 5876 corpora
1849 5819 1902 5864 et
1928 5821 2146 5869 ventres

1232 371 1288 427 S.
1328 366 1608 426 JOANNIS
1643 362 2125 422 CiiRYSOSTOW
2163 360 2480 420 ARCHIEP.
2517 363 3053 423 CONSTANTINOP.
3089 389 3097 392 η

3701 371 3813 429 Ξῦῧ

2231 478 2374 536 fame
2419 491 2638 538 enectos
2677 482 2996 554 despiciunt,
3025 482 3218 539 domos
3249 493 3428 540 autem
3457 491 3817 559 cerruptioni,

2229 573 2398 628 vermi
2437 582 2496 630 et
2533 575 3010 646 tineamagnifice
3050 577 3442 650 exstrttunti),
3469 579 3566 636 sed
3603 580 3820 641 faciem

2230 679 2415 722 eorum
2447 668 2742 734 interitum,
2769 670 3106 740 repentinum
3131 669 3374 736 exitium,
3404 681 3459 725 et
3481 687 3640 742 quam
3663 673 3825 734 facile

2229 759 2344 830 capi
2369 761 2576 830 possint
2597 760 2667 815 ab
2689 759 2771 817 eis
2791 763 2882 832 qui
2903 761 3010 817 illis
3037 761 3374 817 insidiantur.
3405 762 3547 819 Nihil
3567 776 3653 822 est
3676 769 3822 824 enim

2231 851 2550 908 imbecillius
2578 853 2816 920 homine,
2839 855 2928 922 qui
2957 855 3013 908 in
3031 854 3160 909 vitio
3179 853 3342 908 vitam
3371 856 3638 927 transigit.
3667 858 3818 925 Quod

2230 944 2316 1000 his
2344 959 2555 1016 quoque
2582 947 2794 1002 eveniet
2825 963 2838 1002 :
2868 954 2924 1002 et
2965 947 3035 1001 ita
3067 946 3447 1014 concidentur,
3482 947 3554 1004 ita
3585 948 3818 1008 funditus

2231 1035 2504 1106 peribunt,
2527 1045 2584 1092 et
2610 1046 2716 1091 tam
2741 1035 2899 1092 facile
2921 1035 3213 1092 devenient
3236 1036 3302 1090 ad
3330 1037 3550 1104 inferos,
3572 1043 3681 1094 tam
3701 1041 3826 1097 bre-
3883 1070 3886 1073 -

2229 1126 2404 1192 viter,
2444 1137 2551 1182 tam
2591 1127 2874 1198 expedite,
2905 1136 3011 1182 tam
3041 1127 3190 1183 nullo
3228 1129 3479 1199 negotio,
3506 1145 3668 1202 quam
3693 1147 3826 1187 oves

2234 1231 2354 1288 quae
2374 1227 2694 1274 mactantur.
2723 1219 2835 1274 lloc
2859 1227 2939 1274 est
2965 1233 3130 1285 mors,
3155 1219 3264 1274 imo
3285 1235 3418 1275 vero
3436 1235 3524 1276 res
3546 1231 3628 1277 est
3649 1205 3830 1280 morte

2231 1310 2493 1365 acerbior.
2523 1309 2652 1365 Post
2681 1310 2843 1364 talem
2877 1311 3020 1364 enim
3048 1319 3276 1365 mortem
3303 1325 3400 1366 eos
3425 1325 3572 1367 mors
3600 1313 3830 1370 immor-

2235 1403 2356 1458 talis
2383 1403 2632 1473 excipiet,
2661 1411 2718 1458 et
2745 1402 2868 1458 ideo
2895 1415 3158 1474 nusquam
3189 1403 3244 1458 in
3275 1403 3426 1460 sinus
3445 1405 3693 1474 Abraluc,
3723 1423 3828 1464 nec

2234 1495 2289 1549 in
2319 1494 2480 1550 ullam
2511 1495 2668 1548 aliam
2697 1496 2970 1564 regionem
3010 1504 3302 1550 cernuntur
3327 1497 3616 1564 recedere,
3647 1498 3743 1553 sed
3769 1499 3824 1553 in

2235 1585 2495 1642 infernum
2521 1603 2536 1640 :
2561 1585 2663 1641 hoc
2689 1599 2882 1656 ptume,
2905 1586 3008 1640 hoc
3031 1586 3297 1656 Supplicii,
3325 1584 3428 1643 hoc
3455 1589 3648 1643 summi
3674 1589 3823 1644 exitii

2238 1693 2432 1734 nomen
2463 1687 2563 1733 est.
2595 1678 2664 1733 Et
2692 1678 2778 1733 hic
2805 1693 2952 1733 mors
2981 1691 3167 1734 eorum
3191 1680 3314 1734 vllis
3352 1689 3463 1743 est,
3492 1691 3547 1737 et
3581 1690 3824 1737 eontem-

2236 1771 2409 1852 nenda
2440 1789 2454 1826 :
2483 1779 2539 1826 ct
2580 1770 2689 1826 illic
2718 1771 2770 1826 in
2800 1769 3059 1841 supplicio
3087 1778 3324 1826 manent.
3369 1769 3442 1826 Ita
3479 1771 3640 1828 etiam
3678 1774 3823 1828 sole-

2235 1877 2354 1918 mus
2382 1862 2562 1918 dicere
2585 1862 2652 1918 de
2680 1862 2746 1917 iis
2771 1863 2862 1933 qui
2905 1861 3060 1918 facile
3103 1869 3327 1931 pereunt
3357 1877 3371 1915 :
3400 1861 3500 1918 Hic
3539 1861 3684 1918 sicut
3705 1863 3826 1918 ovis

2236 1953 2444 2009 occisus
2470 1961 2570 2009 est.
2602 1953 2736 2021 Quia
2764 1952 2907 2008 enim
2943 1953 3080 2008 sicut
3107 1952 3256 2007 bruta
3283 1952 3544 2018 vixerunt,
3575 1953 3738 2008 etiam
3764 1964 3826 2010 ut

2236 2045 2388 2100 bruta
2417 2053 2665 2115 pereunt,
2697 2059 2802 2099 non
2829 2043 3086 2100 habentes
3113 2043 3308 2099 bonam
3332 2058 3481 2114 spem
3499 2043 3568 2100 de
3590 2044 3820 2102 futuris:

2237 2151 2338 2193 nec
2362 2138 2464 2192 hoc
2491 2135 2662 2191 solum
2682 2177 2698 2201 ,
2743 2136 2841 2192 sed
2868 2137 3028 2192 etiam
3060 2149 3254 2208 magno
3281 2147 3466 2192 eorum
3489 2135 3650 2192 malo.
3678 2137 3824 2192 Mors

2237 2229 2470 2297 deposcet
2495 2243 2600 2282 eos.

2311 2318 2490 2374 Perire
2511 2319 2734 2374 animam
2756 2317 2897 2391 quid.
2938 2317 3220 2372 Avarorum
3243 2317 3460 2389 punitio.
3482 2345 3556 2359 -
3573 2316 3672 2373 llic
3695 2317 3823 2374 mihi

2237 2411 2447 2470 videtur
2475 2420 2700 2466 mortem
2728 2411 2908 2465 dicere
2933 2407 3203 2464 interitum
3231 2409 3320 2480 qui
3351 2409 3459 2465 illic
3481 2418 3583 2475 est,
3614 2419 3670 2465 et
3693 2425 3823 2480 sup-

2240 2504 2478 2574 plicium,
2505 2501 2956 2574 quemadmodum
2979 2503 3139 2557 etiam
3162 2503 3286 2557 alibi
3311 2503 3442 2559 dicit
3470 2521 3484 2557 :
3507 2503 3692 2559 Anima
3714 2519 3826 2575 qua:

2241 2605 2446 2668 peccat,
2475 2596 2588 2667 ipsa
2617 2596 2797 2664 peribit
2821 2593 2840 2666 (
2861 2593 3045 2648 Ezech.
3071 2592 3159 2649 18.
3185 2593 3292 2664 20)
3320 2613 3334 2649 :
3366 2607 3473 2650 non
3499 2605 3700 2650 natura:
3727 2609 3822 2651 ex-

2240 2687 2579 2743 stinctionem
2602 2727 2618 2752 ,
2658 2685 2754 2742 sed
2783 2700 2997 2756 pinnam
3023 2685 3346 2756 significans.
3380 2685 3624 2742 Persistit
3647 2697 3825 2742 autem

2242 2779 2297 2834 in
2325 2777 2654 2849 metaphora.
2684 2777 2946 2845 Quoniam
2975 2777 3119 2833 enim
3147 2775 3282 2832 dixit
3307 2791 3453 2844 oves,
3485 2791 3669 2834 eorum
3694 2792 3826 2848 quo-

2241 2887 2348 2942 que
2375 2879 2644 2942 pastorem
2673 2869 2928 2925 ostendit.
2969 2868 3101 2938 Quis
3128 2879 3306 2924 autem
3337 2867 3425 2923 hic
3463 2867 3591 2923 est?
3618 2866 3825 2924 νει·ιηίε

2239 2971 2572 3029 venenatus,
2616 2962 2852 3018 tenebrat
2896 2974 3185 3033 numquam
3244 2969 3572 3028 cessatum,
3620 2958 3825 3016 vincula

2239 3069 2361 3124 quae
2389 3053 2524 3108 solvi
2553 3062 2860 3123 nequeunt,
2893 3053 3092 3110 stridor
3127 3053 3387 3110 dentium.
3419 3051 3550 3108 Vide
3577 3065 3706 3124 ergo
3731 3067 3825 3109 eos

2242 3143 2474 3215 undique
2497 3145 2691 3215 puniri.
2721 3143 2778 3199 in
2801 3143 2929 3211 vita,
2950 3145 3199 3216 quoniam
3223 3145 3304 3200 eis
3325 3143 3394 3198 ad
3421 3145 3670 3199 virtutem
3695 3143 3826 3198 alla-

2241 3244 2353 3291 tum
2383 3243 2468 3292 est
2495 3235 2932 3306 impedimentum
2954 3277 2970 3303 ,
3001 3235 3253 3306 quoniam
3281 3234 3391 3290 vitii
3417 3235 3558 3290 servi
3587 3245 3640 3290 et
3669 3247 3824 3290 man-

2238 3329 2378 3400 cipia
2407 3327 2528 3383 facti
2557 3339 2702 3394 sunt,
2726 3338 2780 3384 et
2804 3341 3254 3398 supervacaneum
3274 3327 3660 3398 ridiculumque
3687 3327 3835 3383 labo—

2238 3436 2352 3477 rem
2374 3431 2756 3492 susceperunt;
2787 3423 2840 3476 in
2862 3430 3054 3486 morte,
3077 3422 3328 3491 quoniam
3350 3420 3448 3475 fuit
3473 3435 3621 3476 mors
3640 3433 3824 3476 eorum

2239 3514 2475 3584 vulgaris
2509 3523 2566 3569 et
2602 3514 2864 3584 ingloria;
2911 3514 2964 3568 in
2998 3522 3237 3583 tempore
3277 3521 3506 3568 tnortem
3547 3521 3822 3582 sequente.

2240 3604 2488 3676 quoniam
2515 3615 2801 3676 perpetuus
2821 3617 2916 3660 eos
2939 3613 3086 3660 tenet
3109 3603 3373 3659 interitus.
3404 3602 3472 3657 Et
3495 3603 3828 3657 dominabun-

2239 3707 2324 3750 tur
2345 3711 2518 3750 eorum
2535 3697 2668 3767 justi
2687 3697 2742 3748 in
2763 3695 3026 3750 matutine.
3050 3695 3312 3762 Quoniam
3340 3695 3488 3750 multi
3512 3695 3824 3759 crassiores,
3903 3757 3924 3767 _

2243 3795 2297 3842 ct
2325 3799 2432 3842 non
2461 3786 2580 3856 plus
2619 3800 2784 3842 sensu
2813 3785 3018 3856 praediti
3048 3801 3208 3856 quam
3229 3785 3469 3856 lapides,
3499 3797 3604 3840 non
3633 3785 3829 3840 habent

2241 3886 2442 3933 certam
2469 3887 2526 3934 et
2555 3877 2751 3932 claram
2793 3891 2944 3948 spem
2971 3877 3038 3933 de
3076 3877 3268 3932 futuris
3287 3917 3301 3942 ,
3333 3876 3429 3932 sed
3468 3877 3534 3932 iis
3557 3891 3676 3947 quae
3703 3887 3824 3931 sunt

2243 3971 2525 4042 prtesentia
2551 4011 2566 4037 ,
2600 3978 2655 4026 et
2677 3981 2799 4040 qua:
2827 3970 3074 4026 videntur
3099 3969 3342 4036 inhiant,
3375 3983 3470 4024 eos
3497 3968 3829 4038 aenigmatice

2245 4063 2429 4135 tangit.
2454 4063 2655 4119 Deinde
2673 4077 2792 4118 cum
2815 4063 2996 4134 paucis
3016 4061 3190 4118 futura
3211 4063 3438 4118 obscure
3454 4061 3822 4132 signiﬁcasset,

2241 4155 2452 4212 confert
2493 4170 2680 4212 rursus
2721 4157 3017 4212 orationem
3059 4155 3127 4209 ad
3155 4163 3517 4233 contemptum
3562 4167 3745 4209 eorum
3775 4165 3829 4208 et

2243 4263 2456 4320 poenam
2481 4248 2536 4304 in
2564 4249 2670 4304 vita
2706 4247 2956 4319 praesenti
2974 4287 2989 4314 ,
3022 4245 3310 4303 ostendens
3336 4259 3495 4317 quam
3521 4246 3628 4300 sint
3657 4244 3828 4301 imbe-

2242 4339 2350 4395 cilli
2373 4381 2388 4407 ,
2417 4340 2587 4405 viles,
2627 4337 3037 4406 contemnendi,
3067 4347 3120 4394 et
3150 4337 3291 4408 quod
3329 4335 3453 4392 licet
3493 4337 3602 4391 sint
3637 4335 3831 4391 millies

2243 4431 2456 4497 divites,
2483 4439 2538 4486 et
2563 4443 2753 4501 magna
2778 4431 2885 4486 sint
2903 4431 3159 4486 succincti
3186 4430 3444 4500 potentia,
3470 4429 3538 4486 ab
3561 4431 3627 4484 iis
3651 4439 3828 4485 tamen

2243 4525 2332 4594 qui
2361 4523 2610 4578 virtutem
2639 4529 2931 4589 exercent,
2960 4521 3224 4578 habentur
3253 4536 3348 4591 pro
3376 4522 3547 4577 servis
3594 4529 3650 4576 et
3673 4537 3830 4576 man-

2245 4616 2418 4686 cipiis.
2448 4615 2574 4671 Ideo
2595 4615 2728 4672 dicit
2747 4657 2762 4682 ,
2796 4613 3202 4668 Dominabuntur
3229 4627 3400 4668 eorum
3417 4615 3551 4686 justi
3577 4615 3629 4668 in
3657 4623 3827 4668 matu-

2247 4709 2352 4762 tino
2379 4724 2398 4761 :
2424 4707 2526 4763 hoc
2572 4715 2686 4774 est,
2719 4707 3000 4775 celeriter,
3039 4707 3327 4773 continuo,
3359 4713 3412 4762 et
3450 4721 3550 4762 nec
3590 4715 3828 4776 tempore

2245 4799 2462 4870 quidem
2487 4809 2623 4869 Opus
2647 4797 2950 4863 habebunt,
2979 4811 3078 4852 nec
3103 4797 3317 4861 labore,
3346 4807 3446 4853 nec
3474 4807 3645 4852 mora.
3685 4796 3832 4852 Talis

2246 4899 2332 4946 est
2375 4890 2518 4946 enim
2569 4905 2751 4946 rerum
2799 4899 3021 4953 natura,
3069 4896 3124 4943 ut
3162 4888 3344 4943 vitium
3385 4887 3564 4942 virtuti
3609 4885 3828 4951 serviat,

2247 4995 2474 5052 eamque
2517 4979 2766 5036 formidet
2801 4993 2864 5036 ac
2892 4979 3266 5050 pertimescat,
3296 4977 3422 5034 licet
3457 4977 3587 5032 illud
3615 4975 3830 5048 quidem

2247 5076 2320 5130 sit
2349 5074 2470 5130 fuco
2496 5082 2552 5129 et
2580 5073 2866 5144 pigmentis
2895 5072 3192 5128 innumeris
3218 5072 3488 5127 obtectum
3515 5083 3532 5127 :
3562 5070 3678 5126 haec
3703 5083 3832 5124 vero

2244 5165 2387 5220 nuda
2409 5205 2424 5230 ,
2465 5173 2520 5221 et
2559 5177 2656 5235 per
2683 5163 2911 5234 seipsam
2939 5163 3241 5218 decertans.
3281 5161 3442 5232 Atqui
3467 5170 3652 5218 contra
3678 5159 3833 5216 vidc-

2249 5271 2369 5311 mus
2405 5256 2576 5311 malos
2617 5255 2859 5312 obtinere
2898 5255 3228 5311 dominatum
3273 5254 3328 5308 in
3375 5253 3566 5309 bonos.
3615 5251 3721 5308 Sed
3766 5268 3836 5308 ne

2249 5347 2648 5405 consideremus
2691 5362 2927 5404 errorem
2970 5350 3248 5405 sententia:
3276 5347 3417 5419 vulgi
3457 5365 3472 5404 :
3517 5347 3563 5404 is
3591 5347 3734 5403 enim
3759 5362 3834 5402 ex

2251 5439 2380 5496 falsa
2407 5439 2658 5511 opinione
2686 5440 2890 5507 oritur;
2931 5441 3025 5496 sed
3050 5449 3197 5497 recto
3222 5455 3310 5497 res
3333 5439 3534 5510 judicio
3559 5439 3835 5495 discerna-

2253 5549 2371 5587 mus
2392 5575 2406 5598 ,
2435 5543 2489 5586 et
2515 5532 2724 5588 videbis
2763 5533 2814 5588 in
2843 5533 2986 5604 quod
3025 5533 3149 5589 dico
3174 5548 3297 5589 esse
3331 5533 3710 5589 certissimum.
3753 5530 3837 5588 Sit

2254 5626 2393 5679 enim
2424 5625 2618 5694 aliquis
2657 5625 2828 5679 malus
2863 5624 3147 5692 dominus,
3179 5634 3233 5680 et
3258 5624 3430 5680 bonus
3465 5637 3687 5691 servus;
3728 5625 3835 5691 vel,

2254 5717 2298 5772 si
2328 5718 2520 5781 mavis,
2541 5715 2610 5772 ad
2637 5716 2781 5772 aliud
2803 5716 2976 5786 majus
3001 5717 3177 5787 potius
3200 5716 3502 5787 exemplum
3529 5732 3642 5772 rem
3669 5715 3836 5772 dedu-

2257 5827 2458 5869 camus.
2491 5811 2569 5868 Sit
2605 5825 2698 5866 rex
2727 5810 2896 5866 malus
2919 5849 2936 5878 ,
2965 5818 3020 5866 ct
3057 5810 3292 5879 privatus
3321 5810 3524 5878 bonus,
3556 5809 3834 5866 videamus
