4112 6208
368 387 474 442 235

364 501 504 556 ὀδόν.
553 497 810 562 Ἑαυτοὺς
879 499 1194 569 δεσμοῦσιν,
1251 499 1479 564 ἑαυτοὺς
1533 501 1942 572 αυμποδίζουσι.

365 581 479 639 Kal
516 583 665 652 μετὰ
702 581 891 636 ταῦτα
926 581 998 635 ἐν
1036 580 1117 646 τῷ
1143 583 1396 652 στόματι
1429 581 1580 655 [ει-ιι
1625 583 1822 637 αὐτῶν
1851 585 1952 636 εὑ-

309 707 314 709 -
366 663 725 732 δοκήσουσι.
770 665 844 718 Τὸ
891 663 1298 735 χαλεπώτατον,
1345 667 1439 720 καὶ
1480 665 1589 718 τῶν
1626 665 1826 720 λοιπῶν
1859 664 1950 717 αἴ-

365 767 481 804 τιον
509 747 616 802 τῶν
649 748 858 810 κακῶν,
895 749 1056 802 τοῦτό
1091 749 1260 812 ἐστιν,
1294 749 1430 820 ὅπερ
1474 748 1716 820 εἴρηκεν.
1745 749 1807 802 Οί
1839 747 1948 817 γὰρ

367 830 592 886 τοιαῦτα
629 830 1056 902 ἁμαρτάνοντες,
1094 834 1188 885 καὶ
1237 831 1684 903 πλημμελοῦντες
1729 833 1826 886 καὶ
1857 829 1951 892 0³5⁸

369 932 478 978 τως
506 914 912 984 ἀνοηταίνοντες
937 955 951 980 ,
986 913 1377 986 μακαρίζουσιν
1409 917 1657 980 ἑαυτοὺς,
1697 917 1792 969 καὶ
1821 916 1954 970 θαυ-

373 994 626 1066 μάζουσι,
653 995 745 1049 καὶ
777 994 1049 1068 ζηλωτοὺς
1081 999 1309 1062 ἑαυτοὺς
1342 993 1481 1052 εἷναί
1516 1015 1672 1069 φασι,
1699 999 1794 1051 καὶ
1823 998 1954 1069 ἀρέι

373 1095 593 1132 σκονται
625 1081 736 1142 τοῖς
770 1081 1166 1151 πραττομένοις
1191 1099 1208 1112 ο
1253 1082 1424 1136 κακία
1469 1081 1526 1134 δὲ
1577 1081 1950 1152 ἐπαινουμένη

370 1160 466 1213 καὶ
504 1162 632 1231 παρ’
669 1160 846 1213 αὐτῶν
884 1161 993 1216 τῶν
1033 1162 1420 1235 ἐργαζομένων
1464 1165 1718 1234 ἐννόησον
1757 1162 1955 1234 ἡλίκην

372 1242 636 1313 λαμϐάνει
684 1243 784 1314 τῆς
846 1248 1088 1316 πονηρᾶς
1141 1246 1438 1316 ἐπιθυμίας
1505 1247 1844 1319 προσθήκην.
1897 1246 1957 1298 Εί

373 1325 482 1396 γὰρ
509 1324 857 1398 κακιζομένη,
902 1329 949 1381 εἰ
983 1331 1091 1400 γὰρ
1119 1329 1476 1400 ὑϐριζομένη,
1513 1332 1560 1382 εἰ
1601 1327 1711 1400 γὰρ
1739 1328 1958 1398 ἐλεγχο·

379 1405 536 1475 μένη,
562 1409 611 1460 τί
639 1407 747 1478 γὰρ
789 1409 895 1462 ὑπὸ
933 1411 1028 1464 τοῦ
1066 1412 1412 1476 συνειδότος·
1447 1411 1558 1466 τῶν
1605 1411 1957 1482 ὁπωσδήποτε

377 1489 654 1558 νηφόντων
711 1495 1118 1564 μαστιγουμένη
1141 1534 1156 1558 ,
1226 1494 1512 1565 ξαινομένη
1539 1533 1554 1557 ,
1619 1493 1958 1563 μισουμένη,

375 1571 546 1637 ι-ῦτως
597 1574 970 1644 ἀναισχύντως
1033 1578 1220 1642 ἀνθεῖ,
1275 1578 1370 1632 καὶ
1417 1577 1534 1630 καθ
1583 1577 1816 1647 εκάστην
1861 1574 1958 1630 αῦ-

376 1653 525 1720 ξεται
569 1655 670 1727 τὴν
735 1655 981 1729 ἡμέραν·
1035 1660 1166 1713 ὅταν
1215 1659 1289 1730 μὴ
1352 1659 1512 1731 μόνον
1554 1659 1624 1713 τὰ
1676 1657 1958 1714 κωλύοντα

375 1736 543 1808 αὐτὴν
583 1739 658 1811 μὴ
710 1739 779 1814 ᾖ,
821 1735 932 1793 οἷον
978 1743 1008 1812 ή
1053 1742 1381 1813 κατηγορία,
1433 1741 1526 1796 τοῦ
1592 1740 1886 1806 συνειδότος
1928 1758 1957 1794 ο

372 1816 612 1889 ἔλεγχος,
653 1820 716 1873 τὸ
746 1821 1208 1892 ἐπιλαμϐάνεσθαι
1241 1823 1348 1877 τῶν
1393 1823 1714 1895 γινομένων,
1747 1823 1809 1876 τὺ
1857 1840 1953 1895 με·

369 1904 576 1954 τανοείν
624 1903 683 1956 ἐν
727 1907 842 1969 τοῖς
895 1906 1320 1977 πραττομένοις,
1361 1907 1418 1961 τὸ
1474 1905 1863 1970 καταδύεσθαι,
1894 1905 1959 1960 τὸ

368 1981 834 2049 ἐγκαλύπτεσθαι,
887 1988 948 2042 τὸ
1004 1988 1230 2052 στένειν,
1261 1989 1322 2042 τὸ
1367 1989 1603 2061 θρηνεῖν,
1654 1988 1791 2043 ἀλλὰ
1837 1989 1960 2043 τοῦ-

369 2065 578 2118 ναντίον
609 2066 776 2132 ἅπαν,
824 2070 920 2122 καὶ
951 2071 1248 2124 ἐπαινῶσιν
1293 2073 1518 2134 ἐαυτοῦς
1549 2074 1598 2125 οἱ
1647 2070 1957 2142 ἐργαζόμε-

367 2162 471 2210 νοι,
513 2149 605 2202 καὶ
658 2150 913 2222 ἐγκώμια
953 2153 1160 2207 ἐαυτῶν
1193 2155 1481 2224 ὑφαίνωσι,
1515 2157 1610 2208 καὶ
1647 2155 1754 2208 τῶν
1783 2155 1958 2208 ἀλλων

372 2227 611 2297 βελτίους
648 2234 791 2287 κατά
827 2233 987 2286 τοῦτο
1029 2233 1162 2289 αὐτὸ
1198 2230 1340 2290 εἶναι
1377 2235 1658 2308 νομίζωσι,
1691 2237 1785 2290 καὶ
1820 2239 1959 2306 μττά

368 2312 430 2365 τὸ
457 2313 666 2381 πρᾶξαι
703 2315 976 2369 ἐπαινῶσι
1001 2317 1072 2371 τὰ
1097 2320 1440 2389 γεγενημένα
1470 2320 1650 2390 (τοῦτο
1675 2319 1786 2390 γάρ
1815 2323 1954 2383 ἐστι,

373 2394 483 2449 Καὶ
515 2398 670 2464 μετὰ
695 2398 883 2452 ταῦτα
919 2399 990 2453 ἐν
1027 2399 1107 2465 τῷ
1156 2404 1408 2469 στόματι
1469 2402 1670 2456 αὐτῶν
1703 2401 1958 2468 εὐδοκή-

375 2478 631 2549 σουσι)·
672 2479 774 2534 ποῦ
821 2482 923 2535 οὐκ
969 2482 1036 2535 ἂν
1077 2483 1434 2552 ἐκτραπεῖενς
1486 2483 1644 2538 Οῦτω
1689 2487 1798 2558 γάρ
1853 2487 1958 2538 εἰσι

379 2561 758 2631 παραπλῆγες,
783 2563 929 2616 οὓτω
974 2564 1398 2634 παραπαίουσιν,
1425 2567 1501 2630 ώς
1543 2569 1639 2621 καὶ
1681 2568 1821 2638 μετά
1859 2567 1956 2638 τὴν

379 2641 662 2714 πλήρωσιν
691 2646 791 2715 τῆς
826 2646 1142 2718 ἐπιθυμίας,
1181 2649 1271 2702 ὅτε
1316 2649 1550 2718 μάλιστα
1581 2649 1822 2721 ὁρῶντας
1860 2651 1960 2721 τὴν

379 2728 728 2797 παρανομίαν
752 2730 1099 2801 αἰσχύνεσθαι
1125 2731 1255 2794 ἔδει,
1287 2733 1636 2804 γαυροῦνται,
1664 2733 1957 2805 κορυφοῦν-

375 2823 495 2870 ται,
544 2808 868 2879 ἀρέσκονται
918 2811 995 2882 τῷ
1050 2815 1424 2885 γεγενημένῳ.
1475 2815 1725 2868 Τοιοῦτον
1777 2817 1884 2887 γὰρ
1927 2818 1961 2877 ἡ

375 2888 620 2962 ἁμαρτία
639 2903 653 2918 ⁸
684 2893 790 2962 πρὸ
820 2894 919 2964 μὲν
949 2893 1043 2947 τοῦ
1079 2897 1409 2968 πραχθῆναι,
1442 2898 1726 2961 συσκιάζει
1756 2900 1956 2969 ἑαυτῆς

373 2972 435 3024 τὸ
462 2971 718 3043 εἰδεχθὲς,
751 2978 814 3046 τῇ
858 2975 996 3048 μέθῃ
1027 2977 1128 3048 τῆς
1164 2978 1360 3050 ἡδονῆς
1401 2981 1825 3052 περιστέλλουσα
1860 2984 1958 3035 αύ-

373 3054 475 3126 τῆς
513 3056 574 3108 τὸ
631 3057 912 3129 βδελυρόν·
961 3061 1182 3114 ἐπειδάν
1224 3061 1282 3116 δὲ
1330 3064 1584 3136 πραχθῇ,
1632 3064 1727 3118 καὶ
1773 3066 1806 3137 ἡ
1857 3065 1958 3136 μὲν

374 3139 534 3212 ήδονὴ
564 3140 666 3210 τῆς
699 3143 994 3213 ἐπιθυμίας
1034 3145 1177 3198 κατά
1212 3147 1407 3218 μικρὸν
1450 3149 1801 3220 ἀναχωρήσῃ,
1830 3151 1863 3220 ή
1901 3148 1956 3202 δὲ

376 3222 469 3276 τοῦ
513 3225 814 3288 συνειδότος
864 3229 1168 3298 κατηγορία
1213 3229 1438 3302 ἐπέλθῃ,
1485 3232 1725 3300 γυμνοὺς
1763 3230 1958 3302 μαστί-

379 3303 548 3368 ζουσα
577 3309 700 3370 τοὺς
732 3309 1053 3380 λογισμοὺς,
1082 3312 1204 3364 τότε
1241 3312 1476 3382 μάλιστα
1507 3314 1754 3383 φαίνεται
1785 3315 1957 3384 αὐτῆς

376 3387 440 3441 τὸ
464 3385 726 3460 βλαϐερόν
749 3391 797 3444 ιι.
824 3388 980 3447 Οὗτοι
1007 3394 1063 3446 δὲ
1092 3396 1212 3448 οὐδὲ
1239 3397 1376 3466 μετά
1401 3397 1463 3450 τὸ
1498 3397 1814 3469 πληρῶσαι,
1841 3399 1954 3452 ἀλλ’

377 3471 508 3525 ὅταν
557 3471 707 3526 τδωσι
763 3475 852 3527 τὸν
905 3475 1132 3530 πλοῦτον
1183 3477 1532 3546 όγκωθέντα,
1580 3481 1708 3544 τοὺς
1752 3481 1956 3551 τάφους

379 3555 800 3626 ἐγηγερμένους,
822 3557 918 3621 τάς
943 3559 1174 3629 ματαίας
1199 3561 1487 3634 οἰκοδομὰς
1516 3565 1952 3636 ἀπηρτισμένας,

377 3638 492 3690 δέον
523 3640 644 3692 τότε
671 3641 801 3708 γοῦν
837 3646 1203 3714 κατανυγῆναι
1241 3648 1337 3699 καὶ
1382 3646 1657 3713 στενάξαι,
1691 3652 1740 3701 οἰ
1774 3650 1831 3702 δὲ
1864 3654 1956 3705 καὶ

383 3722 521 3790 μετά
571 3723 764 3791 ταῦτα,
806 3726 947 3796 μετά
991 3726 1052 3779 τὸ
1087 3728 1268 3799 ἔργον,
1321 3731 1461 3800 μετά
1498 3731 1597 3801 τὴν
1649 3732 1952 3804 πλήρωσιν,

377 3805 497 3888 τότε
545 3806 624 3860 ἐτι
659 3809 923 3879 μειζόνως
950 3812 1216 3864 νοσοῦσιν.
1259 3813 1413 3866 Ἐπεὶ
1456 3811 1548 3868 οὖν
1581 3816 1651 3869 τὰ
1693 3819 1826 3888 παρ’
1855 3820 1956 3873 αὐ·

381 3886 488 3941 τῶν
517 3889 743 3961 οίχεται,
771 3892 964 3945 ἕπεται
997 3893 1184 3948 λοιπὸν
1213 3895 1281 3947 τά
1313 3896 1466 3966 παρά
1498 3897 1592 3951 τοῦ
1621 3899 1777 3953 Θεοῦ.

457 3970 744 4047 θ’.”Ωσπερ
799 3976 908 4048 γάρ
938 3978 988 4029 οί
1020 3978 1439 4048 κατακρίνοντες
1496 3983 1718 4045 ἑαυτοὺς
1759 3984 1842 4052 ἐφ’
1877 3977 1959 4048 οἷς

387 4054 779 4138 ἁμαρτάνουσι,
798 4059 1270 4130 προλαμϐάνοντες
1289 4061 1677 4132 ἀποκρούονται
1694 4064 1791 4135 τὴν
1811 4069 1960 4138 παρά

389 4137 482 4190 τοῦ
512 4139 646 4194 Θεοῦ
674 4141 870 4212 ψῆφον,
903 4144 1154 4215 καθάπερ
1183 4145 1276 4197 καὶ
1304 4144 1514 4209 Παῦλός
1545 4163 1733 4216 φησιν·
1756 4152 1824 4202 Εἰ
1848 4137 1960 4218 γὰρ

387 4219 637 4290 ἑαυτοὺς
670 4225 1006 4298 ἐκρίνομεν,
1037 4229 1148 4281 οὐκ
1193 4225 1269 4281 ἂν
1295 4227 1673 4296 ἐκρινόμεθαο
1705 4229 1876 4296 οὕτως
1913 4235 1961 4285 οἰ

382 4305 657 4370 νοσοῦντες
684 4310 1050 4382 ἀμετανόητα,
1081 4311 1174 4364 καὶ
1214 4310 1638 4382 ἁμαρτάνοντες,
1677 4313 1753 4384 μὴ
1797 4331 1964 4367 κατα·

382 4389 738 4460 γινώσκοντες
771 4394 827 4446 δὲ
852 4387 926 4450 ὧν
967 4393 1423 4466 ἐπλημμέλησαν,
1458 4396 1597 4466 μετά
1639 4397 1839 4468 πολλῆς
1865 4399 1964 4469 τῆς

387 4473 743 4546 σφοδρότητος
777 4479 1120 4534 ἐπισπῶνται
1160 4479 1258 4550 τὴν
1291 4478 1442 4551 παρὰ
1484 4480 1578 4534 τοῦ
1605 4481 1740 4535 Θεοῦ
1786 4501 1960 4554 τιμω-

385 4556 505 4640 ρίαν
535 4559 768 4624 ἐαυτοῖς.
806 4561 959 4615 Ἐπεὶ
998 4557 1090 4616 οὖν
1122 4565 1215 4618 καὶ
1247 4557 1390 4617 οὗτοι
1417 4561 1452 4634 ἢ
1481 4563 1550 4617 τὰ
1580 4563 1836 4638 ἀλλότρια
1867 4568 1964 4640 ἀρ-

384 4639 668 4707 πάῖοντες,
700 4644 733 4715 ἢ
763 4644 833 4698 τὰ
863 4648 1038 4699 οἰκεῖα
1073 4646 1250 4717 μάτην
1291 4648 1382 4700 καὶ
1427 4647 1549 4719 εἰκῆ
1593 4639 1958 4714 δαπανῶντες,

385 4726 528 4798 ἅπερ
561 4728 640 4792 εἰς
667 4729 907 4801 πένητας
935 4731 1245 4784 ἀναλίσκειν
1271 4730 1460 4803 ἐχρῆν,
1487 4734 1568 4798 εἰς
1603 4733 1829 4803 τάφους,
1866 4735 1961 4789 καὶ

387 4811 694 4881 σκώληκας,
731 4817 824 4868 καὶ
860 4815 1027 4886 σῆτας
1054 4815 1352 4882 δαπανῶσι,
1387 4817 1480 4870 καὶ
1508 4816 1568 4869 οὐ
1612 4817 1961 4889 μετανοοῦσιν

385 4894 477 4947 ἐπὶ
500 4895 608 4949 τῶν
631 4900 1013 4970 γεγενημένων
1039 4909 1086 4965 ε,
1117 4898 1254 4954 ἀλλά
1279 4898 1472 4952 ἀνίατα
1504 4899 1723 4971 μένουσι
1750 4901 1963 4956 νοσοῦν-

385 5003 494 5051 τες,
523 4989 752 5045 ᾰκουσον
793 4993 845 5046 τί
885 4995 1089 5062 γίνεται
1129 4993 1334 5047 λοιπόν.
1368 4993 1433 5046 Τί
1473 4993 1536 5065 δὴ
1579 4991 1673 5048 οὖν
1715 4996 1958 5064 γίνεται;

387 5069 636 5144 Τιμωρίξι
661 5078 726 5147 τῇ
762 5078 912 5148 παρά
949 5077 1042 5131 τοῦ
1069 5078 1204 5132 Θεοῦ
1244 5077 1502 5131 δίδονταιο
1532 5077 1612 5130 διὸ
1647 5079 1957 5150 ἐπήγαγεν·

389 5154 539 5228 [218]
580 5156 676 5226 Ὠς
713 5160 975 5227 πρόϐατα
1009 5161 1079 5215 ἐν
1118 5161 1232 5230 ᾄδῃ
1273 5160 1509 5216 ἔθεντοο
1545 5159 1800 5228 θάνατος
1832 5180 1964 5217 ποι-

387 5240 566 5308 μανεῖ
590 5244 838 5309 αὐτούς·
870 5244 932 5296 οὐ
963 5244 1024 5297 τὸ
1063 5244 1270 5316 ἥμερον
1304 5244 1538 5298 ἐνταῦθα
1572 5245 1660 5298 διά
1696 5247 1962 5316 ὀνόματος

387 5333 496 5384 τῶν
539 5333 824 5405 προϐάτων
871 5335 1044 5408 δηλῶν
1087 5335 1159 5405 (τί
1191 5335 1299 5409 γὰρ
1352 5336 1577 5391 ἐκείνων
1624 5337 1962 5411 ἀγριώτερον

387 5415 582 5483 γένοιτ’
633 5417 720 5483 ἂν,
771 5417 879 5472 τῶν
935 5417 1297 5489 παρορώντων
1353 5419 1454 5489 μέν
1495 5420 1677 5491 γυμνὰ
1734 5420 1962 5494 σώματα

385 5501 654 5570 πενήτων,
693 5503 788 5557 καὶ
833 5502 1107 5574 γαστέρας
1151 5505 1455 5575 τηκομένας
1487 5504 1650 5577 λιμῷ,
1689 5507 1962 5562 καλλωπι-

446 5679 470 5740 f
501 5675 582 5726 Sic
605 5689 719 5726 mss.
742 5682 796 5726 et
813 5676 966 5726 Savil.
991 5675 1162 5728 Morel.
1187 5678 1283 5727 ἀπὸ
1309 5676 1396 5727 τοῦ
1429 5681 1712 5740 συνειδότος.

447 5735 480 5775 ι’
501 5740 650 5788 Savil.
677 5746 731 5788 et
756 5740 838 5788 alii
859 5740 914 5788 τὸ
944 5741 1185 5803 βδελυρόν.

451 5809 475 5839 ε
511 5803 658 5852 Sam.
683 5806 736 5851 el.
763 5815 888 5852 unus
909 5804 1016 5854 cod.
1053 5803 1126 5853 ἐπὶ
1145 5803 1240 5860 τοῖς
1263 5805 1600 5866 γεγενημένοις.

1471 379 1850 437 ΕΧΡΟΒΙΤΙΟ
1887 379 1954 436 IN
1992 376 2329 436 PSALMUM
2369 373 2600 432 XLVI“.

3525 374 3638 428 256

2059 498 2261 560 ζόντων
2286 495 2344 549 δι
2381 496 2563 558 οίκους
2593 492 2791 564 φθορᾷ,
2831 492 2928 547 καὶ
2974 489 3240 562 σκώληκι,
3285 493 3376 550 καλ⁵
3413 492 3630 563 σητί;).

2053 580 2190 634 ἀλλὰ
2215 581 2280 634 τὸ
2306 579 2528 634 εὔκολον
2571 576 2750 632 αὐτῶν
2785 576 2884 647 τῆς
2929 575 3242 640 ἀπωλείας,
3269 576 3369 646 τὴν
3417 577 3476 644 ἐξ
3509 577 3633 629 ἐπι-

2054 663 2261 734 δρομῆς
2312 659 2709 731 πανωλεθρίαν,
2754 659 2816 712 τὸ
2868 657 3194 729 εὐχείρωτον
3237 660 3350 722 τοῖς
3408 657 3630 712 ἐπιϐου-

2053 745 2322 799 λεύουσιν.
2357 745 2520 799 Οὐδὲν
2551 744 2659 814 γὰρ
2705 741 3088 814 ἀσθενέστερον
3131 738 3420 812 ἀνθρώπου
3465 740 3636 814 κακίᾳ.

2059 829 2348 894 συζῶντας.
2376 829 2554 902 Ὅπερ
2591 827 2684 880 καὶ
2719 819 2867 880 οὗτοι
2895 826 3168 880 πείσονται
3189 840 3202 852 ⁸
3235 823 3329 878 καὶ
3356 823 3499 876 οὕτω
3529 841 3632 878 κα-

2059 921 2481 991 τακοπήσονται,
2507 917 2676 981 οὕτως
2709 916 3032 970 ἀπολοῦνται
3086 915 3277 987 ἄρδην,
3307 916 3399 970 καὶ
3433 915 3512 977 εἰς
3543 913 3636 968 τὸν

2061 1002 2195 1076 ᾅδην
2228 1001 2614 1056 ἀπελεύσονται
2647 1001 2865 1072 ῥᾳδίως,
2892 999 3146 1061 εὐκόλως,
3176 999 3472 1068 συντόμως,
3500 997 3634 1050 ἀπο-

2060 1087 2204 1156 νητὶ,
2227 1084 2426 1138 ὡσανεὶ
2446 1083 2693 1153 πρόϐατα
2712 1081 3182 1152 κατακοπτόμενα.
3197 1079 3363 1132 Τοῦτο
3384 1079 3634 1142 θάνατος,

2067 1168 2266 1240 μᾶλλον
2291 1167 2347 1221 δέ
2370 1170 2600 1239 πρᾶγμα
2635 1166 2864 1220 θανάτου
2897 1165 3028 1218 πολὺ
3055 1162 3457 1235 χαλεπώτερον.
3481 1162 3636 1217 Μετά

2062 1251 2170 1322 γὰρ
2185 1251 2283 1322 τὴν
2303 1251 2561 1319 τοιαύτην
2581 1249 2833 1320 τελευτὴν
2854 1247 3116 1311 ἀθάνατος
3132 1247 3326 1310 αὐτοῦς
3340 1245 3636 1312 διαδέξεται

2063 1333 2308 1401 θάνατος,
2324 1334 2412 1387 διὰ
2439 1334 2596 1386 τοῦτο
2611 1329 2844 1402 οὐδαμοῦ
2869 1332 2948 1392 εἰς
2974 1330 3210 1392 κόλπους
3236 1329 3638 1400 Ἀϐραάμ,ούδέ

2061 1417 2142 1480 είς
2165 1416 2291 1470 ἀλλο
2318 1416 2514 1488 χωρίον
2539 1414 2816 1484 φαίνονται
2841 1412 3111 1475 ἀπιόντες,
3134 1410 3246 1463 ἀλλ’
3265 1413 3343 1474 είς
3366 1411 3457 1464 τὸν
3485 1409 3637 1481 ᾅδην,

2059 1500 2122 1552 τὸ
2153 1501 2254 1570 τῆς
2291 1498 2580 1570 τιμωρίας,
2625 1496 2686 1551 τδ
2719 1497 2820 1566 τῆς
2853 1496 3148 1559 κολάσεως,
3181 1495 3238 1548 τδ
3270 1494 3370 1564 τῆς
3403 1495 3644 1547 πανωλε-

2063 1585 2220 1654 θρίας
2253 1585 2444 1654 ὄνομα.
2473 1583 2584 1637 Καὶ⁷
2606 1584 2640 1652 ή
2664 1581 2896 1635 ἐνταῦθα
2937 1581 3112 1633 αὐτῶν
3141 1579 3363 1648 τελευτὴ
3397 1577 3640 1649 εὐτελὴς,

2061 1667 2158 1723 καὶ
2205 1667 2696 1739 εὐκαταφρόνητος,
2739 1665 2832 1718 καὶ
2859 1667 2892 1734 ἡ
2925 1665 3044 1716 ἐκεῖ
3090 1661 3335 1734 διατριϐὴ
3369 1661 3642 1727 κολάσεως

2060 1753 2324 1823 γέμουσα.
2370 1750 2528 1806 Οῦτω
2569 1751 2662 1804 καὶ
2696 1752 2830 1821 ἡμῖν
2871 1747 2992 1811 εθος
3024 1748 3206 1816 λέγειν
3245 1747 3507 1818 περὶτῶν
3549 1747 3644 1800 εύ-

2061 1841 2234 1904 κόλως
2279 1838 2698 1909 ἀπολλυμένων*
2741 1839 2833 1901 Ὠς
2868 1835 3136 1906 πρόϐατον
3165 1836 3192 1886 ὁ
3225 1835 3370 1888 δεῖνα
3401 1833 3638 1906 ἐσφάγη.

2075 1923 2294 1990 Ἐπειδὴ
2327 1921 2436 1992 γὰρ
2473 1923 2550 1984 ὼς
2599 1921 2767 1988 ἄλογα
2814 1919 2971 1984 ἔζων,
3023 1918 3119 1971 καὶ
3160 1919 3236 1982 ὡς
3271 1917 3439 1986 ἄλογα
3467 1918 3640 1971 ἀπόλ-

2061 2005 2271 2071 λυνται,
2293 2007 2393 2059 οὐκ
2416 2005 2630 2075 ἔχοντες
2660 2004 2788 2075 περὶ
2816 2004 2928 2057 τῶν
2960 2002 3260 2074 μελλόντων
3292 2000 3482 2054 ἐλπίδα
3507 2017 3643 2072 χρη-

2063 2091 2230 2160 στήνο
2269 2089 2362 2142 καὶ
2390 2089 2451 2141 οὐ
2485 2086 2646 2140 τοῦτο
2683 2088 2863 2158 μόνον,
2907 2085 3022 2140 ἀλλ’
3071 2085 3154 2138 δτι
3187 2084 3282 2137 καὶ
3316 2083 3412 2136 ἐπὶ
3443 2081 3602 2153 κακῷ
3624 2099 3639 2116 ο

2065 2174 2331 2239 Θάνατος
2366 2170 2646 2241 ποιμανεῖ
2667 2170 2909 2236 αὐτούς.

2145 2256 2411 2312 Ἐνταῦθά
2458 2273 2548 2326 μοι
2589 2255 2684 2309 τὸν
2715 2255 2944 2309 θάνατον
2975 2253 3124 2307 δοκεῖ
3165 2251 3366 2320 λέγειν,
3403 2250 3502 2321 τὴν
3533 2251 3646 2306 ἀπ-

2060 2341 2260 2396 ώλειαν
2281 2340 2382 2412 τὴν
2408 2341 2544 2401 ἐκεῖ,
2571 2339 2670 2410 τὴν
2695 2337 2988 2409 τιμωρίαν,
3015 2335 3268 2406 καθάπερ
3288 2336 3382 2388 καὶ
3407 2331 3641 2404 ἀλλαχοῦ

2061 2441 2227 2496 φησιο
2277 2422 2456 2494 Ψυχὴ
2499 2423 2540 2490 ἡ
2589 2421 3045 2492 ἁμαρτάνουσα,
3092 2419 3244 2488 αὕτη
3289 2416 3600 2473 ἀπολεῖται
3619 2431 3640 2448 ⁸

2060 2507 2120 2560 ού
2147 2508 2248 2578 τὴν
2271 2507 2366 2560 τοῦ
2397 2503 2539 2560 εἶναι
2569 2505 2876 2576 ἀναίρεσιν,
2921 2503 3058 2558 ἀλλά
3097 2501 3194 2574 τὴν
3234 2499 3505 2572 τιμωρίαν
3537 2516 3643 2554 παι-

2067 2589 2332 2658 ραδηλῶν.
2383 2589 2494 2643 Καὶ
2545 2590 2791 2658 ἐπιμένει
2830 2591 2898 2659 τῇ
2950 2587 3228 2658 μεταφορᾷ
3277 2585 3374 2656 τῆς
3422 2583 3640 2647 λέξεως.

2075 2670 2292 2742 Ἐπειδὴ
2339 2669 2448 2741 γὰρ
2481 2664 2602 2723 εἷπε
2635 2671 2904 2742 πρόϐατα,
2951 2669 3147 2733 ἔδειξεν
3199 2668 3376 2721 αὐτῶν
3409 2665 3505 2720 καὶ
3549 2665 3648 2726 τὸν,

2064 2753 2430 2823 ποιμένα.Τίς
2459 2752 2515 2804 δέ
2537 2744 2719 2815 οὗτοςς
2749 2752 2805 2805 '0
2837 2749 3102 2819 σκώληξὸ
3131 2747 3430 2812 ἰοϐόλος,τδ
3456 2748 3642 2811 σκότος

2063 2835 2122 2890 τὸ
2161 2834 2536 2906 ἀτελεύτητον,
2562 2833 2632 2887 τὰ
2657 2834 2831 2905 δεσμά
2863 2834 2932 2886 τά
2961 2833 3150 2897 ἄλυτα,
3194 2835 3222 2886 ό
3261 2831 3505 2904 βρυγμὸς
3535 2830 3644 2886 τῶν

2063 2917 2309 2971 ὀδόντων.
2337 2918 2481 2991 ὐρα
2506 2916 2683 2971 τοίνυν
2710 2917 2908 2980 αὐτοὺς
2937 2915 3198 2970 πάντοθεν
3223 2913 3641 2985 κολαζομένους.

2075 3001 2163 3054 Ἐν
2193 3003 2259 3073 τῇ
2295 3001 2429 3070 ζωῇ,
2454 3001 2535 3054 ὅτι
2571 2999 2708 3072 πρὸς
2739 2999 2938 3072 ἀρετὴν
2969 2998 3410 3069 ἐνεποδίσθησαν,
3435 2999 3517 3050 ὅτι
3545 3013 3646 3048 κα-

2060 3084 2184 3148 κίας
2215 3084 2462 3152 ἐγένοντο
2494 3083 2691 3146 δοῦλοι,
2737 3083 2830 3136 καὶ
2862 3079 3216 3152 αἰχμάλωτοι,
3243 3080 3338 3133 καὶ
3386 3078 3642 3150 περιττὸν

2060 3169 2334 3238 ἐπόνησαν
2375 3168 2535 3220 πόνον
2576 3167 2670 3219 καὶ
2714 3165 3147 3234 καταγέλαστονο
3182 3165 3241 3216 ἐν
3283 3165 3350 3236 τῇ
3389 3163 3640 3232 τελευτῇ,

2059 3253 2142 3306 ὅτι
2187 3252 2374 3314 ἁπλῶς
2414 3252 2508 3304 καὶ
2545 3251 2620 3314 ὡς
2665 3250 2853 3320 [τυχεν
2903 3247 3212 3302 ἀπώλοντο·
3255 3249 3314 3301 ἐν
3342 3247 3420 3319 τῷ
3466 3245 3646 3317 καιρῷ

2059 3333 2138 3404 τῷ
2178 3333 2320 3405 μετὰ
2361 3334 2460 3405 τὴν
2491 3333 2770 3404 τελευτὴν,
2797 3334 2880 3386 ὅτι
2910 3332 3203 3395 διαπαντὸς
3249 3331 3358 3384 ὑπὸ
3395 3330 3496 3400 τῆς
3537 3330 3642 3382 ἀπ-

2059 3417 2256 3481 ωλείας
2287 3418 2625 3487 κατέχονται.
2667 3416 2778 3472 Καὶ
2827 3416 3406 3483 κατακυριεύσουσιν
3444 3411 3646 3468 αὐτῶν·

2061 3503 2115 3555 οι
2140 3500 2334 3568 εὐθεῖς
2375 3501 2441 3554 τὸ
2476 3501 2645 3569 πρωΐ.
2691 3498 2906 3570 Ἐπειδὴ
2934 3497 3119 3552 πολλοὶ⁵
3150 3497 3258 3551 τῶν
3300 3495 3639 3567 παχυτέρων,

2061 3585 2156 3638 καὶ
2187 3583 2322 3655 πρὸς
2347 3583 2701 3655 ἀναισθησίαν
2727 3581 2888 3636 λίθων
2913 3581 3312 3652 ἐκϐεϐηκότων,
3337 3581 3436 3634 ούκ
3461 3578 3641 3650 ἔχουσι

2061 3669 2190 3741 περὶ
2229 3669 2336 3721 τῶν
2371 3667 2668 3738 μελλόντων
2701 3666 2893 3720 ἐλπίδα
2937 3666 3106 3737 σαφῆ,
3139 3665 3265 3719 οὔτε
3295 3662 3643 3735 τετρανωμέ-

2059 3769 2177 3822 νην,
2221 3751 2356 3805 ἀλλά
2404 3751 2540 3822 πρὸς
2577 3750 2644 3806 τὰ
2687 3751 2930 3824 παρόντα
2969 3752 3232 3820 κεχήνασι
3265 3750 3358 3804 καὶ
3401 3747 3537 3820 πρὸς
3574 3747 3644 3804 τὰ

2060 3834 2332 3906 ὁρώμενα,
2381 3833 2748 3904 καταπλήττει
2795 3835 2923 3896 τοὺς
2961 3832 3235 3896 τοιούτους
3299 3834 3640 3900 αίνιγματω-

2061 3919 2189 3982 δῶς.
2217 3914 2349 3971 Είτα
2376 3918 2463 3970 διὰ
2509 3918 2757 3987 βραχέων
2783 3916 2810 3956 ά
2855 3917 2922 3969 τὰ
2974 3917 3234 3986 μέλλοντα
3273 3914 3636 3984 αἰνιξάμενος,

2064 4001 2226 4055 πάλιν
2259 4000 2351 4052 ἐπὶ
2384 4000 2483 4069 τὴν
2513 4000 2571 4049 ἐν
2603 3998 2680 4067 τῷ
2723 3999 2949 4068 παρόντι
2999 3998 3098 4068 βίῳ
3141 3998 3430 4068 γινομένην
3460 3993 3640 4048 αὐτῶν

2065 4082 2342 4137 εὐτέλειαν
2367 4082 2461 4134 καὶ
2485 4079 2748 4150 τιμωρίαν
2775 4079 3092 4150 μετατίθησι
3112 4079 3202 4132 τὸν
3225 4079 3402 4148 λόγον,
3427 4077 3639 4138 δεικνὺς

2065 4165 2247 4222 αὐτῶν
2276 4163 2338 4218 τδ
2383 4161 2636 4224 ἀσθενὲς,
2666 4161 2726 4214 τὸ
2774 4160 3008 4225 εὐτελὲς,
3053 4161 3116 4214 τὸ
3145 4161 3639 4230 εὐκαταφρόνητον,

2066 4249 2162 4304 καὶ
2187 4249 2269 4301 ὅτι
2294 4247 2400 4301 κᾶν
2437 4244 2696 4317 μυριάκις
2737 4243 3031 4308 πλουτῶσι,
3067 4244 3170 4297 κᾶν
3199 4241 3513 4298 δυναστείαν
3540 4236 3641 4295 (Im

2069 4330 2554 4404 περιϐεϐλημένοι,
2607 4331 2663 4382 ἐν
2705 4328 2857 4394 τάξει
2905 4327 3108 4381 δούλων
3155 4328 3248 4382 καὶ
3295 4324 3644 4398 ἀνδραπόδων

2068 4420 2179 4480 τοις
2202 4415 2401 4486 ἀρετὴν
2439 4411 2712 4484 μετιοῦσιν
2749 4415 2906 4467 εἰσιν.
2948 4411 3039 4465 Διό
3067 4429 3221 4484 φησι,
3250 4410 3644 4477 Κατακυριιύ-

2069 4515 2291 4556 σουσιν
2315 4496 2515 4554 αὐτῶν
2533 4499 2588 4552 οἰ
2609 4497 2802 4564 εὐθεῐς
2825 4497 2891 4551 τὸ
2918 4497 3088 4564 πρωῒ,
3119 4495 3381 4556 τουτέστι,
3407 4494 3641 4565 ταχέως,

2066 4582 2348 4654 διηνεκῶς,
2381 4582 2476 4636 καὶ
2515 4580 2636 4634 οὐδέ
2685 4580 2877 4652 χρόνου
2927 4581 3245 4651 δεήσονται,
3286 4579 3407 4634 οὐδὲ
3455 4578 3638 4642 πόνου,

2067 4668 2188 4723 οὐδὲ
2223 4665 2534 4738 μελλήσεώς
2562 4683 2724 4730 τινος.
2767 4663 3000 4736 Τοιαύτη
3035 4664 3141 4736 γὰρ
3176 4667 3210 4737 ή
3240 4664 3349 4718 τῶν
3385 4663 3642 4735 πραγμά-

2065 4770 2172 4807 των
2207 4746 2388 4821 φύσις,
2422 4753 2488 4821 τῇ
2519 4749 2688 4822 ἀρετῇ
2719 4748 2816 4820 τὴν
2849 4748 3048 4802 κακίαν
3076 4747 3368 4816 δουλεύειν,
3397 4749 3491 4802 καὶ
3515 4747 3640 4820 τρέφ

2066 4853 2189 4907 μειν
2212 4834 2400 4906 αὐτὴν,
2431 4835 2526 4887 καὶ
2558 4833 2848 4886 δεδοικέναι
2868 4847 2910 4896 ο,
2943 4832 3046 4886 κᾶν
3073 4832 3240 4904 μυρία
3260 4833 3640 4906 ἐπιτρίμματα

2066 4917 2207 4987 αὕτη
2238 4917 2356 4989 Exn,
2388 4917 2482 4970 καὶ
2521 4913 2672 4988 [219]
2710 4915 2906 4978 πολλάς
2938 4914 3035 4979 τὰς
3080 4916 3422 4988 ὑπογραφάς,
3453 4915 3640 4984 ἐκείνη

2066 5003 2124 5056 δὲ
2167 5000 2347 5071 γυμνὴ
2397 4997 2467 5074 ᾗ,
2519 5000 2642 5053 καθ’
2683 5001 2880 5074 ἑαυτὴν
2931 5001 3326 5073 ἀγωνιζομένη.
3373 5000 3487 5056 Καὶ
3531 4997 3639 5068 μὴν

2067 5085 2373 5142 τούναντίον
2397 5083 2633 5154 ὁρῶμεν,
2669 5089 2820 5156 φησὶ,
2864 5085 3082 5150 τούτους
3118 5087 3341 5140 ἐκείνων
3375 5081 3642 5154 κρατοῦν-

2067 5185 2185 5232 τας.
2224 5165 2389 5220 Ἀλλά
2427 5167 2502 5238 μὴ
2531 5167 2592 5220 τὸ
2621 5168 2841 5239 σφάλμα
2872 5169 2972 5239 τῆς
3015 5167 3126 5222 τῶν
3159 5166 3371 5222 πολλῶν
3399 5164 3643 5229 διανοίας

2070 5255 2302 5326 ῐδωμενο
2333 5249 2488 5304 τοῦτο
2517 5250 2624 5324 γὰρ
2675 5252 3097 5324 πεπλανημένης
3149 5247 3473 5319 ὑπολήψεώς
3521 5249 3640 5303 ἐστι

2067 5339 2244 5410 ψῆφος
2263 5354 2276 5368 ·
2310 5336 2424 5391 ἀλλ’
2449 5337 2617 5409 αὐτὴν
2639 5338 2747 5391 τῶν
2772 5337 3114 5408 πραγμάτων
3135 5335 3236 5405 τὴν
3261 5333 3428 5404 ὀρθὴν
3459 5332 3640 5405 κρίσιν

2068 5422 2552 5492 διευκρινήσωμεν,
2590 5423 2682 5476 καὶ
2714 5421 2834 5491 ὄψει
2881 5419 3070 5474 τοῦτον
3099 5418 3400 5490 κρατοῦντα
3431 5418 3522 5473 τὸν
3551 5417 3639 5474 λό-

2069 5523 2184 5574 γον.
2217 5506 2399 5559 Ἔστω
2427 5505 2534 5578 γάρ
2575 5523 2659 5569 τις
2701 5504 2931 5576 πονηρὸς
2957 5501 3255 5574 δεσπότης,
3296 5502 3390 5556 καὶ
3422 5503 3639 5576 οἰκέτης

2132 5674 2156 5713 d
2187 5675 2266 5726 Sic
2290 5689 2403 5726 mss.
2430 5681 2478 5725 et
2505 5676 2675 5730 Sa\'il..
2698 5673 2867 5723 Morel.
2898 5688 3014 5724 vero
3039 5673 3119 5722 καὶ
3149 5674 3231 5737 διά-
3251 5673 3484 5737 βραχέων.

2137 5757 2160 5786 α
2189 5740 2305 5802 Post.
2343 5739 2602 5786 δεδοικέναι
2633 5737 2792 5802 ,Μοτρι
2839 5737 2972 5791 addit
3001 5735 3504 5802 319501101009.un
3544 5747 3641 5787 νον

2071 5817 2170 5856 non
2197 5809 2274 5854 est
2293 5801 2342 5855 in
2364 5814 2478 5851 mss.
2504 5813 2598 5852 nec
2629 5799 2678 5850 in
2705 5804 2854 5856 Sam.
