4112 6208
457 499 722 576 χρηστός·
784 499 985 571 μᾶλλον
1017 498 1096 564 δέ,
1142 499 1192 553 εἰ
1225 499 1435 571 βούλει,
1485 498 1569 568 ἐφ’
1613 499 1799 569 ἕτερον
1851 496 2034 569 μεῖζον

460 587 768 659 ὑπόδειγμα
793 588 883 642 τὸν
904 587 1064 656 λόγον
1087 587 1380 658 ἀνάγωμεν
1399 603 1414 618 ·
1446 587 1630 640 Ἔστω
1655 585 1906 656 βασιλεὺς
1941 601 2040 638 παι

457 677 645 750 νηρός,
673 678 771 731 καὶ
806 676 1022 748 ἰδιώτης
1049 677 1304 749 χρηστὸς,
1331 676 1532 746 ῐδωμεν
1561 675 1646 740 τίς
1672 675 1816 738 τίνος
1851 673 2041 744 κύριός

457 767 595 830 ἐστι,
625 766 720 820 1:61
768 764 872 819 ποῦ
919 765 989 820 τά
1021 765 1120 836 τῆς
1151 763 1468 827 δεσποτείας
1509 762 1840 834 διαλάμπει·
1883 761 1971 825 τίς
2010 762 2042 815 6

457 851 702 922 κρατῶν,
755 853 850 906 καί
899 852 984 914 τίς
1030 853 1059 905 6
1115 850 1507 924 κρατούμενος.
1563 850 1690 915 Πῶς
1749 845 1848 904 οὖν’
1896 847 2042 902 εἰσόι

460 939 602 1008 μεθα
629 940 820 1006 τοῦτο;
859 940 1224 994 Ἐπιταττέτω
1260 938 1337 1010 τῷ
1373 938 1555 1011 ἰδιώτῃ
1595 940 1624 992 6
1659 937 1912 1007 βασιλεὺς
1942 953 2039 990 πο-

456 1027 623 1100 νηρόν
663 1044 716 1082 τι
757 1028 991 1100 πρᾶγμα
1037 1027 1133 1082 1:61
1179 1025 1559 1098 πλημμελείας
1599 1025 1798 1094 γέμον·
1848 1024 1901 1078 τί
1944 1019 2039 1078 οὗν

455 1117 486 1171 6
526 1114 760 1187 χρηστὸς
803 1114 1015 1184 ίδιώτης
1061 1115 1153 1168 1:61
1187 1114 1455 1185 ὐπήκοος;
1489 1113 1562 1166 οὐ
1611 1113 1770 1182 μόνον
1813 1111 1915 1166 οὐκ
1961 1111 2040 1165 εί-

461 1201 564 1268 ξει,
587 1201 707 1256 οὐδὲ
739 1201 1126 1264 ὑπακούσεται,
1153 1201 1288 1254 ἀλλά
1322 1200 1641 1273 πειράσεται
1672 1200 1768 1254 1:61
1800 1199 1890 1254 τὸν
1919 1201 2039 1253 ἐπι-

455 1287 715 1342 τάττοντα
763 1289 1076 1358 ἀπαγαγεῖν
1108 1287 1202 1342 τοῦ
1259 1287 1645 1360 προκειμένου,
1679 1287 1785 1342 κᾶν
1832 1286 2040 1341 ἀποθα-

453 1379 564 1430 νεῖν
591 1374 708 1449 δέῃ.
736 1376 833 1441 Τίς
856 1371 950 1431 οὖν
988 1375 1300 1448 ἐλεύθερος;
1337 1377 1365 1428 6
1399 1375 1566 1429 ποιῶν
1590 1375 1618 1428 6
1648 1374 1915 1446 βούλεται,
1946 1374 2040 1428 καὶ

456 1458 591 1532 μηδὲ
619 1461 713 1514 τὸν
749 1459 978 1530 βασιλέα
1009 1458 1295 1524 δεδοικώς·
1330 1458 1363 1529 ἢ
1405 1461 1434 1514 6
1482 1458 1634 1530 παρά
1669 1458 1764 1512 τοῦ
1797 1458 2038 1529 ὑπηκόου

455 1546 1009 1619 καταφρονούμενος;
1051 1547 1164 1601 Καὶ
1211 1548 1297 1600 ἵνα
1353 1547 1428 1618 μὴ
1470 1547 1562 1600 ἐπὶ
1598 1547 2040 1618 παραδείγματος

453 1634 754 1708 ἀδιορίστου
795 1635 887 1688 τὸν
935 1634 1093 1703 λόγον
1133 1634 1561 1705 προαγάγωμεν,
1609 1635 1643 1706 η
1689 1633 1782 1688 τοῦ
1836 1635 2039 1687 Πεντεο

456 1725 567 1797 φρῆ
607 1722 746 1794 γυνὴ
774 1725 808 1794 η
843 1721 1120 1791 Αἰγυπτία
1150 1723 1272 1792 οὐχὶ
1317 1721 1526 1792 βασιλὶς
1551 1717 1658 1792 ἧν;
1706 1722 1826 1792 οὐχὶ
1858 1723 2041 1792 πάσης

455 1811 732 1882 Αἰγύπτου
777 1810 1028 1882 ἐκράτεις
1077 1810 1199 1881 οὐχὶ
1230 1809 1480 1864 σύνοικον
1520 1805 1632 1882 εἶχε
1668 1809 1935 1880 βασιλέας
1977 1809 2040 1863 06

456 1898 656 1970 πολλὴν
685 1897 1073 1971 περιεϐάλλετο
1099 1895 1451 1962 δυναστείανς
1481 1897 1546 1950 Τί
1575 1897 1634 1950 δέ
1655 1898 1684 1950 6
1712 1899 1942 1968 Ἰωσήφ;
1977 1897 2040 1950 οὐ

454 1986 668 2052 δοῦλος;
708 1988 808 2041 οὐκ
837 1986 1212 2057 αἱχμάλωτος;
1239 1985 1340 2042 οὐκ
1369 1983 1759 2056 ἀργυρώνητος
1789 1985 2041 2056 οἰκέτης;

453 2076 515 2128 οὐ
565 2075 706 2150 μετά
758 2074 940 2144 πάσης
983 2073 1085 2144 τῆς
1138 2070 1502 2144 παρατάξεως
1547 2072 1717 2142 αὐτῆς
1763 2071 2042 2126 ὡπλίσατο

455 2162 598 2218 κατά
624 2161 719 2217 τοῦ
755 2161 1058 2227 νεανίσκου,
1091 2162 1189 2232 οὐχ
1219 2161 1390 2232 ἑτέρῳ
1433 2159 1524 2213 τὸν
1576 2159 1813 2230 πόλεμον
1859 2160 2041 2231 ἐγχει-

457 2253 692 2324 ρίσασα,
737 2252 853 2306 ἀλλ’
896 2251 1034 2324 αὐτὴ
1071 2253 1206 2324 πρὸς
1258 2251 1358 2323 τὴν
1406 2249 1713 2322 παράταξιν
1763 2249 2033 2317 ἐλθοῦσα;

453 2337 554 2404 Τίς
598 2336 692 2395 οῦν
723 2343 781 2395 ἐν
807 2341 1024 2412 δουλείᾳ
1055 2341 1176 2394 τότε
1209 2335 1300 2412 ἦν,
1341 2341 1425 2404 τίς
1457 2339 1515 2393 δέ
1544 2341 1604 2392 ἐν
1647 2338 1967 2411 ἐλευθερίας
2005 2339 2040 2410 ἡ

455 2427 702 2500 δεομένη,
730 2431 825 2483 1:61
858 2427 1273 2500 παρακαλοῦσα,
1297 2429 1392 2482 καὶ
1421 2427 1761 2490 ἱκετεύουσα,
1796 2429 1893 2481 1:61
1921 2427 2044 2482 οὐδὲ

455 2517 776 2590 ἀνθρώπου,
822 2518 960 2572 ἀλλά
1012 2518 1382 2590 πονηροτάτου
1439 2518 1648 2582 πάθους
1699 2518 2045 2590 αἰχμάλωτος

455 2605 722 2678 γενομένη
739 2623 753 2636 ο
785 2605 817 2677 ἢ
845 2607 874 2659 6
899 2606 1259 2678 καταφρονῶν
1284 2607 1379 2660 1:61
1407 2605 1760 2676 διαδήματος,
1791 2605 1889 2658 1:61
1920 2606 2046 2676 σκή-

457 2709 650 2765 πτρου,
680 2693 773 2746 καὶ
806 2691 1142 2764 άλουργίδος,
1191 2694 1286 2746 1:61
1331 2692 1432 2762 τῆς
1482 2694 1783 2761 φαντασίας
1828 2691 2045 2763 ἐκείνης

455 2780 696 2851 ἀπάσης,
725 2779 819 2834 καὶ
847 2779 1168 2835 ἀνακόπτων
1199 2779 1368 2850 αὐτῆς
1392 2779 1461 2834 τά
1497 2780 1902 2851 μηχανήματα;
1933 2780 2045 2851 Οὐχ

457 2869 493 2940 ἠ
541 2868 639 2939 μὲν
691 2867 908 2938 ἀπῆλθε
953 2868 1470 2940 παρακρουσθεῖσα,
1520 2869 1614 2921 1:61
1665 2867 1835 2940 ἑτέρῳ
1883 2867 2046 2922 πάλιν

457 2957 620 3012 πάθει
649 2957 916 3028 γενομένη
945 2956 1132 3029 δούλη,
1167 2956 1244 3029 τῷ
1275 2957 1430 3029 θυμῷ
1462 2957 1539 3028 τῷ
1568 2957 1768 3028 ἀλόγῳ,
1803 2959 1869 3028 τῇ
1901 2975 2047 3028 μιαι-

459 3045 652 3117 φονίᾳ·
686 3046 716 3100 6
742 3044 800 3100 δέ
829 3043 1021 3116 ἐξῆλθε
1062 3045 1294 3116 μυρίους
1339 3046 1638 3114 στεφάνους
1673 3045 1768 3099 ἐπί
1805 3045 1907 3114 τῆς
1949 3063 2045 3099 κε-

401 3193 409 3206 ,
459 3134 642 3206 φαλῆς
667 3133 827 3206 ἔχων,
857 3133 953 3188 καὶ
992 3132 1051 3185 ἐν
1081 3133 1220 3204 αὐτῇ
1249 3135 1316 3204 τῇ
1346 3132 1560 3204 δουλείᾳ
1602 3132 1702 3204 τὴν
1733 3132 2046 3206 ἐλευθερίαν

460 3220 726 3294 μειζόνως
749 3220 1160 3292 διαλάμπουσαν
1191 3219 1406 3283 δεικνύς
1427 3235 1442 3283 ;

533 3330 586 3386 ι’.
607 3330 776 3386 οὐδὲν
793 3329 902 3402 γὰρ
925 3329 1098 3394 οὕτως
1125 3329 1412 3402 ἐλεύθερον
1428 3329 1508 3394 ὡς
1528 3329 1718 3401 ἀρετὴ,
1733 3329 1887 3384 οὐδὲν
1903 3329 2048 3384 οὕτω

458 3419 643 3475 δοῦλον
675 3419 752 3484 ὡς
791 3419 981 3476 κακία.
1022 3417 1122 3472 Διά
1162 3415 1322 3471 τοῦτο
1351 3417 1446 3472 1:61
1489 3416 1722 3487 ἀλλαχοῦ
1759 3419 1891 3488 φησί
1930 3435 2046 3482 τις·

461 3506 661 3577 2096;-
712 3506 946 3573 οἰκέτης
1001 3507 1291 3574 κρατήσει
1359 3504 1674 3560 δεσποτῶν
1747 3506 2042 3575 ἀφρόνων.

465 3598 683 3666 Ὠσπερ
709 3596 819 3666 γὰρ
876 3594 1242 3667 αἰχμάλωτος,
1295 3595 1399 3649 κᾶν
1448 3596 1642 3666 μυρίον
1670 3595 1769 3668 ἔχῃ
1795 3595 2044 3662 πλοῦτον,

461 3685 529 3738 δι’
561 3683 694 3739 αὐτὸ
742 3683 900 3738 τοῦτο
946 3682 1179 3754 μάλιστα
1207 3683 1373 3737 πᾶσίν
1399 3685 1548 3736 ἐστιν
1579 3683 1870 3747 εὐάλωτος·
1904 3682 2046 3738 οὕτω

462 3778 618 3832 1:616
651 3776 756 3831 ὑπὸ
787 3775 897 3830 τῶν
940 3775 1130 3830 παθῶν
1169 3775 1542 3848 ἀλισκόμενος,
1602 3774 1846 3847 ἀράχνης
1899 3776 2046 3828 ἐστὶν

464 3869 860 3940 εὐτελέστερος.
891 3868 958 3922 Τί
981 3867 1038 3922 δέ
1061 3869 1118 3921 ἐν
1145 3867 1401 3939 πολέμῳ;
1431 3868 1552 3938 οὐχὶ
1577 3867 1800 3932 τούτους
1829 3865 2048 3940 ὁρῶμεν

465 3959 832 4032 κρατοῦνταςς
863 3958 930 4012 Τί
955 3957 1012 4012 δὲ
1039 3958 1097 4012 ἐν
1135 3957 1424 4029 πράγμασι
1462 3958 1556 4012 1:61
1595 3957 1842 4027 βουλαῐς;
1876 3959 1936 4012 οὐ
1978 3957 2047 4012 τά

463 4050 668 4105 τούτων
691 4050 910 4121 ἕστηκε,
938 4048 1042 4104 κᾶν
1075 4049 1262 4120 μηδεὶς
1303 4051 1331 4103 6
1362 4049 1682 4121 πειθόμενος
1711 4047 1776 4124 ᾖς
1811 4049 1877 4104 Τί
1905 4050 2047 4105 δὲέν

462 4145 578 4208 τοῖς
605 4141 744 4214 μετά
773 4142 978 4204 ταῦτας
1008 4141 1106 4212 οὐχ
1135 4142 1164 4194 6
1187 4141 1286 4212 μὲν
1307 4140 1581 4206 πλούσιος,
1601 4142 1852 4214 καθάπερ
1881 4160 2048 4216 προσ-

464 4232 644 4306 αίτης,
685 4232 918 4302 σταγόνα
947 4232 1091 4302 ⁴ᾔτει,
1121 4232 1216 4285 1:61
1253 4231 1354 4284 οὐκ
1383 4231 1782 4301 ἐπετύγχανεν;
1805 4233 1836 4285 6
1858 4232 1916 4287 δέ
1950 4232 2049 4287 πέ-

465 4338 585 4396 νης,
610 4321 798 4394 ἐπειδὴ
837 4321 1125 4384 σπουδαῖος
1152 4321 1248 4374 1:61
1283 4320 1535 4392 ἐνάρετος
1558 4316 1648 4392 ἦν,
1676 4323 1777 4376 οὐκ
1804 4322 1864 4376 ἐν
1891 4322 2046 4394 μεγί.

389 4473 394 4478 ,
467 4432 572 4490 στῃ
587 4415 866 4489 εὐπραγίᾳ
886 4411 1092 4487 ἦν,τὴν
1119 4413 1288 4484 αὐτὴν
1320 4413 1400 4485 τῷ
1428 4413 1679 4486 Ἀϐραὰμ
1699 4413 1852 4485 λῆξιν
1875 4415 2044 4486 ἔχωνς

464 4503 623 4578 [220]
648 4504 715 4557 Τί
746 4503 804 4557 δέ
830 4503 924 4556 ἐπὶ
971 4501 1080 4555 τῶν
1126 4500 1471 4568 ἀποστόλωνς
1519 4501 1639 4573 οὐχὶ
1664 4501 2044 4574 δεσμούμενοι,

470 4593 913 4663 μαστιγούμενοι,
969 4589 1140 4660 μυρία
1185 4590 1487 4659 πάσχοντες
1515 4587 1686 4652 δεινὰ,
1722 4589 1834 4643 τῶν
1873 4591 2046 4647 ταῦτα

469 4679 768 4734 ποιούντων
791 4677 1190 4750 περιεγίνοντος
1226 4675 1506 4746 Ἐννόησον
1536 4674 1670 4744 γοῦν
1688 4677 1767 4740 εἰς
1793 4677 1924 4749 ὅσην
1949 4679 2049 4734 αὑ-

468 4768 596 4830 τοὺς
633 4765 866 4834 ἀπορίαν
896 4763 1171 4829 ἐνέϐαλον,
1191 4763 1266 4826 ὡς
1286 4762 1526 4827 ἐκείνους
1565 4761 1762 4833 λέγειν·
1797 4764 1860 4818 Tl
1877 4765 2046 4834 ποιή-

468 4870 661 4924 σομεν
679 4852 805 4918 τοῖς
832 4851 1165 4920 ἀνθράυτοις
1194 4852 1459 4918 τούτοις;
1495 4850 1688 4905 Καίτοι
1728 4851 2044 4924 δεδεμένους

468 4934 637 5012 εἶχον,
663 4940 758 4993 1:61
781 4939 841 4992 ἐν
869 4941 1018 5010 μέσῳ
1041 4937 1406 5010 δικαστηρίων
1444 4939 1924 5012 συνειλημμένους·
1948 4943 2044 4996 1:61

465 5029 519 5082 οἰ
562 5027 662 5099 μὲν
703 5027 762 5082 ἐν
788 5025 938 5090 τάξει
987 5025 1276 5089 δικαστῶν,
1332 5026 1426 5080 1:61
1471 5027 1770 5098 ἀρχόντων,
1805 5029 1855 5082 οἰ
1891 5029 1948 5084 δὲ
1987 5033 2044 5084 ἐν

407 5157 410 5160 .
467 5116 620 5182 τάξει
651 5115 1018 5186 δικαζομένων
1041 5112 1406 5185 εἱστήκεισαν,
1439 5115 1554 5169 ἀλλ’
1579 5116 1729 5188 ὅμως
1760 5110 1906 5171 οὗτοι
1931 5118 2047 5172 τού-

467 5221 576 5259 των
604 5203 936 5276 ἐκράτησαν.
959 5202 1069 5256 K61
1097 5201 1390 5272 πανταχοῦ,
1418 5203 1575 5267 εἴτις
1605 5203 1744 5274 μετά
1760 5203 2045 5276 ἀκριϐείας

468 5290 674 5356 ἐπεξίοι
722 5291 802 5363 τῷ
831 5290 995 5362 λόγῳ,
1021 5288 1113 5342 τὸν
1165 5288 1416 5359 ἐνάρετον
1453 5289 1638 5359 δψεται
1681 5291 1774 5345 τοῦ
1805 5294 2041 5365 πονηροῦ

469 5379 799 5453 κρατοῦντα,
852 5380 952 5449 τὴν
996 5376 1201 5447 κυρίως
1235 5387 1259 5416 α
1308 5376 1592 5448 κράτησιν,
1623 5379 1684 5431 οὐ
1719 5379 1919 5452 ταύτην
1945 5383 2048 5453 τὴν

469 5467 578 5522 τῶν
611 5467 818 5521 πολλῶν
853 5467 949 5521 καὶ
976 5463 1178 5536 ψευδῆ,
1211 5465 1310 5534 τὴν
1349 5463 1772 5538 πεπλανημένην
1806 5468 1901 5521 καὶ
1947 5471 2046 5540 ρᾳ-

469 5554 597 5620 δίως
637 5554 1003 5625 ἐλεγχομένην
1023 5592 1037 5615 ,
1073 5552 1189 5606 ἀλλ’
1217 5550 1432 5622 ἐκείνην
1469 5551 1571 5624 τὴν
1604 5557 1918 5624 πεπηγυῖαν
1952 5557 2046 5610 καὶ

468 5643 745 5713 ἀκίνητον.
777 5642 885 5695 Καὶ
917 5643 956 5708 ἡ
977 5639 1438 5709 ,ϐοήθειααὺτῶν
1464 5642 1941 5710 παλαιωθήσεται
1976 5646 2046 5699 ἐν

533 5822 562 5852 ⁸
585 5822 668 5873 Sic
689 5826 830 5871 recte
846 5834 958 5871 nus.
988 5828 1041 5872 et
1066 5823 1212 5873 Smil.
1239 5824 1410 5875 1110101.
1434 5827 1610 5889 κυρίαν.

1094 385 1155 444 S.
1193 382 1480 441 JOANNIS
1509 377 2008 440 CHRYSOSTOMI
2048 375 2370 439 ARCHIEP.
2411 379 2956 446 CONSTANTINOP.

2141 497 2222 564 τῷ
2249 497 2387 569 ᾄδῃ·
2436 503 2730 567 τουτέστιν,
2783 502 3091 570 ἀσθενησει.
3139 489 3214 553 ’θ’
3245 499 3302 553 δέ
3335 499 3503 564 λέγει,
3561 497 3718 550 τοῦτό

2140 588 2313 642 ἐστιν·
2339 589 2414 643 οὐ
2442 589 2603 660 μόνον
2626 591 2860 645 ἐνταῦθα
2883 591 3196 661 εὐχείρωτοι
3223 588 3458 649 ῑσονται,
3487 585 3717 656 μηδενὸς

2139 674 2459 744 ἀμύνοντος,
2511 676 2738 749 μηδενὸς
2765 680 2924 750 χεῖρα
2965 677 3272 748 ὀρέγοντος,
3317 676 3452 728 πᾶσι
3488 673 3719 744 προκείο

2143 779 2316 833 μενοι,
2371 763 2507 820 ἀλλά
2535 765 2630 819 1:61
2675 765 2736 819 τὸ
2786 764 3187 836 χαλεπώτερον,
3219 762 3489 816 οὐδὲέκεῖ
3532 759 3742 824 ἕξουσί

2137 865 2260 904 τινα
2287 850 2381 904 τὸν
2424 852 2854 924 παριστάμενον,
2909 853 3004 906 1:61
3045 848 3368 922 βοηθοῦντα,
3423 847 3519 902 1:61
3559 849 3728 918 χεῖρα

2136 937 2420 1009 ὀρέγοντα,
2454 940 2548 993 1:61
2577 939 3065 1012 παραμυθούμενον
3085 937 3264 992 αὐτῶν
3293 936 3390 1008 τὴν
3419 935 3712 1006 τιμωρίαν.

2137 1025 2295 1080 Οῦτω
2338 1027 2469 1096 γοῦν
2511 1026 2636 1081 οὔτε
2688 1028 2752 1082 αἰ
2790 1025 3051 1098 παρθένοι
3095 1027 3151 1079 αἰ
3192 1025 3446 1096 φρόνιμοι
3507 1026 3718 1093 μωραῖς

2141 1115 2404 1188 βοηθῆσαι
2451 1118 2697 1188 ίσχνσαν,
2728 1117 2825 1186 οὐχ
2873 1118 2902 1169 6
2965 1114 3216 1186 Ἀϐραὰμ
3257 1113 3336 1186 τῷ
3365 1112 3623 1182 πλουσίῳ,
3653 1111 3714 1163 οὐ

2139 1203 2287 1267 Νῶε,
2322 1205 2417 1258 1:61
2452 1205 2594 1270 Ἰὼϐ,
2618 1205 2714 1258 1:61
2747 1203 2964 1275 Δανιὴλ.
2989 1203 3124 1266 υίοῖς
3154 1202 3248 1256 καὶ
3272 1201 3597 1270 θυγατράσι.
3641 1201 3717 1254 Τὸ

2148 1291 2278 1365 γὰρ,
2299 1293 2810 1362 Παλαιωθήσεται,
2842 1291 3130 1361 ἀσθενήσει
3155 1290 3332 1357 ἐστὶν,
3349 1289 3717 1358 ἀφανισθήσε-

2138 1395 2248 1433 ται·
2291 1379 2361 1434 Τὸ
2389 1379 2498 1452 γάρ
2528 1380 2974 1450 παλαιούμενον
3019 1376 3117 1432 καί
3152 1377 3484 1446 γηράσκον,
3535 1375 3716 1446 ἐγγὺς

2139 1471 2504 1542 ἀφανισμοῦ.
2541 1473 2635 1526 Ἐκ
2655 1471 2766 1540 τῆς
2794 1470 2981 1538 δόξης
3001 1467 3200 1524 αὐτῶν
3226 1467 3610 1536 ἐξώσθησαν.

2211 1596 2286 1658 οῦ
2321 1603 2555 1676 μάλιστα
2589 1602 2918 1674 ἐπεθύμουν,
2946 1601 3012 1655 δι’
3051 1599 3080 1654 6
3126 1600 3303 1653 πάντα
3353 1599 3568 1653 ἐποίουν
3623 1597 3716 1650 1:61

2141 1691 2646 1764 ἐπραγματεύοντο,
2672 1689 2813 1744 ὥστε
2842 1691 2935 1744 1:61
2963 1687 3102 1759 μετὰ
3120 1685 3376 1757 τελευτὴν
3404 1685 3561 1756 δόξης
3581 1685 3718 1738 ἀπο-

2140 1780 2336 1834 λαῦσαι
2362 1779 2584 1848 πολλῆς,
2599 1779 2689 1833 διὰ
2714 1777 2822 1833 τῶν
2845 1778 3164 1850 χρημάτων,
3191 1775 3280 1828 6:6
3297 1775 3404 1827 τῶν
3431 1774 3718 1844 οἱκοδομη⁶

2145 1869 2351 1942 μάτων,
2375 1869 2462 1922 6:6
2483 1868 2592 1922 τῶν
2621 1869 2828 1938 τάφων,
2861 1866 2950 1920 6:6
2997 1863 3105 1918 τῶν
3139 1863 3413 1935 ὀνομάτων
3442 1861 3552 1915 τῶν
3594 1865 3716 1915 ἐπι-

2141 1955 2410 2027 κειμένων
2437 1959 2554 2020 τοῖς
2575 1955 2788 2025 τάφοις·
2813 1955 2908 2008 1:61
2942 1953 3155 2019 τούτου,
3209 1952 3389 2023 φησὶν,
3419 1948 3712 2003 ἐκπεσοῦνο

2141 2062 2262 2108 ται,
2309 2043 2339 2096 6
2387 2043 2624 2116 μάλιστα
2677 2043 2875 2107 αὐτοὺς
2924 2041 3110 2096 ἐλύπει
3163 2041 3368 2106 ζῶντας
3406 2040 3501 2092 καὶ
3539 2037 3714 2090 ταῦτα

2145 2130 2535 2202 μανθάνοντας.
2559 2131 2625 2182 Αἰ
2658 2130 2768 2200 γάρ
2798 2129 3048 2185 τοιαῦται
3077 2127 3358 2200 οἰκοδομαὶ
3392 2125 3716 2197 κατηγορίαι

2140 2220 2250 2273 τῶν
2277 2217 2618 2274 ἀπελθόντων
2655 2218 2788 2273 εἰσί.
2817 2218 2936 2272 Κᾶν
2968 2217 3078 2290 γὰρ
3098 2216 3160 2271 τὸ
3189 2215 3350 2286 σῶμα
3387 2218 3453 2286 τῇ
3491 2216 3560 2284 γῇ
3584 2211 3720 2284 κρύ-

2144 2324 2368 2378 πτηται,
2411 2305 2526 2360 ἀλλ’
2558 2306 2706 2376 ὅμως
2738 2306 2787 2360 οί
2813 2305 2952 2359 λίθοι
2978 2304 3162 2376 φωνὴν
3182 2304 3400 2374 ἀφιᾶσι,
3430 2302 3550 2356 καθ’
3587 2301 3722 2354 ἐκά-

2145 2412 2276 2466 στην
2292 2394 2472 2449 αὐτῶν
2492 2392 2927 2465 κατηγοροῦντες
2951 2391 3164 2463 ἡμέραν
3185 2392 3287 2461 τῆς
3304 2390 3607 2462 ώμὰτητος,
3620 2388 3724 2457 τῆς

2142 2483 2548 2554 ἀναισχυντίας,
2574 2483 2701 2545 τοὺς
2739 2481 2952 2544 κοινοὺς
2974 2481 3204 2552 ἐχθροὺς
3230 2480 3718 2551 ἀνακηρύττοντες,

2141 2576 2268 2638 τοὺς
2293 2573 2588 2644 παριόντας
2609 2571 2697 2625 ἀεὶ
2718 2572 2798 2635 εἰς
2826 2569 2965 2642 ἀράς
2991 2568 3498 2640 ἐπισπώμενοι,κώ
3533 2567 3720 2636 ἐγκλή-

2148 2667 2312 2732 ματα,
2349 2662 2444 2714 1:61
2472 2659 2743 2723 διαϐολάς.
2795 2658 2932 2713 Ποία
2958 2655 3051 2712 οῦν
3087 2657 3226 2729 αὕτη
3253 2656 3400 2722 δόξα,
3450 2656 3719 2725 καταλιμ-

2148 2751 2337 2804 πάνειν
2368 2750 2670 2820 κατήγορον
2697 2747 2770 2820 μὴ
2793 2747 3048 2817 σιγῶντα,
3068 2747 3204 2802 ἀλλά
3225 2746 3314 2802 6:6
3340 2747 3438 2817 τῆς
3458 2747 3631 2816 ὅψεως
3652 2747 3720 2800 τὰ

2146 2840 2361 2893 πάντων
2406 2837 2687 2906 ἀνοίγοντα
2726 2837 2991 2909 στόματα,
3019 2837 3113 2890 1:61
3146 2835 3280 2908 πρὸς
3325 2837 3449 2898 τοὺς
3480 2835 3718 2906 ὁρῶντας

2147 2927 2393 2990 ἅπαντας
2421 2926 2517 2980 1:61
2539 2924 2840 2996 παριόντας
2869 2924 3237 2996 σφοδροτάτην
3275 2923 3593 2994 ποιούμενον
3619 2922 3719 2991 τὴν

2146 3015 2396 3085 ἐντυχίαν
2429 3013 2570 3068 κατά
2603 3013 2710 3068 τῶν
2732 3013 3276 3084 οἰκοδομησαμένων;
3311 3011 3596 3083 Τίταύτης
3623 3011 3718 3079 τῆς

2145 3102 2330 3166 ἀνοίας
2371 3101 2567 3170 γένοιτ’
2595 3099 2661 3154 ἂν
2712 3101 2856 3166 ἴσον,
2884 3101 3014 3154 ὅταν
3060 3099 3284 3153 ποιῶσιν
3321 3098 3412 3168 ἀφ’
3443 3091 3518 3152 ὧν
3562 3098 3718 3152 κολά-

2147 3187 2352 3254 ζονται,
2395 3187 2488 3258 ἀφ’
2519 3180 2594 3242 ὧν
2627 3186 3100 3260 καταισχύνονται,
3132 3186 3224 3256 ἀφ’
3253 3179 3327 3240 ὧν
3357 3184 3719 3258 κατηγοροῦν-

2145 3295 2255 3342 ται,
2292 3277 2385 3347 ἀφ’
2412 3273 2486 3330 ῶν
2507 3276 2600 3330 1:61
2624 3275 2762 3346 μετά
2784 3274 3040 3347 τελευτὴν
3064 3275 3213 3347 παρά
3253 3273 3463 3328 πολλῶν
3499 3273 3722 3344 ἀνορύτο

2146 3387 2349 3424 τονται·
2381 3369 2474 3439 ἀφ’
2512 3362 2587 3423 ὧν
2613 3369 2796 3432 αὐτοῖς
2819 3368 2972 3440 ἀραὶ,
3000 3365 3372 3432 1:616:660161,
3405 3365 3498 3420 καὶ
3527 3364 3721 3435 ἐγκλή-

2152 3475 2298 3530 ματα
2335 3457 2525 3529 μυρία,
2577 3456 2672 3510 καὶ
2706 3456 2858 3528 παρά
2889 3454 2998 3510 τῶν
3053 3454 3422 3526 ἠδικημένων,
3463 3455 3558 3509 1:61
3615 3453 3722 3507 τῶν

2148 3545 2247 3600 οὐκ
2295 3545 2669 3616 ὴδικημένων;
2699 3544 2872 3611 Πλὴν
2917 3546 2950 3598 ὁ
3001 3543 3141 3610 Θεὸς
3204 3542 3565 3612 λυτρώσηαι
3609 3540 3721 3610 τὴν

2148 3633 2360 3704 ψυχήν
2383 3651 2502 3703 μου
2550 3633 2619 3687 ἐκ
2672 3633 2868 3702 χειρὸς
2916 3632 3087 3701 ᾅδου,
3133 3633 3280 3686 ὅταν
3313 3631 3585 3702 λαμϐάνῃ
3622 3648 3720 3699 με.

2148 3719 2333 3775 Εἰπὼν
2359 3720 2464 3774 τῶν
2499 3720 2750 3790 πονηρῶν
2782 3722 2850 3774 τά
2896 3720 3170 3793 ἐπίχειρα,
3198 3721 3297 3791 τῆς
3340 3719 3612 3792 ἁμαρτίας
3653 3720 3722 3774 τὰ

2147 3808 2375 3878 ὀψώνια,
2409 3807 2556 3876 λέγει
2579 3808 2674 3861 καὶ
2704 3807 2774 3862 τὰ
2794 3807 2901 3861 τῶν
2930 3808 3182 3881 χρηστῶν
3203 3807 3432 3862 ἐπιιθλα⁹
3451 3809 3480 3860 6
3513 3808 3602 3861 καὶ
3625 3808 3724 3862 αὐ-

2152 3895 2229 3966 τῷ
2260 3896 2354 3951 καὶ
2386 3895 2592 3968 ἑτέροις
2622 3895 2930 3968 προφήταις
2971 3897 3142 3948 ποιεῖν
3175 3895 3317 3961 ἔθος,
3363 3895 3503 3949 ὥστε
3537 3895 3723 3948 ἐκατέ-

2154 3983 2324 4056 ρωθεν
2359 3982 2638 4055 ῥυθμίζειν
2675 3983 2766 4036 τὸν
2799 3983 3094 4055 ἀκροατὴν,
3119 3983 3214 4037 1:61
3235 3985 3299 4037 ἐκ
3317 3986 3418 4055 τῆς
3450 3983 3723 4047 κολάσεως

2149 4071 2257 4126 τῶν
2287 4072 2505 4141 ἀμαρτη
2515 4069 2718 4140 μάτων,
2749 4070 2844 4122 1:61
2868 4071 2933 4123 ἐκ
2964 4070 3073 4123 τῶν
3099 4069 3345 4124 ἐπάθλων
3373 4071 3472 4141 τῆς
3499 4069 3720 4140 ἀρετῆς.

2148 4159 2229 4214 Τά
2260 4158 2410 4232 [ΞΞΙ]
2447 4160 2542 4230 μέν
2592 4153 2685 4212 οὗν
2737 4157 2964 4212 ἐκείνων
3002 4158 3248 4220 τοιαῦτα,
3286 4159 3470 4228 φησίν·
3507 4157 3727 4228 ἀτιμία,

2150 4246 2528 4318 ματαιοπονία,
2578 4248 2753 4310 ἀνοια,
2807 4245 3002 4314 γέλως,
3062 4247 3315 4318 αίσχύνη.
3357 4246 3721 4316 πανωλεθρία,

2148 4334 2396 4399 θάνατος,
2414 4334 2673 4406 τιμωρία,
2692 4333 2910 4397 κόλασις
2925 4332 3194 4405 διηνεκὴς,
3210 4335 3273 4388 τὸ
3299 4334 3720 4405 εὐεπηρέαστον,

2145 4423 2207 4476 τὸ
2240 4421 2332 4476 1:61
2357 4421 2516 4493 δόξης
2545 4421 2638 4475 1:61
2673 4421 2974 4490 ἀσφαλείας
3001 4421 3437 4484 ἐκπεπτωκέναι,
3465 4422 3559 4476 καὶ
3583 4419 3724 4486 ζῶν-

2145 4527 2244 4574 τας
2265 4509 2361 4563 1:61
2384 4508 2772 4572 τελευτῶντας,
2803 4507 2866 4562 τὸ
2893 4507 3298 4570 διαϐάλλεσθαι,
3317 4508 3378 4562 τὸ
3399 4510 3724 4580 κατηγορεῖ-

2147 4597 2295 4662 σθαι,
2325 4595 2386 4650 τδ
2409 4595 2680 4668 μηδεμίαν
2711 4594 2984 4667 εὑρίσκειν
3010 4595 3364 4667 παραμυθίαν
3411 4596 3615 4650 κακῶν.
3640 4596 3724 4649 Τά

2145 4684 2203 4738 δέ
2233 4683 2477 4756 ἡμέτερα
2532 4682 2841 4736 τούναντίον
2890 4682 3054 4748 ἅπαν,
3100 4682 3391 4754 ἀπαλλαγὴ
3425 4682 3724 4749 κολάσεως,

2147 4767 2428 4841 ἐλευθερία
2451 4767 2652 4839 ψυχῆς,
2679 4766 2969 4835 ἀσφάλεια,
3001 4765 3149 4834 δόξα,
3187 4767 3343 4838 τιμή.
3389 4765 3576 4823 Ταῦτα
3615 4765 3722 4836 γάρ

2147 4856 2325 4911 πάντα
2346 4854 2586 4928 ᾐνίξατο,
2646 4847 2848 4908 εἰπών·’
2887 4855 3060 4918 Πλὴν
3107 4857 3141 4909 ό
3175 4855 3320 4922 Θεὸς
3359 4855 3724 4922 λυτρώσεται

2147 4944 2264 5014 τὴν
2282 4943 2495 5015 ψυχήν
2514 4961 2634 5015 μου
2649 4944 2717 4997 ὲκ
2735 4941 2933 5013 χειρὸς
2963 4941 3132 5010 ᾅδου,
3169 4942 3314 4995 ὅταν
3331 4941 3608 5012 λαμϐάνῃ
3623 4959 3720 5011 με·

2149 5035 2281 5107 ᾅδην
2325 5030 2558 5086 ἐνταῦθα
2611 5032 2709 5101 τὴν
2756 5030 2979 5084 κόλασιν
3027 5029 3223 5099 λέγων,
3280 5029 3381 5094 τὰς
3412 5023 3725 5102 ἀφορήτους

2149 5120 2363 5185 ὲκείνας
2383 5119 2596 5183 ὀδύνας.
2625 5118 2904 5188 Ἐννόησον
2931 5117 2987 5170 δὲ
3018 5118 3117 5171 1:61
3137 5117 3302 5188 ἡλίκα
3321 5116 3389 5170 τὰ
3416 5117 3515 5188 τῆς
3535 5117 3720 5190 τιμῆς,

2148 5211 2210 5266 οε)
2229 5209 2400 5280 ταύτῃ
2436 5207 2616 5277 μόνον,
2653 5205 2788 5261 ἀλλά
2814 5206 2908 5260 1:61
2930 5204 3008 5274 τῷ
3041 5206 3387 5275 ἐπαγομένῳ.
3419 5207 3587 5260 Ὅταν
3613 5205 3721 5276 γὰρ

2147 5297 2398 5369 λαμϐάνῃ
2436 5311 2524 5366 με,
2548 5296 2703 5365 φησι,
2749 5293 2871 5346 τότε
2918 5293 3080 5346 αὐτὸν
3109 5293 3496 5366 ἀκριϐέστερον
3522 5292 3723 5363 ὄψομαι

2149 5383 2322 5457 ῆνῦν.
2361 5383 2475 5436 Νῦν
2524 5380 2633 5452 γάρ
2659 5380 2746 5433 6:6
2792 5379 3026 5443 πίστεως
3069 5378 3496 5451 περιπατοῦμεν,
3535 5379 3596 5432 οὐ
3633 5377 3724 5431 6:6

2148 5472 2339 5537 εἴδους,
2369 5470 2490 5524 τότε
2510 5469 2566 5522 δὲ
2597 5468 2887 5539 πρόσωπον
2938 5467 3078 5520 κατά
3123 5466 3151 5507 δ
3187 5465 3494 5537 πρόσωπον.
3533 5464 3720 5536 Τῆςδέ

2145 5559 2326 5630 ψυχῆς
2375 5555 2770 5629 λυτρουμένης,
2811 5555 2903 5608 καὶ
2935 5554 2996 5607 τδ
3045 5553 3202 5624 σῶμα
3255 5553 3570 5622 κοινωνήσει
3613 5550 3723 5605 τῶν

2147 5647 2382 5718 ἀγαθῶν.
2413 5643 2509 5713 Μὴ
2538 5643 2746 5714 φοϐοῦ,
2778 5642 2924 5698 ὅταν
2955 5640 3275 5710 πλουτήσῃ
3311 5641 3645 5710 ἄνθρωπος,
3687 5644 3724 5710 ᾗ

2211 5829 2237 5870 ἰ·
2263 5826 2409 5878 Ξειὶἰ.
2439 5833 2484 5876 cl
2511 5824 2593 5876 alii
2617 5824 2749 5887 πρὸς.
