4112 6208
241 389 349 446 ’87

241 502 362 574 quis
389 489 458 556 sit
482 495 728 555 dominus
754 497 971 554 alterius
991 541 1005 561 ,
1043 507 1099 553 et
1127 497 1342 554 ubinam
1386 496 1688 568 resplendet
1717 495 1814 552 do.

241 593 510 655 minatus;
539 591 658 661 quis
685 590 756 646 sit
781 590 870 660 qui
900 590 1160 660 imperat,
1193 598 1246 644 et
1271 591 1388 659 quis
1418 598 1569 657 paret
1597 588 1817 644 alterius

241 685 485 756 imperio.
515 681 794 750 Quomodo
823 697 952 752 ergo
985 681 1087 736 hoc
1112 681 1382 737 sciemus?
1420 680 1531 736 Rex
1562 696 1674 736 rem
1703 696 1815 735 ma-

242 780 344 833 lam
386 785 443 834 et
484 777 688 831 scelere
715 775 926 846 plenam
955 775 1158 846 privato
1187 777 1440 845 imperet;
1490 775 1614 846 quid
1661 775 1818 846 igitur

239 869 414 924 bonus
447 867 534 923 ille
577 867 814 936 privatus
845 876 898 921 et
923 866 1014 936 qui
1058 867 1108 923 ei
1153 865 1469 935 subjicitur?
1511 865 1626 920 Non
1657 865 1820 921 modo

239 978 348 1018 non
369 960 674 1030 acquiescet
694 1001 708 1024 ,
731 975 840 1014 nec
865 961 1108 1022 obedict,
1136 959 1230 1015 sed
1259 976 1379 1014 eum
1403 961 1564 1014 etiam
1593 960 1683 1029 qui
1713 959 1815 1013 im-

239 1061 430 1122 perat,
475 1051 756 1106 conabitur
781 1051 1044 1107 abducere
1084 1051 1154 1106 ab
1199 1051 1472 1118 instituto,
1517 1051 1640 1105 licet
1681 1051 1816 1106 mori

237 1153 500 1215 oporteat.
549 1143 679 1212 Quis
723 1152 806 1198 est
849 1159 976 1213 ergo
1023 1143 1200 1199 liber?
1242 1144 1358 1197 isne
1402 1144 1492 1212 qui
1535 1141 1680 1212 quod
1711 1142 1824 1196 vult

238 1241 397 1303 facit,
428 1248 482 1294 et
510 1254 577 1293 ne
606 1253 783 1308 regem
809 1237 1023 1308 quidem
1061 1237 1250 1292 metuit
1277 1253 1290 1288 :
1318 1251 1387 1290 an
1416 1251 1505 1305 qu
1549 1250 1579 1289 a
1607 1233 1822 1288 subdito

237 1347 338 1387 suo
361 1329 761 1386 contemnitur?
793 1329 860 1383 Et
901 1345 972 1384 ne
1013 1329 1068 1384 in
1099 1328 1302 1382 incerto
1329 1325 1576 1394 exemplo
1618 1324 1820 1395 prolixa

239 1431 454 1478 utamur
481 1421 720 1476 oratione
758 1437 772 1474 :
812 1434 946 1476 uxor
975 1419 1292 1488 Pentepltrte
1317 1416 1568 1488 Egyptia
1594 1455 1611 1479 ,
1641 1430 1818 1470 antron

239 1523 355 1570 erat
382 1513 562 1584 regina
589 1511 662 1583 (α)
686 1512 710 1566 ?
737 1525 916 1567 annon
955 1513 1050 1565 toti
1079 1509 1313 1582 Egypto
1339 1508 1604 1580 praeerat?
1641 1521 1818 1562 annon

237 1602 478 1662 habebat
502 1619 684 1676 regem
713 1603 1034 1674 conjugem?
1067 1617 1244 1657 annon
1275 1601 1561 1657 maximam
1590 1599 1818 1657 habebat

236 1705 552 1768 potestatem
579 1694 733 1766 (Gen.
763 1694 856 1750 '59.
883 1693 992 1765 7)?
1020 1692 1154 1760 Quid
1193 1707 1320 1748 vero
1353 1690 1594 1761 Joseph?
1635 1706 1816 1746 nonne

233 1787 466 1844 servus?
510 1800 687 1841 nonne
716 1785 1001 1855 captivus?
1039 1797 1215 1838 nonne
1243 1781 1473 1837 famulus
1497 1781 1814 1853 emptitius?

232 1895 411 1936 nonne
448 1879 533 1934 illa
577 1879 833 1934 adversus
871 1876 1259 1932 adolescentem
1287 1891 1500 1931 omnem
1526 1876 1696 1932 aciem
1727 1876 1800 1931 in.

227 1973 462 2037 struxit,
495 1985 600 2024 non
641 1969 728 2024 alii
776 1967 899 2025 belli
946 1983 1126 2023 curam
1156 1967 1496 2023 committens
1518 2008 1534 2032 ,
1575 1968 1668 2023 sed
1699 1968 1812 2038 ipsa

227 2065 558 2122 descendens
585 2065 641 2121 in
668 2065 883 2120 aciem?
930 2063 1058 2131 Quis
1097 2079 1232 2135 ergo
1273 2072 1402 2118 tunc
1444 2071 1560 2118 erat
1602 2076 1811 2125 servus,

227 2159 351 2230 quis
379 2159 554 2214 liber?
583 2158 742 2214 illane
770 2173 892 2228 qua:
919 2157 1256 2228 precabatur,
1287 2157 1506 2220 orabat,
1532 2164 1587 2210 et
1612 2156 1816 2227 suppli-

229 2252 404 2316 cabat,
432 2258 486 2305 et
511 2265 619 2306 non
647 2250 872 2313 homini,
895 2249 988 2304 sed
1015 2248 1409 2318 improbissimo
1433 2247 1595 2302 animi
1625 2248 1816 2304 morbo

230 2340 533 2395 serviebat:
557 2355 626 2394 an
651 2341 696 2394 is
720 2339 808 2410 qui
834 2339 1210 2395 contemnebat
1227 2337 1494 2404 diadema,
1519 2348 1810 2407 sceptrum,

233 2447 520 2502 purpuram
546 2473 561 2496 ,
603 2442 659 2488 et
703 2447 916 2487 omnem
959 2432 1099 2487 illam
1143 2441 1421 2486 externam
1474 2432 1708 2502 speciem
1752 2447 1817 2488 ac

238 2537 508 2592 pompam,
538 2531 592 2576 et
623 2521 956 2577 rescindebat
980 2522 1097 2591 ejus
1119 2521 1605 2578 machinationem?
1629 2522 1817 2578 Nonne

238 2613 324 2666 illa
353 2611 567 2683 quidem
591 2613 854 2683 repulsam
883 2627 1036 2682 passa
1059 2612 1301 2680 recessit,
1322 2622 1374 2668 et
1394 2614 1483 2668 alii
1507 2628 1692 2668 rursus
1710 2615 1820 2669 ani-

237 2705 308 2758 mi
331 2706 518 2760 morbo
537 2705 831 2775 mancipata
851 2713 952 2770 est,
983 2719 1174 2776 nempe
1203 2705 1317 2771 irae,
1342 2721 1460 2776 quae
1480 2706 1687 2760 ratione
1711 2721 1818 2760 non

1253 437 1256 440 .
1325 381 1678 443 EXPOSITIO
1718 379 1780 435 IN
1823 378 2139 441 PSALMUM
2177 387 2404 447 XLVIII.

3397 405 3510 462 238

1924 499 2186 570 vincitur,
2229 506 2322 562 sed
2368 506 2456 562 illa
2499 507 2682 574 firma,
2721 512 2963 577 stabilis,
3003 527 3058 571 et
3101 518 3404 576 immobilis.
3438 523 3506 578 Et

1920 595 2169 651 auxilium
2211 613 2386 652 eorum
2426 609 2692 657 veterascet
2735 604 2788 658 in
2830 605 3036 679 inferno
3059 623 3081 661 :
3111 609 3214 666 hoc
3251 622 3356 677 est,
3399 615 3506 668 erit

1919 686 2266 745 imbecillum.
2309 692 2464 758 Quod
2505 704 2686 750 autem
2729 695 2997 765 dicit,est
3039 700 3301 770 ejusmodi
3336 723 3350 759 :
3383 704 3500 760 Non

1918 777 2091 832 solum
2137 778 2226 834 hic
2264 781 2416 838 facile
2440 783 2557 852 capi
2589 795 2873 855 poterunt,
2905 789 3056 844 nullo
3078 806 3236 861 opem
3271 793 3499 860 ferente,

1919 867 2069 924 nullo
2096 885 2312 926 manum
2339 873 2630 942 praebente,
2654 877 2902 932 omnibus
2925 882 3170 948 expositi,
3199 883 3310 938 imo
3335 885 3498 940 etiam

1917 960 2062 1028 quod
2087 971 2173 1016 est
2198 963 2446 1032 gravius,
2487 980 2558 1022 ne
2600 966 2709 1022 illic
2735 968 2948 1038 quidem
2978 971 3246 1028 habebunt
3283 975 3372 1045 qui
3402 975 3482 1031 de-

1920 1051 2123 1118 fendat,
2153 1069 2312 1124 opem
2338 1054 2504 1122 ferat,
2540 1071 2753 1113 manum
2781 1060 3047 1130 praebeat,
3076 1073 3132 1119 et
3158 1080 3340 1120 eorum
3366 1081 3492 1138 sup-

1923 1141 2136 1211 plicium
2187 1146 2512 1200 consoletur.
2557 1147 2739 1218 Itaque
2790 1165 2890 1206 nec
2933 1152 3164 1224 virgines
3212 1157 3498 1225 prudentes

1920 1235 2100 1290 stultis
2145 1251 2300 1306 opem
2349 1237 2490 1294 ferre
2535 1249 2820 1310 potuerunt
2866 1242 3088 1313 (Matth.
3113 1245 3201 1301 25.
3232 1246 3347 1316 9),
3392 1264 3500 1304 non

1921 1324 2188 1379 Abraham
2213 1327 2362 1382 diviti
2392 1328 2564 1397 (Luc.
2590 1331 2679 1386 16.
2705 1331 2777 1388 25
2797 1333 2844 1402 ),
2877 1349 2982 1390 non
3017 1334 3130 1390 Noe
3151 1377 3166 1400 ,
3195 1345 3251 1390 et
3271 1337 3408 1406 Job,
3439 1349 3496 1394 et

1920 1415 2104 1471 Daniel
2135 1417 2258 1472 filiis
2293 1422 2352 1468 et
2390 1416 2612 1476 filiabus
2647 1420 2869 1492 (Ezeclt.
2903 1425 2991 1479 14.
3017 1425 3089 1480 20
3103 1427 3144 1495 ).
3175 1425 3305 1481 Illud
3331 1428 3496 1494 enim,

1928 1506 2230 1574 Veterascet,
2259 1517 2364 1576 est,
2391 1511 2491 1564 erit
2520 1511 2862 1579 imbecillum,
2893 1525 3177 1572 evanescet
3203 1533 3266 1572 ac
3290 1517 3495 1573 delebi-

1919 1605 2048 1652 tur:
2081 1596 2229 1664 Quod
2256 1600 2398 1653 enim
2432 1602 2687 1656 ueterascit
2728 1620 2790 1656 ac
2827 1607 3168 1672 consenescit,
3213 1624 3316 1662 non
3350 1608 3500 1680 longe

1915 1690 2054 1745 abest
2087 1691 2152 1745 ab
2186 1691 2408 1747 interitu.
2448 1693 2493 1747 Α
2527 1693 2696 1765 gloria
2722 1713 2817 1752 sua
2852 1699 3102 1754 exturbati
3143 1709 3260 1754 sunt
3289 1706 3308 1773 (
3333 1699 3495 1758 Hebr.

1915 1782 2127 1851 8.15).

1963 1873 2292 1930 Μοηατηεηια
2307 1877 2523 1948 superba
2542 1881 2884 1936 accusationes
2911 1892 3241 1938 mortuorum.
3255 1913 3327 1924 -—
3341 1883 3496 1952 Quod

1915 1968 2148 2022 maxime
2170 1967 2570 2036 desiderabant,
2601 1981 2820 2044 propter
2837 1973 2978 2044 quod
3003 1976 3180 2030 omnia
3210 1976 3493 2042 faciebant,

1913 2068 1970 2115 et
2016 2059 2150 2116 nihil
2193 2077 2298 2116 non
2341 2063 2724 2132 moliebantur,
2770 2081 2963 2138 nempe
3006 2075 3064 2122 ut
3103 2078 3223 2138 post
3265 2079 3493 2126 mortem

1915 2167 2164 2224 magnam
2206 2153 2306 2208 sibi
2351 2165 2598 2224 pararent
2638 2158 2858 2228 gloriam
2883 2199 2901 2225 ,
2939 2173 3036 2230 per
3071 2160 3359 2230 pecunias,
3401 2177 3499 2232 per

1915 2246 2163 2311 aedificia,
2195 2261 2291 2316 per
2312 2248 2578 2318 sepulcra,
2605 2265 2704 2320 per
2724 2251 2938 2306 nomina
2965 2251 3216 2322 inscripta
3239 2253 3290 2308 in
3317 2254 3497 2324 sepul-

1916 2337 2022 2392 cris
2046 2352 2062 2403 ;
2101 2336 2170 2392 ab
2195 2352 2282 2403 eo,
2311 2339 2501 2409 inquit,
2533 2340 2805 2407 excident,
2835 2341 2978 2413 quod
3003 2357 3096 2398 eos
3123 2343 3351 2398 maxima
3379 2359 3500 2399 mo-

1917 2426 2067 2482 lestia
2096 2428 2360 2484 alliciebat
2388 2429 2514 2486 dum
2555 2431 2832 2500 viverent,
2870 2441 2926 2489 et
2949 2433 3064 2490 haec
3091 2435 3309 2491 scirent.
3345 2433 3496 2491 Talia

1916 2517 2060 2572 enim
2103 2519 2325 2574 aedilicia
2377 2532 2502 2576 sunt
2547 2524 2920 2580 accusationes
2967 2534 3320 2581 mortuorum.
3363 2525 3496 2582 Nam

1917 2611 2018 2665 etsi
2045 2625 2241 2680 corpus
2270 2620 2407 2666 terra
2437 2620 2660 2684 tegatur,
2692 2615 2896 2686 lapides
2923 2625 3100 2671 tamen
3126 2631 3314 2673 vocem
3345 2618 3500 2672 emit-

1921 2709 2058 2768 tunt,
2103 2716 2288 2756 eorum
2333 2703 2702 2760 crudelitatem
2747 2716 2802 2760 et
2839 2707 3220 2777 impudentiam
3263 2708 3498 2779 quotidie

236 2796 456 2865 regitur,
487 2806 539 2851 et
575 2797 859 2861 vindicta';
903 2796 994 2851 hic
1021 2812 1150 2851 vero
1186 2797 1316 2850 exiit
1354 2796 1528 2865 capite
1571 2795 1892 2852 redimitoo
1918 2802 2250 2858 accusantes,
2293 2811 2604 2852 communes
2632 2811 2723 2853 eos
2750 2797 2932 2853 hostes
2959 2799 3378 2867 proclamantes,
3403 2813 3500 2854 eos

234 2887 447 2941 coronis
493 2887 806 2954 innumeris,
856 2897 909 2942 et
954 2887 1006 2940 in
1054 2887 1166 2956 ipsa
1213 2887 1471 2942 servitute
1516 2886 1819 2943 libertatem

234 2977 406 3048 magis
443 2979 872 3046 reSplendentem
915 2977 1204 3032 ostendens
1229 2976 1255 3027 ?

306 3070 394 3125 10.
428 3067 598 3124 Virtus
623 3069 815 3134 libera;
838 3068 1015 3123 vitium
1041 3084 1257 3122 servum.
1283 3098 1356 3108 —
1383 3067 1522 3124 Nihil
1549 3077 1632 3126 est
1669 3069 1813 3126 enim

234 3177 387 3231 :eque
407 3161 629 3217 liberum
655 3171 714 3218 ut
737 3162 923 3230 virtus,
954 3161 1084 3217 nihil
1109 3177 1260 3232 atque
1284 3176 1498 3218 servum
1525 3171 1584 3218 ut
1604 3163 1811 3219 vitium.

233 3253 306 3310 Et
349 3255 469 3310 ideo
515 3254 646 3310 dicit
687 3254 848 3310 etiam
891 3254 1017 3310 alibi
1061 3254 1323 3325 quispiam
1354 3272 1368 3308 :
1398 3254 1616 3326 Sapiens
1644 3271 1816 3312 servus

235 3347 471 3402 obtinebit
499 3347 811 3402 dominatum
849 3347 902 3400 in
929 3347 1158 3402 dominos
1184 3347 1475 3418 insipientes
1501 3347 1692 3419 (Prov.
1722 3349 1810 3404 17.

231 3439 332 3510 2).
379 3438 833 3506 Quemadmodum
877 3439 1019 3494 enim
1058 3440 1336 3510 captivus,
1379 3440 1480 3496 etsi
1524 3441 1816 3496 immensas

234 3528 429 3585 habeat
453 3527 682 3593 divitias,
731 3543 797 3585 eo
843 3528 958 3599 ipso
996 3527 1153 3585 facile
1196 3531 1315 3601 capi
1361 3538 1536 3600 potest
1561 3539 1618 3587 et
1643 3545 1813 3602 expu-

183 3667 186 3670 .
231 3621 380 3689 gnari
408 3620 475 3676 ab
503 3619 749 3676 omnibus
777 3638 790 3674 :
819 3620 888 3676 ita
918 3621 1076 3675 etiam
1104 3621 1191 3692 qui
1233 3621 1301 3676 ab
1328 3622 1489 3676 animi
1528 3623 1812 3692 perturba-

237 3711 466 3766 tionibus
490 3719 676 3781 captus
704 3719 820 3778 est,
847 3719 930 3767 est
955 3711 1060 3767 tela
1086 3725 1296 3767 aranea:
1321 3713 1496 3767 vilior.
1519 3713 1654 3782 Quid
1684 3729 1812 3770 vero

235 3804 288 3858 in
320 3803 506 3858 bello?
530 3818 704 3858 annon
731 3819 824 3860 eos
852 3803 1093 3859 videmus
1110 3804 1373 3862 vincere?
1407 3805 1544 3874 Quid
1573 3807 1623 3860 in
1651 3805 1811 3861 rebus

233 3893 524 3950 tractandis
561 3905 614 3949 et
641 3894 1048 3949 consultandis?
1087 3911 1262 3950 annon
1305 3879 1423 3966 qha:
1451 3896 1634 3950 dicunt
1660 3895 1812 3951 firma

232 3995 359 4040 sunt
385 3994 439 4041 et
467 3985 672 4041 stabilia
697 4027 712 4049 ,
755 3986 856 4042 etsi
887 3985 1062 4040 nullus
1091 3987 1316 4056 pareat?
1361 3986 1496 4052 Quid
1537 3998 1718 4042 autem
1757 3988 1810 4042 in

235 4079 299 4133 iis
327 4094 444 4149 quae
473 4078 607 4134 hanc
634 4081 795 4134 vitam
838 4078 1280 4149 consequuntur?
1317 4093 1495 4134 annon
1535 4079 1687 4135 dives
1725 4079 1814 4136 ille

233 4181 501 4243 tamquam
530 4173 805 4227 mendicus
842 4179 1043 4243 guttam
1074 4170 1246 4240 petiit,
1289 4185 1388 4226 nec
1414 4186 1530 4226 eam
1559 4171 1816 4241 impetra-

232 4261 350 4315 vit?
391 4275 591 4331 pauper
614 4271 822 4328 autem,
868 4260 1118 4331 quoniam
1147 4270 1262 4315 erat
1301 4260 1472 4316 bonus
1512 4269 1568 4316 et
1607 4260 1818 4316 virtutis

231 4351 524 4418 studiosus,
552 4366 728 4406 annon
760 4351 812 4406 in
843 4351 1072 4406 maxima
1097 4349 1196 4406 fuit
1233 4349 1500 4416 felicitate,
1538 4359 1594 4407 et
1628 4351 1815 4407 eadem

231 4446 281 4500 ei
311 4460 429 4501 sors
453 4461 572 4516 qua:
597 4445 826 4501 Abrahae
852 4445 1040 4516 obtigit
1067 4442 1218 4516 (Luc.
1246 4443 1334 4500 16.
1357 4441 1513 4515 2i)?
1549 4444 1686 4512 Quid
1714 4459 1816 4498 au-

233 4547 344 4592 tetn
373 4537 425 4592 in
456 4536 754 4607 apostolis?
793 4549 969 4592 annon
1012 4535 1172 4592 vincti
1197 4577 1212 4602 ,
1255 4536 1433 4606 ﬂagris
1461 4538 1585 4592 caesi
1608 4577 1622 4602 ,
1656 4537 1816 4590 innu-

233 4645 380 4684 ntera
411 4630 546 4685 mala
577 4630 740 4700 passi,
771 4644 867 4684 eos
889 4628 1210 4698 superabant
1237 4629 1327 4700 qui
1367 4627 1486 4682 illos
1511 4629 1664 4684 malis
1695 4628 1816 4683 affi-

229 4721 446 4776 ciebant
483 4717 659 4789 (Rom.
688 4719 740 4776 8.
759 4720 870 4785 37.;
886 4717 940 4772 2.
963 4717 1085 4773 Cor.
1110 4717 1163 4771 4.
1183 4716 1277 4788 8)?
1295 4717 1480 4788 Cogita
1505 4734 1634 4790 ergo
1655 4735 1814 4790 quant

230 4811 396 4865 animi
437 4811 628 4865 dubios
670 4821 725 4866 et
770 4809 1054 4883 pet-plexos
1084 4823 1176 4864 eos
1217 4808 1547 4877 reddebant,
1595 4810 1730 4865 adeo
1759 4819 1814 4866 ut

229 4905 474 4960 dicerent
501 4921 516 4958 :
551 4905 686 4971 Quid
713 4903 957 4975 faciemus
986 4904 1062 4956 his
1103 4901 1386 4957 hominibus
1411 4902 1431 4972 (
1445 4902 1558 4958 Art.
1587 4903 1641 4958 4.
1669 4901 1812 4974 ιδῃ

228 4994 394 5065 Atqui
423 4997 670 5049 tenebant
696 5009 790 5049 eos
814 4994 1040 5056 vinctos,
1065 5003 1120 5047 et
1147 4994 1198 5047 in
1223 4992 1415 5048 mediis
1429 4993 1643 5063 judiciis
1663 5009 1800 5048 cetu-

233 5087 564 5156 prebensos;
593 5095 648 5142 et
676 5086 989 5142 obtinebant
1027 5085 1099 5140 illi
1137 5085 1348 5155 quidem
1381 5086 1552 5141 locum
1577 5085 1814 5155 judicum

230 5189 289 5232 et
314 5179 718 5248 magistratuum
741 5220 756 5244 ,
803 5179 855 5234 hi
885 5193 1010 5233 vero
1040 5187 1306 5247 tamquam
1336 5179 1414 5233 rei
1451 5178 1559 5233 illic
1584 5177 1816 5242 stabant,

234 5279 288 5323 et
319 5269 370 5322 hi
415 5278 590 5323 tamen
632 5270 750 5324 illos
781 5269 1038 5324 vicerunt.
1071 5268 1278 5340 Ubique
1315 5269 1548 5340 denique
1569 5309 1585 5332 ,
1626 5269 1670 5324 si
1700 5269 1819 5339 quis

233 5361 522 5432 diligenter
548 5362 886 5428 consideret,
927 5363 1128 5417 videbit
1167 5363 1336 5417 virum
1379 5363 1576 5419 bonum
1607 5364 1821 5420 vincere

234 5454 407 5508 virum
433 5454 736 5524 improbum
767 5473 780 5508 :
811 5470 978 5524 eaque
1009 5469 1134 5508 vere
1164 5463 1248 5508 est
1275 5454 1492 5510 victoria
1517 5496 1532 5520 ,
1573 5471 1678 5510 non
1704 5455 1821 5510 vnl-

235 5547 376 5615 garis
409 5546 496 5599 illa
521 5562 639 5616 qua:
668 5545 798 5600 falsa
824 5555 902 5601 est
933 5553 989 5600 et
1019 5545 1188 5598 fucata
1208 5583 1223 5610 ,
1265 5560 1327 5599 ac
1354 5561 1472 5614 qua:
1511 5547 1662 5604 facile
1687 5560 1820 5602 con-

297 5651 373 5712 (a)
405 5657 521 5700 Cum
543 5653 612 5703 ait
635 5652 928 5714 Petepbren,
974 5661 1067 5699 seu
1101 5648 1410 5715 Putipharem
1443 5648 1594 5715 fuisse
1631 5665 1822 5715 regem,

236 5711 444 5776 ejusque
463 5726 668 5764 uxorem
692 5711 930 5778 reginam,
950 5718 1089 5778 tropo
1106 5711 1346 5778 modoque
1380 5711 1610 5775 loquendi
1635 5711 1729 5764 non
1756 5711 1824 5764 iné

236 5783 381 5900 auctio
401 5779 574 5888 ptitur,
598 5790 697 5838 quo
721 5775 811 5825 res
835 5775 1008 5826 dicitur
1038 5776 1078 5821 is
1094 5775 1175 5837 qui
1211 5781 1452 5836 potestate
1472 5783 1520 5824 ct
1540 5778 1827 5828 auctoritate

272 5850 328 5886 au
366 5851 396 5888 e
425 5874 435 5887 .

1917 2885 2008 2957 qui
2034 2894 2381 2956 praetereunt,
2409 2895 2468 2942 ut
2492 2901 2584 2942 eos
2613 2887 2744 2943 diris
2771 2896 2825 2944 et
2852 2888 3148 2943 maledictis
3177 2904 3499 2961 persequan-

1917 2985 2006 3032 tur
2028 2985 2083 3033 et
2109 2988 2403 3045 accusent,
2439 2978 2744 3035 imitantes.
2788 2980 3046 3049 Quaenam
3087 2990 3169 3036 est
3213 2996 3343 3051 ergo
3383 2981 3498 3038 haec

1914 3067 2120 3140 gloria,
2157 3079 2523 3126 accusatorem
2567 3071 2868 3142 relinquere
2913 3083 3017 3126 non
3061 3079 3324 3127 tacentem
3345 3111 3362 3139 ,
3403 3073 3499 3128 sed

1915 3159 2036 3216 solo
2061 3171 2278 3231 aspectu
2305 3175 2398 3216 ora
2425 3161 2664 3217 omnium
2693 3162 3044 3232 aperientem,
3070 3172 3126 3217 et
3149 3162 3290 3233 apud
3309 3177 3500 3220 omnes

1915 3253 2007 3324 qui
2036 3251 2218 3308 vident
2253 3260 2310 3308 et
2349 3254 2614 3310 accedunt
2634 3293 2650 3320 ,
2680 3268 2775 3309 eos
2803 3253 2896 3325 qui
2922 3253 3255 3310 aedificarunt
3290 3256 3498 3327 gravis-

1915 3345 2052 3402 sime
2075 3346 2481 3416 increpantem?
2505 3345 2769 3415 Quidnam
2796 3354 2970 3418 potest
2994 3361 3116 3402 cum
3143 3347 3244 3403 hac
3265 3347 3496 3404 conferri

1915 3436 2160 3504 stultitia,
2187 3436 2402 3506 quando
2427 3452 2489 3493 ea
2517 3437 2718 3494 faciunt
2742 3437 2812 3493 de
2836 3437 3030 3508 quibus
3055 3438 3366 3509 puniuntur,
3397 3453 3498 3510 pro

1914 3527 2106 3599 quibus
2133 3538 2488 3596 accusantur,
2527 3537 2746 3602 propter
2773 3545 2892 3600 qua:
2921 3530 3084 3585 etiam
3124 3539 3243 3600 post
3267 3538 3493 3587 mortem

1913 3637 1944 3677 a
1970 3621 2150 3678 multis
2171 3622 2533 3678 effodiuntur:
2561 3638 2625 3678 ex
2651 3623 2846 3694 quibus
2872 3623 3287 3692 exsecrationes,
3315 3638 3498 3694 repre-

1913 3714 2200 3770 hensiones
2227 3723 2282 3770 et
2307 3715 2470 3770 multa
2496 3714 2720 3770 crimina
2751 3716 2994 3770 oriuntur
3013 3753 3028 3782 ,
3059 3723 3165 3770 tam
3190 3713 3262 3770 ab
3300 3715 3379 3770 eis
3403 3716 3492 3785 qui

1913 3806 2105 3876 injuria
2127 3805 2300 3861 allecti
2325 3813 2468 3871 sunt,
2491 3821 2648 3876 quam
2669 3805 2760 3876 qui
2787 3819 2892 3860 non
2917 3803 3091 3860 affecti
3115 3805 3273 3860 sunt?
3295 3804 3383 3860 16.
3399 3803 3496 3858 Ve-

1912 3907 2193 3950 rumtamen
2216 3894 2355 3949 Deus
2375 3895 2582 3949 redimet
2601 3895 2824 3948 animum
2847 3909 3006 3947 meam
3028 3894 3092 3948 de
3112 3910 3266 3948 manu
3286 3894 3494 3967 inferni,

1913 3990 2118 4062 quando
2138 3989 2382 4058 acceperit
2408 4003 2506 4040 me.
2537 3987 2824 4055 Postquam
2849 3985 2981 4038 dixit
3007 3985 3308 4040 mercedem
3329 3985 3498 4041 malo-

1915 4095 2033 4136 rum
2059 4120 2075 4146 ,
2107 4087 2159 4133 et
2185 4076 2507 4146 stipendium
2538 4074 2760 4144 peccati,
2801 4074 2932 4127 dicit
2965 4073 3124 4128 etiam
3152 4075 3367 4143 prs-mia
3399 4076 3498 4130 bo-

1917 4185 2110 4226 norum
2143 4187 2158 4223 :
2190 4167 2332 4239 quod
2359 4176 2414 4222 et
2437 4165 2552 4236 ipse
2579 4176 2633 4221 et
2666 4165 2754 4220 alii
2785 4163 3058 4234 prophetae
3096 4164 3274 4221 facere
3300 4167 3494 4233 solent,

1917 4271 1977 4318 ut
2020 4277 2083 4317 ex
2128 4268 2354 4330 utroque
2397 4257 2699 4313 auditorum
2745 4255 3044 4322 instituant,
3097 4270 3288 4327 nempe
3329 4264 3384 4311 et
3425 4272 3493 4312 ex

1918 4355 2096 4427 pomis
2120 4361 2460 4426 peccatorum
2483 4393 2498 4419 ,
2531 4362 2584 4408 et
2613 4367 2678 4408 ex
2719 4350 2951 4424 pra-miis
2975 4350 3206 4406 virtutis.
3254 4349 3328 4404 Ita
3370 4365 3502 4420 ergo

1917 4462 1978 4502 se
2003 4446 2202 4502 habent
2224 4459 2312 4501 res
2337 4445 2570 4510 illorum,
2599 4441 2838 4510 infamia,
2863 4441 3012 4497 labor
3033 4441 3228 4506 iuanis,
3251 4441 3498 4508 stultitia,

1918 4540 2077 4602 risus,
2106 4537 2372 4604 dedecus,
2403 4537 2678 4602 interitus,
2709 4550 2852 4591 mors
2873 4577 2888 4602 ,
2919 4543 3264 4602 tormentum,
3302 4549 3498 4605 perpe.

1918 4640 2068 4686 tuum
2113 4630 2467 4701 supplicium,
2514 4628 2773 4684 molestiis
2820 4628 3116 4698 expositum
3161 4642 3193 4682 a
3232 4627 3400 4698 gloria
3444 4637 3499 4683 et

1916 4721 2205 4778 securitate
2241 4720 2532 4787 excidisse,
2559 4722 2710 4776 vivos
2737 4729 2793 4776 et
2829 4726 3099 4786 mortuos,
3132 4719 3414 4791 vituperari
3444 4729 3500 4776 et

1918 4811 2180 4876 accusari,
2213 4813 2412 4866 ttullum
2440 4811 2686 4866 invenire
2710 4809 2972 4865 malorum
3001 4809 3267 4865 solatium.
3309 4809 3498 4867 Nostra

1919 4915 2096 4960 autem
2122 4911 2307 4958 contra
2339 4918 2398 4958 se
2426 4902 2628 4957 habent
2655 4901 2854 4968 omnia,
2893 4901 3138 4958 liberatio
3161 4916 3191 4956 a
3216 4905 3497 4974 supplicio,

1920 4996 2137 5050 libertas
2164 4994 2394 5059 animae,
2429 4993 2688 5048 securitas
2706 5034 2722 5058 ,
2754 4991 2928 5048 honor
2946 5033 2962 5059 ,
2986 4995 3172 5065 gloria.
3207 4997 3331 5050 lltcc
3356 4997 3500 5050 enim

1921 5087 2098 5141 omnia
2125 5085 2499 5151 subindicavit,
2526 5101 2645 5139 cum
2667 5085 2826 5140 dixit:
2844 5085 3192 5142 Verumtamen
3221 5087 3358 5140 Deus
3387 5085 3502 5140 red-

1923 5180 2038 5232 imet
2081 5178 2304 5233 animant
2333 5194 2493 5232 nteant
2522 5178 2585 5232 de
2610 5195 2764 5233 manu
2793 5180 3001 5251 inferni,
3026 5181 3230 5251 quando
3256 5177 3503 5247 acceperit

1925 5287 2002 5324 me
2035 5286 2055 5325 :
2081 5269 2279 5326 inferos
2318 5269 2405 5324 hic
2449 5269 2633 5326 dicens
2675 5271 2989 5341 supplicium
3015 5312 3037 5337 ,.
3077 5271 3344 5325 cruciatus
3386 5269 3504 5322 illos

1927 5362 2310 5420 intolerabiles.
2357 5361 2648 5418 Considera
2695 5375 2872 5418 autem
2918 5370 3146 5431 quantus
3191 5360 3262 5413 sit
3310 5361 3501 5425 honor,

1931 5471 2036 5512 non
2071 5464 2286 5526 propter
2313 5455 2413 5509 hoc
2443 5463 2644 5510 tantum
2667 5497 2682 5522 ,
2715 5455 2807 5509 sed
2853 5455 3014 5508 etiam
3040 5462 3258 5524 propter
3289 5453 3339 5506 id
3362 5455 3501 5522 quod

1927 5547 2283 5618 subjungitur.
2325 5548 2455 5601 Cum
2495 5547 2654 5612 enim,
2701 5545 2888 5616 inquit,
2929 5543 3198 5614 acceperit
3231 5559 3344 5610 nte,
3383 5554 3505 5601 tunc

1929 5639 2101 5710 ipsum
2140 5637 2332 5692 videbo
2373 5637 2572 5692 clarius
2611 5651 2768 5706 quam
2819 5649 2978 5690 nunc.
3022 5633 3174 5690 Nunc
3219 5635 3361 5691 cuitu
3411 5653 3506 5708 per

1932 5733 2088 5788 fidem
2116 5731 2468 5794 ambulamus,
2493 5746 2598 5783 nou
2619 5742 2718 5795 per
2743 5727 2998 5797 speciem,
3023 5737 3147 5784 tunc
3172 5740 3348 5784 autem
3373 5729 3506 5787 facit;

1935 5825 1997 5882 ad
2025 5826 2210 5882 faciem
2248 5824 2329 5898 (l.
2355 5821 2473 5879 Cor.
2505 5819 2589 5876 15.
2625 5819 2739 5892 12).
2770 5819 3060 5893 ιὶεάεωιιω
3090 5828 3265 5877 autem
3303 5822 3504 5885 anima,
