4074 6206
605 483 802 540 corpus
823 482 1036 545 quoque
1057 467 1160 524 erit
1182 466 1442 523 bonorum
1465 467 1748 539 particeps.
1779 464 1862 519 i'l.
1891 463 1974 520 Ne
1995 464 2175 516 tinuo-

605 562 678 616 ris
701 576 816 614 sunt
837 558 976 613 dim
1002 562 1168 629 facta
1197 558 1350 627 fuerit
1371 559 1524 611 hoino
1540 598 1558 624 ,
1597 557 1679 610 vel
1697 571 1814 608 cum
1842 554 2178 624 multiplicato

608 651 756 720 fuerit
780 650 946 722 gloria
969 650 1148 703 domus
1176 650 1304 716 eius.
1331 648 1456 703 Haec
1481 663 1602 702 cum
1628 649 1698 700 ita
1723 662 1784 701 se
1809 647 2056 708 habeant,
2089 645 2173 698 in-

606 742 742 812 quit,
769 741 896 812 quid
921 742 1080 796 times
1106 741 1384 810 prasentia
1408 739 1436 793 ἲ
1471 738 1598 809 quid
1637 746 1692 794 to
1730 736 1871 792 male
1896 735 2056 792 habet
2091 737 2176 790 in-

606 831 766 902 opia?
809 830 934 902 quid
977 830 1234 887 formidas
1276 829 1534 886 divitem?
1575 827 1834 882 Audivisti
1875 841 1996 896 qum
2036 824 2176 880 dicta

604 930 729 977 sunt
771 921 840 977 de
883 922 1294 987 resurmtione,
1333 919 1403 974 de
1441 920 1704 974 bonorum
1748 917 2068 982 hereditate,
2107 915 2180 970 de

604 1013 868 1084 supplicio
893 1012 1198 1067 maiorum!
1229 1011 1365 1080 Quid
1396 1010 1612 1064 umbras
1635 1009 1884 1077 deinceps
1919 1007 2183 1078 pertime-v

603 1103 754 1161 scis?
794 1103 889 1160 Illa
915 1103 1056 1158 enim
1083 1111 1208 1158 sunt
1237 1104 1386 1156 ﬁrma
1411 1117 1475 1157 ac
1497 1101 1728 1165 stabilia,
1759 1099 1874 1154 haec
1900 1115 2030 1155 vero
2051 1105 2179 1153 sunt

602 1193 795 1250 similia
821 1193 1041 1248 ﬁoribus
1069 1192 1161 1263 qui
1197 1191 1536 1247 ﬂaccescunt.
1571 1190 1830 1246 Omnibus
1859 1189 2036 1260 itaque
2059 1189 2178 1243 aliis

604 1283 1008 1353 praemissis,
1034 1299 1212 1340 arcem
1238 1284 1501 1338 maiorum
1539 1283 1770 1348 invasit,
1808 1295 2000 1350 nempe
2033 1279 2174 1334 divi-

603 1376 792 1432 tiarum
833 1375 1178 1446 cupiditatem
1215 1392 1229 1429 :
1271 1389 1334 1430 ea
1376 1374 1520 1429 enim
1564 1373 1736 1428 diruta
1763 1412 1780 1438 ,
1821 1373 1925 1426 alia
1963 1386 2176 1442 quoque

600 1467 760 1521 simul
787 1466 1160 1522 destruuntur.

671 1557 758 1611 lt.
801 1555 869 1610 Et
891 1556 1158 1625 quomodo
1186 1571 1292 1609 non
1322 1554 1552 1618 timebo,
1583 1553 1791 1624 inquit,
1818 1567 1914 1608 eos
1935 1553 2022 1623 qui
2053 1561 2175 1607 tan-

600 1655 711 1702 tum
755 1645 1024 1715 possunt?
1066 1644 1305 1700 Potentia
1341 1655 1422 1699 est
1461 1644 1529 1698 ad
1571 1643 1738 1698 breve
1778 1653 2012 1712 tempus,
2037 1644 2175 1698 vires

601 1735 758 1790 unius
807 1737 990 1798 ltorzn,
1030 1736 1218 1789 transit
1271 1750 1445 1789 rerum
1499 1748 1806 1798 successus,
1857 1734 2072 1790 umbras
2120 1745 2178 1790 et

600 1825 808 1881 somnia
835 1825 1107 1880 imitantur
1134 1825 1402 1894 pecunias.
1431 1825 1657 1892 divitiae,
1685 1834 1740 1881 et
1767 1824 1940 1884 Iunior
1967 1834 2171 1890 tantus,

600 1926 654 1971 et
678 1915 1102 1986 ideosubjuuxit
1131 1935 1144 1971 :
1177 1917 1262 1972 18.
1303 1916 1552 1983 Quoniam
1594 1933 1711 1972 cum
1750 1916 2025 1983 interierit,
2072 1933 2176 1972 non

599 2015 760 2062 suntet
804 2006 1010 2072 ontnia,
1056 2022 1213 2073 neque
1252 2007 1514 2066 descendet
1553 2023 1666 2065 cum
1709 2023 1770 2062 eo
1813 2007 1978 2076 gloria
2019 2007 2175 2077 (ius:

601 2097 924 2172 subjungens
941 2113 1175 2164 causam,
1202 2112 1296 2152 cur
1317 2113 1422 2154 non
1444 2098 1626 2154 timeat
1650 2115 1768 2169 qua:
1791 2109 1912 2153 sunt
1935 2113 2175 2156 momen-

603 2198 777 2246 tanea.
800 2189 954 2246 Venit
971 2203 1138 2257 mors,
1162 2189 1395 2248 radicem
1413 2190 1656 2255 abscidit,
1680 2199 1734 2246 et
1754 2191 2000 2250 universa
2021 2205 2175 2246 coma

601 2277 794 2340 decidit
837 2294 958 2336 cum
1005 2279 1169 2348 foliis,
1213 2288 1267 2338 et
1303 2280 1492 2342 domus
1535 2279 1689 2342 facile
1723 2281 1839 2351 capi
1890 2289 2063 2351 petest
2109 2281 2178 2338 ab

599 2370 867 2430 euntibus.
909 2372 1364 2439 Quemadmodum
1406 2387 1537 2445 ergo
1578 2388 1706 2430 oves
1750 2382 1805 2434 et
1841 2389 2015 2443 capra:
2054 2380 2178 2444 post

601 2462 889 2518 sectionem
928 2463 1190 2532 jacentem
1217 2465 1466 2522 arborem
1492 2464 1774 2522 invadunt:
1819 2464 1888 2520 ita
1917 2465 2076 2524 etiam
2121 2464 2175 2524 in

603 2555 666 2610 iis
704 2555 794 2624 qui
847 2554 953 2612 hoc
996 2555 1155 2612 modo
1201 2566 1326 2614 sunt
1361 2557 1572 2623 divites,
1617 2557 1767 2616 multi
1799 2557 1978 2622 amici.
2023 2556 2176 2614 ntulti

600 2659 788 2702 eorum
810 2660 944 2718 quos
965 2646 1236 2704 beneﬁciis
1253 2646 1566 2714 aﬁecerunt.
1595 2647 1932 2706 inveniuntur
1952 2661 2038 2702 res
2060 2647 2178 2710 ilio-

601 2751 717 2792 rum
747 2736 969 2806 perdere
997 2748 1051 2794 et
1073 2747 1352 2801 evertere;
1381 2748 1436 2794 et
1457 2739 1547 2808 qui
1578 2747 1655 2794 tot
1679 2747 1736 2794 et
1760 2746 1900 2796 tanta
1930 2737 2172 2808 posside-

600 2827 710 2894 bat,
739 2837 816 2885 tot
844 2829 1180 2898 pocillatores
1201 2871 1216 2894 ,
1247 2837 1325 2886 tot
1351 2844 1550 2899 coquos
1571 2871 1588 2894 ,
1621 2837 1860 2884 crateres
1887 2844 2079 2884 aureos
2121 2837 2176 2884 et

598 2927 880 2989 argenteos
910 2919 1156 2984 habebat,
1185 2929 1260 2976 tot
1289 2929 1344 2975 et
1370 2929 1511 2976 tanta
1543 2929 1696 2976 terra:
1718 2919 1902 2990 jugera
1921 2959 1938 2984 ,
1963 2918 2172 2986 domos,

599 3011 883 3082 mancipia,
913 3027 1080 3083 equos
1099 3053 1113 3076 ,
1143 3013 1337 3077 mulos.
1367 3014 1634 3080 camelos,
1659 3025 1834 3072 castra
1857 3027 2130 3068 servorum
2153 3053 2171 3080 ,

599 3104 745 3161 solus
763 3103 892 3169 abit.
915 3115 968 3160 et
993 3120 1150 3162 nemo
1177 3122 1297 3164 cum
1319 3121 1386 3161 eo
1407 3105 1649 3169 discedit,
1671 3121 1770 3162 nec
1793 3105 1936 3174 ipsas
1961 3103 2173 3180 quidem

599 3204 777 3252 vestes
801 3208 1038 3255 sumens.
1065 3195 1182 3262 Quo
1210 3197 1351 3254 enim
1380 3195 1540 3257 fuerit
1568 3195 1894 3265 splendidius
1935 3194 2172 3262 indutus,

601 3293 748 3346 tanto
773 3284 1052 3342 lautiorem
1077 3301 1315 3342 mensam
1345 3284 1512 3342 veruti
1539 3299 1727 3355 parans
1754 3284 1976 3354 recedit,
2005 3294 2060 3342 et
2081 3301 2172 3338 sco

599 3377 904 3448 pulcros-um
933 3377 1274 3436 eli'ossoribus
1300 3377 1611 3449 ampliorem
1639 3377 1982 3446 cupiditatem
2001 3417 2018 3444 ,
2041 3387 2096 3432 et
2118 3377 2173 3436 iu

599 3469 855 3526 miserum
877 3483 1074 3542 corpus
1094 3469 1324 3538 majores
1349 3468 1587 3528 insidias.
1615 3468 1734 3536 Quo
1755 3468 1897 3533 enim
1921 3483 1981 3528 se
2006 3468 2173 3539 magis

599 3569 824 3619 exornat
845 3601 861 3625 .
887 3575 954 3618 eo
980 3561 1034 3619 in
1078 3575 1138 3620 se
1164 3562 1418 3629 majorem
1447 3560 1820 3622 contumeliam
1861 3571 2133 3630 comparat
2154 3603 2172 3626 ,

600 3667 790 3712 manus
813 3665 1002 3712 eorum
1023 3653 1118 3723 qui
1142 3653 1324 3709 thecas
1348 3651 1606 3709 cﬁ'odiunt
1625 3665 1838 3708 armans
1863 3651 1916 3708 in
1939 3653 2170 3722 seipsutu

597 3755 656 3800 et
695 3744 947 3802 inritans.
975 3744 1045 3802 Et
1085 3743 1212 3816 quid
1257 3745 1412 3802 tuin?
1451 3743 1694 3813 inquies:
1734 3753 1786 3798 at
1834 3743 1924 3800 hic
1957 3744 2170 3814 quidem

597 3844 744 3894 certe
770 3851 828 3892 se
844 3836 1026 3907 jactut,
1047 3838 1322 3908 gloriatur.
1341 3845 1395 3894 et
1420 3836 1722 3895 intumescit
1747 3851 1912 3906 usque
1937 3836 2002 3892 ad
2025 3852 2172 3896 mor-

598 3936 728 3984 tem.
745 3926 856 3984 imo
871 3943 996 3984 vero
1016 3927 1166 3984 multi
1187 3942 1254 3982 ne
1271 3926 1338 3982 ad
1357 3939 1580 3992 mortem
1605 3925 1844 3997 quidem;
1873 3926 1965 3982 sed
1983 3927 2034 3984 in
2057 3927 2173 3981 illos

595 4018 796 4074 coortis
829 4017 1243 4099 insidiatoribus,
1290 4019 1562 4088 quibusvis
1596 4018 1702 4074 reis
1741 4019 1984 4089 graviora
2033 4019 2170 4092 passi

595 4118 740 4176 sunt,
772 4111 992 4180 pecunia
1019 4111 1259 4181 spoliati,
1291 4109 1508 4168 infamia
1533 4112 1719 4176 notati,
1753 4111 1805 4166 in
1830 4126 2046 4168 carcere
2071 4110 2170 4167 ita-

596 4202 844 4260 bitantes.
870 4201 971 4270 Qui
1017 4203 1158 4264 enim
1201 4201 1314 4258 heri
1351 4202 1410 4257 in
1449 4217 1631 4266 curru.
1661 4202 1818 4262 hodie
1859 4203 1911 4260 in
1954 4212 2170 4272 catena;

594 4295 688 4364 qui
715 4295 829 4351 lteri
858 4295 1240 4354 observabatur
1264 4295 1334 4350 ab
1359 4295 1738 4360 adulatoribus,
1770 4311 1912 4352 mtuo
1935 4312 1966 4352 a
1993 4297 2170 4352 carni-

596 4386 784 4444 ﬁcibus
823 4386 1130 4451 obsidetur;
1175 4386 1266 4456 qui
1313 4396 1578 4455 unguenta
1633 4387 1842 4454 elebat,
1897 4403 2040 4444 nunc
2088 4397 2172 4444 est

595 4490 874 4550 respersus
897 4477 1180 4546 sanguine;
1199 4477 1288 4545 qui
1318 4475 1372 4532 in
1402 4475 1546 4530 molli
1565 4475 1704 4532 lecto
1723 4477 2085 4546 accumbebat,
2117 4478 2178 4532 in.

596 4568 734 4624 duro
757 4567 874 4624 solo
895 4567 1075 4636 jacet;
1107 4568 1194 4637 qui
1221 4568 1289 4624 ab
1313 4567 1560 4622 omnibus
1581 4566 1874 4634 colebatur,
1895 4568 1964 4622 ab
1992 4569 2170 4623 omni-

597 4659 697 4718 bus
721 4660 1095 4716 contemnitur.
1126 4662 1195 4714 At
1229 4659 1280 4712 in
1309 4668 1480 4714 morte
1505 4661 1620 4726 ejus
1647 4667 1772 4716 sunt
1804 4659 2092 4730 magniﬁca:
2117 4670 2172 4720 et

594 4750 886 4820 splendida:
905 4751 1190 4821 exsequiae.
1215 4751 1280 4806 Et
1295 4749 1422 4822 quid
1448 4751 1514 4804 ad
1537 4751 1705 4817 illum,
1736 4752 1824 4822 qui
1847 4768 1951 4806 non
1972 4753 2170 4808 sentit?

597 4840 762 4910 Major
786 4841 962 4906 linter,
991 4841 1161 4912 major
1185 4840 1394 4905 horror.
1424 4841 1614 4901 invidia
1647 4842 2048 4902 vehementior:
2086 4853 2172 4900 est

593 4932 738 4990 enim
781 4929 904 4986 ﬁliis
944 4946 1065 4988 cum
1101 4942 1316 4992 mortuo
1362 4932 1557 4990 bellum
1602 4942 1910 5006 perpetuum
1951 4945 2170 5006 propter

594 5026 739 5082 illam
783 5023 1245 5096 magniﬁcentiam.
1289 5024 1424 5081 Vide
1455 5035 1632 5082 autem
1656 5042 1815 5096 quam
1843 5027 1915 5082 sit
1951 5028 2168 5084 verbum

587 5126 843 5176 accurate
876 5117 1102 5188 positum
1124 5159 1140 5182 ,
1169 5127 1223 5174 et
1263 5133 1420 5188 quam
1468 5119 1538 5174 sit
1574 5133 1761 5190 magna
1815 5120 2165 5190 philosophia.

590 5209 708 5267 Non
736 5207 909 5266 solum
933 5210 1073 5264 enim
1098 5224 1218 5266 eum
1247 5224 1319 5264 ex
1340 5225 1406 5264 co
1427 5210 1735 5276 insectatur,
1766 5210 1906 5279 quod
1940 5225 2044 5265 non
2065 5227 2166 5267 una

592 5300 864 5368 recedant,
893 5299 988 5357 sed
1012 5299 1171 5358 etiam
1197 5315 1318 5356 cum
1344 5299 1430 5356 hic
1449 5301 1590 5354 omni
1621 5315 1812 5372 pompa
1835 5311 1884 5355 et
1916 5313 2165 5373 apparatu

592 5392 807 5463 spoliat,
829 5402 886 5451 et
918 5407 1018 5451 nec
1050 5391 1262 5449 divitias
1282 5391 1494 5463 quidem
1523 5407 1642 5448 esse
1677 5391 1928 5458 ostendit,
1958 5393 2166 5460 quando

589 5498 776 5540 eorum
817 5483 1476 5556 possessionel'ruehatur.
1515 5481 1629 5537 Non
1659 5482 1790 5538 dixit
1826 5483 1964 5536 cnim
1987 5522 2002 5546 ,
2031 5480 2162 5536 Cum

590 5575 934 5646 multiplicata
963 5575 1122 5634 fuerit
1145 5576 1308 5647 gloria
1333 5575 1468 5646 ejus,
1493 5575 1606 5642 scd,
1641 5574 1815 5630 Gloria
1838 5576 2014 5628 domus
2034 5575 2161 5644 ejus.

592 5664 722 5721 llaec
743 5665 884 5723 enim
904 5667 1102 5735 omnia,
1127 5683 1247 5738 qua:
1270 5668 1591 5730 enumeravi,
1623 5666 1811 5730 fontes,
1836 5665 2160 5728 ambulacro,

585 5755 901 5828 porticuset
928 5756 1132 5822 balnea,
1159 5773 1343 5813 aurtnn
1370 5767 1419 5814 ct
1457 5767 1726 5828 argentum
1749 5797 1761 5821 ,
1785 5772 1904 5825 equt
1931 5765 1980 5810 et
2014 5756 2156 5828 ntuli,

1311 355 1367 410 S.
1405 351 1684 409 JOANNIS
1719 347 2188 406 CHRYSOSTOMI
2227 341 2540 404 ARCﬂiEP.
2566 297 3106 409 κ(ΣΟΝΒἸἊΝΊἸΝΟΙΕ

3752 359 3848 416 illi

2286 461 2531 532 stragula
2556 473 2730 520 restes
2757 474 2810 519 et
2833 465 3158 531 indumenta,
3181 476 3304 522 sunt
3329 468 3496 538 gloria
3524 468 3732 536 domus,
3751 489 3850 529 lltllt

2282 551 2514 608 heroinis
2537 555 2628 625 qui
2655 555 2868 614 domum
2899 556 3118 612 habitat.

2357 641 2589 698 Hominis
2630 646 2792 716 gloria
2826 648 3004 701 virtus.
3023 677 3097 690 --
3121 647 3361 704 Hominis
3397 655 3540 706 cuitu
3574 649 3740 724 gloria
3772 667 3851 712 est

2280 736 2446 790 virtus
2463 777 2479 801 ,
2509 737 2650 792 unde
2677 737 2834 792 etiam
2860 739 3006 794 vadit
3034 755 3136 795 una
3161 756 3284 795 cum
3318 755 3649 810 possessore.
3681 743 3848 800 lauet

2279 834 2454 882 autem
2481 828 2592 898 ipsa
2609 829 2802 885 domus
2821 830 2988 900 gloria
3011 847 3028 896 ;
3053 831 3160 885 imo
3182 847 3310 886 vero
3329 848 3398 887 ne
3417 842 3597 888 manet
3619 835 3841 904 quidem,

2279 916 2375 971 sed
2401 920 2560 972 etiam
2585 933 2690 974 uua
2711 935 2832 976 cum
2870 921 3032 977 domo
3057 921 3367 978 dissolvitur
3387 965 3403 989 ,
3442 939 3541 980 nec
3566 925 3848 996 quidquam

2279 1008 2328 1062 ei
2359 1009 2553 1078 profuit
2593 1011 2682 1080 qui
2719 1011 2772 1067 in
2801 1027 2864 1066 ea
2895 1013 3244 1069 versabatur:
3273 1029 3446 1084 neque
3481 1016 3623 1070 enim
3649 1026 3764 1072 erat
3787 1019 3845 1073 il-

2279 1097 2402 1152 lius.
2433 1099 2520 1154 t9.
2564 1099 2696 1166 Quia
2730 1103 2900 1156 animo
2940 1104 3054 1174 ejus
3087 1104 3140 1157 in
3179 1107 3281 1158 vita
3323 1106 3481 1175 ipsius
3516 1105 3839 1162 benedicatur.

2279 1191 2570 1262 Postqam
2586 1193 2719 1250 dixit
2741 1193 2812 1250 do
2837 1194 2953 1264 ejus
2977 1195 3144 1263 gloria
3169 1205 3223 1250 et
3247 1196 3464 1264 divitiis,
3497 1213 3641 1254 nunc
3665 1201 3842 1256 transit

2278 1283 2343 1338 ad
2373 1284 2652 1342 dicendam
2680 1285 2748 1341 de
2774 1285 3034 1341 laudibus.
3065 1287 3203 1353 Quia
3225 1289 3366 1342 enint
3395 1287 3588 1344 divites
3614 1289 3716 1345 hoc
3741 1305 3846 1345 uta-

2279 1389 2384 1444 guo
2424 1375 2601 1432 studio
2643 1385 3064 1446 persequuntur,
3116 1378 3526 1436 assentationem
3583 1379 3642 1436 in
3693 1377 3842 1445 fore,

2279 1463 2670 1520 oinervantiatn
2693 1480 2724 1519 a
2756 1466 2970 1536 populo,
3001 1465 3236 1536 punicas
3260 1467 3613 1534 laudationes,
3635 1469 3842 1530 sinatis

2280 1553 2422 1609 tione
2461 1554 2654 1610 referta
2692 1556 2953 1619 coeuntia,
2991 1569 3344 1626 magnumque
3385 1573 3507 1618 esse
3554 1559 3763 1622 videtur
3793 1561 3844 1618 ia

2281 1645 2528 1711 theatris,
2559 1646 2610 1702 in
2651 1645 2944 1710 conviviis,
2976 1647 3028 1703 in
3065 1647 3282 1718 iudiciis
3325 1649 3511 1719 plausu
3539 1651 3712 1720 excipi
3738 1692 3753 1714 ,
3779 1653 3844 1710 ab

2278 1739 2526 1796 omnibus
2541 1739 2840 1810 pedicari.
2862 1739 3074 1796 beatum
3093 1741 3380 1798 existimari
3401 1759 3417 1795 :
3444 1741 3563 1798 vide
3581 1744 3843 1812 quomodo

2279 1829 2382 1884 hoc
2407 1845 2616 1900 quoque
2641 1829 2872 1886 detrahit
2897 1846 2963 1888 ex
3005 1839 3260 1901 tempore.
3297 1831 3364 1890 In
3390 1833 3492 1892 vita
3525 1835 3671 1894 enim
3698 1837 3804 1900 eius
3823 1876 3838 1901 ,
3869 1827 3878 1832 ”

2279 1919 2476 1990 inquit,
2521 1920 2622 1976 hoc
2660 1929 2761 1986 est,
2806 1920 2919 1978 hac
2946 1922 3300 1989 observantia,
3348 1931 3405 1982 et
3441 1923 3561 1988 hoc,
3609 1924 3844 1988 laudibus

2277 2010 2438 2078 allici,
2476 2019 2561 2066 est
2603 2010 2672 2068 ad
2717 2021 3027 2082 praesentem
3071 2027 3240 2086 usque
3277 2013 3438 2072 vitam
3475 2030 3626 2070 :uua
3671 2022 3844 2071 autem

2279 2116 2400 2162 cum
2428 2101 2544 2158 aliis
2559 2101 2662 2164 hoc
2679 2116 2893 2173 quoque
2911 2103 3234 2170 dissolvitur,
3259 2111 3316 2158 ut
3334 2102 3475 2174 quod
3498 2103 3568 2158 sit
3589 2103 3846 2164 caducum

2279 2204 2333 2250 et
2357 2203 2808 2252 momentaueum.
2843 2192 2949 2250 Sed
2977 2195 3138 2250 etiam
3174 2194 3388 2265 quando
3423 2195 3475 2254 id
3511 2195 3790 2252 exhibetur
3813 2212 3845 2251 a

2279 2283 2650 2352 laudantibus,
2695 2293 2816 2356 post
2861 2295 3085 2342 mortem
3131 2285 3336 2346 recedit
3385 2287 3442 2342 in
3492 2288 3842 2352 contrarium,
3946 2305 3949 2307 ·

2279 2377 2491 2449 quando
2515 2378 2657 2435 larva
2696 2387 2869 2440 metus
2895 2378 3128 2438 detracta
3159 2377 3339 2438 fuerit.
3368 2378 3701 2448 Conﬁtebitur
3727 2382 3807 2434 tibi
3827 2421 3844 2441 .

2279 2484 2392 2524 cum
2409 2467 2707 2539 bonofeceris
2732 2469 2797 2524 ei.
2822 2466 2954 2524 Vide
2971 2459 3238 2538 quomodo
3258 2477 3470 2526 accusat
3487 2468 3646 2524 etiam
3669 2485 3847 2524 eorum

2279 2555 2554 2614 beneﬁcia.
2586 2557 2664 2614 Tu
2697 2557 2838 2614 enim
2859 2559 3147 2616 assentaris
3175 2566 3234 2616 et
3255 2557 3537 2630 observas,
3567 2558 3846 2630 quamdam

2278 2649 2348 2706 ad
2372 2659 2581 2720 tempus
2619 2649 3008 2708 observantiam
3035 2650 3328 2708 simulans:
3357 2651 3446 2706 ille
3482 2660 3662 2708 autem
3697 2652 3848 2708 babe-

2239 2742 2357 2806 .hit
2377 2743 2536 2800 etiam
2557 2743 2648 2798 tibi
2672 2744 2888 2814 gratias,
2915 2758 2944 2796 a
2973 2751 3024 2798 te
3051 2757 3254 2809 amens,
3278 2750 3336 2797 ut
3355 2758 3475 2815 qua:
3491 2755 3616 2798 sunt
3629 2745 3684 2799 ei
3707 2753 3847 2816 grata

2279 2833 2461 2900 facias.
2487 2843 2542 2892 et
2560 2850 2750 2903 magno
2771 2834 2823 2889 id
2846 2849 3047 2899 emens.
3080 2842 3204 2889 tunc
3229 2835 3341 2900 tibi,
3361 2835 3560 2906 inquit,
3579 2847 3705 2905 aget
3728 2851 3847 2904 gra.

2281 2925 2398 2980 tias.
2426 2924 2538 2979 Hoc
2561 2926 2704 2980 enim
2725 2925 2823 2980 sibi
2845 2925 2951 2979 vult
2975 2924 3102 2980 illud
3126 2944 3141 2980 :
3169 2923 3495 2995 Conﬁtebitur
3513 2924 3626 2991 tibi,
3653 2925 3851 2996 quando

2279 3014 2571 3086 benefactis
2608 3015 2726 3085 ipsi.
2766 3013 2883 3071 Non
2924 3014 3074 3082 dixit,
3115 3014 3338 3081 Quando
3381 3013 3575 3072 feceris
3609 3015 3760 3088 quod
3786 3015 3857 3069 sit

2278 3109 2428 3176 utile,
2455 3107 2664 3178 quando
2693 3106 3052 3172 bettel'eceris,
3079 3106 3173 3162 sed
3198 3147 3214 3171 ,
3243 3105 3468 3176 Quando
3501 3120 3623 3178 qua:
3654 3114 3776 3161 sunt
3803 3104 3852 3158 ei

2277 3197 2445 3266 cordi,
2473 3205 2526 3253 et
2548 3213 2664 3268 qua:
2689 3211 2753 3252 ex
2781 3195 2898 3268 ejus
2917 3196 3078 3254 animi
3105 3197 3385 3261 sententia,
3415 3195 3600 3258 feceris
3629 3213 3644 3248 :
3679 3205 3852 3250 osten-

2277 3288 2408 3346 dens
2436 3288 2679 3358 utrinque
2706 3302 2824 3344 esse
2845 3287 3096 3344 damnum
3113 3327 3126 3350 .
3151 3296 3204 3342 et
3232 3302 3296 3342 ex
3325 3286 3443 3342 ﬁcta
3468 3288 3852 3351 assentatione,

2278 3390 2331 3444 et
2357 3395 2424 3437 ex
2455 3379 2750 3450 pernicioso
2779 3379 3089 3436 ministerio.
3124 3378 3196 3452 (a)
3227 3377 3319 3436 20.
3350 3376 3584 3434 lntroibit
3614 3394 3778 3446 usque
3803 3378 3855 3430 in

2279 3471 2535 3544 progenies
2560 3477 2758 3539 patrum
2781 3485 3005 3536 suorum,
3031 3485 3186 3536 usque
3208 3470 3259 3523 in
3279 3479 3519 3526 teter-num
3545 3485 3653 3538 non
3679 3468 3854 3522 videbit

2279 3561 2462 3624 lumen.
2495 3562 2583 3617 51.
2606 3559 2674 3616 Et
2701 3561 2849 3616 homo
2877 3576 2989 3614 cum
3013 3560 3066 3618 in
3092 3561 3278 3616 Itonorc
3298 3568 3421 3616 esset
3441 3575 3540 3614 non
3564 3559 3853 3614 intellexit:

2277 3663 2596 3722 comparatus
2622 3663 2695 3708 est
2719 3653 2958 3724 iumentis
2993 3650 3372 3721 insipientibus,
3393 3659 3443 3714 et
3466 3650 3652 3708 similis
3690 3651 3858 3721 [actus
3912 3635 3921 3643 ’

2277 3757 2347 3802 est
2372 3745 2494 3803 illis.
2522 3743 2778 3809 Introibit,
2801 3743 2914 3798 sive
2936 3741 3228 3800 imitabitur
3250 3752 3457 3810 patrum
3487 3739 3687 3806 zelum,
3716 3750 3771 3793 et
3790 3755 3851 3792 ex

2279 3835 2532 3907 improbis
2571 3844 2745 3906 natus,
2799 3832 3188 3902 improbitatem
3247 3831 3298 3884 in
3347 3839 3548 3886 sortem
3572 3824 3854 3900 accipiet;

2278 3928 2358 3982 vel
2399 3929 2478 3984 sic
2509 3925 2806 3996 intelligas:
2849 3924 2960 3982 Nisi
2995 3922 3119 3994 quid
3170 3923 3291 3978 boui
3323 3921 3528 3984 iecerit,
3559 3936 3630 3980 ex
3651 3923 3862 3982 divitiis

2278 4020 2404 4075 nihil
2430 4017 2630 4076 fructus
2657 4018 2958 4090 percepisse
2981 4015 3438 4086 deprehendetur:
3467 4015 3742 4086 relinquet
3766 4029 3860 4066 auo

2280 4121 2382 4166 tetu
2411 4109 2638 4182 majores
2666 4124 2790 4166 suos
2811 4108 2865 4163 in
2893 4107 3109 4178 pulvere
3133 4121 3297 4177 usque
3329 4105 3394 4160 ad
3429 4105 3732 4175 judicium:
3765 4120 3862 4157 nu'e

2277 4200 2566 4260 secundum
2625 4208 2825 4258 natura:
2877 4199 3044 4272 legem
3103 4198 3272 4254 lucem
3331 4196 3574 4266 aspicere
3643 4195 3862 4266 poterit.

2280 4292 2478 4352 Deinde
2509 4294 2732 4354 resumit
2760 4295 2946 4350 iterum
2975 4305 3038 4346 ea
3063 4304 3180 4360 quas
3208 4288 3350 4362 prius
3378 4287 3608 4350 dixerat.
3644 4289 3712 4342 iis
3742 4302 3865 4341 vcr-

2277 4386 2396 4444 ltis:
2424 4383 2491 4442 Et
2517 4386 2667 4440 homo
2689 4400 2814 4438 cum.
2829 4384 2882 4438 in
2907 4383 3096 4440 [tonare
3121 4391 3247 4438 esset
3276 4397 3374 4444 non
3401 4381 3654 4435 intellexit
3679 4397 3698 4434 :
3725 4398 3864 4434 cont-

2277 4485 2483 4546 paratus
2507 4483 2579 4530 est
2606 4473 2850 4544 jumentis
2886 4469 3260 4542 insipientibus,
3305 4479 3350 4524 et
3382 4468 3562 4524 similis
3593 4475 3768 4542 factus
3797 4479 3870 4522 est

2275 4568 2399 4628 illis.
2431 4567 2545 4632 llic,
2566 4567 2754 4636 inquit,
2785 4566 2874 4636 qui
2903 4566 2972 4618 ita
3003 4574 3241 4630 tnortuos
3266 4574 3369 4627 εει,
3401 4579 3499 4618 nec
3527 4564 3794 4632 pecunias
3815 4571 3874 4617 ut

2277 4677 2371 4732 par
2397 4669 2515 4716 erat
2538 4659 2884 4730 dispensavit,
2914 4657 3042 4712 nihil
3067 4673 3094 4710 τι
3121 4657 3276 4714 bruto
3299 4655 3530 4720 dilierct,
3560 4665 3758 4726 utpote
3780 4655 3870 4723 qui

2275 4769 2305 4808 a
2361 4753 2470 4810 Deo
2502 4761 2778 4823 acceptum
2827 4749 3082 4816 honorem
3130 4763 3236 4804 non
3277 4749 3620 4817 cognoverit;
3676 4747 3877 4802 similis

2277 4843 2446 4900 luctus
2475 4852 2557 4899 est
2577 4841 2854 4911 jumentis,
2884 4855 3109 4910 quorum
3140 4839 3261 4892 vita:
3293 4837 3413 4892 ﬁnis
3442 4853 3542 4892 una
3575 4853 3742 4892 mors
3768 4847 3870 4890 est.

2276 4935 2320 4990 A
2339 4933 2528 5005 quibus
2549 4933 2745 4988 utinam
2767 4931 3074 4994 liberemur,
3093 4938 3197 4984 tam
3217 4927 3483 4998 discipuli,
3505 4943 3675 4998 quam
3689 4927 3885 4983 docto.

2277 5039 2381 5088 res,
2408 5024 2459 5079 in
2487 5021 2697 5079 Cbn’sto
2723 5025 2848 5076 Jesu
2879 5019 3104 5076 Domino
3134 5030 3335 5082 nostro,
3363 5019 3448 5074 cui
3476 5019 3654 5090 gloria
3687 5030 3746 5075 et
3774 5020 3875 5074 im-

2277 5117 2476 5188 perium
2505 5114 2558 5170 iu
2581 5113 2772 5170 saecula
2802 5112 3136 5168 somniorum.
3164 5114 3356 5167 Amen.

2728 5223 2794 5280 ΙΝ
2839 5222 3158 5280 PSALMUM
3202 5221 3388 5280 XLlX.

2278 5324 2328 5378 ι.
2349 5321 2482 5376 Dens
2501 5319 2706 5376 deorum
2732 5317 2978 5374 Dominus
2999 5318 3232 5389 loquutus
3255 5328 3348 5385 est,
3369 5326 3416 5370 et
3429 5316 3632 5370 uocauit
3659 5327 3884 5378 ternm,

2625 5428 2657 5468 α
2682 5412 2803 5466 solis
2831 5421 2944 5465 ortu
2969 5425 3123 5477 usque
3150 5409 3217 5463 ad
3243 5424 3494 5462 occasum.

2346 5502 2394 5559 Ι.
2414 5501 2530 5572 ipse
2551 5518 2757 5573 quoque
2775 5501 2908 5558 dixit
2923 5500 3048 5556 alibi
3065 5518 3079 5554 :
3098 5499 3232 5555 Deus
3249 5500 3381 5556 stetit
3401 5499 3451 5551 in
3470 5499 3890 5568 congregatione

2336 5639 2408 5700 (ξι)
2440 5644 2552 5700 Qua:
2593 5645 2873 5700 sequuntur
2902 5634 2958 5684 ad
2996 5633 3140 5684 tinent
3185 5644 3339 5700 usque
3363 5631 3708 5700 “positionis
3737 5633 3890 5688 huius

2271 5693 2436 5754 Psaltid
2459 5693 2639 5747 desunt
2657 5693 2704 5746 l'n
2735 5697 2914 5758 .\lorel.,
2936 5705 3081 5758 atque
3107 5711 3170 5746 ex
3197 5693 3334 5744 Savil.
3363 5701 3414 5744 et
3437 5706 3498 5743 ex
3521 5693 3724 5744 Codice
3751 5705 3886 5744 tuto-

2272 5764 2427 5812 niensi
2448 5761 2702 5821 (insumpta
2727 5769 2852 5808 sunt.

4012 3359 4032 3980 <
