4112 6208
501 271 606 330 ω

503 400 771 456 curare);
783 383 825 455 ᾖ
852 380 1021 438 θεῶν,
1044 381 1154 435 Καὶ
1184 380 1363 436 πάλιν·
1408 379 1556 451 Ἐγὼ
1582 380 1740 434 εῖπα·
1759 379 1892 433 Θεοί
1912 379 2074 433 ἐστε.

507 473 668 528 Καὶό
700 471 934 534 Παῦλος·
966 469 1082 524 Καὶ·
1109 469 1219 539 γὰρ
1250 469 1418 537 ειπερ
1449 467 1574 522 είσὶ-
1596 469 1905 538 λεγόμενοι
1934 467 2078 530 θεοὶ,

506 561 607 614 καὶ
645 560 834 627 κύριοι
855 557 1096 612 πολλοί.
1132 557 1240 610 Καὶ
1271 557 1300 608 6
1328 555 1596 626 Μωῦσῆςο
1641 554 1824 620 Θεοὺς
1863 555 1936 607 οὐ
1977 570 2082 606 κα-

507 646 890 716 κολογήσας.
928 643 1039 699 Καὶ
1096 641 1363 713 ἀλλαχοῦο
1413 641 1671 708 Ἰδόντες
1717 644 1774 696 οἱ
1815 639 1930 696 vlo!
1974 638 2082 693 τοῦ

1190 266 1249 319 S.
1287 261 1572 320 JOANNIS
1603 257 2102 319 CHRYSOSTOMI
2140 256 2458 317 ARCHIFP.
2494 253 3039 318 CONSTANTINOP.

3647 251 3766 314 21‘)

2182 382 2277 435 καὶ
2307 380 2548 444 πλείονος
2578 380 2711 450 ἡμῖν
2740 377 2822 430 δεῖ
2854 377 2952 445 τῆς
3004 369 3296 444 προσοχῆς.
3328 368 3480 421 Ποιεῖ
3506 367 3564 421 δὲ
3597 371 3765 426 τοῦτο

2179 471 2276 525 καὶ
2303 471 2489 540 ῑτερος
2521 469 2825 540 προφήτης,
2873 465 2968 518 καλ¹
2995 461 3203 530 εισάγει
3232 459 3326 512 τὸν
3365 458 3498 512 Θεὸν
3536 457 3762 522 δικαζόι

2185 571 2364 621 μενον,
2396 555 2490 608 καλ⁴
2530 556 2587 606 ἐν
2631 551 2782 616 τάξει
2819 547 3086 604 δικαστῶν
3115 543 3294 616 τίθησι
3337 545 3439 607 τὰς
3463 543 3762 614 φάραγγας

2183 643 2277 696 καὶ
2302 642 2371 696 τὰ
2399 642 2623 713 θεμέλια
2658 642 2757 710 τῆς
2790 639 2913 709 γῆς.
2957 637 3270 692 Ἀκούσατε
3303 632 3433 704 γὰρ,
3461 631 3617 704 φησὶ,
3641 632 3756 702 φάο

511 734 662 790 Θεοῦ
690 737 796 800 τὰς
820 731 1148 802 θυγατέρας
1188 730 1308 784 τῶν
1338 729 1684 798 ἀνθρώπων.
1715 730 1828 784 Καὶ
1867 727 2028 782 πάλιν
2055 727 2085 780 6
2176 747 2398 800 ρατγες
2428 731 2526 784 καὶ
2562 728 2802 798 θεμέλια
2833 724 2942 795 τῆς
2971 723 3083 796 τῆς
3106 740 3120 754 ·
3161 722 3250 776 ὅτι
3281 723 3479 790 κρίσις
3507 720 3590 787 τῷ
3637 720 3759 786 Θεῷ

511 822 701 886 αὑτός·
744 822 800 874 '0
830 818 1243 888 καταρώμενος
1277 817 1446 882 Θεὸν,
1467 817 1758 886 ἁμαρτίαν
1787 816 2048 886 λήψεται
2067 831 2082 846 ·
2128 892 2134 898 ι

513 915 547 964 ὀ
583 909 652 963 δὲ
683 907 984 978 ὀνομάζων
1009 907 1077 960 τὸ
1119 907 1306 975 ὄνομα
1348 905 1589 974 Κυρίου,
1631 902 2091 971 λιθοϐοληθήσε-

512 1015 629 1052 ται.
655 996 766 1050 Καὶ
794 995 956 1050 πάλιν
976 1011 990 1028 ο
1019 994 1172 1060 Θεοί,
1198 994 1255 1048 οἳ
1286 993 1394 1048 τὸν
1415 993 1678 1062 οὐρανόν
1703 992 1800 1048 καὶ
1830 991 1946 1060 τὴν
1971 990 2090 1062 γῆν

479 1076 486 1096 ’
515 1087 628 1138 οὐκ
657 1083 972 1150 ἐποίησαν,
1005 1081 1448 1137 ἀπολέσθωσαν
1466 1079 1746 1135 ὑποκάτω
1773 1079 1879 1133 τοῦ
1914 1079 2092 1147 οὐρα-

477 1166 485 1182 ⁸
515 1171 627 1226 νοῦ
653 1184 701 1226 ι.
735 1169 897 1235 Τίνας
942 1165 1033 1224 οῦν
1074 1169 1225 1239 δηλοῖ
1253 1167 1342 1222 διὰ
1370 1167 1464 1221 τοῦ
1512 1167 1771 1239 ὀνόματος
1801 1164 1990 1220 τούτου
2031 1165 2090 1219 ἐν

517 1259 754 1324 ἐκείναις
805 1260 925 1322 ταῖς
971 1256 1316 1330 μαρτυρίαις,
1351 1257 1446 1310 καὶ
1479 1256 1630 1320 τίνας
1666 1253 1900 1310 ἐνταῦθα
1942 1254 2092 1324 λέγει

519 1347 704 1412 θεούςς
731 1347 870 1412 Τοὺς
897 1345 1181 1419 ἄρχοντας.
1207 1346 1300 1399 Διὸ
1327 1346 1421 1400 καὶ
1442 1346 1661 1413 ἐπάγειο
1689 1344 1870 1410 Θεοὺς
1891 1345 1962 1398 οὺ
1991 1361 2092 1398 καφ

518 1433 898 1505 κολογήσεις,
931 1432 1028 1488 καὶ
1053 1433 1314 1504 ἄρχοντα
1339 1432 1444 1488 τοῦ
1472 1433 1622 1487 λαοῦ
1656 1448 1772 1487 σου
1801 1433 1912 1486 οὐκ
1937 1429 2092 1500 ἐρεῖς

520 1520 736 1588 κακῶς.
773 1521 932 1590 Λέγει
967 1521 1061 1576 καὶ
1094 1522 1218 1586 τοὺς
1249 1522 1314 1574 ἐκ
1349 1519 1608 1592 προγόνου
1659 1519 1801 1583 τινὸς
1837 1520 2090 1590 ἐναρέτου

521 1611 971 1681 γεγεννημένους.
1017 1609 1231 1682 Ἐπειδὴ
1262 1609 1368 1680 γάρ
1396 1611 1424 1662 ό
1462 1609 1627 1672 Ἐνὼς
1669 1609 1867 1679 πολλὴν
1897 1607 2094 1680 ἀρετὴν

523 1696 947 1768 ἐπιδειξάμενος,
976 1697 1179 1767 ἐκλήθη
1207 1696 1284 1766 τῷ
1311 1694 1532 1767 ὀνόματι
1561 1695 1654 1749 τοῦ
1680 1696 1814 1749 Θεοῦ
1831 1712 1845 1728 ·
1876 1697 1926 1750 οί
1953 1695 2008 1750 δὲ
2039 1695 2098 1759 ἐξ

525 1784 735 1838 ἐκείνου
766 1784 984 1848 πάντες,
1020 1785 1113 1837 καὶ
1149 1783 1200 1837 οί
1241 1783 1451 1853 ἔκγονοι
1479 1782 1576 1836 τοῦ
1623 1781 1852 1852 ἀδελφοῦ
1886 1783 2094 1837 ἐκείνου

525 1871 775 1943 ἀλλήλοις
817 1870 1123 1942 ἐμίγνυντο,
1163 1871 1314 1935 υίοὺς
1343 1870 1435 1925 τοῦ
1475 1870 1608 1925 Θεοῦ
1642 1871 1800 1924 καλεῖ
1845 1871 1972 1934 τοὺς
2002 1868 2096 1922 τοῦ

527 1959 804 2029 ἐναρέτου.
835 1959 1131 2028 Ἤρξαντο
1178 1959 1304 2032 γὰρ,
1339 1959 1520 2030 φησὶν,
1577 1958 1989 2012 ἐπικαλεῖσθαι
2020 1954 2100 2022 τῷ

527 2047 772 2114 ὀνόματι
796 2047 904 2102 τοῦ
923 2047 1069 2102 Θεοῦ
1085 2048 1134 2101 δ.
1148 2048 1312 2116 Λέγει
1332 2046 1529 2100 καὶτὸν
1547 2046 1656 2099 τῶν
1671 2045 1940 2099 Ἰουδαίων
1952 2045 2098 2109 λαὸν,

528 2132 701 2207 ταύτῃ
727 2136 1026 2206 τιμηθέντα
1049 2138 1114 2206 τῇ
1146 2134 1485 2206 προσηγορίᾳ
1509 2135 1564 2187 ἐν
1596 2133 1676 2205 τῷ
1707 2134 1884 2202 λέγειν
1903 2151 1918 2165 ο
1957 2134 2104 2203 Ἐγὼ

531 2217 688 2275 ebur
733 2223 866 2275 Θεοί
900 2221 1060 2285 ἐστε,
1088 2222 1186 2276 καί
1217 2220 1335 2275 vlo!
1375 2221 1630 2288 Ἰσραήλ.
1662 2219 1768 2273 Καὶ
1795 2220 1904 2291 γὰρ
1935 2218 2105 2282 οὕτως

505 2307 715 2361 ’ἐκάλει
759 2307 941 2362 αὐτῶν
981 2308 1074 2362 τὸν
1118 2309 1290 2379 δῆμον
1336 2308 1403 2362 δι’
1425 2308 1631 2361 οἰκείαν
1673 2305 2102 2380 φιλανθρωπίαν.

535 2392 692 2448 Οὕτω
719 2394 814 2447 καὶ
843 2393 1019 2447 ἐκεῖνο
1061 2393 1245 2446 λύεται
1289 2394 1372 2458 τὸ,
1595 2393 1659 2446 '0
1700 2391 2109 2463 καταρώμενος

537 2478 708 2542 Θεὸν,
721 2479 1031 2562 ,ἁμαρτίαν
1050 2480 1311 2548 λήψεται
1331 2497 1344 2511 ·
1375 2480 1670 2545 τουτέστιν,
1690 2484 1749 2538 '0
1758 2481 1849 2534 τὸν
1874 2481 2109 2552 ἄρχοντα

537 2566 724 2630 κακῶς
745 2566 938 2635 λέγων,
960 2567 1282 2640 ἁμαρτάνει.
1319 2566 1382 2622 '0
1403 2566 1472 2621 δὲ
1498 2567 1795 2638 ὀνομάζων
1827 2568 1896 2622 τὸ
1922 2569 2112 2638 ὄνομα

538 2650 764 2722 Κυρίου
781 2653 1333 2722 λιθοϐοληθήσεται·
1359 2655 1658 2723 τουτέστιν,
1690 2657 1718 2710 6
1744 2658 1856 2720 τοῖς
1886 2656 1960 2728 μὴ
1994 2651 2111 2710 οὖσι

537 2739 870 2810 προσάπτων
895 2739 955 2792 τὸ
974 2739 1066 2794 τοῦ
1093 2742 1243 2808 ὄντος
1264 2741 1396 2795 Θεοῦ
1422 2741 1609 2814 ὄνομα.
1642 2742 1795 2796 Ἐπεὶ
1818 2743 1927 2814 γάρ
1950 2741 2113 2812 ἀσύγ-

538 2844 777 2896 γνωστον
807 2827 867 2881 τὸ
905 2828 1224 2901 ἁμάρτημα.
1255 2830 1348 2883 καὶ
1379 2831 1413 2902 ή
1453 2831 1541 2883 ἐπ’
1574 2829 1722 2902 αύτῷ
1758 2830 1991 2902 τιμωρία
2019 2849 2114 2902 χα-

539 2915 822 2986 λεπωτάτη
843 2930 858 2946 ο
905 2915 1152 2985 λέγονται
1186 2917 1280 2970 καὶ
1323 2918 1374 2969 οί
1422 2917 1530 2970 τῶν
1568 2917 1836 2989 Ἐλλήνων
1875 2919 2006 2982 θεοὶ,
2052 2918 2113 2971 ού

542 3002 684 3057 κατά
715 3003 898 3074 τιμήν,
937 3002 1060 3056 οὔτε
1104 3005 1286 3076 χάριτι
1316 3003 1702 3076 προσηγορίας,
1733 3005 1866 3060 ἀλλά
1897 3004 1986 3061 διὰ
2017 3007 2114 3077 τὴν

542 3091 759 3154 ἀπάτην
790 3091 898 3144 τῶν
926 3089 1325 3164 πλανηθέντων,
1360 3092 1454 3146 καὶ
1497 3092 1666 3157 οὕτως
1714 3094 1908 3157 αὐτοὺς
1954 3094 2116 3148 καλεο

545 3179 772 3234 σάντων.
803 3178 901 3232 Διὰ
922 3177 1077 3232 τοῦτο
1097 3179 1192 3232 καὶ
1214 3181 1242 3233 6
1265 3179 1476 3244 Παῦλός
1499 3197 1630 3251 φησι
1649 3197 1663 3212 ο
1693 3181 1803 3236 Καὶ
1825 3181 1934 3252 γὰρ
1953 3181 2118 3249 ειπερ

540 3265 664 3322 εισι
691 3269 1001 3337 λεγόμενοι
1021 3268 1164 3333 θεοὶ,
1197 3267 1372 3338 δηλῶν
1393 3268 1475 3322 ὅτι
1503 3268 1603 3320 οὑκ
1635 3267 1784 3332 ὄντες
1808 3269 1928 3323 ούδέ
1958 3268 2118 3341 μέχρι

545 3354 917 3426 προσηγορίας
943 3354 1044 3425 τῆς
1071 3353 1213 3408 κατὰ
1253 3357 1439 3427 τιμήν.
1475 3355 1738 3411 Ἐνταῦθα
1767 3351 1859 3410 οῦν
1889 3357 2017 3426 περὶ
2042 3357 2122 3409 τί·-

543 3460 652 3498 νων
676 3441 843 3512 λέγει,
879 3443 1022 3510 Θεὸς
1057 3441 1242 3507 θεῶν;
1283 3443 1436 3514 Ἐμοὶ
1461 3443 1607 3498 δοκεῖ
1623 3444 1730 3497 τῶν
1770 3444 2117 3516 Ἑλληνικῶν,

545 3530 646 3601 ούχ
683 3529 754 3594 ὡς
807 3529 994 3596 όντων,
1045 3529 1161 3584 ἀλλ’
1207 3530 1284 3594 ὡς
1333 3531 1484 3603 παρά
1532 3533 1644 3594 τοῖς
1689 3531 2124 3603 πεπλανημένοις

549 3617 1024 3690 ὑποπτευομένων.
1067 3619 1221 3673 Ἐπεὶ
1271 3619 1381 3691 γὰρ
1424 3619 1504 3673 ἔτι
1553 3621 1851 3692 παχύτεροι
1895 3617 2036 3693 ἦσαν
2073 3624 2124 3675 οἱ

531 3733 534 3736 ο
561 3706 823 3770 Ἰουδαῖοι,
861 3706 958 3761 καὶ
999 3707 1060 3760 οὐ
1089 3708 1266 3779 πάντη
1305 3707 1744 3778 είδωλολατρείας
1771 3708 2125 3780 ἀπηλλαγμέο

551 3810 630 3847 νοι
659 3804 705 3857 ο,
745 3793 883 3848 ἀλλά
912 3795 1201 3866 κεχηνότες
1241 3795 1376 3866 πρὸς
1423 3795 1491 3850 τὰ
1523 3794 1739 3859 εἴδωλα,
1777 3797 1872 3850 καὶ
1899 3796 2125 3866 λείψανα

523 3927 526 3930 .
553 3879 722 3935 πολλά
757 3882 856 3952 τῆς
893 3883 1237 3952 παρανομίας
1271 3882 1503 3952 ἔχοντες,
1545 3883 1640 3936 καὶ
1674 3882 1919 3936 ἐντεῦθεν
1945 3884 2126 3937 αὐτῶν

526 3969 850 4040 ,ιιαθαιρεῖι1
883 3970 952 4023 τά
989 3972 1330 4042 φρονήματα,
1367 3971 1581 4035 δεικνὺς
1611 3972 1692 4025 ὃτι
1738 3973 2003 4027 κάκείνων
2033 3977 2130 4027 Δε-

556 4056 759 4126 σπότης
795 4057 930 4111 ἐστί.
975 4057 1086 4112 Καὶ
1115 4057 1224 4129 γὰρ
1269 4058 1364 4111 καὶ
1406 4057 1515 4111 τῶν
1557 4059 1825 4130 δαιμόνων
1853 4061 2127 4131 Δεσπότης

555 4146 722 4208 ἐστὶν,
751 4145 929 4199 αὐτῶν
955 4145 1062 4199 τῶν
1088 4147 1285 4200 οὐσιῶν
1323 4146 1498 4216 λέγωο
1530 4149 1585 4201 αί
1615 4146 1724 4219 γὰρ
1752 4149 1968 4220 γνῶμαι
1997 4151 2126 4221 παρ’

553 4233 734 4288 αὐτῶν
777 4236 914 4288 εἰσιν
961 4237 1398 4307 εἰσενηνεγμέναι
1453 4236 1546 4290 καὶ
1601 4237 1635 4306 ή
1679 4237 1909 4310 πονηρία
1954 4240 2124 4294 πᾶσα.

554 4326 712 4378 Δοκεῖ
745 4325 802 4378 δέ
840 4342 929 4396 μοι
973 4326 1066 4378 καὶ
1107 4325 1260 4388 οὗτος
1307 4325 1523 4395 ἔχεσθαι
1555 4325 1647 4378 τοῦ
1693 4326 1957 4398 προτέρου
1989 4327 2128 4397 ψαλ-

558 4413 684 4484 μοῦ.
711 4412 820 4466 Καὶ
839 4412 948 4484 γάρ
969 4414 1064 4467 καὶ
1087 4412 1314 4466 ἐνταῦθα
1335 4412 1552 4483 ἐλεγχος
1578 4415 1672 4468 καὶ
1696 4416 1997 4486 κατηγορία
2021 4416 2128 4469 τῶν

555 4498 1102 4571 πεπλημμεληκότων
1130 4500 1463 4570 γέγραπται·
1495 4499 1611 4554 ἀλλ’
1654 4501 1772 4554 ἐκεῖ
1801 4502 1898 4570 μὲν
1925 4503 2023 4574 τὴν
2052 4505 2127 4556 0!-

557 4586 830 4658 κουμένην
858 4587 1041 4641 ἐκάλει
1059 4589 1238 4640 πᾶσαν
1260 4589 1338 4650 εἰς
1357 4588 1638 4658 ἀκρόασιν,
1661 4588 1893 4643 ἐνταῦθα
1915 4589 1972 4644 δὲ
1991 4591 2130 4645 αὐτὰ

557 4673 628 4727 τά
655 4676 887 4744 στοιχεῖα
920 4675 990 4728 τά
1015 4675 1135 4728 καθ’
1154 4674 1281 4744 ὅλης
1307 4675 1639 4745 ὲκτεταμένα
1662 4677 1762 4746 τῆς
1786 4678 2126 4750 οἰκουμένης.

563 4759 728 4813 Ἀλλο
776 4760 999 4832 θέατρον
1030 4754 1130 4815 ὦδε
1179 4762 1274 4816 καὶ
1319 4761 1444 4816 ἄλλο
1487 4764 1874 4834 ἀκροατήριον·
1911 4767 2027 4820 ἐκεῖ
2062 4769 2128 4822 τά

559 4844 708 4918 εθνη,
760 4847 808 4900 οἱ
846 4851 1114 4918 γηγενεῖς,
1158 4849 1187 4901 ὀ
1221 4847 1492 4912 πλούσιος.
1528 4851 1556 4904 6
1603 4851 1804 4922 πένης⁹
1847 4852 2130 4910 ἐνταῦθαό

559 4933 785 5005 οὐρανὸς
817 4937 911 4989 καὶ
945 4938 978 5008 ή
1015 4937 1108 5006 γῆ,
1133 4938 1227 4990 καὶ
1267 4937 1427 4992 αὐτὸν
1466 4937 1674 5006 εἰσάγει
1705 4938 1798 4992 τὸν
1823 4940 1954 4996 Θεὸν
1979 4941 2132 4996 δικα-

562 5022 807 5093 ζόμενον,
844 5022 938 5077 καὶ
977 5023 1248 5086 τοιούτους
1289 5026 1431 5078 κινεῖ
1458 5023 1648 5093 λόγους
1691 5026 1823 5096 παρ’
1855 5028 2020 5082 αὐτοῦ
2051 5029 2130 5082 δι-

437 5137 448 5148 -
560 5110 1008 5182 καιολογουμένου
1047 5113 1184 5182 ’πρὸς
1223 5112 1312 5165 τὸν
1351 5113 1520 5183 δῆμον
1566 5112 1674 5168 τῶν
1723 5113 2009 5170 Ἰουδαίων.
2041 5117 2132 5171 Διὸ

555 5295 810 5408 cogitare,
831 5289 1059 5351 ὕποκάτω
1078 5299 1162 5349 τοῦ
1186 5289 1404 5363 ούρανοῦ,
1428 5301 1608 5351 desunt
1630 5303 1680 5351 in
1705 5302 1857 5354 Savil.
1886 5307 2009 5356 etin
2033 5319 2132 5357 uno

624 5417 654 5457 δ
669 5418 798 5496 ἰΧΧ
818 5422 944 5494 §en.
967 5422 1020 5494 ξ,
1043 5421 1106 5470 26
1129 5437 1138 5469 :
1178 5422 1314 5478 οὗτος
1335 5425 1534 5481 ἤλπισεν
1557 5425 1879 5476 ἐπικαλεῖσθαι
1897 5429 1952 5476 τὸ
1982 5429 2132 5493 ὄνομα

559 5482 739 5530 Rumon
761 5500 847 5530 του
870 5487 1013 5530 Θεου.

548 5487 739 5541 ,Κυρίου
761 5487 847 5532 τοῦ
870 5487 1013 5533 Θεοῦ.

625 5549 653 5611 ξ
675 5543 826 5611 ξενίῃ.
849 5553 902 5594 ει
922 5546 1048 5594 alius
1068 5546 1328 5611 παχύτερον
1351 5547 1574 5611 διέκειντο
1593 5550 1695 5597 οἱ...
1728 5547 1851 5608 ἦσαν
1871 5551 2042 5611 ἀπηλλ.

628 5606 654 5644 ει
684 5605 834 5654 Savil.
861 5613 914 5654 et
937 5619 1064 5670 unus
1103 5605 1260 5654 αὑτῶν
1295 5608 1494 5670 ἐπαίρει,
1527 5611 1689 5661 minus
1710 5605 1846 5661 récte
1876 5634 1887 5660 :
1915 5605 2026 5664 nam
2067 5627 2129 5664 ex

563 5666 804 5717 diametro
830 5668 1095 5728 oppositam
1114 5666 1418 5741 sontentianj
1436 5670 1600 5720 efﬁcit.

2185 821 2338 891 πρὸς
2367 821 2475 875 τὸν
2501 821 2656 876 λαόν
2689 819 2896 880 αὐτοῦ,
2931 816 3028 871 καὶ
3049 815 3200 883 μετά
3237 811 3344 868 τοῦ
3369 813 3524 868 λαοῦ
3556 811 3753 866 διαλε-

2186 913 2494 985 χθήσεται.
2526 911 2635 965 Καὶ
2666 909 2856 963 πάλινο
2889 905 3243 976 Κριθήσεται
3276 903 3425 972 πρὸς
3451 901 3629 972 ὑμᾶς,
3659 901 3752 955 καὶ

2185 1008 2339 1072 πρὸς
2362 1003 2504 1068 τοὺς
2540 1001 2800 1070 πατέρας
2825 998 3011 1069 ὑμῶν.
3039 998 3151 1052 Καὶ
3179 993 3445 1066 πολλαχοῦ
3484 993 3593 1048 τῶν
3620 993 3764 1064 Γραι-

2189 1095 2306 1165 φῶν
2338 1094 2436 1149 ίδοι
2469 1112 2552 1158 τις
2588 1092 2653 1148 ἂν
2682 1091 2836 1147 τοῦτο
2867 1090 2928 1144 τὸ
2966 1090 3170 1160 σχῆμα,
3198 1089 3335 1157 ὅπερ
3374 1086 3493 1140 ἐστὶ
3528 1085 3766 1156 μάλιστα

2191 1183 2654 1257 πληκτικώτατον,
2676 1184 2770 1238 καὶ
2785 1183 2882 1253 τῆς
2901 1179 3309 1252 φιλανθρωπίας
3327 1177 3420 1232 τοῦ
3441 1175 3575 1230 Θεοῦ
3592 1175 3764 1242 ἀξιον.

2192 1279 2304 1334 Ka'.
2351 1279 2463 1350 γὰρ
2511 1276 2610 1349 τὴν
2653 1276 2857 1345 ἄφατον
2907 1271 3072 1328 αὐτοῦ
3127 1271 3394 1325 δείκνυσιν
3431 1267 3765 1338 ἀγαθότητα,

2193 1373 2444 1426 τοσοῦτον
2471 1369 2908 1431 καταϐαίνοντος,
2933 1365 3072 1419 ὥστε
3103 1362 3383 1434 κρίνεσθαι
3409 1360 3546 1431 μετά
3565 1357 3772 1433 ἀνθρὼο

2199 1481 2335 1518 πων.
2384 1463 2486 1516 Ἐκ
2516 1459 2668 1515 Σιὼν
2700 1459 2738 1528 ἡ
2783 1455 3102 1526 εὐπρέπεια
3134 1450 3244 1522 τῆς
3288 1453 3646 1521 ὡραιότητος
3673 1451 3773 1504 ab-

2200 1557 2326 1612 τοῦ.
2365 1555 2517 1627 Ἔχει
2548 1553 2644 1624 μέν
2673 1570 2724 1606 τι
2757 1551 2852 1604 καὶ
2889 1547 3244 1620 προφητικὸν,
3274 1541 3388 1615 ἔχει
3418 1542 3475 1598 δὲ
3513 1543 3607 1597 καὶ¹
3629 1543 3770 1596 ίστοο

2203 1648 2375 1722 ρικὸν,
2402 1645 2463 1700 τὸ
2486 1645 2770 1717 εἰρημένον
2787 1660 2800 1675 ⁸
2827 1645 3017 1713 γέγονε
3042 1642 3140 1712 μὲν
3162 1639 3271 1710 γὰρ
3297 1637 3390 1691 καὶ
3417 1634 3510 1690 ἐπὶ⁷
3538 1635 3636 1706 τῆς
3661 1635 3772 1688 Παο

2199 1737 2357 1802 λαιᾶς
2399 1736 2609 1790 ἐκεῖθεν
2654 1733 2818 1790 αὐτοῦ
2856 1735 2889 1805 ἡ
2918 1732 3238 1802 εὐπρέπεια.
3271 1730 3379 1782 Kal
3411 1727 3520 1798 γὰρ
3561 1727 3591 1780 6
3622 1725 3772 1788 ναὸς.

2199 1830 2270 1886 τά
2300 1832 2468 1898 Ἀγια
2487 1828 2596 1884 τῶν
2623 1827 2818 1897 ἁγίων,
2838 1828 2873 1897 ή
2907 1823 3131 1896 λατρεία
3163 1823 3307 1875 πᾶσα
3331 1820 3426 1874 καὶ
3457 1821 3491 1887 ἡ
3525 1817 3775 1870 πολιτεία

2202 1923 2300 1995 τῆς
2325 1923 2561 1986 παλαιᾶς
2604 1919 2942 1993 νομοθεσίας,
2972 1917 3067 1972 καὶ
3113 1915 3296 1986 ἱερέων
3321 1912 3381 1968 τὸ
3422 1910 3646 1981 πλῆθος,
3674 1907 3773 1962 καὶ

2204 2015 2405 2079 θυσίαι,
2435 2014 2533 2068 καὶ
2559 2010 2968 2072 ὁλοκαυτώσεις,
2997 2009 3090 2062 καὶ
3125 2006 3282 2078 ὕμνοι
3306 2004 3441 2075 ἱεροὶ
3475 2001 3571 2056 καὶ
3593 1998 3781 2069 ψαλμ·

2203 2105 2378 2177 ιρδίαι.
2418 2104 2513 2157 καὶ
2543 2103 2720 2158 πάντα
2765 2101 2991 2165 ἐκεῖθεν,
3030 2098 3126 2153 καὶ
3161 2097 3270 2151 τῶν
3309 2093 3606 2166 μελλόντων
3635 2091 3783 2142 ἐκεῖ*

2206 2202 2298 2254 θεν
2325 2199 2354 2252 6
2375 2195 2546 2259 τύπος
2585 2192 3070 2266 προδιεγέγραπτο.
3111 2185 3330 2257 Ἐπειδὴ
3359 2185 3416 2238 δὲ
3453 2182 3548 2236 καὶ
3577 2182 3610 2250 ή
3643 2180 3780 2250 ἀλή-

2205 2296 2326 2350 θεια
2355 2290 2742 2363 παραγέγονεν,
2779 2284 2988 2340 ἐκεῖθεν
3029 2281 3190 2336 πάλιν
3233 2279 3331 2350 τὴν
3365 2275 3538 2348 ἀρχὴν
3570 2271 3780 2326 ἔλαϐεν.

2209 2385 2361 2460 [225]
2398 2379 2635 2438 Ἐκεῖθεν
2665 2383 2694 2435 6
2732 2377 2964 2449 σταυρὸς
2998 2373 3266 2446 ἔλαμψενο
3292 2369 3500 2424 ἐκεῖθεν
3523 2365 3591 2420 τά
3618 2363 3781 2436 μυρία

2210 2477 2631 2552 κατορθώματα.
2661 2474 2761 2530 Διά
2791 2473 2855 2546 δὴ
2894 2471 3050 2526 τοῦτο
3082 2471 3176 2525 καὶ
3204 2465 3451 2541 περὶτοῦ
3481 2465 3646 2534 νόμου
3675 2479 3780 2532 φη·

2213 2575 2296 2630 σὶν
2320 2575 2349 2628 ό
2381 2571 2609 2635 Ἡσαΐας
2629 2570 2728 2641 τῆς
2748 2569 2956 2638 Καινῆς
2977 2564 3252 2634 Διαθήκης
3271 2561 3496 2633 γράφων
3511 2576 3525 2590 ·
3556 2559 3650 2612 Ἐκ
3675 2554 3780 2625 γὰρ

2212 2665 2366 2720 Σιὼν
2409 2662 2794 2728 ἐξελεύσεται
2837 2658 3038 2727 νόμος,
3083 2653 3183 2708 καὶ
3226 2652 3407 2721 λόγος
3455 2646 3675 2715 Κυρίου
3711 2643 3779 2708 ἐξ

2225 2753 2632 2826 Ἰερουσαλὴμ,
2661 2751 2758 2806 καί
2804 2748 2998 2818 κρινεῖ
3040 2745 3157 2801 ἀνὰ
3179 2744 3377 2813 μέσον
3413 2739 3534 2794 τῶν
3573 2735 3778 2794 ἐθνῶν.

2216 2849 2354 2903 Σιὼν
2396 2847 2506 2917 γὰρ
2539 2843 2772 2900 ἐνταῦθα
2820 2841 3110 2912 ὁλόκληρον
3155 2837 3304 2905 λέγει
3349 2835 3411 2888 τὸ
3441 2833 3656 2904 χωρίον,
3691 2831 3786 2884 καὶ

2214 2943 2316 3013 τήν
2349 2940 2502 2994 πόλιν
2531 2938 2630 3010 τήν
2662 2933 3074 3008 παρακειμένην
3109 2929 3280 3000 αὐτῷ,
3309 2929 3412 2999 τὴν
3455 2922 3784 2998 μητρόπολιν

2217 3033 2326 3086 τῶν
2383 3029 2668 3086 Ἰουδαίων.
2719 3025 2957 3080 Ἐκεῖθεν
2983 3024 3094 3095 γάρ
3138 3021 3392 3090 καθάπερ
3435 3021 3500 3072 ἐκ
3546 3016 3785 3088 βαλϐῖδός

2217 3143 2361 3188 τινος
2393 3121 2666 3185 εὐσκελεῖς
2702 3121 2858 3173 ἵπποι
2890 3117 2940 3171 οί
2970 3114 3258 3171 ἀπόστολοι
3288 3114 3366 3176 είς
3398 3109 3496 3182 τὴν
3540 3108 3788 3178 οἰκουμέ-

2219 3234 2316 3287 νην
2343 3215 2623 3285 ἀφέθησαν
2658 3215 2874 3267 ἆπασαν
2897 3227 2911 3242 ·
2951 3209 3160 3264 ἐκεῖθεν
3198 3207 3266 3261 τά
3313 3208 3515 3278 σημεῖα
3559 3203 3791 3274 ήρξαντο

2221 3310 2392 3360 ποιεῖν
2417 3321 2430 3335 ο
2465 3307 2581 3358 ἐκεῖ
2611 3304 2834 3372 γέγονεν
2870 3305 2904 3374 ή
2933 3301 3250 3362 ἀνάστασις,
3282 3299 3400 3351 ἐκεῖ
3424 3297 3458 3367 ή
3505 3293 3788 3365 ἀνάληψις,

2223 3400 2342 3454 ἐκεῖ
2360 3399 2428 3451 τά
2452 3397 2710 3467 προοίμια
2734 3395 2828 3450 καὶ
2858 3396 2893 3467 ή
2921 3393 3063 3466 ἀρχὴ
3096 3393 3198 3462 τῆς
3228 3389 3500 3462 σωτηρίας
3527 3387 3624 3458 τῆς
3650 3387 3790 3456 ήμε-

2222 3491 2386 3561 τέρας
2409 3505 2423 3518 ’
2445 3489 2643 3543 ἐκεῖτά
2666 3488 2952 3560 ἀπόρρητα
2971 3486 3216 3558 δόγματα
3237 3479 3600 3555 κηρύττεσθαι
3620 3479 3794 3552 ἀρχὴν

2223 3581 2436 3637 ἔλαϐεν.
2485 3582 2632 3634 Ἐκεῖ
2665 3580 2878 3651 πρῶτον
2923 3577 3281 3648 ἀπεκαλύφθη
3311 3577 3340 3628 6
3383 3573 3591 3646 Πατὴρ,
3624 3573 3796 3641 ἐγνωο

2227 3673 2386 3746 ρίσθη
2431 3673 2460 3726 6
2489 3670 2817 3741 Μονογενὴς,
2859 3670 2954 3724 καὶ
3001 3667 3157 3739 ἐδόθη
3201 3663 3439 3736 τοσαύτη
3481 3663 3798 3734 Πνεύματος

2224 3765 2404 3835 χάρις.
2421 3761 2534 3815 Καὶ
2548 3759 2640 3814 τὸν
2661 3777 2726 3812 πε
2734 3761 2785 3832 ρὶ
2806 3760 2914 3814 τῶν
2932 3759 3238 3830 ἀσωμάτων
3260 3757 3376 3810 ἐκεῖ
3393 3755 3547 3824 λόγον
3568 3754 3801 3824 ἐγύμνα-

2227 3856 2318 3922 ζον
2349 3856 2400 3909 οἱ
2443 3853 2750 3915 ἀπόστολοι,
2798 3851 2908 3904 τῶν
2951 3850 3190 3922 δωρεῶν,
3225 3848 3322 3902 καὶ
3352 3847 3655 3917 δυνάμεων,
3703 3845 3800 3898 καὶ

2225 3949 2334 4002 τῶν
2360 3947 2656 4019 μελλόντων
2677 3943 2895 4014 ἀγαθῶν
2906 3945 3004 4015 τῆς
3023 3940 3372 4011 ἐπαγγελίας.
3387 3940 3528 3992 Ἀπε
3535 3955 3566 4009 ρ
3583 3937 3802 3991 ἅπαντα

2230 4040 2424 4095 ἐννοῶν
2456 4043 2484 4093 6
2521 4038 2828 4110 Προφήτης,
2857 4035 3162 4107 ὡραιότητα
3199 4030 3364 4086 αὐτοῦ
3392 4029 3565 4085 καλεῖ.
3610 4027 3802 4097 Κάλλη

2229 4134 2338 4204 γὰρ
2370 4131 2505 4186 Θεοῦ
2533 4130 2630 4185 καὶ
2652 4128 2922 4201 ὼραιότης
2947 4129 2980 4198 ή
3014 4125 3286 4196 ἀγαθότης
3316 4124 3412 4178 καὶ
3429 4125 3464 4192 ή
3498 4119 3804 4192 φιλανθρω-

2231 4227 2350 4289 πία,
2385 4225 2477 4278 καὶ
2509 4225 2543 4294 ὴ
2571 4224 2652 4286 είς
2684 4223 2928 4284 ἅπαντας
2973 4217 3278 4291 εὐεργεσία.
3319 4216 3386 4268 '0
3429 4213 3572 4280 Θεὸς
3618 4213 3805 4282 ἐμφα-

2230 4315 2349 4382 νῶς
2379 4315 2538 4385 ἥξει,
2571 4317 2603 4369 ὁ
2635 4314 2778 4378 Θεὸς
2805 4311 2990 4381 ἡμῶν,
3021 4310 3117 4364 καὶ
3148 4310 3218 4363 οὐ
3253 4301 3800 4376 παρασιωπήσεται.

2241 4408 2405 4480 Ὁρᾷς
2446 4406 2562 4470 πῶς
2604 4403 2806 4474 προῖὼν
2852 4403 3157 4473 ἀπογυμνοῖ
3189 4400 3280 4454 τὸν
3309 4399 3486 4468 λόγον,
3522 4398 3617 4451 καὶ
3665 4400 3804 4452 ἀπο-

2230 4499 2496 4556 καλύπτει
2525 4499 2617 4553 τὸν
2645 4495 2937 4568 θησαυρὸν,
2968 4495 3064 4550 καὶ
3091 4491 3449 4563 φαιδροτέραν
3481 4489 3672 4562 ἀφίησι
3704 4488 3805 4558 τὴν

2229 4595 2447 4659 ἀκτῖνα,
2491 4591 2694 4660 λέγων*
2736 4590 2788 4642 '0
2820 4588 2964 4654 Θεὸς
2999 4585 3274 4657 ἐμφανῶς
3315 4583 3467 4650 ἣξει.
3500 4583 3636 4638 Πότε
3692 4581 3807 4652 γὰρ

2228 4687 2330 4740 οὐκ
2368 4683 2627 4756 ἐμφανῶς
2670 4680 3044 4754 παραγέγονες
3084 4679 3258 4743 Πότε;
3294 4678 3371 4748 Τῇ
3421 4676 3660 4748 προτέρα
3706 4693 3807 4727 πα-

2233 4780 2422 4855 ρουσία
2442 4794 2457 4808 ⁸
2487 4777 2725 4849 ἀψοφητὶ
2771 4774 2879 4846 γὰρ
2906 4769 3036 4845 ἦλθε
3072 4773 3197 4833 τοὺς
3247 4769 3472 4833 πολλοὺς
3523 4767 3803 4837 κρύπτων,

2231 4872 2326 4925 καὶ
2357 4870 2516 4942 μέχρι
2548 4867 2742 4922 πολλοῦ
2786 4864 3080 4919 λανθάνων.
3113 4863 3178 4916 Τί
3213 4863 3356 4930 λέγω
3395 4861 3521 4925 τοὺς
3553 4858 3804 4921 πολλοὺς,

2231 4965 2362 5018 ὅπου
2402 4979 2464 5032 γε
2496 4961 2619 5015 οὐδὲ
2647 4960 2783 5030 αὐτὴ
2812 4960 2846 5030 ή
2876 4955 3218 5028 κυοφοροῦσα
3264 4953 3537 5025 Παρθένος
3568 4953 3682 5024 ᾔδει
3708 4952 3806 5003 τοῦ

2237 5053 2534 5125 μυστηρίου
2579 5063 2606 5091 ο
2636 5051 2697 5104 τὸ
2737 5049 3069 5120 ἀπόρρητον,
3125 5045 3244 5100 οὐδὲ
3295 5046 3345 5099 οἱ
3379 5043 3596 5114 ἀδελφοὶ
3641 5041 3808 5096 αὑτοῦ

2234 5146 2514 5198 ἐπίστευον
2553 5144 2632 5206 εἰς
2659 5141 2839 5204 αὑτὸν,
2870 5138 2990 5192 οὐδὲ
3019 5138 3049 5190 6
3072 5137 3242 5191 δοκῶν
3275 5131 3415 5190 εἶναι
3449 5134 3627 5207 πατὴρ
3663 5133 3809 5204 μέγα

2232 5256 2286 5292 τι
2309 5235 2640 5308 ἐφαντάζετο
2673 5250 2740 5286 πε
2749 5231 2802 5304 ρὶ
2829 5227 2992 5284 αὐτοῦ
3013 5245 3028 5295 ;

2304 5331 2370 5402 β’.
2399 5328 2511 5384 Καὶ
2528 5327 2580 5380 τί
2607 5326 2749 5396 λέγω
2765 5321 3082 5394 ἀνθρώπους
3102 5337 3118 5384 ;
3139 5319 3248 5374 Καὶ
3263 5316 3424 5373 αὑτὸν
3449 5315 3540 5369 τὸν
3563 5309 3816 5376 διάϐολον,

2231 5422 2556 5478 ἐλάνθανεν·
2589 5418 2708 5472 οὐδὲ
2755 5415 2864 5489 γάρ
2893 5415 2980 5479 ἂν,
3023 5414 3180 5484 είπερ
3227 5410 3363 5482 ᾔδει,
3405 5405 3597 5480 ἠρώτα
3642 5405 3808 5459 αὑτὸν

2235 5510 2370 5584 μετὰ
2394 5507 2645 5564 τοσοῦτον
2675 5507 2863 5578 χρόνον
2910 5503 3003 5558 ἐπὶ
3027 5501 3121 5557 τοῦ
3150 5501 3329 5574 δρους,
3365 5499 3431 5552 El
3459 5495 3591 5568 Hoc
3617 5491 3678 5548 εἴ
3700 5493 3808 5548 τοῦ

2299 5674 2322 5703 ⁶
2345 5668 2426 5722 Sic
2447 5679 2546 5719 ms:
2585 5671 2642 5718 et
2662 5665 2810 5717 επεὶ.
2835 5659 2933 5717 Τοῦ
2958 5659 3214 5727 μυστηρίου
3233 5658 3406 5710 docnt
3435 5657 3487 5706 in
3507 5651 3684 5703 ﬂorel.
