4112 6208
383 325 483 379 ‘24!

380 439 612 490 deorum.
643 435 707 489 Et
735 435 891 505 paulo
909 443 1038 505 post
1067 452 1080 488 :
1115 431 1228 504 Ego
1254 431 1384 498 diui,
1411 431 1500 485 Dii
1520 433 1636 486 estis
1667 429 1847 502 (Psal.
1875 427 1964 483 8|.

384 533 435 586 1.
467 539 514 584 et
543 532 633 599 6).
661 530 722 584 lit
745 528 940 584 Paulus
963 543 982 581 τ
1017 527 1126 581 Etsi
1174 527 1305 581 enim
1331 534 1449 578 sunt
1487 525 1572 594 qui
1613 524 1849 578 dicuntur
1897 523 1970 576 dii

381 633 430 675 et
459 623 651 675 domini
682 621 823 674 multi
873 621 961 690 (I.
1007 617 1125 672 Cor.
1152 619 1206 673 8.
1257 617 1347 686 5).
1387 615 1456 670 Et
1477 615 1650 670 Moses
1685 613 1840 668 :Diis
1867 629 1968 668 non

375 713 650 768 maledices
678 714 695 781 (
730 711 896 765 Exod.
925 709 1016 766 22.
1036 709 1164 781 28).
1192 709 1252 763 Et
1284 707 1409 762 alibi
1441 724 1455 762 :
1493 704 1728 760 Videntes
1750 705 1845 773 ﬁlii
1870 702 1970 758 Dei

385 805 517 867 ﬁlius
559 803 817 856 hominum
861 800 1025 866 (Gen.
1061 801 1115 856 6.
1162 799 1260 862 2).
1302 798 1371 852 Et
1411 812 1596 852 rursus
1635 795 1774 850 idem
1823 793 1969 860 :Qui

382 903 674 948 exsecratur
724 891 902 957 Deum,
951 900 1204 960 peccatum
1225 889 1430 958 accipiet
1453 903 1474 942 :
1502 887 1586 955 qui
1610 895 1778 940 autem
1805 901 1970 940 nomi-

287 997 292 1004 '
382 993 472 1037 uat
507 999 690 1036 nomen
729 979 958 1047 Domini,
985 979 1236 1050 lapidibus
1264 977 1502 1032 obruetur
1531 974 1726 1049 (Leuit.
1757 976 1850 1030 24.
1880 973 1967 1029 15.

387 1073 502 1143 16).
537 1075 600 1128 Et
631 1088 812 1127 rursus
837 1091 852 1127 :
884 1071 991 1138 Dii,
1012 1073 1098 1142 qui
1125 1072 1304 1126 caelum
1325 1079 1368 1124 et
1395 1079 1580 1124 terram
1606 1084 1707 1121 non
1725 1070 1969 1136 fecerunt,

379 1177 593 1238 pereant
623 1165 712 1220 sub
748 1165 872 1220 cado
901 1167 916 1197 ¹
948 1164 1090 1238 (Jer.
1125 1165 1213 1220 I0.
1245 1164 1371 1235 11).
1419 1163 1692 1230 Quasnam
1723 1172 1852 1229 ergo
1896 1157 1973 1213 si-

377 1258 605 1328 gniﬁcat
625 1273 718 1327 per
742 1256 843 1312 hoc
864 1271 1054 1312 nomen
1075 1257 1130 1312 in
1153 1256 1257 1310 illis
1280 1253 1622 1318 testimoniis,
1641 1259 1693 1306 et
1713 1262 1972 1320 quosnam

385 1349 473 1404 hic
504 1349 632 1404 dicit
674 1347 836 1418 deos?
879 1348 1173 1418 Principes.
1216 1345 1479 1415 Quocirca
1520 1343 1828 1414 subjungit:
1857 1340 1973 1396 Diis

388 1457 488 1494 non
535 1439 832 1506 ntaledices,
879 1455 968 1494 nec
1016 1439 1248 1510 principi
1295 1435 1472 1507 populi
1522 1436 1597 1489 tui
1647 1435 1784 1488 dices
1842 1433 1974 1487 male

389 1531 708 1604 (Exod..22.
738 1531 870 1601 28).
898 1531 1034 1586 Dicit
1060 1531 1220 1586 etiam
1254 1544 1349 1584 eos
1376 1527 1463 1598 qui
1507 1542 1572 1582 ex
1611 1533 1828 1598 parente
1875 1524 1973 1579 ali-

385 1639 492 1691 quo
520 1627 713 1678 virtute
735 1621 962 1692 prmdito
999 1621 1257 1692 originem
1306 1619 1597 1674 duxerunt.
1651 1616 1783 1684 Quia
1827 1616 1968 1672 enim

387 1715 672 1786 Enos,qui
719 1729 983 1770 summam
1011 1711 1246 1768 ostendit
1293 1711 1562 1775 virtutem,
1613 1708 1709 1762 Dei
1754 1707 1971 1762 nomine

384 1814 600 1860 vocatus
657 1813 742 1859 est
778 1821 793 1858 :
833 1805 924 1874 qui
981 1813 1158 1858 autem
1184 1817 1250 1858 ex
1278 1801 1372 1857 illo
1393 1800 1502 1855 nati
1529 1809 1652 1854 sunt
1677 1812 1886 1864 omnes,
1916 1803 1972 1852 et

382 1905 605 1966 nepotes
651 1894 828 1951 fratris
855 1895 1017 1961 illius,
1045 1894 1184 1948 inter
1207 1906 1269 1948 se
1307 1889 1800 1962 conjungebantur,
1833 1887 1970 1944 ﬁlios

381 1989 474 2044 Dei
502 1994 675 2053 vocat,
725 1987 816 2058 qui
845 2002 914 2043 ex
958 1985 1072 2042 viro
1095 1984 1240 2042 bono
1267 1997 1436 2056 genus
1471 1983 1757 2038 duxerant.
1795 1979 1971 2050 Crepe-

377 2089 496 2134 runt
518 2081 682 2149 enim,
713 2078 906 2150 inquit,
933 2079 1101 2132 vocari
1138 2077 1342 2132 nomine
1384 2074 1482 2131 Dei
1525 2073 1690 2147 (Gen.
1741 2074 1796 2128 4.
1833 2072 1968 2144 26).

377 2171 518 2226 Dicit
539 2171 698 2226 etiam
722 2171 978 2242 populum
1005 2169 1312 2225 Judzeorum
1337 2209 1352 2233 ,
1381 2167 1470 2238 qui
1492 2166 1596 2222 liae
1619 2165 1973 2236 appellatione

381 2263 696 2318 honestatus
723 2273 824 2326 est,
852 2261 980 2317 dum
1009 2261 1140 2317 dicit
1169 2279 1185 2317 :
1219 2258 1330 2331 Ego
1358 2260 1486 2326 dimi,
1513 2258 1599 2314 Dii
1639 2259 1778 2322 estis,
1801 2267 1846 2312 et
1875 2257 1973 2326 ﬁlii

383 2355 588 2411 Επειεὶ
616 2370 788 2409 omnes
814 2352 1000 2426 (Psal.
1029 2352 1117 2408 81.
1159 2351 1258 2423 6).
1287 2353 1353 2406 Et
1379 2351 1514 2406 alius
1545 2369 1559 2406 :
1588 2349 1757 2404 Filius
1781 2351 1974 2420 primo-

384 2447 586 2516 genitus
615 2463 756 2500 meus
783 2445 948 2500 Israel
974 2446 992 2517 (
1015 2443 1188 2500 Exod.
1229 2445 1284 2500 ὁ.
1309 2442 1438 2517 22).
1465 2443 1560 2500 Sic
1581 2443 1722 2498 enim
1752 2443 1974 2498 vocabat

385 2555 574 2594 eorum
595 2539 846 2608 populum
867 2549 1084 2609 propter
1108 2552 1258 2593 suam
1277 2538 1676 2607 benignitatem.
1699 2534 1788 2590 Sic
1811 2535 1972 2590 etiam

383 2630 611 2692 solvitur
630 2630 761 2685 illud
788 2649 802 2685 :
834 2630 936 2696 Qui
976 2639 1264 2686 exsecratur
1310 2629 1496 2695 Deum,
1545 2637 1802 2700 peccatum
1840 2628 1975 2682 acci-

386 2723 492 2794 piet
521 2738 541 2778 :
578 2722 681 2778 hoc
721 2732 838 2787 est,
881 2721 970 2792 qui
1013 2721 1239 2793 principi
1280 2720 1585 2787 maledicit,
1628 2728 1830 2787 peccat.
1875 2717 1976 2783 Qui

385 2822 554 2868 autem
601 2815 830 2868 nominat
867 2829 1047 2867 nomen
1088 2811 1209 2878 Dei,
1260 2813 1500 2866 obruetur
1530 2811 1784 2882 lapidibus
1813 2809 1972 2883 (Lee.

383 2906 581 2976 24.15)
609 2922 623 2958 :
657 2905 759 2959 hoc
784 2912 887 2971 est,
919 2905 1006 2974 qui
1029 2904 1095 2958 iis
1119 2904 1210 2974 qui
1239 2919 1347 2958 non
1383 2911 1527 2968 sunt,
1559 2902 1678 2972 ejus
1717 2903 1804 2972 qui
1831 2902 1974 2958 Deus

383 3007 467 3053 est
495 3011 690 3052 nomen
719 2995 921 3052 tribuit.
952 2995 1086 3064 Quia
1108 2995 1251 3050 enim
1279 3009 1386 3049 non
1412 3002 1589 3064 potest
1611 2993 1730 3062 ejus
1755 3003 1974 3063 peccato

383 3089 606 3160 ignosci,
653 3087 706 3142 in
752 3087 929 3158 ipsum
971 3085 1344 3158 gravissimum
1366 3085 1711 3140 constitutum
1738 3092 1821 3139 εει
1841 3098 1972 3153 sup.

384 3180 622 3248 plicium.
665 3179 922 3232 Dicuntur
971 3177 1135 3232 etiam
1177 3176 1250 3232 dii
1296 3177 1556 3246 gentium,
1601 3191 1710 3230 non
1758 3185 1974 3246 propter

386 3273 668 3335 honorem,
722 3284 824 3325 nec
863 3267 1004 3340 quod
1053 3269 1124 3322 ita
1151 3267 1260 3324 sint
1281 3266 1604 3338 appellandi,
1633 3266 1728 3322 sed
1758 3277 1974 3337 propter

387 3375 578 3418 eorum
597 3360 686 3430 qui
731 3359 940 3430 decepti
975 3366 1120 3426 sunt,
1152 3367 1206 3414 et
1251 3358 1372 3414 illos
1407 3358 1480 3414 ita
1507 3367 1792 3424 vocarunt,
1821 3373 1973 3413 erro-

387 3467 524 3508 rem.
555 3451 888 3520 Quapropter
913 3450 1038 3506 dicit
1062 3465 1276 3520 quoque
1301 3450 1499 3506 Paulus
1527 3467 1541 3504 :
1574 3449 1716 3505 Nam
1741 3451 1833 3504 etsi
1854 3459 1973 3505 sunt

384 3544 474 3614 qui
497 3544 734 3598 dicuntur
777 3541 892 3615 dii(
913 3543 966 3597 1.
1013 3540 1131 3597 Cor.
1182 3542 1238 3597 8.
1269 3542 1370 3614 5),
1395 3540 1703 3612 signiﬁcans
1740 3555 1833 3597 eos
1861 3556 1971 3598 non

385 3649 506 3692 esse
527 3634 680 3698 deos.
707 3649 775 3690 ne
799 3631 1168 3706 appellationis
1206 3632 1418 3706 quidem
1447 3632 1650 3690 honore
1672 3643 1848 3689 tenus.
1873 3633 1972 3688 llic

387 3741 518 3798 ergo
545 3726 613 3782 de
639 3725 958 3797 quibusnam
986 3725 1136 3792 dicit,
1163 3724 1302 3780 Deus
1334 3725 1731 3780 ΔεοηωῖΜὶὺί
1757 3725 1970 3782 videtur

386 3817 565 3874 dicere
587 3816 654 3873 de
672 3817 776 3872 diis
796 3815 1057 3888 gentium,
1085 3830 1192 3870 non
1213 3815 1383 3886 utqui
1406 3816 1534 3882 sint,
1559 3815 1656 3872 sed
1685 3824 1742 3870 ut
1776 3814 1867 3885 qui
1897 3815 1970 3870 ita

387 3909 756 3964 existimentur
803 3907 874 3962 ab
925 3907 991 3962 iis
1037 3906 1128 3977 qui
1179 3907 1234 3961 in
1281 3921 1518 3962 errorem
1565 3906 1778 3962 abducti
1825 3914 1969 3962 sunt.

386 4001 647 4068 Quoniam
667 4000 811 4056 enim
830 3998 1124 4055 crassiores
1145 4007 1299 4054 erant
1317 3998 1488 4054 Judmi
1509 4007 1562 4054 et
1580 4014 1610 4053 a
1636 3999 1779 4053 cultu
1805 3998 1972 4054 idolo-

386 4106 505 4146 rum
535 4107 638 4146 non
661 4099 813 4146 erant
845 4089 1066 4162 omnino
1113 4088 1288 4156 liberi,
1337 4088 1434 4145 sed
1475 4089 1756 4144 simulacra
1802 4088 1976 4158 suspi-

387 4182 590 4238 cientes
654 4181 936 4246 colebant,
993 4189 1048 4236 et
1108 4179 1308 4236 multas
1361 4179 1660 4249 iniquitatis
1709 4179 1976 4234 habebant

389 4272 644 4344 reliquias
674 4291 687 4328 :
714 4273 800 4328 vel
826 4288 891 4328 ex
919 4287 984 4329 eo
1011 4273 1127 4341 ipso
1165 4286 1352 4327 eorum
1383 4270 1593 4326 animos
1633 4270 1884 4341 deprimit
1910 4273 1930 4302 ²
1954 4310 1972 4336 ,

389 4364 678 4420 ostendens
701 4364 847 4420 illum
875 4378 1062 4419 eorum
1079 4377 1199 4418 esse
1217 4361 1516 4418 dominum.
1540 4362 1676 4418 Nam
1719 4373 1803 4418 est
1834 4363 1975 4433 ipso-

389 4471 504 4511 rum
546 4471 755 4527 quoque
803 4455 1103 4510 dtemonum
1157 4453 1404 4514 dominus
1433 4471 1450 4510 :
1478 4454 1668 4525 loquor
1722 4454 1790 4510 de
1846 4455 1973 4524 ipsis

387 4547 732 4611 substantiis:
766 4549 899 4603 mala
927 4549 1068 4604 enim
1091 4562 1241 4604 mens
1268 4557 1324 4604 et
1348 4563 1506 4605 omne
1530 4549 1720 4604 vitium
1747 4547 1816 4603 ab
1845 4549 1973 4618 ipsis

391 4640 598 4694 invecta
626 4647 768 4695 sunt.
803 4639 1022 4694 Videtur
1039 4650 1215 4694 autem
1238 4639 1366 4694 mihi
1396 4639 1480 4695 hic
1499 4654 1710 4711 quoque
1730 4639 1972 4696 Psalmus

390 4731 664 4786 cohmrere
691 4731 875 4802 priori.
906 4729 1038 4786 Nam
1065 4731 1119 4786 in
1145 4731 1244 4786 hoc
1290 4746 1500 4802 quoque
1537 4732 1732 4803 scripta
1775 4741 1858 4788 est
1883 4747 1973 4788 re-

393 4822 681 4890 prehensio
727 4832 782 4877 et
815 4823 1087 4877 accusatio
1134 4837 1322 4878 eorum
1351 4824 1440 4893 qui
1479 4823 1850 4893 deliquerunt:
1877 4824 1973 4880 sed

393 4913 501 4966 illic
552 4911 766 4982 quidem
801 4919 972 4968 totum
1002 4911 1186 4966 orbem
1227 4922 1382 4967 terra:
1411 4914 1633 4969 vocabat
1660 4913 1724 4968 ad
1755 4913 1976 4969 audien-

390 5002 540 5068 dum,
568 5003 655 5058 hic
680 5014 857 5058 autem
889 5003 1002 5072 ipsa
1028 5002 1314 5067 elementa,
1337 5019 1456 5073 qua:
1483 5013 1703 5058 extensa
1725 5013 1854 5060 sunt
1881 5021 1974 5074 per

393 5097 696 5151 undrersum
738 5097 944 5152 orbem.
974 5096 1131 5152 Aliud
1157 5107 1239 5153 est
1285 5095 1371 5152 hic
1417 5096 1704 5164 theatrum,
1735 5106 1791 5153 et
1831 5099 1972 5153 aliud

391 5186 733 5242 auditorium.
758 5187 869 5242 Illic
891 5195 1014 5242 sunt
1041 5196 1250 5258 gentes,
1297 5188 1598 5258 terrigenis,
1643 5187 1816 5255 dives,
1847 5203 1978 5258 pau-

393 5291 489 5344 per
517 5292 529 5328 :
559 5275 646 5332 hic
673 5277 862 5332 carluiu
891 5285 944 5332 et
969 5285 1107 5332 terra
1132 5293 1148 5330 :
1179 5277 1352 5347 ipsum
1377 5292 1588 5348 quoque
1616 5276 1782 5333 Deum
1806 5279 1976 5333 intro-

391 5368 538 5423 ducit
561 5368 968 5441 disceptantem,
1027 5376 1082 5422 et
1121 5370 1169 5423 ei
1217 5369 1401 5424 tribuit
1445 5369 1742 5425 oralionem
1789 5369 1978 5426 defen-

391 5461 550 5516 dcmli
571 5477 788 5517 causam
807 5476 958 5517 suam
989 5459 1127 5530 apud
1154 5460 1405 5530 populum
1424 5459 1750 5518 Judaeorum.
1779 5462 1980 5532 Maiore

457 5619 472 5650 ¹
509 5623 636 5677 ttae,
660 5616 747 5668 sub
769 5615 907 5676 caelo,
925 5616 1106 5666 desunt
1131 5617 1178 5666 in
1201 5615 1363 5674 Savil.,
1389 5619 1512 5668 etin
1541 5632 1639 5670 uno
1659 5621 1852 5672 Codice.

455 5682 475 5712 ¹
510 5681 648 5730 Savil.
675 5689 728 5730 et
755 5691 900 5736 unus,
941 5677 1140 5735 excitat,
1188 5691 1292 5740 Iro.
1332 5679 1582 5741 deprimit.
1608 5683 1767 5734 minus
1806 5691 1977 5734 recte:

396 5753 509 5788 nam
524 5755 584 5790 ex
600 5741 840 5792 diametro
862 5742 1126 5804 oppositam
1151 5744 1444 5791 sententiam
1471 5743 1636 5793 eiiicit.

1479 312 1840 371 EXPOSITIO
1875 311 1942 366 IN
1981 310 2299 374 PSALMUM
2325 317 2523 374 XLIX.

3557 325 3662 382 ειε

2075 434 2252 502 itaque
2271 435 2424 492 nobis
2447 437 2744 493 attentione
2763 451 2900 508 opus
2923 448 3026 494 est.
3058 439 3172 496 Hoc
3199 441 3360 496 etiam
3388 442 3663 498 Iaeitalius

2077 525 2368 596 propheta;
2396 527 2684 582 introducit
2708 527 2877 582 Deum
2898 543 3117 585 causam
3144 546 3300 586 suam
3319 542 3584 602 agentem,
3607 545 3662 588 i-t

2073 617 2256 671 statuit
2268 616 2630 685 Ioeojudicum
2642 619 2914 675 convalles
2925 630 2979 676 et
2995 620 3336 678 fundamenta
3353 633 3531 680 term.
3554 625 3660 679 Au-

2073 707 2178 763 dite
2191 709 2356 774 enim,
2366 709 2552 780 inquit,
2567 712 2814 768 convalles
2824 721 2870 767 et
2886 716 3215 785 fundamenta
3229 725 3377 772 terra
3387 733 3406 772 :
3421 719 3658 789 quoniam

2065 801 2325 872 judicium
2351 811 2420 855 est
2444 800 2554 856 Deo
2569 819 2681 856 cum
2703 805 2893 875 populo
2908 823 3000 860 suo
3029 817 3076 860 et
3103 823 3220 862 cum
3247 811 3438 879 populo
3455 810 3662 865 disseret

2077 894 2280 966 (Hicin.
2312 895 2366 950 6.
2393 892 2491 966 2).
2521 893 2590 950 Ει
2617 911 2801 952 rursus
2831 916 2845 952 :
2875 895 3082 952 Iudicio
3105 901 3364 955 contendet
3385 902 3660 969 vobiscum,

2076 995 2264 1040 etcum
2295 986 2519 1056 patribus
2543 987 2718 1042 vestris
2742 987 2884 1058 (Jer.
2916 989 2971 1044 2.
3003 990 3038 1046 9
3078 989 3120 1062 ).
3161 989 3217 1044 In
3261 992 3442 1048 multis
3482 1001 3662 1048 autem

2078 1077 2213 1132 locis
2240 1077 2529 1146 Scriptum
2549 1087 2727 1146 potest
2751 1078 2916 1135 videri
2939 1079 3056 1135 hrne
3091 1081 3256 1152 ﬁgura
3283 1099 3297 1136 :
3349 1083 3490 1154 quod
3541 1084 3658 1154 qui-

2077 1166 2204 1222 dem
2257 1175 2342 1224 est
2378 1167 2432 1222 in
2463 1168 2647 1237 primis
2675 1169 3006 1236 admirabile,
3052 1180 3106 1226 et
3145 1173 3360 1241 dignum
3385 1173 3478 1229 Del
3508 1174 3663 1232 beni-

2075 1260 2302 1330 gnitate.
2344 1259 2585 1314 Ostendit
2631 1261 2774 1316 enim
2823 1261 2940 1331 ejus
2990 1261 3306 1318 ineﬁ‘abilem
3351 1264 3660 1331 bonitatem,

2077 1352 2168 1421 qni
2194 1365 2254 1406 se
2278 1351 2412 1407 adeo
2437 1351 2735 1420 demiserit,
2761 1363 2820 1408 ut
2839 1369 2959 1408 cum
2983 1355 3286 1411 hominibus
3299 1356 3502 1427 judicio
3528 1371 3664 1413 con-

2076 1442 2278 1498 tendat.
2308 1442 2367 1497 2.
2392 1440 2477 1498 Ea:
2505 1443 2633 1499 Sion
2652 1447 2842 1512 species
2878 1447 3072 1500 decoris
3095 1446 3227 1517 ejus.
3270 1446 3439 1502 Habet
3465 1447 3662 1518 aliquid

2077 1534 2464 1606 propheticum,
2523 1534 2684 1590 habet
2720 1537 2880 1592 etiam
2926 1539 3255 1605 historicum,
3285 1539 3424 1610 quod
3462 1539 3664 1596 dictum

2079 1637 2164 1683 est
2195 1645 2209 1681 :
2243 1627 2340 1682 fuit
2381 1628 2524 1684 enim
2548 1638 2602 1685 et
2647 1629 2698 1684 in
2748 1630 2924 1686 Veteri
2947 1647 3010 1686 ex
3032 1631 3127 1686 illo
3149 1631 3264 1702 ejus
3297 1632 3478 1688 decor.
3502 1631 3663 1688 Tem—

2077 1718 2221 1788 plum
2233 1717 2402 1785 enim,
2421 1727 2607 1774 sancta
2625 1729 2962 1789 sanctorum,
2977 1722 3357 1789 omniscultus,
3381 1725 3665 1794 omnisque

2077 1809 2247 1865 forma
2275 1824 2340 1865 ac
2376 1809 2509 1865 ritus
2557 1811 2686 1882 legis
2701 1812 2915 1876 veteris,
2973 1813 3257 1869 multitudo
3283 1815 3660 1884 sacerdotum,

2075 1903 2336 1960 sacriﬁcia
2379 1913 2436 1961 et
2475 1905 2800 1972 holocausta,
2847 1907 2984 1964 sacri
3041 1907 3264 1979 hymni,
3307 1909 3618 1979 psalmodiis
3643 1951 3660 1973 ,

2077 1996 2254 2051 omnia
2283 1996 2428 2051 illine
2455 1997 2946 2068 proﬁciscebantur,
2975 2007 3030 2055 et
3054 2009 3206 2071 typus
3228 1999 3522 2055 futurorum
3554 2000 3665 2056 illic

2078 2097 2202 2144 ante
2229 2089 2526 2162 descriptus
2555 2091 2745 2147 fuerat.
2781 2091 3067 2162 Postquam
3102 2101 3280 2148 autem
3310 2094 3508 2150 veritas
3533 2108 3667 2164 quo-

2077 2198 2185 2254 que
2229 2181 2415 2249 adluit,
2471 2199 2535 2239 ea
2578 2198 2765 2239 rursus
2819 2184 2965 2239 illine
3007 2198 3219 2256 quoque
3253 2185 3397 2256 cepit
3429 2185 3661 2241 initium.

2079 2273 2227 2329 Illinc
2250 2275 2394 2329 enim
2409 2289 2538 2330 erus
2563 2273 2925 2344 resplenduit;
2954 2275 3100 2330 illinc
3119 2275 3522 2331 innumerabilia
3544 2291 3663 2347 qua:

2077 2367 2334 2439 praeclare
2375 2377 2521 2438 gesta
2558 2377 2702 2423 sunt.
2741 2368 2806 2424 Et
2853 2367 2975 2424 ideo
3003 2367 3166 2424 Isaias
3188 2383 3400 2440 quoque
3423 2369 3664 2425 scribens

2079 2457 2147 2512 de
2173 2457 2289 2530 lege
2311 2459 2446 2514 Novi
2471 2457 2819 2526 Testamenti,
2855 2459 2984 2516 dicit
3025 2478 3038 2515 :
3082 2459 3167 2515 Ea:
3211 2460 3340 2516 Sion
3386 2461 3666 2532 egredietur

2081 2548 2183 2613 lex,
2210 2559 2256 2604 et
2281 2551 2483 2605 verbum
2522 2550 2724 2606 Domini
2751 2569 2815 2607 ea:
2857 2549 3179 2620 Jerusalem,
3227 2562 3274 2606 et
3313 2553 3565 2622 judicabit
3611 2553 3665 2605 in

2079 2639 2245 2693 medio
2287 2641 2510 2710 gentium
2539 2640 2699 2713 (ικαὶ.
2739 2642 2794 2696 2.
2842 2643 2895 2697 3.
2948 2641 3038 2715 4).
3081 2641 3212 2698 Sion
3249 2643 3390 2698 enim
3421 2641 3510 2698 hic
3536 2641 3666 2698 dicit

2084 2731 2258 2786 locum
2281 2733 2635 2802 integrum,et
2657 2733 2923 2788 civitatem
2946 2750 3066 2804 quae
3085 2735 3231 2804 juxta
3259 2733 3405 2788 illum
3431 2732 3533 2788 sita
3558 2742 3663 2800 est,

2080 2825 2382 2882 Judieorum
2413 2828 2767 2898 metropolim.
2794 2825 2942 2883 Illinc
2979 2826 3118 2882 enim
3150 2836 3416 2897 tamquam
3455 2843 3521 2881 ex
3549 2827 3662 2897 qui-

2080 2919 2302 2976 busdam
2349 2920 2656 2976 carceribus
2701 2920 2916 2976 veloces
2969 2920 3115 2990 equi,
3173 2933 3364 2989 nempe
3402 2918 3663 2988 apostoli,

2078 3012 2261 3068 emissi
2302 3011 2504 3068 suntin
2530 3019 2698 3066 totum
2726 3011 2910 3068 orbem
2962 3021 3148 3076 terrm;
3202 3011 3344 3065 illine
3389 3021 3665 3081 carperent

2077 3104 2227 3174 signa
2254 3103 2430 3160 facere
2461 3121 2475 3159 :
2509 3103 2615 3158 illic
2641 3103 2738 3158 Iuit
2764 3103 3107 3170 resurrectio,
3137 3103 3244 3158 illic
3268 3103 3531 3169 ascensio,
3560 3102 3666 3156 illic

2076 3199 2338 3268 promtnia
2383 3206 2439 3253 et
2496 3197 2643 3253 initia
2691 3205 2887 3253 nostra:
2931 3196 3158 3262 salutis;
3209 3196 3316 3252 illic
3357 3209 3547 3251 arcana
3575 3194 3664 3249 illa

2077 3297 2356 3360 coeperunt
2375 3289 2648 3360 praedicari
2673 3288 2919 3360 dogmata
2942 3303 3008 3344 ac
3030 3289 3266 3344 decreta.
3301 3287 3412 3344 Illic
3438 3287 3664 3359 primum

2080 3381 2240 3437 Pater
2265 3382 2528 3455 revelatus
2553 3390 2634 3436 est
2653 3423 2669 3448 ,
2696 3381 2941 3452 cognitus
2987 3387 3072 3435 est
3101 3378 3438 3451 Unigenitus,
3469 3388 3523 3433 et
3541 3378 3662 3433 data
3729 3369 3732 3372 ’

2077 3479 2165 3528 est
2210 3480 2352 3526 tanta
2395 3471 2564 3543 gratia
2615 3471 2862 3542 Spiritus.
2911 3470 3023 3526 Illic
3070 3470 3298 3542 apostoli
3355 3468 3666 3525 revelarunt

2077 3577 2378 3619 sermonem
2404 3563 2471 3619 de
2493 3561 2652 3619 rebus
2676 3563 3022 3634 incorporeis,
3045 3561 3112 3618 de
3137 3561 3312 3628 donis,
3341 3561 3409 3618 de
3431 3571 3665 3633 potesta-

2079 3655 2254 3722 tibus,
2285 3655 2354 3712 de
2401 3656 2697 3710 futurorum
2744 3655 3003 3710 bonorum
3048 3654 3508 3725 promissionibus.
3533 3654 3663 3720 Qua:

2076 3751 2253 3805 omnia
2283 3749 2541 3820 propheta
2584 3748 2930 3804 considerans
2948 3791 2964 3817 ,
2989 3748 3042 3803 id
3069 3756 3223 3802 vocat
3251 3749 3368 3818 ejus
3387 3747 3661 3802 decorem.

2077 3841 2173 3898 Dei
2197 3842 2339 3896 etaim
2359 3842 2564 3911 species
2589 3855 2653 3896 ac
2677 3842 2840 3895 decor
2865 3849 2948 3895 est
2971 3841 3088 3909 ejus
3109 3839 3319 3894 bonitas
3337 3853 3400 3893 ac
3426 3838 3666 3908 benigni-

2080 3945 2179 4001 tas,
2209 3945 2262 3989 et
2288 3934 2340 3988 in
2369 3948 2556 3988 omnes
2585 3933 2952 3989 beneﬁcentia.
3003 3933 3057 3987 5.
3112 3932 3251 3988 Deus
3287 3932 3552 4004 manifeste
3577 3947 3662 3984 ve-

2079 4026 2202 4085 niet,
2225 4022 2364 4076 Deus
2385 4032 2573 4089 noster,
2596 4032 2642 4076 et
2681 4039 2784 4075 non
2821 4022 3005 4076 silebit.

2152 4115 2407 4169 Adventus
2446 4114 2633 4168 Christi
2662 4114 2800 4184 prior
2826 4114 3072 4169 occultus.
3100 4145 3172 4156 -—
3199 4116 3360 4172 Vides
3392 4117 3664 4187 quomodo

2081 4206 2378 4279 procedens
2416 4206 2587 4276 aperit
2615 4220 2952 4271 sermonem,
2993 4217 3047 4261 et
3086 4208 3287 4262 revelat
3332 4208 3662 4272 thesaurum,

2081 4312 2137 4357 et
2176 4302 2432 4356 lmtiorem
2478 4300 2672 4354 emittit
2697 4298 2904 4356 radium
2926 4341 2940 4364 ,
2970 4295 3156 4356 dicens
3188 4318 3201 4355 :
3239 4300 3375 4356 Deus
3405 4301 3668 4372 manifeste

2081 4396 2258 4450 ueniet.
2290 4393 2513 4462 Quando
2552 4394 2693 4449 enim
2727 4409 2830 4448 non
2855 4393 3000 4448 venit
3031 4394 3355 4450 manifeste?
3400 4391 3665 4462 Quando?

2080 4488 2136 4544 In
2175 4488 2338 4562 priori
2381 4487 2608 4543 adventu
2646 4505 2660 4543 :
2693 4487 2839 4543 venit
2868 4486 3014 4542 enim
3046 4485 3248 4558 absque
3275 4487 3386 4542 ullo
3412 4486 3662 4557 strepitu,

2079 4579 2276 4636 multos
2293 4580 2490 4647 celans,
2521 4580 2678 4636 ctdiu
2701 4580 2890 4635 latens.
2919 4577 3054 4648 Quid
3077 4579 3195 4635 dico
3217 4579 3431 4646 multos,
3453 4578 3666 4650 quando

2078 4690 2178 4731 nec
2209 4675 2322 4746 ipsa
2369 4674 2581 4745 quidem
2630 4672 2820 4744 Virgo,
2871 4687 2992 4742 quze
3036 4687 3158 4727 eum
3202 4680 3359 4727 utero
3399 4670 3663 4743 gestabat,

2079 4775 2302 4824 noverat
2324 4781 2578 4822 arcanum
2620 4765 2856 4837 mysterii
2887 4769 2902 4796 ¹
2921 4807 2936 4832 ,
2971 4781 3070 4821 nec
3097 4765 3214 4835 ejus
3255 4763 3445 4820 fratres
3470 4761 3664 4820 crede-

2080 4862 2202 4918 bant
2226 4862 2277 4916 in
2301 4861 2494 4932 ipsum,
2517 4875 2616 4916 nec
2635 4861 2681 4915 is
2703 4861 2790 4931 qui
2812 4859 3090 4914 videbatur
3108 4874 3228 4916 esse
3245 4867 3394 4930 pater
3413 4871 3663 4929 magnum

2081 4955 2207 5027 quid
2237 4955 2306 5010 de
2341 4969 2407 5009 eo
2435 4953 2811 5026 concipiebat?

2152 5046 2208 5100 2.
2241 5046 2308 5100 Et
2335 5044 2462 5115 quid
2494 5045 2616 5100 dico
2645 5045 2926 5101 homines?
2953 5044 3130 5116 Ipsum
3161 5061 3371 5117 quoque
3391 5043 3663 5099 diabolum

2084 5135 2236 5194 latuit
2267 5154 2280 5189 :
2311 5150 2483 5205 neque
2506 5137 2648 5190 enim
2679 5137 2722 5190 si
2749 5137 2995 5192 seivisset
3020 5177 3036 5201 ,
3079 5145 3228 5190 tanto
3270 5142 3393 5206 post
3423 5143 3666 5202 tempore
3756 5152 3758 5154 ν

2087 5233 2139 5284 in
2167 5237 2346 5284 monte
2369 5243 2490 5284 eum
2517 5228 2894 5300 interrogasset
2918 5271 2933 5298 ,
2964 5245 3032 5284 an
3060 5237 3204 5284 esset
3233 5228 3324 5281 Dei
3349 5224 3538 5292 Filius,
3565 5238 3664 5280 ne-

2150 5434 2165 5495 ?
2203 5433 2276 5481 sic
2299 5438 2404 5482 Mss.
2424 5439 2474 5483 et
2495 5432 2635 5483 savii.
2657 5441 2772 5491 vox,
2797 5427 3029 5495 nnjsterii,
3053 5427 3296 5495 deeratin
3320 5425 3503 5488 Morel,
3525 5436 3576 5479 et
3597 5432 3669 5481 sic

2087 5494 2207 5544 infra
2223 5495 2436 5557 subinde
2473 5495 2694 5557 qua-dam
2717 5491 2866 5542 voces
2887 5491 3179 5557 necessaria;
3212 5491 3440 5557 deerant,
3470 5504 3579 5554 qua:
3603 5505 3664 5543 es

2085 5565 2190 5608 MSS.
2203 5556 2471 5618 desumpta:
2493 5551 2622 5606 sunt.
2651 5557 2816 5606 Mirum
2829 5551 2957 5618 quod
2980 5553 3060 5618 hic
3079 5551 3197 5602 dicit
3216 5551 3593 5618 chrysostnmus,
3607 5569 3667 5603 ne.

2088 5631 2237 5682 ipsam
2256 5614 2454 5682 quidem
2480 5619 2724 5681 virginem
2747 5614 2872 5682 quae
2893 5614 3130 5664 Christum
3167 5614 3561 5682 utero—gestabat
3584 5632 3670 5665 no-

2089 5675 2218 5792 ιξεε
2241 5675 2540 5740 mysterium.
2560 5675 2779 5728 itoverat'
2795 5677 2925 5726 enim
2961 5686 3214 5740 postquam
3249 5675 3456 5740 aug—elus
3477 5678 3566 5742 ipsi
3589 5689 3670 5728 ro-

2090 5759 2114 5792 ν
2172 5751 2354 5792 avent.

2090 5751 2354 5793 νειυνειειι.
