4112 6208
451 299 581 356 145

465 431 573 486 que
599 411 655 468 id
691 408 892 478 semel,
923 421 976 468 et
1017 410 1137 476 bis,
1175 419 1233 466 et
1275 411 1436 466 tertio
1481 409 1697 466 fecisset
1742 409 1957 480 (Matth.
1989 410 2046 465 s;

467 508 522 562 5.
549 505 632 578 ὃ).
677 505 745 561 Et
769 504 890 560 ideo
913 503 1050 558 dixit
1074 499 1266 556 Joanni
1291 513 1417 556 eum
1451 501 1699 558 revelare
1727 501 2000 571 incipienti
2032 519 2046 555 τ

463 601 592 656 Sine
640 598 790 653 modo
831 594 1195 667 (14.5.15);
1247 593 1350 648 hoc
1407 602 1516 658 est,
1549 592 1692 648 Tace
1737 606 1879 646 nunc
1907 609 1920 644 :
1949 606 2050 646 ne-

459 705 568 761 que
599 690 749 748 enim
794 698 1004 755 tentpus
1039 694 1124 742 est
1164 694 1224 740 ut
1267 684 1536 741 reveletur
1579 698 1836 740 arcanum
1869 683 2051 737 armis

460 792 726 852 suscepta:
759 780 1081 844 consilium;
1134 778 1259 832 volo
1305 777 1483 832 adhuc
1521 775 1692 830 latere
1731 775 2002 831 diabolum
2033 800 2043 829 :

461 884 579 930 tace
597 887 750 943 ergo,
773 872 944 942 inquit
973 889 982 917 τ
1013 868 1099 923 Ita
1119 870 1251 925 erum
1267 885 1365 924 nos
1387 867 1549 922 decet.
1571 869 1646 923 Et
1671 879 1791 922 cum
1817 883 1846 922 a
1865 876 2051 923 monte

457 964 830 1021 descendisset
849 1005 865 1025 ,
895 961 1182 1031 wzecepit,
1225 967 1285 1014 ut
1303 959 1484 1029 ipsum
1507 973 1629 1014 esse
1649 955 1924 1013 Cliritn
1947 973 2048 1012 ne-

461 1057 591 1110 mini
639 1055 883 1110 dicerent
933 1051 1042 1123 (Μ.
1075 1053 1162 1106 17.
1191 1051 1272 1119 9).
1309 1050 1460 1105 Tunc
1495 1049 1642 1104 enim
1680 1049 1826 1104 venit
1853 1059 1917 1104 ut
1955 1064 2049 1119 pa-

460 1158 574 1200 stor
585 1146 683 1216 qui
707 1143 980 1215 quierebat
1003 1151 1272 1197 errantem
1294 1155 1448 1195 ovem
1469 1148 1527 1194 et
1552 1140 1642 1210 qui
1661 1147 2046 1210 repugnantem

462 1236 628 1292 feram
661 1234 842 1290 venari
869 1233 1082 1289 volebat
1109 1249 1123 1286 :
1158 1243 1211 1286 et
1241 1230 1362 1287 idea
1387 1231 1624 1300 seipsum
1667 1229 2048 1285 adumbrabat.

461 1327 614 1394 Sicut
633 1327 779 1382 enim
819 1324 1059 1386 medicus
1087 1337 1197 1380 non
1230 1337 1354 1378 sese
1395 1323 1640 1393 protinus
1665 1330 1869 1392 aegroto
1893 1322 2048 1376 terri-

461 1419 624 1472 bilem
668 1416 916 1480 exhibet,
963 1415 1034 1470 ita
1073 1429 1172 1470 nec
1217 1414 1334 1483 ipse
1383 1413 1436 1468 in
1482 1413 1744 1482 principio
1783 1427 1844 1468 se
1880 1412 2049 1468 voluit

461 1511 824 1574 manifestare,
848 1507 941 1563 sed
965 1507 1218 1578 ptuilatim
1243 1516 1301 1562 et
1320 1505 1540 1562 sensim.
1557 1504 1712 1562 Hunc
1737 1505 1912 1574 itaque
1923 1505 2048 1574 ejus

459 1603 752 1660 adventum
771 1641 792 1666 ,
832 1601 922 1671 qui
965 1599 1070 1655 fuit
1093 1599 1296 1669 absque
1333 1598 1558 1668 strepitu
1579 1635 1597 1664 ,
1625 1597 1933 1668 signiﬁcans
1953 1597 2049 1654 hic

461 1694 577 1764 ipse
605 1693 888 1762 propheta,
917 1689 1050 1745 dicit
1069 1699 1257 1759 postea
1282 1706 1299 1743 :
1331 1688 1603 1743 Descendet
1631 1697 1890 1760 tamquam
1921 1688 2044 1758 plu-

462 1787 545 1841 ria
564 1787 617 1840 in
641 1785 838 1848 uellus,
857 1792 914 1836 α
933 1791 1193 1852 tamquam
1221 1781 1363 1836 stilla
1388 1795 1503 1851 qua:
1528 1780 1742 1836 distillat
1766 1797 1920 1850 utatur
1939 1789 2049 1834 ter-

461 1895 574 1932 rans
601 1875 772 1948 (Paul.
795 1877 884 1930 7l.
909 1875 986 1946 ti).
1013 1874 1196 1945 Neque
1213 1873 1360 1930 enim
1379 1872 1527 1928 venit
1553 1872 1835 1941 strepitum
1851 1870 2043 1934 edens,

451 1986 569 2026 nun
593 1969 812 2024 turbans
837 1983 900 2022 ac
921 1966 1276 2028 tumultuans.
1301 1980 1411 2020 non
1437 1973 1633 2020 terram
1665 1977 1906 2030 movens,
1935 1978 2046 2018 non

461 2061 670 2131 fulgura
699 2059 982 2124 emittens,
1026 2073 1131 2112 non
1159 2057 1349 2112 caelum
1378 2056 1715 2122 concutiens,
1745 2071 1856 2112 non
1876 2070 2047 2126 niger

462 2133 637 2206 locum
674 2159 878 2206 turmas
917 2149 1228 2210 imminens,
1261 2161 1368 2201 non
1395 2146 1627 2202 medium
1653 2145 2045 2202 ﬁrmamentum

459 2243 838 2311 disrumpens,
887 2250 942 2296 et
983 2241 1060 2294 ita
1107 2254 1272 2308 super
1307 2237 1481 2294 nubes
1529 2237 1899 2304 descendens;
1953 2236 2046 2294 sed

459 2334 666 2404 absque
683 2332 918 2402 strepitu
946 2347 1042 2402 per
1082 2341 1291 2394 uterum
1319 2329 1570 2400 Virginis,
1599 2344 1721 2385 cum
1753 2344 1819 2385 es
1849 2343 2047 2384 nove

462 2425 740 2480 ineusibus
763 2424 910 2478 illum
937 2423 1181 2486 tulisset,
1213 2431 1486 2492 tamquam
1512 2419 1646 2476 fabri
1675 2420 1892 2476 filius-in
1912 2435 2052 2490 prte-

457 2515 575 2586 sepi
603 2513 838 2586 paritur,
883 2513 941 2568 in
972 2512 1166 2568 vilibus
1195 2511 1374 2570 fasciis
1394 2511 1608 2566 insidiis
1631 2512 1900 2582 appetitur
1921 2551 1938 2577 ,
1956 2510 2049 2566 fu—

459 2608 538 2679 git
571 2623 695 2662 cum
742 2614 914 2662 matre
943 2607 996 2662 in
1028 2606 1340 2676 Egyptum.
1397 2604 1599 2660 Deinde
1645 2613 1766 2674 post
1815 2613 2048 2660 mortem

459 2701 578 2770 ejus
605 2698 693 2769 qui
723 2699 952 2752 maxime
987 2698 1190 2752 scelera
1216 2695 1547 2764 admiserat,
1579 2705 1708 2752 tunc
1737 2697 2044 2762 revertitur,

462 2803 518 2849 ct
543 2791 651 2848 huc
679 2791 1140 2847 illuccircomiens
1161 2831 1180 2856 ,
1232 2789 1413 2844 habitu
1439 2804 1658 2860 semper
1683 2799 1800 2854 erat
1826 2799 1884 2844 ut
1913 2805 2050 2847 unus

466 2899 533 2940 ex
565 2883 721 2955 plebe
745 2925 762 2951 ,
793 2893 848 2938 et
876 2891 994 2938 erat
1037 2881 1116 2937 illi
1146 2880 1311 2936 vestis
1335 2881 1496 2948 vilis,
1543 2888 1599 2936 et
1639 2895 1826 2936 mensa
1863 2878 2047 2946 vilior;

461 2985 752 3048 perpetuus
795 2977 1060 3041 incessus,
1090 2983 1147 3030 et
1176 2976 1244 3028 ita
1271 2981 1596 3044 perpetuus,
1641 2982 1702 3028 ut
1741 2988 1814 3028 ex
1859 2972 2050 3028 itinere

459 3071 622 3126 etiam
651 3067 1053 3138 defatigaretur.
1089 3066 1286 3124 Verum
1302 3081 1416 3122 non
1443 3074 1568 3121 tunc
1601 3065 1681 3120 sic
1709 3067 1885 3121 veniet
1899 3075 1926 3131 ﬁ,
1953 3064 2048 3121 sed

461 3162 598 3216 adeo
622 3159 903 3216 manifeste
924 3199 940 3226 ,
971 3167 1028 3213 ut
1055 3173 1122 3213 ne
1153 3158 1262 3213 ullo
1293 3157 1508 3228 quidem
1537 3171 1674 3227 opus
1693 3157 1932 3224 habeat,
1959 3157 2050 3227 qui

463 3253 582 3323 ejus
593 3251 882 3307 adventum
907 3248 1208 3305 annuntiat.
1231 3249 1652 3320 Proptereaipse
1670 3262 1882 3320 quoque
1898 3263 2050 3303 suam

363 3383 370 3396 ,
463 3345 762 3400 claritatem
805 3342 1145 3414 signiﬁcans,
1175 3341 1386 3398 dicebat
1415 3359 1432 3397 :
1460 3340 1521 3395 Si
1565 3341 1830 3394 audieritis
1853 3356 1959 3396 esse
1996 3340 2052 3394 iu

463 3435 819 3506 penetralibus,
849 3435 1004 3490 nolite
1027 3435 1219 3489 intrare
1247 3448 1266 3487 :
1293 3434 1340 3488 si
1369 3433 1436 3487 in
1461 3431 1675 3500 deserto,
1703 3433 1857 3487 nolite
1892 3433 2048 3488 exire.

465 3525 612 3582 Sicut
653 3527 788 3580 enim
817 3527 1005 3598 fulgur
1039 3527 1144 3581 exit
1184 3524 1246 3578 ab
1289 3525 1480 3579 oriente
1516 3533 1564 3578 et
1592 3525 1780 3578 relucet
1797 3522 2051 3594 nsque-ad

462 3618 770 3672 occidentem
796 3633 816 3672 :
843 3618 917 3672 ita
961 3617 1053 3671 erit
1097 3615 1344 3670 aduentus
1387 3613 1515 3670 Filii
1559 3615 1776 3670 hominis
1819 3614 2048 3687 (Matth.

465 3711 560 3776 24.
581 3710 672 3766 26.
701 3711 768 3766 27
789 3711 848 3782 ),
901 3710 1014 3780 ipse
1038 3709 1272 3779 seipsum
1294 3708 1586 3764 «tendens
1603 3747 1619 3774 ,
1651 3714 1707 3762 et
1725 3705 2047 3776 praedicans.

467 3803 600 3857 Nam
630 3801 731 3857 hoc
754 3789 916 3856 etiam
957 3801 1010 3856 in
1040 3799 1248 3871 fulgure
1277 3800 1475 3866 evenit,
1505 3814 1609 3854 nec
1633 3813 1767 3868 opus
1787 3797 2052 3854 habemus

468 3897 646 3967 aliquo
668 3896 758 3966 qui
775 3895 1088 3960 .annuntiet,
1107 3893 1208 3950 sed
1231 3893 1392 3948 simul
1413 3900 1573 3964 atque
1599 3892 1865 3962 apparuit,
1889 3891 2052 3947 simul

467 3987 718 4042 onmibus
737 3987 1008 4056 cognitum
1034 3983 1260 4056 fuit._lta
1281 3984 1442 4040 etiam
1477 3983 1608 4040 dicit
1631 3983 1836 4038 Paulus
1853 3998 1881 4037 .:
1913 3981 2052 4048 Quo-

467 4081 607 4136 niam
625 4081 744 4151 .ipse
781 4079 1030 4134 Dominus
1070 4080 1125 4134 in
1152 4052 1319 4150 (jussu
1336 4119 1352 4144 ,
1387 4079 1450 4132 in
1491 4093 1610 4134 uoca
1646 4077 1972 4147 archangeli,
1999 4077 2054 4130 in

468 4184 690 4229 attenta
735 4172 852 4228 tuba
893 4171 1155 4226 descendet
1191 4173 1254 4225 de
1277 4172 1402 4226 caelo
1431 4171 1507 4243 (1.
1535 4169 1718 4225 Thess.
1745 4171 1799 4226 4.
1835 4167 1946 4242 15).
1977 4169 2053 4223 lta

463 4268 628 4324 etiam
660 4267 916 4338 propheta
946 4265 1080 4320 vidit
1101 4279 1223 4319 eum
1251 4262 1376 4318 ferri
1409 4278 1571 4333 super
1617 4264 1786 4318 nubes
1810 4302 1826 4328 ,
1871 4261 2052 4316 et-llu-

465 4360 610 4414 vium
631 4367 754 4412 ante
770 4373 892 4412 eum
913 4355 1046 4411 trahi
1070 4366 1124 4410 et
1151 4355 1381 4409 tribunal
1403 4354 1660 4419 terribile,
1688 4352 2055 4409 etrcddcndus

469 4453 592 4508 vita:
619 4451 856 4506 rationes
884 4464 1003 4520 quae
1043 4448 1200 4502 vitari
1241 4464 1346 4504 non
1393 4458 1638 4517 possunt.
1695 4446 1848 4500 Tunc
1883 4445 2050 4512 enim,

469 4553 600 4599 tunc
634 4543 837 4614 judicio
863 4551 917 4597 et
947 4541 1209 4597 sententia
1238 4555 1373 4611 opus
1400 4549 1482 4595 est
1515 4557 1530 4596 :
1561 4547 1616 4594 et
1647 4539 1768 4595 ideo
1805 4555 1911 4594 non
1940 4555 2055 4594 am-

469 4636 610 4706 plius
657 4644 716 4690 ut
739 4633 1007 4700 medicus,
1045 4633 1146 4688 sed
1175 4632 1410 4703 utjudes
1438 4639 1679 4700 apparet.
1730 4631 1917 4686 Daniel
1948 4631 2049 4686 ita-

467 4741 574 4795 que
597 4733 653 4780 et
679 4723 926 4780 thronum
952 4724 1068 4793 ejus
1095 4721 1256 4787 videt,
1286 4731 1340 4777 et
1364 4721 1580 4776 ﬂuvium
1611 4721 1700 4791 qui
1728 4731 1853 4776 ante
1883 4721 2053 4776 tribu-

424 4859 429 4868 .
470 4815 556 4870 nal
591 4813 851 4876 trahitur,
882 4824 936 4870 et
955 4814 1132 4868 omnia
1161 4814 1233 4869 illi
1271 4814 1436 4885 ignita
1467 4813 1839 4874 ostenduntur,
1863 4827 2053 4868 currus

467 4915 524 4961 et
551 4913 684 4958 rota:
737 4902 894 4975 (Dan.
927 4905 980 4960 7.
1005 4904 1059 4960 9.
1091 4903 1201 4975 10).
1247 4904 1352 4960 Sed
1394 4920 1498 4958 non
1529 4903 1581 4958 in
1622 4903 1916 4975 principio,
1955 4919 2054 4959 nec

465 4995 684 5068 quando
718 4995 769 5050 in
797 4996 970 5065 primo
999 4994 1230 5052 adventu
1253 4995 1396 5051 venit
1423 4995 1440 5027 ¹
1468 5035 1484 5061 ,
1517 4995 1622 5051 tale
1647 4995 1771 5068 quid
1795 4994 2048 5058 ostendit,

471 5106 578 5147 non
610 5091 804 5162 ignem,
831 5105 935 5145 non
963 5088 1202 5154 fluvium,
1229 5105 1332 5144 non
1357 5089 1554 5158 aliquid
1581 5088 1724 5144 aliud
1753 5087 2048 5158 ejusmodi;

469 5183 566 5238 Sed
593 5197 830 5254 pra-sepe
851 5224 867 5248 ,
898 5182 1251 5237 diversorium
1268 5223 1284 5248 ,
1314 5181 1601 5250 tugurium,
1631 5190 1681 5236 et
1703 5180 1914 5252 inopem
1941 5196 2052 5236 ma-

471 5284 626 5328 trem.
657 5273 990 5346 Quamquam
1012 5272 1211 5342 alioqui
1233 5287 1296 5327 ex
1323 5273 1425 5328 hoc
1452 5273 1686 5328 ostendit
1721 5288 1843 5328 eum
1874 5287 1994 5328 esse
2019 5290 2050 5327 a

469 5366 818 5422 conversione
857 5375 911 5420 et
956 5365 1252 5420 mutatione
1294 5365 1548 5420 alienum.
1600 5365 1862 5434 Quoniam
1907 5366 2050 5422 enim

471 5457 605 5513 dixit
631 5472 752 5513 eum
790 5458 878 5528 qui
903 5457 1122 5514 sedebat
1152 5474 1314 5529 super
1352 5456 1599 5514 thronum
1625 5499 1640 5523 ,
1687 5458 1936 5515 habuisse
1959 5474 2052 5516 ca-

471 5554 655 5624 pilluu:
685 5553 966 5610 candidum
1013 5565 1069 5611 ut
1113 5556 1288 5612 lanam
1313 5597 1329 5624 ,
1362 5568 1417 5613 et
1444 5568 1643 5614 vestem
1676 5559 1812 5616 sicut
1835 5561 2051 5616 nivem:

537 5667 553 5697 ι
587 5663 728 5736 sas-il.
757 5675 810 5736 nt
834 5667 963 5736 colli.
990 5672 1204 5736 sequuti.
1227 5671 1460 5728 verbum,
1483 5672 1623 5732 renit,
1649 5675 2025 5736 intorposuimus

436 5794 456 5816 .
472 5713 600 5789 quod
621 5713 768 5777 deest
787 5713 971 5792 ἷηᾘέέ.
991 5713 1249 5781 ῐῖὦῖεῙῗέί
1265 5713 1460 5781 Ξὶιῖὲῆὶέἰ
1755 5713 2048 5737 ’¹’“’”“””“””

1209 298 1270 352 s.
1309 293 1588 354 JOANNIS
1625 291 2095 353 cttnvsosvont
2126 294 2441 354 ARCtllEP.
2483 287 3016 365 consumatur.

3639 324 3745 384 ’ΞΗ

2140 426 2226 467 ne
2273 413 2407 481 pilos
2447 427 2717 475 vestemve
2758 422 3126 489 existimares,
3173 426 3270 482 sed
3311 430 3651 500 splendorem
3681 455 3744 496 ac

2155 503 2437 573 puritatem
2463 537 2493 572 ,ι
2531 508 2708 578 ignem
2761 512 2954 583 ubique
3001 530 3120 570 esse
3165 517 3334 575 dicit:
3361 520 3506 593 Ignis
3542 527 3594 581 in
3621 545 3744 584 con-

2153 605 2326 689 specta
2363 599 2477 668 ejus
2506 601 2792 656 exardescet
2813 645 2829 669 ,
2882 615 2930 659 et
2971 607 3026 660 in
3073 609 3287 665 circuitu
3325 613 3434 683 ejus
3474 625 3745 689 tempestas

2153 686 2323 740 valida
2363 689 2525 758 (Dan.
2573 691 2626 746 7.
2673 694 2753 761 9).
2803 694 2877 749 lta
2919 699 3077 752 etiam
3123 699 3209 756 hic
3251 703 3410 760 simul
3448 686 3586 763 eum
3620 725 3743 768 esse

2153 780 2433 835 .nntationi
2459 789 2516 836 et
2539 787 2872 842 conversioni
2892 789 3108 846 minime
3131 791 3441 863 obnoxium,
3475 799 3741 856 lucidum-

2152 883 2257 938 que
2306 878 2360 924 et
2411 869 2738 929 inaccessum
2783 879 3023 933 ostendit
3067 896 3163 950 per
3199 883 3296 938 has
3339 885 3739 949 similitudines.

2153 956 2338 1028 Neque
2375 976 2502 1016 vero
2525 963 2676 1018 sistit
2700 965 2766 1020 ad
2791 966 2968 1038 ignem
2997 985 3181 1041 usque,
3214 973 3308 1029 sed
3335 978 3522 1034 volens
3552 990 3743 1037 osten-

2145 1049 2282 1107 dere
2310 1051 2698 1110 vehementiam
2727 1060 2990 1130 supplicii,
3022 1063 3297 1136 subiungit
3325 1067 3510 1125 dicens
3543 1089 3558 1127 :
3589 1072 3740 1128 Tem-

2151 1153 2320 1212 pestas
2359 1145 2549 1202 calida.
2602 1149 2698 1205 Est
2739 1161 2915 1208 autem
2958 1169 3212 1224 καταινις,
3255 1161 3340 1216 vel
3385 1164 3738 1222 intolerabilis

2147 1250 2327 1290 massa
2373 1241 2550 1307 nivis,
2602 1258 2720 1312 quae
2751 1243 2802 1298 in
2848 1247 3069 1316 quodvis
3113 1250 3360 1309 inciderit
3392 1259 3647 1325 pertrahit
3687 1271 3742 1317 et

2145 1328 2363 1420 evertit,
2389 1331 2476 1385 vel
2503 1331 2793 1390 vehemens
2814 1347 3096 1394 ventorum
3115 1340 3368 1411 impetus,
3397 1350 3483 1420 qui
3507 1347 3738 1418 idipsum

2149 1419 2348 1488 el‘licit,
2379 1432 2542 1478 etest
2579 1427 2644 1481 iis
2668 1440 2788 1498 qua:
2811 1442 3102 1488 occurrunt
3138 1433 3505 1504 intolerabilis.
3541 1441 3737 1501 Veiens

2147 1511 2314 1582 igitur
2351 1515 2635 1572 ostendere
2681 1519 2807 1574 illud
2851 1523 3167 1591 supplicium
3211 1541 3332 1584 esse
3377 1530 3733 1602 intolerabile,

2147 1603 2373 1658 adduxit
2400 1604 2495 1661 has
2537 1608 2929 1667 similitudines.
2976 1615 3028 1667 4.
3052 1614 3328 1671 Advocabit
3353 1622 3531 1674 cretum
3558 1623 3738 1678 desur.

2153 1709 2264 1747 sunt
2289 1735 2303 1761 ,
2347 1705 2396 1748 et
2441 1705 2625 1752 terram
2647 1740 2662 1762 ,
2701 1699 2984 1757 discentem
3025 1705 3272 1774 papulum
3315 1723 3482 1764 suum.
3533 1712 3737 1770 Rursus

2147 1787 2396 1840 meminit
2431 1787 2817 1846 elementorum
2839 1833 2854 1860 ,
2883 1809 2983 1863 per
3006 1811 3125 1865 qua:
3164 1797 3300 1852 bene
3331 1800 3732 1860 innumerabilia

2143 1875 2218 1928 nd
2247 1891 2413 1946 genus
2437 1877 2711 1936 hominum
2739 1895 3110 1952 pervenerunt,
3146 1903 3248 1942 non
3277 1891 3446 1944 solum
3476 1891 3540 1946 ad
3570 1893 3728 1948 vitam

2145 1968 2204 2014 et
2231 1962 2666 2019 constitutionem
2707 1969 2948 2037 corporis
2970 2004 2986 2035 ,
3023 1971 3118 2024 sed
3145 1971 3298 2026 etiam
3325 1974 3392 2028 ad
3423 1975 3730 2047 Dci‘cogni-

2146 2051 2377 2108 tionem.
2422 2055 2852 2114 Pulchri-tudincs
2891 2061 3066 2127 enim,
3105 2072 3163 2118 et
3201 2065 3590 2134 magnitudines
3615 2109 3630 2135 ,
3679 2077 3736 2122 et

2144 2145 2386 2202 mtiones
2427 2149 2623 2204 situum
2644 2188 2658 2216 ,
2705 2161 2758 2206 et
2790 2153 3100 2210 substantia:
3119 2199 3134 2223 ,
3181 2171 3246 2212 ex
3275 2159 3464 2229 quibus
3492 2170 3740 2217 constant

2147 2235 2268 2294 huic
2299 2241 2559 2297 elementa
2585 2283 2601 2310 ,
2629 2253 2682 2298 et
2707 2261 2827 2316 qua:
2851 2249 3022 2302 exeis
3053 2249 3202 2315 fiunt,
3231 2266 3298 2306 ac
3322 2267 3441 2322 qum
3470 2255 3738 2324 generali.

2145 2340 2236 2388 ter
2259 2334 2407 2388 omni
2435 2344 2671 2405 tempore
2695 2379 2711 2402 ,
2746 2338 2830 2393 vel
2858 2353 3001 2410 stupe
3025 2340 3295 2414 sigillatim
3319 2345 3592 2411 eveniunt,
3625 2345 3738 2400 hare

2151 2422 2333 2478 omnia
2369 2439 2590 2495 corpora
2639 2429 2791 2483 alunt
2817 2440 2871 2485 et
2901 2433 3261 2498 constituunt,
3311 2443 3365 2489 et
3409 2435 3477 2490 ad
3519 2437 3738 2507 Opificis

2149 2517 2508 2586 cognitionem
2534 2517 2821 2575 deducunt.
2879 2522 2945 2576 Et
2981 2523 3102 2579 ideo
3125 2524 3258 2580 dixit
3279 2525 3476 2582 Paulus
3503 2544 3519 2582 :
3549 2527 3710 2582 incisi
3726 2559 3740 2570 -

2147 2608 2276 2664 bilis
2315 2611 2426 2682 ejus
2466 2628 2529 2666 ea:
2561 2623 2792 2668 creatura
2837 2617 3014 2669 mundi
3054 2617 3288 2688 operibus
3323 2620 3584 2674 intellecta
3625 2637 3740 2691 pcr-

2150 2702 2468 2770 spiciuntur,
2499 2715 2784 2776 wternaque
2818 2707 2928 2777 ejus
2953 2717 3177 2777 potestas
3205 2726 3266 2762 ac
3284 2709 3530 2764 divinitas
3557 2710 3734 2778 (llam.

2151 2793 2207 2848 4.
2237 2792 2353 2865 20).
2407 2795 2472 2849 Et
2516 2811 2702 2851 rursus
2725 2837 2740 2863 ,
2800 2797 2932 2863 Quia
2970 2799 3102 2852 enim
3143 2801 3195 2854 in
3225 2801 3480 2870 sapientia
3509 2801 3606 2855 Dei
3635 2819 3735 2856 non

2148 2888 2625 2958 cognovit'nmndns
2655 2906 2744 2960 per
2763 2891 3059 2960 sapientiam
3079 2890 3244 2946 Deum
3274 2893 3352 2960 (1.
3375 2891 3500 2948 Car.
3533 2896 3582 2948 1.
3615 2895 3734 2964 21),

2149 2977 2260 3034 hoc
2283 2987 2368 3034 est
2388 3020 2404 3046 ,
2449 2995 2543 3049 per
2587 2980 2928 3049 sapientiam,
2959 2997 3086 3051 quae
3105 2984 3346 3038 cernitur
3365 2983 3426 3038 in
3455 2985 3735 3048 creaturis,

2150 3079 2212 3125 ut
2249 3084 2368 3140 qua:
2396 3086 2503 3126 non
2529 3071 2600 3127 sit
2627 3089 2783 3142 parva
2809 3115 2824 3136 ,
2863 3073 2956 3128 sed
2985 3075 3070 3129 vel
3103 3075 3334 3129 niaxima
3355 3086 3414 3131 et
3439 3076 3736 3132 clarissima

2153 3162 2412 3218 doctrina.
2463 3165 2540 3219 Ac
2575 3180 2698 3234 qua:
2743 3165 2978 3234 quotidie
3019 3166 3234 3236 quidem
3283 3183 3380 3238 per
3419 3183 3541 3223 eum
3581 3168 3734 3233 fiunt,

2153 3254 2361 3311 etiamsi
2387 3254 2666 3310 videantur
2687 3255 2801 3311 fieri
2829 3264 3032 3311 natura:
3059 3258 3436 3328 consequentia
3458 3297 3474 3324 ,
3497 3258 3621 3329 ipsa
3647 3268 3730 3312 ta-

2151 3360 2277 3401 men
2321 3346 2478 3401 etiam
2509 3345 2771 3417 Opificem
2799 3347 3109 3418 praedicant.
3153 3349 3340 3419 Opifex
3367 3349 3510 3404 enim
3536 3358 3617 3405 est
3644 3365 3738 3405 nas

2155 3447 2288 3494 tum
2311 3439 2588 3494 Dominus.-
3719 3441 3726 3446 ‘

2225 3531 2279 3586 5.
2307 3530 2389 3584 Ne
2413 3529 2810 3584 mirerisautem
2834 3530 2964 3585 si-ad
2982 3529 3196 3587 Iudaeos
3215 3530 3735 3602 dirigatorationem.

2153 3621 2478 3692 de-generuli
2501 3620 2698 3690 judicio
2719 3621 3009 3678 disserens.
3037 3621 3116 3677 lta
3135 3623 3278 3677 enim
3305 3623 3500 3678 Paulus
3525 3638 3734 3693 quoque
3849 3685 3852 3688 ,

2155 3713 2286 3770 dicit
2315 3729 2331 3766 :
2365 3711 2456 3766 Ira
2491 3723 2540 3766 et
2577 3713 2899 3784 indignatio,
2923 3713 3187 3768 tribulatio
3224 3723 3274 3769 et
3307 3713 3545 3786 angustia
3585 3731 3736 3784 super

2153 3820 2354 3860 omnem
2381 3805 2602 3858 animum
2631 3805 2846 3858 hominis
2876 3805 3346 3876 sperantis-malunt
3365 3847 3380 3872 ,
3425 3805 3595 3858 Judtei
3633 3806 3741 3875 pri-

2155 3912 2292 3949 rnunt
2319 3906 2364 3950 et
2393 3895 2556 3950 (ἔνπί
2584 3895 2756 3965 (nam.
2784 3895 2838 3950 2.
2873 3895 2926 3950 8.
2957 3896 3034 3966 9).
3055 3896 3128 3952 .El
3160 3883 3344 3951 rursus
3378 3914 3392 3951 :
3427 3896 3739 3966 Quicumque

2155 3990 2264 4044 sine
2305 3989 2412 4060 lege
2441 3999 2712 4059 peccarunt
2729 4031 2746 4057 ,
2781 3989 2894 4042 sine
2923 3987 3029 4059 lege
3054 3997 3100 4044 et
3127 3991 3358 4060 peribunt
3385 4005 3404 4042 :
3429 3999 3474 4042 et
3503 3990 3737 4059 quicum—

2153 4081 2322 4150 quein
2352 4079 2458 4150 lege
2478 4089 2769 4150 peccaram,
2797 4097 2884 4150 per
2909 4081 3064 4150 legem
3081 4082 3450 4150 judicabuntur
3493 4080 3655 4152 (Ibid.
3687 4096 3737 4134 υ.

2153 4170 2268 4242 12).
2301 4172 2355 4226 5.
2385 4172 2698 4242 Congregate
2713 4171 2798 4226 illi
2823 4183 3022 4226 sanctos
3049 4173 3176 4241 ejus,
3205 4175 3292 4245 qui
3317 4173 3553 4228 ordinant
3582 4184 3741 4227 testa-

2157 4274 2378 4317 mentum
2403 4264 2514 4334 ejus
2552 4279 2704 4332 super
2729 4265 3009 4332 sacriﬁcia.
3049 4263 3167 4319 Cur
3190 4280 3322 4336 quos
3350 4275 3737 4320 est'accusatu-

2153 4361 2352 4420 rus,~et
2374 4369 2508 4424 quos
2525 4353 3007 4419 condemnaturus,
3045 4366 3258 4410 sanctos
3280 4354 3387 4410 hoc
3417 4355 3535 4411 loco
3554 4356 3739 4426 appel-

2159 4444 2271 4498 lat?
2315 4443 2718 4500 Accusationem
2747 4459 2969 4516 augens,
3001 4454 3056 4502 et
3081 4445 3338 4502 honorem
3369 4447 3643 4516 adjiciens,
3671 4446 3738 4500 ad

2158 4535 2415 4605 majorem
2441 4535 2878 4606 signiﬁcationem
2908 4536 3173 4607 supplicii.
3191 4537 3278 4592 ‘lta
3297 4538 3457 4592 etiam
3479 4552 3584 4591 nos
3603 4551 3740 4607 quo-

2156 4644 2260 4700 que
2282 4644 2403 4684 cum
2435 4629 2676 4685 videmus
2715 4630 2921 4700 aliquos
2964 4644 3212 4701 peccasse
3232 4672 3248 4698 ,
3279 4642 3334 4686 et
3375 4631 3619 4686 volumus
3643 4645 3744 4686 eos

2167 4722 2524 4776 .ehcmentius
2563 4722 2845 4788 insectari,
2895 4737 3016 4777 cum
3047 4737 3234 4778 eorum
3274 4723 3622 4794 dignitatibus
3647 4737 3743 4778 eos

2158 4800 2410 4867 vocativus
2433 4853 2449 4878 ,
2478 4813 2855 4883 ut'graviorem
2890 4813 3175 4870 reddamus
3205 4815 3623 4881 accusationem,
3655 4814 3741 4868 di-

2157 4913 2343 4957 centes
2372 4921 2384 4955 :
2422 4902 2564 4958 Voca
2591 4903 2872 4960 diaconum
2891 4945 2910 4972 ,
2939 4905 3024 4960 vel
3061 4907 3450 4979 presbyterum.
3479 4907 3740 4974 Quoniam

2156 5011 2285 5066 ergo
2305 4997 2361 5050 -Ιιί
2394 5012 2606 5068 quoque
2631 4999 3032 5069 appellabantur
3053 5001 3236 5071 regale
3265 5000 3618 5056 sacerdotium
3646 5043 3660 5064 .
3691 5007 3745 5057 et

2158 5089 2384 5158 populus
2409 5089 2710 5160 peculiaris,
2734 5101 2788 5145 et
2807 5105 2874 5146 eo
2891 5091 3232 5148 nomine-sibi
3253 5092 3408 5148 val-le
3429 5093 3708 5164 placebant
3729 5112 3742 5148 :

2158 5196 2225 5236 ex
2265 5195 2336 5235 eo
2375 5181 2491 5251 ipso
2532 5181 2771 5236 contexit
2816 5182 3100 5237 criminum
3153 5184 3590 5254 magnitudinem.
3645 5183 3747 5252 Qui

2157 5271 2392 5325 ordinant
2425 5280 2778 5326 testamentum
2818 5273 2927 5346 ejus
2979 5291 3131 5344 super
3167 5276 3436 5345 sacriﬁcia.
3475 5275 3746 5344 Quoniam

2159 5361 2440 5416 commata
2471 5362 2877 5419 innumerabilia
2903 5366 3197 5430 auderent,
3225 5375 3285 5422 et
3315 5375 3391 5420 tot
3419 5367 3471 5421 in
3499 5382 3558 5421 se
3583 5367 3744 5421 vitio-

2161 5471 2276 5509 rtnn
2307 5469 2502 5526 genera
2528 5455 2896 5526 susciperent,
2935 5458 3238 5528 rapientes,
3272 5459 3324 5512 in
3351 5457 3489 5513 bona
3517 5458 3745 5513 aliorum

2163 5562 2256 5616 per
2297 5546 2570 5602 avaritiam
2612 5547 2964 5616 invadentes,
3009 5549 3333 5617 occidentes,
3361 5549 3743 5612 adulterantes.

2159 5641 2470 5711 sanguinem
2485 5640 2754 5709 sanguine
2774 5642 2972 5698 misceo
2981 5642 3476 5707 tes,.esistintabmt
3487 5641 3744 5712 pra-clare

2111 5783 2116 5788 .
2165 5747 2222 5787 se
2260 5747 2478 5801 gerere,
2522 5741 2577 5789 et
2622 5731 2790 5803 legem
2822 5747 2884 5788 ac
2923 5741 3292 5788 testamentum
3327 5729 3650 5803 adimplere,
3698 5741 3744 5795 si
