4112 6208
442 258 547 313 215

440 385 568 428 oves
606 378 660 425 et
696 368 889 426 vitulos
925 367 1285 424 sacriﬁcarent
1316 383 1329 419 :
1355 365 1476 420 ideo
1515 366 1705 435 probra
1732 366 1835 426 illis
1864 365 2014 435 inge-

440 476 582 526 rens,
605 476 803 531 eosque
832 459 1058 514 irridens
1085 458 1235 525 dicit,
1279 457 1379 525 Qui
1404 457 1638 510 ordinant
1661 466 2007 511 testamentum

438 571 549 627 qua
572 569 725 625 super
750 552 1000 619 sacriﬁcia
1021 567 1040 605 :
1067 550 1168 605 hoc
1195 559 1297 617 est,
1325 549 1412 620 qui
1434 549 1498 603 ad
1519 549 1740 603 salutem
1768 548 2016 604 sufﬁcere

437 645 780 708 existimant,
825 642 870 697 si
910 656 1131 711 corpora
1166 641 1441 695 brutorum
1476 639 1792 694 sacriﬁcent.
1841 641 1894 694 6.
1939 638 2005 693 Et

436 733 812 788 annuntiabunt
847 732 959 787 ctuti
990 732 1240 803 justitiam
1283 732 1410 802 ejus.
1458 730 1655 785 Volcns
1698 730 1786 786 hic
1825 747 2012 787 rursus

437 824 723 879 ostendere
749 823 863 892 ejus
887 821 1140 890 justitiam
1172 836 1291 876 esse
1315 821 1536 885 claram,
1566 819 1785 875 nitidam
1808 861 1824 886 ,
1852 836 2012 891 aper-

441 925 571 978 tam,
601 914 689 968 cui
713 911 1002 968 contradici
1033 928 1137 966 non
1166 911 1369 982 possit,
1418 921 1475 967 et
1513 926 1634 981 quae
1672 911 1725 965 in
1766 909 2015 965 confesso

438 1004 528 1070 sit,
558 1001 843 1057 introducit
869 1002 1128 1058 elementa
1154 1000 1477 1056 insensibilia
1502 1015 1619 1054 eam
1651 994 2013 1069 praedicanda,

439 1096 648 1160 eadem,
671 1110 826 1165 quam
851 1095 995 1171 prius
1016 1093 1166 1156 dixit,
1197 1092 1386 1163 ﬁgura.
1419 1090 1673 1156 Quoniam
1705 1089 1838 1143 Deus
1855 1090 2019 1161 judex

441 1199 529 1243 est.
560 1189 676 1256 Jus,
715 1189 901 1259 inquit,
934 1189 1218 1259 unicuique
1239 1186 1519 1243 deﬁniens.
1548 1185 1733 1256 Neque
1757 1185 1899 1240 enim
1932 1183 2018 1239 hic

366 1263 379 1271 ’
442 1287 642 1332 temere
670 1278 862 1347 posuit,
894 1277 1041 1335 illud.
1062 1277 1326 1347 judicare,
1356 1275 1451 1331 sed
1476 1283 1534 1330 ut
1559 1274 1864 1330 ostenderet
1887 1289 2009 1329 eum

441 1370 596 1420 etiam
626 1382 745 1422 esse
763 1366 963 1437 justum
982 1407 999 1433 ,
1026 1376 1081 1420 et
1107 1367 1225 1420 aliis
1261 1364 1488 1420 reddere
1511 1363 1651 1435 quod
1685 1363 1885 1433 justum
1910 1371 2010 1418 est.

443 1456 498 1511 In
528 1457 635 1511 Deo
665 1458 804 1512 enim
846 1456 973 1511 illud
999 1498 1015 1520 ,
1043 1456 1217 1510 Judea:
1238 1498 1254 1521 ,
1297 1470 1395 1525 pro
1433 1455 1578 1525 juSto
1604 1465 1869 1523 sumptum
1909 1463 2010 1520 est,

438 1547 880 1617 quemadmodum
905 1548 1096 1602 Paulus
1122 1546 1173 1602 id
1201 1562 1412 1618 quoque
1438 1546 1612 1617 posuit
1631 1546 1814 1601 dicens
1836 1562 1851 1598 :
1872 1543 2011 1599 Nam

437 1642 684 1708 quomodo
712 1640 966 1706 judicabit
1003 1638 1142 1694 Deus
1182 1637 1428 1692 mundum
1475 1635 1647 1708 (Rom.
1674 1636 1729 1691 3.
1758 1635 1859 1708 6)?
1899 1634 2010 1691 lloc

434 1741 519 1786 est
545 1731 686 1786 enim
713 1732 942 1785 maxime
965 1730 1220 1799 judicium
1238 1768 1256 1794 ,
1288 1728 1390 1783 hoc
1412 1734 1496 1782 est
1519 1727 1748 1782 maxime
1775 1740 1897 1781 esse
1916 1727 2007 1792 ju-

432 1821 603 1875 dicem
627 1863 643 1888 ,
687 1835 791 1875 non
833 1821 1005 1874 solum
1037 1818 1179 1875 ferre
1204 1819 1563 1887 sententiam,
1606 1816 1700 1873 sed
1725 1832 1843 1872 eam
1869 1816 2010 1887 juste

429 1912 589 1968 ferre.
640 1912 1021 1968 Judicabunlur
1045 1921 1219 1965 autem
1245 1909 1415 1966 Judaei
1439 1950 1456 1977 ,
1483 1920 1536 1964 et
1561 1909 1650 1979 qui
1679 1920 1805 1963 tunc
1832 1919 2006 1975 erant,

426 2014 481 2060 et
504 2005 593 2074 qui
628 2011 808 2075 postea
846 2003 900 2056 in
929 2001 1079 2057 Novo
1104 2002 1451 2057 Testamento
1477 1999 1497 2029 ⁵
1526 2013 1585 2054 se
1624 1999 1805 2070 inique
1827 2013 2009 2068 gesse-

428 2106 598 2151 runt:
642 2096 717 2151 illi
759 2104 814 2151 et
855 2105 1097 2149 naturam
1134 2101 1189 2147 et
1216 2092 1389 2161 legem
1419 2091 1675 2145 habentes
1716 2089 2007 2144 accusatri-

426 2205 581 2255 cem;
635 2188 691 2243 bi
734 2198 913 2241 autem
952 2194 1147 2256 prmter
1193 2183 1283 2237 illa
1307 2224 1324 2251 ,
1367 2181 1528 2236 etiam
1558 2196 1620 2235 ea
1650 2195 1769 2250 qum
1795 2180 2007 2235 illorum

427 2282 598 2352 gratia
634 2279 878 2334 Christus
913 2278 1055 2333 fecit.
1095 2274 1232 2343 Quid
1255 2274 1396 2329 enim
1426 2281 1674 2343 poterunt
1697 2272 1893 2338 dicere,
1922 2271 2008 2327 vel

429 2388 588 2441 quam
617 2385 829 2424 causam
855 2368 1066 2432 all‘erre,
1089 2380 1252 2437 quare
1277 2379 1381 2419 non
1407 2363 1766 2418 crediderint?
1794 2362 1897 2418 Sed
1920 2378 2005 2429 ea,

432 2477 635 2532 quaeso,
665 2477 783 2533 quae
809 2463 1055 2517 dicuntur
1073 2458 1329 2514 attendite
1348 2499 1362 2521 ,
1392 2467 1449 2511 ut.
1478 2458 1690 2525 possitis
1709 2471 1804 2511 ora
1822 2473 2007 2511 eorum

432 2553 522 2623 qni
543 2551 912 2607 contradicunt
938 2550 1235 2604 obstruere.
1261 2547 1437 2602 Satius
1459 2555 1540 2600 cst
1567 2545 1708 2600 enim
1740 2560 1832 2600 eos
1854 2561 1885 2599 a
1912 2560 2011 2600 n0-

432 2646 515 2699 Ιιίε
543 2647 710 2699 victos
740 2657 882 2697 nunc
924 2639 1156 2709 corrigi,
1205 2652 1361 2708 quam
1407 2651 1466 2690 se
1508 2634 1722 2689 vincere
1769 2642 2010 2704 putantes

431 2735 560 2789 illuc
608 2734 754 2788 abire
795 2741 850 2787 et
888 2729 1231 2786 condemnari
1261 2743 1290 2779 a
1327 2724 1595 2781 communi
1638 2722 1824 2778 Judice
1864 2722 2012 2777 orbis

429 2835 607 2879 terrae.
638 2822 772 2891 Quid
798 2836 927 2891 ergo
968 2828 1215 2889 poterunt
1241 2817 1418 2871 dicere
1442 2815 1631 2879 Indici,
1664 2814 2009 2885 quamobrem

428 2916 696 2971 Christum
746 2910 1150 2967 interfecerint?
1195 2908 1463 2977 quodnam
1509 2922 1729 2977 parvum
1772 2905 1856 2959 vel
1887 2918 2006 2957 ma-

426 3022 587 3077 gnum
633 3005 835 3060 crimen
864 3004 911 3057 ei
959 3007 1183 3071 possunt
1221 2997 1493 3067 objicere?
1545 2995 1694 3065 Quod
1738 3010 1796 3049 se
1840 2994 2005 3050 Deum

428 3097 654 3153 faciebat
685 3090 859 3166 (Joan.
887 3092 974 3147 10.
1004 3090 1096 3162 '55)
1118 3132 1131 3153 ,
1163 3090 1349 3159 inquit.
1381 3086 1542 3158 Atqui
1574 3101 1679 3140 non
1712 3092 1863 3139 erant
1892 3083 2008 3137 hinc

428 3189 589 3244 verba
617 3203 721 3258 quo
748 3196 988 3254 tempore
1016 3181 1303 3241 crucifixus
1338 3188 1452 3243 est,
1484 3176 1580 3233 sed
1605 3176 1846 3248 quaedam
1876 3174 1999 3228 alia.

430 3284 545 3339 Non
571 3282 711 3338 enim
735 3279 985 3334 dicebant
1018 3296 1027 3328 :
1056 3274 1158 3345 Qui
1200 3273 1321 3328 facit
1361 3272 1594 3341 seipsum
1639 3269 1844 3333 Deum,
1889 3266 2002 3332 sed,

432 3374 531 3440 Qui
560 3372 915 3445 [acitseipsum
941 3384 1123 3439 regem,
1151 3381 1250 3418 non
1296 3372 1369 3417 est
1415 3362 1606 3415 amicus
1630 3359 1845 3414 Ctesaris
1894 3356 2003 3427 (Id.

433 3464 516 3519 l9.
555 3462 662 3533 l2).
709 3459 868 3531 Atqui
895 3459 1171 3512 voluerant
1211 3469 1331 3509 eum
1371 3466 1514 3521 saepe
1561 3465 1742 3521 regem
1785 3448 2001 3518 eligere,

427 3565 480 3611 et
506 3552 725 3624 aufugit.
757 3551 862 3606 Sed
889 3559 1041 3604 antea
1068 3589 1083 3614 ,
1114 3546 1304 3616 inquit,
1336 3544 1382 3598 ei
1410 3542 1618 3597 crimini
1646 3541 1841 3595 dabant
1863 3539 2005 3609 quod

426 3662 484 3701 se
514 3646 680 3701 Deum
708 3642 939 3698 fecisset.
984 3637 1118 3704 Quid
1152 3636 1254 3690 hoc
1276 3635 1340 3689 ad
1373 3632 1528 3688 rem?
1549 3632 1603 3687 Si
1630 3631 1770 3685 enim
1794 3628 1926 3683 falso
1951 3637 2006 3684 et

426 3738 617 3808 injuria
643 3776 658 3801 ,
686 3745 740 3789 et
768 3749 888 3788 cum
917 3747 1044 3787 vere
1072 3746 1177 3783 non
1202 3737 1378 3792 esset,
1406 3726 1546 3796 juste
1574 3725 1668 3777 fuit
1694 3723 1894 3778 crimen
1924 3724 2003 3776 in-

427 3835 685 3882 tentatum
716 3842 730 3880 :
766 3825 810 3879 si
842 3831 1017 3876 autem
1056 3820 1199 3887 juste
1222 3858 1238 3883 ,
1287 3831 1410 3871 eum
1436 3815 1719 3880 adorasse,
1750 3828 1856 3867 non
1882 3826 2004 3867 cru-

425 3918 655 3973 ciﬁxisse
679 3914 932 3985 oportuit.
976 3910 1265 3966 Videamus
1292 3921 1419 3975 ergo
1440 3902 1715 3972 numquid,
1744 3919 1865 3957 cum
1896 3916 2004 3957 non

425 4019 566 4064 esset
603 4021 733 4062 vere
776 4006 953 4068 Deus,
1004 4002 1169 4055 Deum
1210 3998 1441 4066 seipsum
1493 3996 1724 4058 laceret,
1773 3994 1875 4049 hoc
1900 4003 2001 4060 est,

425 4100 730 4157 ostenderet
756 4108 809 4154 et
837 4099 1250 4152 demonstraret.
1307 4090 1583 4145 Undenam
1622 4103 1750 4158 ergo
1790 4090 1870 4141 vis
1901 4089 2004 4142 hoe

425 4190 784 4263 cognoscere?
803 4188 871 4243 ab
900 4187 964 4241 iis
987 4201 1105 4256 quas
1127 4193 1251 4238 tunc
1279 4181 1413 4235 facta
1435 4189 1578 4243 sunt,
1611 4194 1676 4231 an
1702 4178 1769 4231 ab
1796 4177 1862 4231 iis
1887 4192 2005 4246 quae

426 4298 568 4339 nunc
592 4282 764 4337 ﬁunt?
792 4280 859 4335 ab
884 4278 948 4333 iis
973 4294 1091 4347 qua:
1113 4275 1163 4329 in
1195 4282 1346 4341 partu
1374 4270 1507 4325 facta
1531 4278 1651 4322 sunt
1673 4268 1697 4321 ?
1720 4267 1850 4335 Quis
1880 4283 2002 4321 um-

424 4392 583 4448 quam
601 4385 756 4429 natus
767 4382 846 4428 est
860 4388 925 4426 ex
942 4364 1182 4439 virgine?
1202 4363 1488 4435 quistalem
1511 4359 1715 4415 stellam
1740 4359 2007 4412 ostendit?

425 4468 545 4538 quis
590 4475 767 4521 autem
825 4476 1007 4530 magos
1039 4468 1185 4512 tanto
1234 4452 1384 4509 duxit
1430 4452 1657 4516 itinere,
1706 4466 1810 4502 non
1837 4450 1886 4502 vi
1913 4458 2005 4503 aut

426 4558 764 4621 necessitate,
787 4553 879 4609 sed
902 4551 1151 4606 suasione
1175 4562 1236 4601 ac
1262 4544 1586 4601 revelationc
1608 4540 1884 4613 (Matt/ne.
1914 4544 2002 4609 l)?

426 4651 586 4706 Vides
611 4649 908 4702 universam
929 4650 1224 4697 creaturam
1252 4638 1535 4691 Dominum
1557 4634 2003 4704 cognoscentem?

426 4741 601 4796 l’rima
631 4736 771 4793 cedit
796 4744 1000 4799 natura,
1025 4746 1122 4785 nec
1146 4736 1322 4799 potest
1349 4741 1662 4796 repugnare,
1684 4740 1782 4779 nec
1799 4732 2003 4778 contra-

425 4833 637 4900 dicere,
667 4831 850 4884 dicens
880 4843 894 4880 :
926 4826 1141 4880 Partum
1173 4836 1280 4875 non
1306 4818 1531 4889 expedio
1564 4835 1576 4870 :
1605 4834 1708 4871 non
1747 4817 1904 4872 didici
1936 4833 1999 4871 ex

428 4933 579 4977 utero
626 4920 845 4991 virginis
896 4914 1149 4970 infantem
1197 4911 1249 4965 in
1299 4910 1470 4965 lucem
1519 4906 1861 4977 producere:
1894 4922 1999 4961 non

427 5014 547 5067 novi
574 5022 797 5066 matrem
820 5004 994 5061 facere
1022 5004 1223 5074 absque
1247 5000 1527 5070 conjugio;
1556 5000 1649 5053 sed
1676 4999 1785 5052 suis
1812 5014 1999 5051 exces-

425 5106 496 5160 sit
522 5103 775 5159 limitibus
805 5118 818 5155 :
846 5099 1127 5154 Dominum
1157 5096 1297 5150 enim
1328 5108 1482 5148 suum
1507 5100 1849 5161 cognoverat.
1883 5089 1999 5144 tam

425 5205 602 5251 autem
642 5204 767 5247 nato
806 5189 976 5260 angeli
1024 5187 1342 5249 adfuerunt,
1373 5199 1495 5237 eum
1519 5183 1618 5259 qui
1646 5190 1728 5234 est
1755 5180 1806 5232 in
1832 5179 1999 5249 curiis,

426 5301 543 5342 esse
566 5288 617 5339 in
648 5294 786 5338 terra
813 5281 1169 5353 signiﬁcantes
1213 5275 1363 5348 (Luc.
1393 5273 1447 5327 2.
1480 5273 1533 5328 9.
1560 5269 1718 5343 seqq.)
1757 5290 1769 5323 :
1807 5280 1863 5326 et
1898 5286 2001 5324 ca:-

428 5378 533 5430 lmn
562 5386 698 5429 terra
728 5372 863 5427 facta
884 5375 1185 5436 est,utpote
1207 5380 1328 5419 cum
1351 5380 1443 5417 rex
1471 5363 1555 5417 hic
1575 5371 1717 5418 esset
1749 5378 1760 5412 :
1789 5372 1843 5416 et
1864 5361 1999 5431 magi

424 5469 741 5533 adorarunt,
787 5465 876 5535 qui
919 5478 985 5517 ex
1033 5470 1141 5514 tam
1181 5457 1401 5512 remotis
1442 5456 1581 5535 locis
1618 5461 1917 5511 venerant:
1950 5462 2004 5508 et

501 5607 518 5639 ί
546 5596 698 5660 “tua,
736 5592 788 5644 in
821 5589 1303 5660 nouojestamento
1337 5588 1451 5652 (ἐπὶ
1472 5596 1555 5649 τῆς
1576 5591 1803 5655 Καινῆς),
1839 5594 2015 5643 deerat

436 5669 489 5717 tu
513 5649 728 5716 ubi-cii:
752 5654 838 5703 sed
863 5653 913 5702 in
934 5649 1044 5701 aliis
1075 5649 1275 5712 legitur.

1528 251 1887 307 EXPOSITIO
1925 250 1990 305 ΙΝ
2031 246 2348 306 PSALMUM
2389 248 2573 304 XLIX.

3593 256 3697 310 ΞΗ»

2106 364 2299 420 .inl‘ans
2342 361 2555 435 quidem
2586 364 2635 418 in
2667 363 2947 419 Palmsttua
2984 366 3193 433 jacehat
3240 367 3289 421 in
3320 370 3576 439 prata-pi,
3622 370 3698 424 illi

2124 470 2251 510 vero
2279 469 2345 510 ex
2370 455 2593 511 barbara
2622 454 2837 524 regione
2865 463 3066 508 tantum
3099 456 3355 512 honorem
3384 468 3692 526 tantumque

2119 551 2323 605 cultum
2342 545 2671 611 oﬁ‘erebant,
2716 558 2970 618 quantum
2998 563 3207 618 aequum
3244 560 3358 604 erat
3385 552 3493 605 Dco'
3521 550 3698 607 ollerri

2121 640 2330 710 (Matth.
2360 639 2416 693 2.
2450 640 2565 710 ll).
2615 640 2683 693 At
2730 639 2844 695 inec
2868 639 3080 711 quidem
3107 639 3336 697 fortasse
3372 658 3477 698 non
3503 644 3698 699 admit-

2121 740 2262 795 tent,
2294 731 2386 786 sed
2414 730 2518 785 alia
2538 730 2687 799 signa
2710 741 2948 800 quaerent
2973 732 3024 784 in
3062 732 3310 800 prmsenti
3335 735 3697 803 generatione.

2118 822 2223 878 Sed
2254 837 2320 877 ne
2346 820 2464 875 lucc
2500 821 2714 892 quidem
2749 821 2902 876 nobis
2944 818 3216 877 deﬁcient.
3263 822 3408 879 Talis
3434 825 3577 879 enim
3609 841 3697 881 res

2119 925 2203 968 est
2240 914 2436 968 veritas
2468 930 2483 967 :
2512 911 2745 966 abundat
2774 911 2934 983 justis
2976 913 3268 969 rationibus
3313 914 3502 985 quibus
3545 931 3696 972 suam

2118 1018 2335 1058 causam
2383 1012 2610 1058 tueatur.
2637 1001 2769 1057 Nam
2816 1002 2901 1059 hic
2943 1005 3175 1058 maxime
3198 1020 3267 1060 ne
3295 1006 3453 1060 ullam
3481 1008 3696 1078 quidem

2120 1102 2345 1164 possunt
2386 1092 2628 1148 umbram
2670 1091 2860 1147 aﬁ‘crre
2902 1094 3354 1149 contradictionis.
3400 1096 3511 1150 Etsi
3552 1099 3695 1153 enim

2120 1201 2225 1239 non
2257 1184 2466 1249 aderas,
2495 1183 2703 1253 quando
2734 1183 3050 1238 nascebatur
3068 1199 3131 1237 ex
3158 1183 3395 1254 Virgine,
3419 1188 3699 1254 oportebat

2116 1282 2297 1329 tamen
2326 1273 2546 1328 credere
2570 1271 2853 1342 prophetat.
2869 1271 3061 1326 dicenti
3092 1289 3107 1326 :
3137 1270 3271 1327 Ecce
3301 1274 3441 1345 virgo
3471 1276 3525 1329 in
3554 1283 3695 1330 utero

2114 1366 2400 1435 concipiet,
2448 1373 2496 1418 et
2532 1365 2695 1437 pariet
2736 1363 2902 1432 [ilium
2931 1379 2944 1416 :
2977 1373 3024 1418 et
3071 1364 3317 1418 vocabunt
3361 1382 3540 1420 nomen
3585 1368 3695 1439 ejus

2115 1454 2416 1510 Emmanuel
2436 1453 2587 1525 (leui.
2616 1455 2669 1509 7.
2699 1454 2811 1524 li).
2840 1453 2896 1508 Si
2924 1469 3029 1508 non
3056 1455 3265 1522 aderas,
3298 1458 3509 1525 quando
3535 1472 3698 1514 carne

2115 1556 2286 1601 tectus
2320 1553 2519 1601 terram
2551 1544 2749 1609 obibat,
2784 1551 2839 1600 et
2866 1545 3023 1600 simul
3052 1560 3171 1599 cum
3194 1547 3365 1601 servis
3388 1548 3697 1604 versabatur

2114 1636 2403 1703 Dominus,
2446 1636 2563 1707 lege
2589 1634 2873 1691 Jeremiam
2898 1678 2913 1701 ,
2942 1643 2998 1689 et
3025 1634 3114 1690 ille
3143 1644 3315 1690 tecum
3346 1638 3591 1707 loquetur
3619 1638 3695 1693 sic

2110 1729 2293 1785 dicens
2329 1747 2342 1783 :
2378 1724 2476 1782 Hic
2519 1736 2591 1782 est
2635 1726 2774 1781 Deus
2823 1736 2991 1781 noster
3015 1741 3035 1780 :
3059 1743 3161 1781 non
3207 1727 3521 1797 reputabitur
3563 1729 3696 1782 alius

2110 1832 2291 1893 prteter
2331 1821 2516 1891 ipsum.
2567 1818 2765 1875 Invenit
2802 1836 2997 1875 omnem
3021 1814 3437 1887 uiam'scientiaz,
3472 1832 3519 1876 et
3557 1822 3694 1877 dedit

2112 1930 2222 1967 eam
2247 1911 2408 1967 Iacob
2438 1928 2592 1984 puero
2618 1927 2709 1965 suo
2728 1952 2747 1978 ,
2776 1920 2822 1965 et
2848 1908 3033 1964 lsraeli
3058 1911 3238 1965 dilecto
3274 1928 3388 1966 suo.
3432 1910 3559 1967 Post
3582 1914 3690 1967 Ita'c

2108 2006 2164 2059 in
2192 2005 2335 2059 terris
2352 2004 2486 2059 visus
2505 2012 2596 2071 est,
2625 2012 2802 2058 etcum
2828 2002 3112 2057 hominibus
3138 2012 3454 2058 conversatus
3472 2008 3545 2058 est
3569 2003 3696 2077 (Bu-

2110 2095 2237 2150 ruch
2281 2096 2335 2151 δ.
2365 2093 2584 2164 36-38).

2180 2188 2237 2243 4.
2276 2186 2334 2241 1η
2387 2187 2506 2241 aliis
2549 2201 2760 2256 quoque
2808 2184 3054 2242 omnibus
3101 2185 3308 2242 videbis
3352 2186 3675 2258 prophetas,

2110 2296 2337 2352 quorum
2360 2279 2526 2334 libros
2546 2277 2645 2332 hac
2673 2277 2740 2333 de
2763 2292 2921 2334 causa
2947 2278 3000 2332 in
3031 2276 3345 2332 hodiernum
3368 2294 3534 2349 usque
3550 2272 3692 2335 diem

2109 2376 2304 2430 frustra
2328 2389 2512 2430 versas
2537 2384 2592 2430 et
2615 2373 2804 2445 agitas,
2828 2373 2943 2429 luce
2968 2373 3145 2427 omnia
3171 2382 3353 2443 aperte
3380 2372 3688 2445 praedicare.

2109 2468 2213 2524 Sed
2242 2466 2503 2537 ejusmodi
2532 2467 2744 2537 quidem
2770 2467 3061 2522 certamina
3087 2480 3232 2535 saepe
3259 2463 3513 2520 adversus
3542 2481 3636 2520 eos
3660 2481 3690 2519 a

2115 2560 2268 2613 nobis
2293 2556 2517 2613 dicenda
2552 2567 2794 2627 suscepta
2822 2568 2987 2623 sunt,
3019 2564 3074 2614 et
3111 2572 3255 2628 saepe
3299 2558 3690 2628 suscipientor:

2116 2663 2263 2703 nunc
2300 2656 2476 2702 autem
2515 2660 2635 2716 qua:
2663 2656 2785 2702 sunt
2808 2640 3051 2717 suscepta
3077 2660 3481 2717 prosequamur.
3516 2646 3579 2701 Et
3602 2665 3695 2701 an-

2112 2737 2413 2792 nuntiabunt
2429 2732 2971 2806 cwlijustitiamejus,
2987 2737 3234 2806 quoniam
3252 2735 3386 2790 Deus
3407 2737 3570 2807 judea:
3593 2748 3687 2792 est.

2112 2827 2212 2883 llic
2254 2826 2382 2882 mihi
2429 2825 2638 2881 videtur
2678 2824 2858 2881 dicere
2903 2824 3199 2895 justitiam,
3246 2825 3528 2880 maximam
3577 2825 3697 2894 ejus

2110 2932 2292 2973 curam
2320 2927 2374 2971 et
2395 2929 2658 2971 summam
2687 2915 2740 2969 in
2769 2929 2863 2970 eos
2887 2915 3033 2984 ipsos
3064 2913 3443 2983 benignitatem
3468 2957 3484 2982 ,
3514 2915 3696 2971 multi-

2108 3010 2323 3080 plicent,
2348 3007 2548 3063 variam
2574 3021 2638 3061 ac
2660 3005 3041 3061 multiformem
3071 3004 3126 3061 in
3150 3004 3393 3061 homines
3414 3004 3695 3076 providen-

2112 3105 2258 3165 tiam,
2282 3114 2378 3170 per
2401 3099 2752 3166 creationem,
2770 3113 2868 3168 per
2899 3097 3089 3167 legem,
3122 3112 3216 3171 per
3241 3096 3484 3165 gratiam,
3508 3112 3604 3167 per
3629 3112 3693 3152 ea

2108 3209 2228 3264 quae
2255 3192 2356 3248 sub
2381 3191 2551 3246 visum
2577 3188 2772 3245 cadunt
2794 3229 2810 3255 ,
2841 3197 2897 3243 et
2931 3201 3049 3258 quae
3074 3201 3180 3242 non
3203 3182 3427 3253 cadunt,
3456 3201 3550 3256 per
3573 3202 3696 3258 pro-

2107 3289 2318 3357 phetas,
2349 3299 2443 3355 per
2466 3282 2704 3354 angelos,
2728 3295 2825 3350 per
2846 3279 3136 3349 apostolos,
3164 3293 3259 3347 per
3283 3276 3539 3348 supplicia
3562 3317 3578 3341 ,
3602 3293 3696 3348 per

2107 3375 2385 3440 beneﬁcia,
2409 3389 2502 3444 per
2524 3373 2712 3436 minas,
2748 3386 2841 3441 per
2868 3369 3152 3440 promissa,
3175 3384 3271 3439 per
3291 3368 3533 3424 ordinem
3565 3376 3694 3424 tem-

2108 3466 2274 3538 poris.
2296 3466 2350 3520 7.
2374 3464 2528 3527 Audi,
2561 3463 2778 3534 populus
2811 3477 2970 3527 meus,
2994 3468 3041 3515 et
3069 3459 3248 3533 loquar
3275 3459 3383 3525 tibi,
3410 3457 3611 3528 Israel,
3646 3471 3693 3514 et

2107 3556 2407 3626 testiﬁcabor
2425 3556 2511 3609 tibi
2531 3556 2570 3608 ί.
2596 3554 2727 3609 Vide
2756 3568 2939 3608 rursus
2961 3551 3335 3623 benignitatem
3366 3559 3420 3607 et
3443 3567 3693 3607 mansue-

2107 3649 2341 3705 tudinem
2368 3664 2432 3703 ex
2462 3648 2577 3718 ipso
2612 3646 2890 3716 prommio.
2923 3643 3151 3700 Perinde
3187 3645 3330 3699 enim
3359 3658 3422 3699 ac
3447 3643 3491 3697 si
3530 3641 3692 3697 homo

2106 3741 2368 3813 quiSpiam
2397 3740 2596 3794 homini
2623 3736 2959 3793 tumultuanti
2985 3745 3040 3791 et
3064 3735 3249 3790 turbas
3266 3734 3515 3789 excitanti
3541 3731 3689 3787 dice-

2105 3842 2189 3886 ret
2211 3847 2225 3885 :
2247 3830 2303 3886 Si
2328 3830 2531 3893 audias,
2567 3829 2787 3896 loquar;
2814 3826 2870 3881 Si
2894 3826 3160 3889 attendas,
3192 3824 3364 3879 dicam
3390 3843 3404 3878 :
3427 3824 3501 3878 ita
3526 3823 3688 3877 etiam

2107 3922 2278 3975 servis
2307 3918 2563 3973 Dominus
2588 3934 2601 3969 :
2625 3915 2683 3970 Si
2713 3931 2798 3970 me
2825 3915 3077 3977 audieris,
3096 3914 3286 3984 inquit,
3309 3913 3501 3968 dicam.
3524 3913 3689 3967 Erant

2109 4010 2253 4065 enim
2303 4007 2435 4076 pigri
2474 4021 2538 4060 ac
2582 4005 2940 4073 negligentes,
2967 4011 3023 4056 et
3057 4017 3125 4057 ne
3168 4004 3432 4057 tantillum
3469 4003 3686 4072 quidem

2110 4101 2284 4169 legum
2313 4096 2525 4152 lectioni
2555 4094 2734 4165 quiete
2768 4092 3069 4162 prmbebant
3116 4105 3293 4145 aures.
3320 4092 3376 4146 ιιι
3407 4103 3582 4146 autem
3612 4093 3688 4147 si-

2109 4192 2364 4262 gniﬁcans
2385 4188 2643 4257 quispiam
2666 4183 2946 4255 propheta,
2970 4183 3058 4252 qui
3080 4189 3208 4259 tunc
3233 4192 3349 4237 erat
3370 4182 3422 4237 in
3449 4181 3688 4248 Perside,

2109 4284 2316 4341 dicebat
2341 4298 2355 4336 :
2381 4279 2487 4334 Ero
2513 4281 2583 4334 eis
2624 4289 2877 4349 tamquam
2903 4292 3000 4331 vox
3025 4274 3250 4345 psalterii
3286 4274 3432 4328 dulce
3468 4274 3691 4327 canentis

2110 4376 2323 4447 (Ezech.
2366 4374 2453 4429 5'5.
2499 4369 2611 4445 52).
2643 4370 2797 4440 Smne
2841 4368 2967 4422 item
3011 4366 3260 4421 dicebant
3306 4364 3582 4434 prophetis
3622 4380 3690 4418 ne

2106 4468 2488 4541 prophetarent
2511 4466 2586 4535 (5.
2616 4462 2744 4534 Reg.
2774 4461 2859 4516 l9.
2898 4460 2985 4529 10)
3012 4500 3026 4524 ,
3052 4459 3163 4513 into
3188 4473 3284 4513 eos
3322 4456 3688 4526 repellebant,

2105 4574 2264 4630 atque
2306 4560 2339 4613 ii
2382 4556 2556 4628 urgeri
2597 4553 2911 4609 videbantur
2941 4549 3120 4622 (Zac/t.
3168 4548 3221 4602 7.
3256 4547 3367 4619 il).
3408 4546 3480 4601 lta
3528 4546 3687 4602 etiant

2105 4653 2317 4708 videtur
2338 4666 2432 4705 rex
2465 4647 2653 4703 minari
2681 4655 2735 4701 et
2760 4642 3049 4714 principere
3079 4641 3237 4697 alicui
3277 4640 3547 4712 prophetze
3575 4681 3590 4705 ,
3620 4656 3687 4695 ne

2105 4743 2359 4816 populum
2388 4738 2648 4795 convocet
2678 4736 2852 4808 (Amos
2880 4736 2930 4789 7.
2964 4733 3077 4805 l5).
3106 4731 3245 4788 Deus
3271 4732 3406 4787 Deus
3451 4740 3567 4786 tuus
3593 4748 3686 4802 ego

2105 4854 2216 4892 sum
2246 4834 2374 4906 (Jer.
2402 4833 2488 4888 52.
2515 4832 2590 4901 5).
2629 4830 2745 4885 Non
2788 4839 2987 4883 temere
3025 4828 3193 4896 posita
3245 4835 3330 4882 est
3376 4825 3489 4882 haec
3526 4839 3675 4894 repe-

2108 4928 2224 4981 titio
2253 4943 2267 4977 :
2297 4923 2391 4979 sed
2429 4922 2678 4992 quoniam
2721 4920 2785 4975 iis
2812 4917 3126 4987 loquebatur
3170 4919 3260 4989 qui
3303 4928 3456 4973 erant
3498 4914 3683 4977 surdi,

2106 5014 2300 5084 stupidi
2322 5022 2376 5068 et
2402 5012 2548 5065 nullo
2576 5024 2735 5065 sensu
2762 5008 2967 5079 praediti
2987 5050 3003 5073 ,
3024 5007 3257 5074 loquitur
3281 5006 3347 5061 de
3371 5007 3486 5072 ejus
3515 5003 3687 5057 domi-

2108 5105 2220 5171 nio,
2249 5117 2374 5158 mox
2417 5100 2604 5155 futurae
2647 5097 2968 5153 narrationis
3010 5098 3269 5165 optimum
3315 5093 3439 5147 hinc
3468 5106 3686 5155 sun-ens

2108 5195 2422 5259 exordium,
2451 5191 2739 5246 ostendens
2783 5205 2878 5244 eos
2918 5188 2993 5243 illi
3032 5188 3230 5241 debere
3268 5183 3604 5246 libertatem,
3634 5191 3687 5233 et

2108 5299 2314 5357 :eqnum
2349 5298 2466 5339 esse
2490 5291 2546 5337 ut
2577 5281 2652 5336 illi
2689 5280 2895 5336 solvant
2938 5276 3207 5339 debitum,
3239 5283 3505 5340 tamquam
3544 5272 3685 5325 servi

2109 5378 2334 5434 Domino
2356 5417 2371 5441 ,
2398 5382 2660 5443 tamquam
2688 5386 2847 5438 opera
2874 5365 3061 5436 Opiﬁci
3085 5405 3101 5428 ,
3142 5373 3406 5429 tamquam
3441 5361 3687 5415 maximis

2107 5466 2378 5525 beneﬁciis
2421 5475 2475 5519 et
2518 5462 2808 5519 honoribus
2857 5456 3051 5512 allecti.
3082 5454 3136 5509 8.
3163 5451 3286 5506 Non
3328 5456 3383 5505 in
3423 5450 3686 5518 sacriﬁciis

2124 5588 2131 5595 '
2173 5582 2188 5611 ι
2224 5585 2348 5635 Haec,
2381 5573 2543 5630 Israel.
2568 5578 2613 5623 et
2630 5567 2917 5634 testiﬁcabor
2940 5564 3043 5628 tibi,
3060 5565 3266 5617 deerant
3286 5563 3333 5614 in
3359 5563 3477 5614 Edit.
3497 5560 3683 5625 ttat'eL;

2110 5640 2197 5692 sed
2221 5640 2457 5689 habentur
2483 5636 2531 5684 in
2554 5642 2659 5683 Mss.
