4112 6208
414 189 516 242 λιν

416 303 515 355 tuis
540 311 750 368 arguam
771 303 816 347 te
840 308 856 347 :
879 291 1175 345 holocausta
1201 298 1369 342 autem
1400 295 1485 341 tua
1509 285 1561 339 in
1587 292 1854 351 conspectu
1885 297 1994 335 meo

415 401 531 447 sunt
551 403 764 454 semper.
795 385 866 438 Ita
893 383 1052 438 etiam
1087 397 1180 438 eos
1207 387 1458 436 accusant
1481 375 1658 432 caeteri
1688 371 1992 444 pr0pheta2.

347 545 352 548 _
416 482 557 552 quod
599 480 810 552 potiore
835 475 1051 533 virtutis
1094 483 1243 546 parte
1268 479 1571 541 contempta
1593 509 1610 537 ,
1633 467 1818 523 salutis
1845 480 1995 534 spem

421 578 472 630 in
494 578 572 630 eis
599 577 937 644 reponerent.
971 569 1054 624 Ad
1082 583 1142 624 se
1169 567 1308 622 enim
1329 561 1690 620 defendendos
1713 559 1829 614 haec
1845 563 1999 612 erant

421 665 630 720 allaturi
652 681 668 718 :
688 660 1084 725 Sacriﬁcamus,
1107 658 1410 713 holocausta
1438 652 1728 708 offerimus.
1761 647 1866 704 Sed
1893 662 1997 700 non

423 756 649 821 accessi,
681 754 868 825 inquit,
898 751 965 808 de
987 751 1078 807 his
1103 751 1420 820 litigaturos,
1445 759 1544 802 nec
1571 742 1712 815 quod
1736 741 1850 796 ham
1873 755 2002 794 con-

427 855 622 917 tempta
649 853 830 901 essent
855 857 949 896 vos
975 851 1334 897 accusaturus.
1357 837 1517 892 Isaias
1545 843 1719 890 autem
1741 847 1834 888 eos
1861 831 2002 886 inse-

426 948 598 993 ctatur
619 936 988 992 vehementius
1017 973 1030 994 ,
1053 931 1274 987 dicens:
1303 928 1440 997 Quid
1478 925 1604 980 mihi
1634 923 2004 979 multitudinem

428 1028 794 1096 sacriﬁciorum
843 1020 1162 1078 vestrorum?
1212 1019 1403 1074 Plenus
1454 1033 1585 1071 sum.
1638 1014 2005 1070 Holocaustum

428 1121 660 1184 arietum,
688 1127 734 1172 et
760 1116 961 1183 adipem
985 1128 1254 1184 agnorum,
1277 1119 1324 1164 et
1347 1108 1639 1180 sanguinein
1671 1118 1934 1161 taurorum
1959 1112 2006 1158 et

430 1214 684 1267 hircorum
728 1209 865 1263 nolo.
901 1207 1024 1273 Quis
1062 1206 1193 1260 enim
1235 1203 1490 1270 requisiuit
1532 1201 1640 1256 hac
1681 1199 1743 1253 de
1778 1197 2007 1252 manibus

428 1304 605 1358 uestris
637 1300 785 1373 (Isai.
833 1301 883 1354 1.
919 1301 1006 1354 11.
1037 1298 1164 1368 12)?
1195 1295 1351 1365 Atqui
1392 1293 1654 1364 permulta
1702 1291 1840 1346 dicta
1883 1297 2009 1345 sunt

429 1394 497 1448 de
536 1389 966 1447 sacriﬁciiszsed
1007 1403 1113 1442 non
1152 1386 1266 1441 haec
1294 1384 1534 1440 decernit
1578 1392 1845 1452 tamquam
1895 1379 2010 1434 haec

431 1481 698 1554 praecipue
731 1479 888 1545 velit,
911 1477 1006 1534 sed
1037 1477 1103 1532 ad
1131 1475 1490 1530 inﬁrmitatem
1523 1487 1706 1528 eorum
1734 1485 1793 1526 se
1827 1469 2012 1524 demit-

431 1574 518 1632 tit.
541 1571 796 1628 Jeremias
821 1585 1031 1641 quoque
1057 1568 1215 1624 dicit:
1234 1566 1338 1622 Cur
1365 1565 1488 1619 mihi
1509 1569 1610 1636 fers
1635 1565 1748 1618 thus
1766 1580 1828 1617 ea:
1848 1561 2008 1627 Saba,

434 1675 480 1720 et
532 1667 870 1718 cinamomum
912 1679 976 1716 ea:
1011 1671 1152 1715 terra
1195 1659 1468 1730 longinqua
1523 1657 1736 1730 (Jerem.
1783 1656 1837 1711 6.
1881 1653 2011 1728 20)?

431 1755 635 1811 Omnes
690 1755 958 1824 denique,
1010 1762 1069 1807 ut
1118 1751 1284 1807 semel
1335 1752 1544 1816 dicam,
1588 1749 1864 1819 propheta:
1913 1747 2014 1802 hoc

435 1849 569 1904 nihil
598 1848 773 1918 magni
810 1861 928 1902 esse
957 1846 1157 1901 dicunt.
1185 1845 1444 1913 Quocirca
1473 1842 1587 1913 ipse
1626 1856 1837 1913 quoque
1879 1840 2014 1895 inci-

437 1943 590 2011 piens
617 1941 692 1995 sic
720 1938 846 1995 dicit
870 1955 884 1993 :
908 1936 1043 1991 Deus
1064 1936 1200 1991 Deus
1227 1945 1344 1990 tuus
1363 1951 1454 2006 ego
1480 1950 1592 1988 sum
1613 1949 1631 1986 :
1653 1948 1715 1987 ex
1738 1945 1804 1987 eo
1830 1940 2014 1986 osten-

437 2031 571 2088 dens
599 2032 714 2102 ipso
741 2044 862 2084 esse
887 2026 1152 2097 indignam
1175 2025 1314 2082 hanc
1340 2024 1548 2081 colendi
1575 2025 1854 2079 rationem.

509 2122 648 2177 Deus
673 2131 726 2175 ut
753 2123 818 2176 sit
841 2121 1110 2182 colendus;
1133 2120 1382 2188 sacriﬁcia
1407 2135 1500 2172 cur
1524 2117 1724 2172 Iudicis
1752 2116 2014 2186 permissa.

445 2245 514 2256 —
530 2215 696 2270 Deum
713 2213 854 2270 enim
877 2229 982 2267 non
1008 2211 1173 2278 fumo,
1199 2226 1297 2266 nec
1317 2211 1521 2276 nidore,
1535 2211 1628 2265 sed
1649 2225 1742 2280 per
1761 2208 2017 2280 optimum

441 2306 564 2362 vita:
587 2306 904 2370 institutum,
930 2320 1035 2359 non
1064 2319 1400 2375 corporeum,
1427 2303 1520 2358 sed
1551 2303 1602 2357 in
1631 2310 1809 2357 mente
1831 2301 2016 2368 situm,

443 2399 622 2455 colere
647 2407 701 2454 et
730 2398 994 2453 honorare
1009 2405 1249 2466 oportet.
1279 2394 1384 2451 Sed
1423 2410 1528 2450 non
1565 2394 1644 2450 sic
1663 2401 2019 2449 externorum

443 2496 716 2551 daemones
738 2536 756 2563 ,
779 2495 886 2549 imo
913 2494 1072 2549 etiam
1100 2492 1216 2547 luce
1253 2491 1534 2560 requirunt
1559 2531 1574 2554 ,
1605 2497 1660 2546 et
1685 2489 1786 2545 hoc
1815 2487 2022 2543 videtur

444 2587 729 2645 ostendere
756 2587 970 2658 quidam
995 2594 1152 2656 poeta
1171 2584 1308 2654 apud
1336 2582 1572 2650 Griecos,

625 2713 680 2774 ’3'?
711 2712 779 2764 τδρ
809 2711 983 2774 FW”,
998 2711 1105 2774 τέρπε
1116 2709 1250 2774 33:45:

631 2769 728 2812 Hoc
751 2767 880 2812 enim
902 2773 990 2810 nos
1011 2767 1167 2809 sortiti
1191 2769 1359 2807 sumus
1381 2768 1572 2806 munus.

1045 2820 1082 2882 -(
1101 2818 1242 2870 Iliad.
1267 2837 1310 2870 Δ.
1329 2831 1372 2868 υ.
1397 2818 1486 2878 49,
1504 2835 1552 2869 n.
1573 2831 1618 2868 υ.
1642 2817 1749 2880 70.)

447 2930 592 2985 Deus
624 2936 799 2982 autem
825 2932 1007 2981 noster
1034 2940 1138 2979 non
1165 2924 1242 2978 sic
1267 2942 1281 2978 :
1307 2923 1382 2978 iiii
1409 2921 1549 2978 enim
1576 2921 1864 2976 humanum
1895 2935 2023 2976 san-

452 3019 662 3090 guinem
692 3018 952 3083 sitientes,
980 3014 1240 3070 et'eos'ad
1271 3015 1366 3068 has
1385 3012 1558 3068 caedes
1587 3011 1823 3067 volentes
1839 3011 2026 3081 paula-

445 3112 546 3164 tim
573 3107 839 3180 pellicere,
873 3107 987 3160 haec
1010 3105 1258 3174 petebant
1291 3103 1538 3158 assidue:
1564 3103 1676 3171 ipse
1703 3111 1876 3156 autem
1903 3116 2024 3158 cum

452 3201 612 3256 vellet
635 3213 727 3254 cos
755 3196 1004 3267 paulatim
1029 3211 1058 3248 a
1089 3195 1406 3249 mactatione
1435 3193 1710 3247 brutorum
1731 3192 2024 3257 abducere,

453 3293 555 3346 hac
598 3287 917 3358 indulgentia
959 3300 1084 3340 usus
1126 3295 1247 3350 est,
1278 3292 1329 3339 et
1368 3283 1607 3354 permisit
1645 3283 1904 3338 sacriﬁcia
1928 3324 1943 3348 ,
1973 3292 2030 3336 ut

454 3379 710 3435 sacriﬁcia
751 3378 980 3432 tolleret.
1008 3374 1061 3430 9.
1090 3373 1211 3428 Non
1241 3375 1486 3443 accipiam
1510 3373 1572 3427 de
1601 3372 1750 3427 domo
1787 3383 1872 3426 tua
1900 3375 2030 3426 uitu~

456 3471 532 3525 los
556 3509 570 3533 ,
597 3483 753 3538 neque
794 3465 856 3519 de
891 3463 1121 3536 gregibus
1157 3464 1255 3516 tuis
1285 3462 1470 3516 hircos.
1503 3462 1590 3517 10.
1627 3461 1880 3529 Quoniam
1909 3478 2032 3516 mea:

455 3570 569 3614 sunt
587 3574 753 3613 omnes
777 3557 899 3626 ferte
916 3556 1189 3626 sylvarum,
1211 3555 1443 3624 jumenta
1457 3554 1514 3606 in
1531 3552 1778 3607 montibus
1797 3563 1843 3606 et
1863 3552 2027 3606 bores.

456 3653 544 3708 11.
586 3648 804 3720 Cognoui
831 3649 1000 3702 omnia
1027 3644 1250 3700 volatilia
1284 3644 1394 3698 caeli
1423 3685 1438 3709 ,
1467 3653 1512 3698 et
1564 3644 1882 3713 pulchritudo
1922 3645 2032 3715 agri

457 3759 649 3797 mecum
667 3751 759 3795 est.
787 3740 916 3794 Vide
941 3737 1208 3808 quomodo
1232 3736 1482 3806 paulatim
1511 3737 1670 3804 erigit
1691 3752 1876 3791 eorum
1914 3740 2032 3791 ani-

459 3851 626 3899 mum,
658 3833 746 3903 qui
779 3833 830 3886 in
870 3839 1040 3885 terras
1065 3828 1225 3884 deﬁxi
1264 3837 1454 3892 erant,
1481 3836 1799 3882 exetccatam
1847 3844 2032 3884 eorum

462 3932 696 3980 mentem
729 3920 994 3990 aperiens,
1022 3930 1074 3974 et
1101 3917 1391 3973 ostendens
1419 3931 1478 3972 se
1509 3917 1622 3971 haec
1644 3917 1892 3986 jussisse,
1929 3934 2032 3974 non

461 4015 600 4087 quod
626 4015 704 4068 eis
736 4021 943 4080 egeret,
972 4026 1070 4066 nec
1097 4012 1211 4081 lege
1239 4011 1480 4066 sanxisse
1504 4010 1643 4080 quod
1671 4026 1732 4065 ea
1762 4013 2030 4080 probaret.

461 4108 516 4164 Si
546 4107 712 4170 enim,
739 4105 926 4174 inquit,
955 4105 1022 4157 ita
1055 4103 1157 4158 coli
1186 4103 1375 4156 vellem
1394 4144 1409 4168 ,
1435 4118 1555 4156 cum
1583 4117 1794 4157 omnem
1837 4115 2031 4159 terram

462 4214 578 4268 qua:
609 4197 707 4250 sub
727 4195 841 4250 sole
866 4204 948 4249 est
969 4194 1255 4254 obtineam,
1285 4202 1338 4247 et
1361 4194 1538 4247 omnia
1571 4195 1886 4258 creaverim,
1911 4210 2037 4263 pro-

463 4305 702 4346 curarent
735 4297 792 4342 ut
836 4285 967 4340 mihi
1013 4285 1154 4339 lauta
1190 4295 1249 4350 et
1277 4285 1494 4353 opipara
1539 4284 1726 4340 fierent
1753 4287 2035 4340 sacriﬁcia.

467 4382 666 4436 Deinde
691 4395 783 4434 eos
807 4379 966 4432 etiam
997 4377 1223 4432 irridens
1251 4392 1314 4429 ac
1339 4375 1756 4445 reprehendens,
1789 4387 1846 4432 ut
1872 4380 2040 4449 magis

383 4504 392 4510 τ
467 4484 658 4542 pungat
681 4471 966 4537 accusatio,
991 4468 1259 4536 subjunxit
1279 4485 1292 4520 :
1312 4467 1398 4524 12.
1421 4467 1483 4522 Si
1505 4469 1741 4537 esuriero,
1757 4487 1855 4524 non
1874 4471 2040 4524 dicam

466 4566 590 4618 tibi:
615 4580 754 4617 meus
787 4571 858 4616 est
897 4562 1029 4615 enim
1055 4561 1186 4614 orbis
1226 4569 1370 4614 terra
1395 4569 1440 4613 et
1468 4560 1724 4630 plenitudo
1748 4564 1875 4632 ejus.
1908 4563 2041 4630 Quia

466 4653 607 4706 enim
643 4654 756 4722 ipse
793 4666 854 4706 ea
883 4651 1182 4713 concessit,
1213 4657 1269 4702 ut
1293 4665 1386 4704 eos
1408 4650 1657 4718 paulatim
1686 4653 1752 4706 ab
1776 4654 1852 4707 eis
1877 4653 2042 4708 abdu-

466 4753 645 4808 ceret;
672 4743 769 4811 ipsi
796 4751 973 4797 autem
1011 4743 1060 4796 in
1089 4757 1146 4796 re
1179 4741 1311 4796 adeo
1343 4742 1430 4795 vili
1477 4751 1528 4796 et
1551 4743 1754 4811 abjecta
1802 4747 2043 4814 perstite-

470 4843 610 4898 runt,
640 4847 758 4886 cum
786 4849 851 4888 ex
878 4847 939 4887 ea
971 4832 1289 4902 indulgentia
1316 4832 1513 4887 nullum
1540 4848 1784 4902 magnum
1816 4835 2042 4891 fructum

470 4926 770 4995 cepissent:
795 4934 1072 4994 propterea
1103 4925 1333 4978 crassius
1357 4935 1409 4979 et
1439 4925 1721 4982 humanius
1751 4927 2042 4997 disserens,

472 5018 597 5072 dicit
623 5034 636 5070 :
663 5015 724 5072 Si
760 5017 1012 5082 esuriero,
1043 5033 1143 5070 non
1187 5014 1276 5069 tibi
1322 5016 1507 5071 dicam.
1554 5017 1664 5072 lloc
1704 5029 1820 5083 est,
1863 5019 2045 5089 Neque

473 5110 675 5173 esurio;
706 5108 844 5163 Deus
869 5108 1010 5164 enim
1043 5123 1149 5161 non
1178 5107 1372 5162 esuriet
1392 5149 1406 5172 ,
1440 5123 1611 5178 neque
1639 5107 2041 5178 defatigabitur;

473 5218 573 5260 nec
597 5203 640 5258 si
674 5203 754 5257 his
780 5203 969 5257 vellem
997 5201 1121 5264 coli.
1153 5201 1401 5256 deessent
1427 5203 1551 5256 mihi
1583 5203 1854 5259 innumera
1882 5206 2046 5259 sacri-

473 5296 586 5350 ﬁcia
615 5305 668 5350 et
683 5294 1006 5350 holocausta.
1030 5293 1215 5350 Omnia
1236 5293 1375 5349 enim
1398 5293 1524 5348 mihi
1549 5293 1743 5349 aﬁ‘atim
1765 5303 1818 5350 et
1839 5295 2048 5351 abunde

474 5396 779 5458 suppetunt,
810 5397 862 5442 et
887 5403 1007 5441 cum
1047 5387 1145 5441 sini
1173 5389 1285 5457 ipse
1315 5386 1567 5440 Dominus
1591 5428 1604 5451 ,
1633 5401 1748 5442 mea
1776 5387 1895 5441 volo
1923 5405 1951 5439 a
1999 5397 2051 5442 te

475 5480 736 5547 accipere,
768 5487 822 5532 ut
852 5477 951 5533 hac
977 5479 1056 5532 via
1079 5488 1132 5532 et
1156 5480 1360 5533 ratione
1389 5487 1442 5532 te
1470 5477 1536 5532 ad
1563 5493 1734 5533 meam
1764 5478 2050 5534 amicitiam

475 5571 758 5635 attraham,
783 5580 887 5627 eLa
917 5585 1090 5624 rerum
1113 5571 1346 5625 inanium
1371 5571 1751 5626 consuetudine
1770 5570 2046 5627 abducam.

1231 173 1287 228 S.
1314 167 1592 228 JOANNIS
1621 163 2094 224 CHRYSOSTOMI
2137 160 2450 219 ARClllEP.
2489 159 3030 218 CONSTANTINOP.

3569 157 3676 212 948

2173 280 2226 335 5.
2257 276 2404 344 Quod
2424 278 2488 330 sit
2507 277 2609 331 Deo
2634 287 2829 347 gratum
2849 275 3170 343 sacriﬁcium.
3185 303 3256 313 —
3273 270 3470 325 Deinde
3498 287 3682 327 rursus

2103 373 2309 440 erigens
2331 369 2394 424 ad
2415 370 2468 425 id
2487 370 2627 441 quod
2647 377 2727 424 est
2752 367 3046 431 sublimius,
3070 362 3370 434 subiunxit:
3398 364 3485 417 13.
3513 362 3702 432 Νεαπ-¹

2101 465 2222 534 quid
2241 462 2550 517 manducabo
2577 479 2753 516 carnes
2780 471 3058 520 taurorum,
3085 467 3170 511 aut
3199 457 3493 528 sanguinem
3519 458 3684 510 hirco-

2101 573 2216 610 rum
2265 554 2491 623 potabo?
2543 553 2706 620 llaec,
2756 552 2959 621 inquit,
3008 565 3078 606 ne
3123 549 3426 604 hominibus
3469 550 3681 618 quidem

2100 647 2234 717 jussi
2259 646 2452 712 facere,
2477 644 2571 700 sed
2596 645 2753 700 etiam
2778 643 3063 697 maximum
3091 639 3339 694 constitui
3366 640 3682 708 supplicium

2105 737 2170 792 iis
2193 736 2284 806 qui
2310 744 2595 792 vescuntur
2616 733 2872 804 sanguine
2897 731 3076 801 (Leuit.
3099 730 3150 784 7.
3178 729 3266 784 16.
3287 729 3376 784 26.
3401 729 3517 798 27).
3544 727 3689 796 Quo-

2105 829 2266 884 modo
2301 843 2429 898 ergo
2473 825 2761 896 indigerem
2803 823 3092 892 sanguine,
3125 820 3213 890 qui
3254 833 3440 874 servos
3481 834 3631 873 meos
3658 836 3685 871 a

2106 919 2199 975 tali
2223 934 2342 974 esca
2367 916 2613 973 abduco?
2637 915 2769 970 Cum
2799 913 2914 968 haec
2937 926 3064 983 ergo
3099 909 3277 966 omnia
3302 910 3604 978 repulisset.
3636 917 3691 964 et

2107 1025 2167 1067 se
2195 1025 2313 1065 esse
2342 1009 2555 1078 indigna
2575 1005 2914 1070 ostendisset,
2944 1002 3442 1070 accusationemque
3464 1001 3689 1069 permul-

2110 1103 2179 1158 tis
2203 1100 2476 1157 deridendi
2503 1114 2660 1155 causa
2684 1097 2838 1154 dictis
2863 1095 3206 1166 reSpersisset
3228 1133 3246 1159 ,
3270 1108 3377 1148 non
3417 1093 3503 1148 hic
3531 1093 3688 1147 ﬁnem

2111 1193 2356 1262 quuendi
2400 1190 2523 1246 fecit
2546 1231 2560 1256 ,
2581 1190 2676 1247 sed
2703 1189 2935 1245 ostendit
2967 1189 3126 1242 alium
3155 1186 3399 1242 sacriﬁcii
3431 1185 3647 1241 modum
3672 1227 3689 1252 ,

2113 1285 2322 1340 functus
2348 1283 2449 1338 hac
2466 1282 2526 1337 in
2548 1298 2607 1337 re
2628 1281 2809 1350 optimi
2837 1279 3029 1336 medici
3060 1277 3256 1342 ofﬁcio,
3286 1285 3345 1332 ut
3371 1277 3641 1332 abducens
3662 1293 3690 1330 a

2111 1377 2270 1432 rebus
2313 1373 2621 1438 inutilibus,
2653 1387 2716 1428 ea
2754 1386 2872 1442 quae
2911 1371 3101 1441 juvare
3145 1371 3352 1441 possint
3388 1371 3693 1424 vulneribus

2113 1468 2360 1538 applicet.
2419 1465 2701 1535 Postquam
2744 1461 2888 1519 enim
2939 1461 3055 1517 haec
3102 1461 3329 1530 perfecit
3355 1500 3369 1523 .
3400 1461 3571 1516 dicit:
3605 1460 3689 1512 14.

2113 1559 2335 1616 Immola
2361 1557 2487 1612 Deo.
2516 1558 2582 1612 Et
2601 1554 2865 1627 quomodo
2891 1551 3228 1609 sacriﬁcabo?
3252 1553 3443 1622 inquit.
3481 1553 3695 1620 Absque

2115 1651 2388 1722 Sanguine.
2412 1648 2522 1704 Hoc
2547 1649 2684 1704 enim
2710 1645 3024 1703 sacriﬁcium
3048 1645 3156 1699 Deo
3178 1644 3405 1698 maxime
3425 1645 3690 1699 convenit.

2118 1745 2182 1799 Et
2211 1744 2330 1799 ideo
2360 1757 2480 1797 cum
2506 1739 2760 1804 dixisset,
2783 1738 3004 1794 Immola
3035 1736 3161 1804 Deo,
3192 1736 3482 1807 subiunxit,
3515 1736 3696 1792 Sacri-

2119 1835 2290 1905 ficium
2323 1832 2488 1887 laudis
2512 1847 2531 1886 :
2552 1830 2653 1886 hoc
2679 1839 2790 1895 est,
2818 1829 3106 1900 gratiarum
3143 1827 3362 1881 actionis
3383 1868 3395 1889 ,
3418 1841 3689 1880 sacrorum

2120 1925 2472 1998 hymnorum,
2498 1921 2678 1992 gloria:
2708 1935 2803 1990 per
2841 1918 2983 1974 bona
3023 1931 3184 1986 Opera
3221 1916 3332 1970 Deo
3377 1913 3688 1969 tribuendam.

2119 2015 2271 2082 Quod
2313 2023 2488 2068 autem
2529 2011 2693 2074 dicit,
2721 2017 2804 2066 est
2828 2007 3087 2078 ejusmodi
3110 2025 3124 2058 :
3149 2007 3223 2062 lta
3254 2007 3397 2059 vivas
3418 2013 3478 2060 ut
3508 2002 3692 2058 Domi-

2119 2122 2220 2162 nus
2266 2114 2388 2160 tuus
2425 2102 2771 2172 gloriﬁcetur.
2803 2099 2957 2168 Quod
2999 2099 3158 2154 etiam
3201 2096 3448 2152 Christus
3482 2093 3662 2150 docuit
3684 2133 3700 2153 .

2120 2197 2304 2252 dicens
2332 2211 2346 2249 :
2375 2192 2561 2248 Luceat
2588 2191 2676 2245 lua:
2698 2200 2860 2245 vestra
2888 2205 3059 2244 coram
3083 2186 3368 2241 hominibus
3388 2227 3404 2252 ,
3425 2194 3479 2239 ut
3501 2184 3699 2238 videant

2121 2287 2251 2342 bona
2277 2295 2438 2341 uestra
2463 2300 2614 2354 apera
2635 2325 2648 2348 ,
2676 2291 2721 2336 et
2745 2281 3027 2352 gloriﬁcent
3049 2277 3258 2334 Patrem
3283 2287 3499 2331 uestrum
3539 2274 3625 2346 qui
3650 2275 3702 2327 in

2123 2379 2260 2434 caelis
2299 2375 2618 2448 est(Matth.
2650 2374 2702 2428 5.
2734 2369 2862 2444 16).
2894 2369 3036 2426 Laus
3080 2369 3222 2425 enim
3269 2367 3400 2422 nihil
3438 2363 3580 2420 aliud
3624 2373 3706 2420 est

2122 2485 2281 2542 quam
2309 2467 2538 2524 laudatio
2561 2507 2574 2530 ,
2601 2465 2766 2536 gloria
2791 2472 2846 2519 et
2871 2461 3175 2518 celebratio.
3206 2459 3288 2515 Sit
3314 2472 3444 2529 ergo
3471 2457 3578 2511 vita
3619 2465 3704 2510 tua

2122 2559 2403 2634 ejusmodi,
2428 2567 2486 2612 ut
2513 2568 2634 2612 tuus
2663 2556 2905 2611 laudetur
2927 2569 2990 2608 ac
3014 2553 3313 2608 celebretur
3345 2551 3618 2611 Dominus,
3647 2559 3703 2603 et

2125 2653 2418 2725 perfectum
2446 2649 2680 2706 obtulisti
2709 2647 3049 2702 sacriﬁcium.
3080 2645 3190 2698 Hoc
3214 2643 3534 2699 sacrificium
3566 2641 3704 2695 Pau-

2127 2746 2210 2800 lus
2244 2759 2453 2814 quoque
2487 2741 2728 2812 requirit,
2759 2739 2938 2794 dicens
2967 2759 2980 2794 :
3018 2737 3259 2792 Exhibete
3296 2737 3518 2791 membra
3549 2743 3708 2790 vestra

2127 2837 2339 2892 hostium
2367 2837 2603 2889 uiuentem
2621 2874 2636 2900 ,
2657 2841 2883 2886 sanctam
2903 2873 2916 2896 ,
2952 2829 3058 2885 Deo
3100 2830 3378 2900 placentem
3404 2827 3575 2901 (Rom.
3617 2827 3705 2883 Β.

2129 2929 2203 3001 1).
2233 2930 2299 2984 Et
2326 2943 2509 2983 rursus
2538 2926 2623 2980 hic
2649 2925 2759 2993 ipse
2787 2921 3041 2993 propheta
3072 2921 3196 2976 alibi
3224 2939 3237 2973 :
3261 2920 3503 2976 Laudabo
3529 2935 3710 2973 nomen

2128 3021 2225 3076 Dei
2261 3020 2358 3073 mei
2397 3035 2508 3072 cum
2539 3018 2764 3081 cantico,
2793 3014 3125 3085 magniﬁcabo
3165 3014 3330 3082 ipsum
3370 3011 3423 3065 in
3452 3011 3602 3065 laude
3621 3029 3641 3064 :
3665 3020 3714 3064 et

2130 3111 2343 3192 placebit
2363 3109 2469 3164 Deo
2496 3109 2610 3180 plus
2632 3125 2780 3177 quant
2806 3107 2989 3161 vitulus
3003 3106 3206 3176 juvenis
3224 3121 3414 3159 cornua
3433 3103 3712 3174 producens

2130 3213 2178 3258 et
2216 3204 2430 3274 ungulas
2452 3200 2622 3268 (Psal.
2667 3200 2756 3256 68.
2797 3201 2884 3254 51.
2917 3197 3051 3268 52).
3077 3197 3159 3254 Ita
3196 3197 3356 3253 etiam
3397 3196 3715 3252 sacriﬁcavit

2130 3294 2231 3350 Job
2259 3301 2377 3363 post
2401 3293 2580 3362 plagas
2604 3292 2718 3344 illas
2745 3305 2860 3362 quae
2881 3298 3120 3343 naturam
3150 3287 3490 3356 superabant,
3515 3287 3716 3357 gratias

2131 3399 2314 3454 agens,
2341 3393 2396 3438 et
2425 3383 2538 3436 haec
2554 3381 2718 3435 verba
2741 3381 2992 3449 loquens:
3016 3378 3265 3432 Dominus
3289 3379 3446 3444 dedit,
3471 3377 3716 3434 Dominus

2061 3537 2064 3544 ι
2129 3475 2331 3528 abstulit
2348 3475 2509 3528 :sicut
2537 3470 2756 3524 Domino
2783 3471 2991 3541 placuit,
3015 3471 3086 3523 ita
3107 3473 3296 3540 factum
3316 3479 3389 3523 est
3411 3485 3429 3523 :
3450 3471 3512 3523 sit
3533 3486 3714 3523 nomen

2135 3565 2340 3620 Domini
2375 3563 2682 3618 benedictum
2718 3563 2771 3615 in
2798 3562 3003 3615 stecula.
3034 3560 3100 3613 Et
3127 3560 3279 3614 redde
3307 3560 3562 3614 Altissimo
3603 3569 3716 3614 vota

2135 3668 2222 3712 tua
2269 3655 2387 3726 (Job
2415 3657 2464 3709 1.
2491 3654 2606 3722 21).
2641 3652 2737 3707 Hic
2775 3652 2902 3706 dicit
2927 3651 3338 3721 supplicationes
3362 3691 3376 3713 ,
3405 3651 3632 3704 suadens
3658 3659 3717 3704 ut

2137 3749 2189 3804 in
2235 3747 2474 3802 oratione
2527 3743 2737 3798 assidue
2774 3757 3176 3812 perseveremus
3199 3784 3213 3807 ,
3245 3751 3298 3796 et
3335 3756 3454 3811 qua:
3493 3740 3714 3812 professi

2138 3839 2392 3894 fuerimus
2437 3851 2556 3889 cum
2605 3833 2877 3888 celeritate
2915 3831 3218 3886 reddamus.
3263 3831 3488 3886 Pulchre
3540 3843 3715 3885 autem

2139 3931 2312 3996 dixit,
2346 3927 2538 3982 Redde.
2569 3926 2696 3981 Post
2723 3924 3130 3993 promissionem
3173 3925 3312 3978 enim
3363 3939 3448 3978 res
3489 3923 3720 3978 efficitur

2139 4021 2394 4078 debitum.
2425 4019 2513 4074 Sic
2543 4022 2693 4072 Anna
2721 4015 2936 4071 tradidit
2970 4015 3132 4069 ﬁlium
3153 4057 3166 4080 ,
3197 4024 3256 4069 ut
3284 4014 3518 4068 debitum
3545 4016 3716 4069 maxi-

2141 4128 2282 4167 mum
2310 4112 2387 4184 (1.
2419 4109 2543 4180 Reg.
2576 4109 2625 4162 1.
2656 4107 2768 4176 28).
2795 4107 2871 4160 Tu
2897 4122 3022 4176 ergo
3052 4105 3163 4160 sive
3192 4106 3466 4174 promittas
3489 4105 3721 4159 elcemoo

2141 4219 2326 4274 synam
2351 4243 2365 4265 ,
2398 4201 2509 4254 sive
2539 4200 2696 4252 vitam
2726 4197 2969 4268 pudicam
2993 4237 3008 4262 ,
3033 4196 3146 4250 sive
3187 4195 3382 4266 aliquid
3411 4195 3554 4250 aliud
3581 4196 3719 4261 tale,

2141 4293 2204 4347 ad
2237 4294 2285 4347 id
2311 4291 2690 4347 exsolvendum
2720 4289 2929 4343 festina.
2959 4287 3012 4343 Si
3042 4288 3158 4358 quis
3185 4300 3362 4343 autem
3391 4297 3576 4344 exacte
3599 4303 3721 4358 per-

2144 4383 2416 4455 penderit,
2447 4381 2546 4436 etsi
2592 4380 2807 4434 minimc
2851 4379 3215 4446 promittatur,
3244 4381 3411 4434 virtus
3455 4389 3628 4434 tamen
3671 4381 3720 4434 ei

2143 4476 2385 4532 debetur.
2413 4474 2466 4528 ld
2492 4482 2665 4528 autem
2696 4471 2937 4526 Christus
2963 4471 3287 4542 signiﬁcans,
3323 4472 3532 4527 dicebat
3555 4489 3572 4526 :
3601 4471 3727 4536 Qua:

2143 4569 2274 4622 enim
2323 4566 2584 4619 debuimus
2632 4568 2799 4636 facere
2821 4604 2836 4627 ,
2865 4563 3072 4631 fecimus
3117 4561 3264 4632 (Luc.
3296 4563 3383 4617 17.
3420 4563 3532 4632 10).
3565 4562 3725 4632 Atqui

2144 4659 2282 4713 dixit
2311 4657 2610 4726 parabolam
2637 4655 2796 4716 servi.
2828 4654 2910 4708 cui
2939 4662 3053 4708 erat
3082 4655 3355 4708 minimum
3385 4655 3722 4724 imperatum,

2146 4765 2338 4819 nempe
2367 4757 2422 4802 ut
2452 4763 2553 4801 non
2585 4747 2951 4812 accumberet,
2985 4746 3076 4800 sed
3107 4748 3354 4801 transiret
3383 4755 3438 4801 et
3463 4749 3730 4801 ministra-

2145 4850 2245 4898 ret.
2279 4839 2498 4908 Quidam
2522 4850 2696 4895 autem
2719 4855 2926 4910 quoque
2951 4838 3078 4894 dicit
3102 4857 3115 4892 :
3143 4838 3224 4893 Ne
3253 4840 3528 4894 tardaveris
3552 4841 3731 4894 redde-

2147 4951 2202 4989 re
2225 4942 2388 4987 votum
2416 4942 2555 4985 tuum
2581 4930 2768 5003 (Eccli.
2799 4932 2852 4986 5.
2881 4930 2958 5001 ὅ).
2987 4931 3262 4986 Pollicitus
3287 4931 3382 4986 es?
3416 4931 3596 4986 Redde
3620 4972 3634 4994 ,
3663 4946 3732 4985 ne

2150 5024 2284 5078 forte
2314 5038 2457 5077 mors
2482 5032 2532 5076 te
2559 5021 2789 5086 invadat,
2815 5030 2867 5075 et
2898 5021 2947 5073 id
2972 5021 3258 5076 rescindat.
3284 5021 3350 5075 Et
3370 5021 3494 5092 quid
3515 5022 3583 5076 ad
3612 5020 3733 5075 me?

2150 5114 2358 5184 inquit:
2389 5113 2493 5166 vita
2524 5113 2664 5168 enim
2697 5125 2800 5165 non
2833 5119 2947 5164 erat
2983 5110 3036 5164 in
3067 5128 3182 5166 mea
3207 5122 3486 5182 potestate.
3523 5113 3588 5168 Et
3613 5113 3735 5166 ideo

2151 5205 2367 5260 differre
2391 5219 2497 5258 non
2525 5203 2754 5272 oportuit
2781 5243 2796 5268 ,
2827 5201 2950 5256 dum
2983 5205 3182 5272 cogitas
3212 5219 3330 5258 esse
3357 5205 3615 5259 incertum
3643 5221 3736 5260 ex-

2153 5299 2303 5360 itum,
2326 5307 2379 5351 et
2408 5310 2513 5349 non
2541 5309 2660 5350 esse
2689 5293 2741 5348 in
2775 5303 2860 5348 tua
2890 5303 3149 5364 potestate
3176 5304 3266 5349 aut
3290 5296 3488 5361 vivere,
3515 5306 3604 5350 aut
3634 5296 3737 5352 hoc

2153 5404 2185 5444 e
2211 5389 2326 5442 loco
2350 5386 2626 5442 excedere.
2649 5385 2797 5454 Quod
2819 5401 2945 5456 ergo
2973 5385 3166 5441 videris
3199 5402 3292 5456 pro
3321 5397 3403 5441 tua
3426 5387 3736 5443 defensione

2155 5478 2364 5543 aﬁ‘erre,
2387 5477 2442 5532 id
2465 5477 2618 5547 plane
2647 5486 2699 5532 te
2727 5478 2918 5548 arguit.
2950 5475 3130 5546 Neque
3158 5478 3299 5532 enim
3329 5491 3474 5533 mors
3499 5478 3550 5532 in
3574 5492 3736 5533 causa

2160 5570 2274 5638 fuit,
2297 5569 2576 5641 quominus
2591 5567 2860 5637 redderes,
2878 5569 2970 5624 sed
2985 5578 3070 5624 tua
3091 5582 3236 5624 mora
3255 5584 3315 5625 ac
3337 5568 3538 5625 dilatio.
3559 5568 3643 5622 15.
3671 5566 3736 5620 Et
