4112 6208
306 418 408 472 9η

294 551 413 590 σου
451 533 677 602 ἐλέγξω
714 549 787 587 σε
813 550 825 562 ·
861 535 931 590 τὰ
983 535 1048 588 δὲ
1103 537 1565 605 όλοκαυτώματὰ
1617 554 1732 590 σου
1778 535 1876 588 έν-

295 617 483 671 ώπιόν
510 635 627 686 μου
665 618 794 671 ἐστί
853 618 1198 684 διαπαντός.
1234 621 1388 673 Οὕτω
1427 621 1537 691 γάρ
1592 621 1641 672 οἰ
1699 618 1874 671 λοιποὶ

297 701 694 772 κατηγοροῦσιν
727 703 907 754 αὐτῶν
937 705 1232 774 προφῆται,
1273 704 1457 774 ἐπειδὴ
1485 706 1546 756 τὸ
1585 703 1741 756 πλέον
1773 702 1872 770 τῆς

293 785 498 855 ἀρετῆς
539 784 886 854 παρορῶντες
934 788 1120 856 μέρος,
1170 788 1227 840 ἐν
1266 787 1474 850 τούτοις
1517 785 1616 849 τὰς
1647 783 1871 846 ἐλπίδας

293 870 394 938 τῆς
429 867 704 938 σωτηρίας
728 863 893 937 εἶχον.
931 871 1040 922 Kal
1083 872 1191 939 γάρ
1214 873 1293 935 εἰς
1321 870 1616 938 ἀπολογίαν
1646 867 1871 937 ἔμελλον

291 949 424 1002 αὐτὸ
453 949 868 1020 προϐάλλεσθαι,
896 953 977 1005 ὅτι
1003 952 1203 1017 θυσίας
1236 954 1557 1024 σπένδομεν,
1584 953 1665 1006 ὅτι
1700 953 1866 1022 Προσο

295 1042 535 1111 φέρομεν
587 1042 993 1107 ὁλοκαυτώσεις.
1050 1045 1188 1098 Ἀλλ’
1231 1047 1331 1099 οὐκ
1371 1046 1464 1098 ἐπὶ
1509 1045 1719 1106 τούτοις
1765 1045 1878 1094 εἱσ-

293 1125 453 1196 ῆλθον
485 1126 856 1196 δικασάμενος,
895 1129 1079 1200 φησὶν,
1110 1131 1233 1183 ούδέ
1269 1130 1412 1194 ὑπὲρ
1444 1128 1653 1180 τούτων
1710 1129 1877 1192 ἐγκα-

293 1209 486 1268 λέσων,
516 1210 598 1260 ὅτι
629 1211 893 1282 παρώφθη
923 1213 1115 1270 ταῦτα.
1159 1215 1218 1267 Ὀ
1248 1213 1306 1266 δὲ
1345 1213 1572 1274 Ἡσαΐας
1599 1210 1692 1264 καὶ
1723 1210 1876 1262 εὐτο-

295 1293 533 1365 νώτερον
560 1294 738 1346 αὐτῶν
785 1296 1122 1351 καθικνεῖται
1160 1299 1368 1366 λέγων·
1411 1298 1471 1350 Τί
1495 1314 1596 1365 μοι
1642 1294 1876 1363 πλῆθος

296 1374 417 1428 τῶν
470 1376 692 1429 θυσιῶν
729 1377 933 1447 ὐμῶν;
979 1381 1228 1448 Πλήρης
1270 1381 1409 1450 είμί.
1457 1378 1875 1446 Ὀλοκαύτωμα

300 1459 449 1531 [250]
479 1459 674 1527 κριῶν,
708 1461 806 1514 καί
835 1463 1020 1532 στέαρ
1066 1464 1288 1532 ἀρνῶν,
1320 1465 1420 1517 καὶ
1453 1459 1596 1531 αἷμα
1643 1462 1874 1529 ταύρων

297 1542 395 1594 καὶ
413 1542 641 1613 τράγων
667 1546 1072 1615 οὺβούλομαι.
1103 1549 1195 1614 Τίς
1216 1549 1325 1616 γὰρ
1346 1545 1664 1613 ἐξεζήτησε
1689 1544 1873 1598 ταῦτα

293 1627 362 1679 ἐκ
408 1624 526 1678 τῶν
557 1627 777 1696 χειρῶν
817 1628 1027 1697 ὐμῶν;
1057 1632 1249 1684 Καίτοι
1283 1631 1468 1683 πολλοὶ
1500 1629 1625 1699 περὶ
1669 1628 1869 1682 θυσιῶν

293 1712 432 1762 εἰσιν
479 1711 760 1782 εἰρημένοι
803 1711 987 1780 λόγοι·
1017 1713 1130 1766 ἀλλ’
1163 1715 1224 1766 ού
1252 1715 1672 1785 προηγουμένως
1700 1711 1866 1766 αὐτοῦ

292 1793 614 1864 βουλομένου
637 1796 808 1849 ταῦτα
836 1795 1140 1866 νομοθετεῖ,
1171 1797 1306 1850 ἀλλά
1321 1800 1385 1868 τῇ
1415 1797 1669 1870 ἀσθενείᾳ
1688 1799 1867 1851 αὐτῶν

289 1876 837 1943 συγκαταϐαίνοντος.
870 1879 979 1932 Καὶ
1017 1879 1287 1951 Ἱερεμίας
1329 1879 1385 1933 δέ
1427 1898 1624 1952 φησιν⁹
1648 1882 1783 1936 Ἵνα
1810 1881 1869 1934 τί

279 1976 382 2028 μοι
413 1960 664 2013 λίϐανον
695 1960 763 2013 ἐκ
807 1960 968 2016 Σαϐἆ
997 1962 1220 2032 φέρεις,
1261 1962 1363 2018 καὶ
1404 1962 1748 2032 κινάμωμον
1800 1965 1864 2022 ἐκ

283 2040 396 2110 γῆς
410 2045 742 2111 μακρόθεν;
771 2045 880 2098 Kal
909 2046 1108 2109 πάντες
1135 2046 1213 2110 δὲ,
1240 2046 1316 2110 ὡς
1351 2047 1548 2110 εἰπεῖν,
1573 2049 1622 2100 οί
1652 2047 1866 2119 προφῆ-

283 2142 373 2178 ται
393 2125 543 2179 οὐδὲν
564 2127 709 2195 μέγα
731 2122 870 2180 εἶναι
891 2129 1046 2182 τοῦτό
1061 2145 1214 2197 φασι.
1234 2129 1326 2181 Διὸ
1339 2130 1433 2182 καὶ
1449 2129 1611 2192 αὐτὸς
1627 2129 1866 2201 ἀρχόμε-

165 2215 174 2224 ‘
282 2226 370 2273 νος
398 2209 565 2273 οὕτως
589 2211 694 2281 ἔφη
715 2227 730 2241 ·
768 2212 830 2264 Ὃ
855 2211 998 2278 Θεὸς
1037 2216 1069 2266 ὀ
1094 2215 1239 2278 Θεός
1261 2227 1379 2266 σου
1398 2214 1515 2282 εἰμὶ
1546 2213 1661 2282 ἐγώ
1686 2230 1699 2242 ·
1735 2215 1866 2266 κάν-

281 2293 469 2346 τεῦθεν
497 2294 698 2366 δηλῶν,
733 2296 815 2348 ὅτι
847 2295 1065 2362 ἀνάξιος
1096 2294 1261 2350 αὑτοῦ
1291 2299 1390 2368 τῆς
1412 2294 1670 2366 τοιαύτης
1704 2295 1863 2366 θερα-

284 2376 444 2439 πείας
465 2378 494 2429 6
520 2378 742 2447 τρόπος.

355 2461 464 2512 Kal
484 2461 592 2530 γάρ
613 2460 702 2513 τδν
727 2459 859 2513 Θεὸν
884 2473 909 2501 ι
933 2461 996 2514 οὐ
1029 2460 1117 2515 διά
1145 2459 1354 2514 καπνοῦ
1377 2462 1471 2514 καὶ
1493 2461 1706 2530 κνίσης,
1727 2460 1863 2515 ἀλλά

283 2540 372 2595 διὰ
401 2542 676 2606 πολιτείας
711 2543 937 2614 ἀρίστης
973 2545 1069 2596 καὶ
1104 2542 1395 2612 ἀσωμάτου
1428 2545 1524 2597 καὶ
1556 2546 1748 2614 νοερᾶς
1777 2545 1865 2597 θε-

289 2623 624 2694 ραπεύεσθαι
661 2627 760 2678 δεῖ.
806 2625 944 2678 Ἀλλ’
993 2626 1089 2694 οὐχ
1135 2626 1186 2676 οἰ
1223 2625 1474 2695 δαίμονες
1517 2625 1625 2678 τῶν
1665 2625 1864 2688 ἔξωθεν

282 2707 474 2772 οὕτως,
515 2708 651 2761 ἀλλά
697 2709 792 2762 καὶ
841 2708 1164 2780 ἐπιζητοῦσι
1207 2707 1400 2764 ταῦτα.
1445 2707 1616 2761 Τοῦτο
1646 2708 1740 2761 καί
1779 2726 1863 2774 τις

280 2793 414 2862 παρ’
447 2791 672 2862 Ἕλλησι
698 2793 924 2863 ποιητὴς
960 2791 1209 2861 φαίνεται
1242 2792 1458 2855 δεικνὺς
1487 2792 1537 2857 b,
1565 2791 1742 2861 λέγων
1765 2808 1779 2825 ο

427 2915 441 2928 .
485 2915 501 2930 .
546 2915 561 2929 .
609 2874 684 2928 Τὸ
707 2875 818 2944 γὰρ
841 2875 1110 2944 λάχομεν
1133 2875 1310 2946 γέρας
1337 2875 1527 2944 ἡμεῖς.

291 2965 431 3019 Ἀλλ’
458 2967 557 3037 οὐχ
585 2969 613 3020 6
642 2966 775 3030 Θεὸς
804 2970 835 3038 ή
846 2966 964 3036 μῶν
997 2966 1192 3031 οὕτως.
1233 2966 1459 3020 Ἐκεῖνοι
1494 2967 1595 3038 μέν
1623 2967 1733 3038 γὰρ
1773 2968 1858 3021 al-

278 3052 468 3123 μάτων
499 3051 762 3121 διψῶντες
794 3051 1174 3123 ἀνθρωπίνων,
1210 3056 1305 3105 καὶ
1337 3051 1480 3105 κατὰ
1515 3053 1712 3124 μικρὸν
1755 3053 1856 3106 αύ-

276 3135 402 3198 τοὺς
435 3137 515 3197 εἰς
549 3135 750 3199 ταύτας
787 3135 886 3198 τάς
930 3134 1241 3206 μιαιφονίας
1267 3135 1477 3204 ἐνάγειν
1518 3135 1852 3206 βουλόμενοι,

273 3216 450 3272 ταῦτα
481 3217 648 3289 ᾔτουν
674 3217 910 3287 συνεχῶς
931 3235 946 3249 ο
988 3219 1150 3282 αὐτὸς
1177 3217 1234 3272 δὲ
1265 3220 1357 3272 καὶ
1381 3219 1480 3288 τῆς
1506 3219 1614 3272 τῶν
1641 3217 1854 3289 ἀλόγων

274 3305 585 3374 ἀποστῆσαι
626 3303 841 3370 σφαγῆς
869 3303 1010 3356 κατά
1045 3303 1238 3376 μικρὸν
1268 3313 1291 3342 ο
1321 3303 1543 3368 ἐθέλων,
1585 3305 1856 3376 ἐχρήσατο

274 3391 341 3458 τῇ
371 3385 780 3456 συγκαταϐἀσει
810 3385 1002 3459 ταύτῃ,
1032 3387 1128 3439 καὶ
1153 3385 1500 3458 συνεχώρησε
1528 3387 1741 3452 θυσίας,
1765 3388 1854 3441 ἶνα

272 3469 438 3541 ἀνέλῃ
487 3470 702 3531 Θυσίας.
751 3471 834 3523 οὺ
866 3469 1112 3539 δέξομαι
1144 3469 1214 3523 ἐκ
1241 3469 1346 3524 τοῦ
1376 3471 1548 3524 οικου
1590 3485 1708 3525 σου
1743 3474 1854 3541 μό-

272 3571 488 3622 σχους,
515 3554 659 3608 οὐδὲ
683 3555 752 3608 ἐκ
779 3551 898 3606 τῶν
923 3553 1216 3622 ποιμνίων
1245 3570 1361 3609 σου
1382 3554 1700 3625 χιμάρους.
1721 3557 1852 3612 Ὅτι

270 3638 385 3708 ἐμά
412 3639 540 3691 ἐστι
567 3638 764 3692 πάντα
785 3637 857 3690 τὰ
887 3637 1060 3705 θηρία
1090 3636 1197 3692 τοῦ
1233 3636 1461 3706 δρυμοῦ
1484 3637 1535 3704 ἀ,
1568 3638 1758 3708 κτήνη
1781 3641 1853 3694 έν

273 3722 396 3788 τοῖς
425 3723 589 3790 ὄρεσι
619 3723 716 3776 καὶ
759 3722 927 3787 βόες.
973 3723 1249 3790 Ἔγνωκα
1281 3721 1478 3777 πάντα
1515 3723 1584 3778 τὰ
1610 3726 1850 3781 πετεινὰ

269 3807 377 3859 τοῦ
403 3806 684 3873 οἱψανοῦ,
714 3807 809 3859 καί
833 3806 1121 3874 ὡραιότης
1142 3805 1328 3876 ἀῃοοῦ
1339 3809 1469 3875 μετ’
1485 3807 1632 3877 ἐμοῦ
1653 3809 1850 3868 ἐστιν.

275 3891 418 3962 Ὀρα
444 3890 564 3954 πῶς
600 3891 742 3944 κατά
775 3890 973 3961 μικρὸν
999 3890 1192 3958 ἀνάγει
1229 3889 1336 3942 τῶν
1373 3891 1727 3963 χαμαιζήλων
1749 3894 1848 3965 τὴν

269 3975 525 4036 διάνοιαν,
544 3974 828 4042 διανοίγων
854 3971 1032 4026 αὐτῶν
1053 3974 1150 4044 τὴν
1166 3974 1583 4046 πεπωρωμένην
1600 3978 1850 4047 γνώμην,

269 4057 364 4111 καὶ
411 4057 624 4120 δεικνὺς
663 4058 745 4111 ὃτι
779 4057 840 4109 ού
886 4055 1142 4126 δεόμενος
1185 4055 1362 4110 ταῦτα
1403 4057 1685 4124 ἐπέταξεν,
1727 4061 1847 4114 οὐδὲ

264 4139 664 4210 ἀποδεχόμενος
688 4139 1102 4211 ἐνομοθέτησεν.
1141 4141 1204 4192 Εἰ
1229 4139 1338 4210 γὰρ
1371 4139 1677 4211 ἐϐουλόμην
1705 4142 1849 4197 οὕτω

270 4221 691 4294 θεραπεύεσθαι,
723 4223 878 4294 φησὶ,
907 4224 1008 4294 τὴν
1035 4223 1261 4294 ύφήλιον
1296 4233 1320 4261 ο
1350 4223 1531 4277 πᾶσαν
1559 4223 1717 4295 ἔχων,
1755 4229 1848 4282 καὶ

266 4306 431 4370 αὐτὸς
482 4307 696 4360 πάντων
739 4305 1030 4376 γενόμενος
1078 4306 1432 4377 δημιουργὸς,
1482 4306 1724 4375 δαψιλεῖς
1781 4309 1848 4364 ἂν

266 4392 660 4464 παρεσκεύασά
711 4409 802 4463 μοι
841 4391 1092 4460 γενέσθαι
1137 4392 1350 4454 θυσίας.
1383 4389 1519 4445 Εἶτα
1567 4393 1660 4446 καὶ
1691 4410 1846 4465 κωμ-

264 4477 420 4547 ῳδῶν
442 4477 645 4540 αὐτοὺς
665 4477 758 4530 καὶ
785 4474 1078 4547 διασύρων,
1101 4474 1241 4527 ὥστε
1272 4475 1366 4528 καὶ
1389 4475 1842 4549 πληκτικωτέραν

263 4560 516 4629 γενέσθαι
537 4560 634 4631 τὴν
659 4560 1015 4632 κατηγορίαν,
1045 4560 1353 4629 ἐπήγαγεν*
1394 4560 1535 4613 Ἐὰν
1554 4560 1840 4630 πεινὰσω,

265 4645 340 4696 οὐ
373 4641 458 4712 μή
491 4659 588 4696 σοι
618 4642 792 4694 εἴπωο
826 4639 939 4709 ἐμὴ
979 4639 1089 4710 γάρ
1111 4641 1284 4694 ἐστιν
1321 4641 1360 4708 ἠ
1391 4641 1712 4709 οἰκουμένη
1743 4644 1842 4696 καί

263 4724 332 4778 τὸ
367 4723 664 4792 πλήρωμα
688 4722 898 4791 αὐτῆς.
957 4724 1173 4795 Ἐπειδὴ
1203 4723 1310 4794 γάρ
1354 4723 1518 4787 αὐτὸς
1561 4725 1661 4794 μὲν
1701 4725 1844 4779 αύτά

266 4807 666 4878 συνεχώρησεν,
695 4808 781 4860 ἶνα
811 4805 953 4860 κατὰ
986 4807 1181 4878 μικρὸν
1206 4807 1401 4870 αὐτοὺς
1431 4808 1692 4880 ἀπαγάγῃ
1717 4809 1842 4864 τού-

263 4906 394 4954 των,
426 4891 581 4943 αὐτοὶ⁵
623 4891 679 4943 δὲ
711 4891 1074 4959 ἐναπέμειναν
1103 4893 1170 4962 τῇ
1199 4890 1464 4962 εὐτελείᾳ,
1507 4891 1659 4946 οὐδὲν
1697 4893 1842 4963 μέγα

266 4975 332 5026 ἐκ
359 4973 456 5042 τῆς
491 4973 948 5043 συγκαταϐάσεως
991 4972 1200 5044 ταύτης
1243 4973 1692 5045 καρπωσάμενοι,
1754 4976 1842 5030 διὰ

259 5057 424 5111 τοῦτο
452 5057 759 5127 παχύτερόν
799 5075 917 5120 πως
957 5058 1049 5110 καὶ
1078 5057 1565 5130 ἀνθρωπινώτερον
1593 5059 1842 5128 διαλεγό-

267 5140 428 5211 μενός
452 5155 634 5209 φησιν’
667 5141 808 5196 Ἐὰν
837 5140 1125 5208 πεινάσω,
1143 5143 1215 5196 οὐ
1238 5141 1323 5210 μή
1355 5157 1452 5196 σοι
1488 5143 1654 5196 εἴπω·
1683 5160 1837 5198 τουτ-

263 5229 432 5289 έστιν,
478 5223 617 5277 Οῦτε
663 5225 866 5279 πεινῶ·
906 5225 1038 5290 Θεὸς
1074 5226 1184 5295 γάρ
1215 5226 1277 5278 οὐ
1318 5229 1584 5292 πεινάσει,
1621 5227 1684 5281 ού
1751 5247 1842 5283 κο-

261 5309 486 5362 πιάσει·
525 5307 649 5362 οὕτε
691 5311 741 5363 εἰ
787 5309 999 5372 τούτοις
1048 5307 1352 5379 ἐϐουλόμην
1402 5310 1836 5383 θεραπεύεσθαι,

257 5393 504 5463 ἠπόρουν
533 5393 777 5465 ἀπείρων
813 5392 1014 5447 θυσιῶν
1054 5393 1149 5445 καὶ
1200 5392 1692 5464 ὁλοκαυτωμάτων.
1729 5397 1841 5450 Kal

323 5507 349 5534 ³
377 5505 549 5554 Morel.
580 5506 760 5554 καὶτὸν
792 5508 930 5554 Θεόν.

258 5565 567 5678 οιῙὲΔειῖινύς
591 5575 700 5630 post
720 5569 932 5631 φαίνεται
952 5568 1096 5617 deest
1119 5569 1167 5617 in
1214 5567 1409 5628 Morel.,
1433 5569 1520 5618 sed
1545 5577 1620 5619 est
1642 5572 1692 5619 iu
1717 5585 1834 5621 mss.

281 5665 287 5674 .
372 5644 444 5677 τινι
474 5667 484 5677 .

322 5693 346 5721 ⁸
370 5693 466 5740 Alii
489 5693 608 5754 μετά
639 5693 824 5754 μικρόν.

320 5751 1095 5842 ξἐ]ἷ.ἱ.τ⁶ᾂ9ἶὶίῗξξι.ἷ¹ῗῖ’έζίίθὲιεη

324 5818 350 5887 ξ
377 5815 526 5886 S_a\'il.
557 5823 608 5864 et
629 5815 710 5863 alii
734 5818 819 5872 τήν
856 5815 933 5880 ὑφ’
959 5817 1128 5887 ﬁght
1161 5816 1285 5887 Infra
1326 5815 1597 5887 plenigrem
1638 5832 1831 5870 versum

256 5876 520 5927 referimus
538 5892 599 5927 cx
623 5891 719 5928 mss
761 5876 904 5940 quani
929 5880 990 5930 sil
1017 5876 1259 5932 in'hlorel.
1281 5876 1338 5933 cf
1356 5881 1506 5931 δεμ-ιι.

1363 419 1727 476 EXPOSITIO
1768 416 1831 473 IN
1871 413 2202 471 PSALMUM
2249 414 2438 470 XLIX.

3456 408 3562 463 9.ιὸ

1988 531 2092 604 γὰρ
2127 531 2409 602 πρόκειταί
2434 547 2524 601 μοι
2561 529 2736 583 πάντα
2762 527 2901 600 μετά
2932 527 3133 595 πολλῆς
3157 527 3254 595 τῆς
3280 523 3562 594 ἀφθονίας,

1980 617 2078 669 καὶ
2109 616 2311 686 Κύριος
2331 613 2509 668 αὐτῶν
2535 613 2609 666 ῶν
2637 615 2729 667 καὶ
2746 612 3043 682 Δεσπότης,
3070 611 3138 661 τὰ
3168 608 3276 678 ἐμά
3303 607 3563 676 βούλομαι

1983 699 2135 769 παρὰ
2168 697 2261 751 σοῦ
2295 697 2502 761 λαϐεῖν,
2550 697 2638 749 ’ίνα
2671 696 2846 767 τούτῳ
2880 713 2939 747 σε
2973 694 3072 762 τῆς
3118 690 3238 744 ὀδοῦ
3273 690 3350 760 τῷ
3375 690 3563 760 τρόπῳ

1983 784 2125 856 πρὸς
2176 783 2273 854 τὴν
2321 781 2464 852 ἐμὴν
2506 779 2902 847 ἐπισπάσωμαι
2938 776 3140 846 φιλίαν,
3173 775 3268 827 καὶ
3319 774 3418 844 τῆς
3450 773 3565 826 τῶν

1987 866 2230 938 ματαίων
2250 865 2548 934 ἀποστὴσω
2572 860 2876 933 συνηθείας.

2054 957 2114 1004 ε’.
2137 945 2268 1002 Εἶτα
2296 949 2458 1002 πάλιν
2482 948 2573 999 ἐπὶ
2591 947 2652 999 τὺ
2676 945 3006 1016 ὑψηλότερον
3027 941 3246 1010 ἀγαγών
3271 957 3402 1016 φησι
3421 957 3436 972 ·
3459 939 3561 1008 Μὴ

1984 1033 2242 1100 φάγομαι
2282 1030 2425 1097 κρέα
2473 1031 2726 1096 ταύρων,
2774 1028 2812 1096 ἢ
2853 1023 2995 1095 αἷμα
3042 1025 3270 1094 τράγων
3314 1025 3560 1092 πίομαι;

1985 1114 2173 1167 Ταῦτα
2201 1116 2310 1185 γάρ
2345 1112 2467 1166 οῦτε
2502 1111 2815 1182 ἀνθρώποις
2845 1113 3018 1162 ποιεῖν
3061 1108 3321 1172 ἐπέταξα,
3373 1109 3558 1178 φησὶν,

1983 1197 2121 1250 ἀλλὰ
2153 1197 2247 1250 καὶ
2279 1194 2428 1266 [9.51]
2460 1195 2725 1265 μεγίστην
2747 1194 2934 1264 ὥρισα.
2952 1192 3172 1245 κόλασιν
3197 1194 3308 1254 τοῖς
3331 1191 3390 1243 τὸ
3424 1185 3563 1260 αἷμα

1983 1279 2248 1333 ἐσθίουσι.
2284 1278 2405 1341 Πῶς
2430 1274 2524 1330 οὖν
2556 1276 2791 1348 ἤμελλον
2815 1276 3046 1345 αἵματος
3075 1273 3362 1342 δεήσεσθαι
3388 1274 3416 1325 6
3436 1274 3562 1334 τοὺς

1980 1361 2200 1424 δούλους
2231 1361 2463 1428 ἀπάγων
2510 1362 2636 1422 τοὺς
2680 1360 2845 1430 ἐμοὺς
2895 1359 2997 1427 τῆς
3042 1356 3300 1427 τοιαύτης
3345 1354 3561 1425 θοίνης;

1994 1443 2268 1498 Ἐκϐαλὼν
2301 1445 2480 1497 τοίνυν
2515 1441 2689 1497 ταῦτα
2723 1443 2960 1504 ἅπαντα,
3013 1441 3108 1494 καὶ
3143 1440 3324 1504 δείξας
3368 1439 3564 1501 ἀνάξια

1979 1528 2164 1590 αὑτοῦ,
2201 1529 2294 1580 καὶ
2322 1527 2524 1598 πολλὴν
2555 1511 2962 1598 τῇκατηγορία
2991 1525 3090 1596 τὴν
3116 1524 3406 1594 κωμῳδίαν
3434 1523 3565 1575 ἀνα-

1981 1611 2160 1680 μίξας,
2175 1612 2276 1665 ούκ
2294 1612 2490 1682 ἔστησε
2512 1611 2603 1664 τὸν
2627 1611 2786 1680 λόγον
2804 1611 2964 1681 μέχρι
2982 1609 3196 1668 τούτου,
3212 1607 3345 1660 ἀλλά
3362 1606 3565 1658 δείκνυο

1979 1712 2062 1748 σιν
2082 1695 2275 1764 ἐτέρας
2297 1695 2494 1758 θυσίας
2505 1695 2726 1766 τρόπον,
2742 1695 2880 1764 ὅπερ
2899 1694 3047 1746 ἐστὶν
3068 1692 3312 1762 ἰατρείας
3331 1690 3562 1760 ἀρίστης

1977 1774 2136 1843 εἶδος,
2165 1779 2276 1831 τῶν
2298 1779 2450 1832 οὐδὲν
2474 1778 2829 1849 ὠφελούντων
2859 1778 3164 1846 ἀπάγοντα,
3193 1775 3259 1830 τὰ
3285 1775 3559 1844 δυνάμενα

1975 1861 2222 1934 διορθοῦν
2250 1861 2556 1915 ἐπιτιθέναι
2573 1865 2684 1925 τοῖς
2697 1861 2999 1932 τραύμασι.
3022 1860 3178 1914 Μετὰ
3193 1858 3373 1930 γὰρτὸ
3384 1856 3560 1910 ταῦτα

1975 1947 2299 2018 ἀπαρτίσαι,
2340 1946 2520 2015 λέγει’
2557 1945 2760 2000 Θῦσον
2788 1942 2869 2011 τῷ
2899 1945 3041 2012 Θεῷ.
3079 1945 3190 2000 Kal
3222 1945 3339 2007 πῶς
3385 1942 3553 2006 θύσω,

1976 2031 2171 2101 φησίν;
2218 2030 2462 2099 Αἵματος
2509 2030 2698 2100 χωρίς.
2748 2027 2918 2082 Τοῦτο
2967 2029 3075 2100 γάρ
3127 2027 3360 2097 μάλιστα
3395 2025 3552 2078 θυσία

1973 2112 2094 2184 Θεῷ
2140 2115 2446 2184 πρέπουσα.
2479 2113 2579 2165 Διά
2625 2111 2790 2166 τοῦτο
2820 2111 3011 2178 εἰπὼν,
3051 2111 3254 2165 Θῦσον
3290 2108 3370 2174 τῷ
3409 2107 3551 2173 Θεῷ,

1974 2198 2243 2268 ἐπήγαγε,
2271 2197 2505 2252 Θυσίαν
2522 2195 2810 2263 αἰνέσεως
2829 2214 2841 2226 ·
2866 2196 3165 2258 τουτέστιν,
3183 2194 3553 2266 εὐχαριστίας,

1974 2279 2159 2350 ὓμνων
2194 2280 2372 2350 ἱερῶν,
2413 2280 2513 2350 τῆς
2535 2280 2622 2333 διά
2652 2279 2760 2334 τῶν
2792 2279 2970 2352 ἔργων
2991 2279 3298 2348 δοξολογίας
3334 2278 3379 2332 ί.
3416 2280 3481 2330 'U
3500 2276 3558 2330 δέ

1972 2361 2143 2430 λέγει,
2173 2362 2417 2416 τοιοῦτόν
2456 2366 2607 2416 ἐστιν
2630 2380 2643 2393 ·
2683 2363 2840 2420 Οὕτω
2872 2363 3020 2434 ζῆθι,
3059 2361 3200 2416 ὥστε
3237 2360 3555 2427 δοξάζεσθαί

1974 2463 2068 2499 σου
2102 2447 2194 2499 τὸν
2233 2447 2533 2518 Δεσπότην.
2578 2447 2758 2519 Ὅπερ
2783 2448 2877 2502 καὶ
2905 2450 2933 2502 6
2968 2446 3200 2518 Χριστὸς
3235 2445 3440 2514 ἐδίδαξε
3469 2445 3557 2499 λέ-

1971 2546 2105 2597 γων·
2124 2529 2424 2598 Λαμψάτω
2438 2530 2503 2584 τὸ
2525 2530 2652 2600 φῶς
2669 2529 2834 2601 ὑμῶν
2847 2533 3193 2602 ἔμπροσθεν
3203 2531 3321 2583 τῶν
3334 2528 3555 2598 ἀνθρώ-

1971 2628 2121 2676 πων,
2137 2611 2294 2678 ὅπως
2311 2612 2479 2666 ἴδωσι
2496 2617 2568 2666 τὰ
2585 2615 2741 2668 καλὰ
2757 2615 2901 2685 ἔργα
2922 2613 3111 2684 ὑμῶν,
3131 2614 3232 2668 καί
3247 2612 3554 2677 δοξάσωσι

1970 2693 2079 2746 τὸν
2111 2697 2341 2763 Πατέρα
2372 2693 2540 2765 ὑμῶν
2574 2695 2680 2749 τὸν
2709 2698 2779 2749 ἐν
2810 2697 2936 2761 τοῖς
2954 2696 3250 2764 οὐρανοῖς.
3271 2691 3429 2759 Αἶνος
3447 2695 3555 2766 γάρ

1969 2777 2122 2830 οὐδὲν
2141 2779 2324 2850 ἕτερον
2360 2778 2394 2850 ἢ
2438 2778 2655 2842 ἔπαινός
2688 2781 2822 2842 ἐστι,
2845 2779 2971 2844 δόξα
2991 2781 3084 2832 καὶ
3105 2779 3557 2848 εύφημία.Ἕστω

1968 2863 2150 2917 τοίνυν
2184 2864 2213 2916 6
2252 2861 2366 2933 βίος
2402 2880 2497 2916 σου
2516 2861 2775 2927 τοιοῦτος,
2800 2862 2944 2916 ὥστε
2964 2863 3102 2934 εὑφη
3113 2862 3328 2934 μεῖσθαί
3351 2879 3444 2914 σου
3464 2862 3557 2914 τὸν

1967 2947 2266 3018 Δεσπότην,
2289 2947 2383 3000 καὶ
2421 2946 2836 3018 ἀπηρτισμένην
2856 2947 3155 3017 εἰσήγαγες
3195 2947 3294 3016 τὴν
3339 2944 3551 3000 θυσίαν.

1967 3030 2182 3099 Ταύτην
2202 3031 2295 3084 καὶ
2317 3033 2344 3084 6
2365 3029 2575 3094 Παῦλος
2596 3029 2845 3101 ἐπιζητεῖ
2861 3029 2962 3102 τὴν
2981 3030 3191 3086 θυσίαν.
3215 3028 3388 3098 λέγων
3407 3046 3418 3058 ·
3439 3032 3557 3082 Ilu-

1956 3115 2310 3183 ραστήσατε
2348 3117 2421 3170 τὰ
2459 3116 2610 3183 μέλη
2651 3115 2820 3184 ὑμῶν
2856 3117 3080 3170 θυσίαν
3116 3113 3331 3178 ζῶσαν,
3353 3115 3550 3185 ἁγίαν,

1963 3198 2296 3268 εὐάρεστον
2327 3197 2406 3264 τῷ
2446 3197 2587 3264 Θεῷ.
2613 3199 2720 3253 Kal
2741 3198 2977 3270 ἀλλαχοῦ
3001 3199 3162 3253 πάλιν
3179 3202 3208 3253 6
3229 3198 3394 3261 αὐτὸς
3413 3215 3549 3270 προ·

1965 3284 2140 3353 φήτης
2159 3297 2174 3314 ο
2212 3281 2444 3336 Αίνέσω
2471 3283 2538 3336 τὸ
2560 3281 2756 3352 ὄνομα
2775 3282 2882 3337 τοῦ
2904 3280 3190 3352 ΘεοῦἹιου
3218 3281 3347 3352 μετ’
3365 3281 3559 3349 ᾠδῆς..

1955 3365 2278 3436 μεγαλυνῶ
2314 3365 2502 3421 αὐτὸν
2536 3366 2606 3420 ἐν
2636 3365 2862 3421 αἰνέσει
2885 3366 3032 3420 ουκαί
3067 3365 3286 3435 ἀρέσειε
3311 3365 3391 3432 τῷ
3427 3366 3550 3432 Θεῴ

1961 3451 2115 3518 ὑπὲρ
2145 3453 2385 3520 μόσχον
2417 3448 2561 3504 νέον
2593 3449 2812 3518 κέρατα
2830 3449 3172 3519 ἐκφέροντα»
3196 3449 3306 3503 καὶ·
3327 3449 3545 3516 (kz-llic.

1961 3533 2146 3598 Οὕτως
2186 3534 2307 3588 ἔθυε
2347 3537 2441 3588 καὶ
2472 3533 2592 3587 Ἰὼϐ
2631 3534 2771 3605 μετὰ
2808 3534 2907 3599 τὰς
2946 3533 3160 3605 πληγὰς
3198 3534 3412 3598 ἐκείνας
3448 3537 3558 3596 τὰς

1961 3617 2100 3689 ὑπὲρ
2138 3616 2321 3686 φύσιν,
2344 3617 2703 3690 εὐχαριστῶν,
2727 3620 2820 3672 καὶ
2861 3617 3032 3672 ταῦτα
3073 3617 3441 3689 φθεγγόμενος
3477 3619 3546 3672 τά

1964 3697 2191 3769 ῥήματα
2209 3715 2225 3730 °
2261 3701 2326 3754 '0
2352 3702 2564 3767 Κύριος
2587 3700 2831 3766 ἔδωκεν,
2856 3705 2889 3756 ό
2916 3704 3130 3773 Κύριος
3146 3704 3446 3772 ἀφείλετο.
3464 3708 3544 3772 ὡς

1962 3776 2043 3844 τῷ
2055 3782 2251 3850 Κυρίῳ
2266 3779 2407 3844 ἔδοξ
2412 3798 2500 3845 εν,
2522 3781 2787 3835 οὕτωκαὶ
2805 3781 3045 3848 ἐγένετο
3064 3797 3078 3812 ⁸
3109 3784 3206 3848 εἴη
3237 3786 3302 3838 τὸ
3357 3787 3544 3855 ὄνομα

1963 3863 2180 3928 Κυρίου
2192 3862 2338 3915 εὐλο
2346 3860 2696 3929 γημένονεὶς
2705 3861 2845 3928 τοὺς
2856 3861 3094 3928 αἰῶνας.
3110 3865 3216 3918 Καὶ
3227 3866 3452 3931 ἀπόδος
3463 3863 3544 3931 τῷ

1968 3950 2237 4019 ’Υψίστῳ
2252 3950 2360 4013 τὰς
2379 3949 2564 4018 εὐχάς
2583 3967 2720 4005 σου.
2744 3950 2854 4014 Τάς
2876 3949 3155 4020 ἱκετηρίας
3178 3949 3414 4002 ἐνταῦθά
3440 3967 3536 4018 φη-

1958 4049 2063 4096 σιν,
2083 4032 2223 4086 ὥστε
2241 4032 2506 4103 διηνεκῶς
2525 4035 2590 4104 τῇ
2611 4033 2791 4103 δεήσει
2813 4034 3262 4104 προσκαρτερεῖν,
3286 4033 3380 4086 καὶ
3399 4031 3501 4085 ἀπε
3509 4049 3542 4103 ρ

1957 4114 2023 4169 ἀν
2042 4112 2508 4185 ἐπαγγελλώμεθα
2531 4115 2666 4186 μετά
2685 4115 2881 4186 τάχους
2900 4113 3222 4170 ἀποδιδόναι.
3243 4117 3345 4168 Kal
3363 4115 3542 4176 καλῶς

1956 4194 2141 4251 εἶπεν·
2178 4197 2447 4265 Ἀπόδος.
2469 4197 2623 4252 Μετὰ
2661 4198 2771 4270 γάρ
2805 4199 2905 4270 τὴν
2942 4197 3267 4268 ἐπαγγελίαν
3287 4197 3445 4270 χρέος
3481 4197 3542 4249 τὸ

1957 4282 2187 4352 πρᾶγμα
2220 4280 2452 4349 γίνεται.
2475 4281 2660 4346 Οὕτως
2685 4284 2853 4337 ’Ἄννα
2891 4281 3141 4336 ἀπέδωκε
3181 4284 3270 4335 τὸν
3306 4282 3441 4342 υἱὸν,
3463 4280 3539 4343 ὡς

1955 4364 2174 4434 ὄφλημα
2194 4364 2472 4436 μέγιστον.
2495 4367 2604 4419 Kal
2625 4367 2688 4420 σὺ
2709 4367 2890 4420 τοίνυν
2911 4366 3014 4420 κᾶν
3036 4365 3403 4436 ἐλεημοσύνην
3434 4366 3535 4416 ἐπ-

1954 4448 2214 4521 αγγέλλῃ,
2238 4448 2342 4502 κᾶν
2381 4447 2634 4521 σώφρονα
2675 4449 2810 4520 βίον,
2834 4450 2936 4504 κᾶν
2956 4450 3142 4521 ’ἐτερόν
3181 4469 3249 4504 τι,
3274 4449 3534 4508 τοιοῦτον,

1955 4531 2151 4585 σπεῦδε
2183 4531 2321 4602 πρὸς
2351 4532 2449 4602 τὴν
2470 4532 2692 4586 ἔκτισιν.
2719 4534 2780 4586 Εἰ
2801 4533 2857 4586 δέ
2877 4551 2959 4597 τις
2978 4533 3218 4604 ἀκριϐῶς
3240 4531 3533 4598 ἐξετάσειε,

1954 4615 2060 4670 κᾶν
2082 4616 2156 4687 μὴ
2179 4615 2602 4686 ἐπαγγέλληται,
2627 4621 2891 4687 χρεωστεῖ
2907 4617 3054 4687 αὐτῷ
3088 4617 3154 4670 τά
3186 4617 3282 4684 τῆς
3312 4615 3531 4685 ἀρετῆς.

1954 4699 2059 4754 Kal
2078 4700 2232 4754 τοῦτο
2250 4700 2422 4772 δηλῶν
2443 4703 2470 4754 6
2490 4702 2722 4773 Χριστὸς
2743 4701 2929 4770 ἔλεγεν
2945 4721 2956 4732 ο
2984 4704 3052 4755 Ἃ
3075 4704 3183 4772 γὰρ
3205 4704 3534 4771 ὠφείλομεν

1951 4787 2222 4852 ποιῆσαι,
2259 4784 2690 4855 πεποιήκαμεν.
2716 4787 2910 4839 Καίτοι
2946 4783 3045 4854 τὴν
3083 4782 3394 4855 παραϐολὴν
3434 4784 3529 4838 τοῦ

1949 4867 2133 4921 δούλου
2156 4868 2307 4935 ἔλεγε
2326 4868 2418 4922 τοῦ
2439 4867 2730 4938 ἐλαχίστην
2749 4867 3048 4930 διακονίαν,
3064 4868 3183 4937 οὐχὶ
3205 4866 3532 4936 κατακλιθῆ-

1951 4967 2059 5012 ναι,
2079 4951 2456 5021 κελευομένου,
2479 4951 2614 5004 ἀλλά
2651 4950 2942 5022 παρελθεῖν
2981 4951 3074 5004 καὶ
3109 4951 3394 5004 διακονεῖν.
3421 4951 3531 5002 Kal

1949 5034 2134 5104 ἕτερος
2152 5033 2209 5086 δέ
2225 5033 2309 5098 τίς
2331 5051 2532 5105 φησιν-ι
2549 5032 2647 5099 Μὴ
2676 5034 2970 5102 χρονίσιῃς
2989 5033 3319 5089 ἀποδοῦναι
3338 5030 3532 5099 εὐχήν

1949 5131 2088 5170 σου.
2104 5117 2480 5187 Ἐπηγγείλως
2528 5115 2767 5179 Ἀπόδος,
2797 5117 2870 5188 μή
2893 5135 3023 5170 ποτε
3043 5118 3267 5176 θάνατος
3286 5110 3527 5166 ἐπελθὼν

1947 5206 2196 5278 διακόψῃ.
2218 5209 2327 5261 Kal
2347 5207 2398 5260 τί
2420 5205 2553 5276 πρὸς
2573 5207 2672 5276 ἐμέ
2693 5224 2706 5273 ;
2731 5208 2893 5279 φησίν
2913 5225 2927 5239 ·
2950 5208 3139 5277 ούςγάρ
3160 5205 3348 5276 κύριος
3379 5203 3526 5272 ήμην

1947 5292 2046 5362 τῆς
2067 5290 2230 5361 ζωῆς.
2256 5289 2354 5341 Διά
2371 5288 2530 5340 τοῦτο
2548 5289 2656 5362 γὰρ
2678 5291 2841 5362 ἐχρῆν
2866 5291 2940 5361 μὴ
2960 5290 3224 5361 χρονίσαι,
3246 5287 3306 5339 τὸ
3333 5285 3525 5356 ἄδηλον

1949 5374 2238 5428 ἐννοοῦντα
2269 5372 2367 5441 τῆς
2407 5369 2608 5436 ἐξόδου,
2633 5375 2725 5426 καὶ
2744 5375 2824 5426 ὅτι
2845 5373 3030 5444 κύριος
3051 5372 3150 5423 οὐκ
3169 5366 3218 5422 εἴ
3238 5370 3335 5438 τῆς
3379 5367 3525 5438 ζωῆς

1947 5459 2050 5513 καὶ.
2061 5457 2157 5527 τῆς
2178 5453 2425 5508 ἐντεῦθεν
2445 5456 2938 5528 ἀποδημίας.⁹Ὠστε
2960 5457 2992 5524 ὴ
3013 5453 3242 5507 δοκοῦσα
3262 5453 3526 5522 ἀπολογία

1947 5538 2250 5610 κατηγορία
2268 5536 2434 5591 ἐστίν.
2459 5539 2592 5592 Ούδέ
2635 5541 2746 5608 γὰρ
2780 5538 2874 5591 τοῦ
2913 5537 3143 5590 θανάτου
3163 5537 3347 5591 λοιπὸν
3366 5537 3426 5590 τὸ
3449 5537 3525 5611 μὴ

1945 5623 2237 5680 ἀποδοῦναι
2256 5621 2496 5691 γέγονεν,
2517 5622 2654 5676 ἀλλά
2687 5621 2786 5692 τῆς
2827 5622 2925 5692 σῆς
2947 5621 3255 5694 μελλήσεως
3275 5625 3368 5678 καὶ
3387 5624 3522 5677 ἀνα-

1945 5709 2127 5779 ϐολῆς.
2149 5708 2260 5762 Καὶ
2279 5707 2635 5762 ἐπικάλεσαί
2659 5724 2737 5778 με
2765 5708 2836 5762 ἐν
2871 5708 3061 5779 ἡμέρᾳ
3099 5709 3358 5780 θλίψεως
3379 5725 3520 5776 σου,

1975 5821 2031 5934 1ῡῖ
2060 5823 2182 5875 Mor.
2210 5821 2423 5875 habebat
2466 5823 2761 5892 εὐχαριστίας
2799 5825 2876 5872 καὶ
2917 5823 3185 5889 aciein-ia;
3207 5839 3352 5875 secus
3373 5835 3518 5885 quam

1992 5897 2043 5934 ιι.

1944 5897 2043 5934 am.
