4074 6206
552 356 664 411 2ί9

555 472 654 526 καὶ
687 470 1010 540 ἐξελοῦμαί
1047 486 1141 533 σε,
1164 472 1262 525 καὶ
1284 469 1438 544 [2'52]
1460 468 1742 536 δοξάσεις
1775 486 1872 539 με.
1889 468 2052 540 Ὀρᾷς
2072 461 2138 522 ἐκ

554 556 752 609 πολλοῦ
772 555 869 609 τοῦ
888 556 1170 625 περιόντος
1188 556 1287 627 τὴν
1307 556 1572 610 ἀντίδοσιν
1588 554 1873 625 διδομένην
1891 573 1906 619 ;
1928 552 1994 607 Τί
2030 553 2137 607 τοί-

554 659 649 693 νυν
688 640 788 710 τῆς
822 639 1079 710 τοιαύτης
1111 639 1521 712 φιλανθρωπίας
1554 636 1668 690 ἴσον
1687 638 1884 706 γένοιτ’
1902 636 1989 697 ἀν,
2008 637 2138 690 ὅταν

556 723 652 778 καὶ
670 724 839 795 αὐτῆς
876 724 978 795 τῆς
1013 724 1214 795 ἀρετῆς
1239 724 1461 794 μισθοὺς
1478 723 1608 793 ἡμῖν
1626 720 1771 792 διδῷ,
1794 720 1888 774 καὶ
1910 719 2135 786 μισθοὺς

557 807 739 877 πολλῷ
771 807 1021 878 μείζονας
1037 806 1145 859 τῶν
1164 807 1361 871 πόνων,
1385 806 1478 858 καὶ
1498 804 1703 876 σφόδρα
1724 805 1780 855 ἐν
1801 802 1974 873 καιρῷ
1992 801 2134 855 διδο-

559 891 788 961 μένουςς
821 892 930 944 Καὶ
963 889 1053 943 διά
1069 890 1141 953 τί,
1165 889 1348 960 φησὶν,
1371 884 1521 941 εἶπεν
1539 905 1554 918 ·
1612 884 1992 939 Ἑπικάλεσαί
2020 900 2135 953 με;

557 975 643 1031 διᾶι
663 978 715 1028 τί
734 975 990 1045 ἀναμένει
1010 973 1291 1027 καλεῖσθαι
1313 973 1444 1043 παρ’
1466 970 1656 1042 ήμῶν;
1679 967 1917 1032 Μείζονα
1936 968 2033 1040 τὴν
2050 970 2133 1021 ol-

556 1057 778 1110 κείωσιν
813 1060 945 1129 ἡμῖν
982 1057 1204 1127 ποιῆσαι
1227 1054 1565 1129 βουλόμενος,
1588 1054 1680 1106 καὶ
1698 1053 1794 1123 τὴν
1815 1052 1952 1122 πρὸς
1972 1051 2134 1104 αὑτὸν

558 1139 741 1207 φιλίαν
760 1128 1116 1211 θερμοτέραν,
1139 1140 1234 1192 καὶ
1269 1128 1353 1208 τῷ
1392 1137 1593 1198 δοῦναι,
1615 1136 1709 1189 καὶ
1726 1135 1804 1206 τῷ
1830 1135 2132 1201 καλεῖσθαι,

557 1222 651 1274 καὶ
670 1221 746 1292 τῷ
767 1221 1082 1293 λαμϐάνειν.
1106 1223 1215 1275 Καὶ
1233 1221 1390 1291 γάρὴ
1415 1220 1581 1291 ἀρετὴ
1604 1218 1739 1289 πρὸς
1770 1218 1904 1271 Θεὸν
1922 1220 2131 1281 οἰκειοῖ,

558 1304 652 1357 κα)⁵
690 1307 724 1375 η
760 1305 1026 1369 ἀντίδοσις
1066 1305 1128 1359 τὺ
1163 1306 1294 1359 αὐτὸ
1315 1304 1630 1375 ἐργάζεταιο
1655 1303 1748 1354 καὶ
1767 1302 1800 1370 ἡ
1819 1301 1951 1370 εὐχὴ
1974 1301 2134 1353 πάλιν

555 1386 759 1458 ταύτην
781 1391 1072 1460 συγκροτεῖ
1093 1389 1193 1457 τὴν
1228 1388 1517 1440 οἰκείωσιν.
1540 1385 1638 1438 Δια
1667 1382 1823 1436 τοῦτό
1843 1400 1976 1453 φησι
1998 1401 2011 1416 ·
2036 1383 2135 1446 Δός

561 1486 672 1539 μοι,
694 1470 788 1524 καὶ
807 1470 998 1541 δίδωμί
1020 1488 1121 1524 σοι.
1138 1471 1247 1522 Καὶ
1267 1471 1323 1521 ἐν
1343 1467 1419 1537 τῷ
1437 1466 1635 1521 διδόναι
1652 1466 1709 1519 δὲ
1732 1467 1794 1519 σὺ
1814 1464 2131 1536 λαμϐάνεις·

557 1552 721 1616 αὐτὸς
753 1555 863 1625 γὰρ
896 1554 1099 1607 τούτων
1131 1553 1571 1625 ἀνενδεὴς.Ὤστε
1593 1550 1694 1604 κᾶν
1713 1551 1960 1619 ἐπιεικὴς
1976 1549 2130 1620 γένη,

560 1635 660 1689 κάν
699 1637 938 1707 μέτριος,
958 1637 1061 1691 κάν
1098 1637 1350 1705 σώφρων,
1371 1635 1432 1688 ού
1464 1633 1543 1705 τῷ
1562 1633 1679 1704 Θεῷ
1697 1651 1748 1686 τι
1767 1632 2131 1705 προσέθηκας,

560 1720 694 1772 ἀλλά
716 1719 910 1772 σαυτὸν
929 1719 1182 1792 λαμπρὸν
1201 1718 1464 1789 ἐποίησας
1481 1718 1576 1771 καὶ¹
1594 1717 1803 1787 ἀμείνω
1819 1733 1831 1747 ·
1855 1715 1968 1769 ἀλλ’
1984 1717 2133 1786 ὅμως

560 1804 655 1854 καί
690 1802 892 1854 τούτων
930 1803 1007 1865 ὡς
1045 1801 1209 1855 αὐτὸν
1227 1801 1522 1871 ὠφελοῦντι
1545 1800 1772 1871 μισθούς
1794 1816 1874 1852 σοι
1894 1799 1988 1851 καὶ
2011 1814 2133 1850 στε-

560 1886 761 1953 φάνους
800 1885 972 1955 ὁρίζει
1016 1886 1458 1957 μεγίστους.Καὶ
1497 1885 1604 1955 πρὸ
1638 1884 1745 1937 τῶν
1782 1882 2059 1951 στεφάνων
2077 1881 2134 1936 δὲ

558 1969 783 2022 ἐκείνων
820 1968 882 2021 οὐ
922 1970 1123 2040 μικρᾶς
1159 1967 1451 2030 ἀπολαύεις
1468 1968 1681 2038 ἡδονῆς,
1703 1965 1892 2036 ἀγαθῷ
1912 1983 2135 2037 συντρε-

560 2053 791 2124 φόμενος
810 2053 1094 2118 συνειδότι,
1117 2058 1211 2107 καὶ
1231 2055 1494 2124 χρησταῖς
1516 2068 1612 2103 πτε
1621 2051 1712 2121 ρού
1721 2068 1879 2122 μενος
1897 2050 2129 2104 ἐλπίσιν.

567 2137 809 2209 Ἥμέραν
844 2136 902 2190 δὲ
942 2136 1172 2207 θλίψεως
1202 2134 1436 2190 ἐνταῦθά
1470 2150 1652 2205 φησιν,
1671 2134 1732 2186 ού
1750 2133 1850 2197 τὰς
1866 2132 1974 2186 τῶν
1994 2151 2135 2205 συμο

558 2219 762 2289 φορῶν,
783 2216 907 2273 οὔτε
924 2219 1028 2283 τάς
1047 2220 1157 2272 τῶν
1175 2219 1568 2290 περιστάσεων,
1587 2216 1702 2270 ἀλλ’
1721 2217 1803 2270 ὅτι
1829 2216 1933 2271 κᾶν
1953 2217 2134 2287 ἀμαρο

556 2321 579 2354 π
594 2304 650 2356 ία
668 2300 898 2374 πολεμῇ,
911 2301 1013 2356 κάν
1031 2301 1274 2366 διάϐολος
1294 2300 1576 2373 πολιορκῇ,
1589 2299 1883 2371 ἐπιθυμίας
1899 2301 2133 2368 εἰσάγων

556 2390 821 2462 πονηράς,
842 2391 1043 2463 πολλῆς
1072 2391 1358 2464 ἀπολαύσῃ
1395 2390 1496 2461 τῆς
1534 2389 1868 2461 συμμαχίας.
1891 2388 1999 2444 Καὶ
2032 2389 2131 2455 ἐξ-

554 2479 809 2549 ελοῦμαι
843 2495 938 2543 σε,
960 2481 1056 2534 καὶ
1096 2476 1377 2545 δοξάσεις
1403 2494 1499 2548 με.
1523 2478 1689 2532 Πάλιν
1708 2477 1939 2531 ἐνταῦθα
1956 2478 2017 2531 ού
2034 2478 2132 2549 τῆς

557 2566 687 2638 παρ’
709 2567 865 2638 ἡμῶν
881 2566 1039 2638 δόξης
1057 2565 1307 2637 δεόμενός
1328 2583 1460 2637 φησι
1480 2565 1637 2619 τοῦτο
1673 2566 1826 2637 (πῶς
1858 2565 1968 2638 7&9
1987 2567 2015 2619 ὁ
2032 2566 2135 2636 τῆς

554 2654 714 2725 δόξης
731 2654 865 2719 Θεός
883 2656 947 2724 ς),
967 2654 1081 2709 ἀλλ’
1100 2654 1240 2708 ῶστε
1260 2654 1348 2709 διά
1366 2655 1458 2708 τὸν
1475 2654 1573 2724 τῆς
1591 2654 1940 2726 εὐχαριστίας
1967 2654 2134 2725 ῦμνον

554 2741 800 2813 γίνεσθαι
837 2744 935 2814 τῆς
969 2742 1283 2816 εὐεργεσίας
1300 2741 1401 2814 τὴν
1423 2742 1665 2814 μνήμην,
1687 2742 1780 2797 καὶ
1800 2740 2133 2814 θερμοτέραν

552 2834 653 2906 τὴν
692 2835 828 2907 πρὸς
842 2836 1019 2907 αὐτὸν
1035 2834 1292 2900 διάθεσιν,
1315 2835 1410 2889 καὶ
1428 2837 1657 2906 πρώτως
1675 2832 1906 2898 εὐζωϊαν
1925 2846 1952 2876 ι
1976 2834 2129 2907 μεγίο

557 2905 692 2975 στην
712 2905 1028 2976 λαμϐάνειν.

632 2994 709 3060 ς’.
728 2996 841 3066 Οὐχ
877 2995 1254 3068 ἁμαρτήσεται
1293 2993 1352 3048 δέ
1389 2992 1485 3048 τοῦ
1526 2993 1829 3066 πρέποντος
1864 2991 2033 3048 εἰπών
2049 3011 2133 3058 τις

558 3081 793 3137 ἐνταῦθα
810 3082 1023 3153 ἡμέραν
1042 3081 1274 3152 θλίψεως
1291 3080 1453 3136 αὐτὸν
1464 3081 1664 3150 λέγειν,
1686 3081 1780 3135 καὶ
1795 3080 1893 3153 τὴν
1916 3080 2136 3151 μέλλου-

558 3186 659 3223 σαν
686 3169 923 3240 ἡμέρανο
950 3170 984 3238 ἡ
1013 3168 1126 3239 γὰρ
1159 3167 1338 3239 θλίψις
1354 3167 1537 3240 ἐκείνη
1557 3169 1852 3230 ἄπαυστος.
1869 3166 2133 3222 Ἐνταῦθα

562 3257 661 3327 μὲν
680 3257 791 3323 γάρ
808 3257 901 3309 καὶ
920 3254 1148 3318 θάνατος
1165 3244 1334 3309 ἐπιιῖιιν
1351 3254 1469 3308 λύει
1486 3256 1584 3318 τὰς
1605 3255 1912 3326 συμφοράς,
1930 3254 2025 3308 καὶ
2043 3254 2133 3324 φί-

557 3344 641 3397 λοι
675 3341 1140 3414 παρακαλοῦντες,
1161 3345 1256 3397 καὶ
1276 3342 1428 3407 τέλος
1447 3341 1914 3413 προσδοκώμενον,
1936 3340 2131 3395 πολλά-

559 3448 647 3496 κις
664 3432 720 3485 δὲ
739 3432 833 3486 καὶ
851 3433 1192 3504 πραγμάτων
1214 3432 1482 3504 μεταϐολὴ
1514 3430 1864 3503 ἐλπιζομένη,
1885 3432 1978 3485 καὶ
2008 3430 2134 3501 χρό⁴

559 3536 651 3573 νου
691 3519 865 3589 μῆκος
898 3519 1136 3590 ἐμάλαξε
1170 3519 1272 3590 τῆς
1305 3519 1482 3591 ψυχῆς
1516 3519 1578 3574 τὸ
1611 3518 1805 3583 πάθος,
1823 3519 1918 3573 καὶ
1949 3521 1985 3591 ή
2023 3518 2133 3574 τῶν

561 3606 805 3678 πλησίων
823 3594 1148 3678 δυσημερία.
1169 3607 1243 3661 Τὸ
1260 3597 1369 3680 7&9
1389 3607 1534 3678 ἔχειν
1551 3607 1839 3670 κοινωνοὺς
1871 3605 1982 3661 τῶν
2014 3606 2137 3660 ὀδυ-

562 3694 764 3764 νηρῶν,
787 3694 881 3747 καὶ
923 3694 1093 3748 πολλά
1127 3692 1354 3749 τοιαῦτα
1388 3696 1521 3766 όρᾷν
1558 3692 1949 3765 ὑποδείγματα,
1991 3695 2135 3766 μέγα

563 3780 777 3847 πολλοῖς
812 3782 894 3847 είς
931 3782 1286 3853 παραμυθίαν
1321 3777 1463 3836 εἶναι
1501 3781 1699 3850 ἔδοξεν.
1716 3783 1864 3836 Ἐκεῖ
1893 3782 1952 3836 δέ
1980 3782 2134 3837 οὐδὲν

561 3868 803 3924 τοιοῦτόν
840 3870 1022 3924 ἐστιν·
1060 3869 1186 3925 οῦτε
1220 3870 1331 3942 γάρ
1367 3886 1451 3934 τις
1486 3868 1819 3943 παρακαλῶν
1849 3870 2131 3942 πάρεστιν,

561 3957 678 4013 ἀλλ’
694 3959 755 4011 ἐν
773 3957 982 4030 ἐρημίᾳ
998 3956 1168 4023 φίλων
1187 3957 1427 4022 ἅπαντές
1445 3959 1601 4012 είσιν.
1625 3957 1699 4011 Ού
1734 3955 1925 4027 χρόνου
1962 3956 2135 4028 μῆκος

566 4044 828 4116 μαλάσσει
847 4044 945 4116 τὴν
964 4044 1155 4117 ὀδύνην
1171 4044 1311 4114 (πῶς
1328 4046 1438 4119 7&9
1455 4045 1806 4118 ἐπικειμένης
1821 4043 1923 4115 τῆς
1941 4044 2137 4114 φλογὸς

558 4133 627 4186 δι’
646 4133 768 4187 ὅλου
788 4133 850 4203 ;)·
873 4134 974 4189 οὐκ
992 4134 1148 4199 ἐλπὶς
1165 4133 1514 4205 ἀπαλλαγῆςο
1536 4133 1731 4188 αίωνία
1751 4134 1860 4205 7&9
1898 4133 1933 4205 ἡ
1969 4132 2134 4187 κόλα-

564 4238 648 4285 σις
667 4237 682 4252 ο
705 4222 765 4275 οὐ
786 4220 1018 4289 θανάτου
1047 4221 1338 4295 προσδοκία
1360 4238 1375 4255 ο
1406 4220 1677 4284 ἀθάνατος
1692 4220 1801 4291 γὰρ
1819 4221 1855 4292 η
1874 4217 2133 4290 τιμωρία,

562 4312 659 4365 καὶ
676 4309 746 4365 τά
765 4309 994 4382 σώματα
1025 4309 1083 4364 δὲ
1119 4309 1189 4364 τά
1227 4304 1565 4381 κολαζόμενα
1584 4309 1825 4363 ἀθάνατα
1842 4323 1858 4338 ο
1878 4308 1993 4362 ἀλλ’
2013 4308 2137 4362 ούδέ

562 4396 720 4452 τοῦτο
752 4396 783 4452 ὃ
815 4397 966 4452 δοκεῖ
998 4397 1214 4460 πολλοῖς
1241 4395 1588 4466 πᾶραμυθίαν
1609 4395 1814 4466 φέρειν,
1834 4394 1897 4448 τὸ
1914 4395 2138 4467 ἐτέρους

561 4489 694 4560 ὁρᾷν
713 4488 772 4542 ἐν
791 4487 1029 4541 κολάσει.
1065 4485 1288 4558 Πρῶτον
1309 4485 1409 4556 μὲν
1427 4484 1537 4556 γάρ
1554 4484 1673 4538 οὐδὲ
1699 4483 1825 4537 ίδεῖν
1844 4484 1957 4538 ἐστι
1977 4484 2138 4539 κολα-

564 4573 842 4646 ζομένους,
859 4574 955 4629 τοῦ
975 4574 1196 4640 σκότους
1219 4574 1339 4628 ἀντὶ
1356 4572 1553 4637 παντὸς
1585 4572 1996 4644 διαφράγματος
2020 4574 2140 4627 ἐπι-

566 4662 881 4727 σκιάζοντος
914 4662 1012 4725 τάς
1049 4661 1200 4732 ὄψεις
1219 4674 1235 4690 ’
1256 4660 1446 4714 ἔπειτα
1464 4661 1498 4731 ἡ
1519 4659 1794 4730 ὑπερϐολὴ
1814 4659 1914 4730 τῆς
1947 4659 2140 4732 ὀδύνης

566 4747 690 4802 οὔτε
709 4748 912 4820 ταύτης
930 4748 1150 4820 ἀφίησιν
1168 4748 1417 4820 αἴσθησιν
1435 4746 1617 4802 λαϐεῖν
1635 4746 1736 4817 τῆς
1766 4746 2136 4819 παραμυθίας.

577 4835 639 4889 '0
657 4836 788 4905 γοῦν
806 4836 1061 4901 πλούσιος
1078 4836 1230 4890 οὐδὲν
1247 4835 1399 4890 ἔνθεν
1416 4836 1496 4900 είς
1516 4834 1868 4907 παραμυθίας
1885 4835 2142 4906 ἐκαρπώ-

569 4940 700 4978 σατο
728 4922 907 4992 λόγον,
928 4923 1063 4978 οὐδὲ·
1078 4925 1128 4977 οἱ
1170 4921 1320 4997 [255]
1338 4923 1465 4988 τοὺς
1481 4922 1699 4986 ὀδόντας
1720 4920 2029 4993 βρύχοντες.
2055 4920 2142 4989 Τῷ

563 5011 637 5066 δὲ
665 5009 988 5081 ἀμαρτωλῷ
1014 5007 1185 5065 εἶπεν
1203 5013 1237 5065 ό
1262 5011 1405 5078 Θεός
1421 5027 1436 5043 ο
1472 5010 1607 5066 Ἵνα
1625 5010 1683 5064 τί
1702 5009 1784 5065 σὺ
1803 5007 2051 5079 ἐκδιηγῇ
2068 5011 2144 5064 τὰ

564 5099 925 5170 δικαιώματά
936 5115 1090 5170 μους
1115 5095 1266 5164 Εἶδες
1282 5098 1381 5170 τὴν
1401 5100 1813 5171 ἀπηρτισμένην
1834 5097 2023 5169 λύραν,
2044 5097 2142 5167 τὴν

569 5189 862 5261 σύμφωνον
899 5187 1154 5259 κιθάραν,
1173 5185 1272 5258 τὴν
1309 5187 1369 5240 ἐν
1405 5186 1681 5258 διαφόροις
1717 5185 1976 5256 φθόγγοις
2013 5186 2142 5256 μίαν

569 5278 841 5352 ἁρμονίαν
868 5275 1137 5347 ὴχοῦσανς
1178 5273 1348 5328 Τοῦτο
1382 5274 1492 5348 7&9
1528 5275 1589 5328 τὸ
1625 5274 1821 5346 νόημα,
1861 5274 1955 5328 καὶ
1991 5274 2143 5344 παρά

569 5369 885 5432 ἀποστόλοις
921 5369 1070 5423 ἔστιν
1110 5367 1259 5433 ἰδεῖν,
1280 5369 1376 5422 καὶ
1415 5366 1567 5439 παρὰ
1602 5370 1907 5439 προφήταις
1936 5364 2144 5437 ἑτέροις

450 5476 465 5551 ς
571 5463 822 5533 κείμενον
838 5478 854 5493 ο
875 5463 971 5516 καὶ⁸
990 5461 1205 5525 Παῦλος
1226 5461 1325 5533 μὲν
1341 5458 1486 5515 οὕτω
1505 5457 1620 5524 πῶς
1641 5477 1797 5531 φησι,
1816 5459 2028 5524 δεικνὺς
2048 5459 2143 5513 καὶ

633 5656 669 5729 ξ
684 5654 753 5704 Ita
772 5653 1033 5729 Βεεηϐὕδ.
1055 5657 1187 5729 Εᾳὶιί
1299 5660 1486 5729 πρῶτον
1507 5656 1706 5729 εῦζωΐαν
1720 5694 1733 5706 .
1760 5657 1910 5729 δεινη.
1931 5667 2052 5729 νει-ο
2071 5658 2141 5719 τῷ

571 5719 761 5773 πρῶτος
781 5716 995 5777 comm,
1019 5723 1147 5772 male
1176 5734 1188 5763 ε
1229 5716 1309 5772 Ιὶίο
1333 5716 1469 5771 Iocus
1503 5724 1575 5770 sic
1608 5727 1867 5782 corruptus
1892 5720 2016 5769 mire
2039 5716 2141 5770 ιοιίο

574 5785 708 5830 serat
726 5775 980 5829 Samium.

1249 355 1305 410 s.
1348 354 1637 411 10mm
1665 352 2157 411 cnnvsnsmm
2195 354 2514 410 ARCIIIEP.
2549 314 3095 417 οοΝετλΝτιΝορς

3718 362 3819 423 250

2244 469 2428 533 αὐτὸς,
2447 472 2530 525 ὅτι
2549 470 2701 524 οὐδὲν
2720 471 2909 540 ὄφελος
2923 473 3018 526 τοῦ
3038 471 3305 527 διδάσκειν
3322 473 3567 545 ἐτέρους,
3587 472 3717 531 ὅταν
3738 492 3820 541 τις

2239 553 2433 607 ἐαυτὸν
2451 554 2716 625 πρότερον
2752 554 2934 608 λαϐὼν
2955 559 3030 627 μὴ
3050 555 3292 629 διδάσκῃ.
3310 556 3528 627 Ἐπειδὴ
3548 556 3660 627 7&9
3679 558 3822 628 μέγα

2240 635 2507 707 ἐφρόνουν
2542 636 2730 708 ῶσπερ
2765 638 2859 690 ἐπ)⁸
2893 641 3013 702 ταῖς
3049 637 3282 703 θυσίαις,
3300 638 3443 693 οῦτω
3477 641 3575 692 καὶ
3614 641 3708 693 ἐπὶ
3741 642 3820 714 τῷ

2240 720 2403 790 νόμον
2439 718 2605 790 ἔχειν,
2629 722 2722 774 καὶ
2758 719 3065 775 διδάσκαλοι
3101 723 3211 775 τῶν
3246 721 3420 777 ἀλλων
3440 722 3815 794 χρηματίζειν,

2236 799 2473 869 δεικνὺς,
2501 802 2585 855 ὃτι
2620 802 2772 858 οὐδὲν
2812 804 2956 874 μέγα
2993 804 3350 876 καρποῦνται,
3385 806 3511 858 ὅταν
3547 804 3818 860 ἀδίδακτοι

2243 882 2477 952 μένωσιν
2511 886 2683 949 αὐτοὶ,
2704 885 3112 958 καθαπτόμενος
3142 888 3496 959 σφοδρότερον
3513 887 3622 941 τῶν
3640 889 3816 943 τοιού-

2236 983 2364 1030 των,
2386 966 2567 1036 λέγει·
2619 967 2674 1021 '0
2711 965 2828 1024 οὖν
2861 969 3165 1024 διδάσκων
3199 970 3428 1040 ἕτερον,
3447 973 3716 1028 σεαυτὸν
3743 975 3817 1029 οὐ

2237 1047 2576 1116 διδάσκεις;
2596 1052 2627 1104 ὁ
2648 1053 2975 1120 κηρύσσων
2986 1052 3074 1122 μὴ
3094 1052 3395 1117 κλέπτειν,
3428 1053 3711 1122 κλέπτεις
3730 1072 3751 1119 ;
3781 1057 3817 1110 ό

2230 1130 2732 1202 βδελυσσόμενος
2749 1135 2822 1188 τὰ
2837 1134 3075 1198 εἴδωλα,
3096 1136 3463 1202 ἱεροσυλεῖςς
3482 1136 3552 1203 ὃς
3567 1137 3641 1191 ἐν
3657 1141 3817 1209 νόμῳ

2236 1213 2560 1283 καυχᾶσαι,
2602 1216 2698 1271 διὰ
2738 1215 2850 1286 τῆς
2893 1217 3283 1286 παραϐάσεως
3326 1219 3433 1273 τοῦ
3476 1221 3667 1289 νόμου
3710 1221 3816 1276 τόν

2240 1299 2390 1351 Θεὸν
2426 1299 2755 1369 άτιμάζεις;
2788 1300 2888 1353 Διά
2922 1301 3081 1355 τοῦτο
3117 1302 3212 1355 καὶ
3251 1304 3379 1375 περὶ
3406 1303 3604 1357 ἑαυτοῦ
3624 1304 3812 1373 ελεγι*

2237 1381 2555 1450 Φοϐοῦμαι.
2581 1382 2666 1451 μή
2707 1400 2832 1450 πως
2861 1383 3073 1449 ἄλλοις
3092 1385 3377 1453 κηρύξας,
3396 1387 3580 1453 αὐτὸς
3615 1386 3814 1443 ἀδόκι-

2230 1480 2346 1531 μος
2380 1466 2631 1534 γένωμαι
2651 1482 2666 1496 ο
2710 1467 2987 1537 καθαιρῶν
3024 1466 3086 1521 τὸ
3119 1468 3348 1539 φύσημα
3383 1468 3492 1522 τῶν
3523 1470 3702 1540 ἐπὶτῇ
3722 1466 3814 1523 τοῦ

2236 1546 2395 1614 λόγου
2431 1548 2747 1620 διδασκαλίᾳ
2778 1551 2920 1621 μέγα
2940 1551 3297 1622 φρονούντων,
3321 1552 3498 1606 αὐτῶν
3515 1551 3573 1605 δὲ
3592 1554 3813 1623 ἐρήμων

2237 1630 2406 1685 ὄντων
2440 1633 2539 1702 τῆς
2556 1633 2777 1704 ἀρετῆς.
2801 1635 2912 1687 Καὶ
2929 1635 3130 1706 ἑτέρως
3147 1634 3204 1688 δὲ
3223 1635 3312 1688 τὸν
3331 1636 3487 1704 λόγον
3505 1638 3695 1691 τοῦτον
3716 1653 3815 1706 με·

2235 1713 2529 1785 ταχειρίζει
2549 1716 2685 1787 πρὸς
2716 1716 2995 1780 Ἰουδαίους
3028 1719 3459 1790 ἀποτεινόμενος,
3480 1720 3609 1773 ὅταν
3643 1719 3775 1793 λέγῃ
3793 1735 3809 1751 ο

2239 1804 2416 1855 Ὅταν
2433 1803 2544 1873 γὰρ
2562 1803 2707 1870 ἔθνη
2724 1803 2795 1857 τὰ
2810 1804 2896 1874 μὴ
2917 1806 3105 1874 νόμον
3122 1805 3360 1873 ἔχοντα,
3382 1808 3565 1875 φύσει
3600 1806 3674 1861 τὰ
3707 1804 3811 1861 τοῦ

2234 1890 2423 1959 νόμου
2447 1889 2611 1959 ποιῇ,
2628 1888 2796 1947 οὗτοι
2816 1893 3004 1961 νόμον
3033 1892 3121 1961 μὴ
3154 1893 3399 1961 ἔχοντες
3427 1893 3665 1960 ἑαυτοῖς
3696 1896 3812 1948 εισι

2233 1980 2435 2047 νόμος.
2460 1979 2570 2032 Καὶ
2603 1979 2797 2033 πάλιν·
2824 1983 2907 2034 Οὐ
2941 1983 3050 2049 γὰρ
3085 1984 3140 2035 οἱ
3169 1983 3453 2050 ἀκροαταὶ
3486 1983 3595 2038 τοῦ
3624 1986 3813 2052 νόμου

2235 2065 2454 2119 δίκαιοι
2490 2066 2650 2135 παρὰ
2680 2066 2760 2132 τῷ
2800 2066 2943 2133 Θεῷ,
2966 2068 3103 2122 ἀλλ’
3124 2071 3178 2122 οὶ
3216 2069 3456 2136 ποιηταὶ
3487 2068 3595 2129 τοῦ
3626 2070 3813 2139 νόμον

2236 2152 2744 2219 δικαιωθήσονται.
2776 2156 2888 2209 Καὶ
2921 2156 2950 2208 ὁ
2983 2157 3293 2229 προφήτης’
3327 2160 3393 2211 οι
3429 2157 3814 2226 ἀντεχόμενοι

2236 2240 2345 2295 τοῦ
2382 2242 2590 2311 νόμου,
2612 2244 2723 2296 οὐκ
2759 2243 3097 2312 ἠπίσταντό
3121 2261 3210 2312 με.
3232 2244 3343 2298 Καὶ
3363 2244 3521 2299 πάλιν
3540 2262 3553 2275 ·
3578 2248 3687 2310 Ek;
3701 2242 3814 2313 μά-

2236 2345 2350 2395 την
2381 2329 2764 2398 ἐγενήθησαν
2798 2329 3047 2399 σχοῖνος
3099 2330 3335 2400 ψευδὴς
3385 2330 3812 2402 γραμματεῦσι.

2236 2414 2392 2478 Τίνος
2427 2414 2613 2468 ἐνεκεν
2633 2432 2647 2479 ;
2670 2416 2793 2470 Ὅτι
2826 2417 3059 2487 τρυγὼν
3080 2418 3177 2473 καὶ
3198 2419 3473 2488 χελιδὼν,
3494 2420 3591 2472 καὶ
3628 2418 3813 2489 ἀγροῦ

2235 2502 2521 2568 στρουθία
2557 2503 2836 2571 ἔγνωσαν
2870 2504 3113 2574 καιροὺς
3148 2505 3402 2561 εἰσόδων
3437 2505 3658 2569 αὐτῶν,
3679 2508 3713 2561 ὁ
3744 2505 3813 2560 δὲ

2234 2589 2385 2653 λαός
2413 2606 2533 2658 μου
2553 2590 2664 2643 οὐκ
2681 2588 2836 2659 ἔγνω
2855 2591 2927 2645 τὰ
2946 2591 3199 2661 κρίματά
3211 2610 3350 2662 μου.
3375 2585 3543 2656 Οὗτος
3561 2593 3620 2647 δὲ
3637 2595 3699 2648 οὒ
3720 2592 3812 2664 9.6-

2236 2693 2325 2730 νον
2343 2676 2492 2731 οὐδὲν
2511 2677 2810 2749 κερδαίνειν
2826 2679 2989 2750 φησὶν
3008 2682 3071 2732 ἐκ
3089 2678 3184 2733 τοῦ
3202 2680 3471 2735 διδάσκειν
3486 2682 3706 2753 ἐτέρους
3721 2678 3811 2734 τδν

2239 2765 2314 2838 μὴ
2355 2766 2607 2836 μετιόντα
2641 2768 2742 2838 τὴν
2775 2768 2996 2840 ἀρετὴν,
3017 2769 3154 2824 ἀλλά
3170 2770 3265 2824 καὶ
3292 2770 3576 2826 ἐκϐάλλειν
3609 2770 3810 2843 ταύτης

2235 2853 2399 2906 αὐτὸν
2417 2855 2518 2924 τῆς
2534 2854 2845 2926 προεδρίας.
2885 2856 2948 2909 Et
2968 2855 3077 2926 7&9
3096 2856 3189 2911 ἐπὶ
3206 2856 3315 2910 τῶν
3334 2857 3533 2922 ἔξωθεν
3551 2858 3810 2930 δικαστη-

2240 2940 2369 3011 ρίων
2387 2942 2416 2993 ό
2432 2941 2912 3013 πεπλημμεληκὼς
2926 2948 2992 3016 τῇ
3008 2945 3106 3015 τῆς
3123 2946 3277 3016 σιγῆς
3293 2946 3487 3018 ἀτιμίᾳ
3501 2946 3810 3011 κολάζεται,

2235 3027 2352 3092 πῶς
2383 3027 2448 3082 ἂν
2479 3030 2538 3083 ἐν
2570 3030 2738 3101 κοινῷ
2761 3030 3139 3102 διδασκαλείῳ,
3160 3034 3314 3105 φησὶ,
3336 3037 3519 3105 φωνὴν
3539 3034 3654 3105 ἔχοι
3671 3036 3701 3089 ό
3717 3036 3811 3105 τῆς

2237 3118 2510 3189 ἁμαρτίας
2538 3118 2865 3185 ύπεύθυνος;
2899 3122 3100 3186 Μεῖζον
3116 3123 3174 3177 δέ
3192 3123 3350 3178 τοῦτο
3368 3124 3428 3178 τὸ
3444 3124 3812 3179 διδασκαλεῖον

2234 3204 2329 3258 τοῦ
2366 3206 2716 3277 δικαστηρίου
2734 3208 2964 3261 ἐκείνου.
2983 3209 3128 3263 Ἐκεῖ
3148 3210 3246 3279 μὲν
3264 3209 3374 3281 γάρ
3391 3213 3441 3265 οι
3463 3210 3815 3282 κολαζόμενοι

2234 3295 2438 3348 τίνουσι
2455 3295 2725 3367 τιμωρίας
2743 3315 2757 3329 ·
2773 3296 3006 3352 ἐνταῦθα
3022 3297 3082 3351 δέ
3099 3297 3313 3353 ἅπαντα
3330 3299 3559 3368 γίνεται,
3572 3299 3716 3355 ὥστε
3739 3298 3811 3370 μὴ

2237 3383 2563 3453 κολασθῆναι
2582 3384 2708 3447 τοὺς
2726 3384 3260 3456 πεπλημμεληκότας
3277 3425 3293 3449 ,
3315 3387 3449 3441 ἀλλά
3467 3390 3537 3458 τῇ
3560 3388 3814 3460 μετανοίᾳ

2235 3473 2633 3543 διορθώσασθαι
2652 3475 2715 3527 τὸ
2733 3474 2841 3543 πλη
2849 3475 3141 3546 μμεληθέν.
3164 3478 3275 3531 Καὶ
3293 3478 3351 3532 ἐν
3368 3480 3490 3542 ταῖς
3511 3478 3812 3549 βασιλικαῖς

2235 3563 2293 3618 δέ
2311 3564 2498 3628 αὐλαῖς
2518 3564 2693 3628 οὐδεὶς
2710 3563 2777 3618 ἀν
2794 3566 3004 3633 γένοιτο
3041 3566 3312 3637 ἐρμηνεὺς
3333 3566 3616 3639 βασιλικῆς
3632 3569 3814 3637 φωνῆς

2238 3654 2332 3707 ἐπὶ
2355 3654 2454 3725 βίῳ
2472 3655 2849 3727 διεφθαρμένῳ
2872 3655 3052 3720 ἁλούς.
3073 3657 3229 3723 Τίνος
3250 3658 3358 3732 γάρ
3376 3658 3542 3713 ἕνεκα
3557 3660 3720 3730 διηγῇ
3739 3660 3816 3712 διο

2239 3745 2549 3817 καιὼματα,
2568 3746 2662 3801 καὶ
2691 3746 2960 3812 διδάσκεις
2978 3747 3198 3822 ἐτέρους
3215 3791 3232 3817 ,
3263 3750 3360 3805 καὶ
3381 3752 3490 3823 μὴν
3506 3751 3817 3805 τούναντίον

2239 3836 2435 3899 ποιεῖς,
2454 3834 2548 3888 τοῦ
2571 3833 2688 3905 βίου
2709 3851 2804 3888 σου
2823 3837 2936 3899 τοῖς
2952 3835 3264 3908 λεγομένοις
3298 3838 3815 3909 ἀντιφθεγγομένου,

2238 3923 2334 3976 καὶ
2369 3922 2546 3985 ἐνίους
2579 3920 2690 3976 τῶν
2729 3920 3066 3994 βουλομένων
3092 3924 3379 3997 προσέχειν
3413 3922 3816 3998 ἀποστρέφειςς

2239 4010 2314 4064 Ού
2336 4009 2444 4083 7&9
2462 4008 2604 4064 οὕτω
2622 4009 2891 4076 διδάσκεις
2908 4011 2995 4066 διά
3013 4011 3122 4066 τῶν
3141 4012 3336 4083 λόγων,
3355 4012 3433 4078 ὡς
3476 4014 3714 4083 ἀπάγεις
3730 4014 3817 4069 διά

2238 4097 2346 4152 τῶν
2367 4097 2728 4170 πραγμάτων.
2745 4098 2846 4153 Διά
2861 4098 3021 4153 τοῦτο
3040 4100 3134 4153 καὶ
3149 4102 3178 4154 ὀ
3193 4100 3425 4173 Χριστὸς
3441 4102 3651 4156 ἐκεῖνον
3670 4103 3821 4156 ἐπαι-

2239 4189 2322 4240 νεῖ
2337 4187 2429 4242 τὸν
2447 4187 2781 4251 διδάσκαλον,
2803 4187 2896 4242 τὸν
2927 4188 3015 4243 διὰ
3045 4187 3155 4242 τῶν
3175 4187 3350 4260 ἔργων
3370 4190 3464 4243 καὶ
3480 4189 3569 4243 διά
3586 4190 3699 4243 τῶν
3720 4193 3820 4263 ρη-

2244 4274 2430 4344 μάτων
2466 4274 2880 4347 ἀπηρτισμένην
2911 4274 3286 4329 ἐπιδεικνύντα
3319 4275 3419 4347 τὴν
3448 4275 3819 4334 διδασκαλίαν.

2247 4364 2346 4429 Ὃς
2379 4361 2485 4432 γὰρ
2516 4361 2593 4416 ἂν
2613 4363 2837 4432 ποιήσῃ
2858 4362 2957 4416 καί
2975 4362 3211 4434 διδάξῃ,
3233 4365 3417 4436 φησιν,
3436 4360 3619 4434 οὗτος
3633 4367 3824 4438 μέγας

2241 4449 2609 4517 κληθήσεται
2641 4450 2712 4504 ὲν
2746 4449 2821 4520 τῇ
2855 4451 3148 4520 ,βασιλεία
3171 4451 3291 4507 τῶν
3309 4452 3604 4521 οὐρανῶν.
3621 4454 3827 4526 Ἐχέτω

2241 4538 2423 4592 τοίνυν
2444 4556 2539 4593 σου
2557 4537 2814 4609 λαμπράν
2833 4539 3015 4611 φωνὴν
3034 4541 3063 4594 ὁ
3082 4539 3215 4611 βίος,
3237 4539 3409 4596 ταῦτα
3425 4541 3789 4599 διδάσκουσαν
3803 4559 3822 4576 ’

2242 4626 2346 4682 κᾶν
2377 4625 2440 4679 τὸ
2476 4625 2651 4697 στόμα
2686 4626 3005 4699 ἀποφράξῃς
3027 4665 3044 4690 ,
3089 4626 3387 4698 σάλπιγγος
3442 4628 3827 4703 λαμπρότερον

2241 4716 2488 4786 ὴχήσεις,
2510 4714 2603 4768 καὶ
2621 4714 2700 4776 είς
2716 4714 2844 4777 τοὺς
2864 4714 3159 4782 παρόντας.
3180 4715 3275 4769 καὶ
3293 4717 3373 4780 είς
3391 4717 3516 4780 τοὺς
3537 4717 3827 4790 πόρρωθεν

2243 4803 2421 4866 ὄντας.
2445 4800 2632 4866 Οῦτως
2650 4803 2679 4855 ό
2696 4800 2920 4873 οὐρανὸς
2937 4801 3202 4872 διηγεῖται
3219 4802 3376 4869 δόξαν
3399 4801 3491 4876 [εδ
3500 4801 3551 4877 ι]
3578 4804 3739 4863 Θεοῦ.
3761 4806 3827 4860 οὐ

2245 4890 2419 4960 στόμα
2450 4888 2609 4960 ἔχων,
2629 4889 2689 4942 οὒ
2721 4888 2971 4958 γλῶσσαν
2991 4889 3178 4953 κινῶν,
3197 4890 3319 4945 οὐδὲ
3336 4891 3558 4963 πνεῦμα
3576 4893 3826 4948 κάτωθεν

2246 4977 2583 5048 προϊέμενος,
2605 4975 2742 5030 ἀλλά
2774 4975 2855 5047 τῷ
2888 4975 3073 5031 κάλλει
3105 4977 3206 5048 τῆς
3221 4976 3397 5046 ὅψεως
3415 4978 3507 5032 τὸν
3527 4978 3728 5051 θεατὴν
3744 4982 3828 5046 είς

2246 5063 2431 5136 θαῦμα
2467 5063 2561 5120 τοῦ
2599 5062 2933 5137 δημιουργοῦ
2953 5065 3544 5139 παραπέμπων.”οπερ
3561 5063 3657 5122 οὖν
3676 5069 3829 5122 ἐστιν

2245 5160 2362 5211 ἐκεῖ
2378 5156 2471 5210 ἐπὶ
2488 5156 2581 5211 τοῦ
2601 5156 2830 5227 ούρανοῦ
2864 5156 2927 5210 τὸ
2966 5156 3160 5220 κάλλος
3178 5158 3277 5226 τῆς
3292 5156 3488 5226 ὅψεως,
3506 5158 3668 5214 τοῦτο
3686 5159 3830 5214 ἔστω

2245 5243 2337 5296 ἐπί
2372 5242 2470 5313 τῆς
2507 5241 2683 5313 ψυχῆς
2712 5243 2811 5313 τῆς
2830 5242 2931 5313 σῆς
2949 5243 2984 5314 ἡ
3004 5243 3302 5314 ἀρετή.”Λν
3317 5243 3373 5296 δέ
3391 5245 3830 5317 κατερῤυπωμέ-

2245 5347 2354 5397 νος,
2375 5331 2470 5384 καὶ
2510 5330 2731 5401 μυρίους
2749 5330 3085 5402 κατηγόρους
3104 5330 3263 5401 ἔχων,
3283 5330 3379 5385 καλ⁸
3398 5331 3506 5404 πρὸ
3525 5331 3747 5388 πάντων
3763 5334 3829 5388 τὸ

2247 5417 2501 5481 συνειδὸς,
2525 5416 2829 5491 σπουδάζῃς
2865 5416 3329 5487 ἐπιλαμϐάνεσθαι
3359 5416 3550 5490 θρόνου
3570 5419 3831 5476 διδασκα-

2245 5505 2420 5563 λικοῦ.
2434 5505 2652 5560 ἐπειδὰν
2671 5506 2870 5571 κακίας
2887 5507 3329 5579 κατηγορῇς,ούχ
3347 5507 3550 5578 ἐτέρων
3573 5510 3828 5581 μᾶλλωῆ

2247 5593 2444 5648 σαυτοῦ
2464 5595 2876 5666 κατηγορήσεις.
2901 5594 3007 5648 Καὶ
3026 5592 3466 5663 άναλαμδάνεις
3482 5594 3601 5663 τὴν
3615 5595 3834 5664 διαθή-

2244 5702 2362 5753 κην
2385 5703 2504 5755 μου
2538 5684 2636 5739 διὰ
2668 5684 2961 5753 στόματός
2991 5698 3142 5746 σου;
3161 5682 3358 5745 Καλῶς
3374 5681 3495 5738 εἷπε
3514 5701 3530 5718 ·
3554 5687 3661 5740 Διὰ
3680 5688 3833 5742 στό-

2242 5790 2446 5844 ματος.
2466 5775 2529 5828 Ἡ
2567 5773 2672 5844 γὰρ
2712 5771 2906 5843 καρδία
2926 5769 3129 5841 ἔρημός
3150 5771 3264 5823 ἐστι
3286 5769 3395 5826 τῶν
3415 5771 3667 5828 ἐντεῦθεν
3689 5791 3837 5845 καρ-
