4112 6208
309 5265 330 5320 δ

311 5323 324 5340 α

309 5349 322 5384 ί

345 380 446 435 τω

344 503 516 552 invoca
542 508 618 546 me
646 493 695 546 in
722 491 802 543 die
819 485 1152 542 tribulationis
1175 491 1286 545 tua',
1317 491 1363 534 et
1381 495 1552 532 eruam
1570 486 1634 543 te,
1659 485 1701 530 et
1719 472 1918 528 honori-

344 588 513 658 ﬁcabis
535 600 632 638 me.
664 581 822 636 Vides
850 578 1115 647 cupiosam
1137 574 1251 629 dari
1280 570 1613 627 mercedem?
1638 565 1774 634 Quid
1796 578 1922 633 ergo

345 688 517 751 potest
542 675 773 732 conferri
796 687 915 726 cum
944 670 1043 725 hac
1074 667 1396 737 benignitate
1416 705 1432 730 ,
1460 661 1671 732 quando
1697 659 1788 751 dat
1823 672 1920 712 no-

344 749 423 828 bis
453 766 753 825 mercedem
781 763 989 818 virtutis
1014 802 1027 825 ,
1058 769 1112 813 et
1149 755 1446 812 mercedem
1475 754 1631 822 longe
1661 749 1917 817 majorem

345 864 650 926 laboribus,
691 872 860 927 eaque
904 854 1059 908 datur
1101 853 1154 906 in
1199 859 1440 918 tempore
1485 843 1770 898 admodum
1820 855 1918 907 op-

343 951 616 1025 pertuno?
664 948 731 1004 Et
772 963 906 1009 cur,
955 942 1153 1012 inquit,
1199 939 1338 994 dixit
1381 955 1394 991 :
1434 935 1622 1025 Invoea
1670 931 1787 1025 me?
1828 943 1925 1025 cur

346 1017 622 1111 exspectat
659 1049 717 1092 ut
755 1051 782 1088 a
810 1035 963 1089 nobis
992 1030 1306 1087 invocetur?
1335 1027 1533 1080 Volcns
1562 1023 1616 1078 in
1647 1021 1801 1075 nobis
1840 1017 1923 1111 ef-

345 1109 506 1191 ﬁcere
525 1130 776 1200 majorem
804 1126 1226 1184 familiaritatem,
1247 1130 1301 1176 et
1324 1114 1777 1174 vehementiorem
1795 1109 1927 1162 ami-

345 1229 544 1285 citiam,
573 1221 768 1285 dando,
797 1216 1108 1274 invocaudo.
1139 1222 1194 1268 et
1221 1207 1550 1279 accipiendo.
1577 1204 1758 1258 Virtus
1785 1201 1926 1254 enim

349 1320 459 1371 Deo
505 1313 817 1368 familiarem
862 1306 1308 1374 efficit;idipsum
1354 1301 1478 1355 facit
1523 1292 1926 1352 remuneratio:

347 1403 531 1462 rursus
555 1411 729 1457 autem
755 1410 876 1454 vota
901 1414 963 1454 ac
991 1411 1179 1466 preces
1207 1394 1345 1447 hanc
1376 1387 1787 1444 familiaritatem
1803 1401 1934 1441 con-

347 1489 552 1544 ciliant.
576 1491 640 1544 Et
668 1490 790 1543 ideo
811 1488 976 1542 dicit:
1001 1487 1077 1539 Da
1099 1485 1251 1544 mihi.
1275 1491 1330 1536 et
1353 1483 1424 1534 do
1445 1481 1542 1535 tibi
1592 1472 1803 1546 (Matth.
1837 1471 1924 1525 i9.

351 1582 462 1651 1'5).
499 1579 796 1647 Quinetiam
827 1577 881 1629 in
923 1574 1099 1628 dando
1139 1572 1238 1625 ima
1268 1569 1462 1639 accipis
1488 1587 1501 1621 :
1527 1568 1638 1635 ipse
1676 1564 1813 1618 enim
1845 1560 1928 1614 his

348 1689 454 1726 non
486 1671 702 1739 indiget.
731 1666 1082 1733 Quamobrem
1105 1663 1203 1717 etsi
1235 1660 1396 1714 fueris
1423 1657 1746 1720 moderatus,
1775 1668 1926 1706 man-

347 1774 527 1817 suetus
552 1801 568 1826 ,
593 1769 646 1814 et
673 1759 924 1829 pudicus,
954 1757 1060 1809 Deo
1087 1770 1150 1809 ex
1182 1754 1283 1807 hoc
1311 1766 1414 1805 non
1441 1747 1637 1818 aliquid
1661 1746 1884 1802 accessit
1906 1785 1923 1810 ,

347 1853 438 1907 sed
484 1851 708 1920 teipsum
755 1845 976 1902 elTecisti
1020 1845 1295 1898 meliorem
1336 1859 1351 1895 τ
1386 1850 1438 1894 et
1480 1848 1657 1892 tamen
1706 1852 1800 1906 pro
1841 1834 1924 1890 his

345 1955 608 2012 tamquam
634 1955 752 2010 qua:
773 1939 940 2008 ipsum
963 1938 1231 2005 juvarent,
1260 1933 1516 1987 maximas
1539 1930 1628 1984 tibi
1653 1929 1927 1982 mercedes

343 2044 397 2090 et
438 2047 661 2088 coronas
699 2030 988 2084 Constituit.
1023 2026 1324 2094 Quinetiam
1365 2032 1489 2077 ante
1536 2022 1652 2076 illas
1695 2033 1924 2074 coronas

345 2139 449 2179 non
479 2138 635 2192 parva
661 2120 927 2188 voluptate
954 2116 1168 2180 frueris,
1200 2123 1260 2169 ut
1285 2114 1370 2183 qui
1403 2114 1594 2167 bonam
1622 2122 1792 2165 tecum
1819 2110 1927 2164 cir-

345 2215 606 2270 cumferas
634 2210 1014 2266 conscientiam
1034 2249 1048 2270 ,
1076 2215 1130 2259 et
1154 2207 1293 2259 bona
1319 2219 1416 2272 spe
1442 2203 1494 2256 in
1517 2209 1787 2270 posterum
1813 2199 1925 2254 eri-

346 2307 507 2375 garis.
543 2303 692 2356 Diem
719 2308 892 2352 autem
917 2297 1224 2354 aftlictionis
1249 2295 1335 2350 hic
1356 2293 1504 2360 dicit,
1528 2309 1635 2346 non
1656 2291 1929 2346 calamita-

351 2411 480 2456 tum.
507 2409 608 2449 nec
634 2393 965 2447 fortuitorum
987 2404 1228 2450 casuum,
1252 2387 1346 2441 sed
1369 2386 1490 2455 quia
1513 2385 1624 2440 sive
1651 2393 1922 2452 peccatum

352 2487 490 2539 bello
516 2485 732 2552 impetat
757 2522 771 2544 ,
793 2482 904 2535 sive
927 2480 1170 2534 diabolus
1193 2477 1432 2532 obsideat
1469 2475 1638 2530 malas
1670 2475 1928 2528 invehens

351 2576 688 2644 cupiditates,
707 2587 952 2640 magnum
974 2569 1224 2623 auxilium
1242 2566 1558 2636 assequeris.
1582 2564 1649 2617 Et
1666 2579 1839 2617 eruam
1857 2571 1924 2625 te,

351 2678 396 2720 et
441 2662 795 2732 honoriﬁcabis
819 2678 917 2715 me.
944 2660 1058 2714 Hoc
1085 2673 1272 2713 rursus
1297 2657 1458 2720 dicit,
1487 2671 1594 2710 non
1626 2665 1788 2723 egens
1827 2669 1930 2707 no—

348 2769 457 2811 stra
484 2756 651 2825 gloria
679 2739 968 2824 (quomodo
998 2750 1140 2804 enim
1171 2758 1384 2818 egeret,
1411 2747 1500 2817 qui
1529 2755 1611 2800 est
1638 2746 1776 2799 Deus
1818 2744 1931 2813 glo-

349 2847 549 2918 riari),
578 2847 669 2901 sed
711 2855 767 2899 ut
808 2860 903 2914 per
946 2843 1202 2915 hymnum
1239 2840 1526 2909 gratiarum
1574 2837 1798 2892 actionis
1839 2837 1931 2889 ﬁat

347 2941 602 2994 memoria
647 2937 886 2992 beneficii
916 2977 931 3002 ,
964 2945 1018 2990 et
1061 2935 1131 2989 sit
1181 2933 1547 2988 vehementior
1589 2931 1640 2984 in
1689 2946 1811 2984 eum
1849 2928 1930 2983 af-

345 3031 504 3087 fectio
529 3072 546 3096 ,
573 3040 626 3085 et
657 3039 712 3082 ut
738 3029 908 3098 primo
933 3025 1236 3081 felicitatem
1266 3023 1549 3077 maximam
1577 3021 1922 3090 accipiamus.

415 3124 468 3178 6.
495 3121 783 3192 Aﬁlictionis
805 3117 1065 3188 praesentis
1091 3123 1136 3169 et
1159 3118 1343 3186 futura:
1373 3113 1703 3183 comparatio.
1723 3141 1794 3152 -——
1818 3109 1925 3164 Ne-

347 3229 450 3282 que
470 3228 500 3266 a
526 3213 722 3265 decoro
746 3206 1097 3271 aberraveris,
1126 3206 1168 3259 si
1196 3205 1396 3259 dixeris
1427 3219 1548 3259 eum
1571 3203 1716 3273 loqui
1747 3201 1812 3256 de
1837 3201 1925 3256 die

347 3302 673 3364 afﬂictionis,
701 3307 755 3354 et
781 3299 848 3352 de
869 3297 956 3352 die
983 3296 1158 3350 futuro
1186 3312 1199 3348 :
1232 3295 1318 3349 illa
1343 3294 1483 3348 enim
1501 3308 1785 3362 numquam
1807 3307 1925 3346 ces-

347 3404 430 3448 sat
458 3393 692 3447 afﬂictio.
726 3390 821 3443 Hic
849 3388 990 3442 enim
1019 3395 1074 3441 et
1103 3400 1245 3440 mors
1283 3386 1571 3439 adveniens
1597 3384 1754 3437 solvit
1779 3383 1924 3437 cala-

347 3488 578 3543 mitates.
601 3481 754 3536 amici
783 3480 1137 3539 consolantes.
1175 3486 1226 3531 et
1258 3477 1377 3531 linis
1420 3477 1508 3545 qui
1548 3484 1920 3544 exspectatur,

347 3591 489 3644 sa-pe
509 3575 667 3628 etiam
689 3586 867 3626 rerum
889 3585 1005 3639 qua:
1035 3578 1278 3638 speratur
1307 3568 1549 3628 mutatio,
1579 3567 1926 3621 diuturnitas-

346 3682 448 3738 que
491 3649 1010 3734 temporis'mollivit
1047 3676 1111 3714 ac
1161 3661 1420 3738 mitigavit
1465 3660 1920 3729 perturbationem

347 3758 529 3822 animi,
557 3756 792 3824 itemque
816 3767 905 3808 res
943 3753 1180 3805 adversae
1218 3750 1657 3820 propinquorum.
1709 3750 1914 3804 Habere

349 3850 487 3904 enim
518 3860 875 3900 aerumnarum
901 3842 1111 3904 socios,
1159 3849 1215 3894 et
1243 3840 1424 3894 videre
1452 3841 1614 3894 multa
1659 3839 1920 3909 ejusmodi

347 3939 607 4008 exempla,
640 3938 811 3990 visum
838 3942 921 3988 est
947 3932 1126 3986 multis
1149 3944 1267 3986 esse
1295 3928 1419 3999 quid
1444 3932 1618 4000 magni
1639 3932 1705 3985 ad
1733 3945 1923 3984 conso-

348 4035 618 4089 lationem.
649 4030 759 4084 Illic
783 4037 958 4081 autem
987 4024 1117 4079 nihil
1147 4033 1229 4078 est
1251 4024 1550 4092 ejusmodi:
1584 4040 1754 4094 neque
1779 4026 1920 4080 enim

347 4125 500 4179 adest
521 4121 711 4192 aliquis
739 4119 829 4190 qui
859 4117 1188 4181 consoletur,
1215 4114 1306 4169 sed
1337 4114 1522 4169 amicis
1548 4115 1783 4169 destituti
1809 4131 1925 4169 om-

349 4233 444 4271 nes
483 4223 626 4270 sunt.
672 4213 787 4268 Non
839 4209 1114 4280 longitudo
1159 4207 1416 4278 temporis
1473 4207 1643 4262 mollit
1685 4207 1922 4263 dolorem

349 4305 655 4379 (quomodo
693 4304 864 4366 enim,
921 4317 1040 4355 cum
1085 4300 1296 4354 ﬂamma
1340 4307 1598 4369 perpetuo
1642 4299 1760 4354 illos
1805 4314 1926 4369 pre-

348 4399 566 4468 niat?),
595 4413 700 4451 non
745 4409 870 4465 spes
910 4391 1238 4448 liherationis
1285 4409 1298 4444 :
1342 4400 1426 4446 est
1476 4393 1618 4447 enim
1663 4401 1922 4446 aeternum

349 4490 702 4560 supplicium;
731 4503 837 4542 non
860 4486 1049 4540 mortis
1072 4486 1401 4549 exspectatio
1440 4499 1454 4536 :
1486 4493 1569 4540 est
1597 4485 1736 4540 enim
1766 4500 1922 4555 paena

346 4593 566 4647 aeterna,
593 4589 648 4635 et
672 4587 796 4633 sunt
822 4577 982 4633 etiam
1000 4591 1118 4645 qua:
1137 4577 1424 4645 puniuntur
1445 4590 1666 4645 corpora
1697 4577 1919 4630 immor-

348 4673 508 4736 talia;
535 4679 590 4727 et
615 4685 682 4724 ne
709 4668 812 4722 hoc
851 4667 1064 4737 quidem
1092 4665 1234 4736 quod
1262 4665 1472 4720 videtur
1501 4667 1684 4721 multis
1727 4667 1922 4723 alferre

346 4763 616 4828 solatium,
645 4759 785 4831 quod
808 4759 1020 4812 videant
1047 4757 1248 4812 scilicet
1273 4757 1404 4812 alios
1429 4758 1628 4826 puniri.
1679 4758 1916 4812 Primum

343 4855 489 4909 enim
518 4868 622 4908 non
643 4849 1040 4922 possuntvideri
1064 4848 1152 4920 qui
1177 4849 1489 4919 puniuntur,
1515 4864 1636 4904 cum
1662 4850 1918 4918 tenebrat,

345 4959 464 5012 quae
503 4949 628 4997 sunt
655 4942 819 4996 instar
845 4939 1124 5010 sepimenti
1155 4980 1169 5004 ,
1219 4938 1386 4992 oculis
1427 4939 1702 5008 caliginem
1745 4940 1921 4995 oll'un-

344 5037 474 5090 dant
505 5052 517 5088 :
547 5034 741 5090 deinde
775 5031 1078 5101 magnitudo
1101 5030 1302 5085 dolOris
1327 5047 1394 5085 ne
1420 5031 1546 5084 sinit
1585 5032 1800 5101 quidem
1824 5033 1922 5086 ad-

343 5130 557 5182 mittere
582 5141 796 5182 sensum
826 5123 980 5195 hujus
1002 5122 1405 5178 consolationis.
1451 5123 1607 5177 Dives
1635 5139 1762 5193 ergo
1791 5124 1919 5178 nihil

343 5234 409 5273 cx
439 5233 500 5274 ea
530 5233 590 5272 re
617 5215 880 5284 acceperit
910 5213 1107 5274 solatii,
1155 5228 1256 5268 nec
1283 5213 1316 5266 ii
1345 5212 1438 5282 qui
1469 5212 1696 5266 strident
1743 5213 1918 5267 denti—

344 5309 464 5364 bus.
499 5307 586 5364 Ιϐ.
622 5306 882 5362 Peccatori
905 5315 1071 5358 autem
1090 5303 1220 5358 dixit
1251 5302 1385 5358 Deus
1409 5319 1428 5356 :
1460 5302 1629 5369 Quare
1648 5311 1701 5356 tu
1717 5319 1922 5357 enarras

344 5401 565 5472 justitias
612 5398 795 5453 meas?
835 5395 1026 5452 Vidisti
1074 5394 1244 5465 lyram
1291 5393 1612 5464 perfectam,
1661 5394 1920 5448 citharam

345 5491 485 5548 bene
507 5490 881 5562 compositam,
909 5486 1136 5541 diversis
1165 5485 1309 5538 sonis
1331 5501 1493 5540 unum
1513 5485 1674 5540 edere
1693 5501 1923 5541 concen-

348 5582 498 5636 tum?
527 5581 625 5637 llic
660 5588 744 5636 est
786 5579 927 5633 enim
967 5588 1159 5630 sensus
1197 5583 1252 5629 et
1295 5572 1348 5628 id
1377 5575 1515 5644 apud
1560 5576 1829 5646 apostolos
1869 5585 1922 5630 et

348 5674 484 5743 apud
506 5674 639 5729 alios
663 5670 949 5744 prophetas
973 5667 1227 5736 scriptum
1253 5665 1400 5721 cerni
1429 5676 1621 5736 potest,
1645 5678 1699 5722 et
1729 5668 1920 5723 Paulus

346 5767 505 5820 etiam
554 5771 625 5820 ita
671 5763 837 5828 dicit,
872 5760 985 5831 ipse
1015 5772 1223 5829 quoque
1263 5757 1549 5814 ostendens
1581 5759 1708 5814 nihil
1754 5769 1915 5828 prou—

1430 356 1786 416 EXl‘OSlTlO
1829 352 1893 409 IN
1933 351 2248 407 ['SALMUM
2289 352 2471 408 XLIX.

3533 357 3608 412 ‘50

2029 471 2148 524 esse
2197 470 2330 525 alios
2361 470 2577 535 docere,
2611 471 2711 526 nisi
2759 471 2878 540 quis
2920 472 3154 540 seipsum
3201 473 3345 541 prius
3395 472 3604 528 doceat.

2027 562 2286 628 Quoniam
2305 562 2444 616 enim
2475 562 2574 616 sibi
2601 561 2755 616 valde
2787 561 3088 631 placebant,
3121 564 3262 618 sicut
3291 572 3510 631 propter
3523 580 3604 619 sa-

2026 655 2248 718 criﬁcia,
2282 655 2352 708 ita
2375 655 2535 708 etiam
2569 664 2846 722 propterea
2874 656 3014 724 quod
3032 657 3213 723 'legem
3246 659 3526 720 haberent,
3557 665 3612 710 et

2028 743 2333 799 dicerentur
2370 745 2595 798 aliorum
2626 743 2908 806 doctores;
2943 746 3230 799 ostendens
3279 760 3372 799 eos
3411 761 3475 799 ex
3521 745 3608 800 illa

2029 851 2088 890 re
2119 852 2222 890 non
2251 851 2498 906 magnum
2529 835 2756 889 fructum
2780 851 2993 905 capere,
3025 836 3236 907 quando
3280 837 3379 906 ipsi
3422 852 3609 891 mane-

2029 941 2148 984 rent
2175 930 2390 995 indocti,
2419 929 2596 984 acrius
2643 944 2738 984 eos
2780 929 3045 984 insectans
3070 971 3084 992 ,
3117 931 3245 985 dicit
3285 949 3297 984 :
3338 931 3438 998 Qui
3492 947 3612 1001 ergo

2031 1023 2191 1074 hlium
2221 1027 2388 1085 (loces,
2420 1023 2630 1089 teipsum
2657 1038 2757 1074 non
2790 1021 2978 1074 doces?
3009 1024 3093 1091 qui
3121 1023 3364 1092 prtediras
3392 1040 3489 1077 non
3524 1029 3610 1093 fu-

2032 1113 2282 1176 randum,
2335 1111 2561 1181 furaris?
2588 1113 2670 1175 qui
2715 1112 3020 1164 abominaris
3065 1112 3241 1178 idola,
3294 1115 3613 1183 sacrilegium

2034 1201 2304 1255 admittis?
2346 1202 2431 1270 qui
2455 1201 2517 1254 de
2542 1201 2647 1270 lege
2674 1202 2912 1272 gloriaris
2933 1240 2946 1265 ,
2976 1219 3062 1270 per
3092 1201 3213 1272 legis
3259 1205 3614 1268 transgressio-

2033 1311 2146 1348 nem
2174 1293 2338 1347 Deum
2368 1295 2664 1348 dehonestas
2717 1293 2900 1366 (Rom.
2929 1295 2982 1348 2.
3013 1294 3076 1349 21
3107 1325 3152 1337 -—
3173 1295 3243 1350 25
3273 1295 3330 1364 )?
3378 1296 3443 1350 Et
3493 1295 3613 1350 ideo

2030 1383 2098 1439 de
2126 1385 2302 1453 seipso
2325 1385 2459 1439 dixit
2485 1386 2608 1439 alibi
2641 1401 2655 1440 :
2694 1385 2878 1440 Vereor
2900 1404 2961 1440 ne
2983 1403 3094 1440 eum
3113 1388 3224 1440 aliis
3251 1388 3612 1457 praedii-avaro,

2029 1475 2137 1544 ipse
2157 1475 2398 1544 reprobus
2419 1475 2602 1545 eﬂiciar
2629 1475 2648 1545 (
2677 1477 2722 1530 l.
2748 1473 2864 1530 Cor.
2895 1476 2946 1530 9.
2970 1476 3062 1547 27)
3091 1495 3102 1528 :
3135 1491 3318 1530 eorum
3353 1490 3612 1531 tumorem

2032 1565 2359 1635 deprimens,
2392 1567 2589 1636 quibus
2619 1567 2864 1621 doctrina
2915 1569 3062 1621 verbi
3114 1584 3336 1639 magnos
3386 1568 3615 1623 faciebat

2031 1658 2270 1726 spiritus,
2303 1674 2422 1712 cum
2446 1668 2623 1712 essent
2653 1659 2752 1727 ipsi
2775 1660 2971 1712 virtute
2991 1661 3255 1714 destituti.
3280 1661 3453 1715 Aliter
3477 1677 3613 1729 quo-

2033 1765 2134 1817 que
2167 1749 2267 1801 hoc
2297 1748 2434 1817 quod
2465 1764 2604 1803 nunc
2633 1749 2761 1803 dicit
2795 1757 3005 1814 tractat,
3055 1750 3120 1804 ad
3153 1750 3366 1806 Judeeos
3391 1765 3449 1805 se
3479 1766 3612 1805 con-

2033 1850 2264 1903 vertens,
2299 1839 2511 1908 quando
2538 1840 2666 1894 dicit
2691 1858 2702 1893 :
2741 1842 2956 1908 Quando
2985 1843 3116 1895 enim
3143 1852 3310 1913 gentes
3332 1884 3347 1910 ,
3395 1861 3508 1914 qua:
3537 1843 3612 1897 le-

2031 1949 2140 2001 gem
2172 1949 2269 1984 non
2293 1931 2494 1998 habent,
2521 1948 2632 2002 quin
2655 1915 2780 2002 leg.is
2806 1943 2940 1999 sunt,
2993 1943 3172 1986 natura
3197 1935 3389 2004 faciunt
3421 1950 3438 1989 :
3466 1936 3515 1987 hi
3539 1937 3613 1988 le-

2030 2038 2141 2092 gem
2168 2037 2267 2074 non
2295 2021 2530 2075 habentes
2551 2023 2768 2091 sibiipsis
2795 2035 2910 2077 sunt
2940 2023 3019 2078 (ex
3051 2026 3066 2092 (
3099 2023 3244 2077 Rom.
3297 2025 3352 2078 2.
3389 2027 3498 2086 Ml.
3549 2027 3615 2079 Et

2030 2126 2216 2165 rursus
2254 2127 2268 2165 :
2303 2109 2422 2164 Non
2462 2114 2593 2165 enim
2623 2115 2875 2167 auditores
2917 2116 3039 2184 tegis
3065 2117 3194 2182 justi
3229 2118 3368 2185 apud
3412 2115 3612 2178 Deum,

2029 2202 2119 2255 sed
2139 2206 2352 2272 factores
2379 2204 2500 2272 legis
2531 2203 2946 2272 justi/imbuatur
2991 2203 3156 2275 (lbid.
3187 2205 3364 2273 v.15).
3401 2205 3464 2258 Et
3493 2220 3617 2274 pro-

2032 2294 2190 2359 pheta
2217 2309 2231 2345 :
2263 2291 2367 2358 Qui
2390 2293 2616 2346 tenebant
2639 2293 2813 2364 legem,
2846 2297 3125 2349 nesciebant
3152 2313 3230 2350 me
3276 2297 3406 2368 (Jer.
3449 2296 3502 2351 2.
3532 2298 3610 2364 8).

2036 2385 2100 2439 Et
2122 2401 2302 2439 rursus
2330 2401 2344 2438 :
2379 2384 2596 2439 Frustra
2617 2388 2740 2457 facti
2759 2398 2872 2441 sunt
2890 2389 3069 2448 iuncus
3091 2389 3248 2460 falsus
3277 2389 3450 2443 scribis
3481 2391 3496 2457 (
3521 2387 3607 2442 Id.

2033 2477 2085 2531 8.
2115 2476 2191 2546 8).
2242 2478 2352 2544 Qua
2381 2477 2450 2532 de
2480 2479 2574 2532 re?
2597 2479 2848 2546 Quoniam
2876 2489 3040 2533 turtur
3075 2489 3121 2533 et
3147 2481 3365 2535 hirundo
3415 2489 3459 2534 et
3503 2481 3614 2550 agri

2034 2584 2258 2635 passeres
2304 2579 2638 2640 cognoverunt
2677 2580 2900 2636 tempora
2934 2573 3188 2642 ingressus
3226 2574 3344 2639 sui,
3399 2574 3619 2642 populus

2034 2669 2200 2714 autent
2245 2676 2384 2712 meus
2408 2675 2511 2712 non
2534 2662 2761 2730 cognovit
2783 2661 2983 2732 judicia
3007 2679 3114 2715 mea
3137 2663 3156 2726 (
3173 2661 3197 2715 Ι
3207 2663 3309 2716 bid.
3334 2679 3380 2716 ττ.
3406 2664 3484 2730 7).
3517 2663 3613 2715 llic

2036 2762 2216 2808 autem
2238 2751 2388 2816 dicit,
2423 2736 2726 2805 nonisolum
2759 2753 2890 2806 nihil
2919 2753 3111 2806 lucrari
3146 2769 3215 2808 ex
3248 2769 3314 2808 eo
3343 2755 3483 2823 quod
3508 2753 3610 2806 do-

2034 2851 2154 2897 ceat
2173 2842 2306 2894 alios
2320 2856 2440 2894 eum
2461 2840 2549 2910 qui
2579 2841 2832 2894 virtutem
2859 2855 2963 2894 non
2991 2851 3226 2905 exercet,
3251 2842 3345 2896 sed
3377 2843 3612 2911 seipsum

2033 2933 2192 2987 etiam
2214 2933 2385 3000 primo
2421 2930 2588 3000 gradu
2607 2930 2877 2999 dignitatis
2899 2930 3154 3000 dejicere.
3178 2932 3232 2987 Si
3259 2933 3399 2986 enim
3434 2933 3485 2986 in
3517 2948 3613 2988 ex-

2035 3025 2200 3080 ternis
2221 3023 2434 3093 judiciis
2462 3024 2551 3092 qui
2577 3024 2819 3092 deliquit,
2854 3024 2898 3078 is
2943 3024 3123 3078 indicti
3170 3024 3370 3080 silentii
3401 3024 3612 3079 infamia

2032 3116 2284 3185 punitur:
2317 3115 2366 3169 in
2398 3115 2609 3185 publico
2637 3114 2892 3169 doctrina:
2929 3114 3055 3168 ludo
3083 3115 3350 3185 quomodo
3391 3116 3438 3170 ei
3467 3117 3611 3186 loqui
3653 3111 3662 3118 ’

2031 3207 2401 3276 permittetur,
2443 3206 2531 3275 qui
2575 3215 2656 3259 est
2697 3219 2912 3274 peccato
2939 3206 3240 3260 obnoxius?
3292 3205 3459 3274 Major
3501 3222 3602 3258 au-

2031 3307 2135 3352 tem
2165 3306 2248 3351 est
2273 3295 2359 3350 hic
2380 3295 2634 3351 doctrina:
2673 3295 2826 3350 ludus
2857 3296 2949 3365 illo
2969 3297 3192 3365 judicio.
3219 3295 3329 3351 Illic
3357 3298 3498 3351 enim
3524 3299 3612 3368 qui

2028 3390 2317 3460 puniuntur
2339 3405 2524 3460 pinnas
2551 3389 2704 3442 luunt
2733 3406 2746 3444 :
2779 3389 2864 3443 hic
2881 3399 3059 3446 autem
3081 3406 3146 3445 eo
3168 3391 3387 3446 tendunt
3409 3391 3608 3458 omnia,

2029 3491 2087 3535 ut
2117 3496 2219 3534 non
2248 3482 2536 3550 puniantur
2555 3481 2642 3550 qui
2676 3490 3030 3549 peccaverunt
3050 3523 3064 3546 ,
3114 3482 3208 3537 sed
3249 3492 3304 3536 ut
3335 3490 3610 3553 peccatum

2029 3572 2334 3642 pmnitentia
2365 3575 2648 3642 corrigunt.
2676 3572 2816 3628 Sane
2846 3573 2899 3627 in
2925 3573 3058 3628 aulis
3087 3575 3244 3643 regiis
3265 3589 3422 3629 nemo
3453 3574 3611 3630 fuerit

2027 3667 2187 3738 regite
2209 3667 2354 3721 vocis
2383 3667 2664 3736 interpres,
2695 3668 2737 3722 si
2766 3666 2924 3721 fuerit
2951 3683 3128 3738 prava:
3159 3677 3209 3723 et
3237 3678 3500 3738 corrupta:
3526 3669 3608 3723 vi-

2029 3769 2095 3813 tse
2120 3760 2414 3814 convictus.
2443 3759 2618 3826 Quare
2658 3775 2785 3828 ergo
2811 3776 3028 3815 euarras
3050 3761 3284 3830 justitias
3328 3777 3474 3816 meas
3495 3803 3509 3825 ,
3555 3768 3610 3816 et

2026 3851 2157 3905 alios
2187 3851 2366 3914 doces,
2393 3861 2447 3906 et
2478 3860 2654 3905 tamen
2678 3853 3001 3906 contrarium
3034 3853 3182 3917 facis,
3206 3855 3310 3908 vita
3333 3853 3606 3908 contradi-

2026 3951 2180 3995 cente
2198 3941 2262 3994 iis
2284 3955 2405 4010 qua:
2429 3954 2458 3992 a
2480 3949 2530 3994 te
2545 3941 2814 4007 dicuntur,
2837 3949 2892 3995 et
2907 3944 3102 4015 avertis
3125 3945 3403 3998 nonnullos
3420 3960 3606 3999 eorum

2027 4033 2118 4103 qui
2143 4030 2658 4085 voluntattendere?
2678 4030 2793 4083 Non
2824 4033 2963 4085 enim
2993 4033 3062 4084 ita
3089 4033 3250 4089 doces
3280 4036 3477 4099 verbis,
3500 4036 3606 4090 sic-

2029 4133 2087 4178 ut
2123 4125 2284 4178 rebus
2323 4131 2377 4176 et
2418 4121 2568 4176 factis
2609 4121 2846 4176 abducis.
2897 4123 3154 4189 Quocirca
3183 4123 3428 4178 Christus
3459 4127 3603 4179 illmn

2032 4215 2208 4268 laudat
2235 4214 2528 4278 doctorem,
2568 4213 2656 4283 qui
2697 4213 2872 4267 verbis
2918 4221 2971 4267 ct
3000 4211 3152 4268 factis
3183 4215 3467 4284 perfectam
3509 4215 3607 4270 do-

2027 4307 2250 4361 ctrinam
2289 4303 2598 4359 ostenderit.
2626 4304 2727 4369 Qui
2752 4305 2892 4360 enim
2921 4306 3110 4375 fecerit,
3141 4305 3326 4376 inquit,
3353 4316 3399 4360 et
3423 4307 3606 4360 docue-

2027 4397 2115 4462 rit,
2149 4396 2228 4448 hic
2265 4411 2478 4465 magnus
2523 4396 2777 4450 vocabitur
2813 4396 2864 4450 in
2905 4412 3059 4466 regno
3101 4396 3337 4451 cwlorum
3389 4395 3604 4467 (Matth.

2029 4488 2083 4542 5.
2117 4487 2230 4556 l9).
2266 4486 2466 4542 Habeat
2495 4501 2622 4557 ergo
2645 4487 2748 4540 vita
2793 4495 2878 4541 tua
2920 4488 3118 4542 claram
3156 4502 3370 4553 vocem,
3423 4487 3607 4543 eadem

2027 4595 2145 4648 quae
2167 4579 2300 4634 dicis
2319 4579 2596 4634 docentem
2621 4595 2636 4632 :
2661 4590 2715 4635 et
2744 4581 2867 4635 licet
2888 4596 2949 4634 os
2973 4589 3117 4635 tuum
3145 4581 3494 4647 obstruxeris,
3521 4583 3606 4638 vel

2028 4669 2150 4724 tuba
2176 4670 2368 4726 clarius
2389 4673 2720 4741 personabis,
2763 4688 2868 4726 non
2896 4672 3066 4727 solum
3097 4674 3235 4744 apud
3268 4685 3560 4744 praesentes
3589 4717 3605 4742 ,

2026 4762 2118 4818 sed
2149 4764 2308 4818 etiam
2339 4763 2476 4832 apud
2507 4779 2598 4819 eos
2642 4765 2729 4834 qui
2773 4765 2958 4836 procul
2998 4766 3081 4820 siti
3126 4778 3267 4823 sunt.
3315 4768 3386 4822 lta
3439 4769 3600 4824 etiam

2025 4848 2211 4902 cadum
2231 4857 2443 4902 enarrat
2458 4849 2678 4916 gloriam
2700 4848 2792 4902 Dei
2807 4847 3134 4922 (I’sal.18.l)
3154 4867 3274 4905 cum
3297 4866 3396 4907 nec
3414 4868 3475 4906 os
3506 4855 3604 4907 ha-

2025 4940 2170 5003 beat,
2185 4955 2282 5016 nec
2299 4939 2530 5007 linguam
2551 4949 2779 5003 moveat,
2800 4956 2969 5011 neque
2985 4943 3227 5011 spiritum
3251 4959 3314 4998 ex
3343 4946 3454 4997 imo
3479 4959 3602 5014 pro-

2027 5031 2233 5094 fundat,
2255 5030 2347 5084 sed
2371 5045 2466 5100 per
2485 5045 2669 5084 eorum
2699 5045 2818 5100 qua:
2834 5033 3078 5087 videntur
3107 5035 3558 5103 pulchritudinem
3585 5075 3602 5096 ,

2027 5121 2254 5176 deducat
2282 5129 2634 5190 spectatorem
2662 5122 2727 5176 ad
2758 5122 3162 5179 admirationem
3187 5124 3421 5192 Opificis.
3455 5122 3610 5188 Quod

2027 5229 2152 5283 ergo
2170 5213 2276 5267 illic
2291 5213 2436 5266 estin
2449 5213 2578 5267 caelo
2596 5214 2932 5282 pulchritudo
2945 5224 3208 5284 aspectus,
3228 5215 3326 5267 hoe
3344 5214 3413 5267 sit
3427 5214 3478 5266 in
3495 5213 3608 5267 ani-

2025 5319 2110 5380 ma
2129 5312 2215 5358 tua
2242 5301 2428 5356 virtus.
2444 5301 2595 5369 Quod
2613 5304 2654 5358 si
2668 5320 2785 5360 cum
2803 5305 2876 5359 sis
2892 5303 3216 5370 sordidatus,
3234 5313 3285 5357 et
3299 5304 3606 5357 innumera-

2026 5393 2162 5448 biles
2213 5391 2412 5447 habeas
2467 5405 2824 5460 accusatores,
2879 5393 3212 5460 maximeque
3257 5401 3400 5446 tuam
3443 5394 3606 5463 ipsius

2027 5482 2426 5549 conscientiam,
2447 5483 2681 5539 doctoris
2705 5483 2886 5538 sedem
2908 5482 3122 5538 coneris
3147 5481 3416 5549 invadere,
3439 5499 3606 5554 quan-

2027 5571 2100 5627 do
2159 5571 2225 5626 ad
2275 5571 2402 5624 vitia
2447 5571 2890 5642 reprehendenda
2934 5571 3258 5633 accesseris.
3321 5588 3426 5628 non
3469 5573 3604 5630 alios

2030 5666 2198 5734 magis
2223 5678 2378 5734 quam
2408 5664 2632 5733 teipsum
2662 5663 2954 5721 accusabis.
2992 5662 3060 5718 Et
3089 5665 3306 5720 assumis
3335 5675 3602 5720 testamen-

2031 5768 2133 5812 tum
2160 5775 2318 5811 meum
2341 5775 2428 5829 per
2453 5773 2511 5813 os
2529 5757 2714 5812 tuum?
2744 5756 2904 5814 Recte
2931 5757 3078 5825 dixit,
3111 5755 3210 5812 Per
3239 5775 3310 5814 os.
3345 5759 3438 5815 Est
3458 5759 3604 5814 enim
