4074 6206
507 329 603 384 251

510 460 605 501 eor
627 441 936 497 destitutum
963 435 1222 493 fructibus
1246 435 1345 505 qui
1364 451 1430 488 ex
1458 449 1524 488 eo
1555 432 1816 495 oriuntur,
1854 440 1906 485 et
1935 430 2084 484 labra

505 537 774 591 incassum
801 538 1116 592 moventur,
1144 535 1198 582 et
1239 526 1305 580 ad
1331 525 1445 592 ejus
1485 524 1573 591 qui
1604 523 1838 590 loquitur
1885 519 2087 574 conde-

507 624 857 678 mnationem.
889 619 942 674 Si
971 618 1092 689 quis
1129 626 1305 671 autem
1335 623 1563 668 mentem
1595 611 1752 665 luerit
1786 619 2051 664 scrutatus
2071 651 2085 674 ,

510 728 762 782 magnum
793 711 988 766 bellum
1019 707 1271 762 inveniet.
1295 706 1382 759 17.
1412 702 1491 756 Tu
1544 717 1659 756 vero
1685 702 1832 756 odisti
1864 701 2089 770 discipli-

509 820 629 856 nam
649 813 696 855 et
715 801 971 874 projecisti
999 813 1248 853 sermones
1274 811 1408 848 meos
1432 802 1724 846 retrorsum.
1747 790 2085 860 Disciplinam

509 893 597 947 hic
621 893 750 948 dicit
771 891 900 961 legis
929 891 1244 952 doctrinam,
1269 901 1386 954 qua:
1415 885 1649 938 animum
1676 883 1969 951 componit,
1998 881 2086 934 vi-

507 985 639 1039 tium
663 983 898 1054 expellit,
930 991 984 1036 et
1008 982 1252 1034 virtutem
1283 977 1488 1030 inserit.
1519 973 1799 1042 Quomodo
1820 988 1948 1042 ergo
1969 988 2084 1026 eam

509 1087 726 1140 tractas,
767 1087 822 1130 et
850 1076 902 1129 in
930 1074 1064 1128 alios
1089 1072 1318 1127 semiuas
1341 1085 1465 1124 eum
1503 1069 1617 1138 ipse
1653 1083 1770 1122 eam
1806 1065 1957 1120 factis
1981 1081 2087 1120 non

507 1167 746 1222 habeas?
790 1163 1062 1236 Projecisti
1089 1163 1256 1229 enim,
1304 1161 1493 1232 inquit,
1543 1174 1794 1214 sermones
1824 1173 1958 1212 meos
2005 1173 2087 1210 re-

507 1268 746 1312 trorsum.

582 1349 632 1402 7.
663 1348 776 1402 Non
803 1347 976 1402 solum
1007 1345 1147 1399 enim
1178 1359 1241 1398 ex
1267 1342 1399 1412 legis
1435 1341 1672 1396 doctrina
1711 1339 1852 1393 nulla
1887 1347 1968 1392 est
1995 1338 2088 1392 tibi

511 1440 644 1492 facta
661 1439 918 1500 accessio,
943 1437 1037 1491 sed
1055 1437 1214 1488 etiam
1236 1433 1374 1502 quod
1390 1432 1552 1486 habes
1571 1447 1600 1483 a
1621 1441 1826 1494 natura,
1846 1429 2088 1482 mutilum

504 1531 802 1587 reddidisti.
850 1529 1046 1583 Eorum
1089 1526 1230 1581 enim
1275 1539 1393 1593 quae
1435 1531 1557 1576 sunt
1593 1521 1795 1591 agenda
1821 1562 1836 1583 ,
1883 1529 1938 1574 et
1982 1535 2088 1573 non

505 1621 729 1692 agenda,
775 1621 1009 1673 rationes
1035 1633 1064 1671 a
1093 1627 1278 1671 natura
1309 1615 1478 1668 insitae
1503 1623 1646 1667 sunt.
1685 1611 1763 1666 Tu
1793 1619 1966 1664 autem
1998 1625 2089 1666 eas

507 1715 768 1783 repulisti,
801 1723 854 1766 et
885 1726 988 1765 nou
1022 1710 1248 1763 habuisti
1281 1709 1332 1762 in
1372 1707 1645 1762 memoria.
1683 1706 1768 1760 18.
1800 1706 1860 1760 Si
1890 1705 2090 1760 videbas

508 1811 690 1874 furem,
727 1803 961 1856 currebas
998 1818 1114 1854 cum
1156 1818 1234 1864 eo,
1280 1809 1326 1853 et
1373 1816 1487 1852 cum
1533 1799 1776 1852 adulteris
1813 1799 2091 1867 portionem

509 1908 647 1948 tuam
677 1894 914 1965 ponebas.
939 1893 1196 1958 Quoniam
1219 1891 1360 1946 enim
1385 1889 1497 1944 ﬁeri
1525 1905 1626 1942 non
1648 1897 1820 1958 potest
1849 1897 1907 1941 ut
1931 1888 2090 1942 homo

507 1989 578 2042 sit
605 1987 732 2041 nulli
753 1987 973 2042 omnino
1001 1993 1214 2054 peccato
1235 1983 1494 2038 obnoxius
1517 1999 1530 2034 :
1561 1991 1614 2036 et
1641 1982 1761 2036 ideo
1781 1981 1912 2036 dixit
1940 1983 2088 2051 quis-

507 2080 647 2148 piam
678 2097 690 2131 :
727 2078 851 2143 Quis
901 2076 1199 2147 gloriabitur
1236 2074 1480 2126 mundum
1512 2089 1565 2126 se
1607 2073 1788 2126 habere
1831 2089 1917 2126 cor
1952 2073 2091 2126 ?aut

507 2169 619 2235 quis
642 2169 880 2221 audacter
905 2167 1033 2219 dicet
1067 2181 1121 2218 se
1159 2181 1264 2218 esse
1290 2180 1470 2234 purum
1502 2180 1531 2215 a
1562 2173 1763 2232 peccato
1793 2163 1970 2233 (Prov.
1997 2162 2087 2216 20.

508 2265 562 2330 9)
585 2260 607 2312 ?
629 2268 685 2314 et
721 2260 913 2314 Paulus
937 2272 1056 2314 Cum
1085 2258 1306 2312 dixisset
1331 2273 1344 2310 :
1374 2255 1523 2310 Nihil
1547 2255 1670 2308 mihi
1691 2255 1918 2309 conscius
1942 2271 2090 2320 sum;

509 2352 810 2424 snhjunxit,
844 2351 950 2406 Sed
981 2367 1080 2404 non
1110 2350 1162 2402 in
1187 2351 1280 2403 hoc
1299 2349 1614 2420 justiﬁcatus
1641 2364 1750 2402 sum
1780 2345 1856 2419 (l.
1888 2345 2005 2400 Cor.
2033 2347 2088 2400 4.

507 2446 564 2514 4)
587 2462 601 2510 ;
624 2453 698 2504 et,
721 2443 902 2496 Justus
926 2443 979 2494 in
1006 2440 1252 2510 principio
1278 2439 1522 2493 sermonis
1545 2438 1624 2492 sui
1648 2438 1808 2506 ipsius
1833 2446 2093 2490 accusator

507 2547 580 2590 est
608 2533 790 2606 (Prov.
825 2533 911 2588 l8.
945 2533 1054 2600 l7),
1085 2530 1333 2586 videlicet
1357 2543 1578 2584 suorum
1617 2536 1953 2598 peccatorum
1985 2544 1998 2579 :
2035 2536 2090 2580 ut

511 2641 670 2682 nemo
713 2640 842 2694 ergo
884 2631 1067 2694 posset
1096 2621 1292 2683 dicere,
1317 2619 1375 2675 Si
1403 2633 1590 2674 omnes
1615 2627 1737 2673 sunt
1764 2627 2088 2686 peccatores,

509 2719 842 2789 peceatorem
881 2725 1057 2770 autem
1092 2713 1252 2784 jussit
1289 2727 1394 2767 non
1426 2727 1643 2766 narrare
1663 2711 1931 2780 justitias,
1971 2711 2092 2782 quis

507 2814 634 2878 ergo
673 2817 982 2861 narraturus
1006 2804 1151 2860 erit?
1189 2819 1258 2858 ne
1284 2806 1404 2873 quis
1428 2817 1556 2872 ergo
1587 2800 1702 2856 hanc
1735 2801 1955 2868 diceret,
2000 2818 2092 2871 ge-

507 2915 634 2954 nera
663 2906 992 2968 peccatorum
1019 2903 1296 2952 enumerat
1325 2909 1416 2964 per
1439 2893 1663 2962 species.
1697 2891 1787 2946 Est
1816 2894 1948 2946 enim
1976 2909 2092 2963 per.-

505 3004 672 3047 catnnt
701 2991 767 3045 ad
793 3001 999 3045 mortem
1022 2988 1272 3063 (idean.
1297 2987 1352 3042 5.
1373 2986 1484 3058 lli),
1502 2983 1948 3057 quemadmodum
1974 2984 2092 3039 lleli

506 3099 716 3155 quoque
752 3083 1006 3139 dicebat:
1054 3082 1117 3137 Si
1143 3097 1356 3152 peccans
1396 3078 1545 3132 homo
1588 3077 1882 3148 peccaverit,
1930 3075 2091 3130 orabit

508 3193 601 3246 pro
636 3191 694 3228 eo
734 3173 968 3229 sacerdos
1007 3188 1027 3226 :
1069 3171 1115 3226 si
1155 3181 1323 3224 autem
1369 3167 1589 3222 Domino
1632 3167 1931 3237 peccaverit,
1978 3167 2089 3236 quis

506 3269 668 3322 orabit
710 3283 802 3338 pro
827 3283 886 3320 eo
915 3267 992 3333 (1.
1029 3263 1156 3333 Reg.
1183 3261 1242 3319 2.
1265 3259 1403 3332 25)?
1431 3259 1488 3314 ln
1522 3259 1637 3329 lege
1661 3259 1820 3314 etiam
1845 3259 1944 3312 alia
1967 3257 2089 3327 qui-

507 3362 628 3416 dem
656 3367 810 3414 erant
830 3355 1259 3418 immedicabilia,
1287 3352 1523 3408 utetiam
1554 3359 1723 3406 morte
1747 3351 2088 3422 punirentur;

505 3453 608 3506 alia
629 3466 754 3504 vero
770 3447 1036 3503 habebant
1054 3444 1265 3515 aliquod
1286 3441 1738 3514 promptissimum
1760 3440 2087 3496 remedium:

507 3543 580 3596 ita
611 3543 768 3595 etiam
797 3539 1041 3594 Christus
1069 3538 1120 3591 in
1148 3535 1316 3600 Novo,
1350 3534 1411 3590 Si
1437 3533 1708 3604 peccaverit
1736 3533 1895 3602 frater
1939 3541 2053 3585 tuus
2073 3572 2087 3596 ,

508 3635 698 3705 inquit,
722 3648 877 3703 argue
919 3648 1034 3686 eum
1070 3630 1202 3683 inter
1238 3638 1304 3691 te,
1331 3635 1378 3681 et
1415 3627 1583 3694 ipsum
1608 3625 1790 3679 solum.
1820 3623 1879 3679 Si
1923 3633 2091 3677 autem

509 3742 610 3779 non
639 3723 874 3789 audierit,
902 3736 1100 3776 assume
1127 3719 1293 3772 adhuc
1320 3727 1480 3771 tecum
1509 3715 1658 3769 duos.
1691 3713 1753 3770 Si
1779 3730 1841 3768 ne
1865 3715 1955 3767 hos
1982 3715 2093 3785 qui-

508 3817 623 3871 dem
659 3815 897 3881 audierit,
940 3813 1005 3868 sit
1045 3811 1130 3866 tibi
1160 3820 1412 3881 tamquam
1440 3808 1668 3864 ethnicus
1705 3817 1754 3864 et
1795 3808 2092 3879 publicanus

509 3908 725 3976 (Matth.
752 3893 836 3961 18.
862 3903 972 3964 15).
994 3904 1061 3958 Et
1084 3912 1258 3957 tamen
1275 3916 1395 3956 cum
1417 3899 1608 3956 alicubi
1627 3899 1848 3954 dixisset
1870 3898 2087 3953 Petrus:

513 4000 738 4066 Quoties,
766 3998 810 4052 si
836 3996 1108 4067 peccaverit
1133 3997 1185 4048 in
1209 4011 1286 4047 me
1310 3993 1466 4062 frater
1490 4009 1649 4056 nteus,
1673 3991 1922 4044 dimittam
1949 3991 2047 4060 ipsi
2067 3991 2094 4044 .9

509 4091 729 4156 audivit,
764 4088 932 4159 Usque
971 4087 1041 4141 ad
1068 4085 1351 4156 septuagies
1377 4083 1559 4155 septies
1591 4081 1810 4153 (Ibidem
1843 4081 1974 4152 2|):
2005 4082 2092 4137 hic

509 4191 687 4238 autem
713 4191 832 4253 post
860 4181 992 4234 duas
1017 4176 1405 4239 admonitiones
1435 4174 1668 4230 ostendit
1695 4189 1942 4244 magnum
1973 4188 2090 4227 esse

415 4301 422 4312 ι
510 4275 782 4337 delictum,
823 4287 921 4326 nec
949 4286 1070 4326 eum
1107 4269 1249 4338 cogit
1275 4281 1460 4322 rursus
1483 4275 1814 4334 exspectare.
1843 4263 1979 4332 Quid
2007 4280 2092 4318 er-

509 4363 617 4434 go?
643 4372 836 4417 suntne
877 4361 990 4414 haec
1016 4360 1121 4415 illis
1146 4357 1450 4413 contraria?
1481 4356 1666 4410 Absit:
1695 4355 1788 4410 sed
1818 4355 1966 4418 illud,
1997 4354 2095 4410 Se-

513 4453 741 4524 ptuagies
792 4451 994 4520 septies,
1041 4449 1192 4513 dicit,
1239 4448 1284 4501 si
1328 4461 1450 4500 eum
1496 4446 1767 4514 paeniteat.
1815 4445 2094 4512 Quomodo

511 4545 653 4601 enim
683 4544 914 4598 dimittet
936 4541 1195 4610 quiSpiam
1218 4539 1267 4594 ei
1288 4538 1376 4608 qui
1403 4552 1574 4606 neque
1593 4536 1872 4592 conﬁtetur
1894 4553 1951 4592 se
1980 4554 2094 4606 pce-

511 4651 685 4698 casse,
715 4647 886 4703 neque
913 4632 1123 4686 ducitur
1149 4628 1496 4700 poenitentia?
1522 4628 1729 4682 Etenim
1768 4642 1888 4682 cum
1919 4644 1948 4682 a
1980 4643 2093 4683 me-

511 4725 633 4780 dico
685 4723 922 4778 remedia
977 4723 1237 4791 petimus,
1291 4720 1483 4774 vulnus
1528 4721 1688 4774 etiam
1741 4721 2090 4776 ostendimus.

511 4815 643 4882 Quis
667 4825 749 4870 est
773 4830 899 4884 ergo
924 4822 1172 4883 peccator
1186 4812 1253 4867 de
1277 4827 1382 4883 quo
1415 4810 1503 4866 hic
1521 4811 1649 4866 dicit
1664 4809 1973 4880 Scriptura?
2001 4816 2096 4866 At-

513 4916 660 4962 tente
685 4905 980 4960 audiamus.
1013 4905 1144 4958 Eum
1179 4905 1319 4958 enim
1343 4903 1598 4958 describit
1625 4918 1719 4972 per
1741 4919 1802 4956 ea
1825 4917 1942 4972 qua:
1961 4917 2093 4956 c0u-

512 5007 827 5070 sequuntur,
849 4997 927 5050 sic
951 4995 1134 5050 dicens
1158 5012 1170 5048 :
1201 4996 1260 5050 Si
1285 4995 1483 5049 videbas
1507 4997 1691 5067 furem,
1723 4995 1956 5048 currebas
1981 5009 2094 5047 cum

512 5111 590 5159 eo,
633 5095 820 5147 et‘cum
861 5089 1104 5142 adulteris
1145 5089 1420 5158 portionem
1459 5098 1596 5140 tuam
1632 5086 1870 5157 ponebas.
1907 5085 1992 5140 19.
2027 5084 2098 5140 0s

515 5198 655 5240 tuum
696 5182 968 5237 abundavit
997 5181 1209 5246 malitia,
1252 5191 1300 5234 et
1325 5180 1499 5250 lingua
1531 5189 1618 5232 tua
1652 5181 1978 5233 concinnabat
2005 5179 2097 5232 d0-

514 5280 610 5332 los.
649 5275 739 5330 20.
774 5273 967 5329 Sedens
1003 5272 1240 5326 adversus
1282 5276 1487 5340 fratrem
1518 5280 1657 5323 tuum
1695 5271 2004 5340 loquebaris,
2051 5279 2098 5324 et

513 5369 751 5424 adversus
780 5366 942 5434 ﬁlium
973 5363 1145 5417 matris
1174 5372 1274 5416 tua:
1313 5361 1531 5431 ponebas
1568 5362 1884 5416 scandalum.
1916 5361 2098 5416 Vidisti

515 5459 835 5528 nequitiam,
868 5471 974 5511 non
1016 5470 1170 5510 secus
1195 5465 1353 5524 atque
1385 5453 1435 5508 in
1479 5452 1708 5523 imagine
1747 5454 1950 5523 aliqua,
1990 5453 2099 5508 suis

517 5549 783 5604 coloribus
828 5548 1186 5616 descriptam?
1227 5556 1281 5602 et
1329 5545 1596 5616 quomodo
1646 5544 1920 5614 improbus
1973 5545 2100 5598 vitio

521 5638 690 5691 bellua
713 5637 879 5692 factus
893 5647 996 5703 est,
1019 5638 1143 5693 dum
1170 5649 1370 5693 naturae
1397 5637 1722 5692 nobilitatem
1743 5635 2004 5705 prodidit?
2026 5635 2101 5689 Ne

523 5727 662 5782 hanc
683 5743 808 5798 ergo
836 5729 1113 5800 imaginem
1142 5732 1324 5787 leviter
1345 5739 1722 5802 pertt'actcmm
1741 5769 1754 5795 9
1784 5727 1873 5781 59d
1897 5727 2098 5796 ⁵1³19³1³

1201 317 1257 376 S.
1297 318 1573 376 JOANNIS
1607 317 2082 376 CHRYSOSTOMI
2120 317 2433 374 ARCHIEP.
2474 316 3004 374 CONSTANTINOP.

3679 327 3781 384 272

2193 441 2437 486 accurate
2458 431 2802 502 inquiramus.
2823 433 2884 488 Si
2904 433 3102 489 videbas
3115 435 3294 504 furem,
3311 440 3549 494 currebas
3565 457 3679 495 cum
3699 462 3776 501 eo.

2267 518 2501 575 Laudare
2535 522 2707 574 vitium
2742 533 2997 592 peccatum
3025 534 3132 589 est;
3161 527 3478 593 peccantibus
3505 530 3776 602 indignan-

2195 610 2522 666 dum—Hoc
2548 622 2630 666 est
2658 627 2817 668 causa
2835 615 3070 669 omnium
3093 615 3351 672 malorum
3377 637 3391 672 :
3422 617 3523 676 hoc
3538 632 3620 676 est
3639 627 3776 692 quod

2196 699 2442 755 virtutem
2487 703 2717 756 maxime
2753 705 2965 768 evertit,
2995 705 3137 775 quod
3167 707 3401 763 retardat
3435 724 3500 765 ac
3540 715 3776 781 reprimit

2195 791 2426 845 studium
2468 793 2756 848 multorum
2785 794 2850 848 ad
2882 809 2943 850 ea
2975 811 3093 864 qure
3121 807 3246 851 sunt
3277 798 3496 854 honesta
3526 819 3539 854 :
3569 807 3776 872 quando

2194 896 2300 935 non
2325 883 2495 937 solum
2527 899 2631 937 non
2663 885 3056 954 reprehendunt
3083 886 3263 956 aliqui,
3293 889 3384 944 sed
3414 893 3574 946 etiam
3602 895 3666 948 iis
3689 899 3773 965 qui

2195 982 2417 1042 peccant
2441 975 2787 1042 gratulantur.
2817 975 2932 1032 Hoc
2955 989 3130 1031 autem
3159 993 3264 1033 non
3295 989 3378 1034 est
3406 981 3582 1036 minus
3621 1000 3773 1054 quam

2194 1077 2435 1132 peccare.
2469 1065 2603 1119 Audi
2639 1066 2853 1120 Paulum
2877 1067 3141 1124 dicentem
3175 1087 3189 1124 :
3224 1069 3346 1124 Non
3371 1073 3536 1126 solum
3563 1074 3669 1127 hac
3694 1077 3774 1145 fa-

2193 1157 2349 1221 ciunt,
2366 1155 2454 1210 sed
2467 1159 2615 1211 etiam
2635 1161 2943 1214 consentiunt
2960 1161 3254 1231 facientibus
3275 1161 3449 1236 (Rom.
3465 1166 3516 1220 1.
3531 1166 3642 1236 ⁸52).
3668 1167 3774 1224 Hoc

2194 1255 2276 1302 est
2306 1257 2481 1302 autem
2523 1265 2627 1303 non
2655 1264 2876 1320 parvum
2920 1261 3190 1320 peccatum
3216 1294 3232 1319 ,
3264 1255 3472 1310 etiamsi
3497 1257 3616 1326 quis
3641 1260 3772 1314 mala

2195 1355 2303 1395 non
2333 1341 2509 1409 faciat,
2539 1357 2642 1396 una
2667 1359 2787 1398 cum
2827 1345 2981 1398 malis
2999 1345 3252 1414 gaudere,
3278 1341 3462 1418 eisque
3502 1352 3769 1420 gratulari.

2195 1431 2289 1489 Ille
2318 1436 2460 1489 enim
2502 1446 2674 1505 potest
2697 1436 2875 1492 dicere
2898 1439 3288 1504 necessitatem,
3312 1443 3516 1497 causari
3549 1459 3772 1514 pauper-

2197 1533 2358 1580 tatem
2384 1527 2422 1594 ‘,
2455 1527 2555 1582 etsi
2592 1543 2697 1582 non
2727 1529 2833 1583 sint
2868 1529 3000 1599 justi
3040 1540 3364 1600 praitextus:
3398 1544 3452 1589 tu
3477 1545 3654 1592 autem
3681 1554 3772 1593 cur

2195 1617 2378 1672 laudas
2400 1619 2538 1688 quod
2565 1621 2758 1675 factum
2784 1630 2886 1686 est,
2917 1638 3038 1678 cum
3070 1639 3170 1679 nec
3195 1626 3354 1680 ullam
3380 1629 3594 1698 quidem
3621 1647 3686 1686 ex
3709 1647 3772 1688 eo

2195 1709 2516 1778 voluptatem
2541 1712 2839 1782 percipias?
2866 1715 3038 1782 Atque
3067 1715 3154 1770 ille
3181 1716 3392 1786 quidem
3421 1717 3648 1776 fortasse
3673 1723 3769 1777 du-

2194 1809 2345 1855 cetur
2366 1803 2672 1870 paenitentia
2702 1821 2716 1858 :
2742 1812 2796 1858 tu
2823 1813 3001 1860 autem
3038 1805 3134 1860 has
3162 1822 3372 1878 quoque
3397 1809 3490 1864 tibi
3510 1809 3654 1866 fores
3679 1829 3766 1868 oc-

2195 1893 2386 1958 cludis,
2417 1895 2856 1951 medicamentum
2881 1899 3040 1964 tollis,
3063 1907 3118 1954 et
3142 1908 3343 1956 tantum
3369 1902 3616 1958 solatium
3633 1920 3772 1961 ever-

2196 1985 2507 2056 tis,portum
2531 1987 2762 2058 undique
2787 1989 2878 2042 tibi
2901 1992 3180 2045 obstruens
3200 1991 3400 2047 reditus
3425 1993 3491 2047 ad
3518 1996 3772 2062 paeniten-

2196 2077 2343 2132 tiam.
2361 2077 2584 2145 Quando
2597 2095 2726 2150 ergo
2745 2089 2795 2135 te
2813 2081 3019 2147 viderit,
3042 2082 3128 2151 qui
3153 2098 3257 2136 non
3281 2093 3496 2151 peccato
3515 2085 3772 2142 obnoxius

2194 2169 2328 2225 alios
2356 2170 2520 2226 debes
2560 2171 2977 2242 reprehendere,
3015 2189 3117 2228 non
3147 2175 3317 2229 solum
3345 2191 3449 2230 non
3486 2177 3537 2231 id
3577 2176 3770 2244 facere,

2195 2261 2289 2318 sed
2334 2265 2491 2318 etiam
2537 2271 2830 2334 praetexere
2874 2273 2930 2322 et
2973 2265 3318 2333 adumbrare;
3362 2277 3416 2323 et
3459 2285 3566 2323 non
3605 2271 3772 2325 solum

2195 2353 2528 2418 adumbrare,
2558 2355 2652 2410 sed
2675 2357 2834 2412 etiam
2857 2371 3012 2425 opem
3043 2357 3184 2414 ferre
3208 2377 3222 2413 :
3245 2360 3368 2429 quid
3390 2360 3457 2416 de
3477 2361 3656 2430 seipso
3683 2379 3774 2431 pu-

2199 2445 2348 2512 tabit,
2379 2449 2582 2522 etquid
2603 2448 2671 2504 de
2707 2465 2773 2505 eo
2809 2450 2952 2520 quod
2988 2451 3278 2506 admissum
3314 2452 3428 2508 est?
3456 2452 3602 2507 Multi
3633 2454 3774 2508 enim

2197 2536 2458 2606 homines,
2487 2549 2543 2594 ut
2573 2540 2878 2610 plurimum,
2907 2556 3012 2596 non
3043 2557 3110 2596 ex
3144 2542 3208 2596 iis
3233 2543 3424 2607 solum,
3453 2560 3573 2612 qua:
3598 2544 3775 2598 animo

2194 2641 2574 2698 conccperunt,
2601 2631 2777 2686 lerunt
2799 2631 2866 2686 de
2894 2633 3052 2688 rebus
3079 2632 3297 2703 agendis
3323 2636 3662 2702 sententiam,
3685 2635 3776 2690 sed

2194 2721 2352 2777 etiam
2380 2721 2448 2776 ab
2465 2721 2692 2777 aliorum
2719 2723 2960 2779 instituto
2983 2725 3340 2795 opinioneque
3360 2727 3596 2796 corrupti
3622 2745 3636 2782 :
3659 2738 3711 2782 et
3729 2727 3773 2783 si

2193 2811 2283 2882 qui
2311 2813 2565 2881 peccavit,
2595 2812 2788 2868 viderit
2823 2810 3009 2872 omnes
3043 2831 3102 2870 se
3130 2825 3457 2884 aversantes,
3502 2818 3774 2873 existima-

2193 2902 2272 2958 bit
2295 2918 2354 2958 se
2378 2903 2589 2973 aliquod
2616 2919 2865 2975 magnum
2885 2914 2940 2960 et
2965 2905 3236 2976 indignum
3261 2907 3436 2962 scelus
3464 2907 3771 2972 admisisse;

2192 2993 2406 3064 quando
2424 3003 2600 3050 autem
2624 2996 2814 3051 viderit
2833 3012 2940 3052 non
2969 2998 3139 3053 solum
3166 3014 3271 3054 non
3299 2998 3655 3070 indignantes,
3683 3001 3776 3058 sed

2193 3088 2356 3142 etiam
2401 3087 2606 3158 placide
2641 3087 2896 3156 ferentes,
2927 3098 3085 3160 atque
3108 3089 3244 3146 adeo
3271 3091 3625 3154 blandientes.
3654 3106 3774 3148 cor-

2193 3189 2352 3248 rupto
2375 3178 2626 3249 deinceps
2654 3181 2994 3236 conscientia:
3010 3181 3233 3248 judicio,
3256 3182 3541 3238 multorum
3569 3194 3777 3239 senten-

2194 3273 2265 3328 tia
2285 3273 2586 3342 depravatze
2610 3289 2722 3329 suae
2745 3274 2908 3329 menti
2937 3274 3308 3344 adstipulante,
3332 3276 3459 3346 quid
3480 3291 3585 3331 non
3611 3276 3772 3332 aude-

2193 3365 2312 3421 bit?
2353 3364 2564 3435 quando
2603 3373 2782 3421 autem
2829 3366 3063 3436 seipsum
3109 3367 3514 3434 condemnabit,
3564 3377 3620 3423 et
3663 3369 3776 3424 sine

2193 3457 2444 3526 scrupulo
2488 3471 2708 3526 peccare
2747 3457 3014 3512 cessabit?
3055 3455 3276 3526 Oportet
3317 3458 3492 3528 itaque
3530 3460 3689 3514 etiam
3729 3459 3776 3515 si

2193 3554 2312 3618 quis
2341 3550 2536 3604 malum
2566 3549 2724 3604 faciat
2749 3549 2982 3620 seipsum
3012 3549 3401 3618 condemnare;
3431 3565 3530 3621 per
3558 3550 3610 3606 id
3635 3551 3772 3607 enim

2194 3659 2260 3700 eo
2284 3645 2583 3710 devenitur,
2611 3652 2669 3698 ut
2697 3659 2726 3697 a
2755 3643 2895 3698 malo
2919 3651 3176 3709 cessetur,
3198 3651 3252 3699 et
3277 3643 3402 3699 licet
3421 3660 3540 3715 quas
3559 3644 3696 3699 bona
3721 3651 3777 3700 et

2195 3737 2415 3792 honesta
2459 3745 2582 3790 sunt
2623 3751 2730 3790 non
2760 3735 2930 3802 faciat,
2959 3751 3022 3792 ea
3051 3744 3228 3792 tamen
3257 3736 3493 3792 laudare.
3534 3737 3666 3792 Nam
3693 3738 3773 3792 via

2193 3830 2261 3885 ad
2289 3829 2649 3900 operationem
2673 3837 2758 3884 est
2779 3829 3041 3886 alacritas.
3069 3831 3139 3885 At
3163 3828 3268 3893 hic,
3297 3830 3548 3900 quoniam
3574 3830 3638 3885 iis
3658 3846 3775 3901 quae

2195 3923 2329 3977 ﬁunt
2365 3921 2666 3992 applaudit,
2703 3921 2823 3992 jure
2856 3937 2978 3976 eum
3023 3922 3299 3992 insigniter
3341 3930 3397 3976 et
3431 3921 3776 3978 vehementer

2194 4015 2379 4084 pungit
2403 4028 2466 4068 ac
2490 4021 2660 4068 notat.
2681 4013 2738 4070 Si
2763 4014 2904 4068 enim
2923 4013 3004 4068 vel
3029 4014 3406 4083 reprehensum
3428 4015 3616 4070 vitium
3643 4015 3774 4069 adeo

2194 4108 2353 4178 viget,
2381 4115 2434 4161 et
2461 4106 2668 4161 laudata
2696 4108 2861 4163 virtus
2882 4107 2965 4161 vix
2988 4122 3115 4164 suos
3139 4108 3206 4163 ad
3235 4107 3458 4163 sudores
3484 4117 3770 4178 provocat:

2193 4197 2319 4269 quid
2353 4199 2454 4253 erit
2493 4199 2538 4253 si
2562 4199 2663 4254 hoc
2686 4215 2791 4254 non
2820 4199 3012 4255 factum
3044 4198 3242 4255 fuerit?
3272 4200 3381 4256 Hoc
3407 4201 3598 4255 viderit
3621 4201 3773 4271 quis-

2195 4291 2334 4360 piam
2365 4291 2477 4345 lieri
2519 4291 2602 4346 vel
2643 4292 2694 4346 in
2724 4291 2890 4346 choro
2915 4291 3248 4346 sacerdotum
3279 4309 3294 4346 :
3325 4290 3466 4362 quod
3496 4292 3542 4344 si
3575 4293 3674 4347 hoc
3694 4295 3777 4349 vel

2196 4383 2250 4438 in
2275 4382 2546 4450 discipulis
2565 4397 2725 4452 grave
2752 4390 2854 4449 est,
2887 4383 3055 4436 multo
3081 4382 3247 4452 magis
3273 4383 3324 4436 in
3353 4383 3637 4452 magistris.

2266 4471 2319 4527 8.
2347 4471 2483 4538 Quid
2508 4473 2655 4539 facis,
2675 4487 2710 4528 ο
2737 4470 2930 4526 homo?
2950 4472 3058 4528 Lex
3081 4474 3270 4528 violata
3297 4482 3398 4538 est,
3429 4473 3774 4543 temperantia

2195 4573 2497 4634 contempta
2519 4575 2617 4630 est,
2645 4572 2722 4618 tot
2742 4573 2955 4635 peccata
2983 4565 3051 4620 ab
3069 4564 3246 4633 aliquo
3267 4579 3476 4630 eorum,
3495 4566 3582 4636 qui
3605 4580 3777 4619 sacer-

2196 4657 2342 4712 dotio
2364 4656 2670 4728 funguntur,
2699 4656 2981 4711 commissa
2999 4665 3142 4722 sunt,
3170 4655 3374 4710 inferna
3391 4657 3636 4726 supernis
3653 4671 3780 4710 con—

2198 4747 2310 4802 fusa
2329 4758 2454 4802 stmt
2477 4765 2492 4804 :
2519 4758 2677 4818 atque
2695 4747 2830 4802 adeo
2845 4762 2964 4817 quae
2992 4761 3220 4817 superna
3242 4757 3386 4813 sunt,
3410 4747 3617 4803 inferna
3644 4749 3778 4802 facta

2197 4848 2338 4905 sunt,
2363 4849 2416 4894 et
2441 4848 2494 4894 tu
2521 4855 2626 4893 non
2647 4837 3044 4908 perhorrescis?
3063 4841 3132 4893 At
3152 4838 3407 4908 propheta
3429 4839 3643 4908 quidem
3668 4839 3778 4908 ipsa

2199 4931 2360 4986 etiam
2380 4930 2642 4986 elementa
2659 4929 2980 4984 inscnsibilia
2998 4937 3151 4983 vocat
3175 4929 3242 4984 ad
3263 4930 3578 5000 gravissimo
3597 4931 3782 4985 dolore

2199 5021 2356 5076 simul
2381 5020 2622 5076 deﬂenda
2656 5035 2719 5075 ac
2744 5021 3068 5090 deploranda
3092 5020 3250 5086 mala,
3279 5035 3398 5090 qua:
3429 5023 3784 5076 communiter

2201 5113 2333 5168 fiunt
2355 5130 2368 5165 :
2393 5113 2599 5183 Stupuit
2615 5113 2813 5174 caelum.
2832 5123 2878 5166 et
2894 5122 3025 5166 terra
3041 5112 3233 5166 horruit
3252 5129 3409 5181 supra
3424 5113 3632 5166 modum
3652 5112 3704 5184 (J
3709 5129 3783 5166 er.

2199 5205 2253 5259 2.
2289 5204 2400 5276 12).
2437 5204 2500 5259 Ει
2524 5217 2708 5258 rursus
2749 5220 2762 5258 :
2816 5202 3026 5273 Lugcbit
3055 5201 3334 5266 Carmelus,
3367 5203 3553 5274 lugebit
3581 5205 3778 5265 vinum,

2201 5295 2387 5366 lugebit
2405 5296 2548 5349 vinea
2567 5292 2617 5365 (1
2623 5295 2718 5348 sai.
2739 5293 2830 5347 Ἡ.
2849 5293 2926 5364 7).
2949 5293 3014 5347 Et
3029 5294 3274 5348 inanimae
3294 5294 3506 5364 quidem
3528 5303 3784 5350 creatum

2203 5387 2384 5456 lugent
2421 5395 2475 5440 et
2514 5385 2884 5454 ingemiscunt,
2918 5394 3077 5454 atque
3107 5400 3209 5439 una
3240 5399 3360 5440 cum
3391 5385 3619 5440 Domino
3643 5385 3779 5440 indi-

2201 5488 2428 5551 gnantur
2451 5497 2463 5531 :
2483 5489 2536 5533 tu
2557 5488 2730 5533 autem
2747 5479 2833 5551 qui
2855 5493 2916 5533 es
2942 5477 3162 5532 rationis
3184 5477 3467 5547 particeps,
3490 5492 3599 5530 non
3617 5476 3782 5541 doles,

2205 5590 2310 5630 non
2358 5573 2724 5644 reprehendis,
2767 5588 2870 5627 non
2900 5585 2960 5628 es
2989 5569 3277 5627 vehemens
3306 5571 3444 5624 ultor
3482 5569 3659 5638 legum
3692 5569 3780 5622 Dei

2285 5733 2299 5763 ί
2337 5733 2404 5779 sic
2423 5729 2614 5790 Morel;
2643 5737 2774 5792 Reg,
2803 5728 2880 5778 ille
2904 5727 3027 5776 enim
3046 5733 3192 5790 potest
3226 5725 3385 5776 dicere
3410 5722 3694 5787 passionem.
