4074 6206
408 273 590 332 Ἆ51“

419 390 561 454 πῶν,
581 389 678 444 καὶ
696 391 769 444 τά
789 390 949 461 χείλη
971 392 1199 446 κινεῖται
1220 390 1412 461 μάτην,
1431 388 1524 442 xal
1557 388 1646 440 ἐπὶ
1686 383 2004 454 κατακρίσει

422 471 517 526 τοῦ
552 471 946 540 λέγοντος.“Δν
966 472 1024 526 δὲ
1042 474 1139 541 τὴν
1157 472 1390 526 διάνοιάν
1406 487 1488 533 τις
1522 469 1809 540 ἑρευνήσῃ,
1843 463 2008 517 πολὺν

427 556 650 629 εὑρήσει
666 554 762 606 τὸν
782 554 1026 625 πόλεμον
1043 555 1190 610 ὄντα.
1207 555 1289 609 Σὺ
1307 554 1375 608 δὲ
1392 554 1687 622 ἐμίσησας
1711 547 2005 609 παιδείαν,

430 639 529 693 καὶ
561 635 850 702 ἐξέϐαλες
889 636 1038 703 τοὺς
1068 640 1287 707 λόγους
1307 653 1426 706 μου
1447 638 1534 700 είς
1549 633 1614 687 τὸ
1637 633 1847 686 ὀπίσω.
1872 631 2008 683 Παι-

429 723 576 777 δείαν
610 719 851 775 ἐνταῦθά
888 737 1026 790 φησι
1062 721 1160 792 τὴν
1199 719 1293 773 τοῦ
1329 720 1491 789 νόμου
1525 714 1890 775 διδασκαλίαν,
1909 712 2009 783 τὴν
2055 717 2064 726 '

430 804 566 876 τὴν·ι
605 802 789 874 ψυχὴν
826 802 926 874 ῥυθ
935 802 1214 873 μίζουσαν,
1233 802 1330 873 τὴν
1349 804 1445 873 τὴν
1463 799 1660 853 κακίαν
1681 796 2011 876 ἀπελαύνου-

434 875 553 953 σαν,
571 889 669 940 καὶ⁵
703 887 805 956 τὴν
843 885 1044 957 ἀρετὴν
1072 883 1564 954 καταφυτεύουσαν.
1588 881 1712 944 Πῶς
1728 875 1821 933 οὖν
1842 878 2014 948 αὐτὴν

438 968 854 1042 μεταχειρίζεις,
874 969 970 1021 καὶ
988 969 1067 1030 είς
1088 966 1305 1036 ἑτέρους
1326 964 1586 1032 σπείρεις,
1609 963 1771 1027 αὐτὸς
1801 962 1886 1016 διὰ
1906 960 2014 1014 τῶν

338 1118 355 1127 ω
438 1056 611 1126 ἔργων
648 1051 819 1122 αὐτὴν
860 1049 939 1122 μὴ
971 1049 1142 1120 ἔχων;
1172 1049 1480 1115 Ἐξέσαλες
1518 1047 1647 1119 γάρ,
1685 1046 1840 1117 φησι,
1873 1042 2012 1109 τοὺς

435 1139 661 1205 λόγους
672 1150 792 1203 μου
808 1135 894 1199 είς
913 1132 985 1186 τὰ
1004 1131 1214 1185 ὀπίσω.

507 1216 659 1282 ζ’.υύ
671 1217 778 1287 γάρ
797 1215 957 1287 μόνον
974 1215 1034 1268 ού
1056 1212 1363 1285 προέθηκάς
1381 1230 1433 1266 τι
1452 1210 1604 1282 παρά
1621 1210 1720 1281 τῆς
1737 1207 1832 1263 τοῦ
1851 1208 2017 1278 νόμου

436 1298 805 1361 διδασκαλίας,
827 1296 966 1350 ἀλλά
980 1297 1074 1351 καὶ
1090 1295 1119 1348 ὃ
1139 1296 1246 1348 ἀπὸ
1264 1296 1364 1367 τῆς
1383 1294 1598 1365 φύσεως
1616 1293 1782 1364 ἔχεις,
1802 1293 2019 1366 ἐπήρω-

440 1401 559 1446 σας.
583 1382 707 1435 Τῶν
736 1380 847 1451 γάρ
864 1381 926 1433 ού
948 1379 1259 1450 πρακτέων,
1278 1379 1374 1433 καὶ
1411 1378 1521 1432 τῶν
1546 1378 1621 1449 μὴ
1639 1376 1894 1432 τοιούτων
1913 1393 2016 1445 φυ-

440 1465 611 1529 σικῶς
630 1464 907 1533 ἕγκεινται
923 1465 1057 1533 ἡμῖν
1075 1464 1125 1516 οι
1144 1462 1313 1532 λόγοι.
1354 1463 1427 1515 Σὺ
1463 1462 1522 1515 δὲ
1560 1461 1757 1522 αὐτοὺς
1791 1457 2014 1523 ἀπώσω,

440 1550 536 1603 καὶ
554 1549 657 1601 οὐκ
677 1541 823 1616 εξχες
841 1547 900 1598 ὲν
922 1546 1128 1616 μνήμῃ.
1150 1547 1218 1599 El
1251 1543 1517 1613 ἐθεώρεις
1547 1543 1834 1610 κλέπτην,
1870 1555 2019 1595 συν-

441 1633 678 1701 ἐτρεχες
698 1628 878 1694 αὐτῷ,
899 1628 999 1682 καί
1008 1628 1160 1698 μετὰ
1167 1628 1386 1696 μοιχοῦ
1406 1627 1522 1695 τὴν
1534 1627 1747 1697 μερίδα
1765 1641 1881 1680 σου
1897 1624 1988 1677 ἑτι
2004 1656 2017 1665 ο

442 1721 584 1780 θεις.
602 1712 821 1779 Ἐπειδὴ
840 1712 949 1782 γὰρ
967 1712 1067 1765 ούκ
1086 1710 1230 1765 ἐστιν
1248 1709 1534 1780 ἄνθρωπον
1567 1711 1742 1781 εὑρεῖν
1772 1708 2021 1778 ἀναμάρ-

443 1814 603 1869 τητον
641 1793 871 1849 καθόλου
893 1810 908 1824 ·
946 1792 1027 1847 διὸ
1063 1793 1155 1848 καί
1185 1809 1269 1856 τις
1301 1792 1482 1861 ἐλεγε-
1522 1792 1617 1858 Τίς
1651 1789 2020 1859 καυχήσεται

445 1878 640 1950 ἁγνὴν
675 1878 842 1947 ἔχειν
875 1875 992 1944 τὴν
1027 1875 1278 1945 καρδίαν
1294 1891 1312 1939 ;
1346 1874 1384 1944 ἢ
1424 1876 1515 1941 τίς
1548 1871 2021 1943 παρρησιάσεται

448 1961 706 2031 καθαρὸς
740 1956 890 2014 εἶναι
921 1957 1040 2013 ἀπὸ
1074 1958 1362 2028 ἁμαρτίας
1374 1974 1393 2021 ;
1445 1958 1539 2011 καὶ
1574 1955 1784 2019 Παῦλος
1818 1954 2020 2019 εἰπὼν,

452 2046 642 2100 Οὐδὲν
675 2031 909 2113 ἐμαυίῷ
944 2040 1219 2104 σύνοιδα,
1254 2043 1531 2111 ἐπήγαγεν
1549 2057 1563 2071 ⁸
1611 2040 1774 2095 Ἀλλ’
1805 2040 1916 2093 οὐκ
1953 2036 2025 2090 ὲν

451 2135 634 2197 τούτῳ
663 2131 1071 2200 δεδικαίωμαι⁸
1110 2130 1225 2193 καὶ,
1260 2129 1493 2194 Δίκαιος
1529 2125 1599 2181 δὲ
1631 2125 1848 2180 ἑαυτοῦ
1886 2141 2027 2178 κατ·

451 2221 662 2292 ήγορος
686 2218 756 2273 ἐν
774 2218 1165 2287 πρωτολοτίᾳ,
1187 2215 1408 2288 εῦδηλον
1443 2216 1527 2269 ὅτι
1555 2211 1670 2271 τῶν
1704 2211 2025 2286 ἡμαρτημέ-

451 2328 556 2363 νων
573 2308 726 2378 αύτῳ
743 2323 757 2336 ⁸
781 2307 869 2359 ἵνα
889 2301 983 2358 οὖν
1022 2304 1209 2375 μηδεὶς
1228 2304 1326 2376 ἔχῃ
1354 2303 1552 2371 λέγειν,
1570 2300 1655 2357 ὅτι
1671 2302 1730 2354 Εἰ
1752 2303 1952 2364 πάντες
1970 2302 2026 2353 ὲν

452 2394 764 2467 ἁμαρτίαις,
784 2394 877 2447 τὸν
914 2391 973 2445 δὲ
1009 2391 1328 2462 ἁμαρτωλὸν
1356 2390 1607 2444 ἐκέλευσε
1631 2388 1704 2460 μὴ
1723 2388 2026 2460 διηγεῖσθαι

451 2490 520 2536 τά
552 2480 741 2536 δικαιά
752 2497 917 2551 ματα,
938 2479 1020 2541 τίς
1055 2478 1206 2531 ἔσται
1232 2479 1261 2531 6
1277 2477 1700 2548 διηγησόμενος;
1738 2477 1825 2529 ἵνα
1847 2476 1921 2547 μή
1944 2492 2029 2540 τις

451 2567 543 2625 οὖν
572 2568 750 2623 ταῦτα
783 2567 939 2638 λέγῃ,
959 2566 1137 2637 τίθησι
1157 2564 1252 2621 καὶ
1269 2567 1388 2619 κατ’
1406 2561 1543 2629 εἶδος
1576 2564 1859 2635 ἁμαρτιῶν
1889 2565 2026 2633 εἴδη.

455 2657 631 2713 Ἐστι
674 2656 783 2727 γὰρ
821 2655 1076 2723 ἁμαρτία
1114 2654 1264 2723 πρὸς
1302 2653 1579 2717 θάνατον,
1600 2653 1851 2724 καθάπερ
1887 2652 2030 2706 καὶὸ

464 2744 612 2799 ’Ἠλεὶ
652 2743 839 2811 ἔλεγεν
855 2758 871 2774 ⁸
918 2741 1061 2797 Ἐὰν
1103 2741 1379 2811 ἁμαρτὼν
1425 2739 1650 2810 ἁμάρτῃ
1701 2739 2027 2808 ἄνθρωπος,

454 2831 850 2902 προσεύξεται
869 2828 999 2897 περι
1020 2828 1205 2883 αὑτοῦ
1224 2831 1258 2882 ό
1279 2828 1469 2895 ἱερεύς
1486 2842 1499 2855 ·
1525 2826 1634 2880 ἐὰν
1650 2825 1720 2880 δὲ
1737 2825 1817 2891 τῷ
1839 2826 2033 2894 Κυρίῳ

456 2919 706 2989 ἁμάρτῃ,
730 2917 823 2983 τίς
863 2914 1258 2985 προσεύξεται
1296 2913 1429 2982 περὶ
1468 2911 1684 2978 αύτοῢ;
1718 2913 1828 2966 Kal
1861 2913 1922 2966 ὲν
1952 2911 2032 2983 τῷ

457 3007 604 3077 νόμῳ
621 3006 681 3060 δὲ
699 3004 767 3059 τὰ
791 3004 889 3075 μὲν
905 2998 974 3075 ἦν
993 3002 1208 3068 ἀνίατα,
1230 3002 1306 3066 ὡς
1323 3002 1419 3055 καὶ
1438 2999 1654 3071 θανάτῳ
1672 2998 1993 3064 κολάζεσθαι
2013 3016 2028 3032 ⁸

455 3097 524 3148 τά
540 3095 600 3148 δὲ
616 3088 731 3163 εἶχέ
749 3108 871 3145 τινα
886 3089 1146 3161 ταχίστην
1165 3087 1514 3160 παραμυθίαν
1534 3103 1547 3116 °
1587 3087 1729 3142 οὕτω
1746 3089 1839 3143 καὶ
1858 3088 1886 3140 ό
1903 3089 2036 3159 Χρι-

461 3182 583 3243 στὸς
603 3182 662 3233 ὲν
680 3182 747 3249 τῇ
769 3180 943 3249 Καινῇ
960 3194 985 3223 ⁸ο
994 3178 1136 3231 Ἐὰν
1152 3174 1383 3245 ἁμάρτῃ
1419 3177 1453 3230 ὁ
1472 3174 1734 3244 ἀδελφός
1764 3189 1903 3237 σου,
1927 3191 2034 3245 φη-

462 3272 572 3331 σὶν,
596 3266 847 3336 ἔλεγξον
862 3265 1050 3321 αὐτὸν
1060 3263 1290 3335 μεταξὺ
1318 3263 1436 3318 σοῦ
1473 3263 1572 3317 καὶ
1599 3262 1786 3317 αὑτοῦ
1816 3262 2032 3332 μόνου.

479 3356 618 3408 Ἐὰν
634 3353 703 3407 δὲ
728 3352 811 3423 μὴ
829 3354 1085 3421 ἀκούσῃ,
1110 3349 1416 3420 παράλαϐε
1449 3348 1582 3403 Kuh
1615 3350 1768 3419 μετὰ
1805 3348 2035 3404 σαυτοῦ

463 3440 599 3505 δύο,
626 3440 804 3511 φησίν.
821 3440 961 3496 Ἐὰν
991 3438 1147 3509 μηδὲ
1182 3439 1411 3492 τούτων
1442 3436 1701 3504 ἀκούσῃ,
1743 3435 1901 3489 ἔστω
1937 3449 2036 3488 σοι

461 3529 544 3596 ὡς
563 3531 599 3582 ό
616 3526 852 3594 ἐθνικὸς
872 3526 971 3580 καί
997 3524 1279 3593 τελώνης.
1306 3523 1495 3591 Καίτοι
1514 3539 1577 3591 γε
1598 3520 1831 3593 ἀλλαχοῦ
1859 3521 2041 3575 εἰπόν-

458 3636 550 3682 τος
589 3616 684 3670 τοῦ
720 3616 926 3686 Πέτρου
946 3632 960 3647 ⁸
990 3613 1273 3680 Ποσάκις,
1304 3612 1414 3667 ἐὰν
1449 3610 1677 3682 ἁμάρτῃ
1710 3614 1742 3666 ό
1772 3610 2039 3679 ἀδελφός

456 3722 575 3778 μου
607 3706 698 3770 είς
721 3703 847 3772 ἐμὲ,
878 3700 1095 3772 ἀφήσω
1130 3697 1320 3765 nimi);
1355 3699 1448 3753 καὶ
1484 3697 1843 3762 ἀκούσαντος·
1885 3696 2040 3763 Ἕως

461 3789 964 3862 ἑϐδομηκοντάκις
983 3787 1159 3843 ἑπτά·
1182 3786 1416 3841 ἐνταῦθα
1434 3787 1490 3841 δὲ
1511 3786 1648 3858 μετὰ
1665 3785 1758 3839 δύο
1778 3785 2040 3856 παραινέ-

463 3897 577 3946 σεις
598 3880 741 3952 μέγα
756 3878 992 3933 δείκνυσι
1011 3877 1073 3930 τὸ
1091 3876 1196 3946 πλη
1205 3876 1487 3948 μμέλημα,
1510 3876 1604 3930 καὶ
1621 3875 1722 3929 ούκ
1740 3874 2041 3942 ἀναγκάζει

464 3965 1020 4041 παραμεῖναι.πάλιν.
1043 3963 1109 4017 Τί
1142 3959 1235 4018 οὖν
1254 3981 1270 4029 ;
1290 3963 1506 4017 ἐναντία
1526 3961 1677 4035 [255]
1696 3961 1867 4015 ταῦτα
1899 3961 2043 4015 ὲκεί-

466 4072 605 4119 νων;
631 4055 846 4123 Ἄπαγε
864 4071 879 4085 ⁸
901 4054 1037 4109 ἀλλά
1067 4053 1148 4117 τὸ,
1193 4050 1726 4123 Ἐσδομηκοντὰκις
1757 4050 1926 4117 ἑπτὰ,
1947 4049 2043 4105 ὲάν

469 4144 725 4215 μετανοῇ,
746 4141 912 4210 λέγει.
936 4141 1061 4204 Πῶς
1079 4143 1187 4211 γὰρ
1205 4140 1271 4195 ἁν
1288 4156 1371 4204 τις
1390 4139 1590 4211 ἀφήσει
1607 4137 1687 4209 τῷ
1711 4137 1843 4209 μηδὲ
1864 4139 2045 4209 ἡμαρ-

466 4230 690 4301 τηκέναι
725 4228 1091 4301 ὁμολογοῦντι,
1115 4226 1247 4300 μηδὲ
1285 4225 1631 4297 μετανοοῦντι
1653 4240 1669 4290 ;
1697 4224 1807 4277 Kal
1825 4223 1933 4295 γὰρ
1951 4224 2042 4278 τὸν

471 4319 653 4391 ίατρὸν
688 4320 955 4388 φάρμακα
979 4314 1350 4378 ἀπαιτοῦντες,
1376 4313 1468 4367 καὶ
1484 4312 1545 4365 τὺ
1562 4312 1717 4375 ἕλκος
1736 4310 1914 4364 δείκνυ
1922 4329 2041 4381 μεν.

469 4409 567 4473 Τίς
600 4402 695 4462 οὖν
732 4408 881 4459 ἐστιν
899 4407 929 4459 6
948 4402 1284 4477 ἁμαρτωλὸς,
1310 4402 1437 4475 περὶ
1473 4395 1535 4456 οὗ
1573 4418 1735 4473 φησιν
1755 4399 2039 4471 ἐνταῦθαή

471 4497 696 4569 Γραφή;
741 4494 1086 4564 Ἀκούσωμεν
1124 4492 1263 4564 μετά
1297 4490 1599 4564 ἀκριϐείας.
1623 4490 1734 4543 Καὶ
1769 4489 1877 4559 γάρ
1910 4489 2044 4543 ὐπο-

470 4585 669 4655 γράφει
705 4582 891 4647 αὐτὸν,
908 4581 998 4635 διὰ
1029 4580 1139 4633 τῶν
1155 4579 1284 4651 ἑξῆς
1301 4578 1444 4632 οὕτω
1460 4577 1633 4646 λέγων
1651 4594 1665 4609 ⁸
1687 4578 1757 4631 El
1779 4576 2045 4644 ἐθεώρεις

470 4670 756 4737 κλέπτην,
778 4667 1136 4736 συνέτρεχες
1155 4665 1337 4732 αὐτῷ,
1362 4664 1461 4720 καί
1492 4663 1644 4735 μετὰ
1672 4662 1902 4733 μοιχῶν
1930 4662 2046 4732 τήν

468 4757 677 4828 μερίδα
694 4772 814 4810 σου
832 4754 1064 4820 ἐτίθεις.
1092 4753 1164 4809 Τὸ
1202 4753 1396 4822 στόμα
1417 4768 1530 4807 σου
1568 4751 1905 4806 ἐπλεόνασε
1943 4766 2048 4805 κα-

472 4844 627 4908 κίαν,
654 4843 753 4897 καὶ
779 4843 821 4910 ἡ
841 4839 1098 4911 γλῶσσά
1132 4854 1251 4894 σου
1291 4837 1643 4906 περιέπλεκε
1672 4837 2041 4906 δολιότητας.

474 4930 817 5001 Καθήμενος
833 4928 986 4982 κατὰ
1002 4927 1108 4982 τοῦ
1127 4926 1394 4995 ἀδελφοῦ
1412 4941 1530 4980 σου
1557 4924 1928 4990 κατελιυεις,
1946 4924 2044 4978 καί

474 5020 621 5075 κατὰ
638 5018 745 5073 τοῦ
766 5015 906 5072 υίοῦ
928 5013 1037 5082 τῆς
1048 5016 1273 5083 μητρός
1300 5029 1418 5068 σου
1438 5013 1653 5079 ἐτίθεις
1672 5011 2043 5066 σκάνδαλον.

478 5101 623 5171 Εἶδες
658 5105 918 5175 καθάπερ
952 5104 1012 5158 ὲν
1045 5103 1211 5157 εικόνι
1228 5104 1328 5173 τῆς
1345 5101 1541 5165 κακίας
1558 5101 1627 5155 τὰ
1645 5098 1932 5172 χρώματα,
1955 5100 2050 5154 καὶ

474 5194 589 5258 πῶς
624 5193 818 5264 θηρίον
854 5192 884 5245 6
922 5190 1156 5261 πονηρὸς
1191 5189 1464 5260 γέγονετῇ
1486 5186 1674 5258 κακίᾳ,
1695 5186 1798 5256 τῆς
1835 5185 2051 5256 φύσεως

471 5281 565 5355 τὴν
602 5281 891 5347 εὐγένειαν
929 5276 1191 5347 προδούς;
1219 5277 1311 5349 Μὴ
1329 5276 1509 5330 τοίνυν
1531 5273 1714 5338 ἁπλῶς
1734 5272 2051 5343 ἐπέλθωμεν

468 5370 565 5445 τὴν
601 5368 815 5432 είκόνα,
837 5362 958 5418 ἀλλ’
978 5363 1218 5435 ἀκριϐῶς
1254 5363 1351 5418 καὶ
1389 5361 1509 5417 καθ’
1530 5361 1759 5415 ἕκαστον
1777 5358 2053 5426 ὲξετάζονυ

523 5554 551 5582 ⁸·
574 5551 659 5601 Sic
677 5545 823 5604 Colb.
853 5541 1053 5604 melius,
1072 5539 1290 5604 repetito
1309 5540 1609 5604 praenomine
1629 5539 1734 5604 τήν.

521 5614 555 5655 δ
576 5598 709 5669 ἰἐστι,
732 5613 784 5656 el
963 5598 1050 5670 εωξ
1073 5598 1185 5670 ξιῐιίε
1210 5598 1604 5670 ἑϐδομηκοντάκις
1629 5600 1835 5652 deerant
1853 5601 1904 5651 in
1928 5598 2045 5653 edit.

458 5660 660 5737 latet,
686 5660 783 5720 {sed
805 5665 1055 5716 habemur
1072 5661 1123 5713 in
1143 5676 1257 5713 mss.
1281 5660 1335 5714 ei
1356 5660 1504 5711 Savil.

1486 268 1848 330 EXPOSITIO
1880 267 1951 323 ιΝ
1984 263 2319 323 PSALMUM
2360 263 2546 320 XLIX.

3577 266 3688 324 εεε

2103 396 2211 442 τες.
2261 381 2321 434 El
2340 374 2608 446 ἐθεώρεις
2630 373 2924 440 κλέπτην,
2946 390 3020 442 φη
3030 375 3096 438 :l,
3120 376 3475 447 συνέτρεχε(
3499 377 3682 445 αὐτῷ.

2172 450 2343 513 τοῦτο
2355 458 2573 512 πάντων
2589 456 2759 510 αἴτιον
2777 456 2887 509 τῶν
2906 457 3090 509 κακῶν
3107 475 3121 488 ⁸
3139 457 3297 513 τοῦτο
3319 460 3551 530 μάλιστά
3568 460 3688 514 ἐστι

2103 542 2163 595 τὸ
2180 541 2483 613 ἀνατρέπον
2504 538 2725 611 ἀρετὴν,
2745 539 2807 592 τὸ
2825 537 3015 593 ἐκλύον
3034 539 3132 611 τὴν
3156 542 3283 612 περὶ
3315 542 3385 596 τὰ
3423 541 3563 597 καλά
3578 542 3690 597 τῶν

2106 624 2313 678 πολλῶν
2352 624 2609 694 σπουδὴν,
2629 623 2759 676 ὅταν
2783 621 2857 693 μὴ
2890 622 3048 691 μόνον
3086 622 3160 693 μὴ
3205 625 3499 694 ἐπιτιμῶσι
3520 641 3688 688 τινες,

2106 708 2243 762 ἀλλά
2280 709 2373 762 καὶ
2413 707 2744 777 συνήδωνται
2784 708 2898 768 τοῖς
2948 705 3339 775 ἁμαρτάνουσι.
3386 706 3554 760 Τοῦτο
3591 705 3693 760 τοῦ

2109 791 2442 863 ἁμαρτάνειν
2470 791 2571 844 οὐκ
2589 788 3104 842 ἐλαττον.¹Ἀκουσον
3124 787 3256 856 γοῦν
3278 787 3491 842 Παύλου
3512 789 3690 857 λέγονο

2107 892 2198 937 τος
2216 892 2229 905 ⁸
2274 876 2357 928 Οὐ
2390 874 2583 943 μόνον
2600 871 2754 926 αὐτὰ
2772 870 3071 931 ποιοῦσιν,
3097 870 3259 924 ἀλλὰ
3282 870 3379 924 καὶ
3398 870 3692 925 συνευδο-

2108 957 2287 1012 κοῦσι
2328 955 2455 1022 τοῖς
2494 955 2901 1023 πράσσουσιν.
2940 951 3016 1005 Ού
3077 953 3266 1023 μικρὸν
3302 952 3360 1005 δὲ
3399 953 3493 1006 καὶ
3531 952 3697 1006 τοῦτο

2110 1038 2437 1110 ἁμάρτημα,
2458 1036 2560 1090 κᾶν
2583 1035 2658 1107 μὴ
2678 1034 2894 1106 πράττῃ
2910 1051 2990 1097 τις
3012 1033 3079 1087 τὰ
3099 1035 3265 1098 κακά,
3285 1034 3693 1106 τὸχσυνήδεσθαι

2110 1124 2224 1183 τοῖς
2262 1122 2470 1183 κακοῖς.
2491 1118 2550 1174 Ὀ
2572 1118 2669 1188 μὲν
2688 1117 2797 1187 γὰρ
2825 1117 2937 1186 ἔχει
2967 1115 3066 1187 τὴν
3088 1118 3333 1187 ἀνάγκην
3364 1119 3536 1171 είπείν
3556 1157 3570 1180 ,
3594 1115 3693 1187 τὴν

2113 1202 2302 1256 πενίαν
2320 1200 2670 1255 αἰτιάσασθαι
2694 1211 2740 1263 ε,
2765 1201 2811 1253 εἰ
2832 1200 2926 1253 καὶ
2950 1198 3024 1269 μὴ
3047 1197 3258 1267 εῦλογοι
3291 1202 3345 1252 αἱ
3370 1200 3690 1270 προφάσεις·

2115 1288 2180 1340 σὺ
2199 1287 2256 1339 δὲ
2278 1285 2441 1338 πόθεν
2462 1286 2703 1347 ἐπαινεῖς
2740 1284 2802 1335 τὸ
2839 1282 3225 1352 γεγενημένον,
3246 1283 3365 1337 ούδὲ
3398 1284 3497 1354 τὴν
3518 1282 3577 1346 ἐξ
3597 1283 3696 1335 αύ-

2113 1367 2206 1423 τοῦ
2246 1366 2624 1440 καρπούμενος
2660 1367 2853 1438 ἡδονήν
2875 1382 2889 1431 ;
2926 1367 3191 1428 Κάκεῖνος
3213 1366 3311 1436 μὲν
3332 1367 3461 1431 ἴσως
3482 1366 3576 1419 καὶ
3599 1381 3698 1435 με-

2112 1451 2447 1520 ταγνῶσεται
2468 1469 2480 1482 ·
2509 1451 2572 1503 σὺ
2612 1450 2668 1503 δὲ
2707 1451 2802 1503 καὶ
2838 1449 3039 1512 ταύτας
3058 1449 3367 1512 ἀποκλείεις
3384 1448 3480 1513 τὰς
3501 1447 3695 1520 θύρας,

2115 1534 2210 1588 καὶ
2227 1533 2289 1586 τὺ
2306 1534 2594 1605 φάρμακον
2613 1533 2874 1602 ἀναιρεῖς,
2897 1531 2991 1584 καὶ
3010 1531 3333 1602 ἀνατρέπεις
3365 1532 3467 1601 τὴν
3498 1530 3697 1583 τοσαύο

2116 1634 2214 1688 την
2235 1616 2611 1695 παραμυθίαν,
2634 1614 2899 1669 πάντοθεν
2920 1614 3097 1685 ἐαυτῷ
3117 1615 3468 1684 προσχωννὺς
3488 1614 3578 1667 τὸν
3617 1613 3698 1666 λι-

2119 1706 2253 1776 μένα
2287 1704 2386 1774 τῆς
2428 1703 2521 1756 ἐπὶ
2560 1703 2660 1773 τὴν
2706 1700 2987 1773 μετάνοιαν
3021 1701 3474 1755 ὲπανόδου.’⁹οταν
3493 1697 3586 1754 οὖν
3611 1701 3701 1774 ἴδῃ

2118 1806 2200 1852 σε,
2219 1788 2310 1842 τὸν
2347 1787 2502 1850 ὲκτὸς
2525 1787 2624 1857 τῆς
2647 1787 2940 1858 ἁμαρτίας,
2963 1786 3166 1840 καὶτὸν
3203 1786 3486 1857 ὀφείλοντα
3525 1790 3699 1840 ὲπιτι-

2120 1882 2309 1951 μῆσαι,
2330 1878 2391 1931 ού
2434 1877 2593 1948 μόνον
2618 1878 2693 1947 μὴ
2718 1876 3075 1946 ἐπιτιμῶντα,
3098 1875 3233 1930 ἀλλά
3251 1879 3344 1930 καὶ
3382 1875 3702 1941 συσκιάζον-

2117 1984 2205 2030 τα,
2229 1965 2325 2018 καλ¹
2348 1963 2422 2035 μὴ
2447 1963 2806 2026 συσκιάζοντα
2838 1952 3018 2033 μόνον,
3041 1962 3175 2017 ἀλλά
3212 1964 3307 2016 xal
3326 1964 3702 2035 συμπράττονο

2116 2070 2205 2117 τα,
2224 2052 2277 2125 τί
2299 2052 2562 2123 ἡγήσεται
2588 2051 2714 2122 περὶ
2737 2049 2962 2117 ὲαυτοῦ;
2986 2051 3038 2102 τί
3059 2049 3114 2103 δὲ
3134 2052 3262 2122 περὶ
3284 2049 3377 2104 τοῦ
3402 2050 3702 2122 τολμηθέν-

2117 2157 2241 2206 τος;
2268 2141 2356 2203 Ὠς
2378 2139 2486 2210 γὰρ
2507 2138 2577 2193 τὰ
2600 2138 2770 2192 πολλά
2791 2138 2841 2193 οἱ
2863 2138 3044 2192 πολλοὶ
3061 2140 3169 2192 τῶν
3191 2138 3493 2210 ἀνθρώπων
3515 2140 3614 2192 οὐκ
3635 2139 3704 2192 ὲκ

2119 2227 2357 2291 διανοίας
2405 2226 2564 2297 μόνον
2602 2225 2807 2290 ταύτας
2851 2226 2981 2297 περὶ
3016 2225 3124 2281 τῶν
3164 2226 3453 2299 πρακτέων
3475 2226 3700 2299 φέρουσι

2120 2315 2218 2378 τὰς
2239 2313 2470 2383 ψήφους,
2493 2311 2633 2366 ἀλλὰ
2654 2312 2749 2366 καὶ
2770 2312 2835 2366 ὲκ
2854 2313 2955 2384 τῆς
2975 2313 3181 2385 ἐτέρων
3203 2314 3574 2385 προαιρέσεως
3592 2314 3704 2367 δια⁹

2123 2400 2502 2472 φθειρόμενοι·
2531 2397 2634 2452 κάν
2679 2398 2778 2469 μὲν
2823 2397 2907 2471 ἴδῃ
2945 2399 3153 2463 πάντας
3191 2398 3702 2471 ἀποστρεφομένους

2124 2486 2287 2543 αὐτὸν
2323 2487 2352 2538 ό
2392 2483 2746 2557 ἡμαρτηκὼς,
2769 2484 2909 2555 μέγα
2944 2502 2999 2538 τι
3037 2485 3133 2538 καὶ
3160 2486 3396 2557 πονηρὸν
3438 2487 3702 2557 ἡγήσεται

2126 2574 2411 2646 είργάσθαι
2429 2588 2443 2601 ⁶
2484 2574 2613 2627 ὅταν
2631 2572 2689 2626 δὲ
2712 2573 2786 2645 μὴ
2808 2573 2966 2644 μόνον
2991 2571 3067 2644 μὴ
3086 2573 3544 2642 ἀγανακτοῦντας,
3569 2572 3705 2643 μηδὲ

2127 2659 2598 2729 δυσχεραίνοντας,
2618 2658 2754 2712 ἀλλά
2797 2659 2892 2712 καὶ
2932 2660 3122 2730 πράως
3159 2660 3445 2730 φέροντας,
3469 2659 3562 2711 καὶ
3585 2674 3706 2711 συν-

2128 2744 2553 2816 εφαπτομένους,
2573 2743 2635 2797 τὸ
2656 2745 2721 2796 ὲκ
2741 2742 2835 2797 τοῦ
2857 2745 3153 2807 συνειδότος
3183 2743 3499 2815 διαφθείρας
3519 2743 3704 2797 λοιπὸν

2127 2831 2496 2902 δικαστήριον,
2515 2829 2617 2899 τῆς
2654 2827 2763 2883 τῶν
2792 2828 3007 2881 πολλῶν
3024 2828 3204 2900 ψήφου
3246 2828 3707 2900 συμπραττΰύσης
3816 2848 3819 2849 ,

2128 2918 2295 2974 αὐτοῦ
2318 2920 2385 2989 τῇ
2410 2915 2775 2987 διεφθαρμένη
2795 2915 3007 2988 γνώμῃ,
3029 2916 3084 2969 τί
3101 2916 3162 2968 ού
3184 2915 3445 2986 τολμήσει
3466 2932 3481 2982 ;
3503 2916 3629 2968 πότε
3648 2916 3706 2970 δὲ

2130 3004 2540 3074 καταγνώσεται
2578 3002 2794 3067 ἑαυτοῦ,
2817 3003 2911 3057 καὶ
2943 3000 3207 3056 παύσεται
3232 3002 3325 3055 τοῦ
3345 3001 3515 3065 ἀδεῶς
3535 3003 3710 3074 ἁμαρ-

2128 3092 2311 3146 τάνειν
2331 3108 2346 3157 ;
2369 3089 2459 3143 Διὸ
2478 3089 2606 3161 χρὴ,
2631 3087 2732 3143 κᾶν
2755 3089 2968 3161 πράττῃ
2994 3105 3078 3152 τις
3111 3087 3172 3142 τὸ
3207 3088 3460 3158 πονηρὸν,
3482 3105 3710 3157 καταγι-

2132 3178 2363 3235 νὼσκειν
2384 3176 2576 3232 ἑαυτοῦ
2600 3195 2615 3209 ⁸
2637 3177 2755 3241 ὁδὸς
2775 3177 2882 3249 γάρ
2907 3176 3063 3231 τοῦτο
3087 3178 3180 3231 ἐπὶ
3199 3176 3260 3230 τὸ
3281 3177 3582 3248 ἀποστῆναι
3613 3177 3710 3232 τοῦ

2132 3266 2370 3340 πονηροῦ
2389 3283 2403 3299 ·
2426 3264 2530 3320 κᾶν
2557 3264 2632 3338 μὴ
2654 3265 2869 3340 πράττῃ
2888 3266 2955 3320 τά
2984 3264 3143 3330 καλά,
3167 3267 3407 3319 ἐπαινεῖν
3441 3265 3509 3320 τὰ
3548 3266 3708 3321 καλά.

2146 3356 2292 3419 Ὁδὸς
2331 3355 2434 3427 γὰρ
2480 3354 2569 3408 ἐπὶ
2611 3354 2706 3425 τὴν
2742 3354 3002 3425 ἐργασίαν
3042 3355 3076 3426 ή
3121 3352 3415 3427 προθυμία.
3447 3352 3711 3408 Ἐνταῦθα

2136 3442 2339 3513 μέντοι,
2362 3437 2548 3508 ἐπειδὴ
2574 3438 2666 3491 καὶ
2685 3439 3082 3507 συνεφάπτεται
3101 3438 3208 3492 τῶν
3227 3438 3547 3508 γινομένων,
3569 3439 3714 3492 εἰκό-

2132 3545 2241 3591 τως
2258 3526 2422 3580 αύτὸν
2448 3524 2568 3595 μεθ’
2590 3522 2742 3597 [236]
2764 3525 3071 3597 ὑπερϐολῆς
3091 3525 3261 3592 στίζει
3283 3526 3481 3595 πάσης.
3518 3526 3581 3579 El
3603 3526 3714 3598 γάρ

2137 3615 2515 3687 ὲπιτιμωμένη
2534 3614 2568 3684 ὴ
2588 3610 2754 3666 κακία
2772 3612 3023 3668 τοσοῦτον
3043 3614 3215 3679 ἀνθεῖ,
3236 3614 3330 3668 καὶ⁶
3346 3613 3713 3686 ἐπαινουμένη

2136 3705 2171 3776 ή
2190 3704 2357 3775 ἀρετὴ
2381 3701 2533 3774 μόλις
2552 3701 2861 3756 ἐκκαλεῖται
2881 3703 3017 3775 πρὸς
3032 3704 3159 3765 τοὺς
3181 3703 3409 3775 ἱδρῶτας
3438 3704 3564 3768 τοὺς
3586 3704 3714 3756 ἑαυ-

2135 3791 2237 3861 τῆς
2252 3806 2266 3821 ⁸
2287 3790 2341 3844 τί
2360 3789 2510 3844 ἔσται
2534 3789 2583 3842 εί
2608 3788 2682 3861 μὴ
2699 3789 2858 3844 τοῦτο
2874 3790 3110 3859 γένοιτος
3129 3789 3301 3844 Τοῦτο
3321 3790 3418 3843 ίδοι
3435 3808 3519 3854 τις
3539 3790 3603 3844 ἂν
3620 3790 3717 3844 καὶ

2126 3877 2196 3930 ἐν
2215 3874 2361 3948 χορῷ
2385 3874 2576 3941 ἱερέων
2596 3874 2857 3938 πολλάκις
2871 3875 3153 3946 γινόμενον
3174 3893 3190 3908 ·
3227 3877 3277 3929 εί
3295 3876 3352 3930 δὲ
3371 3876 3464 3930 ἐπὶ
3481 3876 3590 3929 τῶν
3613 3893 3713 3948 μα-

2139 3964 2320 4102 ξητῶν
2340 3961 2575 4033 χαλεπὸν
2592 3961 2773 4028 τοῦτο,
2794 3961 2975 4034 πολλῷ
2997 3963 3198 4033 μᾶλλον
3220 3963 3314 4016 ἐπὶ
3330 3964 3441 4018 τῶν
3459 3964 3718 4020 διδασκάο

2173 4066 2269 4102 ων.

2173 4066 2269 4104 ων.

2211 4177 2353 4251 η’.Τί
2375 4175 2661 4241 ποιεῖς,ἁνθ
2670 4192 2818 4247 ρωπε
2838 4191 2855 4241 ;
2875 4175 3169 4248 Παρεϐάθη
3187 4176 3216 4229 6
3234 4176 3418 4248 νόμος,
3440 4194 3710 4248 κατεφρο-

2141 4268 2283 4340 νήθη
2303 4264 2649 4338 σωφροσύνη,
2689 4264 3136 4337 πλημμελήματα
3155 4264 3391 4320 τοσαῦτα
3435 4266 3710 4339 ἐτολμήθη

2143 4358 2295 4431 παρά
2327 4372 2473 4420 τινος
2505 4354 2616 4409 τῶν
2654 4354 2984 4427 ἱερωμένων,
3007 4355 3077 4409 τὰ
3093 4355 3207 4410 ἀνω
3223 4354 3373 4409 κάτω
3390 4355 3600 4425 γέγονε,
3622 4358 3720 4411 καὶ

2141 4447 2202 4500 ού
2225 4444 2503 4517 φρίττεις;
2533 4442 2674 4497 Ἀλλ’
2693 4444 2722 4497 6
2744 4442 2845 4513 μὲν
2864 4443 3149 4514 προφήτης
3168 4443 3260 4497 xal
3291 4443 3429 4497 αύτά
3462 4442 3529 4497 τά
3561 4445 3716 4499 ἀναί-

2143 4532 2314 4603 σθητα
2337 4532 2579 4601 στοιχεῖα
2610 4530 2767 4584 καλεῖ
2797 4530 2935 4603 πρὸς
2968 4529 3189 4583 ἔκτασιν
3209 4529 3303 4584 καὶ
3323 4530 3604 4584 κοινωνίαν
3622 4531 3718 4586 τοῦ

2145 4619 2344 4694 θρήνου
2363 4619 2472 4674 τῶν
2491 4620 2646 4691 κοινῇ
2669 4615 3035 4689 πεπλημμελη
3043 4617 3220 4688 μένων
3247 4618 3449 4685 κακῶν,
3468 4617 3719 4690 Ἐξέστη

2145 4712 2179 4764 ό
2196 4707 2473 4778 οὐρανός,
2485 4707 2680 4777 λέγων,
2700 4706 2799 4762 καὶ
2816 4705 3058 4775 ἔφριξεν
3075 4707 3112 4774 ἡ
3133 4704 3210 4775 τῆ
3228 4707 3325 4760 ἐπὶ
3346 4707 3556 4761 πλεῖον
3568 4710 3719 4777 σφό-

2144 4794 2277 4864 δρα.
2313 4795 2425 4848 Kal
2458 4795 2652 4851 πάλιν·
2677 4793 2975 4860 Πενθήσει
3003 4795 3038 4847 ὁ
3071 4791 3406 4863 Κάρμηλος,
3433 4795 3725 4863 πενθήσει

2145 4878 2332 4949 οἶνος,
2351 4881 2638 4949 πενθήσει
2660 4880 2945 4951 ἄμπελος.
2968 4878 3080 4934 Kal
3095 4880 3164 4933 τά
3186 4880 3285 4951 μὲν
3304 4880 3484 4952 ἄψυχα
3518 4882 3722 4948 πενθεῖ,

2148 4968 2242 5023 καὶ
2275 4969 2449 5023 στένει
2479 4968 2531 5032 τι,
2558 4969 2653 5023 καὶ
2683 4969 3078 5036 συναγανακτεί
3103 4967 3181 5039 τῷ
3216 4968 3489 5040 Δεσπότῃ·
3515 4971 3578 5023 σὺ
3609 4968 3665 5021 δὲ
3694 4970 3726 5021 6

2147 5054 2363 5123 λογικὸς
2393 5055 2493 5108 οὐκ
2524 5054 2741 5124 ἀλγεῖςς
2780 5056 2882 5109 ούκ
2915 5056 3171 5126 ἐπιτιμᾷς
3190 5095 3206 5119 ,
3248 5057 3310 5109 ού
3337 5055 3464 5127 γίνῃ
3492 5054 3726 5125 χαλεπὸς

2147 5140 2388 5213 τιμωρὸς
2409 5141 2520 5195 τῶν
2538 5141 2634 5195 τοῦ
2656 5140 2792 5195 Θεοῦ
2807 5141 3006 5213 νόμων,
3025 5142 3161 5196 ἀλλὰ
3174 5142 3268 5195 καὶ
3287 5143 3558 5204 κοινωνεῖς
3575 5156 3591 5204 ;
3618 5141 3727 5195 Καὶ

2153 5228 2312 5282 ποίαν
2346 5227 2414 5282 ἂν
2436 5227 2625 5300 σχοίης
2654 5228 2984 5300 συγγνώμην
3004 5244 3020 5295 ;
3041 5228 3134 5299 Μὴ
3158 5226 3266 5298 γὰρ
3290 5228 3319 5280 ὁ
3350 5226 3481 5291 Θεὸς
3509 5226 3725 5281 ὲκδίκου

2214 5413 2351 5478 σφεῖς
2373 5412 2571 5478 ποι-ρι’
2604 5414 2763 5478 negt
2784 5415 2881 5478 69..
2912 5430 2960 5475 γ.
3061 5414 3117 5478 τὸ
3140 5413 3285 5478 πάθος
3314 5415 3472 5478 εἰπεῖν.
3495 5415 3628 5468 Colb.
3674 5425 3730 5471 ει

2148 5475 2301 5589 ἔθνη.
2325 5477 2354 5524 6
2374 5492 2425 5538 μ.
2443 5476 2535 5539 γὰρ
2551 5476 2621 5539 τῷ
2641 5475 2726 5533 τὴν
2744 5475 2951 5537 ἀνάγκην
2974 5475 3118 5523 εἰπεῖν
3138 5477 3224 5533 τὴν
3240 5477 3403 5525 πενίαν
3425 5478 3729 5533 αἰτιάσασθαι

2178 5555 2270 5589 γει.

2212 5555 2360 5669 ἵκει
2383 5597 2535 5669 στένει
2563 5601 2671 5669 p_0_st
2693 5596 2848 5669 πενθεῖ
2880 5608 2942 5669 εξ
2967 5609 3084 5669 τηεσε
3106 5598 3418 5663 desumplum
3445 5598 3653 5655 {deerat
3674 5605 3728 5655 in

2155 5659 2275 5711 edit.
2304 5660 2476 5711 Morel.
2499 5658 2599 5709 Sed
2626 5659 2810 5722 legitur
2835 5659 2886 5709 in
2908 5658 3058 5709 Sam.
