  <div class='ocr_page' id='page_1' title='image "/cluster/home/n/w/nwhite01/storage/ocr_20150623/55/hvd.32044054086814/249.png"; bbox 0 0 4074 6206; ppageno 0'>
   <div class='ocr_carea' id='block_1_1' title="bbox 487 318 596 372">
    <p class='ocr_par' dir='ltr' id='par_1_1' title="bbox 487 318 596 372">
     <span class='ocr_line' id='line_1_1' title="bbox 487 318 596 372; baseline 0.009 -1"><span class='ocrx_word' id='word_1_1' title='bbox 487 318 596 372; x_wconf 65' lang='lat'><strong>2.53</strong></span> 
     </span>
    </p>
   </div>
   <div class='ocr_carea' id='block_1_2' title="bbox 487 420 2067 496">
    <p class='ocr_par' dir='ltr' id='par_1_2' title="bbox 487 420 2067 496">
     <span class='ocr_line' id='line_1_2' title="bbox 487 420 2067 496; baseline -0.003 -17"><span class='ocrx_word' id='word_1_2' title='bbox 487 428 698 489; x_wconf 82' lang='grc' dir='ltr'>δεῖται;</span> <span class='ocrx_word' id='word_1_3' title='bbox 739 423 813 496; x_wconf 83' lang='grc' dir='ltr'>μὴ</span> <span class='ocrx_word' id='word_1_4' title='bbox 851 421 958 496; x_wconf 82' lang='lat'>7&amp;9</span> <span class='ocrx_word' id='word_1_5' title='bbox 1001 421 1336 495; x_wconf 71' lang='grc' dir='ltr'>βοηθούντων</span> <span class='ocrx_word' id='word_1_6' title='bbox 1378 420 1598 495; x_wconf 80' lang='grc' dir='ltr'>χρῄζει;</span> <span class='ocrx_word' id='word_1_7' title='bbox 1652 422 1789 476; x_wconf 88' lang='grc' dir='ltr'>άλλά</span> <span class='ocrx_word' id='word_1_8' title='bbox 1822 421 2067 493; x_wconf 77' lang='grc' dir='ltr'>βούλεταί</span> 
     </span>
    </p>
   </div>
   <div class='ocr_carea' id='block_1_3' title="bbox 493 509 2069 582">
    <p class='ocr_par' dir='ltr' id='par_1_3' title="bbox 493 509 2069 582">
     <span class='ocr_line' id='line_1_3' title="bbox 493 509 2069 582; baseline -0.004 -16"><span class='ocrx_word' id='word_1_9' title='bbox 493 529 554 566; x_wconf 77' lang='grc' dir='ltr'>σε</span> <span class='ocrx_word' id='word_1_10' title='bbox 603 511 883 582; x_wconf 76' lang='grc' dir='ltr'>ὑπηρέτην</span> <span class='ocrx_word' id='word_1_11' title='bbox 918 509 1106 563; x_wconf 88' lang='grc' dir='ltr'>τούτου</span> <span class='ocrx_word' id='word_1_12' title='bbox 1154 509 1431 577; x_wconf 83' lang='grc' dir='ltr'>γενέσθαι,</span> <span class='ocrx_word' id='word_1_13' title='bbox 1488 509 1574 562; x_wconf 78' lang='grc' dir='ltr'>ἵνα</span> <span class='ocrx_word' id='word_1_14' title='bbox 1624 509 1698 579; x_wconf 83' lang='grc' dir='ltr'>μὴ</span> <span class='ocrx_word' id='word_1_15' title='bbox 1730 511 1842 572; x_wconf 87' lang='grc' dir='ltr'>τοῖς</span> <span class='ocrx_word' id='word_1_16' title='bbox 1885 509 2069 571; x_wconf 84' lang='grc' dir='ltr'>αὐτοῖς</span> 
     </span>
    </p>
   </div>
   <div class='ocr_carea' id='block_1_4' title="bbox 492 595 2068 671">
    <p class='ocr_par' dir='ltr' id='par_1_4' title="bbox 492 595 2068 671">
     <span class='ocr_line' id='line_1_4' title="bbox 492 595 2068 671; baseline -0.003 -18"><span class='ocrx_word' id='word_1_17' title='bbox 492 598 814 671; x_wconf 75' lang='grc' dir='ltr'>περιπέσῃς,</span> <span class='ocrx_word' id='word_1_18' title='bbox 842 600 900 653; x_wconf 86' lang='grc' dir='ltr'>ἐν</span> <span class='ocrx_word' id='word_1_19' title='bbox 924 599 991 670; x_wconf 70' lang='grc' dir='ltr'>τῇ</span> <span class='ocrx_word' id='word_1_20' title='bbox 1022 597 1142 651; x_wconf 84' lang='grc' dir='ltr'>καθ’</span> <span class='ocrx_word' id='word_1_21' title='bbox 1176 597 1364 669; x_wconf 84' lang='grc' dir='ltr'>ἐτέρου</span> <span class='ocrx_word' id='word_1_22' title='bbox 1391 597 1762 667; x_wconf 73' lang='grc' dir='ltr'>ἀγανακτήσει</span> <span class='ocrx_word' id='word_1_23' title='bbox 1795 595 2068 667; x_wconf 84' lang='grc' dir='ltr'>σωφρονέ-</span> 
     </span>
    </p>
   </div>
   <div class='ocr_carea' id='block_1_5' title="bbox 492 682 2067 758">
    <p class='ocr_par' dir='ltr' id='par_1_5' title="bbox 492 682 2067 758">
     <span class='ocr_line' id='line_1_5' title="bbox 492 682 2067 758; baseline -0.003 -19"><span class='ocrx_word' id='word_1_24' title='bbox 492 703 682 758; x_wconf 80' lang='grc' dir='ltr'>στερος</span> <span class='ocrx_word' id='word_1_25' title='bbox 700 685 1002 756; x_wconf 85' lang='grc' dir='ltr'>γινόμενος,</span> <span class='ocrx_word' id='word_1_26' title='bbox 1032 685 1118 738; x_wconf 85' lang='grc' dir='ltr'>ἴνα</span> <span class='ocrx_word' id='word_1_27' title='bbox 1153 684 1446 739; x_wconf 80' lang='grc' dir='ltr'>κάντεῦθεν</span> <span class='ocrx_word' id='word_1_28' title='bbox 1468 683 1529 737; x_wconf 82' lang='grc' dir='ltr'>τὸ</span> <span class='ocrx_word' id='word_1_29' title='bbox 1556 683 1800 752; x_wconf 78' lang='grc' dir='ltr'>φιλόθεον</span> <span class='ocrx_word' id='word_1_30' title='bbox 1839 700 1933 737; x_wconf 87' lang='grc' dir='ltr'>σου</span> <span class='ocrx_word' id='word_1_31' title='bbox 1957 682 2067 736; x_wconf 83' lang='grc' dir='ltr'>δεί-</span> 
     </span>
    </p>
   </div>
   <div class='ocr_carea' id='block_1_6' title="bbox 493 768 2069 845">
    <p class='ocr_par' dir='ltr' id='par_1_6' title="bbox 493 768 2069 845">
     <span class='ocr_line' id='line_1_6' title="bbox 493 768 2069 845; baseline -0.006 -16"><span class='ocrx_word' id='word_1_32' title='bbox 493 771 611 845; x_wconf 80' lang='grc' dir='ltr'>ξῃς.</span> <span class='ocrx_word' id='word_1_33' title='bbox 652 773 821 827; x_wconf 83' lang='grc' dir='ltr'>Ὅταν</span> <span class='ocrx_word' id='word_1_34' title='bbox 850 770 959 843; x_wconf 86' lang='lat'>7&amp;9</span> <span class='ocrx_word' id='word_1_35' title='bbox 981 771 1319 841; x_wconf 82' lang='grc' dir='ltr'>ἁμαρτόντος</span> <span class='ocrx_word' id='word_1_36' title='bbox 1344 770 1532 841; x_wconf 81' lang='grc' dir='ltr'>ἐτέρου</span> <span class='ocrx_word' id='word_1_37' title='bbox 1556 768 1941 841; x_wconf 81' lang='grc' dir='ltr'>παραδράμῃς,</span> <span class='ocrx_word' id='word_1_38' title='bbox 1974 769 2069 822; x_wconf 74' lang='grc' dir='ltr'>καὶ</span> 
     </span>
    </p>
   </div>
   <div class='ocr_carea' id='block_1_7' title="bbox 497 855 2068 929">
    <p class='ocr_par' dir='ltr' id='par_1_7' title="bbox 497 855 2068 929">
     <span class='ocr_line' id='line_1_7' title="bbox 497 855 2068 929; baseline -0.002 -18"><span class='ocrx_word' id='word_1_39' title='bbox 497 861 572 929; x_wconf 82' lang='grc' dir='ltr'>μὴ</span> <span class='ocrx_word' id='word_1_40' title='bbox 606 857 895 928; x_wconf 77' lang='grc' dir='ltr'>ἐπεξέλθης</span> <span class='ocrx_word' id='word_1_41' title='bbox 913 869 961 920; x_wconf 78' lang='grc' dir='ltr'>ι,</span> <span class='ocrx_word' id='word_1_42' title='bbox 992 856 1122 928; x_wconf 83' lang='grc' dir='ltr'>μηδὲ</span> <span class='ocrx_word' id='word_1_43' title='bbox 1150 857 1413 929; x_wconf 70' lang='grc' dir='ltr'>ἀλγήσῃς,</span> <span class='ocrx_word' id='word_1_44' title='bbox 1441 855 1816 927; x_wconf 77' lang='grc' dir='ltr'>ῥᾳθυμοτέραν</span> <span class='ocrx_word' id='word_1_45' title='bbox 1853 873 1944 909; x_wconf 89' lang='grc' dir='ltr'>σου</span> <span class='ocrx_word' id='word_1_46' title='bbox 1967 855 2068 926; x_wconf 83' lang='grc' dir='ltr'>τὴν</span> 
     </span>
    </p>
   </div>
   <div class='ocr_carea' id='block_1_8' title="bbox 491 943 2067 1017">
    <p class='ocr_par' dir='ltr' id='par_1_8' title="bbox 491 943 2067 1017">
     <span class='ocr_line' id='line_1_8' title="bbox 491 943 2067 1017; baseline -0.003 -18"><span class='ocrx_word' id='word_1_47' title='bbox 491 945 669 1017; x_wconf 78' lang='grc' dir='ltr'>ψυχὴν</span> <span class='ocrx_word' id='word_1_48' title='bbox 704 948 873 1007; x_wconf 79' lang='grc' dir='ltr'>ποιεῖς</span> <span class='ocrx_word' id='word_1_49' title='bbox 898 945 992 999; x_wconf 79' lang='grc' dir='ltr'>καὶ</span> <span class='ocrx_word' id='word_1_50' title='bbox 1015 945 1384 1015; x_wconf 86' lang='grc' dir='ltr'>εὑέμπτωτον,</span> <span class='ocrx_word' id='word_1_51' title='bbox 1415 943 1509 998; x_wconf 70' lang='grc' dir='ltr'>καὶ</span> <span class='ocrx_word' id='word_1_52' title='bbox 1537 943 1771 1014; x_wconf 87' lang='grc' dir='ltr'>μάλιστα</span> <span class='ocrx_word' id='word_1_53' title='bbox 1808 943 2067 1006; x_wconf 76' lang='grc' dir='ltr'>πολλάκις</span> 
     </span>
    </p>
   </div>
   <div class='ocr_carea' id='block_1_9' title="bbox 493 1028 2068 1103">
    <p class='ocr_par' dir='ltr' id='par_1_9' title="bbox 493 1028 2068 1103">
     <span class='ocr_line' id='line_1_9' title="bbox 493 1028 2068 1103; baseline -0.001 -18"><span class='ocrx_word' id='word_1_54' title='bbox 493 1031 932 1103; x_wconf 75' lang='grc' dir='ltr'>παρασκευάζεις</span> <span class='ocrx_word' id='word_1_55' title='bbox 953 1031 982 1071; x_wconf 71' lang='grc' dir='ltr'>ιι</span> <span class='ocrx_word' id='word_1_56' title='bbox 1004 1033 1116 1093; x_wconf 89' lang='grc' dir='ltr'>τοῖς</span> <span class='ocrx_word' id='word_1_57' title='bbox 1141 1031 1324 1094; x_wconf 83' lang='grc' dir='ltr'>αὐτοῖς</span> <span class='ocrx_word' id='word_1_58' title='bbox 1351 1032 1671 1101; x_wconf 80' lang='grc' dir='ltr'>περιπεσεῖν</span> <span class='ocrx_word' id='word_1_59' title='bbox 1688 1045 1703 1060; x_wconf 76' lang='grc'>⁸</span> <span class='ocrx_word' id='word_1_60' title='bbox 1730 1032 1978 1085; x_wconf 83' lang='grc' dir='ltr'>κάκεῖνον</span> <span class='ocrx_word' id='word_1_61' title='bbox 2009 1028 2068 1083; x_wconf 78' lang='grc' dir='ltr'>δὲ</span> 
     </span>
    </p>
   </div>
   <div class='ocr_carea' id='block_1_10' title="bbox 491 1117 2068 1199">
    <p class='ocr_par' dir='ltr' id='par_1_10' title="bbox 491 1117 2068 1199">
     <span class='ocr_line' id='line_1_10' title="bbox 491 1117 2068 1199; baseline -0.002 -26"><span class='ocrx_word' id='word_1_62' title='bbox 491 1121 554 1173; x_wconf 80' lang='grc' dir='ltr'>οὐ</span> <span class='ocrx_word' id='word_1_63' title='bbox 578 1120 646 1173; x_wconf 88' lang='grc' dir='ltr'>τά</span> <span class='ocrx_word' id='word_1_64' title='bbox 675 1119 903 1199; x_wconf 79' lang='grc' dir='ltr'>τυχόντα</span> <span class='ocrx_word' id='word_1_65' title='bbox 938 1117 1347 1190; x_wconf 81' lang='grc' dir='ltr'>παραϐλάπτεις</span> <span class='ocrx_word' id='word_1_66' title='bbox 1376 1121 1443 1189; x_wconf 81' lang='grc' dir='ltr'>τῇ</span> <span class='ocrx_word' id='word_1_67' title='bbox 1471 1118 1685 1191; x_wconf 79' lang='grc' dir='ltr'>ἀκαίρῳ</span> <span class='ocrx_word' id='word_1_68' title='bbox 1725 1119 1909 1190; x_wconf 88' lang='grc' dir='ltr'>χάριτι</span> <span class='ocrx_word' id='word_1_69' title='bbox 1937 1118 2068 1173; x_wconf 84' lang='grc' dir='ltr'>ταύ-</span> 
     </span>
    </p>
   </div>
   <div class='ocr_carea' id='block_1_11' title="bbox 492 1204 2068 1279">
    <p class='ocr_par' dir='ltr' id='par_1_11' title="bbox 492 1204 2068 1279">
     <span class='ocr_line' id='line_1_11' title="bbox 492 1204 2068 1279; baseline -0.001 -19"><span class='ocrx_word' id='word_1_70' title='bbox 492 1223 582 1279; x_wconf 76' lang='grc' dir='ltr'>τῃ,</span> <span class='ocrx_word' id='word_1_71' title='bbox 613 1206 1017 1276; x_wconf 83' lang='grc' dir='ltr'>αὑστηροτέρας</span> <span class='ocrx_word' id='word_1_72' title='bbox 1042 1204 1193 1275; x_wconf 85' lang='grc' dir='ltr'>αὐτῴ</span> <span class='ocrx_word' id='word_1_73' title='bbox 1219 1205 1387 1259; x_wconf 88' lang='grc' dir='ltr'>ποιῶν</span> <span class='ocrx_word' id='word_1_74' title='bbox 1413 1205 1512 1271; x_wconf 83' lang='grc' dir='ltr'>τὰς</span> <span class='ocrx_word' id='word_1_75' title='bbox 1538 1209 1596 1260; x_wconf 89' lang='grc' dir='ltr'>ἐν</span> <span class='ocrx_word' id='word_1_76' title='bbox 1613 1207 1693 1278; x_wconf 83' lang='grc' dir='ltr'>τῷ</span> <span class='ocrx_word' id='word_1_77' title='bbox 1718 1206 1960 1278; x_wconf 77' lang='grc' dir='ltr'>μέλλοντι</span> <span class='ocrx_word' id='word_1_78' title='bbox 1980 1206 2068 1259; x_wconf 84' lang='grc' dir='ltr'>εύ-</span> 
     </span>
    </p>
   </div>
   <div class='ocr_carea' id='block_1_12' title="bbox 494 1290 2069 1365">
    <p class='ocr_par' dir='ltr' id='par_1_12' title="bbox 494 1290 2069 1365">
     <span class='ocr_line' id='line_1_12' title="bbox 494 1290 2069 1365; baseline -0.001 -16"><span class='ocrx_word' id='word_1_79' title='bbox 494 1295 677 1357; x_wconf 86' lang='grc' dir='ltr'>θύνας,</span> <span class='ocrx_word' id='word_1_80' title='bbox 700 1294 948 1364; x_wconf 74' lang='grc' dir='ltr'>καὶπρὸς</span> <span class='ocrx_word' id='word_1_81' title='bbox 968 1290 1037 1345; x_wconf 83' lang='grc' dir='ltr'>τὰ</span> <span class='ocrx_word' id='word_1_82' title='bbox 1067 1293 1310 1364; x_wconf 84' lang='grc' dir='ltr'>παρόντα</span> <span class='ocrx_word' id='word_1_83' title='bbox 1340 1294 1708 1365; x_wconf 64' lang='grc' dir='ltr'>ῥᾳθυμότερον</span> <span class='ocrx_word' id='word_1_84' title='bbox 1732 1293 2069 1348; x_wconf 83' lang='grc' dir='ltr'>κατασκευά·</span> 
     </span>
    </p>
   </div>
   <div class='ocr_carea' id='block_1_13' title="bbox 492 1378 2070 1452">
    <p class='ocr_par' dir='ltr' id='par_1_13' title="bbox 492 1378 2070 1452">
     <span class='ocr_line' id='line_1_13' title="bbox 492 1378 2070 1452; baseline -0.001 -16"><span class='ocrx_word' id='word_1_85' title='bbox 492 1383 620 1447; x_wconf 89' lang='grc' dir='ltr'>ζων.</span> <span class='ocrx_word' id='word_1_86' title='bbox 657 1380 842 1434; x_wconf 81' lang='grc' dir='ltr'>Ταῦτα</span> <span class='ocrx_word' id='word_1_87' title='bbox 865 1379 922 1432; x_wconf 87' lang='grc' dir='ltr'>δέ</span> <span class='ocrx_word' id='word_1_88' title='bbox 957 1381 1018 1433; x_wconf 85' lang='grc' dir='ltr'>οὐ</span> <span class='ocrx_word' id='word_1_89' title='bbox 1046 1381 1175 1452; x_wconf 76' lang='grc' dir='ltr'>περὶ</span> <span class='ocrx_word' id='word_1_90' title='bbox 1198 1380 1448 1433; x_wconf 81' lang='grc' dir='ltr'>κλεπτῶν</span> <span class='ocrx_word' id='word_1_91' title='bbox 1480 1382 1640 1451; x_wconf 85' lang='grc' dir='ltr'>μόνον</span> <span class='ocrx_word' id='word_1_92' title='bbox 1666 1382 1900 1452; x_wconf 72' lang='grc' dir='ltr'>εἴρηται,</span> <span class='ocrx_word' id='word_1_93' title='bbox 1931 1378 2070 1434; x_wconf 89' lang='grc' dir='ltr'>ἀλλά</span> 
     </span>
    </p>
   </div>
   <div class='ocr_carea' id='block_1_14' title="bbox 494 1464 2067 1539">
    <p class='ocr_par' dir='ltr' id='par_1_14' title="bbox 494 1464 2067 1539">
     <span class='ocr_line' id='line_1_14' title="bbox 494 1464 2067 1539; baseline -0.001 -18"><span class='ocrx_word' id='word_1_94' title='bbox 494 1468 738 1539; x_wconf 77' lang='grc' dir='ltr'>καὶπερὶ</span> <span class='ocrx_word' id='word_1_95' title='bbox 763 1467 964 1531; x_wconf 80' lang='grc' dir='ltr'>παντὸς</span> <span class='ocrx_word' id='word_1_96' title='bbox 989 1467 1407 1537; x_wconf 79' lang='grc' dir='ltr'>ἁμαρτήματος·</span> <span class='ocrx_word' id='word_1_97' title='bbox 1436 1466 1498 1519; x_wconf 84' lang='grc' dir='ltr'>τὸ</span> <span class='ocrx_word' id='word_1_98' title='bbox 1523 1467 1580 1521; x_wconf 79' lang='grc' dir='ltr'>δὲ</span> <span class='ocrx_word' id='word_1_99' title='bbox 1607 1466 1831 1536; x_wconf 77' lang='grc' dir='ltr'>ἔσχατον</span> <span class='ocrx_word' id='word_1_100' title='bbox 1857 1464 2067 1519; x_wconf 81' lang='grc' dir='ltr'>τέθεικε</span> 
     </span>
    </p>
   </div>
   <div class='ocr_carea' id='block_1_15' title="bbox 492 1551 2069 1626">
    <p class='ocr_par' dir='ltr' id='par_1_15' title="bbox 492 1551 2069 1626">
     <span class='ocr_line' id='line_1_15' title="bbox 492 1551 2069 1626; baseline -0.003 -17"><span class='ocrx_word' id='word_1_101' title='bbox 492 1557 601 1609; x_wconf 86' lang='grc' dir='ltr'>τῶν</span> <span class='ocrx_word' id='word_1_102' title='bbox 635 1554 1139 1626; x_wconf 70' lang='grc' dir='ltr'>πλημμελημάτων,</span> <span class='ocrx_word' id='word_1_103' title='bbox 1169 1554 1236 1606; x_wconf 75' lang='grc' dir='ltr'>ἶν’</span> <span class='ocrx_word' id='word_1_104' title='bbox 1261 1554 1407 1625; x_wconf 79' lang='grc' dir='ltr'>εἰδῇς</span> <span class='ocrx_word' id='word_1_105' title='bbox 1442 1554 1524 1607; x_wconf 82' lang='grc' dir='ltr'>ὅτι</span> <span class='ocrx_word' id='word_1_106' title='bbox 1557 1556 1587 1607; x_wconf 85' lang='grc' dir='ltr'>ό</span> <span class='ocrx_word' id='word_1_107' title='bbox 1617 1555 1710 1607; x_wconf 76' lang='grc' dir='ltr'>ἐπὶ</span> <span class='ocrx_word' id='word_1_108' title='bbox 1735 1552 1814 1623; x_wconf 84' lang='grc' dir='ltr'>τῷ</span> <span class='ocrx_word' id='word_1_109' title='bbox 1845 1551 2069 1620; x_wconf 79' lang='grc' dir='ltr'>τοιούτῳ</span> 
     </span>
    </p>
   </div>
   <div class='ocr_carea' id='block_1_16' title="bbox 495 1641 2069 1715">
    <p class='ocr_par' dir='ltr' id='par_1_16' title="bbox 495 1641 2069 1715">
     <span class='ocr_line' id='line_1_16' title="bbox 495 1641 2069 1715; baseline -0.002 -18"><span class='ocrx_word' id='word_1_110' title='bbox 495 1643 825 1715; x_wconf 77' lang='grc' dir='ltr'>συγγνώμην</span> <span class='ocrx_word' id='word_1_111' title='bbox 855 1645 958 1697; x_wconf 81' lang='grc' dir='ltr'>οὐκ</span> <span class='ocrx_word' id='word_1_112' title='bbox 981 1643 1140 1713; x_wconf 74' lang='grc' dir='ltr'>ἔχων,</span> <span class='ocrx_word' id='word_1_113' title='bbox 1170 1642 1351 1712; x_wconf 87' lang='grc' dir='ltr'>πολλῷ</span> <span class='ocrx_word' id='word_1_114' title='bbox 1379 1641 1579 1713; x_wconf 79' lang='grc' dir='ltr'>μᾶλλον</span> <span class='ocrx_word' id='word_1_115' title='bbox 1617 1643 1701 1711; x_wconf 82' lang='grc' dir='ltr'>ἐφ’</span> <span class='ocrx_word' id='word_1_116' title='bbox 1735 1641 1922 1713; x_wconf 84' lang='grc' dir='ltr'>ἐτέρου</span> <span class='ocrx_word' id='word_1_117' title='bbox 1967 1643 2069 1694; x_wconf 84' lang='grc' dir='ltr'>οὐκ</span> 
     </span>
    </p>
   </div>
   <div class='ocr_carea' id='block_1_17' title="bbox 495 1727 2070 1800">
    <p class='ocr_par' dir='ltr' id='par_1_17' title="bbox 495 1727 2070 1800">
     <span class='ocr_line' id='line_1_17' title="bbox 495 1727 2070 1800; baseline -0.004 -13"><span class='ocrx_word' id='word_1_118' title='bbox 495 1730 860 1787; x_wconf 73' lang='grc' dir='ltr'>ἀπολαύσεται</span> <span class='ocrx_word' id='word_1_119' title='bbox 887 1729 1091 1800; x_wconf 81' lang='grc' dir='ltr'>ταύτης</span> <span class='ocrx_word' id='word_1_120' title='bbox 1112 1730 1211 1800; x_wconf 82' lang='grc' dir='ltr'>τῆς</span> <span class='ocrx_word' id='word_1_121' title='bbox 1240 1728 1612 1800; x_wconf 87' lang='grc' dir='ltr'>παραμυθίας.</span> <span class='ocrx_word' id='word_1_122' title='bbox 1647 1729 1913 1782; x_wconf 81' lang='grc' dir='ltr'>’Δκουσον</span> <span class='ocrx_word' id='word_1_123' title='bbox 1938 1727 2070 1796; x_wconf 79' lang='grc' dir='ltr'>γοῦν</span> 
     </span>
    </p>
   </div>
   <div class='ocr_carea' id='block_1_18' title="bbox 496 1814 2069 1887">
    <p class='ocr_par' dir='ltr' id='par_1_18' title="bbox 496 1814 2069 1887">
     <span class='ocr_line' id='line_1_18' title="bbox 496 1814 2069 1887; baseline -0.002 -16"><span class='ocrx_word' id='word_1_124' title='bbox 496 1819 591 1871; x_wconf 71' lang='grc' dir='ltr'>καὶ</span> <span class='ocrx_word' id='word_1_125' title='bbox 616 1817 743 1886; x_wconf 78' lang='grc' dir='ltr'>ἑξῆς</span> <span class='ocrx_word' id='word_1_126' title='bbox 763 1816 815 1870; x_wconf 92' lang='grc' dir='ltr'>τί</span> <span class='ocrx_word' id='word_1_127' title='bbox 838 1832 999 1887; x_wconf 73' lang='grc' dir='ltr'>φησιο</span> <span class='ocrx_word' id='word_1_128' title='bbox 1025 1817 1135 1870; x_wconf 78' lang='grc' dir='ltr'>Καὶ</span> <span class='ocrx_word' id='word_1_129' title='bbox 1159 1818 1309 1886; x_wconf 83' lang='grc' dir='ltr'>μετὰ</span> <span class='ocrx_word' id='word_1_130' title='bbox 1325 1814 1556 1886; x_wconf 83' lang='grc' dir='ltr'>μοιχῶν</span> <span class='ocrx_word' id='word_1_131' title='bbox 1581 1815 1695 1884; x_wconf 82' lang='grc' dir='ltr'>τὴν</span> <span class='ocrx_word' id='word_1_132' title='bbox 1711 1816 1923 1885; x_wconf 79' lang='grc' dir='ltr'>μερίδα</span> <span class='ocrx_word' id='word_1_133' title='bbox 1952 1832 2069 1869; x_wconf 90' lang='grc' dir='ltr'>σου</span> 
     </span>
    </p>
   </div>
   <div class='ocr_carea' id='block_1_19' title="bbox 495 1900 2068 1974">
    <p class='ocr_par' dir='ltr' id='par_1_19' title="bbox 495 1900 2068 1974">
     <span class='ocr_line' id='line_1_19' title="bbox 495 1900 2068 1974; baseline -0.003 -16"><span class='ocrx_word' id='word_1_134' title='bbox 495 1906 735 1970; x_wconf 73' lang='grc' dir='ltr'>ἐτίθεις-ο</span> <span class='ocrx_word' id='word_1_135' title='bbox 761 1905 855 1958; x_wconf 79' lang='grc' dir='ltr'>ἐπὶ</span> <span class='ocrx_word' id='word_1_136' title='bbox 882 1904 945 1956; x_wconf 83' lang='grc' dir='ltr'>τὸ</span> <span class='ocrx_word' id='word_1_137' title='bbox 973 1903 1155 1974; x_wconf 90' lang='grc' dir='ltr'>μεῖζον</span> <span class='ocrx_word' id='word_1_138' title='bbox 1183 1902 1371 1956; x_wconf 84' lang='grc' dir='ltr'>ἐλθὼν.</span> <span class='ocrx_word' id='word_1_139' title='bbox 1402 1901 1587 1973; x_wconf 87' lang='grc' dir='ltr'>Πολλῷ</span> <span class='ocrx_word' id='word_1_140' title='bbox 1617 1903 1727 1974; x_wconf 88' lang='lat'>7&amp;9</span> <span class='ocrx_word' id='word_1_141' title='bbox 1748 1904 1924 1955; x_wconf 74' lang='grc' dir='ltr'>έκεῖνο</span> <span class='ocrx_word' id='word_1_142' title='bbox 1944 1900 2068 1954; x_wconf 90' lang='grc' dir='ltr'>τού-</span> 
     </span>
    </p>
   </div>
   <div class='ocr_carea' id='block_1_20' title="bbox 494 1987 2070 2060">
    <p class='ocr_par' dir='ltr' id='par_1_20' title="bbox 494 1987 2070 2060">
     <span class='ocr_line' id='line_1_20' title="bbox 494 1987 2070 2060; baseline -0.004 -15"><span class='ocrx_word' id='word_1_143' title='bbox 494 2009 590 2045; x_wconf 90' lang='grc' dir='ltr'>του</span> <span class='ocrx_word' id='word_1_144' title='bbox 614 1990 854 2044; x_wconf 75' lang='grc' dir='ltr'>ἔλαττον.</span> <span class='ocrx_word' id='word_1_145' title='bbox 882 1990 991 2044; x_wconf 80' lang='grc' dir='ltr'>Καί</span> <span class='ocrx_word' id='word_1_146' title='bbox 1020 2007 1103 2052; x_wconf 90' lang='grc' dir='ltr'>τις</span> <span class='ocrx_word' id='word_1_147' title='bbox 1135 1989 1244 2041; x_wconf 85' lang='grc' dir='ltr'>τῶν</span> <span class='ocrx_word' id='word_1_148' title='bbox 1270 1989 1679 2060; x_wconf 82' lang='grc' dir='ltr'>ἁμαρτημάτων</span> <span class='ocrx_word' id='word_1_149' title='bbox 1703 1987 1907 2042; x_wconf 89' lang='grc' dir='ltr'>τούτων</span> <span class='ocrx_word' id='word_1_150' title='bbox 1940 1987 2070 2056; x_wconf 87' lang='grc' dir='ltr'>σύγ-</span> 
     </span>
    </p>
   </div>
   <div class='ocr_carea' id='block_1_21' title="bbox 497 2074 2072 2149">
    <p class='ocr_par' dir='ltr' id='par_1_21' title="bbox 497 2074 2072 2149">
     <span class='ocr_line' id='line_1_21' title="bbox 497 2074 2072 2149; baseline -0.001 -18"><span class='ocrx_word' id='word_1_151' title='bbox 497 2095 679 2149; x_wconf 79' lang='grc' dir='ltr'>κρισιν</span> <span class='ocrx_word' id='word_1_152' title='bbox 708 2077 1029 2147; x_wconf 85' lang='grc' dir='ltr'>ποιούμενος</span> <span class='ocrx_word' id='word_1_153' title='bbox 1056 2075 1228 2140; x_wconf 85' lang='grc' dir='ltr'>οὕτως</span> <span class='ocrx_word' id='word_1_154' title='bbox 1255 2076 1459 2144; x_wconf 59' lang='grc' dir='ltr'>ἔλεγεν</span> <span class='ocrx_word' id='word_1_155' title='bbox 1490 2079 1572 2130; x_wconf 84' lang='grc' dir='ltr'>οὐ</span> <span class='ocrx_word' id='word_1_156' title='bbox 1591 2074 1937 2145; x_wconf 85' lang='grc' dir='ltr'>θαυμαστὸν</span> <span class='ocrx_word' id='word_1_157' title='bbox 1962 2075 2072 2129; x_wconf 77' lang='grc' dir='ltr'>ἐὰν</span> 
     </span>
    </p>
   </div>
   <div class='ocr_carea' id='block_1_22' title="bbox 496 2162 2069 2234">
    <p class='ocr_par' dir='ltr' id='par_1_22' title="bbox 496 2162 2069 2234">
     <span class='ocr_line' id='line_1_22' title="bbox 496 2162 2069 2234; baseline -0.001 -15"><span class='ocrx_word' id='word_1_158' title='bbox 496 2163 625 2230; x_wconf 73' lang='grc' dir='ltr'>ἁλῷ</span> <span class='ocrx_word' id='word_1_159' title='bbox 643 2182 730 2232; x_wconf 83' lang='grc' dir='ltr'>τις</span> <span class='ocrx_word' id='word_1_160' title='bbox 750 2163 1041 2218; x_wconf 84' lang='grc' dir='ltr'>κλέπτων·</span> <span class='ocrx_word' id='word_1_161' title='bbox 1066 2163 1306 2218; x_wconf 77' lang='grc' dir='ltr'>κλέπτει</span> <span class='ocrx_word' id='word_1_162' title='bbox 1332 2164 1441 2234; x_wconf 69' lang='grc' dir='ltr'>γὰρ</span> <span class='ocrx_word' id='word_1_163' title='bbox 1460 2164 1558 2217; x_wconf 81' lang='grc' dir='ltr'>ἵνα</span> <span class='ocrx_word' id='word_1_164' title='bbox 1584 2162 1699 2231; x_wconf 80' lang='grc' dir='ltr'>τὴν</span> <span class='ocrx_word' id='word_1_165' title='bbox 1727 2162 1939 2231; x_wconf 72' lang='grc' dir='ltr'>ψυχὴν</span> <span class='ocrx_word' id='word_1_166' title='bbox 1961 2164 2069 2217; x_wconf 82' lang='grc' dir='ltr'>αὐ-</span> 
     </span>
    </p>
   </div>
   <div class='ocr_carea' id='block_1_23' title="bbox 498 2248 2068 2320">
    <p class='ocr_par' dir='ltr' id='par_1_23' title="bbox 498 2248 2068 2320">
     <span class='ocr_line' id='line_1_23' title="bbox 498 2248 2068 2320; baseline 0 -17"><span class='ocrx_word' id='word_1_167' title='bbox 498 2251 605 2305; x_wconf 79' lang='grc' dir='ltr'>τοῦ</span> <span class='ocrx_word' id='word_1_168' title='bbox 623 2249 908 2320; x_wconf 76' lang='grc' dir='ltr'>ἐμπλήσῃ</span> <span class='ocrx_word' id='word_1_169' title='bbox 943 2248 1267 2304; x_wconf 78' lang='grc' dir='ltr'>πεινῶσαν.</span> <span class='ocrx_word' id='word_1_170' title='bbox 1297 2251 1360 2304; x_wconf 83' lang='grc' dir='ltr'>Εἰ</span> <span class='ocrx_word' id='word_1_171' title='bbox 1387 2250 1566 2304; x_wconf 89' lang='grc' dir='ltr'>τοίνυν</span> <span class='ocrx_word' id='word_1_172' title='bbox 1596 2250 1755 2302; x_wconf 82' lang='grc' dir='ltr'>τοῦτο</span> <span class='ocrx_word' id='word_1_173' title='bbox 1785 2249 2068 2318; x_wconf 80' lang='grc' dir='ltr'>ἀσύγγνω-</span> 
     </span>
    </p>
   </div>
   <div class='ocr_carea' id='block_1_24' title="bbox 500 2336 2070 2410">
    <p class='ocr_par' dir='ltr' id='par_1_24' title="bbox 500 2336 2070 2410">
     <span class='ocr_line' id='line_1_24' title="bbox 500 2336 2070 2410; baseline 0.001 -20"><span class='ocrx_word' id='word_1_174' title='bbox 500 2354 645 2400; x_wconf 80' lang='grc' dir='ltr'>στον,</span> <span class='ocrx_word' id='word_1_175' title='bbox 685 2337 865 2408; x_wconf 81' lang='grc' dir='ltr'>πολλῷ</span> <span class='ocrx_word' id='word_1_176' title='bbox 915 2338 1114 2410; x_wconf 79' lang='grc' dir='ltr'>μᾶλλον</span> <span class='ocrx_word' id='word_1_177' title='bbox 1150 2339 1385 2410; x_wconf 85' lang='grc' dir='ltr'>μοιχεία.</span> <span class='ocrx_word' id='word_1_178' title='bbox 1429 2336 1692 2391; x_wconf 80' lang='grc' dir='ltr'>Ἐνταῦθα</span> <span class='ocrx_word' id='word_1_179' title='bbox 1727 2337 1785 2391; x_wconf 82' lang='grc' dir='ltr'>δέ</span> <span class='ocrx_word' id='word_1_180' title='bbox 1826 2338 2070 2407; x_wconf 73' lang='grc' dir='ltr'>μοιχείαν</span> 
     </span>
    </p>
   </div>
   <div class='ocr_carea' id='block_1_25' title="bbox 498 2424 2071 2497">
    <p class='ocr_par' dir='ltr' id='par_1_25' title="bbox 498 2424 2071 2497">
     <span class='ocr_line' id='line_1_25' title="bbox 498 2424 2071 2497; baseline -0.001 -18"><span class='ocrx_word' id='word_1_181' title='bbox 498 2427 597 2495; x_wconf 72' lang='grc' dir='ltr'>τὴν</span> <span class='ocrx_word' id='word_1_182' title='bbox 641 2427 896 2497; x_wconf 81' lang='grc' dir='ltr'>πορνείαν</span> <span class='ocrx_word' id='word_1_183' title='bbox 938 2426 1122 2497; x_wconf 89' lang='grc' dir='ltr'>φησίν.</span> <span class='ocrx_word' id='word_1_184' title='bbox 1163 2428 1261 2478; x_wconf 77' lang='grc' dir='ltr'>Ἂν</span> <span class='ocrx_word' id='word_1_185' title='bbox 1295 2426 1474 2479; x_wconf 83' lang='grc' dir='ltr'>τοίνυν</span> <span class='ocrx_word' id='word_1_186' title='bbox 1505 2425 1620 2497; x_wconf 79' lang='grc' dir='ltr'>ίδῃς</span> <span class='ocrx_word' id='word_1_187' title='bbox 1650 2424 1774 2478; x_wconf 79' lang='grc' dir='ltr'>τινὰ</span> <span class='ocrx_word' id='word_1_188' title='bbox 1794 2425 1902 2478; x_wconf 89' lang='grc' dir='ltr'>τῶν</span> <span class='ocrx_word' id='word_1_189' title='bbox 1935 2424 2071 2495; x_wconf 83' lang='grc' dir='ltr'>μετά</span> 
     </span>
    </p>
   </div>
   <div class='ocr_carea' id='block_1_26' title="bbox 500 2511 2072 2585">
    <p class='ocr_par' dir='ltr' id='par_1_26' title="bbox 500 2511 2072 2585">
     <span class='ocr_line' id='line_1_26' title="bbox 500 2511 2072 2585; baseline -0.001 -19"><span class='ocrx_word' id='word_1_190' title='bbox 500 2513 596 2566; x_wconf 80' lang='grc' dir='ltr'>σοῦ</span> <span class='ocrx_word' id='word_1_191' title='bbox 621 2512 1033 2585; x_wconf 76' lang='grc' dir='ltr'>ἀγελαζομένων</span> <span class='ocrx_word' id='word_1_192' title='bbox 1062 2511 1412 2585; x_wconf 89' lang='grc' dir='ltr'>πορνεύοντα,</span> <span class='ocrx_word' id='word_1_193' title='bbox 1443 2512 1534 2565; x_wconf 78' lang='grc' dir='ltr'>καὶ</span> <span class='ocrx_word' id='word_1_194' title='bbox 1558 2512 1873 2582; x_wconf 81' lang='grc' dir='ltr'>μυστηρίοις</span> <span class='ocrx_word' id='word_1_195' title='bbox 1903 2529 2072 2583; x_wconf 90' lang='grc' dir='ltr'>προσ-</span> 
     </span>
    </p>
   </div>
   <div class='ocr_carea' id='block_1_27' title="bbox 497 2598 2073 2671">
    <p class='ocr_par' dir='ltr' id='par_1_27' title="bbox 497 2598 2073 2671">
     <span class='ocr_line' id='line_1_27' title="bbox 497 2598 2073 2671; baseline -0.001 -18"><span class='ocrx_word' id='word_1_196' title='bbox 497 2599 814 2671; x_wconf 86' lang='grc' dir='ltr'>ερχόμενον,</span> <span class='ocrx_word' id='word_1_197' title='bbox 853 2600 972 2653; x_wconf 84' lang='grc' dir='ltr'>είπέ</span> <span class='ocrx_word' id='word_1_198' title='bbox 1004 2599 1080 2670; x_wconf 80' lang='grc' dir='ltr'>τῷ</span> <span class='ocrx_word' id='word_1_199' title='bbox 1107 2598 1503 2668; x_wconf 83' lang='grc' dir='ltr'>διακονουμένῳ</span> <span class='ocrx_word' id='word_1_200' title='bbox 1544 2600 1612 2669; x_wconf 76' lang='grc' dir='ltr'>τῇ</span> <span class='ocrx_word' id='word_1_201' title='bbox 1649 2601 1852 2651; x_wconf 87' lang='grc' dir='ltr'>τούτων</span> <span class='ocrx_word' id='word_1_202' title='bbox 1898 2598 2073 2652; x_wconf 88' lang='grc' dir='ltr'>διανο-</span> 
     </span>
    </p>
   </div>
   <div class='ocr_carea' id='block_1_28' title="bbox 500 2683 2074 2758">
    <p class='ocr_par' dir='ltr' id='par_1_28' title="bbox 500 2683 2074 2758">
     <span class='ocr_line' id='line_1_28' title="bbox 500 2683 2074 2758; baseline -0.001 -18"><span class='ocrx_word' id='word_1_203' title='bbox 500 2689 576 2758; x_wconf 77' lang='grc' dir='ltr'>μῇ</span> <span class='ocrx_word' id='word_1_204' title='bbox 601 2697 624 2726; x_wconf 77' lang='grc' dir='ltr'>ο</span> <span class='ocrx_word' id='word_1_205' title='bbox 645 2703 659 2718; x_wconf 73' lang='grc'><strong><em>⁸</em></strong></span> <span class='ocrx_word' id='word_1_206' title='bbox 690 2687 747 2740; x_wconf 87' lang='lat'>&#39;0</span> <span class='ocrx_word' id='word_1_207' title='bbox 774 2685 920 2740; x_wconf 87' lang='grc' dir='ltr'>δεῖνα</span> <span class='ocrx_word' id='word_1_208' title='bbox 953 2684 1171 2750; x_wconf 78' lang='grc' dir='ltr'>ἀνάξιος</span> <span class='ocrx_word' id='word_1_209' title='bbox 1198 2684 1307 2740; x_wconf 89' lang='grc' dir='ltr'>τῶν</span> <span class='ocrx_word' id='word_1_210' title='bbox 1342 2684 1674 2756; x_wconf 85' lang='grc' dir='ltr'>μυστηρίων,</span> <span class='ocrx_word' id='word_1_211' title='bbox 1706 2683 1948 2739; x_wconf 82' lang='grc' dir='ltr'>κῶλυσον</span> <span class='ocrx_word' id='word_1_212' title='bbox 1973 2684 2074 2748; x_wconf 87' lang='grc' dir='ltr'>τάς</span> 
     </span>
    </p>
   </div>
   <div class='ocr_carea' id='block_1_29' title="bbox 499 2771 2071 2846">
    <p class='ocr_par' dir='ltr' id='par_1_29' title="bbox 499 2771 2071 2846">
     <span class='ocr_line' id='line_1_29' title="bbox 499 2771 2071 2846; baseline -0.001 -19"><span class='ocrx_word' id='word_1_213' title='bbox 499 2773 757 2846; x_wconf 76' lang='grc' dir='ltr'>βεϐήλους</span> <span class='ocrx_word' id='word_1_214' title='bbox 799 2775 1006 2846; x_wconf 88' lang='grc' dir='ltr'>χεῖρας.</span> <span class='ocrx_word' id='word_1_215' title='bbox 1043 2774 1105 2826; x_wconf 66' lang='lat' dir='ltr'><strong>Et</strong></span> <span class='ocrx_word' id='word_1_216' title='bbox 1127 2772 1234 2843; x_wconf 89' lang='lat'>7&amp;9</span> <span class='ocrx_word' id='word_1_217' title='bbox 1269 2772 1403 2843; x_wconf 80' lang='grc' dir='ltr'>μηδὲ</span> <span class='ocrx_word' id='word_1_218' title='bbox 1432 2771 1734 2843; x_wconf 80' lang='grc' dir='ltr'>διηγεῖσθαι</span> <span class='ocrx_word' id='word_1_219' title='bbox 1758 2771 1828 2825; x_wconf 86' lang='grc' dir='ltr'>τὰ</span> <span class='ocrx_word' id='word_1_220' title='bbox 1850 2772 2071 2826; x_wconf 82' lang='grc' dir='ltr'>δικαιὼ-</span> 
     </span>
    </p>
   </div>
   <div class='ocr_carea' id='block_1_30' title="bbox 500 2855 2073 2933">
    <p class='ocr_par' dir='ltr' id='par_1_30' title="bbox 500 2855 2073 2933">
     <span class='ocr_line' id='line_1_30' title="bbox 500 2855 2073 2933; baseline -0.001 -19"><span class='ocrx_word' id='word_1_221' title='bbox 500 2879 646 2933; x_wconf 83' lang='grc' dir='ltr'>ματα</span> <span class='ocrx_word' id='word_1_222' title='bbox 668 2861 835 2927; x_wconf 77' lang='grc' dir='ltr'>ἄξιος,</span> <span class='ocrx_word' id='word_1_223' title='bbox 864 2861 1135 2932; x_wconf 85' lang='grc' dir='ltr'>ἐννόησον,</span> <span class='ocrx_word' id='word_1_224' title='bbox 1156 2855 1212 2913; x_wconf 71' lang='grc' dir='ltr'>οἵ</span> <span class='ocrx_word' id='word_1_225' title='bbox 1230 2858 1564 2931; x_wconf 73' lang='grc' dir='ltr'>προϐήσεται</span> <span class='ocrx_word' id='word_1_226' title='bbox 1590 2860 1658 2913; x_wconf 86' lang='grc' dir='ltr'>τὰ</span> <span class='ocrx_word' id='word_1_227' title='bbox 1681 2860 1780 2929; x_wconf 77' lang='grc' dir='ltr'>τῆς</span> <span class='ocrx_word' id='word_1_228' title='bbox 1800 2859 2073 2925; x_wconf 75' lang='grc' dir='ltr'>κολάσεως</span> 
     </span>
    </p>
   </div>
   <div class='ocr_carea' id='block_1_31' title="bbox 496 2950 2073 3023">
    <p class='ocr_par' dir='ltr' id='par_1_31' title="bbox 496 2950 2073 3023">
     <span class='ocr_line' id='line_1_31' title="bbox 496 2950 2073 3023; baseline -0.002 -15"><span class='ocrx_word' id='word_1_229' title='bbox 496 2952 666 3023; x_wconf 80' lang='grc' dir='ltr'>αὐτῷ,</span> <span class='ocrx_word' id='word_1_230' title='bbox 713 2953 840 3007; x_wconf 80' lang='grc' dir='ltr'>ὅταν</span> <span class='ocrx_word' id='word_1_231' title='bbox 886 2953 981 3006; x_wconf 74' lang='grc' dir='ltr'>καὶ</span> <span class='ocrx_word' id='word_1_232' title='bbox 1029 2950 1132 3018; x_wconf 78' lang='grc' dir='ltr'>τῆς</span> <span class='ocrx_word' id='word_1_233' title='bbox 1177 2951 1329 3022; x_wconf 82' lang='grc' dir='ltr'>ἱερᾶς</span> <span class='ocrx_word' id='word_1_234' title='bbox 1363 2950 1600 3022; x_wconf 72' lang='grc' dir='ltr'>ἅπτηται</span> <span class='ocrx_word' id='word_1_235' title='bbox 1630 2950 1929 3020; x_wconf 74' lang='grc' dir='ltr'>τραπέζης,</span> <span class='ocrx_word' id='word_1_236' title='bbox 1971 2953 2073 3005; x_wconf 87' lang='grc' dir='ltr'>ούκ</span> 
     </span>
    </p>
   </div>
   <div class='ocr_carea' id='block_1_32' title="bbox 497 3035 2074 3113">
    <p class='ocr_par' dir='ltr' id='par_1_32' title="bbox 497 3035 2074 3113">
     <span class='ocr_line' id='line_1_32' title="bbox 497 3035 2074 3113; baseline -0.003 -18"><span class='ocrx_word' id='word_1_237' title='bbox 497 3039 645 3111; x_wconf 78' lang='grc' dir='ltr'>αὐτῷ</span> <span class='ocrx_word' id='word_1_238' title='bbox 671 3040 726 3093; x_wconf 77' lang='grc' dir='ltr'>δὲ</span> <span class='ocrx_word' id='word_1_239' title='bbox 752 3041 931 3111; x_wconf 86' lang='grc' dir='ltr'>μόνον,</span> <span class='ocrx_word' id='word_1_240' title='bbox 970 3038 1107 3095; x_wconf 85' lang='grc' dir='ltr'>ἀλλά</span> <span class='ocrx_word' id='word_1_241' title='bbox 1133 3041 1227 3095; x_wconf 69' lang='grc' dir='ltr'>καλ⁸</span> <span class='ocrx_word' id='word_1_242' title='bbox 1245 3037 1322 3109; x_wconf 82' lang='grc' dir='ltr'>τῷ</span> <span class='ocrx_word' id='word_1_243' title='bbox 1354 3039 1720 3103; x_wconf 73' lang='grc' dir='ltr'>συσκιάζοντι.</span> <span class='ocrx_word' id='word_1_244' title='bbox 1755 3040 1830 3092; x_wconf 84' lang='grc' dir='ltr'>υύ</span> <span class='ocrx_word' id='word_1_245' title='bbox 1856 3039 1965 3113; x_wconf 90' lang='lat'>7&amp;9</span> <span class='ocrx_word' id='word_1_246' title='bbox 1994 3035 2074 3092; x_wconf 76' lang='grc' dir='ltr'>εῖ-</span> 
     </span>
    </p>
   </div>
   <div class='ocr_carea' id='block_1_33' title="bbox 499 3126 2074 3202">
    <p class='ocr_par' dir='ltr' id='par_1_33' title="bbox 499 3126 2074 3202">
     <span class='ocr_line' id='line_1_33' title="bbox 499 3126 2074 3202; baseline -0.002 -17"><span class='ocrx_word' id='word_1_247' title='bbox 499 3148 593 3195; x_wconf 89' lang='grc' dir='ltr'>πε,</span> <span class='ocrx_word' id='word_1_248' title='bbox 633 3132 742 3185; x_wconf 76' lang='grc' dir='ltr'>Καὶ</span> <span class='ocrx_word' id='word_1_249' title='bbox 764 3131 1065 3202; x_wconf 76' lang='grc' dir='ltr'>ἐμοίχευες,</span> <span class='ocrx_word' id='word_1_250' title='bbox 1097 3127 1252 3195; x_wconf 87' lang='grc' dir='ltr'>ἀλλά,</span> <span class='ocrx_word' id='word_1_251' title='bbox 1279 3127 1440 3182; x_wconf 83' lang='grc' dir='ltr'>Μετὰ</span> <span class='ocrx_word' id='word_1_252' title='bbox 1463 3126 1693 3198; x_wconf 78' lang='grc' dir='ltr'>μοιχῶν</span> <span class='ocrx_word' id='word_1_253' title='bbox 1716 3128 1831 3197; x_wconf 74' lang='grc' dir='ltr'>τὴν</span> <span class='ocrx_word' id='word_1_254' title='bbox 1861 3129 2074 3198; x_wconf 83' lang='grc' dir='ltr'>μερίδα</span> 
     </span>
    </p>
   </div>
   <div class='ocr_carea' id='block_1_34' title="bbox 500 3218 2071 3295">
    <p class='ocr_par' dir='ltr' id='par_1_34' title="bbox 500 3218 2071 3295">
     <span class='ocr_line' id='line_1_34' title="bbox 500 3218 2071 3295; baseline 0.002 -21"><span class='ocrx_word' id='word_1_255' title='bbox 500 3221 654 3295; x_wconf 62' lang='grc' dir='ltr'>[25η</span> <span class='ocrx_word' id='word_1_256' title='bbox 681 3238 798 3277; x_wconf 89' lang='grc' dir='ltr'>σου</span> <span class='ocrx_word' id='word_1_257' title='bbox 825 3222 1056 3288; x_wconf 81' lang='grc' dir='ltr'>ἐτίθεις.</span> <span class='ocrx_word' id='word_1_258' title='bbox 1097 3220 1294 3282; x_wconf 76' lang='grc' dir='ltr'>Βαϐαὶ,</span> <span class='ocrx_word' id='word_1_259' title='bbox 1326 3218 1511 3292; x_wconf 84' lang='grc' dir='ltr'>ἡλίκον</span> <span class='ocrx_word' id='word_1_260' title='bbox 1531 3219 1650 3273; x_wconf 70' lang='grc' dir='ltr'>ἐστὶ</span> <span class='ocrx_word' id='word_1_261' title='bbox 1675 3221 1843 3275; x_wconf 81' lang='grc' dir='ltr'>κακὸν</span> <span class='ocrx_word' id='word_1_262' title='bbox 1880 3222 1945 3275; x_wconf 86' lang='grc' dir='ltr'>ἐκ</span> <span class='ocrx_word' id='word_1_263' title='bbox 1975 3223 2071 3277; x_wconf 84' lang='grc' dir='ltr'>τοῦ</span> 
     </span>
    </p>
   </div>
   <div class='ocr_carea' id='block_1_35' title="bbox 499 3309 2075 3389">
    <p class='ocr_par' dir='ltr' id='par_1_35' title="bbox 499 3309 2075 3389">
     <span class='ocr_line' id='line_1_35' title="bbox 499 3309 2075 3389; baseline -0.002 -20"><span class='ocrx_word' id='word_1_264' title='bbox 499 3313 868 3388; x_wconf 81' lang='grc' dir='ltr'>περιστέλλειν</span> <span class='ocrx_word' id='word_1_265' title='bbox 894 3312 1002 3365; x_wconf 91' lang='grc' dir='ltr'>τῶν</span> <span class='ocrx_word' id='word_1_266' title='bbox 1031 3310 1206 3367; x_wconf 81' lang='grc' dir='ltr'>ἄλλων</span> <span class='ocrx_word' id='word_1_267' title='bbox 1237 3310 1335 3374; x_wconf 84' lang='grc' dir='ltr'>τὰς</span> <span class='ocrx_word' id='word_1_268' title='bbox 1369 3309 1685 3380; x_wconf 81' lang='grc' dir='ltr'>σηπεδόνας,</span> <span class='ocrx_word' id='word_1_269' title='bbox 1716 3311 1859 3389; x_wconf 62' lang='grc' dir='ltr'>ὅπου</span> <span class='ocrx_word' id='word_1_270' title='bbox 1887 3327 1951 3380; x_wconf 88' lang='grc' dir='ltr'>γε</span> <span class='ocrx_word' id='word_1_271' title='bbox 1980 3312 2075 3366; x_wconf 72' lang='grc' dir='ltr'>καὶ</span> 
     </span>
    </p>
   </div>
   <div class='ocr_carea' id='block_1_36' title="bbox 501 3399 2073 3473">
    <p class='ocr_par' dir='ltr' id='par_1_36' title="bbox 501 3399 2073 3473">
     <span class='ocr_line' id='line_1_36' title="bbox 501 3399 2073 3473; baseline -0.001 -13"><span class='ocrx_word' id='word_1_272' title='bbox 501 3406 753 3461; x_wconf 78' lang='grc' dir='ltr'>κοινωνὸν</span> <span class='ocrx_word' id='word_1_273' title='bbox 782 3403 942 3460; x_wconf 81' lang='grc' dir='ltr'>αὐτόν</span> <span class='ocrx_word' id='word_1_274' title='bbox 970 3418 1136 3472; x_wconf 87' lang='grc' dir='ltr'>φησιν</span> <span class='ocrx_word' id='word_1_275' title='bbox 1158 3399 1295 3455; x_wconf 79' lang='grc' dir='ltr'>εἶναι</span> <span class='ocrx_word' id='word_1_276' title='bbox 1313 3400 1410 3470; x_wconf 83' lang='grc' dir='ltr'>τῆς</span> <span class='ocrx_word' id='word_1_277' title='bbox 1430 3400 1523 3454; x_wconf 78' lang='grc' dir='ltr'>ἐπὶ</span> <span class='ocrx_word' id='word_1_278' title='bbox 1539 3399 1618 3472; x_wconf 83' lang='grc' dir='ltr'>τῷ</span> <span class='ocrx_word' id='word_1_279' title='bbox 1644 3400 2073 3473; x_wconf 86' lang='grc' dir='ltr'>πλημμελήματι</span> 
     </span>
    </p>
   </div>
   <div class='ocr_carea' id='block_1_37' title="bbox 498 3488 2074 3566">
    <p class='ocr_par' dir='ltr' id='par_1_37' title="bbox 498 3488 2074 3566">
     <span class='ocr_line' id='line_1_37' title="bbox 498 3488 2074 3566; baseline -0.001 -18"><span class='ocrx_word' id='word_1_280' title='bbox 498 3494 786 3566; x_wconf 84' lang='grc' dir='ltr'>τιμωρίας,</span> <span class='ocrx_word' id='word_1_281' title='bbox 817 3493 909 3546; x_wconf 68' lang='grc' dir='ltr'>καὶ</span> <span class='ocrx_word' id='word_1_282' title='bbox 927 3492 1029 3545; x_wconf 82' lang='grc' dir='ltr'>οὐκ</span> <span class='ocrx_word' id='word_1_283' title='bbox 1054 3490 1271 3544; x_wconf 75' lang='grc' dir='ltr'>ἔλαττον</span> <span class='ocrx_word' id='word_1_284' title='bbox 1296 3488 1328 3560; x_wconf 81' lang='grc' dir='ltr'>ἢ</span> <span class='ocrx_word' id='word_1_285' title='bbox 1358 3491 1580 3554; x_wconf 87' lang='grc' dir='ltr'>ἐκεῖνος.</span> <span class='ocrx_word' id='word_1_286' title='bbox 1622 3489 1683 3544; x_wconf 86' lang='lat'><strong>&#39;0</strong></span> <span class='ocrx_word' id='word_1_287' title='bbox 1712 3490 1810 3561; x_wconf 83' lang='grc' dir='ltr'>μὲν</span> <span class='ocrx_word' id='word_1_288' title='bbox 1831 3489 1940 3562; x_wconf 84' lang='grc' dir='ltr'>γὰρ</span> <span class='ocrx_word' id='word_1_289' title='bbox 1962 3491 2074 3563; x_wconf 80' lang='grc' dir='ltr'>ἔχει</span> 
     </span>
    </p>
   </div>
   <div class='ocr_carea' id='block_1_38' title="bbox 502 3577 2070 3651">
    <p class='ocr_par' dir='ltr' id='par_1_38' title="bbox 502 3577 2070 3651">
     <span class='ocr_line' id='line_1_38' title="bbox 502 3577 2070 3651; baseline -0.001 -16"><span class='ocrx_word' id='word_1_290' title='bbox 502 3582 563 3635; x_wconf 81' lang='grc' dir='ltr'>τὸ</span> <span class='ocrx_word' id='word_1_291' title='bbox 595 3581 763 3643; x_wconf 88' lang='grc' dir='ltr'>πάθος</span> <span class='ocrx_word' id='word_1_292' title='bbox 805 3581 1002 3645; x_wconf 78' lang='grc' dir='ltr'>εἰπεῖν,</span> <span class='ocrx_word' id='word_1_293' title='bbox 1051 3580 1102 3632; x_wconf 85' lang='grc' dir='ltr'>εί</span> <span class='ocrx_word' id='word_1_294' title='bbox 1144 3578 1239 3631; x_wconf 78' lang='grc' dir='ltr'>καὶ</span> <span class='ocrx_word' id='word_1_295' title='bbox 1278 3577 1666 3647; x_wconf 90' lang='grc' dir='ltr'>ἀσύγγνωστος</span> <span class='ocrx_word' id='word_1_296' title='bbox 1708 3580 1743 3650; x_wconf 84' lang='grc' dir='ltr'>ὴ</span> <span class='ocrx_word' id='word_1_297' title='bbox 1779 3579 2070 3651; x_wconf 85' lang='grc' dir='ltr'>πρόφασις,</span> 
     </span>
    </p>
   </div>
   <div class='ocr_carea' id='block_1_39' title="bbox 502 3654 2075 3739">
    <p class='ocr_par' dir='ltr' id='par_1_39' title="bbox 502 3654 2075 3739">
     <span class='ocr_line' id='line_1_39' title="bbox 502 3654 2075 3739; baseline 0.001 -18"><span class='ocrx_word' id='word_1_298' title='bbox 502 3667 644 3721; x_wconf 82' lang='grc' dir='ltr'>καθά</span> <span class='ocrx_word' id='word_1_299' title='bbox 668 3667 697 3719; x_wconf 88' lang='grc' dir='ltr'><strong>ὁ</strong></span> <span class='ocrx_word' id='word_1_300' title='bbox 727 3665 962 3739; x_wconf 84' lang='grc' dir='ltr'>κλέπτης</span> <span class='ocrx_word' id='word_1_301' title='bbox 1001 3664 1093 3719; x_wconf 84' lang='grc' dir='ltr'>τδν</span> <span class='ocrx_word' id='word_1_302' title='bbox 1123 3654 1303 3735; x_wconf 61' lang='grc' dir='ltr'>λιμόνδ</span> <span class='ocrx_word' id='word_1_303' title='bbox 1338 3665 1403 3718; x_wconf 76' lang='grc' dir='ltr'>σὺ</span> <span class='ocrx_word' id='word_1_304' title='bbox 1447 3664 1506 3720; x_wconf 67' lang='grc' dir='ltr'>δὲ</span> <span class='ocrx_word' id='word_1_305' title='bbox 1547 3665 1668 3720; x_wconf 76' lang='grc' dir='ltr'>οὐδὲ</span> <span class='ocrx_word' id='word_1_306' title='bbox 1695 3665 1871 3721; x_wconf 80' lang='grc' dir='ltr'>τοῦτο.</span> <span class='ocrx_word' id='word_1_307' title='bbox 1917 3668 2075 3732; x_wconf 88' lang='grc' dir='ltr'>Τίνος</span> 
     </span>
    </p>
   </div>
   <div class='ocr_carea' id='block_1_40' title="bbox 500 3748 2074 3825">
    <p class='ocr_par' dir='ltr' id='par_1_40' title="bbox 500 3748 2074 3825">
     <span class='ocr_line' id='line_1_40' title="bbox 500 3748 2074 3825; baseline -0.002 -16"><span class='ocrx_word' id='word_1_308' title='bbox 500 3751 594 3809; x_wconf 76' lang='grc' dir='ltr'>οὖν</span> <span class='ocrx_word' id='word_1_309' title='bbox 624 3754 831 3819; x_wconf 69' lang='grc' dir='ltr'>ἕνεκεν,</span> <span class='ocrx_word' id='word_1_310' title='bbox 855 3755 954 3825; x_wconf 72' lang='grc' dir='ltr'>τῆς</span> <span class='ocrx_word' id='word_1_311' title='bbox 977 3748 1171 3825; x_wconf 70' lang='grc' dir='ltr'>ἡδονῆς</span> <span class='ocrx_word' id='word_1_312' title='bbox 1198 3751 1299 3806; x_wconf 84' lang='grc' dir='ltr'>ούκ</span> <span class='ocrx_word' id='word_1_313' title='bbox 1322 3749 1630 3817; x_wconf 89' lang='grc' dir='ltr'>ἀπολαύων,</span> <span class='ocrx_word' id='word_1_314' title='bbox 1669 3750 1771 3822; x_wconf 80' lang='grc' dir='ltr'>τῆς</span> <span class='ocrx_word' id='word_1_315' title='bbox 1800 3752 2074 3820; x_wconf 81' lang='grc' dir='ltr'>κολάσεως</span> 
     </span>
    </p>
   </div>
   <div class='ocr_carea' id='block_1_41' title="bbox 502 3841 2074 3919">
    <p class='ocr_par' dir='ltr' id='par_1_41' title="bbox 502 3841 2074 3919">
     <span class='ocr_line' id='line_1_41' title="bbox 502 3841 2074 3919; baseline -0.002 -17"><span class='ocrx_word' id='word_1_316' title='bbox 502 3849 774 3911; x_wconf 84' lang='grc' dir='ltr'>κοινωνεῖς</span> <span class='ocrx_word' id='word_1_317' title='bbox 824 3848 920 3901; x_wconf 76' lang='grc' dir='ltr'>καὶ</span> <span class='ocrx_word' id='word_1_318' title='bbox 976 3845 1240 3919; x_wconf 68' lang='grc' dir='ltr'>μεριστῆς</span> <span class='ocrx_word' id='word_1_319' title='bbox 1278 3843 1433 3917; x_wconf 71' lang='grc' dir='ltr'>γίνῃς</span> <span class='ocrx_word' id='word_1_320' title='bbox 1482 3841 1583 3897; x_wconf 83' lang='grc' dir='ltr'>Διά</span> <span class='ocrx_word' id='word_1_321' title='bbox 1615 3842 1680 3916; x_wconf 81' lang='grc' dir='ltr'>δὴ</span> <span class='ocrx_word' id='word_1_322' title='bbox 1705 3842 1865 3899; x_wconf 77' lang='grc' dir='ltr'>τοῦτο</span> <span class='ocrx_word' id='word_1_323' title='bbox 1892 3845 1985 3899; x_wconf 77' lang='grc' dir='ltr'>καὶ</span> <span class='ocrx_word' id='word_1_324' title='bbox 2023 3846 2074 3899; x_wconf 87' lang='grc' dir='ltr'>οί</span> 
     </span>
    </p>
   </div>
   <div class='ocr_carea' id='block_1_42' title="bbox 501 3932 2076 4006">
    <p class='ocr_par' dir='ltr' id='par_1_42' title="bbox 501 3932 2076 4006">
     <span class='ocr_line' id='line_1_42' title="bbox 501 3932 2076 4006; baseline 0.001 -18"><span class='ocrx_word' id='word_1_325' title='bbox 501 3933 699 4000; x_wconf 68' lang='grc' dir='ltr'>ἔξωθεν</span> <span class='ocrx_word' id='word_1_326' title='bbox 732 3933 982 3988; x_wconf 72' lang='grc' dir='ltr'>δικασταὶ</span> <span class='ocrx_word' id='word_1_327' title='bbox 1010 3934 1131 4006; x_wconf 74' lang='grc' dir='ltr'>οὐχὶ</span> <span class='ocrx_word' id='word_1_328' title='bbox 1151 3934 1278 3998; x_wconf 81' lang='grc' dir='ltr'>τοὺς</span> <span class='ocrx_word' id='word_1_329' title='bbox 1304 3932 1684 4005; x_wconf 83' lang='grc' dir='ltr'>τολμήσαντας</span> <span class='ocrx_word' id='word_1_330' title='bbox 1722 3933 1905 4005; x_wconf 85' lang='grc' dir='ltr'>μόνον,</span> <span class='ocrx_word' id='word_1_331' title='bbox 1936 3933 2076 3991; x_wconf 85' lang='grc' dir='ltr'>ἀλλά</span> 
     </span>
    </p>
   </div>
   <div class='ocr_carea' id='block_1_43' title="bbox 503 4025 2074 4103">
    <p class='ocr_par' dir='ltr' id='par_1_43' title="bbox 503 4025 2074 4103">
     <span class='ocr_line' id='line_1_43' title="bbox 503 4025 2074 4103; baseline 0.003 -21"><span class='ocrx_word' id='word_1_332' title='bbox 503 4030 598 4082; x_wconf 77' lang='grc' dir='ltr'>καὶ</span> <span class='ocrx_word' id='word_1_333' title='bbox 632 4027 742 4082; x_wconf 89' lang='grc' dir='ltr'>τῶν</span> <span class='ocrx_word' id='word_1_334' title='bbox 768 4025 996 4083; x_wconf 80' lang='grc' dir='ltr'>οίκετῶν</span> <span class='ocrx_word' id='word_1_335' title='bbox 1032 4026 1100 4082; x_wconf 80' lang='grc' dir='ltr'>ἂν</span> <span class='ocrx_word' id='word_1_336' title='bbox 1136 4026 1286 4080; x_wconf 85' lang='grc' dir='ltr'>ίδωσι</span> <span class='ocrx_word' id='word_1_337' title='bbox 1319 4027 1626 4091; x_wconf 74' lang='grc' dir='ltr'>συνειδότας</span> <span class='ocrx_word' id='word_1_338' title='bbox 1663 4027 1744 4101; x_wconf 82' lang='grc' dir='ltr'>τῷ</span> <span class='ocrx_word' id='word_1_339' title='bbox 1787 4031 2074 4103; x_wconf 81' lang='grc' dir='ltr'>πράγματι</span> 
     </span>
    </p>
   </div>
   <div class='ocr_carea' id='block_1_44' title="bbox 503 4117 2075 4192">
    <p class='ocr_par' dir='ltr' id='par_1_44' title="bbox 503 4117 2075 4192">
     <span class='ocr_line' id='line_1_44' title="bbox 503 4117 2075 4192; baseline 0.002 -19"><span class='ocrx_word' id='word_1_340' title='bbox 503 4118 809 4185; x_wconf 76' lang='grc' dir='ltr'>κολάζουσι,</span> <span class='ocrx_word' id='word_1_341' title='bbox 829 4118 925 4173; x_wconf 78' lang='grc' dir='ltr'>καὶ</span> <span class='ocrx_word' id='word_1_342' title='bbox 953 4119 1003 4173; x_wconf 85' lang='grc' dir='ltr'>οί</span> <span class='ocrx_word' id='word_1_343' title='bbox 1029 4117 1412 4192; x_wconf 86' lang='grc' dir='ltr'>παραδιδόντες</span> <span class='ocrx_word' id='word_1_344' title='bbox 1437 4118 1694 4174; x_wconf 86' lang='grc' dir='ltr'>δεσπόται</span> <span class='ocrx_word' id='word_1_345' title='bbox 1722 4119 1893 4192; x_wconf 76' lang='grc' dir='ltr'>ἡδέως</span> <span class='ocrx_word' id='word_1_346' title='bbox 1917 4120 1985 4175; x_wconf 85' lang='grc' dir='ltr'>ἀν</span> <span class='ocrx_word' id='word_1_347' title='bbox 2012 4120 2075 4175; x_wconf 83' lang='grc' dir='ltr'>τὺ</span> 
     </span>
    </p>
   </div>
   <div class='ocr_carea' id='block_1_45' title="bbox 502 4206 2069 4282">
    <p class='ocr_par' dir='ltr' id='par_1_45' title="bbox 502 4206 2069 4282">
     <span class='ocr_line' id='line_1_45' title="bbox 502 4206 2069 4282; baseline 0.001 -18"><span class='ocrx_word' id='word_1_348' title='bbox 502 4206 641 4282; x_wconf 85' lang='grc' dir='ltr'>αἷμα</span> <span class='ocrx_word' id='word_1_349' title='bbox 666 4210 845 4266; x_wconf 84' lang='grc' dir='ltr'>αὐτῶν</span> <span class='ocrx_word' id='word_1_350' title='bbox 872 4209 1135 4274; x_wconf 85' lang='grc' dir='ltr'>ἐκπίοιεν,</span> <span class='ocrx_word' id='word_1_351' title='bbox 1159 4209 1383 4266; x_wconf 77' lang='grc' dir='ltr'>καὶτῶν</span> <span class='ocrx_word' id='word_1_352' title='bbox 1414 4210 1632 4280; x_wconf 85' lang='grc' dir='ltr'>σαρκῶν</span> <span class='ocrx_word' id='word_1_353' title='bbox 1655 4210 2069 4280; x_wconf 84' lang='grc' dir='ltr'>ἀπογεύσαιντο,</span> 
     </span>
    </p>
   </div>
   <div class='ocr_carea' id='block_1_46' title="bbox 505 4298 2070 4374">
    <p class='ocr_par' dir='ltr' id='par_1_46' title="bbox 505 4298 2070 4374">
     <span class='ocr_line' id='line_1_46' title="bbox 505 4298 2070 4374; baseline 0.001 -19"><span class='ocrx_word' id='word_1_354' title='bbox 505 4301 600 4355; x_wconf 69' lang='grc' dir='ltr'>καὶ</span> <span class='ocrx_word' id='word_1_355' title='bbox 628 4301 809 4366; x_wconf 80' lang='grc' dir='ltr'>αὐτοῖς</span> <span class='ocrx_word' id='word_1_356' title='bbox 837 4298 1139 4369; x_wconf 71' lang='grc' dir='ltr'>λογίζονται</span> <span class='ocrx_word' id='word_1_357' title='bbox 1172 4300 1270 4373; x_wconf 84' lang='grc' dir='ltr'>τὴν</span> <span class='ocrx_word' id='word_1_358' title='bbox 1304 4299 1553 4368; x_wconf 84' lang='grc' dir='ltr'>ἐξουσίαν</span> <span class='ocrx_word' id='word_1_359' title='bbox 1576 4300 1668 4354; x_wconf 81' lang='grc' dir='ltr'>τοῦ</span> <span class='ocrx_word' id='word_1_360' title='bbox 1703 4302 2070 4374; x_wconf 86' lang='grc' dir='ltr'>γεγενημένου</span> 
     </span>
    </p>
   </div>
   <div class='ocr_carea' id='block_1_47' title="bbox 503 4390 2070 4465">
    <p class='ocr_par' dir='ltr' id='par_1_47' title="bbox 503 4390 2070 4465">
     <span class='ocr_line' id='line_1_47' title="bbox 503 4390 2070 4465; baseline 0.001 -19"><span class='ocrx_word' id='word_1_361' title='bbox 503 4392 604 4446; x_wconf 83' lang='grc' dir='ltr'>οὐκ</span> <span class='ocrx_word' id='word_1_362' title='bbox 632 4392 872 4455; x_wconf 68' lang='grc' dir='ltr'>ἔλαττον,</span> <span class='ocrx_word' id='word_1_363' title='bbox 904 4391 938 4462; x_wconf 78' lang='grc' dir='ltr'>ἢ</span> <span class='ocrx_word' id='word_1_364' title='bbox 973 4393 1039 4464; x_wconf 75' lang='grc' dir='ltr'>τῇ</span> <span class='ocrx_word' id='word_1_365' title='bbox 1070 4390 1439 4465; x_wconf 78' lang='grc' dir='ltr'>μοιχευθείσῃ.</span> <span class='ocrx_word' id='word_1_366' title='bbox 1470 4392 1534 4446; x_wconf 90' lang='grc' dir='ltr'><strong>Οἱ</strong></span> <span class='ocrx_word' id='word_1_367' title='bbox 1569 4391 1677 4463; x_wconf 89' lang='lat'>7&amp;9</span> <span class='ocrx_word' id='word_1_368' title='bbox 1720 4393 1791 4446; x_wconf 85' lang='lat'>1&amp;</span> <span class='ocrx_word' id='word_1_369' title='bbox 1818 4410 2070 4464; x_wconf 77' lang='grc' dir='ltr'>παραπεο</span> 
     </span>
    </p>
   </div>
   <div class='ocr_carea' id='block_1_48' title="bbox 502 4481 2071 4553">
    <p class='ocr_par' dir='ltr' id='par_1_48' title="bbox 502 4481 2071 4553">
     <span class='ocr_line' id='line_1_48' title="bbox 502 4481 2071 4553; baseline 0.001 -16"><span class='ocrx_word' id='word_1_370' title='bbox 502 4483 753 4552; x_wconf 86' lang='grc' dir='ltr'>τάσματα</span> <span class='ocrx_word' id='word_1_371' title='bbox 798 4483 873 4553; x_wconf 84' lang='grc' dir='ltr'>μὴ</span> <span class='ocrx_word' id='word_1_372' title='bbox 905 4481 1340 4546; x_wconf 87' lang='grc' dir='ltr'>ἀναστείλαντες,</span> <span class='ocrx_word' id='word_1_373' title='bbox 1385 4482 1537 4535; x_wconf 69' lang='grc' dir='ltr'>αὐτοὶ</span> <span class='ocrx_word' id='word_1_374' title='bbox 1585 4482 1807 4537; x_wconf 87' lang='grc' dir='ltr'>πλείονα</span> <span class='ocrx_word' id='word_1_375' title='bbox 1848 4484 1948 4548; x_wconf 79' lang='grc' dir='ltr'>τὴν</span> <span class='ocrx_word' id='word_1_376' title='bbox 1981 4486 2071 4552; x_wconf 79' lang='grc' dir='ltr'>ἐξο</span> 
     </span>
    </p>
   </div>
   <div class='ocr_carea' id='block_1_49' title="bbox 503 4567 2070 4649">
    <p class='ocr_par' dir='ltr' id='par_1_49' title="bbox 503 4567 2070 4649">
     <span class='ocr_line' id='line_1_49' title="bbox 503 4567 2070 4649; baseline 0.002 -23"><span class='ocrx_word' id='word_1_377' title='bbox 503 4575 687 4627; x_wconf 87' lang='grc' dir='ltr'>ουσίαν</span> <span class='ocrx_word' id='word_1_378' title='bbox 719 4576 830 4636; x_wconf 86' lang='grc' dir='ltr'>τοῖς</span> <span class='ocrx_word' id='word_1_379' title='bbox 869 4572 1264 4642; x_wconf 83' lang='grc' dir='ltr'>κρυπτομένοις</span> <span class='ocrx_word' id='word_1_380' title='bbox 1307 4570 1621 4625; x_wconf 59' lang='grc' dir='ltr'>δεδώκασιν</span> <span class='ocrx_word' id='word_1_381' title='bbox 1661 4567 1804 4627; x_wconf 76' lang='grc' dir='ltr'>οὗτοι</span> <span class='ocrx_word' id='word_1_382' title='bbox 1844 4577 1939 4629; x_wconf 72' lang='grc' dir='ltr'>καὶ</span> <span class='ocrx_word' id='word_1_383' title='bbox 1972 4575 2070 4649; x_wconf 78' lang='grc' dir='ltr'>τὴν</span> 
     </span>
    </p>
   </div>
   <div class='ocr_carea' id='block_1_50' title="bbox 506 4661 2072 4737">
    <p class='ocr_par' dir='ltr' id='par_1_50' title="bbox 506 4661 2072 4737">
     <span class='ocr_line' id='line_1_50' title="bbox 506 4661 2072 4737; baseline 0.003 -19"><span class='ocrx_word' id='word_1_384' title='bbox 506 4663 882 4736; x_wconf 80' lang='grc' dir='ltr'>μοιχευθεῖσαν</span> <span class='ocrx_word' id='word_1_385' title='bbox 926 4662 1022 4717; x_wconf 75' lang='grc' dir='ltr'>καὶ</span> <span class='ocrx_word' id='word_1_386' title='bbox 1060 4662 1153 4716; x_wconf 75' lang='grc' dir='ltr'>τὸν</span> <span class='ocrx_word' id='word_1_387' title='bbox 1172 4662 1499 4733; x_wconf 74' lang='grc' dir='ltr'>ἠδικημένον</span> <span class='ocrx_word' id='word_1_388' title='bbox 1526 4661 1754 4736; x_wconf 90' lang='grc' dir='ltr'>ὕϐρισαν</span> <span class='ocrx_word' id='word_1_389' title='bbox 1780 4664 1947 4737; x_wconf 82' lang='grc' dir='ltr'>ἀνδρα</span> <span class='ocrx_word' id='word_1_390' title='bbox 1976 4668 2072 4722; x_wconf 68' lang='grc' dir='ltr'>κα)⁸</span> 
     </span>
    </p>
   </div>
   <div class='ocr_carea' id='block_1_51' title="bbox 501 4751 2071 4826">
    <p class='ocr_par' dir='ltr' id='par_1_51' title="bbox 501 4751 2071 4826">
     <span class='ocr_line' id='line_1_51' title="bbox 501 4751 2071 4826; baseline 0.004 -18"><span class='ocrx_word' id='word_1_391' title='bbox 501 4755 663 4809; x_wconf 79' lang='grc' dir='ltr'>αὐτὸν</span> <span class='ocrx_word' id='word_1_392' title='bbox 688 4754 779 4808; x_wconf 81' lang='grc' dir='ltr'>τὸν</span> <span class='ocrx_word' id='word_1_393' title='bbox 810 4753 1193 4825; x_wconf 85' lang='grc' dir='ltr'>μοιχεύσαντα.</span> <span class='ocrx_word' id='word_1_394' title='bbox 1228 4754 1290 4807; x_wconf 71' lang='lat' dir='ltr'>Et</span> <span class='ocrx_word' id='word_1_395' title='bbox 1330 4751 1438 4825; x_wconf 87' lang='lat'>7&amp;9</span> <span class='ocrx_word' id='word_1_396' title='bbox 1479 4755 1975 4826; x_wconf 84' lang='grc' dir='ltr'>προκατήγγειλαν,</span> <span class='ocrx_word' id='word_1_397' title='bbox 2020 4763 2071 4814; x_wconf 86' lang='grc' dir='ltr'>εί</span> 
     </span>
    </p>
   </div>
   <div class='ocr_carea' id='block_1_52' title="bbox 500 4848 2068 4925">
    <p class='ocr_par' dir='ltr' id='par_1_52' title="bbox 500 4848 2068 4925">
     <span class='ocr_line' id='line_1_52' title="bbox 500 4848 2068 4925; baseline 0.005 -22"><span class='ocrx_word' id='word_1_398' title='bbox 500 4849 608 4920; x_wconf 77' lang='grc' dir='ltr'>γὰρ</span> <span class='ocrx_word' id='word_1_399' title='bbox 631 4849 787 4919; x_wconf 80' lang='grc' dir='ltr'>δῆλον</span> <span class='ocrx_word' id='word_1_400' title='bbox 813 4849 1100 4920; x_wconf 85' lang='grc' dir='ltr'>ἐποίησαν,</span> <span class='ocrx_word' id='word_1_401' title='bbox 1132 4850 1312 4904; x_wconf 79' lang='grc' dir='ltr'>πᾶσαν</span> <span class='ocrx_word' id='word_1_402' title='bbox 1345 4848 1411 4904; x_wconf 80' lang='grc' dir='ltr'>ἂν</span> <span class='ocrx_word' id='word_1_403' title='bbox 1440 4849 1539 4922; x_wconf 76' lang='grc' dir='ltr'>τὴν</span> <span class='ocrx_word' id='word_1_404' title='bbox 1575 4851 1751 4924; x_wconf 84' lang='grc' dir='ltr'>ἄγραν</span> <span class='ocrx_word' id='word_1_405' title='bbox 1779 4853 2068 4925; x_wconf 81' lang='grc' dir='ltr'>ἐσόϐησαν.</span> 
     </span>
    </p>
   </div>
   <div class='ocr_carea' id='block_1_53' title="bbox 501 4940 2070 5015">
    <p class='ocr_par' dir='ltr' id='par_1_53' title="bbox 501 4940 2070 5015">
     <span class='ocr_line' id='line_1_53' title="bbox 501 4940 2070 5015; baseline 0.003 -20"><span class='ocrx_word' id='word_1_406' title='bbox 501 4942 612 4996; x_wconf 75' lang='grc' dir='ltr'>Καὶ</span> <span class='ocrx_word' id='word_1_407' title='bbox 650 4940 901 5011; x_wconf 87' lang='grc' dir='ltr'>καθάπερ</span> <span class='ocrx_word' id='word_1_408' title='bbox 933 4941 1130 4994; x_wconf 88' lang='grc' dir='ltr'>ἐκεῖνοι</span> <span class='ocrx_word' id='word_1_409' title='bbox 1172 4940 1406 5011; x_wconf 87' lang='grc' dir='ltr'>μάλιστά</span> <span class='ocrx_word' id='word_1_410' title='bbox 1441 4944 1580 4997; x_wconf 90' lang='grc' dir='ltr'>είσιν</span> <span class='ocrx_word' id='word_1_411' title='bbox 1626 4944 1675 4998; x_wconf 88' lang='grc' dir='ltr'>οί</span> <span class='ocrx_word' id='word_1_412' title='bbox 1711 4944 2070 5015; x_wconf 84' lang='grc' dir='ltr'>ἐμϐάλλοντες</span> 
     </span>
    </p>
   </div>
   <div class='ocr_carea' id='block_1_54' title="bbox 498 5030 2071 5105">
    <p class='ocr_par' dir='ltr' id='par_1_54' title="bbox 498 5030 2071 5105">
     <span class='ocr_line' id='line_1_54' title="bbox 498 5030 2071 5105; baseline 0.003 -17"><span class='ocrx_word' id='word_1_413' title='bbox 498 5036 579 5099; x_wconf 86' lang='grc' dir='ltr'>είς</span> <span class='ocrx_word' id='word_1_414' title='bbox 614 5033 712 5098; x_wconf 84' lang='grc' dir='ltr'>τάς</span> <span class='ocrx_word' id='word_1_415' title='bbox 753 5032 956 5101; x_wconf 85' lang='grc' dir='ltr'>πάγας,</span> <span class='ocrx_word' id='word_1_416' title='bbox 1006 5032 1057 5086; x_wconf 84' lang='grc' dir='ltr'>οῖ</span> <span class='ocrx_word' id='word_1_417' title='bbox 1102 5030 1200 5095; x_wconf 86' lang='grc' dir='ltr'>τάς</span> <span class='ocrx_word' id='word_1_418' title='bbox 1241 5031 1424 5102; x_wconf 88' lang='grc' dir='ltr'>πάγας</span> <span class='ocrx_word' id='word_1_419' title='bbox 1479 5034 1934 5105; x_wconf 83' lang='grc' dir='ltr'>περιστέλλοντες,</span> <span class='ocrx_word' id='word_1_420' title='bbox 1974 5039 2071 5092; x_wconf 82' lang='grc' dir='ltr'>καὶ</span> 
     </span>
    </p>
   </div>
   <div class='ocr_carea' id='block_1_55' title="bbox 500 5123 2068 5198">
    <p class='ocr_par' dir='ltr' id='par_1_55' title="bbox 500 5123 2068 5198">
     <span class='ocr_line' id='line_1_55' title="bbox 500 5123 2068 5198; baseline 0.003 -19"><span class='ocrx_word' id='word_1_421' title='bbox 500 5124 927 5198; x_wconf 83' lang='grc' dir='ltr'>περικαθήμενοι</span> <span class='ocrx_word' id='word_1_422' title='bbox 950 5125 1061 5188; x_wconf 87' lang='grc' dir='ltr'>τοῖς</span> <span class='ocrx_word' id='word_1_423' title='bbox 1081 5123 1364 5196; x_wconf 83' lang='grc' dir='ltr'>μέλλουσιν</span> <span class='ocrx_word' id='word_1_424' title='bbox 1383 5124 1721 5191; x_wconf 81' lang='grc' dir='ltr'>ἁλίσκεσθαι,</span> <span class='ocrx_word' id='word_1_425' title='bbox 1753 5127 1847 5181; x_wconf 70' lang='grc' dir='ltr'>καλ⁸</span> <span class='ocrx_word' id='word_1_426' title='bbox 1869 5127 2068 5183; x_wconf 77' lang='grc' dir='ltr'>πάντοο</span> 
     </span>
    </p>
   </div>
   <div class='ocr_carea' id='block_1_56' title="bbox 498 5215 2068 5291">
    <p class='ocr_par' dir='ltr' id='par_1_56' title="bbox 498 5215 2068 5291">
     <span class='ocr_line' id='line_1_56' title="bbox 498 5215 2068 5291; baseline 0.003 -20"><span class='ocrx_word' id='word_1_427' title='bbox 498 5216 590 5271; x_wconf 90' lang='grc' dir='ltr'>θεν</span> <span class='ocrx_word' id='word_1_428' title='bbox 618 5217 833 5272; x_wconf 73' lang='grc' dir='ltr'>ἅπαντα</span> <span class='ocrx_word' id='word_1_429' title='bbox 861 5215 1191 5286; x_wconf 85' lang='grc' dir='ltr'>κρύπτοντες</span> <span class='ocrx_word' id='word_1_430' title='bbox 1217 5215 1387 5282; x_wconf 80' lang='grc' dir='ltr'>δόλον,</span> <span class='ocrx_word' id='word_1_431' title='bbox 1413 5217 1508 5273; x_wconf 76' lang='grc' dir='ltr'>καὶ</span> <span class='ocrx_word' id='word_1_432' title='bbox 1545 5219 1682 5290; x_wconf 82' lang='grc' dir='ltr'>μήτε</span> <span class='ocrx_word' id='word_1_433' title='bbox 1709 5217 1903 5290; x_wconf 78' lang='grc' dir='ltr'>ψόφον,</span> <span class='ocrx_word' id='word_1_434' title='bbox 1930 5220 2068 5291; x_wconf 79' lang='grc' dir='ltr'>μήτε</span> 
     </span>
    </p>
   </div>
   <div class='ocr_carea' id='block_1_57' title="bbox 438 5307 2070 5383">
    <p class='ocr_par' dir='ltr' id='par_1_57' title="bbox 438 5307 2070 5383">
     <span class='ocr_line' id='line_1_57' title="bbox 438 5307 2070 5383; baseline 0.001 -19"><span class='ocrx_word' id='word_1_435' title='bbox 438 5366 457 5383; x_wconf 38' lang='grc' dir='ltr'><strong>κ</strong></span> <span class='ocrx_word' id='word_1_436' title='bbox 497 5309 626 5363; x_wconf 83' lang='grc' dir='ltr'>ἀλλο</span> <span class='ocrx_word' id='word_1_437' title='bbox 658 5325 713 5364; x_wconf 91' lang='grc' dir='ltr'>τι</span> <span class='ocrx_word' id='word_1_438' title='bbox 741 5307 1149 5380; x_wconf 80' lang='grc' dir='ltr'>συγχωροῦντες</span> <span class='ocrx_word' id='word_1_439' title='bbox 1184 5307 1438 5376; x_wconf 85' lang='grc' dir='ltr'>γενέσθαι</span> <span class='ocrx_word' id='word_1_440' title='bbox 1470 5309 1530 5363; x_wconf 83' lang='grc' dir='ltr'>τὸ</span> <span class='ocrx_word' id='word_1_441' title='bbox 1568 5310 1865 5382; x_wconf 82' lang='grc' dir='ltr'>δυνάμενον</span> <span class='ocrx_word' id='word_1_442' title='bbox 1907 5311 2070 5383; x_wconf 84' lang='grc' dir='ltr'>σοϐῆ-</span> 
     </span>
    </p>
   </div>
   <div class='ocr_carea' id='block_1_58' title="bbox 559 5481 1987 5550">
    <p class='ocr_par' dir='ltr' id='par_1_58' title="bbox 559 5481 1987 5550">
     <span class='ocr_line' id='line_1_58' title="bbox 559 5481 1987 5550; baseline 0.003 -18"><span class='ocrx_word' id='word_1_443' title='bbox 559 5484 587 5550; x_wconf 72' lang='lat'>_&#39;</span> <span class='ocrx_word' id='word_1_444' title='bbox 612 5482 700 5550; x_wconf 65' lang='grc' dir='ltr'>δίο</span> <span class='ocrx_word' id='word_1_445' title='bbox 718 5492 834 5533; x_wconf 80' lang='lat' dir='ltr'>mss.</span> <span class='ocrx_word' id='word_1_446' title='bbox 856 5490 912 5532; x_wconf 76' lang='lat' dir='ltr'><strong>et</strong></span> <span class='ocrx_word' id='word_1_447' title='bbox 932 5483 1104 5550; x_wconf 48' lang='lat'><strong>8311).,</strong></span> <span class='ocrx_word' id='word_1_448' title='bbox 1118 5486 1279 5550; x_wconf 54' lang='lat' dir='ltr'>lecte.</span> <span class='ocrx_word' id='word_1_449' title='bbox 1303 5481 1475 5550; x_wconf 51' lang='lat' dir='ltr'>gos-el.</span> <span class='ocrx_word' id='word_1_450' title='bbox 1502 5483 1697 5550; x_wconf 65' lang='lat' dir='ltr'>e_t_Reg,</span> <span class='ocrx_word' id='word_1_451' title='bbox 1720 5487 1987 5550; x_wconf 74' lang='grc' dir='ltr'>ὕπεεέλθῃς.</span> 
     </span>
    </p>
   </div>
   <div class='ocr_carea' id='block_1_59' title="bbox 561 5543 2066 5608">
    <p class='ocr_par' dir='ltr' id='par_1_59' title="bbox 561 5543 2066 5608">
     <span class='ocr_line' id='line_1_59' title="bbox 561 5543 2066 5608; baseline 0.005 -16"><span class='ocrx_word' id='word_1_452' title='bbox 561 5543 590 5584; x_wconf 78' lang='grc' dir='ltr'>ιι</span> <span class='ocrx_word' id='word_1_453' title='bbox 610 5545 768 5608; x_wconf 77' lang='lat' dir='ltr'>Deest.</span> <span class='ocrx_word' id='word_1_454' title='bbox 804 5546 1088 5608; x_wconf 53' lang='grc' dir='ltr'>παρασταίη</span> <span class='ocrx_word' id='word_1_455' title='bbox 1118 5545 1265 5608; x_wconf 77' lang='lat' dir='ltr'>Reg.,</span> <span class='ocrx_word' id='word_1_456' title='bbox 1295 5543 1421 5608; x_wconf 58' lang='lat' dir='ltr'>Mog.</span> <span class='ocrx_word' id='word_1_457' title='bbox 1449 5550 1504 5594; x_wconf 73' lang='lat' dir='ltr'><strong>et</strong></span> <span class='ocrx_word' id='word_1_458' title='bbox 1534 5543 1701 5596; x_wconf 63' lang='grc' dir='ltr'>Μοοῐιν.</span> <span class='ocrx_word' id='word_1_459' title='bbox 1734 5548 1863 5598; x_wconf 81' lang='lat' dir='ltr'><strong>Illud</strong></span> <span class='ocrx_word' id='word_1_460' title='bbox 1899 5543 2066 5600; x_wconf 62' lang='lat' dir='ltr'>almam</span> 
     </span>
    </p>
   </div>
   <div class='ocr_carea' id='block_1_60' title="bbox 496 5602 2065 5735">
    <p class='ocr_par' dir='ltr' id='par_1_60' title="bbox 496 5602 2065 5735">
     <span class='ocr_line' id='line_1_60' title="bbox 496 5602 1505 5668; baseline -0.001 -12"><span class='ocrx_word' id='word_1_461' title='bbox 496 5602 781 5668; x_wconf 64' lang='lat' dir='ltr'>suppletum</span> <span class='ocrx_word' id='word_1_462' title='bbox 802 5602 886 5654; x_wconf 63' lang='lat' dir='ltr'>esi</span> <span class='ocrx_word' id='word_1_463' title='bbox 900 5618 929 5654; x_wconf 87' lang='grc' dir='ltr'>ο</span> <span class='ocrx_word' id='word_1_464' title='bbox 950 5606 1084 5656; x_wconf 83' lang='lat' dir='ltr'>Colh.</span> <span class='ocrx_word' id='word_1_465' title='bbox 1119 5615 1176 5654; x_wconf 73' lang='lat' dir='ltr'><strong>et</strong></span> <span class='ocrx_word' id='word_1_466' title='bbox 1194 5602 1345 5656; x_wconf 60' lang='grc' dir='ltr'>εάνιι.</span> <span class='ocrx_word' id='word_1_467' title='bbox 1370 5605 1505 5655; x_wconf 81' lang='lat' dir='ltr'>Enrr.</span> 
     </span>
     <span class='ocr_line' id='line_1_61' title="bbox 564 5666 2065 5735; baseline 0.002 -20"><span class='ocrx_word' id='word_1_468' title='bbox 564 5670 588 5699; x_wconf 68' lang='grc' dir='ltr'>θ</span> <span class='ocrx_word' id='word_1_469' title='bbox 619 5666 753 5735; x_wconf 32' lang='grc' dir='ltr'>υοιιδε</span> <span class='ocrx_word' id='word_1_470' title='bbox 794 5666 917 5735; x_wconf 36' lang='grc' dir='ltr'>ῌιεε.</span> <span class='ocrx_word' id='word_1_471' title='bbox 935 5667 1021 5735; x_wconf 76' lang='grc' dir='ltr'>τήν</span> <span class='ocrx_word' id='word_1_472' title='bbox 1055 5666 1248 5735; x_wconf 42' lang='grc' dir='ltr'>τούτων,</span> <span class='ocrx_word' id='word_1_473' title='bbox 1267 5668 1509 5735; x_wconf 68' lang='grc' dir='ltr'>διανομήν.</span> <span class='ocrx_word' id='word_1_474' title='bbox 1522 5667 1666 5735; x_wconf 73' lang='lat' dir='ltr'>_{nfra</span> <span class='ocrx_word' id='word_1_475' title='bbox 1690 5669 1738 5718; x_wconf 82' lang='grc' dir='ltr'>οῐ</span> <span class='ocrx_word' id='word_1_476' title='bbox 1774 5671 2065 5735; x_wconf 74' lang='grc' dir='ltr'>προϐήσεται</span> 
     </span>
    </p>
   </div>
   <div class='ocr_carea' id='block_1_61' title="bbox 498 5727 1725 5792">
    <p class='ocr_par' dir='ltr' id='par_1_61' title="bbox 498 5727 1725 5792">
     <span class='ocr_line' id='line_1_62' title="bbox 498 5727 1725 5792; baseline 0 -15"><span class='ocrx_word' id='word_1_477' title='bbox 498 5740 615 5778; x_wconf 67' lang='lat' dir='ltr'>mss.</span> <span class='ocrx_word' id='word_1_478' title='bbox 635 5732 689 5778; x_wconf 77' lang='lat' dir='ltr'><strong>et</strong></span> <span class='ocrx_word' id='word_1_479' title='bbox 708 5727 889 5787; x_wconf 64' lang='lat' dir='ltr'>Savil.,</span> <span class='ocrx_word' id='word_1_480' title='bbox 915 5734 1066 5777; x_wconf 71' lang='lat' dir='ltr'>recte.</span> <span class='ocrx_word' id='word_1_481' title='bbox 1097 5727 1268 5777; x_wconf 68' lang='lat' dir='ltr'>Morel.</span> <span class='ocrx_word' id='word_1_482' title='bbox 1298 5727 1725 5792; x_wconf 78' lang='grc' dir='ltr'>οίονπροϐήσεται.</span> 
     </span>
    </p>
   </div>
   <div class='ocr_carea' id='block_1_62' title="bbox 1167 308 3019 371">
    <p class='ocr_par' dir='ltr' id='par_1_62' title="bbox 1167 308 3019 371">
     <span class='ocr_line' id='line_1_63' title="bbox 1167 308 3019 371; baseline 0.001 -1"><span class='ocrx_word' id='word_1_483' title='bbox 1167 314 1225 370; x_wconf 87' lang='lat' dir='ltr'>S.</span> <span class='ocrx_word' id='word_1_484' title='bbox 1263 311 1548 371; x_wconf 74' lang='lat' dir='ltr'>JOANNIS</span> <span class='ocrx_word' id='word_1_485' title='bbox 1584 308 2076 369; x_wconf 76' lang='lat' dir='ltr'>CHRYSOSTOMI</span> <span class='ocrx_word' id='word_1_486' title='bbox 2115 310 2435 368; x_wconf 81' lang='lat' dir='ltr'>ARCHIEP.</span> <span class='ocrx_word' id='word_1_487' title='bbox 2475 313 3019 371; x_wconf 67' lang='lat' dir='ltr'>(ZONSTANTINOP.</span> 
     </span>
    </p>
   </div>
   <div class='ocr_carea' id='block_1_63' title="bbox 3648 301 3750 358">
    <p class='ocr_par' dir='ltr' id='par_1_63' title="bbox 3648 301 3750 358">
     <span class='ocr_line' id='line_1_64' title="bbox 3648 301 3750 358; baseline 0.02 -2"><span class='ocrx_word' id='word_1_488' title='bbox 3648 301 3750 358; x_wconf 67' lang='grc'>256</span> 
     </span>
    </p>
   </div>
   <div class='ocr_carea' id='block_1_64' title="bbox 2175 422 3746 498">
    <p class='ocr_par' dir='ltr' id='par_1_64' title="bbox 2175 422 3746 498">
     <span class='ocr_line' id='line_1_65' title="bbox 2175 422 3746 498; baseline -0.001 -21"><span class='ocrx_word' id='word_1_489' title='bbox 2175 441 2265 478; x_wconf 92' lang='grc' dir='ltr'>σαι</span> <span class='ocrx_word' id='word_1_490' title='bbox 2293 425 2392 496; x_wconf 77' lang='grc' dir='ltr'>τὴν</span> <span class='ocrx_word' id='word_1_491' title='bbox 2414 424 2605 497; x_wconf 81' lang='grc' dir='ltr'>θήραν·</span> <span class='ocrx_word' id='word_1_492' title='bbox 2627 426 2769 480; x_wconf 88' lang='grc' dir='ltr'>οὕτω</span> <span class='ocrx_word' id='word_1_493' title='bbox 2788 427 2851 498; x_wconf 76' lang='grc' dir='ltr'>δὴ</span> <span class='ocrx_word' id='word_1_494' title='bbox 2876 428 2971 481; x_wconf 81' lang='grc' dir='ltr'>καὶ</span> <span class='ocrx_word' id='word_1_495' title='bbox 2999 424 3250 485; x_wconf 81' lang='grc' dir='ltr'>ἐνταῦθα.</span> <span class='ocrx_word' id='word_1_496' title='bbox 3270 425 3335 480; x_wconf 82' lang='grc' dir='ltr'>ἂν</span> <span class='ocrx_word' id='word_1_497' title='bbox 3365 422 3746 496; x_wconf 67' lang='grc' dir='ltr'>παρακαθίσης</span> 
     </span>
    </p>
   </div>
   <div class='ocr_carea' id='block_1_65' title="bbox 2172 510 3746 584">
    <p class='ocr_par' dir='ltr' id='par_1_65' title="bbox 2172 510 3746 584">
     <span class='ocr_line' id='line_1_66' title="bbox 2172 510 3746 584; baseline 0.001 -20"><span class='ocrx_word' id='word_1_498' title='bbox 2172 514 2238 583; x_wconf 81' lang='grc' dir='ltr'>τῇ</span> <span class='ocrx_word' id='word_1_499' title='bbox 2262 528 2344 566; x_wconf 84' lang='grc' dir='ltr'>κει</span> <span class='ocrx_word' id='word_1_500' title='bbox 2353 512 2490 584; x_wconf 80' lang='grc' dir='ltr'>μένη</span> <span class='ocrx_word' id='word_1_501' title='bbox 2520 514 2669 584; x_wconf 85' lang='grc' dir='ltr'>παρά</span> <span class='ocrx_word' id='word_1_502' title='bbox 2694 515 2789 567; x_wconf 81' lang='grc' dir='ltr'>του</span> <span class='ocrx_word' id='word_1_503' title='bbox 2815 514 3060 568; x_wconf 89' lang='grc' dir='ltr'>διαϐόλου</span> <span class='ocrx_word' id='word_1_504' title='bbox 3091 513 3295 582; x_wconf 85' lang='grc' dir='ltr'>παγίδι.</span> <span class='ocrx_word' id='word_1_505' title='bbox 3327 513 3419 566; x_wconf 70' lang='grc' dir='ltr'>καὶ</span> <span class='ocrx_word' id='word_1_506' title='bbox 3442 510 3600 575; x_wconf 81' lang='grc' dir='ltr'>εἰδὼς</span> <span class='ocrx_word' id='word_1_507' title='bbox 3628 510 3746 581; x_wconf 72' lang='grc' dir='ltr'>μέλι</span> 
     </span>
    </p>
   </div>
   <div class='ocr_carea' id='block_1_66' title="bbox 2172 596 3747 672">
    <p class='ocr_par' dir='ltr' id='par_1_66' title="bbox 2172 596 3747 672">
     <span class='ocr_line' id='line_1_67' title="bbox 2172 596 3747 672; baseline 0 -21"><span class='ocrx_word' id='word_1_508' title='bbox 2172 598 2330 653; x_wconf 86' lang='grc' dir='ltr'>λοντα</span> <span class='ocrx_word' id='word_1_509' title='bbox 2380 601 2673 670; x_wconf 77' lang='grc' dir='ltr'>ἐμπίπτειν</span> <span class='ocrx_word' id='word_1_510' title='bbox 2720 600 2810 654; x_wconf 78' lang='grc' dir='ltr'>τὸν</span> <span class='ocrx_word' id='word_1_511' title='bbox 2865 600 3049 672; x_wconf 78' lang='grc' dir='ltr'>μοιχὸν</span> <span class='ocrx_word' id='word_1_512' title='bbox 3103 599 3178 671; x_wconf 84' lang='grc' dir='ltr'>μὴ</span> <span class='ocrx_word' id='word_1_513' title='bbox 3230 597 3555 671; x_wconf 76' lang='grc' dir='ltr'>θορυϐήσης.</span> <span class='ocrx_word' id='word_1_514' title='bbox 3610 596 3747 668; x_wconf 72' lang='grc' dir='ltr'>μηδὲ</span> 
     </span>
    </p>
   </div>
   <div class='ocr_carea' id='block_1_67' title="bbox 2174 686 3304 758">
    <p class='ocr_par' dir='ltr' id='par_1_67' title="bbox 2174 686 3304 758">
     <span class='ocr_line' id='line_1_68' title="bbox 2174 686 3304 758; baseline -0.002 -18"><span class='ocrx_word' id='word_1_515' title='bbox 2174 686 2437 758; x_wconf 86' lang='grc' dir='ltr'>πτοήσῃς,</span> <span class='ocrx_word' id='word_1_516' title='bbox 2459 686 2581 740; x_wconf 85' lang='grc' dir='ltr'>τότε</span> <span class='ocrx_word' id='word_1_517' title='bbox 2621 687 2857 757; x_wconf 82' lang='grc' dir='ltr'>μάλιστα</span> <span class='ocrx_word' id='word_1_518' title='bbox 2881 687 3043 740; x_wconf 77' lang='grc' dir='ltr'>αὐτὸν</span> <span class='ocrx_word' id='word_1_519' title='bbox 3065 686 3304 747; x_wconf 88' lang='grc' dir='ltr'>ἀπολεῖς.</span> 
     </span>
    </p>
   </div>
   <div class='ocr_carea' id='block_1_68' title="bbox 2241 768 3748 844">
    <p class='ocr_par' dir='ltr' id='par_1_68' title="bbox 2241 768 3748 844">
     <span class='ocr_line' id='line_1_69' title="bbox 2241 768 3748 844; baseline -0.002 -17"><span class='ocrx_word' id='word_1_520' title='bbox 2241 773 2334 844; x_wconf 81' lang='grc' dir='ltr'>Μὴ</span> <span class='ocrx_word' id='word_1_521' title='bbox 2359 772 2468 841; x_wconf 88' lang='grc' dir='ltr'>γάρ</span> <span class='ocrx_word' id='word_1_522' title='bbox 2506 788 2598 843; x_wconf 87' lang='grc' dir='ltr'>μοι</span> <span class='ocrx_word' id='word_1_523' title='bbox 2631 775 2809 828; x_wconf 84' lang='grc' dir='ltr'>ἐκεῖνο</span> <span class='ocrx_word' id='word_1_524' title='bbox 2836 772 2897 827; x_wconf 83' lang='grc' dir='ltr'>τὺ</span> <span class='ocrx_word' id='word_1_525' title='bbox 2934 773 3087 843; x_wconf 80' lang='grc' dir='ltr'>ῥῆμα</span> <span class='ocrx_word' id='word_1_526' title='bbox 3114 771 3241 840; x_wconf 84' lang='grc' dir='ltr'>λέγε</span> <span class='ocrx_word' id='word_1_527' title='bbox 3263 770 3322 824; x_wconf 80' lang='grc' dir='ltr'>τὸ</span> <span class='ocrx_word' id='word_1_528' title='bbox 3355 768 3558 841; x_wconf 77' lang='grc' dir='ltr'>πολλῆς</span> <span class='ocrx_word' id='word_1_529' title='bbox 3579 768 3748 841; x_wconf 81' lang='grc' dir='ltr'>γέμον</span> 
     </span>
    </p>
   </div>
   <div class='ocr_carea' id='block_1_69' title="bbox 2172 857 3744 932">
    <p class='ocr_par' dir='ltr' id='par_1_69' title="bbox 2172 857 3744 932">
     <span class='ocr_line' id='line_1_70' title="bbox 2172 857 3744 932; baseline -0.003 -17"><span class='ocrx_word' id='word_1_530' title='bbox 2172 859 2524 930; x_wconf 61' lang='grc' dir='ltr'>ἀναλγησίας</span> <span class='ocrx_word' id='word_1_531' title='bbox 2556 859 2621 913; x_wconf 86' lang='grc' dir='ltr'>Τί</span> <span class='ocrx_word' id='word_1_532' title='bbox 2655 861 2713 916; x_wconf 83' lang='grc' dir='ltr'>δέ</span> <span class='ocrx_word' id='word_1_533' title='bbox 2751 878 2842 932; x_wconf 91' lang='grc' dir='ltr'>μοι</span> <span class='ocrx_word' id='word_1_534' title='bbox 2875 860 3063 931; x_wconf 85' lang='grc' dir='ltr'>μέλει;</span> <span class='ocrx_word' id='word_1_535' title='bbox 3099 860 3167 913; x_wconf 75' lang='grc' dir='ltr'>τὰ</span> <span class='ocrx_word' id='word_1_536' title='bbox 3207 857 3441 929; x_wconf 87' lang='grc' dir='ltr'>ἐμαυτοῦ</span> <span class='ocrx_word' id='word_1_537' title='bbox 3475 857 3744 929; x_wconf 75' lang='grc' dir='ltr'>μεριμνῶο</span> 
     </span>
    </p>
   </div>
   <div class='ocr_carea' id='block_1_70' title="bbox 2171 943 3749 1019">
    <p class='ocr_par' dir='ltr' id='par_1_70' title="bbox 2171 943 3749 1019">
     <span class='ocr_line' id='line_1_71' title="bbox 2171 943 3749 1019; baseline 0 -19"><span class='ocrx_word' id='word_1_538' title='bbox 2171 947 2293 1001; x_wconf 87' lang='grc' dir='ltr'>τότε</span> <span class='ocrx_word' id='word_1_539' title='bbox 2331 946 2440 1018; x_wconf 81' lang='grc' dir='ltr'>γάρ</span> <span class='ocrx_word' id='word_1_540' title='bbox 2477 947 2710 1019; x_wconf 81' lang='grc' dir='ltr'>μάλιστα</span> <span class='ocrx_word' id='word_1_541' title='bbox 2763 949 3119 1019; x_wconf 87' lang='grc' dir='ltr'>μεριμνήσεις</span> <span class='ocrx_word' id='word_1_542' title='bbox 3163 945 3234 1000; x_wconf 86' lang='grc' dir='ltr'>τά</span> <span class='ocrx_word' id='word_1_543' title='bbox 3282 943 3370 1001; x_wconf 86' lang='grc' dir='ltr'>σά.</span> <span class='ocrx_word' id='word_1_544' title='bbox 3410 945 3538 999; x_wconf 83' lang='grc' dir='ltr'>ὅταν</span> <span class='ocrx_word' id='word_1_545' title='bbox 3577 946 3645 998; x_wconf 74' lang='grc' dir='ltr'>τὰ</span> <span class='ocrx_word' id='word_1_546' title='bbox 3680 945 3749 1000; x_wconf 77' lang='grc' dir='ltr'>σά</span> 
     </span>
    </p>
   </div>
   <div class='ocr_carea' id='block_1_71' title="bbox 2173 1030 3748 1106">
    <p class='ocr_par' dir='ltr' id='par_1_71' title="bbox 2173 1030 3748 1106">
     <span class='ocr_line' id='line_1_72' title="bbox 2173 1030 3748 1106; baseline -0.008 -7"><span class='ocrx_word' id='word_1_547' title='bbox 2173 1031 2341 1106; x_wconf 76' lang='grc' dir='ltr'>ζητῇς</span> <span class='ocrx_word' id='word_1_548' title='bbox 2371 1036 2430 1089; x_wconf 81' lang='grc' dir='ltr'>ἐν</span> <span class='ocrx_word' id='word_1_549' title='bbox 2461 1034 2539 1105; x_wconf 82' lang='grc' dir='ltr'>τῷ</span> <span class='ocrx_word' id='word_1_550' title='bbox 2564 1032 2660 1087; x_wconf 81' lang='grc' dir='ltr'>τοῦ</span> <span class='ocrx_word' id='word_1_551' title='bbox 2690 1032 2914 1105; x_wconf 88' lang='grc' dir='ltr'>πλησίον</span> <span class='ocrx_word' id='word_1_552' title='bbox 2945 1032 3293 1104; x_wconf 87' lang='grc' dir='ltr'>συμφέροντι.</span> <span class='ocrx_word' id='word_1_553' title='bbox 3317 1030 3409 1084; x_wconf 80' lang='grc' dir='ltr'>Διὸ</span> <span class='ocrx_word' id='word_1_554' title='bbox 3432 1030 3527 1085; x_wconf 73' lang='grc' dir='ltr'>καὶ</span> <span class='ocrx_word' id='word_1_555' title='bbox 3551 1034 3580 1085; x_wconf 89' lang='grc' dir='ltr'>ό</span> <span class='ocrx_word' id='word_1_556' title='bbox 3613 1033 3748 1086; x_wconf 84' lang='grc' dir='ltr'>Παύ-</span> 
     </span>
    </p>
   </div>
   <div class='ocr_carea' id='block_1_72' title="bbox 2170 1114 3747 1192">
    <p class='ocr_par' dir='ltr' id='par_1_72' title="bbox 2170 1114 3747 1192">
     <span class='ocr_line' id='line_1_73' title="bbox 2170 1114 3747 1192; baseline 0.002 -17"><span class='ocrx_word' id='word_1_557' title='bbox 2170 1121 2262 1187; x_wconf 88' lang='grc' dir='ltr'>λος</span> <span class='ocrx_word' id='word_1_558' title='bbox 2290 1121 2462 1192; x_wconf 71' lang='grc' dir='ltr'>ἔλεγε·</span> <span class='ocrx_word' id='word_1_559' title='bbox 2493 1121 2716 1191; x_wconf 67' lang='grc' dir='ltr'>Μηδεὶς</span> <span class='ocrx_word' id='word_1_560' title='bbox 2746 1122 2812 1176; x_wconf 84' lang='grc' dir='ltr'>τὸ</span> <span class='ocrx_word' id='word_1_561' title='bbox 2832 1120 3049 1176; x_wconf 80' lang='grc' dir='ltr'>ἑαυτοῦ</span> <span class='ocrx_word' id='word_1_562' title='bbox 3077 1120 3332 1189; x_wconf 77' lang='grc' dir='ltr'>ζητείτω,</span> <span class='ocrx_word' id='word_1_563' title='bbox 3363 1120 3526 1176; x_wconf 79' lang='grc' dir='ltr'>ἀλλὰ</span> <span class='ocrx_word' id='word_1_564' title='bbox 3553 1121 3617 1175; x_wconf 80' lang='grc' dir='ltr'>τό</span> <span class='ocrx_word' id='word_1_565' title='bbox 3644 1114 3747 1178; x_wconf 83' lang='grc' dir='ltr'>τοῦ</span> 
     </span>
    </p>
   </div>
   <div class='ocr_carea' id='block_1_73' title="bbox 2172 1210 3748 1286">
    <p class='ocr_par' dir='ltr' id='par_1_73' title="bbox 2172 1210 3748 1286">
     <span class='ocr_line' id='line_1_74' title="bbox 2172 1210 3748 1286; baseline -0.002 -18"><span class='ocrx_word' id='word_1_566' title='bbox 2172 1212 2398 1283; x_wconf 72' lang='grc' dir='ltr'>ἐτέρου.</span> <span class='ocrx_word' id='word_1_567' title='bbox 2435 1213 2571 1279; x_wconf 88' lang='grc' dir='ltr'>Ἰνα,</span> <span class='ocrx_word' id='word_1_568' title='bbox 2606 1215 2790 1285; x_wconf 76' lang='grc' dir='ltr'>φησὶν,</span> <span class='ocrx_word' id='word_1_569' title='bbox 2823 1212 2990 1286; x_wconf 77' lang='grc' dir='ltr'>εὕρῃς</span> <span class='ocrx_word' id='word_1_570' title='bbox 3019 1212 3080 1266; x_wconf 84' lang='grc' dir='ltr'>τὸ</span> <span class='ocrx_word' id='word_1_571' title='bbox 3107 1211 3328 1278; x_wconf 82' lang='grc' dir='ltr'>σαυτοῦ,</span> <span class='ocrx_word' id='word_1_572' title='bbox 3360 1210 3512 1283; x_wconf 83' lang='grc' dir='ltr'>ζήτει</span> <span class='ocrx_word' id='word_1_573' title='bbox 3553 1213 3616 1267; x_wconf 78' lang='grc' dir='ltr'>τὸ</span> <span class='ocrx_word' id='word_1_574' title='bbox 3656 1212 3748 1268; x_wconf 80' lang='grc' dir='ltr'>τοῦ</span> 
     </span>
    </p>
   </div>
   <div class='ocr_carea' id='block_1_74' title="bbox 2173 1301 3749 1374">
    <p class='ocr_par' dir='ltr' id='par_1_74' title="bbox 2173 1301 3749 1374">
     <span class='ocr_line' id='line_1_75' title="bbox 2173 1301 3749 1374; baseline 0.001 -20"><span class='ocrx_word' id='word_1_575' title='bbox 2173 1301 2382 1374; x_wconf 82' lang='grc' dir='ltr'>ἐτέρου.</span> <span class='ocrx_word' id='word_1_576' title='bbox 2420 1302 2491 1357; x_wconf 80' lang='grc' dir='ltr'>Τὸ</span> <span class='ocrx_word' id='word_1_577' title='bbox 2527 1304 2719 1372; x_wconf 80' lang='grc' dir='ltr'>στόμα</span> <span class='ocrx_word' id='word_1_578' title='bbox 2749 1318 2865 1356; x_wconf 90' lang='grc' dir='ltr'>σου</span> <span class='ocrx_word' id='word_1_579' title='bbox 2907 1301 3243 1356; x_wconf 72' lang='grc' dir='ltr'>ἐπλεόνασε</span> <span class='ocrx_word' id='word_1_580' title='bbox 3289 1301 3530 1362; x_wconf 69' lang='grc' dir='ltr'>κακίαν.</span> <span class='ocrx_word' id='word_1_581' title='bbox 3580 1301 3679 1355; x_wconf 81' lang='grc' dir='ltr'>καί</span> <span class='ocrx_word' id='word_1_582' title='bbox 3707 1310 3749 1370; x_wconf 66' lang='grc' dir='ltr'>η</span> 
     </span>
    </p>
   </div>
   <div class='ocr_carea' id='block_1_75' title="bbox 2171 1386 3752 1458">
    <p class='ocr_par' dir='ltr' id='par_1_75' title="bbox 2171 1386 3752 1458">
     <span class='ocr_line' id='line_1_76' title="bbox 2171 1386 3752 1458; baseline -0.001 -16"><span class='ocrx_word' id='word_1_583' title='bbox 2171 1388 2425 1458; x_wconf 68' lang='grc' dir='ltr'>γλῶσσὰ</span> <span class='ocrx_word' id='word_1_584' title='bbox 2451 1404 2569 1444; x_wconf 80' lang='grc' dir='ltr'>σου</span> <span class='ocrx_word' id='word_1_585' title='bbox 2604 1389 2951 1458; x_wconf 79' lang='grc' dir='ltr'>περιέπλεκε</span> <span class='ocrx_word' id='word_1_586' title='bbox 2996 1386 3363 1456; x_wconf 81' lang='grc' dir='ltr'>δολιότητας.</span> <span class='ocrx_word' id='word_1_587' title='bbox 3404 1387 3752 1457; x_wconf 73' lang='grc' dir='ltr'>Καθήμενος</span> 
     </span>
    </p>
   </div>
   <div class='ocr_carea' id='block_1_76' title="bbox 2172 1476 3751 1550">
    <p class='ocr_par' dir='ltr' id='par_1_76' title="bbox 2172 1476 3751 1550">
     <span class='ocr_line' id='line_1_77' title="bbox 2172 1476 3751 1550; baseline -0.002 -15"><span class='ocrx_word' id='word_1_588' title='bbox 2172 1480 2322 1535; x_wconf 77' lang='grc' dir='ltr'>κατὰ</span> <span class='ocrx_word' id='word_1_589' title='bbox 2344 1481 2450 1535; x_wconf 90' lang='grc' dir='ltr'>τοῦ</span> <span class='ocrx_word' id='word_1_590' title='bbox 2472 1480 2739 1550; x_wconf 64' lang='grc' dir='ltr'>ἀδελφοῦ</span> <span class='ocrx_word' id='word_1_591' title='bbox 2776 1496 2893 1535; x_wconf 92' lang='grc' dir='ltr'>σου</span> <span class='ocrx_word' id='word_1_592' title='bbox 2924 1478 3295 1544; x_wconf 77' lang='grc' dir='ltr'>κατελάλεις,</span> <span class='ocrx_word' id='word_1_593' title='bbox 3330 1478 3429 1533; x_wconf 80' lang='grc' dir='ltr'>καί</span> <span class='ocrx_word' id='word_1_594' title='bbox 3458 1478 3611 1533; x_wconf 79' lang='grc' dir='ltr'>κατὰ</span> <span class='ocrx_word' id='word_1_595' title='bbox 3646 1476 3751 1532; x_wconf 88' lang='grc' dir='ltr'>τοῦ</span> 
     </span>
    </p>
   </div>
   <div class='ocr_carea' id='block_1_77' title="bbox 2172 1567 3751 1642">
    <p class='ocr_par' dir='ltr' id='par_1_77' title="bbox 2172 1567 3751 1642">
     <span class='ocr_line' id='line_1_78' title="bbox 2172 1567 3751 1642; baseline -0.002 -18"><span class='ocrx_word' id='word_1_596' title='bbox 2172 1569 2307 1624; x_wconf 88' lang='grc' dir='ltr'>υίοῦ</span> <span class='ocrx_word' id='word_1_597' title='bbox 2340 1570 2449 1638; x_wconf 82' lang='grc' dir='ltr'>τῆς</span> <span class='ocrx_word' id='word_1_598' title='bbox 2463 1572 2690 1640; x_wconf 83' lang='grc' dir='ltr'>μητρός</span> <span class='ocrx_word' id='word_1_599' title='bbox 2716 1585 2834 1624; x_wconf 86' lang='grc' dir='ltr'>σου</span> <span class='ocrx_word' id='word_1_600' title='bbox 2855 1568 3067 1634; x_wconf 83' lang='grc' dir='ltr'>ἐτίθεις</span> <span class='ocrx_word' id='word_1_601' title='bbox 3102 1567 3470 1622; x_wconf 78' lang='grc' dir='ltr'>σκάνδαλον.</span> <span class='ocrx_word' id='word_1_602' title='bbox 3503 1567 3623 1621; x_wconf 79' lang='grc' dir='ltr'>Ἵνα</span> <span class='ocrx_word' id='word_1_603' title='bbox 3643 1567 3751 1642; x_wconf 86' lang='lat'>7&amp;9</span> 
     </span>
    </p>
   </div>
   <div class='ocr_carea' id='block_1_78' title="bbox 2177 1656 3749 1733">
    <p class='ocr_par' dir='ltr' id='par_1_78' title="bbox 2177 1656 3749 1733">
     <span class='ocr_line' id='line_1_79' title="bbox 2177 1656 3749 1733; baseline 0.003 -25"><span class='ocrx_word' id='word_1_604' title='bbox 2177 1660 2253 1733; x_wconf 72' lang='grc' dir='ltr'>μὴ</span> <span class='ocrx_word' id='word_1_605' title='bbox 2289 1660 2422 1733; x_wconf 76' lang='grc' dir='ltr'>λέγῃ</span> <span class='ocrx_word' id='word_1_606' title='bbox 2448 1678 2464 1693; x_wconf 75' lang='grc' dir='ltr'><strong>ο</strong></span> <span class='ocrx_word' id='word_1_607' title='bbox 2504 1662 2636 1716; x_wconf 82' lang='grc' dir='ltr'>Ἀπὸ</span> <span class='ocrx_word' id='word_1_608' title='bbox 2662 1659 3072 1733; x_wconf 76' lang='grc' dir='ltr'>φιλανθρωπίας</span> <span class='ocrx_word' id='word_1_609' title='bbox 3116 1656 3291 1712; x_wconf 81' lang='grc' dir='ltr'>ταῦτα</span> <span class='ocrx_word' id='word_1_610' title='bbox 3315 1657 3490 1711; x_wconf 88' lang='grc' dir='ltr'>ποιῶ·</span> <span class='ocrx_word' id='word_1_611' title='bbox 3522 1658 3749 1729; x_wconf 81' lang='grc' dir='ltr'>μάλιστα</span> 
     </span>
    </p>
   </div>
   <div class='ocr_carea' id='block_1_79' title="bbox 2177 1749 3750 1824">
    <p class='ocr_par' dir='ltr' id='par_1_79' title="bbox 2177 1749 3750 1824">
     <span class='ocr_line' id='line_1_80' title="bbox 2177 1749 3750 1824; baseline -0.002 -18"><span class='ocrx_word' id='word_1_612' title='bbox 2177 1754 2297 1822; x_wconf 80' lang='grc' dir='ltr'>μὲν,</span> <span class='ocrx_word' id='word_1_613' title='bbox 2335 1754 2463 1807; x_wconf 90' lang='grc' dir='ltr'>ποία</span> <span class='ocrx_word' id='word_1_614' title='bbox 2503 1752 2570 1807; x_wconf 80' lang='grc' dir='ltr'>ἂν</span> <span class='ocrx_word' id='word_1_615' title='bbox 2601 1753 2688 1824; x_wconf 82' lang='grc' dir='ltr'>εῖη</span> <span class='ocrx_word' id='word_1_616' title='bbox 2726 1753 2882 1807; x_wconf 83' lang='grc' dir='ltr'>τοῦτο</span> <span class='ocrx_word' id='word_1_617' title='bbox 2913 1750 3323 1823; x_wconf 83' lang='grc' dir='ltr'>φιλανθρωπία,</span> <span class='ocrx_word' id='word_1_618' title='bbox 3352 1751 3446 1805; x_wconf 83' lang='grc' dir='ltr'>τὸν</span> <span class='ocrx_word' id='word_1_619' title='bbox 3491 1749 3750 1822; x_wconf 85' lang='grc' dir='ltr'>μέλλοντα</span> 
     </span>
    </p>
   </div>
   <div class='ocr_carea' id='block_1_80' title="bbox 2174 1839 3750 1916">
    <p class='ocr_par' dir='ltr' id='par_1_80' title="bbox 2174 1839 3750 1916">
     <span class='ocr_line' id='line_1_81' title="bbox 2174 1839 3750 1916; baseline -0.003 -19"><span class='ocrx_word' id='word_1_620' title='bbox 2174 1845 2254 1907; x_wconf 87' lang='grc' dir='ltr'>είς</span> <span class='ocrx_word' id='word_1_621' title='bbox 2281 1843 2555 1916; x_wconf 86' lang='grc' dir='ltr'>βάραθρον</span> <span class='ocrx_word' id='word_1_622' title='bbox 2591 1843 2886 1915; x_wconf 84' lang='grc' dir='ltr'>ἐμπίπτειν</span> <span class='ocrx_word' id='word_1_623' title='bbox 2925 1841 2999 1913; x_wconf 78' lang='grc' dir='ltr'>μὴ</span> <span class='ocrx_word' id='word_1_624' title='bbox 3035 1840 3285 1906; x_wconf 87' lang='grc' dir='ltr'>κωλύειν,</span> <span class='ocrx_word' id='word_1_625' title='bbox 3325 1839 3459 1911; x_wconf 86' lang='grc' dir='ltr'>μηδέ</span> <span class='ocrx_word' id='word_1_626' title='bbox 3489 1840 3750 1894; x_wconf 74' lang='grc' dir='ltr'>ἀναστέλ-</span> 
     </span>
    </p>
   </div>
   <div class='ocr_carea' id='block_1_81' title="bbox 2174 1926 3750 2003">
    <p class='ocr_par' dir='ltr' id='par_1_81' title="bbox 2174 1926 3750 2003">
     <span class='ocr_line' id='line_1_82' title="bbox 2174 1926 3750 2003; baseline -0.004 -19"><span class='ocrx_word' id='word_1_627' title='bbox 2174 1930 2317 1996; x_wconf 87' lang='grc' dir='ltr'>λειν;</span> <span class='ocrx_word' id='word_1_628' title='bbox 2347 1932 2409 1985; x_wconf 79' lang='grc' dir='ltr'>τὸ</span> <span class='ocrx_word' id='word_1_629' title='bbox 2440 1930 2760 2003; x_wconf 79' lang='grc' dir='ltr'>χαρίζεσθαι</span> <span class='ocrx_word' id='word_1_630' title='bbox 2781 1929 2941 2001; x_wconf 81' lang='grc' dir='ltr'>ἡδονῇ</span> <span class='ocrx_word' id='word_1_631' title='bbox 2970 1929 3174 1999; x_wconf 84' lang='grc' dir='ltr'>ἀδίκῳ;</span> <span class='ocrx_word' id='word_1_632' title='bbox 3204 1928 3265 1981; x_wconf 82' lang='grc' dir='ltr'>τὸ</span> <span class='ocrx_word' id='word_1_633' title='bbox 3304 1928 3563 1999; x_wconf 77' lang='grc' dir='ltr'>περιορᾷν</span> <span class='ocrx_word' id='word_1_634' title='bbox 3588 1926 3750 1999; x_wconf 84' lang='grc' dir='ltr'>δηλη-</span> 
     </span>
    </p>
   </div>
   <div class='ocr_carea' id='block_1_82' title="bbox 2173 2011 3752 2090">
    <p class='ocr_par' dir='ltr' id='par_1_82' title="bbox 2173 2011 3752 2090">
     <span class='ocr_line' id='line_1_83' title="bbox 2173 2011 3752 2090; baseline -0.005 -18"><span class='ocrx_word' id='word_1_635' title='bbox 2173 2020 2360 2089; x_wconf 80' lang='grc' dir='ltr'>τήριον</span> <span class='ocrx_word' id='word_1_636' title='bbox 2394 2019 2685 2090; x_wconf 84' lang='grc' dir='ltr'>φάρμακον</span> <span class='ocrx_word' id='word_1_637' title='bbox 2714 2016 2936 2070; x_wconf 88' lang='grc' dir='ltr'>πίνοντα</span> <span class='ocrx_word' id='word_1_638' title='bbox 2961 2032 2976 2081; x_wconf 87' lang='grc'><strong>;</strong></span> <span class='ocrx_word' id='word_1_639' title='bbox 3003 2013 3148 2086; x_wconf 81' lang='grc' dir='ltr'>Πλὴν</span> <span class='ocrx_word' id='word_1_640' title='bbox 3174 2012 3288 2067; x_wconf 81' lang='grc' dir='ltr'>ἀλλ’</span> <span class='ocrx_word' id='word_1_641' title='bbox 3320 2012 3444 2066; x_wconf 80' lang='grc' dir='ltr'>οὐδὲ</span> <span class='ocrx_word' id='word_1_642' title='bbox 3469 2011 3630 2066; x_wconf 79' lang='grc' dir='ltr'>τοῦτο</span> <span class='ocrx_word' id='word_1_643' title='bbox 3663 2012 3752 2065; x_wconf 79' lang='grc' dir='ltr'>δυο</span> 
     </span>
    </p>
   </div>
   <div class='ocr_carea' id='block_1_83' title="bbox 2174 2106 3749 2182">
    <p class='ocr_par' dir='ltr' id='par_1_83' title="bbox 2174 2106 3749 2182">
     <span class='ocr_line' id='line_1_84' title="bbox 2174 2106 3749 2182; baseline -0.001 -21"><span class='ocrx_word' id='word_1_644' title='bbox 2174 2109 2316 2182; x_wconf 77' lang='grc' dir='ltr'>νήσῃ</span> <span class='ocrx_word' id='word_1_645' title='bbox 2341 2107 2538 2176; x_wconf 87' lang='grc' dir='ltr'>λέγειν.</span> <span class='ocrx_word' id='word_1_646' title='bbox 2574 2109 2697 2162; x_wconf 83' lang='grc' dir='ltr'>Ὅτι</span> <span class='ocrx_word' id='word_1_647' title='bbox 2735 2108 2844 2180; x_wconf 82' lang='grc' dir='ltr'>γὰρ</span> <span class='ocrx_word' id='word_1_648' title='bbox 2875 2108 2936 2161; x_wconf 83' lang='grc' dir='ltr'>ού</span> <span class='ocrx_word' id='word_1_649' title='bbox 2977 2106 3386 2182; x_wconf 86' lang='grc' dir='ltr'>φιλανθρωπίας</span> <span class='ocrx_word' id='word_1_650' title='bbox 3420 2106 3602 2169; x_wconf 81' lang='grc' dir='ltr'>τοῦτο,</span> <span class='ocrx_word' id='word_1_651' title='bbox 3638 2106 3749 2160; x_wconf 83' lang='grc' dir='ltr'>ἀλλ’</span> 
     </span>
    </p>
   </div>
   <div class='ocr_carea' id='block_1_84' title="bbox 2177 2193 3751 2266">
    <p class='ocr_par' dir='ltr' id='par_1_84' title="bbox 2177 2193 3751 2266">
     <span class='ocr_line' id='line_1_85' title="bbox 2177 2193 3751 2266; baseline -0.001 -17"><span class='ocrx_word' id='word_1_652' title='bbox 2177 2195 2345 2250; x_wconf 89' lang='grc' dir='ltr'>ὕπνου</span> <span class='ocrx_word' id='word_1_653' title='bbox 2381 2198 2475 2249; x_wconf 80' lang='grc' dir='ltr'>καὶ</span> <span class='ocrx_word' id='word_1_654' title='bbox 2500 2195 2727 2260; x_wconf 86' lang='grc' dir='ltr'>νωθείας</span> <span class='ocrx_word' id='word_1_655' title='bbox 2753 2196 2847 2250; x_wconf 65' lang='grc' dir='ltr'>καὶ</span> <span class='ocrx_word' id='word_1_656' title='bbox 2875 2195 3169 2266; x_wconf 79' lang='grc' dir='ltr'>ῥᾳθυμίας,</span> <span class='ocrx_word' id='word_1_657' title='bbox 3200 2195 3315 2259; x_wconf 90' lang='grc' dir='ltr'>πῶς</span> <span class='ocrx_word' id='word_1_658' title='bbox 3339 2195 3431 2249; x_wconf 81' lang='grc' dir='ltr'>τὸν</span> <span class='ocrx_word' id='word_1_659' title='bbox 3464 2193 3751 2248; x_wconf 80' lang='grc' dir='ltr'>ἀδικοῦντα</span> 
     </span>
    </p>
   </div>
   <div class='ocr_carea' id='block_1_85' title="bbox 2175 2281 3748 2354">
    <p class='ocr_par' dir='ltr' id='par_1_85' title="bbox 2175 2281 3748 2354">
     <span class='ocr_line' id='line_1_86' title="bbox 2175 2281 3748 2354; baseline -0.001 -17"><span class='ocrx_word' id='word_1_660' title='bbox 2175 2284 2334 2352; x_wconf 81' lang='grc' dir='ltr'>ἀφεὶς</span> <span class='ocrx_word' id='word_1_661' title='bbox 2372 2283 2464 2336; x_wconf 78' lang='grc' dir='ltr'>τὸν</span> <span class='ocrx_word' id='word_1_662' title='bbox 2503 2283 2655 2337; x_wconf 78' lang='grc' dir='ltr'>οὐδὲν</span> <span class='ocrx_word' id='word_1_663' title='bbox 2698 2282 2994 2354; x_wconf 74' lang='grc' dir='ltr'>ἠδικηκότα</span> <span class='ocrx_word' id='word_1_664' title='bbox 3041 2282 3270 2351; x_wconf 82' lang='grc' dir='ltr'>ἀδελφὸν</span> <span class='ocrx_word' id='word_1_665' title='bbox 3308 2281 3495 2346; x_wconf 87' lang='grc' dir='ltr'>κακῶς</span> <span class='ocrx_word' id='word_1_666' title='bbox 3533 2281 3748 2349; x_wconf 80' lang='grc' dir='ltr'>λέγεις;</span> 
     </span>
    </p>
   </div>
   <div class='ocr_carea' id='block_1_86' title="bbox 2177 2371 3751 2444">
    <p class='ocr_par' dir='ltr' id='par_1_86' title="bbox 2177 2371 3751 2444">
     <span class='ocr_line' id='line_1_87' title="bbox 2177 2371 3751 2444; baseline -0.001 -19"><span class='ocrx_word' id='word_1_667' title='bbox 2177 2373 2296 2436; x_wconf 88' lang='grc' dir='ltr'>πῶς</span> <span class='ocrx_word' id='word_1_668' title='bbox 2324 2372 2687 2437; x_wconf 87' lang='grc' dir='ltr'>ἐπιϐουλεύεις</span> <span class='ocrx_word' id='word_1_669' title='bbox 2710 2372 2787 2443; x_wconf 84' lang='grc' dir='ltr'>τῷ</span> <span class='ocrx_word' id='word_1_670' title='bbox 2818 2372 2983 2444; x_wconf 79' lang='grc' dir='ltr'>μηδὲν</span> <span class='ocrx_word' id='word_1_671' title='bbox 3006 2372 3308 2442; x_wconf 53' lang='grc' dir='ltr'>¹ίπδικηκότι,</span> <span class='ocrx_word' id='word_1_672' title='bbox 3341 2371 3477 2442; x_wconf 82' lang='grc' dir='ltr'>μηδὲ</span> <span class='ocrx_word' id='word_1_673' title='bbox 3506 2372 3751 2441; x_wconf 84' lang='grc' dir='ltr'>πεπλημ-</span> 
     </span>
    </p>
   </div>
   <div class='ocr_carea' id='block_1_87' title="bbox 2179 2462 3750 2534">
    <p class='ocr_par' dir='ltr' id='par_1_87' title="bbox 2179 2462 3750 2534">
     <span class='ocr_line' id='line_1_88' title="bbox 2179 2462 3750 2534; baseline -0.001 -19"><span class='ocrx_word' id='word_1_674' title='bbox 2179 2462 2466 2534; x_wconf 82' lang='grc' dir='ltr'>μεληκότι;</span> <span class='ocrx_word' id='word_1_675' title='bbox 2493 2462 2636 2534; x_wconf 88' lang='grc' dir='ltr'>Ὅρα</span> <span class='ocrx_word' id='word_1_676' title='bbox 2661 2462 2861 2516; x_wconf 82' lang='grc' dir='ltr'>κακίαν</span> <span class='ocrx_word' id='word_1_677' title='bbox 2903 2462 3242 2533; x_wconf 79' lang='grc' dir='ltr'>ἑκατέρωθεν</span> <span class='ocrx_word' id='word_1_678' title='bbox 3267 2463 3347 2525; x_wconf 90' lang='grc' dir='ltr'>είς</span> <span class='ocrx_word' id='word_1_679' title='bbox 3381 2462 3552 2531; x_wconf 83' lang='grc' dir='ltr'>ἀκρον</span> <span class='ocrx_word' id='word_1_680' title='bbox 3577 2462 3750 2515; x_wconf 85' lang='grc' dir='ltr'>ἐκτει-</span> 
     </span>
    </p>
   </div>
   <div class='ocr_carea' id='block_1_88' title="bbox 2176 2544 3748 2621">
    <p class='ocr_par' dir='ltr' id='par_1_88' title="bbox 2176 2544 3748 2621">
     <span class='ocr_line' id='line_1_89' title="bbox 2176 2544 3748 2621; baseline -0.004 -17"><span class='ocrx_word' id='word_1_681' title='bbox 2176 2550 2427 2621; x_wconf 82' lang='grc' dir='ltr'>νομένην.</span> <span class='ocrx_word' id='word_1_682' title='bbox 2462 2549 2566 2603; x_wconf 81' lang='grc' dir='ltr'>Τὸν</span> <span class='ocrx_word' id='word_1_683' title='bbox 2613 2549 2710 2620; x_wconf 77' lang='grc' dir='ltr'>μὲν</span> <span class='ocrx_word' id='word_1_684' title='bbox 2746 2547 2852 2601; x_wconf 79' lang='grc' dir='ltr'>ὑπὸ</span> <span class='ocrx_word' id='word_1_685' title='bbox 2891 2548 2991 2617; x_wconf 82' lang='grc' dir='ltr'>τῆς</span> <span class='ocrx_word' id='word_1_686' title='bbox 3035 2546 3331 2617; x_wconf 82' lang='grc' dir='ltr'>ἐπιθυμίας</span> <span class='ocrx_word' id='word_1_687' title='bbox 3380 2544 3646 2616; x_wconf 85' lang='grc' dir='ltr'>μεθύοντα</span> <span class='ocrx_word' id='word_1_688' title='bbox 3689 2545 3748 2598; x_wconf 83' lang='grc' dir='ltr'>ού</span> 
     </span>
    </p>
   </div>
   <div class='ocr_carea' id='block_1_89' title="bbox 2177 2631 3751 2707">
    <p class='ocr_par' dir='ltr' id='par_1_89' title="bbox 2177 2631 3751 2707">
     <span class='ocr_line' id='line_1_90' title="bbox 2177 2631 3751 2707; baseline -0.006 -15"><span class='ocrx_word' id='word_1_689' title='bbox 2177 2635 2408 2700; x_wconf 87' lang='grc' dir='ltr'>κωλύεις</span> <span class='ocrx_word' id='word_1_690' title='bbox 2428 2635 2668 2707; x_wconf 87' lang='grc' dir='ltr'>μεθύειν,</span> <span class='ocrx_word' id='word_1_691' title='bbox 2703 2635 2845 2691; x_wconf 81' lang='grc' dir='ltr'>ὥστε</span> <span class='ocrx_word' id='word_1_692' title='bbox 2866 2633 3233 2705; x_wconf 85' lang='grc' dir='ltr'>σωφρονῆσαι,</span> <span class='ocrx_word' id='word_1_693' title='bbox 3253 2632 3346 2687; x_wconf 71' lang='grc' dir='ltr'>τὸν</span> <span class='ocrx_word' id='word_1_694' title='bbox 3375 2631 3433 2685; x_wconf 87' lang='grc' dir='ltr'>δέ</span> <span class='ocrx_word' id='word_1_695' title='bbox 3469 2631 3619 2685; x_wconf 78' lang='grc' dir='ltr'>οὐδὲν</span> <span class='ocrx_word' id='word_1_696' title='bbox 3640 2631 3751 2701; x_wconf 67' lang='grc' dir='ltr'>ἠδι-</span> 
     </span>
    </p>
   </div>
   <div class='ocr_carea' id='block_1_90' title="bbox 2178 2719 3750 2798">
    <p class='ocr_par' dir='ltr' id='par_1_90' title="bbox 2178 2719 3750 2798">
     <span class='ocr_line' id='line_1_91' title="bbox 2178 2719 3750 2798; baseline -0.004 -18"><span class='ocrx_word' id='word_1_697' title='bbox 2178 2725 2383 2798; x_wconf 87' lang='grc' dir='ltr'>κηκότα</span> <span class='ocrx_word' id='word_1_698' title='bbox 2420 2724 2685 2791; x_wconf 75' lang='grc' dir='ltr'>κολάζεις.</span> <span class='ocrx_word' id='word_1_699' title='bbox 2727 2723 3072 2794; x_wconf 79' lang='grc' dir='ltr'>Καθήμενος</span> <span class='ocrx_word' id='word_1_700' title='bbox 3109 2722 3220 2793; x_wconf 89' lang='lat'>7&amp;9</span> <span class='ocrx_word' id='word_1_701' title='bbox 3259 2721 3410 2775; x_wconf 82' lang='grc' dir='ltr'>κατὰ</span> <span class='ocrx_word' id='word_1_702' title='bbox 3442 2720 3548 2775; x_wconf 87' lang='grc' dir='ltr'>τοῦ</span> <span class='ocrx_word' id='word_1_703' title='bbox 3577 2719 3750 2774; x_wconf 79' lang='grc' dir='ltr'>ἀδελ-</span> 
     </span>
    </p>
   </div>
   <div class='ocr_carea' id='block_1_91' title="bbox 2176 2809 3749 2886">
    <p class='ocr_par' dir='ltr' id='par_1_91' title="bbox 2176 2809 3749 2886">
     <span class='ocr_line' id='line_1_92' title="bbox 2176 2809 3749 2886; baseline 0 -15"><span class='ocrx_word' id='word_1_704' title='bbox 2176 2818 2294 2886; x_wconf 76' lang='grc' dir='ltr'>φοῦ</span> <span class='ocrx_word' id='word_1_705' title='bbox 2320 2831 2438 2871; x_wconf 90' lang='grc' dir='ltr'>σου</span> <span class='ocrx_word' id='word_1_706' title='bbox 2468 2817 2839 2883; x_wconf 67' lang='grc' dir='ltr'>ωτελὰλεις,</span> <span class='ocrx_word' id='word_1_707' title='bbox 2871 2815 2970 2869; x_wconf 77' lang='grc' dir='ltr'>καί</span> <span class='ocrx_word' id='word_1_708' title='bbox 3002 2815 3153 2869; x_wconf 85' lang='grc' dir='ltr'>κατὰ</span> <span class='ocrx_word' id='word_1_709' title='bbox 3191 2812 3299 2869; x_wconf 87' lang='grc' dir='ltr'>τοῦ</span> <span class='ocrx_word' id='word_1_710' title='bbox 3322 2813 3458 2869; x_wconf 74' lang='grc' dir='ltr'>υἱοῦ</span> <span class='ocrx_word' id='word_1_711' title='bbox 3495 2809 3606 2881; x_wconf 79' lang='grc' dir='ltr'>τῆς</span> <span class='ocrx_word' id='word_1_712' title='bbox 3639 2827 3749 2881; x_wconf 77' lang='grc' dir='ltr'>μη-</span> 
     </span>
    </p>
   </div>
   <div class='ocr_carea' id='block_1_92' title="bbox 2177 2902 3095 2974">
    <p class='ocr_par' dir='ltr' id='par_1_92' title="bbox 2177 2902 3095 2974">
     <span class='ocr_line' id='line_1_93' title="bbox 2177 2902 3095 2974; baseline -0.001 -16"><span class='ocrx_word' id='word_1_713' title='bbox 2177 2906 2315 2974; x_wconf 84' lang='grc' dir='ltr'>τρός</span> <span class='ocrx_word' id='word_1_714' title='bbox 2343 2920 2461 2958; x_wconf 90' lang='grc' dir='ltr'>σου</span> <span class='ocrx_word' id='word_1_715' title='bbox 2484 2903 2698 2970; x_wconf 77' lang='grc' dir='ltr'>ἐτίθεις</span> <span class='ocrx_word' id='word_1_716' title='bbox 2721 2902 3095 2957; x_wconf 75' lang='grc' dir='ltr'>σκάνδαλον.</span> 
     </span>
    </p>
   </div>
   <div class='ocr_carea' id='block_1_93' title="bbox 2247 2989 3749 3066">
    <p class='ocr_par' dir='ltr' id='par_1_93' title="bbox 2247 2989 3749 3066">
     <span class='ocr_line' id='line_1_94' title="bbox 2247 2989 3749 3066; baseline -0.004 -18"><span class='ocrx_word' id='word_1_717' title='bbox 2247 2994 2312 3048; x_wconf 86' lang='grc' dir='ltr'>θ’.</span> <span class='ocrx_word' id='word_1_718' title='bbox 2337 2992 2487 3066; x_wconf 71' lang='grc'>1258]</span> <span class='ocrx_word' id='word_1_719' title='bbox 2517 2995 2657 3066; x_wconf 87' lang='grc' dir='ltr'>Ὅρα</span> <span class='ocrx_word' id='word_1_720' title='bbox 2688 2993 2804 3057; x_wconf 88' lang='grc' dir='ltr'>πῶς</span> <span class='ocrx_word' id='word_1_721' title='bbox 2831 2997 2899 3064; x_wconf 83' lang='grc' dir='ltr'>τῇ</span> <span class='ocrx_word' id='word_1_722' title='bbox 2938 2991 3268 3064; x_wconf 79' lang='grc' dir='ltr'>ἐπεξηγήσει</span> <span class='ocrx_word' id='word_1_723' title='bbox 3291 2989 3389 3062; x_wconf 82' lang='grc' dir='ltr'>τὴν</span> <span class='ocrx_word' id='word_1_724' title='bbox 3414 2989 3749 3062; x_wconf 89' lang='grc' dir='ltr'>κατηγορίαν</span> 
     </span>
    </p>
   </div>
   <div class='ocr_carea' id='block_1_94' title="bbox 2176 3077 3744 3151">
    <p class='ocr_par' dir='ltr' id='par_1_94' title="bbox 2176 3077 3744 3151">
     <span class='ocr_line' id='line_1_95' title="bbox 2176 3077 3744 3151; baseline -0.003 -15"><span class='ocrx_word' id='word_1_725' title='bbox 2176 3081 2351 3148; x_wconf 79' lang='grc' dir='ltr'>αὕξει.</span> <span class='ocrx_word' id='word_1_726' title='bbox 2379 3081 2483 3136; x_wconf 83' lang='grc' dir='ltr'>Τὸν</span> <span class='ocrx_word' id='word_1_727' title='bbox 2505 3082 2606 3145; x_wconf 88' lang='grc' dir='ltr'>τάς</span> <span class='ocrx_word' id='word_1_728' title='bbox 2628 3081 2797 3147; x_wconf 83' lang='grc' dir='ltr'>αύτάς</span> <span class='ocrx_word' id='word_1_729' title='bbox 2818 3081 3059 3136; x_wconf 87' lang='grc' dir='ltr'>λύσαντά</span> <span class='ocrx_word' id='word_1_730' title='bbox 3078 3098 3182 3143; x_wconf 89' lang='grc' dir='ltr'>σοι,</span> <span class='ocrx_word' id='word_1_731' title='bbox 3207 3083 3390 3151; x_wconf 65' lang='grc' dir='ltr'>φησὶν,</span> <span class='ocrx_word' id='word_1_732' title='bbox 3411 3078 3627 3143; x_wconf 86' lang='grc' dir='ltr'>ὠδῖνας,</span> <span class='ocrx_word' id='word_1_733' title='bbox 3656 3077 3744 3132; x_wconf 79' lang='grc' dir='ltr'>τὸν</span> 
     </span>
    </p>
   </div>
   <div class='ocr_carea' id='block_1_95' title="bbox 2177 3166 3745 3240">
    <p class='ocr_par' dir='ltr' id='par_1_95' title="bbox 2177 3166 3745 3240">
     <span class='ocr_line' id='line_1_96' title="bbox 2177 3166 3745 3240; baseline -0.001 -19"><span class='ocrx_word' id='word_1_734' title='bbox 2177 3169 2273 3240; x_wconf 79' lang='grc' dir='ltr'>τῆς</span> <span class='ocrx_word' id='word_1_735' title='bbox 2302 3168 2472 3239; x_wconf 73' lang='grc' dir='ltr'>αὐτῆς</span> <span class='ocrx_word' id='word_1_736' title='bbox 2500 3185 2583 3222; x_wconf 91' lang='grc' dir='ltr'>σοι</span> <span class='ocrx_word' id='word_1_737' title='bbox 2613 3169 3045 3240; x_wconf 86' lang='grc' dir='ltr'>κεκοινωνηκότα</span> <span class='ocrx_word' id='word_1_738' title='bbox 3073 3168 3286 3240; x_wconf 86' lang='grc' dir='ltr'>νηδύος,</span> <span class='ocrx_word' id='word_1_739' title='bbox 3321 3166 3414 3221; x_wconf 79' lang='grc' dir='ltr'>τὸν</span> <span class='ocrx_word' id='word_1_740' title='bbox 3448 3167 3624 3230; x_wconf 88' lang='grc' dir='ltr'>οἰκίας</span> <span class='ocrx_word' id='word_1_741' title='bbox 3654 3166 3745 3220; x_wconf 79' lang='grc' dir='ltr'>καὶ</span> 
     </span>
    </p>
   </div>
   <div class='ocr_carea' id='block_1_96' title="bbox 2177 3257 3749 3333">
    <p class='ocr_par' dir='ltr' id='par_1_96' title="bbox 2177 3257 3749 3333">
     <span class='ocr_line' id='line_1_97' title="bbox 2177 3257 3749 3333; baseline 0.001 -22"><span class='ocrx_word' id='word_1_742' title='bbox 2177 3259 2452 3330; x_wconf 78' lang='grc' dir='ltr'>τραπέζης</span> <span class='ocrx_word' id='word_1_743' title='bbox 2476 3260 2570 3313; x_wconf 79' lang='grc' dir='ltr'>καὶ</span> <span class='ocrx_word' id='word_1_744' title='bbox 2591 3260 2796 3333; x_wconf 84' lang='grc' dir='ltr'>τροφῆς</span> <span class='ocrx_word' id='word_1_745' title='bbox 2826 3260 3162 3331; x_wconf 83' lang='grc' dir='ltr'>μετασχόντα</span> <span class='ocrx_word' id='word_1_746' title='bbox 3189 3261 3289 3331; x_wconf 83' lang='grc' dir='ltr'>τῆς</span> <span class='ocrx_word' id='word_1_747' title='bbox 3314 3260 3502 3330; x_wconf 85' lang='grc' dir='ltr'>αὐτῆς,</span> <span class='ocrx_word' id='word_1_748' title='bbox 3524 3259 3616 3313; x_wconf 85' lang='grc' dir='ltr'>τὸν</span> <span class='ocrx_word' id='word_1_749' title='bbox 3643 3257 3749 3313; x_wconf 81' lang='grc' dir='ltr'>ἀπὸ</span> 
     </span>
    </p>
   </div>
   <div class='ocr_carea' id='block_1_97' title="bbox 2182 3348 3749 3424">
    <p class='ocr_par' dir='ltr' id='par_1_97' title="bbox 2182 3348 3749 3424">
     <span class='ocr_line' id='line_1_98' title="bbox 2182 3348 3749 3424; baseline 0.002 -23"><span class='ocrx_word' id='word_1_750' title='bbox 2182 3350 2310 3419; x_wconf 80' lang='grc' dir='ltr'>μιᾶς</span> <span class='ocrx_word' id='word_1_751' title='bbox 2344 3348 2717 3421; x_wconf 83' lang='grc' dir='ltr'>βλαστήσαντα</span> <span class='ocrx_word' id='word_1_752' title='bbox 2760 3351 2939 3422; x_wconf 81' lang='grc' dir='ltr'>ῥίζης,</span> <span class='ocrx_word' id='word_1_753' title='bbox 2965 3351 3059 3405; x_wconf 83' lang='grc' dir='ltr'>τὸν</span> <span class='ocrx_word' id='word_1_754' title='bbox 3089 3351 3190 3422; x_wconf 85' lang='grc' dir='ltr'>τὴν</span> <span class='ocrx_word' id='word_1_755' title='bbox 3227 3351 3398 3424; x_wconf 81' lang='grc' dir='ltr'>αὐτὴν</span> <span class='ocrx_word' id='word_1_756' title='bbox 3423 3350 3618 3422; x_wconf 82' lang='grc' dir='ltr'>έχοντα</span> <span class='ocrx_word' id='word_1_757' title='bbox 3652 3350 3749 3421; x_wconf 80' lang='grc' dir='ltr'>τῆς</span> 
     </span>
    </p>
   </div>
   <div class='ocr_carea' id='block_1_98' title="bbox 2178 3440 3747 3516">
    <p class='ocr_par' dir='ltr' id='par_1_98' title="bbox 2178 3440 3747 3516">
     <span class='ocr_line' id='line_1_99' title="bbox 2178 3440 3747 3516; baseline 0.003 -24"><span class='ocrx_word' id='word_1_758' title='bbox 2178 3440 2443 3508; x_wconf 86' lang='grc' dir='ltr'>γενέσεως</span> <span class='ocrx_word' id='word_1_759' title='bbox 2462 3441 2660 3512; x_wconf 79' lang='grc' dir='ltr'>ἀρχὴν,</span> <span class='ocrx_word' id='word_1_760' title='bbox 2683 3442 2776 3497; x_wconf 73' lang='grc' dir='ltr'>τὸν</span> <span class='ocrx_word' id='word_1_761' title='bbox 2798 3444 2864 3497; x_wconf 79' lang='grc' dir='ltr'>ἐκ</span> <span class='ocrx_word' id='word_1_762' title='bbox 2886 3442 3110 3516; x_wconf 83' lang='grc' dir='ltr'>πρώτης</span> <span class='ocrx_word' id='word_1_763' title='bbox 3133 3443 3347 3515; x_wconf 75' lang='grc' dir='ltr'>ἡλικίας</span> <span class='ocrx_word' id='word_1_764' title='bbox 3374 3442 3747 3497; x_wconf 88' lang='grc' dir='ltr'>συναναϐάντα</span> 
     </span>
    </p>
   </div>
   <div class='ocr_carea' id='block_1_99' title="bbox 2180 3531 3747 3605">
    <p class='ocr_par' dir='ltr' id='par_1_99' title="bbox 2180 3531 3747 3605">
     <span class='ocr_line' id='line_1_100' title="bbox 2180 3531 3747 3605; baseline 0.002 -20"><span class='ocrx_word' id='word_1_765' title='bbox 2180 3549 2284 3595; x_wconf 88' lang='grc' dir='ltr'>σοι,</span> <span class='ocrx_word' id='word_1_766' title='bbox 2312 3531 2498 3587; x_wconf 82' lang='grc' dir='ltr'>τοῦτον</span> <span class='ocrx_word' id='word_1_767' title='bbox 2522 3532 2709 3597; x_wconf 90' lang='grc' dir='ltr'>κακῶς</span> <span class='ocrx_word' id='word_1_768' title='bbox 2743 3533 2941 3604; x_wconf 81' lang='grc' dir='ltr'>λέγεις,</span> <span class='ocrx_word' id='word_1_769' title='bbox 2974 3537 3069 3589; x_wconf 59' lang='grc' dir='ltr'>καί⁵</span> <span class='ocrx_word' id='word_1_770' title='bbox 3102 3535 3166 3589; x_wconf 80' lang='grc' dir='ltr'>ού</span> <span class='ocrx_word' id='word_1_771' title='bbox 3212 3534 3393 3598; x_wconf 87' lang='grc' dir='ltr'>κακῶς</span> <span class='ocrx_word' id='word_1_772' title='bbox 3430 3535 3611 3604; x_wconf 81' lang='grc' dir='ltr'>λέγεις</span> <span class='ocrx_word' id='word_1_773' title='bbox 3651 3533 3747 3605; x_wconf 67' lang='grc' dir='ltr'>μόο</span> 
     </span>
    </p>
   </div>
   <div class='ocr_carea' id='block_1_100' title="bbox 2177 3623 3748 3698">
    <p class='ocr_par' dir='ltr' id='par_1_100' title="bbox 2177 3623 3748 3698">
     <span class='ocr_line' id='line_1_101' title="bbox 2177 3623 3748 3698; baseline 0.002 -21"><span class='ocrx_word' id='word_1_774' title='bbox 2177 3640 2287 3686; x_wconf 89' lang='grc' dir='ltr'>νον,</span> <span class='ocrx_word' id='word_1_775' title='bbox 2308 3623 2444 3678; x_wconf 84' lang='grc' dir='ltr'>ἀλλά</span> <span class='ocrx_word' id='word_1_776' title='bbox 2460 3624 2555 3678; x_wconf 78' lang='grc' dir='ltr'>καὶ</span> <span class='ocrx_word' id='word_1_777' title='bbox 2575 3627 2656 3689; x_wconf 83' lang='grc' dir='ltr'>είς</span> <span class='ocrx_word' id='word_1_778' title='bbox 2682 3624 2841 3694; x_wconf 70' lang='grc' dir='ltr'>ἔργον</span> <span class='ocrx_word' id='word_1_779' title='bbox 2862 3626 2963 3698; x_wconf 80' lang='grc' dir='ltr'>τὴν</span> <span class='ocrx_word' id='word_1_780' title='bbox 2989 3626 3281 3698; x_wconf 77' lang='grc' dir='ltr'>ἐπιϐουλὴν</span> <span class='ocrx_word' id='word_1_781' title='bbox 3303 3626 3552 3696; x_wconf 76' lang='grc' dir='ltr'>ἐξάγεις;</span> <span class='ocrx_word' id='word_1_782' title='bbox 3582 3626 3748 3680; x_wconf 85' lang='lat' dir='ltr'><strong>T0510</strong></span> 
     </span>
    </p>
   </div>
   <div class='ocr_carea' id='block_1_101' title="bbox 2176 3714 3747 3790">
    <p class='ocr_par' dir='ltr' id='par_1_101' title="bbox 2176 3714 3747 3790">
     <span class='ocr_line' id='line_1_102' title="bbox 2176 3714 3747 3790; baseline 0.001 -20"><span class='ocrx_word' id='word_1_783' title='bbox 2176 3714 2288 3786; x_wconf 89' lang='grc' dir='ltr'>γάρ</span> <span class='ocrx_word' id='word_1_784' title='bbox 2312 3717 2479 3780; x_wconf 82' lang='grc' dir='ltr'>ἐστιν,</span> <span class='ocrx_word' id='word_1_785' title='bbox 2514 3716 2761 3784; x_wconf 79' lang='grc' dir='ltr'>Ἑτίθεις</span> <span class='ocrx_word' id='word_1_786' title='bbox 2800 3718 3171 3774; x_wconf 77' lang='grc' dir='ltr'>σκάνδαλον.</span> <span class='ocrx_word' id='word_1_787' title='bbox 3207 3721 3272 3773; x_wconf 87' lang='grc' dir='ltr'>Εί</span> <span class='ocrx_word' id='word_1_788' title='bbox 3292 3719 3350 3773; x_wconf 84' lang='grc' dir='ltr'>δὲ</span> <span class='ocrx_word' id='word_1_789' title='bbox 3380 3720 3475 3773; x_wconf 80' lang='grc' dir='ltr'>τὸν</span> <span class='ocrx_word' id='word_1_790' title='bbox 3507 3719 3747 3790; x_wconf 83' lang='grc' dir='ltr'>φυσικῶν</span> 
     </span>
    </p>
   </div>
   <div class='ocr_carea' id='block_1_102' title="bbox 2178 3809 3745 3881">
    <p class='ocr_par' dir='ltr' id='par_1_102' title="bbox 2178 3809 3745 3881">
     <span class='ocr_line' id='line_1_103' title="bbox 2178 3809 3745 3881; baseline 0.001 -20"><span class='ocrx_word' id='word_1_791' title='bbox 2178 3809 2577 3880; x_wconf 78' lang='grc' dir='ltr'>κοινωνήσαντα</span> <span class='ocrx_word' id='word_1_792' title='bbox 2617 3809 2824 3865; x_wconf 82' lang='grc' dir='ltr'>ὠδίνων</span> <span class='ocrx_word' id='word_1_793' title='bbox 2871 3810 2934 3864; x_wconf 83' lang='grc' dir='ltr'>ού</span> <span class='ocrx_word' id='word_1_794' title='bbox 2986 3810 3069 3865; x_wconf 87' lang='grc' dir='ltr'>δεῖ</span> <span class='ocrx_word' id='word_1_795' title='bbox 3108 3811 3286 3880; x_wconf 80' lang='grc' dir='ltr'>λέγειν</span> <span class='ocrx_word' id='word_1_796' title='bbox 3330 3812 3535 3876; x_wconf 89' lang='grc' dir='ltr'>κακῶς,</span> <span class='ocrx_word' id='word_1_797' title='bbox 3572 3810 3745 3881; x_wconf 83' lang='grc' dir='ltr'>πολλῷ</span> 
     </span>
    </p>
   </div>
   <div class='ocr_carea' id='block_1_103' title="bbox 2181 3899 3746 3975">
    <p class='ocr_par' dir='ltr' id='par_1_103' title="bbox 2181 3899 3746 3975">
     <span class='ocr_line' id='line_1_104' title="bbox 2181 3899 3746 3975; baseline 0.001 -21"><span class='ocrx_word' id='word_1_798' title='bbox 2181 3899 2379 3971; x_wconf 77' lang='grc' dir='ltr'>μᾶλλον</span> <span class='ocrx_word' id='word_1_799' title='bbox 2400 3901 2491 3956; x_wconf 85' lang='grc' dir='ltr'>τὺν</span> <span class='ocrx_word' id='word_1_800' title='bbox 2515 3901 2919 3973; x_wconf 87' lang='grc' dir='ltr'>πνευματικῶν.</span> <span class='ocrx_word' id='word_1_801' title='bbox 2942 3903 3034 3974; x_wconf 83' lang='grc' dir='ltr'>Μὴ</span> <span class='ocrx_word' id='word_1_802' title='bbox 3055 3905 3231 3958; x_wconf 81' lang='grc' dir='ltr'>τοίνυν</span> <span class='ocrx_word' id='word_1_803' title='bbox 3255 3903 3394 3975; x_wconf 80' lang='grc' dir='ltr'>μήτε</span> <span class='ocrx_word' id='word_1_804' title='bbox 3415 3902 3509 3957; x_wconf 83' lang='grc' dir='ltr'>τὸν</span> <span class='ocrx_word' id='word_1_805' title='bbox 3532 3902 3746 3974; x_wconf 84' lang='grc' dir='ltr'>μέλλον-</span> 
     </span>
    </p>
   </div>
   <div class='ocr_carea' id='block_1_104' title="bbox 2176 3992 3744 4066">
    <p class='ocr_par' dir='ltr' id='par_1_104' title="bbox 2176 3992 3744 4066">
     <span class='ocr_line' id='line_1_105' title="bbox 2176 3992 3744 4066; baseline 0.002 -20"><span class='ocrx_word' id='word_1_806' title='bbox 2176 4010 2244 4046; x_wconf 88' lang='grc' dir='ltr'>τα</span> <span class='ocrx_word' id='word_1_807' title='bbox 2274 3993 2539 4064; x_wconf 79' lang='grc' dir='ltr'>ἁμαρτεῖν</span> <span class='ocrx_word' id='word_1_808' title='bbox 2579 3992 2644 4047; x_wconf 71' lang='grc' dir='ltr'>ἔα</span> <span class='ocrx_word' id='word_1_809' title='bbox 2681 3995 3064 4059; x_wconf 87' lang='grc' dir='ltr'>καταπίπτειν,</span> <span class='ocrx_word' id='word_1_810' title='bbox 3092 3998 3227 4066; x_wconf 83' lang='grc' dir='ltr'>μήτε</span> <span class='ocrx_word' id='word_1_811' title='bbox 3258 3994 3349 4049; x_wconf 79' lang='grc' dir='ltr'>τὸν</span> <span class='ocrx_word' id='word_1_812' title='bbox 3376 3995 3531 4049; x_wconf 79' lang='grc' dir='ltr'>οὐδὲν</span> <span class='ocrx_word' id='word_1_813' title='bbox 3553 3996 3744 4066; x_wconf 67' lang='grc' dir='ltr'>ἠδικηο</span> 
     </span>
    </p>
   </div>
   <div class='ocr_carea' id='block_1_105' title="bbox 2178 4064 3853 4158">
    <p class='ocr_par' dir='ltr' id='par_1_105' title="bbox 2178 4064 3853 4158">
     <span class='ocr_line' id='line_1_106' title="bbox 2178 4064 3853 4158; baseline 0.001 -21"><span class='ocrx_word' id='word_1_814' title='bbox 2178 4083 2310 4138; x_wconf 90' lang='grc' dir='ltr'>κότα</span> <span class='ocrx_word' id='word_1_815' title='bbox 2351 4083 2602 4138; x_wconf 85' lang='grc' dir='ltr'>διάϐαλλε</span> <span class='ocrx_word' id='word_1_816' title='bbox 2633 4086 2730 4139; x_wconf 76' lang='grc' dir='ltr'>καὶ</span> <span class='ocrx_word' id='word_1_817' title='bbox 2769 4085 3016 4157; x_wconf 84' lang='grc' dir='ltr'>λοιδόρει.</span> <span class='ocrx_word' id='word_1_818' title='bbox 3045 4085 3120 4140; x_wconf 85' lang='grc' dir='ltr'>Τὸ</span> <span class='ocrx_word' id='word_1_819' title='bbox 3148 4064 3248 4157; x_wconf 83' lang='grc' dir='ltr'>μὲν</span> <span class='ocrx_word' id='word_1_820' title='bbox 3289 4086 3398 4158; x_wconf 88' lang='lat'>7&amp;9</span> <span class='ocrx_word' id='word_1_821' title='bbox 3428 4064 3648 4156; x_wconf 86' lang='grc' dir='ltr'>φθόνου,</span> <span class='ocrx_word' id='word_1_822' title='bbox 3844 4064 3853 4073; x_wconf 49' lang='grc'><em>’</em></span> 
     </span>
    </p>
   </div>
   <div class='ocr_carea' id='block_1_106' title="bbox 2161 4176 3745 4250">
    <p class='ocr_par' dir='ltr' id='par_1_106' title="bbox 2161 4176 3745 4250">
     <span class='ocr_line' id='line_1_107' title="bbox 2161 4176 3745 4250; baseline 0.001 -20"><span class='ocrx_word' id='word_1_823' title='bbox 2161 4176 2234 4236; x_wconf 83' lang='grc' dir='ltr'>,δέ</span> <span class='ocrx_word' id='word_1_824' title='bbox 2261 4176 2613 4250; x_wconf 68' lang='grc' dir='ltr'>ἀναλγησίας*</span> <span class='ocrx_word' id='word_1_825' title='bbox 2642 4176 2704 4231; x_wconf 80' lang='grc' dir='ltr'>τὸ</span> <span class='ocrx_word' id='word_1_826' title='bbox 2722 4176 2831 4249; x_wconf 89' lang='lat'>7&amp;9</span> <span class='ocrx_word' id='word_1_827' title='bbox 2859 4178 2933 4248; x_wconf 84' lang='grc' dir='ltr'>μὴ</span> <span class='ocrx_word' id='word_1_828' title='bbox 2966 4177 3332 4248; x_wconf 86' lang='grc' dir='ltr'>ἀναχαιτίζειν</span> <span class='ocrx_word' id='word_1_829' title='bbox 3364 4178 3456 4232; x_wconf 80' lang='grc' dir='ltr'>τὸν</span> <span class='ocrx_word' id='word_1_830' title='bbox 3486 4177 3745 4248; x_wconf 86' lang='grc' dir='ltr'>μέλλοντα</span> 
     </span>
    </p>
   </div>
   <div class='ocr_carea' id='block_1_107' title="bbox 2177 4267 3741 4340">
    <p class='ocr_par' dir='ltr' id='par_1_107' title="bbox 2177 4267 3741 4340">
     <span class='ocr_line' id='line_1_108' title="bbox 2177 4267 3741 4340; baseline 0.003 -19"><span class='ocrx_word' id='word_1_831' title='bbox 2177 4267 2417 4333; x_wconf 88' lang='grc' dir='ltr'>πίπτειν,</span> <span class='ocrx_word' id='word_1_832' title='bbox 2443 4267 2774 4340; x_wconf 87' lang='grc' dir='ltr'>ἀναλγησίας</span> <span class='ocrx_word' id='word_1_833' title='bbox 2789 4282 2806 4299; x_wconf 80' lang='grc'><em>’</em></span> <span class='ocrx_word' id='word_1_834' title='bbox 2834 4267 3027 4339; x_wconf 85' lang='grc' dir='ltr'>φθόνου</span> <span class='ocrx_word' id='word_1_835' title='bbox 3048 4267 3124 4331; x_wconf 78' lang='grc' dir='ltr'>δέ,</span> <span class='ocrx_word' id='word_1_836' title='bbox 3146 4268 3207 4322; x_wconf 80' lang='grc' dir='ltr'>τὸ</span> <span class='ocrx_word' id='word_1_837' title='bbox 3229 4269 3325 4324; x_wconf 81' lang='grc' dir='ltr'>τὸν</span> <span class='ocrx_word' id='word_1_838' title='bbox 3351 4271 3561 4326; x_wconf 77' lang='grc' dir='ltr'>ἑστῶτα</span> <span class='ocrx_word' id='word_1_839' title='bbox 3581 4288 3741 4326; x_wconf 79' lang='grc' dir='ltr'>κατα·</span> 
     </span>
    </p>
   </div>
   <div class='ocr_carea' id='block_1_108' title="bbox 2178 4359 3745 4437">
    <p class='ocr_par' dir='ltr' id='par_1_108' title="bbox 2178 4359 3745 4437">
     <span class='ocr_line' id='line_1_109' title="bbox 2178 4359 3745 4437; baseline 0.004 -24"><span class='ocrx_word' id='word_1_840' title='bbox 2178 4359 2415 4415; x_wconf 85' lang='grc' dir='ltr'>ϐάλλειν.</span> <span class='ocrx_word' id='word_1_841' title='bbox 2443 4360 2551 4415; x_wconf 77' lang='grc' dir='ltr'>Καὶ</span> <span class='ocrx_word' id='word_1_842' title='bbox 2576 4361 2679 4435; x_wconf 85' lang='grc' dir='ltr'>δρα</span> <span class='ocrx_word' id='word_1_843' title='bbox 2702 4361 2820 4428; x_wconf 83' lang='grc' dir='ltr'>πῶς</span> <span class='ocrx_word' id='word_1_844' title='bbox 2850 4362 2947 4432; x_wconf 77' lang='grc' dir='ltr'>οὐχ</span> <span class='ocrx_word' id='word_1_845' title='bbox 2981 4360 3167 4426; x_wconf 84' lang='grc' dir='ltr'>ἁπλῶς</span> <span class='ocrx_word' id='word_1_846' title='bbox 3196 4362 3288 4417; x_wconf 82' lang='grc' dir='ltr'>τὸν</span> <span class='ocrx_word' id='word_1_847' title='bbox 3331 4365 3637 4437; x_wconf 81' lang='grc' dir='ltr'>κατήγορον</span> <span class='ocrx_word' id='word_1_848' title='bbox 3663 4367 3745 4420; x_wconf 86' lang='grc' dir='ltr'>αί-</span> 
     </span>
    </p>
   </div>
   <div class='ocr_carea' id='block_1_109' title="bbox 2176 4450 3744 4529">
    <p class='ocr_par' dir='ltr' id='par_1_109' title="bbox 2176 4450 3744 4529">
     <span class='ocr_line' id='line_1_110' title="bbox 2176 4450 3744 4529; baseline 0.004 -25"><span class='ocrx_word' id='word_1_849' title='bbox 2176 4454 2428 4517; x_wconf 87' lang='grc' dir='ltr'>νίττεται,</span> <span class='ocrx_word' id='word_1_850' title='bbox 2455 4450 2592 4505; x_wconf 87' lang='grc' dir='ltr'>ἀλλά</span> <span class='ocrx_word' id='word_1_851' title='bbox 2623 4453 2716 4506; x_wconf 76' lang='grc' dir='ltr'>τὸν</span> <span class='ocrx_word' id='word_1_852' title='bbox 2749 4452 2888 4523; x_wconf 86' lang='grc' dir='ltr'>μετά</span> <span class='ocrx_word' id='word_1_853' title='bbox 2917 4453 3070 4507; x_wconf 90' lang='grc' dir='ltr'>δόλου</span> <span class='ocrx_word' id='word_1_854' title='bbox 3106 4454 3200 4509; x_wconf 80' lang='grc' dir='ltr'>καὶ</span> <span class='ocrx_word' id='word_1_855' title='bbox 3235 4454 3472 4526; x_wconf 76' lang='grc' dir='ltr'>σπουδῆς</span> <span class='ocrx_word' id='word_1_856' title='bbox 3497 4455 3560 4510; x_wconf 77' lang='grc' dir='ltr'>τὸ</span> <span class='ocrx_word' id='word_1_857' title='bbox 3587 4456 3744 4529; x_wconf 81' lang='grc' dir='ltr'>ἔργον</span> 
     </span>
    </p>
   </div>
   <div class='ocr_carea' id='block_1_110' title="bbox 2176 4537 3743 4617">
    <p class='ocr_par' dir='ltr' id='par_1_110' title="bbox 2176 4537 3743 4617">
     <span class='ocr_line' id='line_1_111' title="bbox 2176 4537 3743 4617; baseline 0.007 -26"><span class='ocrx_word' id='word_1_858' title='bbox 2176 4537 2333 4592; x_wconf 82' lang='grc' dir='ltr'>τοῦτο</span> <span class='ocrx_word' id='word_1_859' title='bbox 2356 4539 2697 4611; x_wconf 84' lang='grc' dir='ltr'>ποιούμενον.</span> <span class='ocrx_word' id='word_1_860' title='bbox 2729 4540 3073 4612; x_wconf 77' lang='grc' dir='ltr'>Καθήμενος</span> <span class='ocrx_word' id='word_1_861' title='bbox 3109 4542 3237 4615; x_wconf 87' lang='lat'><strong>7&amp;9,</strong></span> <span class='ocrx_word' id='word_1_862' title='bbox 3270 4544 3426 4617; x_wconf 81' lang='grc' dir='ltr'>φησὶ,</span> <span class='ocrx_word' id='word_1_863' title='bbox 3461 4549 3613 4600; x_wconf 84' lang='grc' dir='ltr'>κατά</span> <span class='ocrx_word' id='word_1_864' title='bbox 3639 4544 3743 4601; x_wconf 77' lang='grc' dir='ltr'>τοῦ</span> 
     </span>
    </p>
   </div>
   <div class='ocr_carea' id='block_1_111' title="bbox 2175 4628 3745 4705">
    <p class='ocr_par' dir='ltr' id='par_1_111' title="bbox 2175 4628 3745 4705">
     <span class='ocr_line' id='line_1_112' title="bbox 2175 4628 3745 4705; baseline 0.003 -21"><span class='ocrx_word' id='word_1_865' title='bbox 2175 4628 2438 4699; x_wconf 67' lang='grc' dir='ltr'>ἀδελφοῦ</span> <span class='ocrx_word' id='word_1_866' title='bbox 2460 4644 2578 4686; x_wconf 90' lang='grc' dir='ltr'>σου</span> <span class='ocrx_word' id='word_1_867' title='bbox 2606 4629 2976 4698; x_wconf 82' lang='grc' dir='ltr'>κατελάλεις.</span> <span class='ocrx_word' id='word_1_868' title='bbox 3001 4633 3111 4686; x_wconf 71' lang='grc' dir='ltr'>Καὶ</span> <span class='ocrx_word' id='word_1_869' title='bbox 3135 4635 3164 4687; x_wconf 89' lang='grc' dir='ltr'>ό</span> <span class='ocrx_word' id='word_1_870' title='bbox 3192 4634 3295 4705; x_wconf 86' lang='grc' dir='ltr'>μὲν</span> <span class='ocrx_word' id='word_1_871' title='bbox 3320 4635 3460 4690; x_wconf 83' lang='grc' dir='ltr'>Κάῖν</span> <span class='ocrx_word' id='word_1_872' title='bbox 3485 4635 3576 4689; x_wconf 81' lang='grc' dir='ltr'>τὸν</span> <span class='ocrx_word' id='word_1_873' title='bbox 3602 4635 3745 4691; x_wconf 81' lang='grc' dir='ltr'>ἀδελ-</span> 
     </span>
    </p>
   </div>
   <div class='ocr_carea' id='block_1_112' title="bbox 2176 4720 3740 4799">
    <p class='ocr_par' dir='ltr' id='par_1_112' title="bbox 2176 4720 3740 4799">
     <span class='ocr_line' id='line_1_113' title="bbox 2176 4720 3740 4799; baseline 0.005 -26"><span class='ocrx_word' id='word_1_874' title='bbox 2176 4720 2275 4791; x_wconf 81' lang='grc' dir='ltr'>φὸν</span> <span class='ocrx_word' id='word_1_875' title='bbox 2299 4720 2519 4785; x_wconf 87' lang='grc' dir='ltr'>ἀνελὼν,</span> <span class='ocrx_word' id='word_1_876' title='bbox 2549 4721 2645 4775; x_wconf 71' lang='grc' dir='ltr'>ἕνα</span> <span class='ocrx_word' id='word_1_877' title='bbox 2676 4721 2835 4793; x_wconf 88' lang='grc' dir='ltr'>μόνον</span> <span class='ocrx_word' id='word_1_878' title='bbox 2856 4722 2955 4793; x_wconf 83' lang='grc' dir='ltr'>τῆς</span> <span class='ocrx_word' id='word_1_879' title='bbox 2983 4722 3260 4796; x_wconf 83' lang='grc' dir='ltr'>παρούσης</span> <span class='ocrx_word' id='word_1_880' title='bbox 3284 4725 3430 4797; x_wconf 81' lang='grc' dir='ltr'>ζωῆς</span> <span class='ocrx_word' id='word_1_881' title='bbox 3460 4726 3740 4799; x_wconf 79' lang='grc' dir='ltr'>ἐξήλασεν·</span> 
     </span>
    </p>
   </div>
   <div class='ocr_carea' id='block_1_113' title="bbox 2173 4807 3749 4886">
    <p class='ocr_par' dir='ltr' id='par_1_113' title="bbox 2173 4807 3749 4886">
     <span class='ocr_line' id='line_1_114' title="bbox 2173 4807 3749 4886; baseline 0.006 -20"><span class='ocrx_word' id='word_1_882' title='bbox 2173 4807 2318 4867; x_wconf 71' lang='grc' dir='ltr'>οὗτοι</span> <span class='ocrx_word' id='word_1_883' title='bbox 2348 4811 2406 4865; x_wconf 79' lang='grc' dir='ltr'>δὲ</span> <span class='ocrx_word' id='word_1_884' title='bbox 2441 4813 2684 4884; x_wconf 89' lang='grc' dir='ltr'>μυρίους,</span> <span class='ocrx_word' id='word_1_885' title='bbox 2709 4812 2777 4867; x_wconf 86' lang='grc' dir='ltr'>δι’</span> <span class='ocrx_word' id='word_1_886' title='bbox 2809 4811 2884 4868; x_wconf 85' lang='grc' dir='ltr'>ῶν</span> <span class='ocrx_word' id='word_1_887' title='bbox 2911 4814 3097 4880; x_wconf 89' lang='grc' dir='ltr'>κακῶς</span> <span class='ocrx_word' id='word_1_888' title='bbox 3121 4815 3360 4886; x_wconf 87' lang='grc' dir='ltr'>λέγουσι,</span> <span class='ocrx_word' id='word_1_889' title='bbox 3381 4818 3749 4874; x_wconf 75' lang='grc' dir='ltr'>καταϐάλλω·-</span> 
     </span>
    </p>
   </div>
   <div class='ocr_carea' id='block_1_114' title="bbox 2176 4903 3744 4985">
    <p class='ocr_par' dir='ltr' id='par_1_114' title="bbox 2176 4903 3744 4985">
     <span class='ocr_line' id='line_1_115' title="bbox 2176 4903 3744 4985; baseline 0.007 -29"><span class='ocrx_word' id='word_1_890' title='bbox 2176 4919 2251 4967; x_wconf 90' lang='grc' dir='ltr'>σι,</span> <span class='ocrx_word' id='word_1_891' title='bbox 2283 4904 2379 4957; x_wconf 76' lang='grc' dir='ltr'>καὶ</span> <span class='ocrx_word' id='word_1_892' title='bbox 2407 4905 2630 4969; x_wconf 76' lang='grc' dir='ltr'>ἑαυτοὺς</span> <span class='ocrx_word' id='word_1_893' title='bbox 2658 4903 2928 4976; x_wconf 85' lang='grc' dir='ltr'>πρώτους.</span> <span class='ocrx_word' id='word_1_894' title='bbox 2955 4907 3029 4961; x_wconf 79' lang='grc' dir='ltr'>Οὐ</span> <span class='ocrx_word' id='word_1_895' title='bbox 3062 4907 3171 4978; x_wconf 83' lang='grc' dir='ltr'>γάρ</span> <span class='ocrx_word' id='word_1_896' title='bbox 3210 4908 3304 4963; x_wconf 79' lang='grc' dir='ltr'>τὸν</span> <span class='ocrx_word' id='word_1_897' title='bbox 3339 4911 3744 4985; x_wconf 81' lang='grc' dir='ltr'>κατηγορούμε-</span> 
     </span>
    </p>
   </div>
   <div class='ocr_carea' id='block_1_115' title="bbox 2174 4993 3743 5071">
    <p class='ocr_par' dir='ltr' id='par_1_115' title="bbox 2174 4993 3743 5071">
     <span class='ocr_line' id='line_1_116' title="bbox 2174 4993 3743 5071; baseline 0.004 -22"><span class='ocrx_word' id='word_1_898' title='bbox 2174 5011 2264 5049; x_wconf 91' lang='grc' dir='ltr'>νον</span> <span class='ocrx_word' id='word_1_899' title='bbox 2296 4996 2475 5065; x_wconf 88' lang='grc' dir='ltr'>μόνον,</span> <span class='ocrx_word' id='word_1_900' title='bbox 2522 4993 2658 5049; x_wconf 88' lang='grc' dir='ltr'>ἀλλά</span> <span class='ocrx_word' id='word_1_901' title='bbox 2688 4995 2784 5050; x_wconf 76' lang='grc' dir='ltr'>καὶ</span> <span class='ocrx_word' id='word_1_902' title='bbox 2828 4997 3050 5067; x_wconf 81' lang='grc' dir='ltr'>ἐτέρους</span> <span class='ocrx_word' id='word_1_903' title='bbox 3089 4995 3406 5068; x_wconf 64' lang='grc' dir='ltr'>βλάπτουσιν</span> <span class='ocrx_word' id='word_1_904' title='bbox 3436 5001 3641 5071; x_wconf 75' lang='grc' dir='ltr'>μᾶλλον</span> <span class='ocrx_word' id='word_1_905' title='bbox 3686 5001 3743 5054; x_wconf 73' lang='grc' dir='ltr'>δὲ</span> 
     </span>
    </p>
   </div>
   <div class='ocr_carea' id='block_1_116' title="bbox 2176 5086 3743 5165">
    <p class='ocr_par' dir='ltr' id='par_1_116' title="bbox 2176 5086 3743 5165">
     <span class='ocr_line' id='line_1_117' title="bbox 2176 5086 3743 5165; baseline 0.005 -25"><span class='ocrx_word' id='word_1_906' title='bbox 2176 5086 2412 5150; x_wconf 80' lang='grc' dir='ltr'>ἐκείνους</span> <span class='ocrx_word' id='word_1_907' title='bbox 2451 5087 2609 5158; x_wconf 86' lang='grc' dir='ltr'>μόνον</span> <span class='ocrx_word' id='word_1_908' title='bbox 2633 5088 2760 5150; x_wconf 81' lang='grc' dir='ltr'>τοὺς</span> <span class='ocrx_word' id='word_1_909' title='bbox 2784 5088 3277 5161; x_wconf 79' lang='grc' dir='ltr'>παραδεχομένους.</span> <span class='ocrx_word' id='word_1_910' title='bbox 3327 5092 3386 5146; x_wconf 83' lang='grc' dir='ltr'><strong>Ὀ</strong></span> <span class='ocrx_word' id='word_1_911' title='bbox 3416 5092 3529 5165; x_wconf 85' lang='lat'>7&amp;9</span> <span class='ocrx_word' id='word_1_912' title='bbox 3561 5093 3743 5157; x_wconf 84' lang='grc' dir='ltr'>κακῶς</span> 
     </span>
    </p>
   </div>
   <div class='ocr_carea' id='block_1_117' title="bbox 2172 5176 3741 5255">
    <p class='ocr_par' dir='ltr' id='par_1_117' title="bbox 2172 5176 3741 5255">
     <span class='ocr_line' id='line_1_118' title="bbox 2172 5176 3741 5255; baseline 0.005 -26"><span class='ocrx_word' id='word_1_913' title='bbox 2172 5176 2384 5231; x_wconf 88' lang='grc' dir='ltr'>ἀκούων</span> <span class='ocrx_word' id='word_1_914' title='bbox 2405 5177 2633 5250; x_wconf 76' lang='grc' dir='ltr'>ψευδῶς.</span> <span class='ocrx_word' id='word_1_915' title='bbox 2656 5181 2716 5235; x_wconf 86' lang='grc' dir='ltr'>ού</span> <span class='ocrx_word' id='word_1_916' title='bbox 2745 5183 2903 5253; x_wconf 90' lang='grc' dir='ltr'>μόνον</span> <span class='ocrx_word' id='word_1_917' title='bbox 2929 5182 3030 5235; x_wconf 83' lang='grc' dir='ltr'>οὐκ</span> <span class='ocrx_word' id='word_1_918' title='bbox 3053 5181 3327 5254; x_wconf 78' lang='grc' dir='ltr'>ἠδίκηται,</span> <span class='ocrx_word' id='word_1_919' title='bbox 3356 5182 3496 5237; x_wconf 86' lang='grc' dir='ltr'>ἀλλά</span> <span class='ocrx_word' id='word_1_920' title='bbox 3523 5185 3620 5239; x_wconf 60' lang='grc' dir='ltr'>καὶ⁵</span> <span class='ocrx_word' id='word_1_921' title='bbox 3651 5202 3741 5255; x_wconf 85' lang='grc' dir='ltr'>μι-</span> 
     </span>
    </p>
   </div>
   <div class='ocr_carea' id='block_1_118' title="bbox 2174 5268 3744 5348">
    <p class='ocr_par' dir='ltr' id='par_1_118' title="bbox 2174 5268 3744 5348">
     <span class='ocr_line' id='line_1_119' title="bbox 2174 5268 3744 5348; baseline 0.004 -26"><span class='ocrx_word' id='word_1_922' title='bbox 2174 5268 2300 5323; x_wconf 85' lang='grc' dir='ltr'>σθὸν</span> <span class='ocrx_word' id='word_1_923' title='bbox 2342 5269 2457 5341; x_wconf 72' lang='grc' dir='ltr'>ἔχει</span> <span class='ocrx_word' id='word_1_924' title='bbox 2486 5272 2764 5340; x_wconf 79' lang='grc' dir='ltr'>μέγιστον.</span> <span class='ocrx_word' id='word_1_925' title='bbox 2798 5273 2875 5327; x_wconf 84' lang='lat'><strong>05</strong></span> <span class='ocrx_word' id='word_1_926' title='bbox 2906 5273 3017 5345; x_wconf 87' lang='lat'>7&amp;9</span> <span class='ocrx_word' id='word_1_927' title='bbox 3051 5274 3082 5326; x_wconf 82' lang='lat'><strong>6</strong></span> <span class='ocrx_word' id='word_1_928' title='bbox 3118 5272 3363 5344; x_wconf 80' lang='grc' dir='ltr'>πάσχων,</span> <span class='ocrx_word' id='word_1_929' title='bbox 3398 5274 3514 5329; x_wconf 82' lang='grc' dir='ltr'>ἀλλ’</span> <span class='ocrx_word' id='word_1_930' title='bbox 3538 5276 3569 5329; x_wconf 85' lang='grc' dir='ltr'>ό</span> <span class='ocrx_word' id='word_1_931' title='bbox 3602 5274 3744 5348; x_wconf 84' lang='grc' dir='ltr'>δρῶν</span> 
     </span>
    </p>
   </div>
   <div class='ocr_carea' id='block_1_119' title="bbox 2173 5355 3743 5437">
    <p class='ocr_par' dir='ltr' id='par_1_119' title="bbox 2173 5355 3743 5437">
     <span class='ocr_line' id='line_1_120' title="bbox 2173 5355 3743 5437; baseline 0.003 -22"><span class='ocrx_word' id='word_1_932' title='bbox 2173 5360 2379 5426; x_wconf 89' lang='grc' dir='ltr'>κακῶς,</span> <span class='ocrx_word' id='word_1_933' title='bbox 2408 5355 2565 5427; x_wconf 80' lang='grc' dir='ltr'>οὗτός</span> <span class='ocrx_word' id='word_1_934' title='bbox 2593 5365 2741 5417; x_wconf 82' lang='grc' dir='ltr'>ἐστιν</span> <span class='ocrx_word' id='word_1_935' title='bbox 2765 5366 2795 5418; x_wconf 86' lang='grc' dir='ltr'>ὁ</span> <span class='ocrx_word' id='word_1_936' title='bbox 2817 5366 2914 5437; x_wconf 84' lang='grc' dir='ltr'>τῆς</span> <span class='ocrx_word' id='word_1_937' title='bbox 2932 5365 3200 5437; x_wconf 88' lang='grc' dir='ltr'>τιμωρίας</span> <span class='ocrx_word' id='word_1_938' title='bbox 3222 5364 3392 5431; x_wconf 59' lang='grc' dir='ltr'>ἄξιος</span> <span class='ocrx_word' id='word_1_939' title='bbox 3417 5365 3563 5422; x_wconf 87' lang='grc' dir='ltr'>οὕτω</span> <span class='ocrx_word' id='word_1_940' title='bbox 3597 5368 3689 5422; x_wconf 73' lang='grc' dir='ltr'>καὶ</span> <span class='ocrx_word' id='word_1_941' title='bbox 3713 5368 3743 5419; x_wconf 84' lang='grc' dir='ltr'>ό</span> 
     </span>
    </p>
   </div>
   <div class='ocr_carea' id='block_1_120' title="bbox 2172 5452 3740 5532">
    <p class='ocr_par' dir='ltr' id='par_1_120' title="bbox 2172 5452 3740 5532">
     <span class='ocr_line' id='line_1_121' title="bbox 2172 5452 3740 5532; baseline 0.006 -27"><span class='ocrx_word' id='word_1_942' title='bbox 2172 5452 2364 5523; x_wconf 87' lang='grc' dir='ltr'>λέγων,</span> <span class='ocrx_word' id='word_1_943' title='bbox 2394 5454 2514 5525; x_wconf 69' lang='grc' dir='ltr'>οὐχ).</span> <span class='ocrx_word' id='word_1_944' title='bbox 2542 5456 2572 5508; x_wconf 86' lang='grc' dir='ltr'>ό</span> <span class='ocrx_word' id='word_1_945' title='bbox 2597 5455 2830 5520; x_wconf 86' lang='grc' dir='ltr'>ἀκούων,</span> <span class='ocrx_word' id='word_1_946' title='bbox 2867 5458 3027 5528; x_wconf 89' lang='grc' dir='ltr'>μόνον</span> <span class='ocrx_word' id='word_1_947' title='bbox 3068 5457 3136 5513; x_wconf 81' lang='grc' dir='ltr'>ἀν</span> <span class='ocrx_word' id='word_1_948' title='bbox 3168 5458 3245 5530; x_wconf 79' lang='grc' dir='ltr'>μὴ</span> <span class='ocrx_word' id='word_1_949' title='bbox 3273 5458 3535 5532; x_wconf 76' lang='grc' dir='ltr'>παράσχῃ</span> <span class='ocrx_word' id='word_1_950' title='bbox 3575 5458 3740 5523; x_wconf 77' lang='grc' dir='ltr'>λαϐὰς</span> 
     </span>
    </p>
   </div>
   <div class='ocr_carea' id='block_1_121' title="bbox 2170 5544 3745 5621">
    <p class='ocr_par' dir='ltr' id='par_1_121' title="bbox 2170 5544 3745 5621">
     <span class='ocr_line' id='line_1_122' title="bbox 2170 5544 3745 5621; baseline 0.004 -22"><span class='ocrx_word' id='word_1_951' title='bbox 2170 5544 2272 5616; x_wconf 80' lang='grc' dir='ltr'>τῆς</span> <span class='ocrx_word' id='word_1_952' title='bbox 2315 5545 2654 5618; x_wconf 88' lang='grc' dir='ltr'>κακηγορίας</span> <span class='ocrx_word' id='word_1_953' title='bbox 2704 5548 2959 5617; x_wconf 84' lang='grc' dir='ltr'>εὐλόγους</span> <span class='ocrx_word' id='word_1_954' title='bbox 2994 5551 3219 5614; x_wconf 86' lang='grc' dir='ltr'>ἐκεῖνος.</span> <span class='ocrx_word' id='word_1_955' title='bbox 3247 5548 3340 5619; x_wconf 72' lang='grc' dir='ltr'>Μὴ</span> <span class='ocrx_word' id='word_1_956' title='bbox 3371 5549 3436 5621; x_wconf 83' lang='grc' dir='ltr'>δὴ</span> <span class='ocrx_word' id='word_1_957' title='bbox 3468 5546 3564 5604; x_wconf 82' lang='grc' dir='ltr'>οὖν</span> <span class='ocrx_word' id='word_1_958' title='bbox 3588 5550 3745 5605; x_wconf 81' lang='lat'><strong>10510</strong></span> 
     </span>
    </p>
   </div>
   <div class='ocr_carea' id='block_1_122' title="bbox 2179 5634 3740 5710">
    <p class='ocr_par' dir='ltr' id='par_1_122' title="bbox 2179 5634 3740 5710">
     <span class='ocr_line' id='line_1_123' title="bbox 2179 5634 3740 5710; baseline 0.003 -21"><span class='ocrx_word' id='word_1_959' title='bbox 2179 5634 2581 5707; x_wconf 80' lang='grc' dir='ltr'>σπουδάζωμεν,</span> <span class='ocrx_word' id='word_1_960' title='bbox 2621 5637 2761 5694; x_wconf 80' lang='grc' dir='ltr'>ὥστε</span> <span class='ocrx_word' id='word_1_961' title='bbox 2794 5639 2870 5709; x_wconf 85' lang='grc' dir='ltr'>μὴ</span> <span class='ocrx_word' id='word_1_962' title='bbox 2920 5639 3106 5703; x_wconf 85' lang='grc' dir='ltr'>κακῶς</span> <span class='ocrx_word' id='word_1_963' title='bbox 3149 5637 3370 5693; x_wconf 86' lang='grc' dir='ltr'>ἀκούειν</span> <span class='ocrx_word' id='word_1_964' title='bbox 3404 5637 3588 5710; x_wconf 87' lang='lat'><strong>(10510</strong></span> <span class='ocrx_word' id='word_1_965' title='bbox 3634 5640 3740 5710; x_wconf 86' lang='grc' dir='ltr'>γάρ</span> 
     </span>
    </p>
   </div>
   <div class='ocr_carea' id='block_1_123' title="bbox 2176 5727 3741 5799">
    <p class='ocr_par' dir='ltr' id='par_1_123' title="bbox 2176 5727 3741 5799">
     <span class='ocr_line' id='line_1_124' title="bbox 2176 5727 3741 5799; baseline 0.002 -17"><span class='ocrx_word' id='word_1_966' title='bbox 2176 5727 2474 5799; x_wconf 57' lang='grc' dir='ltr'>ἀμήχανον</span> <span class='ocrx_word' id='word_1_967' title='bbox 2503 5729 2596 5785; x_wconf 71' lang='grc' dir='ltr'>καὶ</span> <span class='ocrx_word' id='word_1_968' title='bbox 2620 5729 2890 5799; x_wconf 82' lang='grc' dir='ltr'>ἀπόφασίς</span> <span class='ocrx_word' id='word_1_969' title='bbox 2933 5732 3048 5784; x_wconf 81' lang='grc' dir='ltr'>ἐστι</span> <span class='ocrx_word' id='word_1_970' title='bbox 3091 5728 3183 5783; x_wconf 86' lang='lat'>105</span> <span class='ocrx_word' id='word_1_971' title='bbox 3210 5728 3449 5795; x_wconf 77' lang='grc' dir='ltr'>Χριστοῦ</span> <span class='ocrx_word' id='word_1_972' title='bbox 3486 5729 3741 5799; x_wconf 74' lang='grc' dir='ltr'>λέγουσα,</span> 
     </span>
    </p>
   </div>
  </div>
