4112 6208
422 316 524 370 255
583 325 590 329 ’

421 439 752 502 violatarum,
776 435 868 492 sed
898 451 959 492 es
986 435 1142 492 etiam
1169 440 1506 503 peccatorum
1533 429 1741 483 socius?
1769 437 1820 481 et
1845 441 1990 496 qua:—

419 545 538 584 natn
566 528 659 582 tibi
685 528 851 597 possit
875 526 988 581 dari
1011 524 1204 580 venia?
1229 521 1491 590 Numquid
1518 521 1658 576 enim
1690 520 1829 573 Deus
1857 532 1992 588 opus

415 621 576 675 habet
622 619 816 683 ultore,
855 615 1109 686 numquid
1139 616 1201 670 iis
1245 615 1332 683 qui
1376 627 1529 681 opem
1580 613 1748 666 ferant
1796 610 1993 678 indiget

414 713 564 782 (lsai.
603 711 694 766 40.
729 711 850 777 ιδῃ
885 708 978 764 sed
1014 709 1124 763 vult
1149 716 1198 761 te
1238 707 1392 776 hujus
1419 705 1492 758 rei
1525 719 1642 758 esse
1669 701 1986 764 ministrum,

415 823 481 858 ne
512 807 562 858 in
594 803 780 859 eadem
814 801 1033 865 incidas,
1066 799 1187 856 dum
1207 798 1289 852 alii
1317 811 1595 852 succenses
1621 795 1838 850 effectus
1856 805 1990 847 tem-

415 894 707 965 perantior,
741 899 796 944 ut
821 907 884 948 ex
914 906 981 945 eo
1009 899 1147 943 tuam
1180 890 1228 943 in
1255 890 1420 942 Deum
1443 887 1692 957 pietatem
1718 883 1986 939 ostendas.

411 983 635 1052 Quando
678 983 849 1045 enim,
890 995 1010 1036 eum
1052 981 1184 1035 alius
1234 978 1494 1049 peccarit,
1533 975 1985 1046 prmtercurreris,

413 1087 586 1142 neque
627 1070 1050 1150 reprehenderis,
1100 1085 1271 1139 neque
1313 1083 1454 1139 aegre
1493 1067 1709 1131 tuleris,
1755 1066 1987 1118 animum

416 1176 560 1218 tuum
591 1164 1021 1234 negligentiorem
1056 1173 1109 1217 et
1149 1163 1215 1216 ad
1241 1177 1424 1216 casum
1457 1161 1757 1231 proniorem
1797 1156 1988 1222 efﬁcis,

413 1268 466 1312 et
497 1258 725 1312 maxime
767 1270 1016 1324 procuras
1045 1263 1099 1308 ut
1121 1256 1170 1309 in
1194 1255 1380 1310 eadem
1410 1269 1551 1323 δειδρο
1581 1251 1774 1306 incidat
1801 1267 1813 1301 :
1843 1248 1988 1303 illum

410 1359 584 1406 autem
617 1349 912 1416 importuna
945 1346 1044 1400 hac
1074 1356 1158 1400 tua
1185 1346 1352 1416 gratia
1393 1361 1495 1398 non
1527 1344 1715 1398 leviter
1739 1340 1982 1405 offendis,

412 1439 648 1492 efﬁciens
676 1447 732 1492 ut
752 1439 802 1492 in
845 1437 1024 1491 futuro
1049 1438 1114 1492 sit
1147 1437 1357 1506 gravior
1380 1437 1429 1490 ei
1459 1435 1723 1489 reddenda
1754 1435 1908 1499 ratio,
1935 1441 1986 1486 et

412 1531 474 1581 ad
499 1531 774 1598 przesentia
795 1545 917 1583 eum
942 1528 1166 1582 reddens
1183 1527 1496 1596 segniorem.
1546 1526 1668 1579 Ihec
1685 1534 1858 1578 autem
1880 1539 1981 1577 non

410 1621 581 1675 solum
607 1621 672 1674 de
700 1620 902 1674 furibus
935 1619 1072 1672 dicta
1099 1628 1241 1685 sunt,
1271 1617 1363 1672 sed
1394 1619 1552 1672 etiam
1580 1617 1646 1671 de
1671 1617 1854 1686 quovis
1880 1617 1983 1670 alio

412 1723 624 1780 peccato
663 1712 843 1782 :quod
892 1721 972 1766 cst
999 1721 1174 1765 autem
1211 1711 1448 1763 ultimum
1488 1718 1844 1778 peccatorum,
1877 1707 1984 1776 pri-

408 1819 550 1856 mum
580 1804 774 1871 posuit,
816 1810 874 1855 ut
917 1802 1053 1854 scias
1095 1815 1213 1856 eum
1245 1799 1332 1869 qui
1373 1809 1590 1868 propter
1629 1798 1729 1852 hoc
1773 1799 1980 1852 veniam

407 1911 510 1948 non
538 1895 856 1961 assequitur,
887 1895 1052 1946 multo
1084 1892 1249 1961 magis
1278 1893 1332 1944 in
1355 1890 1460 1944 alio
1490 1906 1595 1944 non
1624 1899 1983 1959 consequutu-

402 2004 541 2042 rutn.
565 1988 700 2042 Audi
726 2001 854 2056 ergo
879 1986 1126 2056 quidnam
1154 1985 1405 2054 deinceps
1425 1982 1555 2037 dicit
1579 2000 1591 2036 :
1617 1981 1682 2035 Et
1704 1999 1816 2034 cum
1835 1982 1984 2034 adul-

403 2083 520 2135 teris
545 2078 818 2151 portionem
863 2089 1001 2131 tuam
1029 2078 1282 2146 ponebas;
1311 2077 1527 2131 veniens
1556 2075 1622 2129 ad
1655 2075 1702 2127 id
1734 2074 1872 2143 quod
1902 2082 1984 2126 est

402 2172 592 2241 majus.
625 2171 751 2226 lllud
788 2170 929 2224 enim
963 2170 1064 2222 hoc
1092 2169 1246 2236 longe
1275 2168 1448 2220 minus
1490 2176 1590 2220 est.
1641 2165 1862 2233 Quidam
1891 2181 1985 2216 au—

406 2273 511 2316 tem
544 2261 656 2314 have
695 2270 909 2330 peccata
943 2259 1080 2313 inter
1108 2274 1166 2312 se
1203 2259 1503 2316 coal'ereus,
1531 2256 1608 2310 sic
1648 2256 1780 2309 dixit
1810 2273 1822 2309 :
1861 2254 1984 2307 Non

406 2365 477 2406 est
520 2355 701 2406 mirum
728 2354 772 2406 si
810 2353 919 2421 quis
962 2352 1137 2420 furens
1179 2350 1516 2418 deprehensus
1555 2348 1745 2415 fuerit:
1785 2351 1984 2416 furatur

409 2446 540 2496 enim
557 2453 607 2495 ut
634 2459 779 2496 suam
794 2442 1013 2494 animam
1035 2441 1240 2508 impleat
1269 2441 1561 2492 esurientem
1589 2437 1768 2507 (Prov.
1793 2439 1845 2490 6.
1871 2437 1981 2506 50).

411 2534 465 2585 Si
495 2531 612 2584 huic
628 2546 754 2599 ergo
776 2529 970 2600 ignosci
995 2545 1096 2581 non
1128 2536 1318 2598 potest,
1344 2528 1507 2581 multo
1530 2527 1696 2596 magis
1716 2542 1814 2582 nec
1835 2526 1986 2579 adul-

414 2624 565 2676 terio.
597 2621 924 2676 Adulterium
949 2629 1125 2674 autem
1169 2620 1254 2672 hic
1285 2625 1439 2671 vocat
1481 2617 1901 2670 fornicationem.
1930 2616 1986 2670 Si

411 2713 606 2766 videris
631 2727 759 2782 ergo
783 2711 1012 2780 aliquem
1047 2725 1229 2764 eorum
1263 2709 1352 2777 qui
1393 2717 1564 2762 tecum
1603 2717 1988 2776 congregantur

410 2804 778 2869 fornicantein,
806 2813 861 2858 et
879 2803 943 2857 ad
970 2810 1300 2857 sacramenta
1328 2800 1688 2866 accedentem,
1718 2798 1803 2853 die
1823 2797 1872 2853 ei
1898 2797 1987 2868 qui

407 2908 488 2953 est
516 2898 756 2952 minister
787 2894 1172 2950 distributionis
1205 2907 1390 2946 eorum
1425 2907 1439 2945 :
1485 2891 1581 2946 1110
1623 2900 1705 2945 est
1741 2891 1987 2960 indignus

407 2990 771 3052 sacramentis,
795 3003 915 3042 arce
937 2985 1182 3054 profanas
1207 2999 1414 3038 manus.
1432 2982 1488 3038 Si
1507 2984 1648 3037 enim
1669 2998 1734 3037 ne
1755 2983 1986 3052 justitias

407 3081 617 3149 quidem
647 3095 894 3134 enarrare
919 3077 1109 3148 dignus
1136 3085 1240 3143 est,
1273 3076 1548 3131 censidera
1587 3091 1692 3146 quo
1721 3075 1835 3144 ejus
1864 3090 1988 3144 pro-

407 3173 562 3226 cedet
590 3170 792 3240 punitio
815 3217 828 3236 ,
866 3169 1077 3239 quando
1116 3182 1319 3222 sacram
1347 3167 1502 3221 etiam
1543 3182 1780 3222 mensam
1823 3181 1984 3220 ausus

411 3264 566 3316 fuerit
605 3262 894 3330 attingere,
942 3273 1048 3312 non
1096 3257 1268 3312 solum
1313 3266 1485 3311 autem
1527 3257 1663 3326 ejus,
1702 3256 1795 3311 sed
1842 3257 1984 3310 illius

409 3357 567 3408 etiam
594 3353 685 3423 qui
711 3353 973 3407 connivet.
1002 3349 1116 3404 Non
1138 3349 1272 3403 dixit
1293 3349 1456 3415 enim,
1486 3348 1555 3402 Et
1577 3349 1980 3414 adulterabaris,

407 3446 522 3512 sed,
562 3443 689 3499 Cum
726 3444 966 3498 adulteris
1008 3442 1287 3512 portionem
1327 3449 1462 3492 tuam
1506 3439 1742 3510 ponebas.
1791 3439 1979 3508 Papae,

406 3544 657 3605 quantum
699 3535 892 3588 malum
932 3547 996 3588 ex
1030 3545 1095 3586 eo
1131 3529 1272 3599 quod
1309 3531 1550 3584 celentur
1575 3539 1628 3584 et
1669 3529 1983 3599 obtegantur

405 3631 629 3682 aliorum
670 3627 1007 3697 putredines,
1056 3623 1270 3694 quando
1309 3621 1437 3676 dicit
1473 3637 1595 3676 eum
1631 3636 1750 3676 esse
1779 3623 1980 3675 socium

407 3719 647 3774 solvendi
690 3734 784 3788 pro
808 3725 1028 3787 peccato
1051 3714 1316 3783 supplicii,
1357 3728 1455 3770 nec
1480 3711 1580 3768 hoc
1611 3713 1700 3766 illo
1728 3727 1846 3766 esse
1877 3712 1980 3765 mi-

409 3813 543 3866 uns!
590 3811 680 3865 llle
707 3810 846 3864 enim
877 3815 1053 3877 potest
1089 3805 1378 3860 obtendere
1413 3804 1578 3856 animi
1624 3801 1979 3874 perturbatio-

409 3917 549 3966 nem,
581 3900 704 3955 licet
741 3900 811 3954 sit
843 3903 1134 3967 pratextus
1173 3895 1258 3950 cui
1280 3909 1382 3948 non
1427 3893 1543 3948 dari
1573 3893 1740 3962 possit
1775 3892 1930 3948 venia
1961 3907 1976 3944 :

406 3988 848 4061 quemadmodum
893 3994 949 4041 et
974 3984 1077 4044 fur,
1107 3982 1332 4047 famem;
1358 3991 1410 4036 tu
1445 3989 1620 4038 autem
1648 3997 1714 4036 ne
1742 3982 1840 4038 hoc
1864 3982 1980 4050 qui-

404 4083 547 4137 dem.
578 4082 816 4148 Quanam
857 4092 986 4146 ergo
1023 4076 1090 4131 de
1126 4089 1306 4137 causa,
1347 4089 1465 4129 cum
1509 4089 1614 4128 non
1662 4072 1852 4128 fruaris
1893 4089 1984 4128 vo-

409 4176 626 4243 luptate,
657 4171 899 4242 supplicii
937 4170 1115 4224 socius
1144 4177 1198 4222 et
1227 4167 1488 4236 particeps
1525 4165 1738 4220 evadis?
1770 4165 1832 4219 Et
1863 4163 1984 4220 ideo

407 4266 610 4320 externi
636 4281 844 4334 quoque
866 4262 1073 4332 judiees
1098 4276 1202 4315 non
1231 4274 1326 4314 eos
1352 4258 1522 4312 solum
1549 4256 1640 4327 qui
1666 4257 1838 4312 scelus
1868 4271 1987 4324 per-

410 4367 708 4428 petrarunt,
750 4356 842 4410 sed
882 4369 1066 4411 servos
1094 4355 1291 4415 etiam,
1322 4366 1456 4422 quos
1498 4351 1726 4406 viderint
1766 4350 1985 4406 sceleris

412 4453 571 4506 fuisse
595 4450 858 4514 conscios,
885 4449 1109 4516 puniunt
1146 4462 1160 4498 :
1192 4455 1247 4500 et
1279 4443 1477 4500 domini
1509 4444 1600 4514 qui
1629 4457 1723 4497 eos
1749 4443 1981 4508 tradunt,

410 4544 652 4598 lubenter
674 4557 862 4597 eorum
899 4540 1205 4610 sanguinem
1234 4538 1504 4602 biberent,
1537 4545 1592 4592 et
1618 4535 1871 4591 carnibus
1895 4550 1986 4590 ve-

407 4642 702 4696 scerentur,
727 4647 824 4686 nec
845 4631 1102 4685 minorem
1121 4629 1252 4696 ejus,
1276 4628 1413 4698 quod
1434 4628 1626 4683 factum
1648 4635 1748 4692 est,
1771 4627 1981 4696 culpam

411 4727 460 4778 iu
498 4740 593 4778 eos
618 4722 917 4786 conferunt,
957 4735 1120 4791 quam
1157 4719 1208 4772 in
1239 4735 1354 4773 eam
1393 4734 1510 4788 qua:
1549 4727 1634 4773 est
1664 4717 1983 4776 adulterata.
2035 4786 2038 4788 γ

409 4815 507 4881 Qui
555 4815 697 4868 enim
735 4826 966 4880 expansa
1009 4811 1122 4864 vela
1170 4824 1275 4864 non
1305 4818 1699 4868 contraxerunt.
1744 4810 1827 4875 iis,
1863 4825 1981 4878 qua:

411 4907 618 4960 occulte
663 4904 877 4968 fiebant,
905 4902 1166 4957 dederunt
1204 4901 1458 4971 majorem
1489 4903 1788 4958 facultatem
1820 4920 1833 4956 :
1866 4902 1900 4955 ii
1926 4911 1980 4957 et

411 4997 670 5054 ailnlterio
693 4997 940 5066 pollutam
965 4995 1264 5056 mulierem,
1293 5004 1346 5048 et
1369 4995 1613 5048 maritum
1636 4995 1722 5048 eui
1748 4995 1877 5048 facta
1899 5003 1982 5049 est

411 5087 622 5158 injuria,
645 5096 697 5142 et
726 5103 850 5142 eum
883 5087 1054 5156 ipsum
1083 5085 1172 5154 qui
1198 5085 1513 5140 adulterium
1543 5085 1826 5150 commisit,
1854 5099 1982 5139 cou-

411 5179 622 5233 tumelia
656 5187 711 5232 et
750 5180 942 5248 probro
983 5177 1290 5232 alfecerunt.
1342 5177 1398 5231 Si
1441 5177 1581 5230 enim
1627 5175 1980 5245 praenuntias-

411 5280 548 5332 sent,
579 5271 622 5324 si
647 5270 696 5325 id
722 5270 1125 5339 significassent,
1167 5269 1349 5322 abacta
1375 5277 1425 5322 et
1448 5268 1653 5322 sublata
1687 5275 1831 5322 esset
1862 5282 1980 5322 om-

411 5367 490 5418 nis
531 5365 755 5418 venatio.
792 5363 858 5417 Et
893 5361 1340 5430 quemadmodum
1369 5362 1418 5413 in
1458 5360 1591 5414 retia
1619 5360 1846 5415 maxime
1886 5359 1985 5413 im-

411 5456 648 5517 mittunt,
681 5455 768 5524 qui
819 5453 951 5507 retia
996 5452 1315 5516 extendunt,
1366 5461 1419 5506 et
1463 5453 1525 5505 iis
1567 5467 1686 5521 quae
1726 5450 1981 5521 capienda

409 5553 533 5600 sunt
552 5545 806 5608 assident,
829 5556 1146 5612 omnemque
1165 5541 1342 5595 dolum
1365 5543 1507 5595 omni
1530 5558 1592 5596 ex
1617 5551 1765 5611 parte
1785 5542 1978 5606 celant,

409 5652 510 5692 nec
528 5636 828 5702 strepitum,
852 5649 951 5688 nec
969 5632 1162 5702 aliquid
1184 5633 1324 5686 aliud
1350 5633 1459 5688 ﬁeri
1491 5635 1816 5702 permittunt,
1842 5634 1979 5704 quod

409 5738 591 5798 posset
630 5726 796 5783 feram
826 5726 1035 5795 abigere
1068 5742 1080 5778 :
1111 5725 1178 5779 ita
1209 5724 1290 5780 hic
1322 5726 1500 5792 etiam,
1529 5727 1574 5782 si
1613 5725 1874 5783 assederis
1907 5726 1977 5780 la-

1527 309 1880 368 EXPOSITIO
1921 309 1983 365 IN
2023 309 2344 367 PSALMUM
2386 312 2574 368 XLIX.

3580 321 3684 378 255

2100 439 2257 493 queo,
2283 425 2370 493 qui
2392 433 2472 479 est
2493 425 2694 494 positus
2714 441 2741 478 a
2767 425 3001 494 diabolo,
3035 438 3088 484 et
3105 445 3224 486 cum
3247 435 3384 489 scias
3410 435 3522 492 fore
3545 451 3599 492 ut
3630 439 3682 494 in

2095 529 2214 569 eum
2245 516 2452 572 adulter
2493 517 2708 584 incidat,
2752 535 2924 589 neque
2969 526 3252 592 strepitum
3284 529 3431 597 edas,
3465 548 3561 588 nec
3592 545 3676 588 tu-

2097 607 2316 658 multum
2352 609 2573 673 excites,
2607 617 2734 663 tunc
2760 626 2878 664 eum
2912 615 3140 670 maxime
3171 619 3368 684 perdis.

2166 696 2398 752 Proximi
2426 715 2548 752 cura
2574 701 2817 755 habenda.
2837 734 2909 744 ο-
2927 704 3004 760 Ne
3024 708 3164 762 enim
3193 710 3390 768 dixeris
3417 715 3543 771 illud
3563 734 3680 772 ver-

2097 786 2242 851 bum,
2269 789 2407 858 quod
2440 805 2625 860 magna
2660 791 2944 847 indolentia
2979 798 3188 865 plenum
3226 812 3307 856 est
3338 821 3351 855 :
3381 805 3517 872 Quid
3549 811 3676 864 mihi

2093 895 2233 933 ctu-te
2257 881 2378 936 est?
2417 896 2544 936 curo
2575 898 2674 953 ego
2705 899 2820 940 mea
2847 904 2860 939 :
2903 899 3029 943 tunc
3057 893 3194 946 enim
3224 902 3306 947 tua
3333 899 3560 954 maxime
3585 916 3678 955 cu-

2095 972 2256 1036 rabis,
2290 973 2501 1041 quando
2544 984 2627 1028 tua
2655 991 2862 1046 quzeres
2891 979 2942 1032 in
2972 997 3038 1035 eo
3062 984 3200 1052 quod
3228 996 3308 1042 est
3337 989 3462 1044 utile
3491 995 3673 1059 proxi-

2095 1076 2201 1115 mo.
2234 1063 2300 1116 Et
2317 1063 2434 1117 ideo
2461 1065 2666 1120 diccbat
2687 1067 2880 1124 Paulus
2906 1087 2918 1124 :
2952 1071 3114 1127 Nemo
3135 1079 3265 1144 quod
3285 1097 3430 1132 suum
3451 1091 3522 1138 est
3544 1102 3675 1153 qua:-

2094 1164 2194 1218 rat,
2223 1155 2312 1208 sed
2345 1159 2479 1226 quod
2519 1158 2724 1213 alterius
2755 1161 2831 1230 (1.
2875 1162 2990 1217 Cor.
3025 1165 3111 1220 10.
3143 1167 3256 1239 24).
3301 1170 3371 1226 Ut
3413 1174 3669 1243 invenias,

2095 1249 2282 1318 inquit,
2311 1250 2450 1319 quod
2485 1261 2626 1306 tuum
2671 1263 2772 1318 est,
2800 1271 2976 1323 qu:an
3017 1259 3157 1328 quod
3192 1271 3275 1316 est
3308 1265 3548 1322 alterius.
3595 1269 3667 1323 Os

2092 1350 2230 1392 tuum
2274 1341 2543 1396 abundavit
2573 1345 2784 1411 malitia,
2828 1359 2874 1399 et
2900 1349 3071 1418 lingua
3109 1364 3194 1405 tua
3231 1358 3555 1412 concinnabat
3582 1362 3676 1412 do-

2092 1431 2188 1486 los.
2231 1433 2426 1488 Sedens
2468 1437 2706 1490 adversus
2737 1442 2944 1509 fratrem
2991 1452 3129 1496 tuum
3157 1446 3455 1516 loquebaris,
3486 1464 3530 1504 et
3577 1455 3673 1505 ad-

2093 1539 2262 1580 versus
2286 1527 2449 1594 [ilium
2476 1530 2650 1581 matris
2687 1540 2785 1583 tute
2822 1535 3039 1597 ponebas
3075 1540 3394 1598 scandalum.
3422 1543 3497 1599 Ne
3530 1548 3671 1600 enim

2091 1616 2326 1671 diceret:
2362 1619 2470 1674 lloc
2502 1620 2633 1674 facio
2660 1639 2723 1676 ex
2755 1623 3086 1682 humanitate
3118 1647 3130 1678 :
3179 1645 3342 1702 ecqua
3385 1646 3527 1690 certe
3556 1635 3671 1692 fuco

2088 1706 2154 1760 rit
2183 1709 2501 1774 humanitas,
2527 1727 2647 1766 eum
2673 1715 2760 1783 qui
2783 1729 3004 1769 casurus
3029 1727 3108 1772 est
3135 1719 3185 1772 in
3222 1721 3529 1779 barathrum
3563 1742 3668 1781 non

2088 1797 2370 1864 prohibere
2410 1815 2508 1854 nec
2534 1802 2806 1857 retinere?
2839 1805 3028 1874 iniquae
3069 1808 3320 1877 voluptati
3347 1815 3627 1881 gratiﬁcari
3647 1821 3671 1869 1'

2085 1903 2207 1942 eum
2237 1890 2324 1958 qui
2354 1892 2684 1946 mortiferum
2713 1893 2841 1948 bibit
2862 1913 3122 1952 venenum
3147 1902 3448 1973 negligere?
3475 1906 3668 1963 Verum

2085 1998 2154 2038 ne
2179 1983 2278 2038 hoc
2300 1987 2513 2054 quidem
2543 1989 2742 2057 poteris
2769 1989 2967 2044 dicere.
2993 1991 3142 2057 Quod
3169 1996 3310 2048 enim
3343 2014 3445 2051 non
3475 1999 3539 2053 sit
3570 2001 3670 2056 hoc

2087 2071 2448 2134 humanitatis.
2478 2077 2569 2131 sed
2626 2081 3012 2144 snuinoleutim,
3043 2084 3283 2151 sognitiei
3311 2097 3362 2138 et
3390 2089 3663 2156 socordiae,

2088 2162 2208 2216 hinc
2233 2180 2422 2220 cernas
2451 2183 2463 2219 ε
2495 2169 2762 2236 quomodo
2792 2186 2857 2224 eo
2883 2171 3102 2226 dimissn
3129 2175 3217 2242 qui
3250 2174 3374 2231 facit
3398 2178 3664 2246 injuriam,

2085 2252 2304 2308 fratrem
2347 2256 2629 2312 maledicto
2658 2259 2822 2314 afﬁcis
2853 2261 2939 2329 qui
2979 2263 3173 2318 nullam
3215 2264 3342 2320 fecit
3379 2268 3620 2337 injuriam
3643 2272 3670 2326 ἵ

2085 2349 2348 2415 quomodo
2369 2348 2633 2404 insidiaris
2651 2352 2696 2405 ei
2719 2354 2805 2421 qui
2826 2354 2954 2407 nihil
2974 2355 3210 2420 offendit,
3238 2359 3366 2413 nihil
3408 2360 3668 2432 deliquit?

2087 2436 2221 2492 Vide
2246 2453 2506 2492 summam
2535 2441 2812 2512 utrobique
2841 2446 3145 2514 nequitiam.
3179 2447 3310 2502 Eum
3337 2451 3549 2518 quidem
3576 2454 3664 2521 qui

2087 2537 2168 2582 est
2186 2531 2361 2586 ebrius
2389 2533 2696 2602 cupiditate,
2721 2552 2823 2590 non
2853 2538 3101 2605 prohibes
3127 2541 3408 2610 quominus
3435 2544 3663 2598 inebrie-

2090 2628 2192 2682 tur,
2225 2631 2284 2674 ut
2307 2623 2375 2676 sit
2403 2632 2727 2692 temperatus
2755 2645 2766 2679 :
2801 2644 2922 2682 eum
2949 2639 3124 2685 autem
3168 2634 3256 2701 qui
3299 2636 3494 2688 nullam
3545 2637 3667 2692 fecit

2091 2707 2358 2777 injuriam,
2404 2713 2576 2780 punis.
2613 2714 2805 2768 Sedens
2833 2719 2972 2770 enim
3003 2720 3240 2773 adversus
3281 2725 3487 2790 fratrem
3527 2735 3667 2780 tuum

2091 2798 2386 2867 loquebaris,
2419 2811 2464 2855 et
2497 2802 2735 2859 adversus
2767 2805 2930 2872 [ilium
2955 2809 3129 2860 matris
3156 2819 3254 2862 tua:
3279 2813 3495 2880 ponebas
3515 2818 3667 2867 scan-

2091 2891 2293 2947 dalum.

2159 2982 2210 3038 9.
2245 2983 2375 3038 Vide
2400 2985 2666 3054 quomodo
2696 2986 2744 3040 in
2777 2988 3091 3046 narrationis
3117 2989 3344 3046 decursu
3370 3005 3527 3063 auget
3553 3011 3649 3050 ae-

2087 3076 2437 3130 cusationetn.
2495 3077 2652 3143 Eum,
2703 3080 2891 3148 inquit,
2939 3081 3025 3150 qui
3079 3083 3232 3135 matri
3277 3081 3372 3136 fuit
3423 3085 3472 3138 in
3513 3067 3707 3155 partu‘

2085 3183 2244 3222 causa
2299 3169 2608 3223 eorumdem
2658 3169 3059 3241 dolorum,qui
3091 3171 3187 3226 fuit
3241 3173 3477 3243 ejusdem
3533 3181 3664 3232 uteri

2088 3261 2369 3329 particeps,
2401 3262 2488 3330 qui
2519 3263 2569 3315 in
2597 3263 2782 3317 eadem
2810 3263 2969 3318 domo
2995 3271 3050 3318 et
3077 3281 3140 3318 ex
3164 3266 3349 3321 eadem
3375 3283 3557 3323 mensa
3581 3271 3658 3324 ci-

2084 3349 2211 3402 bum
2261 3353 2508 3420 sumpsit,
2538 3353 2626 3422 qni
2658 3368 2723 3408 ex
2762 3353 2946 3408 eadem
2977 3355 3154 3410 radice
3199 3359 3531 3427 germinavit,
3575 3363 3666 3432 qui

2085 3440 2223 3495 idem
2265 3440 2424 3496 habet
2469 3453 2617 3496 ortus
2665 3446 3006 3514 principium,
3035 3448 3122 3516 qui
3171 3449 3236 3501 ab
3268 3449 3482 3505 ineunte
3510 3462 3665 3506 :ctate

2086 3540 2259 3587 tecum
2304 3533 2488 3594 crevit.
2520 3549 2642 3588 eum
2677 3535 2973 3590 maledictis
3000 3537 3277 3592 insectaris
3307 3557 3319 3592 :
3348 3549 3401 3594 et
3435 3557 3539 3594 non
3572 3557 3661 3595 so-

2083 3623 2192 3678 lum
2234 3625 2645 3687 insectaris,sed
2675 3628 2835 3682 etiam
2883 3629 2936 3683 in
2982 3643 3115 3700 opus
3157 3630 3375 3686 deducis
3414 3633 3667 3689 insidias?

2082 3713 2194 3770 Hoc
2232 3717 2373 3770 enim
2415 3717 2514 3772 sibi
2553 3718 2685 3782 vult,
2743 3717 2974 3774 Ponebas
3020 3720 3336 3776 scandalum.
3383 3723 3437 3778 Si
3482 3733 3657 3778 autem

2081 3820 2188 3858 non
2201 3817 2283 3861 est
2304 3807 2636 3875 impetendus
2653 3809 2967 3874 maledictis,
2992 3811 3079 3880 qui
3097 3813 3408 3866 naturalium
3427 3814 3665 3882 pariendi

2083 3897 2328 3951 dolorum
2356 3898 2408 3951 in
2443 3899 2631 3954 eodem
2661 3898 2757 3954 fuit
2785 3911 2936 3954 utero
2962 3903 3228 3972 particeps
3257 3922 3269 3956 :
3304 3904 3472 3959 multo
3493 3906 3662 3975 magis

2082 3987 2175 4056 qui
2203 3988 2575 4054 spiritualium.
2601 3989 2712 4042 Nec
2738 4003 2866 4058 ergo
2893 3993 3161 4066 permitte,
3211 4003 3269 4047 ut
3295 3994 3339 4048 is
3378 3995 3532 4050 cadat
3568 3997 3659 4066 qui

2086 4087 2168 4135 est
2193 4091 2507 4148 peccaturus
2535 4097 2549 4133 :
2579 4094 2678 4133 nec
2704 4094 2825 4133 eum
2873 4081 2960 4150 qui
2994 4083 3196 4135 nullam
3239 4085 3365 4140 fecit
3415 4087 3662 4156 injuriam

2086 4168 2413 4223 calmnniare
2443 4209 2458 4235 ,
2492 4177 2546 4222 et
2572 4169 2825 4223 conviciis
2857 4170 3082 4225 incesse.
3115 4171 3226 4226 Hoc
3251 4185 3331 4227 est
3355 4176 3497 4228 enim
3526 4177 3663 4230 invi-

2086 4259 2210 4326 diaz,
2240 4259 2369 4314 illud
2397 4275 2526 4316 vero
2553 4260 2859 4316 indolentia:
2905 4278 2918 4314 :
2964 4277 3068 4316 non
3099 4264 3332 4320 retinere
3373 4267 3513 4321 enim
3541 4283 3662 4325 eum

2086 4351 2176 4420 qui
2207 4359 2289 4406 est
2316 4365 2556 4417 casurus,
2587 4360 2671 4406 est
2700 4352 3006 4408 indolentia:
3035 4370 3050 4407 :
3077 4353 3288 4409 invidiae
3309 4363 3508 4423 autem,
3538 4373 3661 4414 eum

2085 4443 2295 4512 quistat
2319 4443 2567 4514 dejicere.
2598 4444 2726 4500 Vide
2754 4458 2930 4502 autem
2953 4447 3221 4516 quomodo
3250 4463 3354 4502 non
3385 4463 3505 4502 eum
3537 4452 3664 4506 sub-

2085 4535 2282 4592 iudicat
2307 4537 2394 4605 qui
2441 4535 2756 4606 simpliciter
2786 4547 2840 4592 et
2866 4536 3107 4594 absolute
3152 4549 3383 4605 accusat,
3414 4541 3506 4596 sed
3538 4557 3658 4597 eum

2085 4627 2172 4696 qui
2204 4642 2326 4682 cum
2355 4627 2500 4690 dolo,
2547 4636 2602 4682 et
2627 4626 2804 4682 dedita
2828 4642 2990 4696 opera
3018 4626 3069 4681 id
3097 4628 3241 4682 facit.
3273 4628 3466 4685 Sedens
3495 4633 3659 4698 enim,

2083 4719 2288 4787 inquit,
2336 4717 2578 4773 adversus
2623 4722 2834 4788 fratrea:
2876 4728 3017 4772 tuum
3069 4719 3347 4790 loquebaris
3378 4761 3392 4776 .
3425 4722 3490 4777 Et
3532 4725 3662 4781 Cain

2083 4811 2298 4879 quidem
2331 4826 2499 4864 unmn
2540 4809 2759 4865 fratrem
2785 4810 3048 4865 sublatum
3071 4815 3323 4880 praesenti
3358 4816 3460 4870 vita
3487 4833 3662 4886 expu-

2085 4902 2145 4956 lit
2168 4920 2181 4957 :
2213 4902 2264 4954 hi
2291 4910 2468 4955 autem
2487 4901 2920 4968 innumerabiles,
2953 4917 3048 4972 per
3073 4919 3132 4958 ea
3155 4920 3271 4974 qum
3298 4907 3434 4962 male
3454 4908 3660 4972 dicunt,

2084 4993 2355 5060 dejiciunt,
2403 5001 2458 5046 et
2489 4993 2693 5064 seipsos
2737 4994 2958 5062 primos.
3004 4994 3122 5050 Non
3157 5015 3278 5052 eum
3318 5001 3458 5053 enim
3489 5001 3660 5053 solum

2083 5082 2175 5150 qui
2198 5090 2496 5144 accusatur,
2522 5081 2618 5136 sed
2644 5083 2778 5138 alios
2808 5085 2969 5138 etiam
3001 5087 3219 5155 laedunt,
3265 5089 3373 5142 imo
3399 5104 3525 5140 vero
3546 5104 3662 5141 ma-

2083 5178 2164 5242 gis
2189 5187 2284 5227 eos
2310 5173 2482 5228 solum
2504 5175 2592 5242 qui
2627 5190 2689 5230 ea
2705 5176 3022 5246 admittunt.
3050 5179 3148 5242 Qui
3178 5180 3320 5230 enim
3349 5178 3481 5230 falso
3523 5178 3663 5232 male

2085 5265 2254 5330 audit,
2282 5281 2385 5318 non
2418 5265 2576 5320 modo
2607 5267 2746 5320 nulla
2790 5267 2980 5336 injuria
3001 5267 3219 5320 affectus
3240 5276 3340 5330 est,
3374 5265 3467 5320 sed
3491 5267 3662 5320 niaxi-

2088 5371 2226 5410 mam
2255 5355 2416 5409 etiam
2444 5355 2602 5411 habet
2629 5357 2953 5412 mercedem.
2998 5356 3112 5410 Non
3139 5356 3278 5410 enim
3310 5358 3398 5428 qui
3443 5356 3658 5426 patitur,

2088 5449 2180 5504 sed
2223 5449 2311 5516 qui
2339 5449 2475 5503 male
2511 5451 2662 5521 agit,
2691 5458 2773 5504 est
2813 5450 3004 5519 dignus
3033 5448 3294 5517 supplicio
3337 5467 3351 5502 :
3383 5450 3454 5504 ita
3498 5453 3659 5508 etiam

2089 5541 2179 5612 qui
2207 5541 2353 5606 dicit,
2384 5557 2489 5596 non
2516 5543 2606 5612 qui
2628 5542 2794 5606 audit,
2824 5541 3069 5597 modone
3097 5542 3184 5597 ille
3213 5543 3444 5610 praebeat
3458 5545 3655 5615 justam

2089 5631 2440 5686 maledicendi
2483 5633 2842 5687 occasionem.
2897 5631 3011 5688 Non
3066 5633 3168 5689 hoc
3213 5649 3340 5706 ergo
3369 5639 3665 5695 contenda-

2091 5740 2208 5780 ntus
2231 5765 2247 5792 ,
2273 5739 2336 5780 uc
2364 5726 2500 5781 male
2530 5723 2805 5782 audiamus
2836 5722 2976 5800 (hoc
3003 5726 3143 5783 enim
3177 5727 3288 5784 fieri
3314 5743 3415 5782 non
3442 5737 3622 5798 potest
3649 5748 3658 5758 ·
