4112 6208
439 307 548 362 255

444 438 500 482 et
529 435 610 481 est
634 423 827 480 Christi
871 421 1156 486 sententia,
1187 437 1306 492 qua:
1335 420 1464 474 dicit
1489 439 1501 474 :
1542 419 1628 474 Va:
1652 419 1788 472 vobis
1816 418 2018 490 quando

446 516 785 570 benedixcrint
830 512 966 566 vobis
1001 527 1170 565 omnes
1219 511 1443 563 homines
1473 507 1623 582 [Luc.
1661 509 1714 563 6.
1743 506 1896 581 26]),
1929 507 2022 563 sed

447 625 516 663 ne
546 622 644 662 nos
683 606 1020 676 praebeamus
1061 603 1389 657 occasiones.
1435 601 1534 667 Qui
1575 602 1716 656 enim
1750 601 1862 654 vnlt
1889 601 2023 656 bene

447 698 632 752 audire
685 697 753 750 ab
805 695 1086 759 onmibus,
1141 709 1290 747 suam
1342 693 1572 746 animam
1627 706 1774 760 saepe
1824 689 2020 760 perdit,

447 804 632 843 amans
672 787 954 842 humanam
982 784 1226 855 gloriam,
1276 784 1572 838 inserviens
1600 783 1653 836 in
1682 781 1746 836 iis
1767 797 1884 851 quae
1914 796 2020 835 non

447 881 622 945 decet,
655 879 868 949 placens
894 878 944 931 in
971 877 1034 930 iis
1059 891 1177 945 qua:
1208 890 1314 928 non
1340 883 1571 943 oportet,
1598 881 1656 926 ut
1685 873 1752 926 ab
1780 873 1859 927 eis
1881 880 2022 926 emat

447 973 690 1042 gratiam.
717 969 923 1025 Rursus
951 967 1039 1036 qui
1066 965 1361 1021 contemnit
1385 965 1522 1018 male
1549 964 1730 1018 audire
1761 964 1827 1017 ab
1849 963 2023 1016 omni-

451 1066 570 1127 bus,
594 1063 752 1117 etiam
780 1061 1012 1129 seipsum
1046 1056 1234 1128 perdit.
1264 1054 1720 1122 Quemadmodum
1744 1054 1884 1108 enim
1907 1051 2020 1106 fieri

450 1169 555 1206 non
582 1159 755 1222 potest
780 1159 837 1202 ut
867 1149 946 1202 vir
986 1148 1156 1201 bonus
1186 1147 1320 1201 bene
1345 1145 1522 1199 audiat
1551 1145 1617 1198 ab
1642 1141 1907 1209 omnibus,
1950 1143 2022 1196 ita

449 1246 608 1300 etiam
637 1242 749 1296 ﬁeri
778 1257 884 1296 non
928 1248 1126 1310 potest,
1155 1248 1212 1292 ut
1249 1239 1317 1294 ab
1345 1237 1592 1292 omnibus
1633 1237 1770 1290 male
1820 1235 2019 1300 audiat,

449 1335 539 1404 qui
587 1334 777 1387 multas
804 1331 983 1385 multis
1009 1330 1076 1384 de
1122 1330 1296 1384 causis
1325 1329 1547 1398 prmbnit
1593 1327 1729 1381 male
1775 1326 2024 1381 audiendi

447 1427 777 1480 occasiones.
805 1422 862 1477 Si
902 1431 1080 1476 autem
1111 1421 1238 1473 dum
1270 1429 1326 1472 tu
1369 1417 1502 1472 nihil
1535 1417 1740 1486 praebes
1775 1416 2024 1470 offensio-

450 1520 552 1585 nis,
574 1527 699 1573 Sllnl
724 1517 810 1586 qui
839 1514 928 1568 tibi
960 1512 1296 1574 maledicunt,
1322 1520 1446 1563 tunc
1470 1518 1552 1563 est
1579 1508 1670 1563 tibi
1692 1508 1859 1576 major
1885 1521 2024 1560 mer-

448 1625 559 1675 ces,
590 1609 728 1663 sicut
769 1622 868 1661 usu
913 1604 1156 1658 veniebat
1183 1601 1458 1671 apostolis,
1503 1608 1556 1653 et
1603 1598 1875 1668 prtuclaris
1919 1597 2024 1650 illis

448 1703 595 1754 viris.
649 1700 816 1754 Porro
848 1696 974 1751 illud
1026 1708 1237 1765 quoque
1287 1692 1582 1757 sciendum,
1625 1689 1768 1759 quod
1813 1688 2022 1743 etiamsi

448 1791 566 1860 quis
595 1786 876 1841 maledieat
897 1787 948 1839 in
975 1799 1056 1848 re,
1080 1783 1231 1851 cujus
1254 1795 1352 1835 nos
1375 1795 1479 1834 non
1504 1780 1720 1833 damnat
1757 1779 2024 1832 conscien-

447 1879 540 1946 tia,
566 1895 669 1932 non
701 1885 782 1932 est
825 1869 1563 1944 propterea~conlemnendus
1593 1879 1876 1924 accusator
1910 1881 2026 1937 pro-

447 1979 563 2039 pter
587 1969 837 2022 damnum
860 1982 965 2036 quo
994 1974 1045 2018 te
1071 1963 1256 2027 afﬁcit,
1289 1961 1382 2016 sed
1412 1960 1588 2014 omnia
1621 1958 1862 2012 facienda
1900 1966 2025 2012 sunt

445 2075 563 2113 cum
585 2074 646 2113 ea
672 2073 772 2128 qua
800 2072 893 2127 par
912 2064 994 2110 est
1018 2053 1283 2116 cautione,
1328 2059 1388 2105 ut
1414 2051 1566 2105 tollas
1597 2050 1844 2118 injustam
1870 2063 2024 2103 ocra-

445 2151 674 2205 sionem.
696 2149 958 2217 Quocirca
987 2146 1178 2200 Paulus
1199 2145 1356 2198 etiam
1384 2141 1630 2196 mittebat
1657 2141 1854 2194 multos
1884 2139 2022 2193 datis

447 2240 710 2311 pecuniis.
741 2240 828 2310 qui
855 2239 1105 2293 afferrent
1144 2237 1393 2290 alimenta
1424 2233 1740 2302 pauperibus
1779 2233 1868 2300 (i.
1900 2229 2020 2284 Cor.

445 2333 533 2387 16.
552 2333 608 2399 5)
631 2349 644 2385 :
670 2339 882 2386 causam
908 2337 1083 2382 autem
1108 2325 1277 2390 affert,
1305 2325 1489 2379 dicens
1513 2340 1525 2376 :
1551 2321 1634 2376 Ne
1655 2321 1764 2392 quis
1784 2337 1874 2374 nos
1896 2321 2026 2374 uitu-

444 2435 584 2496 peret
600 2425 652 2477 in
675 2425 768 2476 hac
797 2421 1108 2476 abundantia
1127 2435 1240 2490 quoe
1263 2419 1578 2472 ministratur
1597 2432 1627 2468 a
1649 2415 1789 2470 nobis
1807 2414 1886 2482 (2.
1904 2413 2021 2468 Cor.

445 2515 501 2570 8.
526 2513 658 2585 20).
690 2513 871 2583 Neque
887 2513 1052 2578 enim,
1079 2524 1200 2564 cum
1234 2507 1438 2562 videret
1479 2506 1710 2560 futurum
1735 2515 1790 2558 ut
1837 2504 2025 2557 imme-

447 2607 553 2661 rito
601 2603 1018 2666 ol'fenderentur,
1069 2600 1170 2654 hoc
1197 2597 1441 2668 despexit
1478 2603 1534 2650 et
1576 2594 1810 2664 neglexit
1860 2610 1874 2646 :
1925 2591 2021 2646 sed

377 2681 382 2691 ’
442 2696 692 2768 quoniam
739 2703 855 2750 erat
884 2694 936 2747 in
964 2694 1080 2761 ejus
1117 2697 1378 2760 potestate
1423 2696 1482 2742 ut
1537 2686 1745 2741 tolleret
1796 2683 2020 2739 offendi-

440 2789 638 2853 culum,
681 2787 758 2842 eis
799 2800 1008 2856 quoque
1033 2784 1122 2853 qui
1173 2779 1577 2836 offendebantur
1607 2775 1896 2848 prospexit.
1947 2775 2016 2830 Et

440 2893 625 2936 rursus
645 2877 770 2932 alibi
795 2876 924 2932 dicit
952 2890 970 2929 :
996 2874 1057 2930 Si
1083 2873 1221 2927 cibus
1247 2869 1457 2938 o/fendit
1482 2872 1690 2942 fratrem
1711 2883 1896 2932 meum,
1917 2881 2019 2919 non

439 2969 698 3026 comedam
720 2983 894 3022 carnes
915 2967 968 3020 in
987 2973 1248 3027 aeternum,
1274 2978 1336 3016 ne
1351 2964 1559 3033 fratrem
1577 2975 1741 3013 meum
1764 2955 2019 3025 offendam

441 3065 522 3134 (1.
547 3063 666 3118 Cor.
689 3061 743 3116 8.
775 3061 900 3129 15).
931 3057 1088 3126 Atqui
1117 3056 1232 3110 haec
1261 3063 1413 3109 erant
1439 3050 1818 3115 indifferentia,
1850 3057 1905 3104 et
1936 3059 2017 3102 ta-

443 3169 587 3218 men,
625 3151 703 3218 Si,
729 3150 921 3220 inquit,
969 3147 1316 3202 offensionem
1355 3143 1603 3208 afferunt,
1650 3139 1889 3211 quamvis
1933 3153 2021 3193 me

440 3258 545 3299 non
570 3243 782 3304 ltedant,
810 3255 913 3294 non
939 3237 1146 3308 negligo
1173 3235 1396 3289 salutem
1417 3248 1603 3288 eorum
1619 3231 1708 3301 qui
1735 3229 2016 3287 offendun-

442 3344 548 3390 tur.
575 3333 632 3390 Si
676 3330 836 3386 fuerit
867 3329 1009 3384 enim
1033 3327 1283 3383 damnum
1311 3324 1482 3394 majus
1508 3322 1697 3388 salute,
1737 3329 2018 3376 contemne

440 3441 562 3480 eum
592 3423 679 3494 qui
707 3421 992 3478 offenditur
1015 3437 1028 3474 :
1058 3421 1138 3473 sin
1161 3418 1356 3484 minus,
1381 3431 1448 3471 ne
1473 3415 1876 3484 contempseris.
1905 3412 2018 3467 Hoc

440 3517 583 3571 enim
610 3514 680 3568 sit
697 3511 947 3583 generale
966 3509 1238 3572 decretum
1260 3515 1316 3563 et
1343 3505 1546 3576 regula,
1579 3505 1780 3560 docens
1800 3502 2013 3572 quando

439 3615 683 3679 oporteat
707 3612 1049 3660 contemnere
1075 3615 1168 3656 eos
1193 3599 1280 3669 qui
1311 3596 1653 3653 offenduntur
1679 3637 1694 3662 ,
1725 3602 1780 3650 et
1803 3592 2016 3664 quando

441 3713 549 3753 non
576 3715 589 3752 :
621 3692 1089 3767 quemadmodum,
1111 3691 1259 3746 verbi
1285 3690 1472 3760 gratia,
1501 3686 1902 3742 offendebantur
1923 3684 2020 3740 Ju-

439 3788 541 3845 dzei
571 3787 711 3858 quod
754 3786 947 3841 Paulus
983 3785 1152 3854 legem
1198 3797 1304 3836 non
1334 3789 1606 3835 servaret:
1639 3786 1694 3833 et
1737 3787 2015 3848 propterea

441 3880 606 3936 multa
631 3877 791 3932 millia
819 3876 1144 3941 resiliebant,
1174 3881 1228 3928 et
1255 3873 1305 3925 in
1337 3871 1439 3925 ﬁde
1469 3869 1857 3925 claudicabant.
1879 3866 2012 3935 Quid

441 3984 569 4040 ergo
611 3966 769 4022 facit?
817 3964 1016 4020 Volens
1051 3961 1250 4017 mederi
1285 3959 1565 4015 offensioni
1615 3958 1821 4028 (major
1872 3957 2014 4011 enim

439 4069 554 4116 erat
579 4059 720 4112 salus
751 4065 828 4110 tot
853 4052 1150 4124 millium),
1193 4061 1248 4106 et
1274 4049 1642 4106 claudicationi
1688 4049 1879 4104 afferre
1923 4064 2014 4103 re-

441 4150 694 4213 medium,
742 4146 955 4202 interim
1001 4144 1274 4214 impedivit
1319 4141 1605 4212 quominus
1646 4140 2016 4194 ostenderetur

438 4259 498 4299 se
535 4245 702 4311 legem
731 4256 835 4294 non
877 4252 1112 4304 servare,
1143 4234 1284 4306 quod
1315 4233 1484 4303 majus
1530 4243 1665 4288 erat.
1698 4232 1903 4286 Rursus
1931 4231 2013 4286 of-

440 4333 788 4389 fendebantnr
827 4329 968 4398 quod
996 4327 1306 4381 cruciﬁxum
1337 4323 1650 4392 praedicaret
1677 4322 1754 4392 (i.
1805 4320 1923 4376 Cor.
1957 4323 2008 4375 1.

437 4423 542 4493 25)
567 4440 582 4476 :
611 4421 698 4476 hic
739 4417 1059 4486 contempsit
1109 4429 1202 4468 eos
1247 4413 1337 4482 qui
1383 4411 1804 4474 offendebantur,
1841 4410 2014 4479 majus

439 4515 581 4568 enim
633 4520 748 4566 erat
800 4511 1002 4564 lucrum
1049 4505 1461 4576 prtedicationis.
1513 4502 1627 4556 Hoc
1677 4501 1836 4555 etiam
1888 4501 2014 4555 fecit

435 4601 700 4656 Christus.
739 4599 871 4653 Dum
911 4598 1052 4652 enim
1080 4611 1198 4650 cum
1230 4593 1400 4648 eis'de
1437 4592 1570 4647 cibis
1601 4592 1909 4655 dissereret,
1958 4601 2012 4645 et

437 4691 850 4754 offenderentur,
899 4703 964 4744 eo
1007 4686 1237 4748 dicente,
1293 4683 1441 4749 Quod
1487 4683 1638 4734 intrat
1673 4697 1762 4750 per
1803 4696 1878 4743 os,
1907 4697 2011 4734 non

438 4780 727 4849 coinquinat
745 4778 1015 4841 hominem,
1045 4775 1132 4831 sed
1157 4774 1291 4846 quod
1316 4773 1573 4844 egreditur
1601 4788 1618 4825 :
1646 4771 1776 4826 dicit
1805 4788 1819 4824 :
1847 4771 2012 4827 Sinite

437 4888 542 4927 eos.
585 4869 760 4923 Omnis
804 4869 1049 4938 plantatto
1087 4883 1236 4934 quam
1262 4882 1361 4920 non
1391 4865 1634 4936 plantavit
1655 4863 1810 4917 Pater
1849 4880 2006 4928 meus,

436 4960 772 5016 eradicabitur
827 4957 1039 5028 (Matth.
1089 4957 1177 5011 15.
1229 4957 1316 5011 11.
1347 4965 1394 5010 et
1431 4973 1479 5010 υ.
1512 4956 1600 5010 14.
1633 4955 1754 5023 13).
1787 4954 2010 5023 Quando

436 5063 614 5108 autem
641 5051 708 5106 ab
750 5065 815 5105 eo
847 5049 1039 5104 tributa
1069 5047 1372 5118 exigebant,
1403 5046 1504 5103 etsi
1547 5046 1750 5100 sciebat
1795 5061 1854 5101 se
1901 5062 2006 5101 non

437 5145 633 5200 debere
668 5158 729 5198 ea
759 5142 987 5205 solvere,
1038 5150 1213 5195 tamen
1257 5140 1505 5210 quoniam
1537 5147 1743 5208 tempus
1773 5139 2006 5194 nondum

439 5236 753 5307 postulabat,
786 5243 843 5288 ut
889 5233 1213 5288 revelaretur
1236 5232 1351 5302 ejus
1391 5235 1695 5295 auctoritas,
1723 5231 1850 5286 dicit
1879 5250 1893 5286 :
1928 5231 2012 5287 Ne

439 5335 602 5381 autem
630 5341 712 5380 eos
731 5323 1044 5392 offendamus
1071 5365 1086 5390 ,
1121 5322 1246 5377 uade
1275 5321 1344 5374 ad
1367 5337 1524 5386 mare,
1551 5331 1595 5374 et
1622 5321 1759 5374 mitte
1782 5321 2006 5390 hamum,

441 5427 486 5472 et
514 5435 627 5470 eum
659 5418 838 5487 piscem
859 5416 944 5486 qui
967 5415 1155 5486 primus
1181 5412 1478 5478 ascenderit,
1499 5413 1635 5477 tolle,
1657 5414 1774 5466 etin
1794 5430 1850 5467 eo
1873 5414 2010 5467 inve-

441 5508 552 5561 nies
575 5517 839 5573 stateram;
868 5511 936 5561 da
960 5524 1072 5562 eum
1091 5509 1161 5561 eis
1179 5523 1269 5576 pro
1298 5515 1345 5560 te
1369 5516 1414 5560 et
1443 5522 1534 5574 pro
1559 5521 1637 5558 me
1667 5503 1879 5576 (Matth.
1916 5507 2002 5560 17.

443 5597 514 5650 26
537 5594 577 5664 ).
599 5595 825 5662 Quando
858 5599 996 5651 enim
1026 5597 1193 5666 legem
1224 5595 1387 5650 multa
1417 5595 1670 5663 sapientia
1703 5595 1908 5664 plenam
1930 5595 2008 5650 eis

448 5686 672 5753 ferebat,
723 5687 927 5757 ipsique
968 5687 1283 5742 insanabiles
1323 5698 1490 5753 erant,
1534 5688 1722 5742 merito
1751 5702 1844 5742 eos
1882 5703 2008 5742 con-

1168 307 1224 362 S.
1264 305 1540 363 JOANNIS
1577 303 2044 361 CHRYSOSTOMI
2081 304 2399 363 ARCHIEP.
2438 307 2970 363 CONSTARTINOP.

3597 313 3703 368 256

2134 421 2366 488 tempsit,
2420 429 2475 474 et
2518 421 2686 490 legem
2736 420 2894 474 solvit
2925 437 2938 474 :
2969 435 3086 473 eum
3116 430 3290 474 autem
3333 435 3436 474 non
3489 439 3704 490 possent

2128 513 2242 579 ejus
2270 511 2560 566 divinitatis
2611 513 2871 566 rationem
2919 512 3377 580 suscipere,‘jure
3423 528 3609 567 rursus
3637 532 3698 572 se

2127 601 2365 669 dimittit,
2429 611 2481 656 et
2523 617 2632 656 suae
2674 602 2964 658 divinitatis
3005 604 3260 657 rationem
3300 605 3554 658 tributum
3597 609 3703 660 sol-

2127 694 2302 746 vendo
2330 692 2608 748 adumbrat
2633 702 2688 748 et
2726 693 2942 764 obtegit.
2990 695 3185 749 Sedens
3232 698 3469 749 adversus
3492 697 3701 766 fratrem

2128 795 2265 838 tuum
2293 786 2592 853 loquebaris.
2624 787 2694 840 At
2725 785 2798 852 id,
2829 787 3016 858 inquit,
3049 787 3304 843 faciebam
3333 797 3388 843 ut
3425 804 3548 843 eum
3577 805 3701 845 cor-

2127 891 2375 945 rigorem.

2198 967 2283 1020 10.
2359 966 2782 1036 Reprehensiones
2843 968 3092 1034 quomodo
3147 967 3410 1036 faciendis.
3458 998 3533 1009 —
3581 969 3700 1026 Non

2126 1057 2403 1124 oportebat
2425 1072 2550 1125 ergo
2569 1057 2863 1111 clanculum
2882 1057 3200 1111 calumniari
3222 1059 3260 1121 ',
3281 1058 3398 1118 sed.
3413 1059 3480 1112 ita
3502 1070 3559 1114 ut
3582 1061 3700 1128 jus-

2125 1148 2193 1200 sit
2216 1147 2479 1210 Christus,
2510 1161 2749 1202 seorsum
2801 1161 3072 1202 assumere
3099 1156 3152 1202 et
3177 1152 3446 1217 corrigere
3483 1150 3694 1221 (Matth.

2127 1237 2214 1290 18.
2264 1236 2391 1305 15).
2437 1238 2565 1302 Quae
2608 1237 2749 1290 enim
2801 1236 3013 1306 publice
3052 1237 3184 1290 fiunt
3219 1239 3697 1308 reprehensiones,

2125 1342 2267 1396 smpe
2315 1329 2470 1381 etiam
2513 1328 2738 1382 reddunt
2793 1329 3210 1397 impudentiores
3262 1347 3275 1383 :
3317 1340 3368 1383 et
3395 1333 3699 1400 complures

2124 1420 2336 1488 quidem
2381 1429 2704 1488 peccatores,
2752 1419 2921 1474 donec
2949 1421 3174 1475 viderint
3201 1422 3313 1476 ﬁeri
3346 1439 3502 1492 posse
3533 1437 3585 1479 ut
3619 1427 3698 1480 la-

2129 1520 2288 1575 teant,
2316 1511 2531 1565 facilein
2559 1512 2788 1564 animum
2813 1511 3083 1576 inducunt,
3109 1523 3166 1566 ut
3190 1513 3244 1567 in
3274 1515 3410 1567 viam
3443 1516 3697 1583 redeant;

2125 1600 2335 1669 quando
2373 1611 2550 1654 autem
2596 1600 2786 1654 bonam
2815 1600 2952 1670 apud
2998 1602 3196 1656 multos
3245 1603 3702 1660 existimationem

2125 1691 2473 1760 perdiderint,
2507 1691 2740 1745 incidunt
2778 1694 3016 1746 nonnulli
3057 1694 3311 1765 deinceps
3341 1697 3392 1750 in
3440 1697 3698 1768 despera-

2131 1782 2330 1836 tionem
2357 1822 2371 1844 ,
2417 1791 2472 1836 et
2520 1782 2766 1836 labuntur
2798 1782 2850 1837 in
2907 1782 3308 1852 impudentiam.
3365 1787 3435 1840 At
3467 1789 3700 1856 aliquam

2126 1873 2218 1926 tibi
2248 1871 2370 1927 fecit
2397 1873 2664 1942 injuriam.
2703 1875 2810 1928 Cur
2832 1889 2959 1942 ergo
2989 1875 3217 1943 teipsum
3244 1890 3457 1945 quoque
3504 1877 3698 1948 injuria

2125 1964 2330 2018 aflicis?
2358 1963 2454 2032 Qui
2498 1963 2638 2016 enim
2665 1977 2722 2017 se
2753 1963 3002 2027 vindicat,
3033 1964 3266 2034 seipsum
3310 1980 3437 2020 ense
3462 1967 3604 2035 petit.
3643 1968 3699 2022 Si

2126 2057 2265 2111 enim
2293 2056 2373 2110 vis
2399 2063 2452 2110 et
2483 2057 2709 2123 teipsum
2733 2054 2992 2110 beneﬁcio
3019 2055 3254 2121 afﬁcere,
3279 2066 3332 2110 et
3363 2057 3508 2111 illum
3533 2058 3703 2128 probe

2126 2147 2328 2213 ulcisci,
2371 2147 2510 2202 bene
2534 2145 2679 2201 dicas
2712 2147 2778 2201 de
2806 2161 2872 2200 eo
2897 2147 2986 2215 qui
3030 2147 3121 2201 tibi
3153 2147 3276 2201 fecit
3299 2148 3543 2218 injuriam
3581 2165 3595 2201 :
3628 2151 3702 2203 ita

2127 2237 2290 2294 facies
2332 2247 2390 2294 ut
2417 2239 2568 2293 multi
2598 2239 2704 2292 sint
2731 2239 2846 2308 ejus
2876 2253 2972 2308 pro
3002 2250 3052 2295 te
3090 2251 3429 2295 accusatores
3449 2281 3463 2304 ,
3490 2249 3545 2295 et
3586 2242 3702 2309 ipse

2127 2344 2369 2399 magnam
2405 2329 2704 2384 mercedem
2743 2329 3002 2397 accipies;
3044 2329 3124 2382 sin
3169 2339 3344 2384 autem
3393 2331 3695 2394 maledicas.

2127 2435 2196 2474 ne
2226 2419 2355 2473 ﬁdes
2381 2419 2591 2489 quidem
2622 2419 2713 2472 tibi
2745 2419 3041 2486 habebitur,
3095 2427 3152 2472 ut
3176 2420 3264 2488 qui
3304 2420 3697 2475 inimicitiarum

2126 2507 2429 2577 suspicione
2459 2507 2687 2562 labores.
2719 2506 2893 2574 Quare
2919 2515 3064 2560 tuum
3086 2507 3318 2561 studium
3347 2508 3438 2562 tibi
3471 2511 3696 2564 vertitur

2126 2600 2179 2652 in
2201 2599 2548 2652 contrarium.
2579 2596 2658 2651 Tu
2684 2597 2822 2651 enim
2855 2598 2934 2651 vis
2965 2597 3155 2650 bonam
3183 2597 3298 2666 ejus
3317 2597 3511 2652 famam
3539 2615 3695 2654 ever-

2126 2699 2258 2754 tere,
2279 2700 2462 2744 contra
2492 2698 2668 2743 autem
2690 2687 2915 2746 accidit:
2945 2704 3039 2758 per
3063 2689 3268 2743 laudem
3292 2691 3454 2756 enim,
3475 2706 3578 2745 non
3605 2707 3699 2760 per

2123 2783 2512 2838 accusationem
2553 2781 2655 2836 hoc
2706 2783 2921 2848 evenit;
2965 2782 3059 2836 sed
3119 2793 3301 2837 contra
3341 2785 3558 2837 omnino
3600 2793 3697 2838 :et

2124 2873 2350 2942 teipsum
2403 2871 2614 2942 quidem
2663 2872 2849 2940 majori
2885 2873 3168 2942 ignominia
3206 2873 3394 2939 aflicis,
3426 2874 3570 2927 illum
3600 2889 3695 2928 au-

2123 2973 2229 3020 tem
2258 2973 2346 3019 tua
2392 2965 2493 3018 tela
2542 2978 2647 3019 non
2689 2973 2922 3034 tangent.
2950 2963 3242 3018 Inimicitiae
3283 2965 3444 3031 enim,
3490 2981 3608 3037 qua:
3637 2981 3698 3021 se

2122 3056 2352 3110 oﬂ'erunt
2387 3055 2578 3109 animis
2617 3055 2962 3122 audientium,
2992 3070 3097 3110 non
3144 3055 3340 3120 sinunt,
3390 3064 3447 3110 ut
3471 3072 3588 3126 qua:
3610 3056 3694 3110 di-

2122 3157 2335 3212 cuntur,
2382 3145 2434 3199 in
2476 3144 2691 3200 auribus
2734 3159 2918 3199 eorum
2945 3141 3328 3209 ‘admittantur,
3361 3153 3416 3199 et
3444 3144 3495 3198 id
3523 3145 3694 3215 ipsmn

2121 3234 2313 3290 accidit
2336 3233 2477 3305 quod
2507 3234 2560 3288 in
2597 3233 3099 3304 praescriptionibus.
3139 3234 3361 3302 Quando
3377 3228 3527 3289 enim
3553 3235 3697 3305 quis-

2124 3325 2264 3397 piam
2317 3325 2368 3378 in
2393 3323 2595 3394 judicio
2619 3323 2814 3393 aliquid
2841 3323 3116 3394 objecerit,
3163 3325 3464 3379 universum
3493 3325 3700 3380 interea

2121 3416 2428 3471 dissolvitur
2459 3434 2474 3471 :
2503 3416 2572 3469 ita
2595 3415 2681 3469 hic
2711 3414 2869 3470 etiam
2904 3430 3009 3470 non
3049 3417 3308 3485 permittit
3341 3417 3572 3486 suspicio
3593 3417 3694 3471 ini-

2121 3509 2457 3573 micitiarum,
2489 3517 2546 3561 ut
2581 3507 2889 3561 admittatur
2911 3506 3190 3576 judicium.
3214 3505 3290 3562 Ne
3315 3523 3442 3578 ergo
3466 3507 3692 3563 maledi-

2120 3613 2232 3664 cas,
2281 3613 2350 3653 ne
2393 3597 2616 3666 teipsum
2664 3597 2914 3667 polluas:
2947 3611 3045 3651 nec
3089 3597 3256 3651 lutum
3294 3607 3543 3654 contcxas
3571 3612 3690 3653 cum

2120 3689 2232 3744 luto
2261 3699 2316 3744 et
2360 3688 2646 3754 lateribus,
2676 3687 2769 3742 sed
2809 3701 3036 3742 coronas
3061 3701 3128 3741 ex
3169 3689 3328 3754 rosis,
3368 3703 3432 3742 ex
3462 3688 3614 3744 violis
3637 3697 3693 3744 et

2119 3779 2336 3850 reliquis
2387 3778 2608 3832 ﬁoribus
2657 3788 2914 3833 connecte
2958 3792 3104 3832 :nec
3133 3787 3338 3834 stercus
3383 3793 3476 3833 ore
3526 3779 3696 3846 feras,

2119 3868 2566 3940 quemadmodum
2597 3868 2847 3922 scarabaei
2873 3867 2947 3938 (id
2973 3867 3334 3922 enimfaciunt
3351 3869 3441 3938 qui
3465 3869 3688 3922 maledi-

2119 3971 2248 4018 cunt
2279 3979 2293 4016 :
2335 3969 2393 4016 ut
2416 3961 2504 4032 qui
2534 3961 2632 4030 ipsi
2664 3960 2908 4016 faetorem
2948 3960 3104 4030 primi
3133 3959 3398 4030 sentiant)
3419 4003 3434 4026 ,
3466 3961 3560 4016 sed
3590 3961 3688 4015 flo-

2119 4068 2226 4119 res,
2267 4053 2404 4109 sicut
2450 4068 2597 4124 apes,
2625 4052 2881 4123 favosque
2933 4063 2991 4106 ut
3025 4053 3131 4108 illa:
3181 4067 3462 4122 compone,
3510 4055 3692 4122 sisque

2117 4147 2363 4202 omnibus
2390 4147 2556 4201 comis
2585 4154 2638 4200 et
2673 4154 3000 4199 mansuetus.
3030 4144 3228 4199 Omnes
3253 4145 3394 4198 enim
3435 4160 3688 4200 aversan-

2119 4245 2206 4293 tur
2234 4237 2569 4302 maledicum,
2597 4245 2654 4290 ut
2681 4235 2770 4306 qui
2811 4243 3002 4289 tetrum
3032 4233 3270 4290 redoleat
3293 4244 3347 4290 et
3369 4236 3457 4306 qui
3485 4247 3539 4290 ut
3566 4251 3688 4290 san-

2117 4331 2333 4400 guisuga
2363 4330 2635 4398 sanguine,
2665 4337 2718 4382 et
2743 4327 3040 4382 scarabteus
3066 4336 3325 4393 stercore,
3354 4329 3545 4382 alienis
3574 4344 3687 4382 ma-

2117 4421 2182 4473 lis
2227 4419 2438 4472 alnntur
2469 4436 2483 4472 :
2519 4432 2581 4472 os
2623 4427 2800 4471 autem
2849 4415 2987 4487 quod
3027 4415 3268 4472 lubenter
3309 4417 3505 4479 laudat.
3553 4425 3688 4471 tam-

2115 4525 2271 4578 quam
2309 4508 2604 4562 membrum
2630 4524 2909 4563 commune
2935 4509 3248 4578 suscipiunt,
3291 4516 3557 4578 tamquam
3591 4511 3684 4562 fra-

2116 4609 2248 4654 trem
2296 4614 2646 4668 germanum,
2710 4607 2978 4668 tamquam
3027 4599 3229 4662 ﬁlium,
3285 4607 3554 4668 tamquam
3596 4614 3686 4667 pa-

2117 4699 2270 4744 trem.
2299 4689 2365 4744 Et
2393 4688 2516 4758 quid
2543 4689 2662 4744 dico
2693 4689 2758 4744 de
2790 4690 3162 4758 pnesentibus,
3211 4699 3267 4744 et
3310 4688 3379 4743 de
3410 4689 3682 4742 hominum

2115 4780 2630 4836 existimationibus?
2658 4780 2944 4834 Considera
2980 4779 3108 4832 mihi
3135 4779 3272 4833 diem
3297 4779 3444 4831 illum
3477 4778 3686 4832 terribi-

2115 4873 2238 4939 lem,
2267 4871 2392 4926 illud
2411 4870 2665 4940 judicium
2687 4870 2826 4940 quod
2854 4870 3122 4939 corrumpi
3155 4885 3260 4924 non
3289 4879 3461 4939 potest
3489 4887 3503 4922 :
3538 4869 3681 4938 quod

2113 4966 2156 5019 si
2190 4964 2315 5019 falsa
2369 4963 2536 5024 dicas,
2585 4963 2816 5032 peccatis
2873 4961 2982 5015 tuis
3033 4961 3135 5015 alia
3184 4961 3399 5030 insuper
3442 4959 3681 5029 adjicies.

2113 5053 2242 5109 Dico
2293 5055 2423 5108 enim
2467 5052 2620 5118 vobis,
2667 5053 2804 5124 quod
2829 5068 2974 5105 omne
2993 5051 3194 5104 uerbum
3221 5053 3432 5105 otiosum
3458 5050 3592 5120 quod
3615 5051 3684 5104 lo-

2112 5146 2253 5217 quuti
2277 5146 2462 5217 fuerint
2489 5144 2735 5209 homines,
2767 5142 2956 5195 dabunt
2984 5158 3075 5211 pro
3097 5141 3209 5212 ipso
3233 5139 3344 5195 Deo
3366 5141 3609 5194 rationem
3629 5141 3684 5194 in

2112 5240 2195 5293 die
2203 5239 2388 5310 judicii
2417 5236 2626 5304 (Matth.
2651 5235 2738 5289 19..
2766 5235 2880 5302 56).
2911 5234 3130 5288 Etiamsi
3159 5233 3284 5299 sint,
3315 5233 3503 5304 inquit,
3531 5249 3680 5296 vera,

2114 5345 2182 5384 ne
2210 5329 2287 5384 sic
2316 5327 2528 5398 quidem
2581 5325 2800 5395 effugies
2830 5365 2846 5392 ,
2875 5325 3161 5394 quominus
3189 5323 3576 5384 condemneris,
3600 5332 3685 5376 ut.

2117 5429 2240 5490 pote
2259 5419 2348 5489 qui
2381 5417 2605 5487 proximi
2635 5417 2708 5470 tui
2749 5415 3077 5470 calamitates
3115 5425 3168 5469 et
3197 5415 3386 5484 probra
3418 5413 3679 5468 traducas.

2113 5508 2220 5566 Fac
2242 5509 2380 5580 apud
2411 5517 2462 5562 te
2481 5507 2684 5577 cogites
2713 5507 3057 5560 Pharismum.
3076 5505 3190 5559 Non
3213 5514 3328 5560 erat
3349 5505 3678 5574 publicanus,

2113 5602 2206 5658 sed
2235 5602 2328 5654 luit
2347 5599 2624 5669 publicano
2663 5597 2990 5660 sceleratior,
3015 5597 3262 5666 quoniam
3293 5595 3361 5650 de
3404 5595 3688 5665 publicano

2178 5718 2192 5748 ί
2232 5715 2332 5775 alii,
2355 5722 2449 5763 Non
2480 5710 2718 5778 oportebat
2741 5723 2854 5773 ergo
2871 5705 3140 5760 clanculum
3162 5718 3482 5758 murmurare.
