4112 6208
329 438 615 495 maledixit.
664 436 980 492 Publicanus
1026 450 1130 488 non
1174 442 1288 488 erat
1334 433 1655 495 l’harisa-us,
1685 430 1777 487 sed
1808 429 1898 486 luit

327 530 595 587 Pharisteo
606 528 819 599 iustior,
838 525 1086 596 quoniam
1100 524 1330 593 seipsum
1349 524 1601 578 miserum
1615 538 1736 578 esse
1755 521 1903 585 duxit

327 620 486 694 (Luc.
520 618 606 675 18.
657 619 744 673 ill.
771 633 880 687 sqq.
904 616 946 689 ).
977 615 1099 670 llam
1125 614 1304 686 fecisti,
1335 624 1380 668 et
1400 614 1554 667 tacui.
1586 611 1904 669 Existimasti

325 714 655 782 iniquitatem,
696 709 828 777 quod
875 724 961 763 ero
1002 708 1088 760 tibi
1129 708 1325 761 similis.
1353 707 1581 777 Arguatn
1612 715 1692 770 te,
1725 715 1772 760 et
1798 716 1903 761 sta-

322 813 464 858 tuam
513 811 690 856 contra
727 801 907 872 [aciem
946 809 1087 852 tuam
1122 807 1324 867 peccata
1370 807 1477 851 tua.

396 896 483 949 Η.
512 893 783 948 Silentium
811 891 927 954 Dei,
956 892 1067 960 ejus
1098 890 1357 960 patientia.
1402 886 1721 945 Consuetudo
1756 889 1902 943 uitio-

324 1002 437 1040 runt
459 985 582 1057 quid
601 986 790 1055 pariat.
832 982 965 1037 Deus
982 990 1113 1036 recte
1145 981 1290 1052 factis
1312 981 1494 1033 nostris
1514 980 1807 1033 honoratur.
1833 1008 1903 1019 —

325 1076 517 1131 Vidisti
569 1074 944 1129 humanitatem
997 1072 1353 1127 ineffabilem?
1398 1071 1588 1126 \‘idisti
1637 1086 1902 1124 summam

324 1164 651 1220 bonitatem?
676 1163 849 1217 vidisti
875 1162 1108 1217 inﬁnitas
1128 1176 1260 1232 opes
1283 1161 1591 1231 patientiae?
1625 1160 1902 1215 Silentium

328 1257 471 1312 enim
499 1257 585 1311 hic
609 1255 738 1313 dicit
766 1254 1089 1323 patientiam.
1116 1253 1241 1315 Tot,
1272 1252 1462 1322 inquit,
1489 1260 1545 1306 et
1578 1261 1720 1306 tanta
1741 1265 1904 1307 ausus

322 1363 384 1403 es
409 1366 422 1403 :
452 1361 550 1401 nec
575 1346 643 1400 de
669 1355 719 1400 te
744 1355 919 1400 tamen
949 1358 1140 1413 poenas
1159 1341 1384 1421 sumpsi,
1425 1342 1521 1396 sed
1550 1355 1737 1409 passus
1760 1356 1897 1407 sum,

323 1449 377 1493 ct
406 1437 646 1503 toleravi,
675 1436 808 1492 dans
836 1436 1010 1491 locum
1043 1433 1372 1504 pmniteutite
1401 1432 1419 1502 (
1453 1430 1601 1485 Rom.
1623 1430 1678 1484 9..
1701 1432 1735 1486 ι
1754 1431 1796 1502 ).
1825 1432 1902 1487 Tu

319 1539 498 1583 autem
525 1543 591 1581 ex
615 1542 681 1582 eo
709 1540 815 1581 non
861 1524 1022 1579 modo
1047 1524 1174 1578 nihil
1205 1520 1538 1585 lucrifeeisti,
1569 1520 1662 1575 sed
1704 1520 1757 1576 iu
1785 1536 1900 1575 ma-

317 1620 408 1687 jus
450 1620 609 1673 etiam
651 1618 839 1671 vitium
883 1614 1177 1684 impegisti.
1223 1612 1340 1668 Non
1383 1613 1556 1667 solum
1602 1612 1741 1667 enim
1793 1628 1899 1668 non

322 1720 554 1771 mutatus
577 1723 656 1776 es,
693 1722 791 1762 nec
819 1707 989 1762 solum
1019 1718 1210 1760 nones
1256 1704 1459 1772 pudore
1497 1702 1748 1769 suffusus,
1800 1719 1899 1760 nec

324 1811 539 1869 propter
560 1814 645 1863 ea,
674 1813 793 1867 qua:
826 1812 860 1852 a
885 1806 936 1851 te
962 1794 1099 1849 facta
1129 1803 1286 1859 sunt,
1320 1794 1545 1863 teipsum
1578 1793 1900 1850 condemna-

234 1956 247 1963 ς
318 1891 387 1944 sti
419 1907 434 1942 :
465 1889 558 1943 sed
589 1904 674 1942 me
701 1888 860 1942 etiam
882 1886 970 1956 qui
992 1888 1144 1956 longa
1170 1885 1223 1938 in
1246 1895 1298 1938 te
1319 1884 1569 1954 patientia
1602 1899 1728 1939 usus
1753 1899 1895 1952 sum,

314 1979 403 2047 qui
435 1977 694 2042 toleravi,
742 1976 834 2045 qui
877 1974 1036 2037 tacui,
1067 1975 1155 2044 qui
1187 1984 1264 2030 tot
1292 1984 1346 2028 et
1384 1983 1525 2028 tanta
1558 1974 1675 2040 tuli,
1715 1975 1898 2029 existi-

314 2069 469 2121 masti
490 2081 593 2122 non
608 2067 722 2122 haec
737 2065 880 2121 ferre
900 2073 1113 2134 propter
1133 2063 1438 2134 patientiam
1461 2072 1516 2117 et
1532 2063 1893 2130 clementiam,

310 2156 407 2211 sed
436 2166 713 2226 propterea
748 2155 892 2224 quod
950 2154 1149 2208 nollem
1198 2152 1314 2207 hinc
1352 2152 1639 2221 castigari,
1670 2161 1725 2207 et
1755 2154 1895 2225 quod

311 2264 371 2300 ea
393 2263 511 2315 «lita:
533 2266 560 2299 a
585 2257 635 2302 te
657 2246 876 2312 fiebant,
908 2259 1013 2299 non
1042 2259 1197 2313 aegre.
1215 2243 1437 2298 ferrem.
1478 2243 1570 2297 22.
1596 2242 1891 2316 Intelligite,

314 2337 538 2400 obsecro,
571 2335 705 2397 hwc,
741 2336 829 2406 qui
881 2333 1229 2389 obliviscimini
1269 2331 1456 2386 Deum.
1488 2332 1783 2399 Quaenam?
1820 2336 1895 2391 Ea

313 2440 435 2493 quin
458 2425 598 2479 dicta
637 2436 780 2489 sunt,
830 2424 1021 2493 inquit.
1072 2422 1207 2489 Quid
1236 2432 1340 2490 est,
1364 2421 1639 2493 Intelligite
1656 2426 1681 2478 ?
1704 2424 1894 2481 Consi-

315 2515 520 2569 derate.
567 2515 702 2581 Quid
746 2525 926 2569 autem
966 2513 1165 2568 dictum
1211 2522 1295 2566 est
1338 2512 1651 2577 obscurum,
1676 2515 1893 2584 etquod

316 2620 506 2674 magna
531 2613 684 2672 egeat
710 2602 1170 2673 perscrutatione?
1197 2602 1422 2656 Maxime
1447 2602 1662 2671 quidem
1702 2613 1755 2657 et
1783 2604 1896 2672 ipse

315 2695 509 2750 modus
533 2693 757 2749 docendi
802 2693 999 2748 inducit
1025 2699 1283 2746 mutatam
1327 2690 1549 2745 formam
1597 2691 1888 2762 religionis.

312 2785 445 2840 Cum
477 2788 620 2839 enim
662 2783 1046 2839 sacrificiorum
1079 2798 1187 2835 non
1215 2796 1459 2850 n'tagnam
1488 2780 1680 2835 habeat
1723 2793 1889 2836 ratio-

311 2888 455 2938 nem,
501 2871 786 2927 introducit
828 2872 973 2941 leges
1014 2868 1354 2939 evangelicas
1396 2886 1409 2921 :
1442 2878 1496 2925 et
1537 2869 1733 2939 alioqui
1763 2888 1895 2941 quo-

310 2965 451 3019 niam
480 2974 630 3019 erant
657 2971 994 3032 peccatorum
1035 2959 1303 3031 profundo
1327 2975 1481 3016 anno
1509 2961 1706 3026 obruti,
1758 2971 1893 3016 tam-

308 3072 463 3126 quam
492 3072 521 3109 a
565 3054 879 3125 quibusdam
919 3053 1136 3107 malitia:
1186 3052 1525 3122 voraginibus
1563 3052 1747 3106 volens
1793 3068 1889 3108 eos

309 3142 613 3212 extrahere,
638 3154 693 3200 et
719 3144 881 3199 veluti
914 3143 1107 3197 lemam
1139 3143 1433 3207 oculorum,
1465 3158 1759 3212 expurgare
1794 3158 1889 3197 vo-

308 3240 421 3293 lens
450 3238 584 3291 viam
616 3237 810 3305 prioris
837 3235 987 3288 malae
1026 3232 1446 3298 consuetudinis,
1491 3248 1583 3287 eos
1613 3234 1809 3288 excitat
1829 3243 1888 3289 ut

306 3346 366 3383 ea
394 3345 514 3399 qum
558 3327 697 3382 facta
741 3334 864 3382 sunt
913 3329 962 3379 in
1010 3325 1320 3378 memoriam
1373 3333 1644 3390 revocent,
1688 3340 1756 3379 ne
1805 3325 1887 3380 his

304 3418 562 3472 oblivioni
592 3417 815 3479 traditis,
842 3416 1039 3484 absque
1067 3414 1216 3468 lucro
1242 3412 1508 3467 recedant.
1540 3413 1720 3482 Longa
1741 3414 1882 3469 enim

303 3511 552 3566 vitiorum
572 3508 902 3587 consuetudo
925 3521 1168 3577 magnam
1184 3504 1340 3561 aliert
1359 3506 1651 3559 caacitatem
1667 3507 1879 3575 anima),

304 3612 358 3655 et
382 3610 620 3656 amentes
641 3599 825 3663 efﬁcit,
854 3606 909 3652 et
948 3597 1280 3666 perspicaces
1309 3596 1493 3651 oculos
1519 3596 1881 3667 intelligentia:

304 3694 458 3748 eruit.
491 3689 778 3763 Nequando
806 3689 996 3759 rapiat,
1025 3697 1068 3743 et
1091 3704 1194 3741 non
1217 3687 1283 3740 sit
1324 3687 1411 3756 qui
1443 3686 1644 3756 eripiat.
1673 3686 1718 3741 0
1748 3686 1882 3742 inef-

304 3785 514 3839 fabilem
544 3782 878 3837 clementiam
905 3781 919 3833 !
952 3779 1058 3834 Pire
1089 3779 1273 3831 matris
1302 3778 1414 3832 haec
1431 3780 1591 3831 verba
1620 3787 1763 3843 sunt,
1794 3780 1878 3834 vel

302 3875 444 3929 illam
490 3874 664 3943 potius
703 3872 950 3941 pietatem
992 3869 1228 3923 bonitate
1266 3868 1420 3936 longe
1457 3878 1725 3936 superant.
1777 3868 1875 3936 Qui

301 3968 442 4021 enim
460 3948 567 4018 tam
595 3963 740 4034 gravi
770 3960 1111 4016 accusatione
1138 3973 1264 4011 usus
1292 3967 1392 4023 est,
1422 3957 1508 4025 qui
1541 3968 1737 4012 tantam
1765 3974 1878 4027 pra:

299 4074 361 4113 se
389 4054 960 4125 tulitindignationem,
984 4051 1097 4119 ipse
1124 4062 1219 4102 eos
1239 4047 1519 4117 prmtnunit
1540 4048 1693 4115 ‘.Qui
1725 4048 1876 4111 dixit,

300 4150 524 4221 Arguam
581 4157 649 4213 te,
693 4155 739 4199 et
794 4153 1013 4198 statuant
1063 4150 1180 4194 ante
1234 4138 1417 4210 faciem
1481 4147 1619 4191 tuam
1678 4148 1880 4206 peccata

301 4252 412 4306 tua,
439 4252 493 4293 et
517 4235 975 4293 condemnatiouis
1001 4232 1179 4288 emisit
1227 4229 1569 4297 sententiam,
1614 4246 1731 4284 eam
1763 4246 1880 4283 rur-

301 4348 394 4388 sus
419 4330 694 4396 rescindit,
722 4345 827 4382 nou
878 4337 1145 4396 tamquam
1191 4336 1313 4378 reos
1339 4320 1554 4376 tradens
1583 4321 1878 4389 supplicio,

298 4423 393 4480 sed
425 4433 690 4491 tamquam
717 4420 805 4491 qui
847 4419 1095 4474 suasione
1125 4427 1179 4471 et
1220 4413 1582 4469 admonitione
1622 4414 1879 4470 deberent

298 4515 514 4583 corrigi,
540 4523 689 4568 metu
706 4525 982 4577 coercens,
1010 4509 1289 4564 continens
1312 4521 1377 4563 ac
1405 4505 1607 4581 dicens,
1641 4507 1726 4561 Ne
1749 4512 1879 4578 forte

297 4609 466 4677 rapiat
492 4615 550 4661 ut
576 4605 661 4661 leo
698 4606 738 4670 ’,
766 4613 813 4660 et
856 4620 957 4657 non
981 4603 1042 4657 sit
1069 4603 1155 4672 qui
1195 4601 1397 4671 eripiat.
1434 4600 1523 4655 25.
1555 4601 1877 4670 Sacriﬁcium

299 4697 467 4751 laudis
493 4694 847 4763 honori/icabit
867 4709 969 4755 me,
996 4702 1042 4747 et
1060 4693 1164 4745 illic
1189 4692 1303 4755 iter,
1328 4691 1464 4761 quod
1489 4692 1750 4745 ostendam
1775 4693 1874 4758 illi,

296 4786 522 4840 salutare
578 4783 690 4837 Dei.
749 4784 1031 4853 Postquam
1074 4781 1304 4835 ostendit
1359 4781 1695 4835 clementiam
1748 4798 1873 4835 sua-

298 4874 496 4940 dendo,
517 4871 868 4938 consulendo,
897 4872 1146 4926 minando
1170 4885 1233 4926 ac
1258 4869 1533 4936 terrendo,
1563 4886 1751 4940 purum
1791 4871 1874 4924 af-

301 4966 525 5022 ferendo
594 4966 945 5035 supplicium,
998 4972 1053 5019 et
1124 4961 1508 5017 introducendo
1572 4964 1871 5029 consilium,

302 5056 539 5113 ostendit
587 5057 747 5111 etiam
779 5055 992 5109 modum
1023 5069 1119 5123 per
1162 5068 1319 5122 quem
1355 5053 1561 5118 possint
1605 5055 1887 5123 corrigere

298 5164 418 5218 quin
472 5146 608 5202 facta
659 5154 801 5209 sunt,
856 5145 1081 5199 dicens:
1124 5143 1448 5212 Sacriﬁcium
1503 5143 1668 5197 laudis
1717 5144 1876 5195 Itono-

296 5238 512 5306 riﬁcabit
558 5255 658 5292 me.
712 5236 765 5290 Id
799 5246 884 5291 est
931 5244 1107 5290 autem
1155 5233 1293 5303 quod
1321 5232 1492 5287 dicit:
1542 5231 1657 5286 Non
1702 5233 1873 5287 solum

297 5328 433 5383 iram
473 5342 646 5383 meam
673 5324 877 5381 sedabit
895 5364 911 5391 ,
941 5334 1033 5377 aut
1057 5323 1324 5378 rescindat
1349 5322 1870 5385 condemnationem,

361 5471 379 5503 ι
411 5471 485 5519 sic
502 5472 549 5519 in
570 5469 794 5521 omnibus
812 5464 920 5516 lere
941 5461 1305 5523 exemplaribus
1328 5468 1381 5511 et
1402 5463 1452 5524 in
1472 5463 1579 5524 ipso
1599 5459 1773 5511 Savilio
1795 5460 1873 5510 le-

294 5534 446 5595 gitur,
469 5531 559 5595 sed
578 5532 626 5580 in
644 5529 816 5595 ptorel.
838 5527 957 5595 tulit.
981 5527 1055 5574 sic
1095 5525 1339 5595 habeaur‘:
1365 5523 1454 5595 Qui
1491 5523 1670 5595 tantum
1694 5535 1799 5595 pra:
1821 5535 1872 5570 se

293 5584 404 5660 t'uh't
420 5590 808 5660 indignationem,
833 5588 937 5652 ipse
954 5598 1033 5636 eos
1053 5590 1327 5648 premunt,
1346 5588 1524 5633 omisso
1547 5584 1708 5646 priore
1733 5584 1874 5646 phia-

291 5651 364 5700 sis
390 5645 628 5703 membro.
794 5645 805 5651 ’
853 5645 864 5652 ’
1055 5645 1063 5648 ⁷
1206 5707 1250 5717 Η

359 5714 382 5745 ³
415 5721 523 5765 ttacc
547 5714 715 5776 verba,
738 5718 789 5762 ut
811 5708 1095 5773 leo,omittit
1115 5704 1331 5757 sanitas.

1419 310 1772 375 EXPOSITIO
1810 315 1874 371 IN
1915 315 2238 374 PSALMUM
2277 320 2455 378 CVIII.

2011 434 2103 489 sed
2133 450 2216 491 me
2239 436 2398 491 etiam
2424 438 2626 495 honore
2645 440 2860 496 afﬁciet.
2887 440 3018 496 Vide
3047 441 3286 510 prim-lari
3316 439 3436 497 lacti
3462 458 3577 497 ma-

2006 524 2356 593 gnitudinem,
2385 528 2597 596 quando
2626 529 2763 585 Deus
2805 545 2902 600 per
2944 532 3116 600 ipsum
3166 531 3369 586 honore
3412 530 3581 586 afﬁci-

2010 624 2112 670 tur.
2142 613 2211 670 Et
2237 618 2343 672 illic
2370 620 2481 683 iter,
2509 621 2644 688 quod
2682 621 2940 676 ostendam
2969 622 3064 685 illi,
3093 623 3316 677 salutare
3343 620 3457 677 Dei.
3493 622 3580 676 Vi-

2005 706 2128 762 disti
2155 709 2458 765 mercedem
2478 709 2831 766 iucﬁ'abilem?
2857 711 3033 767 vidisti
3058 726 3322 766 summam
3343 712 3582 767 clemen-

2007 798 2176 852 tiam?
2203 799 2296 853 Dei
2346 800 2488 855 enim
2533 800 2669 854 viam
2710 808 3043 857 ostensurum
3087 802 3385 871 pollicetur,
3432 811 3487 856 et
3528 798 3575 853 id

2006 889 2147 959 quod
2172 898 2255 943 est
2278 905 2404 945 vere
2434 890 2530 945 Dei
2558 890 2788 947 salutare
2830 892 2894 947 iis
2946 892 3037 962 qui
3086 903 3231 947 recte
3275 907 3334 947 se
3361 897 3567 962 gerunt.

2010 983 2070 1037 Ei
2097 998 2226 1052 ergo
2247 984 2574 1053 promittenti
2603 1000 2902 1054 paneamus,
2934 994 2990 1040 et
3025 996 3169 1041 recta
3194 986 3297 1040 vita
3323 996 3379 1040 et
3405 988 3579 1051 sacri:

2008 1072 2131 1126 ﬁcio
2160 1072 2329 1127 laudis
2353 1090 2475 1128 eum
2503 1074 2845 1129 honoremus.
2876 1075 3003 1131 limo
3039 1077 3180 1130 enim
3205 1077 3291 1129 via
3335 1076 3474 1130 ducit
3507 1075 3574 1128 ad

2009 1166 2232 1220 salutem
2281 1181 2376 1235 per
2418 1165 2524 1221 hoc
2562 1167 2876 1222 sacriﬁcium
2910 1186 2923 1221 :
2954 1182 3111 1236 quam
3139 1167 3293 1221 detur
3330 1168 3577 1222 omnibus

2008 1256 2164 1309 nobis
2186 1258 2397 1326 assequi
2440 1258 2611 1327 gratia
2639 1266 2694 1311 et
2718 1257 3001 1313 clementia
3028 1256 3233 1311 Domini
3262 1258 3425 1310 nostri
3449 1254 3578 1310 ιω

2006 1344 2224 1409 Christi,
2253 1348 2500 1415 quoniam
2524 1346 2571 1400 ei
2596 1346 2763 1417 gloria
2789 1356 2843 1401 et
2869 1347 3168 1415 imperium,
3197 1360 3337 1400 nunc
3358 1353 3413 1400 et
3434 1360 3577 1400 scm-

2007 1451 2122 1506 per,
2148 1436 2280 1490 etin
2301 1436 2495 1491 sarcula
2521 1437 2859 1491 saeculorum.
2891 1437 3083 1513 Amen.

2418 1545 2485 1601 IN
2522 1545 2841 1602 PSALMUM
2877 1546 3032 1603 cvm
3071 1545 3173 1618 (α).

2001 1657 2056 1712 Ξ.
2099 1657 2272 1725 Deus,
2312 1657 2515 1712 laudem
2559 1675 2721 1713 meam
2762 1672 2826 1714 ne
2859 1659 3118 1714 tacueris:
3145 1660 3263 1729 quia
3307 1676 3365 1713 os
3405 1676 3582 1728 peccaa

2074 1748 2196 1802 toris
2224 1757 2274 1802 et
2296 1763 2353 1802 os
2377 1747 2538 1803 dolosi
2565 1764 2716 1818 super
2748 1764 2828 1803 me
2858 1758 3090 1817 apertum
3124 1758 3221 1803 est.
3266 1749 3322 1805 5.
3361 1749 3578 1821 Loquutl

2070 1850 2186 1895 sunt
2211 1839 2478 1894 adversum
2497 1858 2577 1895 me
2605 1840 2779 1913 lingua
2802 1840 3000 1905 dolosa,
3022 1841 3329 1896 sermonibus
3352 1844 3455 1897 odii
3479 1844 3577 1895 cir-

2069 1932 2429 1987 cumdederunt
2442 1950 2540 1998 me,
2563 1943 2608 1987 et
2626 1938 3035 2005 expugnaverunt
3049 1950 3135 1999 me,
3143 1935 3317 2004 gratis.
3331 1935 3387 1992 4.
3402 1933 3506 1988 Pro
3519 1950 3577 1988 eo

2069 2034 2127 2078 ut
2144 2040 2221 2078 me
2236 2025 2517 2095 diligerent,
2539 2024 2864 2078 detrahebant
2882 2025 3007 2077 mihi
3025 2038 3043 2078 :
3059 2040 3150 2094 ego
3165 2033 3330 2077 autem
3349 2022 3569 2078 orabam.

2068 2116 2122 2171 5.
2148 2114 2213 2168 Et
2232 2126 2498 2184 posuerunt
2515 2115 2776 2168 aduersum
2792 2129 2872 2167 me
2890 2114 3025 2168 mala
3043 2130 3135 2183 pro
3159 2113 3321 2179 bonis,
3340 2123 3387 2167 et
3405 2113 3576 2167 odium

2068 2223 2160 2277 pro
2176 2206 2440 2258 dilectione
2460 2221 2589 2259 mea.
2607 2206 2659 2259 6.
2682 2203 2940 2260 Constitue
2954 2221 3105 2275 super
3116 2209 3231 2259 enin
3247 2213 3574 2272 peecatorem,

2068 2308 2116 2351 et
2143 2296 2373 2351 diabolus
2397 2305 2488 2351 stet
2512 2314 2544 2351 a
2567 2296 2759 2351 dextris
2786 2298 2975 2363 ejus.7.
2996 2296 3122 2352 Cum
3132 2297 3415 2367 judicatur,
3434 2307 3576 2350 exeat

2066 2388 2440 2456 condemnatus,
2468 2399 2514 2442 et
2536 2388 2694 2442 oratio
2712 2390 2821 2458 ejus
2843 2387 2935 2458 ﬁat
2952 2388 3004 2442 in
3031 2398 3304 2457 peccatum.
3341 2390 3391 2446 8.
3422 2386 3577 2441 Fiant

2067 2481 2173 2534 dies
2194 2482 2300 2551 ejus
2321 2481 2487 2549 pauci,
2520 2490 2566 2534 et
2590 2480 2927 2552 episcOpatuin
2953 2482 3061 2550 ejus
3089 2480 3302 2549 accipiat
3338 2481 3482 2533 alter.
3516 2482 3569 2534 9.

2068 2569 2223 2624 Fiant
2254 2572 2346 2638 filii
2373 2574 2481 2641 ejus
2513 2572 2728 2642 orphani
2748 2613 2761 2635 ,
2786 2581 2830 2625 et
2856 2588 2984 2625 uxor
3010 2572 3119 2641 ejus
3134 2572 3309 2626 uidua.
3344 2571 3427 2626 i0.
3461 2570 3509 2625 Ν
3517 2590 3574 2623 u-

2068 2670 2228 2715 tantes
2257 2661 2623 2729 transferantur
2642 2661 2737 2729 ﬁlii
2757 2663 2867 2730 ejus
2883 2703 2898 2725 ,
2920 2670 2968 2714 et
2984 2662 3284 2726 mendicent,
3309 2662 3574 2732 ejiciantnr
3660 2730 3664 2737 ἱ

2065 2754 2128 2805 de
2147 2751 2530 2804 habitationibus
2542 2752 2664 2807 suis.
2692 2754 2776 2806 ll.
2801 2752 3066 2806 Scrutetur
3085 2757 3352 2824 [terreretur
3377 2770 3573 2808 onmem

2067 2843 2391 2898 substantialis
2414 2843 2542 2913 ejus,
2572 2852 2619 2897 et
2642 2843 2883 2914 diripiant
2908 2844 3058 2898 alieni
3093 2843 3285 2919 labores
3312 2844 3441 2915 ejus.

2069 2957 2118 3011 Ι.
2146 2955 2331 3026 Magna
2355 2956 2441 3012 hic
2460 2957 2613 3011 nobis
2634 2956 2910 3026 prudentia
2932 2972 3064 3028 opus
3083 2965 3183 3013 est.
3201 2957 3375 3014 Verba
3404 2957 3566 3024 enim,

1991 3048 2034 3101 si
2062 3048 2468 3103 considerantur
2498 3057 2700 3103 tantum
2729 3058 2787 3103 ut
2809 3058 2934 3103 sunt
2960 3049 3162 3119 prolata
3186 3090 3202 3117 ,
3227 3059 3282 3105 et
3307 3058 3365 3105 ut
3390 3051 3569 3106 auditu

1991 3139 2168 3192 statim
2198 3139 2561 3209 percipiuntur
2590 3179 2607 3204 ,
2644 3139 2956 3209 perturbant
2981 3140 3178 3196 multos
3217 3155 3401 3195 eorum
3426 3183 3442 3207 ,
3480 3145 3567 3213 qui

1990 3244 2095 3283 non
2123 3230 2423 3284 attendunt.
2456 3228 2618 3283 Totus
2645 3230 2787 3284 enim
2820 3228 3063 3284 Psalmus
3088 3230 3278 3300 plenus
3302 3241 3384 3286 est
3412 3247 3569 3287 exse-

1991 3323 2232 3377 oratione
2252 3362 2267 3386 ,
2298 3322 2710 3393 hujusmodique
2737 3331 2843 3376 tota
2870 3324 3136 3393 percurrit
3160 3324 3332 3378 oratio
3351 3364 3365 3390 ,
3393 3339 3456 3380 ac
3486 3326 3566 3379 lo-

1985 3420 2196 3489 quentis
2219 3418 2506 3473 ferventem
2527 3426 2581 3473 et
2599 3417 2871 3472 ardentem
2892 3416 3173 3488 quamdam
3197 3417 3326 3471 iram
3348 3417 3560 3483 indicat,

1985 3524 2104 3579 quae
2151 3524 2255 3562 non
2300 3518 2549 3563 contenta
2593 3523 2716 3563 eum
2759 3509 2979 3573 ulcisci,
3007 3509 3094 3578 qni
3126 3508 3249 3562 facit
3280 3510 3521 3577 injuriam
3544 3551 3562 3576 ,

1983 3604 2140 3655 etiam
2164 3601 2215 3653 in
2241 3600 2397 3662 ﬁlios,
2420 3590 2622 3669 patrem
2645 3609 2697 3654 et
2718 3608 2937 3654 matrem
2959 3601 3195 3655 extendit
3216 3603 3559 3675 supplicium:

1980 3698 2035 3744 et
2062 3706 2164 3744 non
2195 3705 2297 3745 una
2325 3691 2373 3743 ei
2401 3689 2595 3744 sufficit
2620 3692 2912 3755 calamitas,
2941 3690 3033 3745 sed
3061 3691 3218 3745 etiam
3245 3692 3382 3746 tnala
3411 3694 3562 3747 malis

1981 3781 2270 3850 conjungit.
2305 3781 2433 3835 Vide
2455 3783 2597 3835 enim
2626 3792 2754 3850 quot
2783 3790 2835 3835 et
2858 3790 3054 3851 quanta
3082 3781 3403 3852 imprecetur
3424 3826 3439 3849 ,
3481 3783 3561 3837 di-

1982 3887 2108 3925 cens
2139 3889 2151 3924 :
2181 3872 2438 3927 Constitue
2459 3888 2608 3941 super
2632 3889 2744 3925 eum
2770 3882 3073 3939 peccatorem
3095 3888 3114 3926 :
3135 3884 3181 3926 et
3207 3874 3434 3929 diabolus
3470 3883 3562 3928 stet

1981 3980 2012 4015 a
2043 3963 2230 4016 dextris
2258 3964 2384 4030 ejus.
2420 3961 2531 4014 lloc
2554 3970 2666 4025 est,
2711 3962 2791 4015 Sit
2825 3961 3084 4016 obnoxius
3123 3965 3520 4019 accusatoribus
3541 4004 3558 4030 ,

1983 4051 2237 4120 improbis
2263 4050 2566 4103 hominibus
2593 4058 2647 4102 et
2673 4048 3070 4103 insidiatoribus
3089 4090 3104 4115 ,
3139 4066 3236 4106 nec
3269 4067 3364 4108 eos
3391 4055 3559 4122 possit

1981 4156 2253 4210 Superare.
2286 4139 2399 4194 Hoc
2442 4139 2583 4193 enim
2629 4138 2727 4192 sibi
2769 4139 2881 4191 vult
2910 4139 3056 4202 illud,
3099 4140 3224 4195 Cum
3258 4143 3558 4211 judicatnr,

1983 4240 2127 4286 exeat
2178 4230 2556 4283 condemnatus.
2614 4227 2724 4283 Nec
2762 4229 2892 4282 satis
2937 4228 3039 4283 hoc
3067 4229 3217 4284 duxit
3266 4246 3386 4286 esse
3436 4246 3562 4302 sup-

1984 4324 2123 4394 plicii
2174 4323 2248 4396 (lt)
2279 4363 2295 4386 ,
2334 4320 2429 4376 sed
2486 4336 2607 4375 cum
2655 4320 2755 4375 hac
2810 4321 3255 4376 condemnatione
3299 4332 3416 4377 orat
3447 4363 3462 4385 ,
3505 4332 3562 4379 ut

1981 4415 2139 4471 etiam
2161 4415 2350 4484 aliqu's
2372 4412 2505 4466 alius
2535 4420 2652 4482 post
2680 4412 2825 4467 illum
2850 4412 2964 4481 ejus
2989 4411 3242 4467 honorem
3272 4413 3558 4483 suscipiat,

1980 4506 2208 4561 dicens:
2241 4504 2600 4573 Episcopatum
2639 4505 2754 4574 ejus
2795 4503 3013 4574 accipiat
3056 4504 3202 4557 alter.
3252 4504 3321 4558 Et
3365 4521 3431 4559 ne
3474 4506 3558 4562 hic

1979 4598 2195 4669 quidem
2241 4597 2419 4661 sistit,
2449 4597 2540 4652 sed
2570 4597 2730 4651 etiam
2777 4597 2947 4650 solum
2991 4597 3079 4666 qui
3122 4606 3237 4653 erat
3264 4598 3311 4654 ei
3342 4600 3557 4656 relictus

1979 4700 2188 4763 portum
2214 4688 2458 4754 obstruit,
2492 4704 2684 4757 rogans
2713 4696 2769 4742 ut
2796 4704 2864 4742 ne
2892 4688 2981 4742 Dei
3012 4689 3224 4758 quidem
3246 4702 3557 4762 assequatur

1978 4783 2311 4838 clementiam
2336 4823 2353 4849 ,
2392 4781 2517 4835 dum
2550 4780 2677 4834 dicit
2705 4797 2718 4834 :
2749 4778 2814 4833 Et
2843 4781 3003 4834 oratio
3031 4783 3139 4847 eius
3175 4783 3266 4850 ﬁat
3295 4784 3346 4836 in
3364 4779 3555 4856 ’ρεσεα-

1980 4883 2106 4926 tum.
2129 4874 2261 4939 Quin
2292 4874 2451 4926 etiam
2476 4881 2625 4941 rogat
2647 4880 2705 4925 ut
2728 4881 2953 4926 mortem
2979 4873 3165 4926 subeat
3194 4874 3550 4932 immaturam.

1984 4963 2133 5016 Fiant
2158 4965 2321 5025 enim,
2352 4963 2540 5031 inquit,
2568 4963 2674 5015 dies
2700 4962 2809 5032 ejus
2834 4962 3003 5031 pauci.
3033 4966 3204 5032 Atque
3234 4982 3300 5021 ne
3330 4966 3413 5021 hic
3434 4967 3553 5036 qui-

1979 5054 2100 5110 dem
2129 5054 2287 5117 sistit,
2315 5053 2437 5119 lieet
2463 5052 2577 5106 lnec
2602 5053 2713 5106 sola
2740 5052 2939 5108 dixisse
2967 5053 3281 5110 sufﬁciebat.
3312 5053 3405 5109 llle
3427 5069 3553 5108 vero

1980 5149 2138 5202 etiam
2175 5144 2448 5213 adjungit,
2478 5143 2618 5213 quod
2645 5143 2856 5213 quidem
2880 5154 2960 5199 est
2983 5146 3145 5198 animi
3172 5144 3325 5197 valde
3350 5144 3551 5198 incensi
3606 5156 3615 5165 '

1979 5254 2041 5293 ac
2072 5236 2373 5291 inﬂammati
2398 5234 2492 5307 (c),
2520 5251 2624 5289 non
2654 5252 2761 5290 uno
2787 5245 2877 5290 aut
2902 5236 3069 5290 altero
3098 5244 3405 5288 contentum
3434 5247 3553 5289 esse

1979 5328 2235 5397 Htpplicio
2253 5368 2268 5394 ,
2299 5324 2392 5381 sed
2417 5334 2596 5394 petere
2619 5334 2674 5379 ut
2698 5325 2801 5380 alia
2835 5326 3192 5394 imponantur.
3217 5323 3346 5387 Qure
3371 5332 3549 5379 autem

1979 5419 2229 5486 deinceps
2268 5427 2579 5485 sequuntur,
2607 5428 2729 5471 sunt
2760 5417 2844 5471 his
2875 5415 3040 5468 multo
3062 5412 3324 5483 graviora.
3354 5415 3550 5471 Eorum

1979 5513 2118 5568 enim
2146 5524 2277 5579 quos
2298 5508 2565 5578 relinquit,
2586 5508 2866 5564 orbitatem
2887 5515 2940 5562 et
2961 5505 3264 5560 viduitatem
3287 5515 3548 5577 precatur.

2041 5602 2113 5661 (α)
2145 5596 2439 5661 contulimus
2459 5611 2570 5647 cum
2584 5599 2754 5648 Codice
2774 5598 2915 5660 regio
2937 5597 3077 5661 2529,
3096 5594 3241 5646 hodie
3260 5596 3370 5648 655.

2067 5658 2116 5732 lt)
2150 5658 2400 5732 ttichmulta
2421 5658 2923 5732 praetermittuntur'jn
2945 5659 3053 5708 Cod.
3072 5666 3191 5731 iteg.

2043 5602 2091 5661 (α
2145 5602 2439 5649 contulimus
2459 5611 2570 5647 cum
2584 5602 2754 5648 Codice
2774 5602 2915 5660 regio
2937 5602 3077 5655 2529,
3097 5602 3241 5646 hadie
3260 5602 3370 5648 δῶ.

2067 5666 2091 5713 b
2150 5662 2233 5710 ttic
2255 5658 2400 5710 multa
2421 5661 2854 5732 praetermittuntur
2876 5662 2923 5708 in
2945 5659 3053 5708 Cod.
3072 5666 3191 5731 neg.

2043 5602 2116 5788 ξιξ
2150 5720 2292 5772 Multa
2316 5733 2490 5784 passim
2515 5719 3085 5789 prieteruuttitlleg.,qtu
3106 5718 3294 5772 mendis
3313 5730 3494 5773 scatet.

3688 6132 4077 6180 Α*

4094 5197 4097 5375 1
