4074 6206
542 323 646 378 259
1247 314 1305 373 S.
1345 314 1622 372 JOANNIS
1659 308 2134 370 CHRYSOSTOMI

2244 307 2488 363 iClilEP.
2533 307 3063 366 CONSTANTINOP.
3711 310 3812 367 ξω

541 441 704 514 Atqui
729 455 948 497 necesse
990 449 1105 503 est,
1136 448 1194 493 ιιι
1223 439 1339 492 hate
1365 437 1648 499 eveniant,
1681 441 1961 503 postquam
2005 429 2122 498 ipse

542 533 835 589 excesserit
866 550 881 597 ;
911 540 966 587 et
991 541 1169 586 tamen
1203 531 1340 583 inter
1366 538 1558 582 ett-tera
1587 522 1870 579 maledicta
1899 536 1960 575 ea
1989 533 2121 574 con-

542 631 833 692 sequenter
856 622 1058 684 statuit,
1089 622 1163 675 ira
1192 619 1421 676 fervens.
1450 618 1516 672 Et
1537 629 1636 670 nec
1661 616 1714 668 in
1740 612 1966 668 orbitate
2004 608 2124 679 qui-

544 715 668 768 dem
699 714 878 778 sistit,
915 713 1006 768 sed
1038 711 1195 766 etiam
1232 718 1354 780 post
1378 708 1514 762 tales
1539 704 1868 760 calamitates
1907 699 2128 756 ulterius

551 804 893 874 progreditur
913 844 930 870 ,
965 803 1100 857 mala
1131 801 1246 871 cjus
1270 798 1623 868 amplificans,
1655 809 1847 865 rogans
1869 803 1926 848 ut
1949 792 2037 862 qui
2061 805 2128 845 ex

545 911 612 948 eo
643 895 750 948 nati
779 904 901 948 sunt
928 893 1143 947 incertis
1165 899 1422 960 vagentur
1440 887 1676 943 sedibus.
1715 884 1767 939 Ν
1773 893 1999 946 utentes,
2043 882 2125 936 in-

544 985 695 1054 quit,
730 987 1098 1052 transferantur
1126 981 1222 1051 ﬁlii
1266 982 1410 1050 ejus,
1437 987 1484 1032 et
1518 977 1821 1031 mendicent.
1866 975 1977 1029 Hoc
2002 984 2084 1027 est
2111 1012 2125 1036 ,

546 1076 799 1130 Errantes
820 1085 873 1130 et
893 1073 1183 1143 vagabundi
1208 1088 1276 1126 ne
1297 1070 1656 1126 necessarium
1676 1067 1886 1138 quidem
1912 1065 2132 1119 alimen-

546 1177 656 1220 tum
688 1167 935 1228 habeaut,
961 1180 1058 1220 nec
1074 1174 1284 1220 cessent
1302 1162 1513 1220 assidue
1544 1162 1718 1215 locum
1744 1160 1864 1213 loco
1883 1165 2089 1210 tnntare
2111 1198 2128 1220 ,

543 1257 726 1325 agitati
750 1297 765 1321 ,
799 1256 931 1324 pulsi
965 1270 1060 1324 per
1084 1269 1300 1309 onmem
1330 1261 1524 1307 terram
1547 1291 1562 1317 ,
1587 1257 1646 1304 et
1675 1263 1932 1318 nusquam
1979 1247 2130 1301 inve-

546 1349 751 1402 nientes
776 1348 971 1410 locum,
1005 1347 1060 1400 in
1087 1360 1191 1415 quo
1219 1345 1536 1400 consistant.
1568 1340 1699 1397 Cum
1732 1341 1816 1393 bis
1845 1348 2021 1392 autem
2047 1337 2126 1390 eis

543 1440 704 1492 etiam
737 1439 1057 1507 imprecatur
1087 1436 1316 1504 inopiam
1337 1474 1354 1500 ,
1385 1448 1609 1502 eamque
1649 1439 1942 1485 extremam
1967 1435 2022 1482 et
2048 1428 2132 1481 in-

547 1529 880 1584 tolerabilem
901 1568 916 1592 ,
949 1536 1010 1582 ut
1046 1542 1147 1582 nec
1171 1525 1424 1580 auxilium
1453 1523 1668 1594 quidem
1705 1530 2060 1590 assequuntur
2099 1533 2129 1572 a

545 1619 788 1688 cognatis
811 1659 826 1684 ,
859 1615 953 1671 sed
993 1618 1366 1678 circumeant,
1393 1613 1460 1668 ab
1499 1611 1737 1667 externis
1775 1620 1830 1664 et
1856 1609 2048 1678 ignotis
2079 1606 2130 1662 id

548 1718 807 1778 petentes.
837 1706 972 1760 Audi
994 1716 1170 1760 autem
1193 1703 1460 1774 quomodo
1481 1702 1580 1758 hoc
1605 1701 1908 1771 signiﬁcans
1929 1699 2133 1768 adjicit.

549 1801 832 1868 Postquam
853 1799 993 1852 enim
1019 1798 1153 1852 dixit
1181 1814 1194 1850 :
1225 1796 1616 1865 Transferantur
1643 1795 1737 1864 ﬁlii
1764 1795 1892 1864 ejus,
1920 1804 1965 1848 et
1993 1809 2135 1847 men-

549 1891 751 1955 dicant,
803 1887 1111 1957 subjungit:
1160 1886 1450 1958 Ejiciantur
1488 1888 1552 1939 de
1590 1885 1974 1939 habitationibus
2007 1885 2132 1938 suis.

548 1982 814 2035 Scrutatur
839 1983 1107 2050 facuemtor
1125 1995 1323 2033 onmem
1341 1977 1668 2031 substantiam
1688 1977 1815 2047 ejus,
1833 1985 1878 2029 et
1895 1975 2135 2044 diripiant

549 2072 703 2124 alieni
741 2070 934 2123 labores
964 2069 1094 2140 ejus.
1126 2068 1236 2123 Hoc
1263 2076 1347 2123 est
1387 2067 1530 2121 aliud
1573 2081 1740 2136 genus
1777 2064 2092 2119 calamitatis
2116 2103 2131 2128 ,

552 2163 786 2232 ipsorum
817 2163 950 2215 bona
979 2158 1278 2229 diripienda
1307 2158 1440 2212 tradi
1465 2199 1480 2224 ,
1509 2166 1564 2212 et
1588 2156 1969 2211 fteneratorum
2003 2154 2132 2208 insi-

548 2253 664 2305 dias
693 2251 933 2320 perpeti,
965 2260 1124 2320 atque
1153 2249 1398 2302 omnibus
1426 2247 1598 2301 modis
1629 2245 1836 2315 probris
1865 2255 1919 2300 et
1941 2255 2133 2300 contu-

547 2340 721 2395 meliis
741 2339 900 2405 affici,
923 2354 986 2394 ac
1011 2339 1149 2409 quod
1179 2349 1263 2394 est
1284 2340 1437 2408 longe
1460 2339 1692 2407 gravius,
1721 2336 1773 2389 in
1799 2336 1955 2389 tantis
1982 2334 2134 2388 malis

545 2447 728 2486 carere
755 2431 1059 2486 defenSore.
1101 2431 1156 2485 Id
1187 2440 1364 2485 autem
1405 2431 1727 2498 itnprecatur
1747 2470 1762 2494 ,
1790 2429 1972 2482 dicens
1996 2445 2008 2481 :
2037 2427 2124 2481 12.

549 2521 670 2574 Νοη
707 2521 770 2574 sit
795 2521 872 2574 illi
911 2520 1136 2592 adjutor.
1168 2520 1302 2574 Mala
1349 2521 1488 2574 enim
1528 2519 1613 2572 vel
1645 2519 1756 2587 ipsa
1787 2533 1882 2587 per
1924 2531 1983 2572 se
2008 2525 2133 2571 sunt

545 2611 895 2666 intolerabilia
919 2628 932 2664 :
953 2610 1166 2680 quando
1181 2619 1358 2665 autem
1382 2624 1448 2664 ne
1467 2609 1714 2663 defensor
1730 2607 1943 2677 quidem
1960 2607 2132 2672 adest,

545 2709 670 2756 sunt
691 2702 845 2771 longe
863 2702 1124 2771 graviora.
1145 2699 1256 2753 Nec
1275 2700 1337 2754 sit
1358 2701 1443 2768 qui
1467 2699 1760 2752 misereatur
1778 2698 1988 2769 pupillis
2007 2699 2132 2768 ejus.

549 2793 728 2864 Papzc,
745 2801 940 2862 quanta
967 2793 1062 2847 irae
1082 2791 1409 2862 magnitudo,
1428 2789 1640 2860 quando
1664 2805 1730 2843 ne
1751 2790 1995 2843 orbitatis
2017 2789 2134 2858 qri—

548 2885 670 2940 dem
712 2884 1061 2938 immaturitas
1109 2881 1526 2937 tnisericordiam
1574 2879 1934 2949 assequitur,
1963 2893 2134 2947 neque

553 2979 656 3034 hoc
682 2965 852 3032 solum
873 3017 888 3044 ,
919 2977 1025 3031 imo
1049 2975 1098 3030 ei
1125 2976 1284 3030 etiam
1316 2984 1610 3029 extremum
1635 2973 1854 3026 exitium
1884 2970 2132 3026 affertur!

547 3070 678 3124 Nam
708 3068 824 3123 ait:
858 3068 944 3121 15.
988 3065 1141 3120 Fiant
1165 3065 1271 3118 nati
1297 3065 1406 3136 ejus
1429 3064 1483 3117 in
1522 3063 1793 3115 interitum.
1827 3059 1895 3114 In
1928 3076 2137 3130 genera-

551 3164 684 3215 tione
712 3176 814 3215 una
853 3159 1081 3213 deleatur
1123 3174 1306 3212 nomen
1351 3158 1479 3228 ejus.
1516 3156 1703 3210 Vidisti
1730 3155 2027 3210 orationem
2059 3155 2135 3208 ira

555 3251 789 3321 plenam,
816 3258 870 3304 et
897 3264 1016 3319 qua:
1041 3263 1102 3302 se
1131 3263 1236 3301 non
1263 3246 1539 3316 reprimit?
1567 3244 1726 3316 Optat
1751 3255 1808 3300 ut
1833 3245 1930 3313 ipsi
1955 3243 2138 3296 vivant

552 3344 603 3397 in
633 3343 775 3396 varia
798 3348 852 3394 et
878 3338 1156 3408 multiplici
1181 3347 1340 3406 atque
1364 3336 1540 3391 omnis
1567 3335 1776 3405 generis
1796 3335 2010 3390 miseria
2031 3375 2047 3400 ,
2080 3343 2134 3388 et

549 3435 750 3502 absque
777 3431 880 3484 ulla
925 3429 1154 3483 nominis
1197 3427 1278 3482 sui
1321 3428 1455 3480 fama
1497 3426 1729 3481 funditus
1758 3426 2041 3480 intereant.
2074 3425 2140 3480 Et

553 3522 772 3593 perinde
795 3536 858 3576 ac
885 3521 929 3576 si
958 3536 1064 3574 non
1089 3519 1318 3574 sufficiat
1340 3519 1569 3573 filiorum
1590 3519 1882 3584 ealainitas,
1912 3517 2135 3586 subjun-

554 3614 630 3683 git
657 3627 839 3666 rursus
874 3629 888 3663 ε
920 3611 1007 3665 14.
1040 3609 1107 3662 In
1135 3610 1426 3663 memoriam
1456 3611 1628 3662 redeat
1666 3607 1902 3678 iniquitas
1939 3616 2140 3677 patrum

553 3706 682 3774 ejus,
705 3711 752 3755 et
776 3710 1036 3772 peccatum
1058 3701 1231 3753 matris
1252 3700 1360 3770 ejus
1383 3715 1484 3752 non
1505 3697 1749 3751 deleatur.
1775 3698 1861 3752 15.
1886 3701 1965 3767 (a)
1985 3697 2140 3751 Fiant

552 3803 728 3847 contra
753 3792 1028 3846 Dominum
1053 3807 1252 3860 semper
1268 3830 1284 3857 ,
1309 3800 1356 3844 et
1383 3791 1633 3859 dispereat
1655 3789 1717 3842 de
1747 3799 1881 3842 terra
1901 3791 2140 3842 memoria

550 3902 743 3939 eorum.
778 3884 870 3938 Est
899 3883 1041 3938 enim
1072 3881 1317 3936 maxima:
1362 3880 1651 3936 iracundiae
1677 3923 1693 3947 ,
1723 3881 1794 3934 ita
1834 3880 2138 3934 minutatim

553 3975 871 4030 distribuere
887 4015 901 4039 ,
925 3988 1058 4044 quas
1082 3973 1400 4043 generaliter
1424 3972 1556 4026 dixit
1585 3971 1909 4026 calamitates
1929 4010 1944 4036 ,
1971 3981 2019 4025 et
2047 3985 2141 4024 ea-

550 4066 672 4121 dem
701 4064 915 4118 assidue
941 4079 1177 4118 versare.
1204 4063 1492 4133 Postquam
1519 4062 1661 4117 enim
1688 4061 1842 4128 dixit,
1874 4060 1940 4113 In
1957 4076 2143 4113 memo-

548 4159 678 4209 riam
701 4155 869 4209 redeat
885 4156 1119 4224 iniquitas
1135 4165 1334 4225 patrum
1356 4156 1486 4222 ejus,
1515 4153 1820 4223 subjunxit:
1847 4151 1914 4205 Et
1932 4169 2031 4206 non
2053 4155 2144 4205 de-

551 4249 730 4302 leatur.
758 4248 916 4317 Atqui
948 4247 1086 4301 idem
1113 4254 1228 4311 est;
1254 4247 1328 4299 ira
1362 4256 1540 4300 tamen
1563 4255 1618 4298 ut
1639 4255 1918 4315 utrumque
1945 4246 2148 4300 diceret

554 4338 800 4410 impulit;
847 4339 990 4408 quod
1023 4347 1205 4392 autem
1235 4337 1347 4390 vult
1375 4338 1587 4402 dicere,
1620 4336 1722 4391 hoc
1750 4349 1832 4392 est
1860 4354 1874 4390 :
1903 4337 2148 4393 lnterfice

553 4431 758 4499 ipsum,
785 4429 991 4490 occide,
1033 4429 1100 4482 de
1129 4428 1306 4482 medio
1334 4427 1482 4482 tolle.
1519 4427 1711 4480 Vidisti
1743 4437 1872 4497 quot
1913 4429 2022 4482 sint
2046 4429 2147 4482 im-

553 4521 922 4592 precationes?
949 4520 1053 4574 Sed
1076 4561 1091 4583 ,
1120 4520 1162 4573 si
1192 4521 1271 4573 vis
1296 4560 1310 4583 ,
1339 4535 1438 4589 ego
1463 4533 1558 4574 eas
1587 4534 1770 4573 rursus
1794 4520 2057 4588 colligant.
2090 4521 2146 4575 lu

555 4614 746 4676 malos,
769 4613 958 4681 inquit,
976 4610 1220 4664 homines
1237 4611 1448 4672 incidat,
1475 4620 1772 4674 accusetur,
1797 4611 1864 4664 sit
1887 4612 1936 4663 in
1962 4626 2146 4664 eorum

559 4715 842 4774 potestate,
873 4702 1279 4769 condemnetur,
1312 4710 1539 4757 mortem
1571 4702 1760 4756 subeat
1789 4701 2145 4771 immaturam,

556 4793 758 4846 honore
785 4792 1036 4860 privetur,
1071 4803 1121 4844 et
1149 4807 1217 4845 ne
1247 4793 1300 4845 in
1327 4805 1452 4846 suos
1479 4791 1712 4861 quidem,
1745 4793 1836 4846 sed
1865 4795 1914 4846 in
1945 4794 2149 4849 alienos

557 4899 678 4939 eum
711 4885 1024 4938 translatum
1054 4883 1230 4938 videat
1261 4900 1273 4936 :
1305 4899 1444 4938 uxor
1469 4884 1585 4952 ejus
1606 4892 1807 4953 pereat,
1838 4895 1890 4938 et
1923 4885 2012 4938 filii
2035 4885 2150 4954 ejus

559 4983 919 5045 paupertatem
949 5015 965 5040 ,
993 4974 1271 5028 orbitatem
1293 5015 1308 5039 ,
1337 4983 1392 5028 et
1417 4973 1576 5028 vitam
1603 4974 1965 5030 mendicorum
1991 4976 2152 5030 susti-

559 5073 718 5119 neant
739 5107 752 5126 ,
791 5063 1241 5130 condemnentur,
1272 5066 1609 5136 expellantur
1635 5065 1866 5136 undique
1891 5107 1904 5129 ,
1947 5068 2148 5121 nullum

558 5156 784 5210 habeant
800 5153 1118 5222 adjutorem,
1141 5170 1170 5208 a
1197 5155 1286 5208 Dei
1308 5155 1667 5210 benevolentia
1687 5157 1949 5220 excidant,
1975 5160 2150 5213 nullus

557 5258 624 5300 su
667 5247 744 5300 eis
777 5255 959 5314 portus
998 5261 1095 5299 nee
1125 5244 1385 5315 refugium
1414 5263 1427 5299 :
1457 5245 1698 5300 deleatur
1743 5262 1934 5302 nomen
1975 5249 2092 5317 ejus
2119 5264 2150 5304 e

559 5347 719 5403 terra,
755 5346 937 5408 pereat
964 5337 1243 5406 inglorius,
1273 5346 1325 5391 et
1354 5347 1504 5406 pater
1530 5347 1582 5391 et
1605 5348 1772 5392 mater
1800 5339 1945 5392 luant
1967 5355 2150 5407 poenas

560 5445 774 5484 suorum
804 5441 1164 5500 peccatorum,
1199 5429 1488 5497 perdantur
1515 5439 1569 5483 et
1599 5429 1835 5484 funditus
1862 5431 2142 5486 intereant.

625 5521 682 5576 2.
722 5521 912 5576 Annon
945 5537 1008 5576 ea
1045 5538 1164 5592 qua:
1193 5521 1333 5576 dicta
1363 5532 1486 5576 sunt
1513 5522 1810 5577 auditorem
1853 5524 2151 5594 percellunt

627 5675 696 5738 (a)
728 5669 912 5739 Versus
935 5674 1152 5739 decimus
1194 5678 1394 5739 quintus
1417 5678 1463 5724 in
1499 5678 1674 5739 Crtecis
1715 5680 2070 5739 praetermissus
2099 5682 2150 5732 itt

548 5734 688 5788 linit.
705 5734 866 5786 ttorel.
889 5745 940 5785 et
961 5737 1098 5786 δίκη.
1129 5751 1192 5788 ex
1214 5734 1322 5787 aliis
1348 5734 1802 5800 exemplaribus'bic
1825 5743 2114 5792 restituitur.

2231 436 2286 480 et
2327 425 2803 497 obstupefaciunt?
2849 430 3040 483 Annon
3075 428 3210 483 scire
3251 427 3526 483 desideras
3576 429 3818 498 quisnam

2213 503 2314 572 'est
2333 559 2348 586 ,
2375 519 2466 588 qui
2491 521 2568 574 sic
2594 529 2677 576 est
2697 519 3080 575 condemnatus
3099 518 3121 571 ?
3140 519 3194 573 Si
3223 519 3363 573 enim
3385 559 3402 584 ,
3429 533 3554 572 cum
3578 518 3822 573 audimus

2240 608 2509 664 hominem
2536 610 2746 679 probris
2766 619 2820 664 et
2838 609 3136 664 maledictis
3155 607 3312 676 afﬁci,
3337 623 3586 679 rogamus
3609 608 3823 664 adstan-

2234 708 2319 755 tes
2337 740 2356 766 ,
2382 709 2442 755 ut
2468 700 2647 756 dicant
2671 701 2789 771 quis
2827 701 2899 756 sit
2925 701 3014 772 qui
3055 700 3170 754 haec
3195 698 3377 754 audiat
3406 715 3420 752 :
3453 699 3628 753 multo
3658 702 3825 770 magis

2232 808 2352 845 cum
2380 793 2693 862 prophetam
2724 793 2838 848 haec
2866 794 3245 863 imprecantetn
3275 791 3522 846 audimus
3544 832 3560 858 ,
3605 807 3826 849 necesse

2233 893 2315 936 est
2341 883 2567 950 discere,
2600 882 2757 954 idque
2777 897 2896 938 cum
2927 884 3118 937 timore
3144 896 3208 936 ac
3235 893 3398 944 metu,
3427 883 3547 950 quis
3575 881 3644 936 sit
3666 898 3821 952 quem

2235 983 2340 1028 tam
2370 975 2654 1030 vehemens
2671 975 2862 1029 invasit
2892 974 3181 1040 iracundia,
3210 976 3329 1044 quis
3353 975 3422 1028 sit
3447 975 3536 1044 qui
3565 973 3820 1042 Spiritum

2233 1073 2470 1118 sanctum
2499 1073 2643 1118 tanta
2668 1064 2846 1119 affecit
2884 1065 3119 1130 tristitia,
3145 1073 3204 1118 ut
3231 1072 3310 1118 tot
3337 1079 3534 1134 genera
3563 1066 3823 1120 malorum

2235 1153 2463 1208 audiret.
2489 1154 2758 1208 Psalmum
2789 1169 2936 1226 ergo,
2960 1155 3002 1208 si
3030 1136 3293 1214 videatur:
3319 1155 3560 1208 dicamus
3588 1155 3657 1208 ab
3680 1153 3823 1210 initio

2234 1258 2355 1298 cum
2379 1259 2564 1312 magna
2586 1246 2898 1298 attentione.
2922 1244 3088 1299 Nemo
3109 1255 3286 1298 autem
3309 1244 3670 1314 perturbetur.
3695 1245 3825 1301 Nar-

2241 1336 2370 1391 rabo
2410 1337 2554 1392 euim
2596 1352 2753 1406 quam
2799 1349 2985 1407 potero
3028 1340 3428 1394 accuratissime
3453 1349 3507 1394 et
3533 1340 3826 1410 diligentis-

2236 1428 2392 1482 sime.
2441 1426 2556 1482 Non
2603 1435 2686 1481 est
2727 1428 2867 1482 enim
2916 1444 3133 1497 parvum
3180 1429 3322 1499 quod
3375 1431 3634 1499 quaeritur
3678 1447 3692 1484 :
3732 1432 3822 1486 sed

2236 1533 2400 1572 unum
2431 1518 2642 1588 quidem
2671 1527 2724 1573 et
2749 1519 3007 1588 primum,
3039 1534 3268 1589 quanam
3295 1519 3361 1574 de
3387 1535 3547 1574 causa
3575 1563 3588 1586 ,
3620 1537 3742 1576 cum
3783 1523 3825 1576 is

2236 1618 2548 1680 peccasset,
2575 1609 2662 1680 qui
2695 1609 2902 1680 probris
2946 1611 3214 1680 appetitur
3233 1651 3248 1676 ,
3277 1601 3377 1665 filii
3407 1611 3522 1681 ejus
3564 1628 3686 1668 cum
3714 1613 3825 1683 ipso

2242 1701 2568 1769 puniuntur,
2607 1708 2662 1754 et
2701 1715 2836 1754 uxor
2863 1708 2918 1754 et
2959 1710 3225 1769 parentes.
3258 1701 3562 1758 Secundum
3605 1714 3815 1770 autem,

2237 1790 2354 1859 quis
2383 1799 2464 1844 est
2492 1790 2535 1844 is
2557 1791 2646 1860 qui
2677 1791 3026 1846 inaledicitur.
3056 1792 3294 1848 Tertium
3323 1804 3529 1861 autem,
3558 1798 3822 1865 quomodo

2237 1881 2484 1950 princeps
2512 1881 2874 1949 apostolorum
2910 1881 3143 1937 ostendit
3165 1882 3306 1938 hunc
3333 1884 3601 1939 Psalmum
3630 1887 3824 1941 dictum

2239 1985 2357 2025 esse
2386 1971 2453 2024 de
2478 1970 2613 2025 Juda
2641 2011 2655 2034 ,
2687 1973 2768 2026 vel
2815 1973 2989 2040 potius
3027 1988 3133 2027 non
3178 1981 3344 2028 totum
3375 1975 3645 2030 Psalmum
3670 2017 3685 2042 ,
3729 1979 3830 2032 sed

2240 2071 2445 2132 partem
2479 2062 2693 2116 Psalmi.
2742 2061 3002 2132 Scriptum
3041 2075 3113 2118 est
3156 2065 3327 2131 enim,
3369 2064 3578 2135 inquit,
3608 2068 3662 2120 in
3705 2066 3828 2120 libro

2240 2153 2566 2207 Psalmorum
2589 2168 2607 2206 :
2635 2153 2755 2206 Fiat
2782 2155 3023 2208 habitatio
3048 2159 3155 2226 ejus
3192 2157 3407 2223 deserta,
3445 2168 3490 2211 et
3517 2159 3568 2211 in
3597 2159 3829 2212 taberna-

2239 2245 2366 2298 culis
2387 2249 2498 2316 ejus
2532 2261 2633 2298 non
2662 2247 2724 2299 sit
2749 2246 2836 2313 qui
2853 2246 3093 2302 inhabitet
3119 2246 3253 2319 (Act.
3278 2249 3327 2302 1.
3351 2247 3465 2320 20).
3490 2246 3564 2320 (a)
3596 2250 3701 2304 Sed
3732 2252 3830 2304 huc

2240 2336 2395 2390 nobis
2437 2335 2592 2390 aliam
2636 2352 2822 2391 rursus
2855 2339 3058 2408 praebet
3095 2338 3445 2408 quaastionem
3481 2358 3495 2394 :
3525 2356 3632 2395 non
3687 2340 3830 2395 enim

2239 2426 2439 2496 scripta
2461 2436 2584 2480 sunt
2605 2435 2828 2498 utraque
2855 2429 2905 2481 in
2933 2427 3033 2482 hoc
3055 2428 3266 2483 Psalmo
3298 2447 3313 2484 :
3343 2438 3398 2484 et
3424 2430 3544 2486 ideo
3566 2446 3671 2486 non
3693 2432 3831 2486 dixit

2240 2518 2380 2572 hunc
2409 2519 2676 2573 Psalmum
2701 2561 2714 2582 ,
2743 2519 2838 2575 sed
2867 2529 3034 2574 totum
3066 2520 3258 2575 librum
3300 2521 3654 2576 Psalmorum.
3699 2519 3828 2576 Illud

2239 2614 2380 2667 enim
2411 2630 2426 2668 :
2455 2612 2574 2666 Fiat
2605 2613 2845 2668 habitatio
2870 2615 2977 2686 ejus
3005 2616 3200 2669 deserta
3227 2616 3246 2686 (
3277 2615 3424 2670 Psal.
3458 2615 3547 2670 68.
3577 2615 3687 2687 26)
3710 2656 3723 2676 .
3751 2627 3834 2670 est

2240 2706 2292 2761 in
2322 2707 2427 2762 alio
2455 2707 2666 2762 Psalnto
2683 2725 2696 2760 :
2715 2706 2818 2762 hoc
2842 2723 2996 2763 vero:
3018 2707 3086 2761 Et
3115 2709 3456 2779 episcOpatnm
3481 2711 3592 2779 ejus
3615 2710 3830 2779 accipiat

2240 2799 2390 2861 alter,
2411 2800 2464 2852 in
2492 2798 2817 2853 boc.Petrus
2849 2807 3022 2852 tamen
3053 2809 3337 2868 utrumque
3369 2799 3542 2870 coegit
3577 2799 3627 2852 in
3669 2815 3829 2853 unum

2240 2890 2616 2944 testimonium.
2633 2890 2782 2956 Quod
2799 2891 2958 2945 etiam
2977 2891 3168 2960 ubique
3184 2891 3303 2946 facit
3315 2891 3524 2956 Paulus,
3545 2899 3606 2946 ut-
3623 2891 3830 2961 quando

2239 2981 2366 3036 dicit
2403 2981 2658 3050 propheta
2691 2999 2704 3037 :
2752 2982 2918 3037 Veniet
2949 2999 3011 3037 ea:
3043 2984 3171 3039 Sion
3198 2984 3282 3054 qui
3317 2984 3523 3053 eripiet,
3579 2995 3624 3037 et
3649 2997 3833 3038 avertet

2239 3075 2523 3143 tmpietates
2548 3091 2610 3128 ea:
2643 3074 2802 3129 Jacob
2833 3081 2850 3144 (
2879 3075 3030 3130 Rom.
3062 3077 3149 3132 11.
3177 3076 3247 3131 26
3277 3093 3294 3142 ;
3320 3075 3450 3130 Isai.
3475 3075 3565 3130 59.
3595 3076 3668 3132 20
3693 3078 3732 3146 ).
3769 3075 3832 3128 Et

2240 3165 2334 3217 hoc
2357 3165 2428 3218 eis
2460 3179 2523 3218 ea:
2560 3181 2638 3218 me
2665 3174 3042 3232 testamentum,
3083 3167 3286 3230 quando
3329 3166 3581 3220 abstulero
3625 3176 3836 3236 peccata

2242 3271 2414 3310 eorum
2445 3255 2462 3326 (
2487 3255 2614 3310 lsai.
2643 3255 2732 3310 27.
2765 3256 2862 3326 9).
2902 3256 3041 3324 Quid
3069 3267 3246 3312 autem
3269 3298 3284 3322 ,
3312 3256 3505 3310 dixerit
3533 3255 3796 3326 quiSpiam
3818 3298 3833 3316 .

2241 3361 2308 3402 an
2331 3347 2382 3402 id
2409 3347 2550 3416 quod
2577 3347 2774 3402 dictum
2805 3356 2906 3414 est,
2932 3347 3232 3417 prophetia,
3264 3363 3328 3401 an
3357 3347 3670 3416 imprecatio
3699 3359 3778 3400 est
3806 3348 3830 3398 ?

2243 3437 2529 3506 Pr0phetia
2563 3438 2662 3492 sub
2692 3438 2869 3507 specie
2896 3437 3309 3506 imprecationis.
3339 3437 3472 3491 Nam
3498 3437 3657 3491 etiam
3698 3436 3824 3490 alibi

2245 3531 2346 3586 tale
2365 3531 2488 3601 quid
2513 3531 2843 3586 inveniemus
2869 3549 2882 3584 :
2913 3530 2964 3584 id
2989 3529 3154 3586 Jacob
3179 3545 3389 3600 quoque
3411 3530 3550 3584 fecit.
3574 3529 3835 3596 Quoniam

2243 3624 2384 3678 enim
2411 3624 2698 3692 oportebat
2723 3623 2993 3678 auditores
3013 3623 3184 3690 juvari
3215 3637 3278 3677 ex
3312 3623 3376 3677 iis
3405 3637 3524 3691 qu:e
3552 3622 3673 3676 aliis
3708 3637 3834 3676 ρνυ-

2244 3716 2456 3770 niebant
2478 3756 2494 3782 ,
2525 3714 2832 3786 pr0phctias
2857 3715 3052 3769 multas
3074 3714 3175 3768 hoc
3202 3715 3362 3768 modo
3385 3713 3636 3779 efferunt,
3667 3724 3722 3767 ιιι
3749 3716 3834 3767 vel

2245 3808 2360 3877 ipso
2403 3809 2562 3863 modo
2615 3808 2918 3878 proferendi
2961 3817 3218 3877 augeatur
3253 3816 3428 3862 metus
3459 3807 3509 3860 in
3541 3807 3837 3875 republica.

2243 3901 2429 3972 Neque
2457 3903 2597 3958 enim
2640 3903 2860 3972 perinde
2898 3912 2979 3957 est
3005 3903 3051 3959 si
3085 3903 3232 3959 dicas
3263 3920 3278 3958 :
3309 3903 3403 3958 llic
3433 3901 3536 3957 hoc
3580 3903 3662 3956 vel
3709 3903 3840 3956 illud

2247 3993 2494 4061 patietur,
2523 4009 2586 4048 ac
2611 3997 2654 4048 si
2686 3994 2736 4047 id
2767 4003 2825 4048 ut
2850 3994 3016 4048 iratus
3042 4004 3095 4050 et
3123 3994 3424 4063 indignatus
3446 3993 3742 4048 induxeris.
3777 3993 3844 4047 Et

2247 4083 2387 4152 quod
2411 4083 2524 4138 [nec
2553 4099 2658 4138 non
2689 4094 2888 4140 temere
2909 4085 3247 4155 pronuntiem
3268 4126 3282 4149 ,
3311 4100 3378 4139 ex
3405 4085 3582 4139 verbis
3613 4086 3845 4154 prophe-

2256 4175 2375 4229 ticis
2403 4175 2505 4229 hoc
2532 4175 2682 4230 vobis
2706 4174 3042 4231 manifestum
3066 4174 3304 4229 reddam.
3329 4175 3493 4229 Jacob
3521 4177 3686 4241 enim,
3718 4191 3844 4230 cum

2249 4275 2391 4320 esset
2436 4267 2726 4320 moriturus
2750 4307 2764 4332 ,
2800 4264 2975 4319 Venite
2997 4307 3010 4331 ,
3044 4265 3214 4335 inquit
3257 4266 3376 4319 filiis
3409 4269 3518 4320 suis
3542 4307 3556 4330 ,
3602 4276 3650 4318 et
3675 4266 3847 4318 dicam

2249 4357 2384 4427 quod
2413 4368 2700 4410 eventurum
2717 4357 2781 4410 sit
2807 4358 2944 4410 vobis
2961 4357 3014 4409 in
3045 4357 3216 4410 diebus
3244 4357 3524 4411 novissimis
3547 4357 3566 4428 (
3589 4355 3717 4410 Gen.
3754 4357 3842 4412 49.

2252 4451 2275 4502 1
2310 4452 2326 4516 )
2359 4466 2372 4502 :
2399 4458 2451 4501 et
2479 4464 2597 4503 cum
2639 4459 2782 4503 esset
2823 4448 3266 4518 prophetaturus,
3315 4450 3491 4502 statim
3519 4465 3548 4502 a
3578 4450 3848 4519 principio

2254 4548 2521 4608 tamquam
2545 4539 2620 4593 ira
2647 4541 2898 4608 percitus,
2925 4541 3107 4609 incipit
3128 4539 3459 4610 prOphetiaut
3487 4541 3554 4594 ab
3581 4543 3847 4608 impreca-

2254 4635 2416 4698 tione,
2448 4635 2525 4688 sic
2548 4633 2732 4688 dicens
2762 4650 2776 4687 :
2804 4633 2981 4688 Ruben
3011 4635 3370 4704 primogenitus
3401 4651 3558 4696 meus,
3587 4633 3750 4687 durus
3782 4636 3852 4686 nd

2253 4724 2551 4792 ferendum,
2589 4723 2745 4777 durus
2773 4733 2820 4776 et
2847 4733 3147 4789 contumax,
3177 4723 3340 4794 fecisti
3377 4724 3762 4782 contumeliam.
3798 4734 3850 4776 ut

2253 4831 2386 4884 aqua
2411 4831 2509 4867 non
2538 4831 2732 4868 crescas
2769 4813 2946 4882 (Ibid.
2974 4831 3021 4868 υ.
3045 4814 3116 4884 ’5)
3151 4831 3164 4866 :
3194 4813 3426 4868 futurum
3473 4814 3588 4884 ejus
3623 4814 3850 4868 exitium

2254 4905 2546 4976 praedicens
2566 4905 2664 4960 sub
2685 4905 2860 4974 specie
2882 4904 3290 4974 imprecationis.
3311 4904 3383 4958 ita
3408 4920 3611 4963 rursus.
3631 4907 3855 4974 quando

2254 4999 2389 5052 bona
2420 4998 2565 5062 dicit,
2599 5007 2778 5051 narrat
2801 4999 2899 5052 sub
2924 4997 3100 5066 Specie
3125 4998 3461 5066 precationis,
3490 4997 3672 5052 dicens
3705 5014 3726 5052 :
3757 4998 3856 5054 Det

2255 5091 2339 5143 tibi
2370 5091 2508 5144 Deus
2543 5091 2606 5142 de
2640 5106 2753 5143 rore
2773 5090 2884 5143 (α’ιὶ
2915 5099 2961 5142 et
2987 5089 3049 5142 de
3080 5090 3382 5160 pinguedine
3402 5100 3547 5143 terra:
3569 5089 3730 5160 (Ibid.
3757 5092 3854 5147 27.

2253 5182 2323 5238 28
2347 5181 2390 5252 ).
2415 5181 2646 5236 Tametsi
2679 5181 2777 5234 hoc
2806 5195 3018 5250 quoque
3046 5191 3129 5234 est
3159 5181 3454 5251 prophetia.
3485 5180 3638 5248 Quod
3664 5193 3852 5237 autem

2256 5274 2357 5328 hoc
2383 5289 2491 5328 non
2517 5273 2586 5327 sit
2607 5273 2820 5326 humani
2847 5273 3088 5338 affectus,
3117 5273 3317 5326 clarmu
3341 5281 3442 5326 est.
3471 5272 3600 5326 Nam
3632 5273 3683 5326 in
3706 5273 3855 5327 Cba-

2256 5383 2390 5420 naan
2421 5379 2632 5434 quoque
2661 5373 2810 5433 pater
2835 5365 2950 5431 ejus
2979 5363 3080 5418 hoc
3111 5363 3267 5430 facit,
3294 5363 3480 5418 dicens
3515 5383 3528 5418 :
3561 5363 3672 5418 Erit
3707 5364 3855 5420 Chu-

2255 5474 2389 5511 naan
2418 5472 2588 5510 servus
2629 5457 2738 5527 ejus
2764 5458 2781 5526 (
2809 5455 2946 5509 Ibid.
2986 5456 3039 5511 9.
3070 5455 3140 5509 25
3167 5456 3213 5523 );
3244 5464 3300 5510 ιιι
3337 5456 3492 5522 scias,
3528 5456 3718 5520 Deum,
3764 5459 3855 5525 qui

2255 5548 2512 5618 prazvenit
2538 5562 2634 5602 eos
2659 5547 2748 5617 qui
2780 5546 2968 5616 injuria
2989 5546 3307 5612 afficiuntur,
3337 5562 3450 5612 eos,
3479 5549 3568 5616 qui
3598 5545 3859 5616 injuriatn

2316 5681 2389 5742 (a)
2413 5687 2521 5730 lizec
2541 5681 2711 5739 verba,
2737 5677 2793 5725 Et
2829 5673 3154 5738 episcopatum
3169 5678 3274 5740 ejus
3291 5678 3498 5743 accipiat
3531 5679 3676 5742 alter,
3717 5685 3861 5731 cxci~

2256 5743 2386 5792 disse
2415 5745 2585 5806 probat
2607 5745 2732 5805 quod
2753 5743 2988 5804 sequitur.
