4112 6208
371 293 472 352 26!

373 407 644 470 inierunt,
677 403 951 476 persequi.
979 401 1284 470 Quinetiam
1327 400 1573 458 Christus
1607 415 1824 470 quoque
1867 399 1957 452 tali

375 499 539 568 ﬁgura
561 512 687 551 usus
706 505 810 560 est,
839 495 940 548 sub
967 494 1146 564 specie
1169 491 1459 562 prOphetiae
1487 490 1655 564 magis
1680 503 1958 552 revocans,

368 598 424 644 et
455 587 684 657 lugentis
711 600 861 639 more
887 584 1074 639 dicens
1106 602 1120 638 :
1159 582 1247 637 Vae
1279 583 1390 646 tibi,
1413 581 1697 636 Chorozain
1715 620 1731 644 ,
1754 595 1828 634 me
1850 578 1959 642 tibi,

377 679 649 734 Bcthsaida
680 677 842 749 (Luc.
867 677 949 731 10.
977 676 1100 747 15).
1133 677 1199 730 Et
1229 690 1438 741 rursus,
1473 684 1530 728 ut
1559 672 1771 744 quando
1791 672 1918 726 dicit
1947 689 1960 724 :

373 769 685 833 Jerusalem,
716 766 1020 830 Jerusalem,
1047 783 1158 838 qua:
1185 766 1369 820 occidis
1401 765 1668 835 prophetas
1698 763 1715 834 (
1742 762 1826 817 Id.
1872 763 1960 817 15.

375 859 448 915 54
468 860 511 930 ).
542 859 616 913 De
639 872 870 928 quonam
899 873 1026 926 ergo
1052 857 1249 910 dictum
1275 865 1356 910 est
1387 854 1670 910 Psalmus?
1697 853 1960 908 Nonnulla

377 953 448 1008 de
465 952 622 1018 Juda,
645 950 843 1020 Spiritu
862 965 953 1018 per
975 950 1131 1003 David
1157 948 1507 1018 proplictante
1531 967 1547 1001 :
1567 947 1766 1016 reliqua
1787 955 1964 999 autem

378 1042 448 1098 de
471 1043 610 1096 aliis.
643 1041 738 1096 Hic
767 1041 908 1095 enim
940 1055 1121 1094 rursus
1146 1049 1228 1094 est
1254 1039 1550 1109 prOphetize
1579 1033 1792 1091 modus.
1814 1035 1969 1104 Smne

377 1143 560 1190 autem
581 1132 917 1188 inveniemus
938 1147 1058 1186 eum
1077 1132 1144 1183 ita
1169 1145 1290 1184 esse
1315 1128 1689 1199 compositum,
1717 1136 1775 1182 ut
1795 1140 1970 1195 proue-

380 1229 487 1283 mia
503 1227 716 1298 quidem
739 1227 789 1281 in
820 1226 1002 1291 alium,
1022 1223 1227 1294 reliqua
1247 1232 1424 1282 autem
1446 1221 1691 1276 dicantur
1715 1220 1765 1273 in
1787 1219 1970 1274 alium.

382 1319 454 1375 Ut
478 1327 654 1374 autem
695 1317 796 1372 hoc
841 1317 1015 1386 ipsum
1053 1315 1214 1370 etiam
1257 1313 1474 1368 aliunde
1513 1311 1693 1366 videas
1717 1351 1734 1379 ,
1763 1309 1972 1380 quando

377 1408 556 1466 Judaei
583 1408 805 1480 ingressi
827 1418 950 1462 sunt
979 1407 1032 1460 in
1062 1416 1261 1460 terram
1291 1402 1664 1474 promissionis
1684 1443 1697 1465 ,
1733 1399 1973 1455 dividens

383 1499 664 1555 duodecim
705 1499 876 1554 tribus
903 1499 959 1552 in
985 1496 1270 1551 duodecim
1317 1503 1530 1565 partes,
1567 1493 1785 1562 jnbetur
1806 1507 1836 1546 a
1864 1492 1974 1546 Deo

388 1593 543 1649 Nave
567 1593 705 1648 ﬁlius
732 1593 828 1646 has
867 1591 1079 1660 quidem
1129 1588 1476 1652 benedicere,
1501 1585 1620 1640 illas
1647 1599 1774 1640 vero
1804 1584 1970 1637 male-

381 1685 586 1740 dicere.
614 1682 920 1738 Benedictio
947 1695 1072 1752 ergo
1101 1691 1151 1734 et
1179 1677 1483 1732 maledictio
1503 1684 1655 1731 crant
1679 1674 1972 1745 prophetia:

385 1776 707 1833 futurorum.
760 1774 979 1830 Dicebat
1018 1774 1160 1828 enim
1195 1769 1535 1826 :Maledictus
1585 1777 1638 1822 tu
1664 1768 1718 1821 in
1755 1767 1966 1832 civitate,

385 1869 677 1924 maledictus
705 1869 756 1922 in
785 1883 908 1938 agro
955 1865 976 1937 (
997 1864 1148 1918 Deut.
1173 1863 1264 1918 28.
1294 1863 1358 1916 16
1377 1860 1436 1933 );
1473 1869 1528 1914 et
1557 1858 1971 1915 innumerabiles

379 1960 643 2032 ejusmodi
671 1957 1078 2030 iniprccationes
1105 1957 1275 2012 tribus
1299 1954 1400 2009 illa:
1420 1962 1823 2024 componentes,
1853 1951 1972 2006 lon-

377 2061 505 2122 gam
531 2061 808 2108 texuerunt
833 2050 1151 2105 orationem.

459 2145 526 2200 In
561 2147 858 2201 sacerdotes
891 2142 986 2196 Dei
1022 2158 1122 2196 non
1158 2141 1538 2212 insurgendum.
1565 2139 1688 2194 Filii
1707 2140 1778 2194 .in
1814 2140 1974 2192 sacris

383 2237 547 2290 literis
588 2235 674 2305 qui
723 2236 1063 2288 dicantur.—~
1115 2231 1213 2286 Hic
1249 2232 1410 2285 etiam
1466 2229 1569 2285 dici
1622 2239 1826 2298 potest,
1875 2229 1976 2284 sub

386 2326 569 2396 specie
589 2323 974 2380 exsecrationis
996 2323 1191 2378 editam
1216 2322 1376 2376 luisse
1399 2320 1754 2391 prophetiam,
1784 2329 1840 2376 et
1858 2337 1977 2391 quae

387 2415 544 2470 Judzn
571 2424 723 2470 erant
747 2421 999 2488 eventura
1023 2413 1451 2475 annuntiantem,
1484 2411 1974 2481 acprtcdicentem,

392 2515 447 2560 et
467 2512 647 2574 postea
674 2503 832 2558 etiam
857 2502 999 2557 aliud
1023 2510 1333 2557 tractantem
1363 2511 1754 2571 argumentum,
1786 2516 1980 2572 nempe

391 2597 654 2651 adversus
688 2594 944 2664 quosdam
990 2593 1079 2662 qui
1127 2593 1534 2648 insurrexerunt
1571 2603 1756 2648 contra
1802 2607 1980 2648 sacer-

391 2688 604 2744 dotium
630 2705 645 2742 :
676 2695 738 2741 ut
777 2686 1008 2741 sciamus
1033 2697 1286 2756 quantum
1325 2686 1396 2740 sit
1424 2687 1621 2739 malum
1670 2687 1720 2739 in
1768 2685 1860 2740 Dei
1891 2701 1981 2742 sa-

391 2781 642 2836 cerdotes
691 2779 989 2848 insurgere,
1035 2776 1268 2847 doloque
1310 2786 1365 2832 et
1409 2778 1687 2846 iniquitate
1723 2777 1982 2833 adversus

389 2885 488 2927 eos
515 2871 614 2925 uti.
654 2870 784 2936 Qua:
809 2869 952 2924 enim
991 2867 1136 2923 dicta
1174 2876 1318 2929 sunt,
1369 2883 1474 2921 non
1503 2866 1644 2920 aliud
1670 2876 1795 2921 sunt
1822 2881 1980 2936 quam

385 2963 634 3018 doctrina
669 2975 856 3015 eorum
886 2974 1005 3028 quae
1034 2967 1158 3012 sunt
1201 2965 1457 3012 eventura
1499 2957 1567 3011 iis
1592 2958 1680 3027 qui
1708 2958 1981 3027 proximos

388 3053 582 3123 injuria
608 3051 865 3116 afﬁciunt,
895 3050 986 3122 qui
1008 3050 1288 3120 insurgunt
1312 3063 1432 3103 cum
1459 3048 1588 3103 dolo
1613 3057 1669 3103 et
1692 3049 1980 3120 depravato

393 3144 576 3198 animo
601 3143 658 3198 in
695 3157 792 3198 eos
819 3141 912 3213 qui
949 3141 1150 3196 nullam
1177 3139 1418 3195 fecerunt
1451 3137 1720 3210 injuriam.
1752 3140 1903 3208 Quod
1933 3141 1978 3196 si

389 3242 568 3304 rogat,
602 3243 660 3287 ut
689 3232 850 3287 etiam
883 3230 976 3285 ﬁlii
1004 3231 1314 3300 puniantur,
1349 3229 1404 3285 id
1432 3245 1504 3285 ne
1534 3241 1586 3284 te
1618 3230 1916 3294 conturbet,
1946 3245 1980 3284 ο

391 3321 590 3377 dilecte
623 3341 637 3378 :
666 3322 754 3377 hic
783 3321 926 3378 enim
967 3320 1098 3376 dicit
1140 3321 1276 3376 ﬁlios
1315 3335 1410 3377 eos
1445 3321 1536 3390 qui
1587 3320 1800 3376 luerunt
1849 3322 1978 3376 socii

396 3428 586 3470 eorum
625 3411 997 3482 improbitatis.
1026 3411 1172 3468 Solet
1207 3412 1348 3466 enim
1393 3411 1667 3482 Scriptura
1711 3413 1980 3482 appellare

391 3501 554 3569 ﬁlios,
584 3511 639 3558 et
663 3517 758 3557 eos
781 3502 869 3572 qui
897 3510 1021 3558 sunt
1045 3503 1364 3573 cognatione
1390 3502 1510 3570 ﬁlii,
1539 3513 1594 3559 et
1618 3518 1713 3558 eos
1739 3504 1829 3574 qui
1859 3503 1978 3560 fue-

394 3604 518 3648 runt
545 3594 675 3648 socii
703 3594 1002 3664 aliquorum
1044 3592 1435 3664 improbitatis,
1477 3594 1686 3649 etiamsi
1720 3609 1825 3648 non
1870 3594 1979 3650 sint

395 3697 583 3740 natura
629 3684 744 3751 lilii,
785 3692 844 3738 ut
881 3683 1094 3754 quando
1137 3683 1268 3740 dicit
1301 3701 1314 3738 :
1349 3683 1452 3739 Vos
1493 3685 1591 3757 ﬁlii
1633 3685 1823 3740 diaboli
1859 3687 1980 3740 estis

393 3775 574 3844 (Joan.
604 3775 658 3831 8.
691 3773 808 3846 Μ).
838 3775 998 3846 Atqui
1037 3790 1142 3830 non
1167 3785 1324 3830 erant
1351 3775 1525 3831 Judaei
1545 3785 1740 3832 natura
1778 3776 1978 3832 diaboli

396 3867 512 3922 lilii.
543 3865 824 3934 Quomodo
857 3865 1000 3922 enim
1025 3873 1207 3920 essent
1235 3865 1331 3918 ﬁlii
1371 3866 1522 3935 ejus,
1553 3868 1641 3936 qui
1671 3877 1755 3923 est
1797 3869 1982 3923 incor-

396 3972 614 4028 porcus,
637 3972 758 4011 cum
783 3955 884 4026 ipsi
908 3955 1018 4011 sint
1035 3969 1198 4010 carne
1217 3955 1566 4010 circumdati?
1593 3957 1700 4013 Sed
1723 3958 1981 4013 societate

396 4047 754 4118 improbitatis
782 4054 1118 4102 attraxerant
1133 4045 1200 4099 ad
1225 4059 1285 4101 se
1305 4047 1699 4116 cognationem.
1724 4047 1800 4102 Ita
1819 4049 1980 4103 etiam

394 4153 492 4194 cos
512 4138 658 4208 ejicit
683 4153 714 4192 a
759 4153 960 4209 genere
1005 4136 1238 4192 Abrahae
1259 4176 1276 4202 ,
1304 4136 1492 4193 dicens
1521 4157 1535 4192 :
1567 4139 1628 4194 Si
1669 4141 1838 4194 essetis
1885 4141 1983 4210 ﬁlii

394 4233 644 4298 Abrahae,
673 4248 830 4302 opera
861 4230 1080 4286 Abrahw
1119 4231 1349 4301 faceretis
1375 4229 1555 4302 (Joan.
1598 4230 1652 4286 8.
1681 4231 1797 4302 59).
1827 4231 1983 4299 Quod

394 4323 540 4378 enim
588 4323 728 4377 ﬁlius
756 4336 862 4377 non
906 4321 1154 4392 puniatur
1197 4337 1295 4391 pro
1340 4328 1514 4392 patre,
1544 4336 1644 4378 nec
1691 4333 1843 4392 pater
1883 4337 1982 4394 pro

397 4416 527 4481 ﬁlio,
554 4416 722 4471 cuivis
747 4423 829 4470 est
854 4413 1216 4469 manifestum.
1249 4413 1364 4469 Hoc
1391 4415 1556 4469 etiam
1598 4414 1899 4470 ostenditur
1926 4416 1980 4470 in

398 4508 518 4578 lege
545 4506 745 4561 dictum
773 4519 897 4562 esse
915 4545 932 4570 ,
960 4505 1063 4560 nisi
1108 4513 1290 4560 tamen
1319 4509 1491 4575 ipsum
1520 4505 1659 4562 male
1706 4507 1977 4572 instituat;

395 4610 451 4654 et
485 4609 612 4656 tunc
636 4616 742 4654 non
771 4615 868 4671 pro
899 4599 1038 4667 ﬁlio,
1068 4599 1164 4656 sed
1196 4615 1292 4670 pro
1320 4614 1416 4656 sua
1457 4599 1672 4671 punitur
1710 4600 1976 4670 socordia,

394 4691 536 4746 sicut
560 4691 676 4746 lleli
705 4693 785 4761 (t.
813 4691 942 4762 Reg.
972 4691 1025 4746 5.
1050 4690 1165 4760 15).

465 4783 518 4837 5.
559 4781 618 4837 Si
663 4791 840 4837 autem
887 4781 1127 4849 videtur,
1172 4782 1439 4837 Psalmum
1487 4777 1874 4854 proSequamur
1909 4783 1979 4840 ab

393 4871 569 4928 initio.
585 4873 744 4941 Deus,
766 4873 969 4928 laudem
997 4891 1162 4928 meam
1181 4890 1243 4928 ne
1258 4875 1490 4929 tacueris.
1519 4875 1671 4930 Alius
1695 4885 1872 4932 autem
1897 4877 1979 4932 in-

393 4972 602 5034 terpres
621 4965 794 5021 dicit:
844 4963 1003 5030 Deus,
1048 4964 1330 5020 taudationi
1371 4981 1495 5020 metu
1535 4981 1597 5020 ne
1634 4966 1975 5022 obsurdueris.

394 5055 582 5123 Alius,
616 5055 698 5110 Ne
722 5056 958 5124 silueris;
989 5058 1090 5114 hoc
1128 5065 1241 5123 est,
1273 5057 1352 5114 Ne
1381 5057 1791 5128 praetermiseris
1824 5060 1978 5128 puni-

394 5151 619 5217 tionem,
649 5149 744 5206 sed
769 5165 956 5222 poenas
985 5165 1136 5206 sume
1159 5151 1230 5206 de
1255 5151 1320 5206 iis
1345 5165 1463 5221 quae
1488 5150 1625 5204 laeta
1645 5159 1791 5205 sunt.
1819 5150 1900 5206 Tu
1919 5166 1978 5207 es

395 5241 539 5296 enim
560 5240 844 5312 gloriosus,
866 5257 1107 5312 magnus,
1130 5252 1180 5297 et
1202 5249 1352 5312 potes
1381 5241 1499 5296 haec
1513 5241 1802 5312 corrigere.
1833 5241 1978 5308 Quo-

394 5333 534 5387 niam
562 5349 619 5388 os
645 5333 946 5403 peccatoris,
973 5343 1019 5386 et
1043 5349 1099 5388 os
1128 5331 1291 5386 dolosi
1335 5349 1486 5402 super
1513 5347 1592 5386 me
1613 5341 1845 5402 apertum
1883 5341 1976 5387 est.

395 5421 618 5494 Loquuti
643 5432 758 5478 sunt
782 5423 1049 5477 adversum
1077 5437 1156 5475 me
1176 5421 1350 5491 lingua
1378 5420 1574 5487 dolosa,
1599 5432 1646 5476 et
1663 5420 1980 5478 sermonibus

395 5519 500 5572 odii
512 5519 948 5574 circumdederunt
964 5535 1062 5584 me,
1083 5527 1132 5571 et
1151 5529 1558 5590 expugnaverunt
1579 5537 1658 5575 me
1671 5520 1851 5592 gratis.
1870 5518 1980 5576 Pro

393 5624 453 5664 eo
468 5616 522 5664 ut
544 5625 622 5662 me
637 5608 920 5680 diligerent,
939 5608 1262 5663 detrahebant
1283 5609 1405 5662 mihi
1421 5625 1438 5663 :
1455 5627 1544 5681 ego
1561 5618 1730 5665 autem
1747 5611 1975 5666 orabam.

469 5697 688 5755 I’ercata
716 5700 887 5754 dedita
910 5717 1062 5772 opera
1082 5701 1367 5767 commissa,
1401 5703 1632 5772 graviora
1653 5712 1864 5760 sunt.—-
1881 5704 1974 5760 Vi-

1488 281 1850 343 EXPOSlTlO
1881 281 1955 338 1N
1995 280 2318 340 PSALMUM
2355 283 2530 340 CVlll.

3543 289 3646 343 26‘}

2069 397 2190 452 disti
2223 398 2482 468 insignem
2512 399 2946 469 improbitatem?
2977 402 3152 458 vidisti
3182 403 3491 459 insidiarum
3520 419 3650 458 con-

2067 489 2459 556 spirationem?
2507 471 2706 544 vidisti‘
2731 493 2964 546 studium
3022 497 3482 562 praemeditatum?
3537 498 3650 552 Hoc

2067 583 2210 637 enim
2241 583 2402 638 Deum
2435 585 2663 638 maxime
2691 586 2883 650 irritat,
2913 589 3128 657 quando
3162 591 3434 654 consulto,
3471 590 3648 646 dedita

2069 689 2228 744 opera
2255 690 2318 729 ac
2347 677 2514 731 multa
2549 676 2741 731 tcehna
2766 678 2833 732 ab
2859 680 3277 748 improbis'mala
3313 683 3464 738 liunt.
3494 687 3650 740 Aliud

2070 767 2333 829 estenim,
2357 780 2476 821 cum
2495 767 2613 836 quis
2633 767 2886 836 deceptus
2908 770 3229 826 etseductus
3249 773 3479 839 labitur;
3505 777 3650 829 aliud

2071 871 2192 909 eum
2221 856 2339 925 quis
2368 857 2550 911 vitium
2594 867 2650 911 et
2695 859 3086 927 improbitatem
3124 874 3370 929 exercet;
3413 874 3469 920 et
3508 867 3653 920 aliud

2074 961 2276 1012 rursus,
2300 947 2440 1017 quod
2457 957 2538 1002 est
2552 951 2752 1004 crimen
2772 951 3084 1014 maximum,
3105 955 3317 1022 quando
3335 969 3396 1010 se
3411 955 3656 1024 improbe

2073 1047 2265 1105 gerunt
2305 1039 2360 1092 in
2391 1054 2513 1093 eum
2543 1040 2632 1109 qui
2665 1026 2874 1094 nonest
2902 1041 3192 1111 improbus.
3228 1045 3459 1100 Dicendo
3485 1049 3647 1111 enim,

2079 1126 2187 1180 Pro
2209 1145 2268 1182 eo
2297 1138 2351 1182 ut
2377 1146 2456 1183 me
2475 1129 2738 1201 diligerent
2760 1173 2776 1197 ,
2803 1131 3133 1187 detrahebant
3166 1136 3310 1200 mihi,
3352 1138 3483 1191 nihil
3509 1139 3654 1194 aliud

2076 1219 2361 1288 signiﬁcat,
2390 1235 2548 1290 quam
2574 1236 2669 1275 eos
2699 1222 3024 1277 benefactori
3045 1263 3061 1287 ,
3089 1234 3144 1279 et
3168 1226 3220 1285 ei
3245 1226 3335 1295 qui
3361 1226 3551 1297 dignus
3576 1239 3662 1284 est

2075 1311 2263 1373 amari,
2290 1318 2346 1366 et
2369 1311 2562 1366 bonam
2582 1315 3071 1369 remunerationem
3088 1319 3365 1386 consequi,
3390 1322 3659 1374 contraria

2077 1401 2390 1469 rependere.
2423 1403 2533 1473 Ego
2561 1412 2726 1456 autem
2756 1405 2982 1458 orabam.
3007 1405 3200 1461 Vidisti
3230 1407 3660 1480 philosophiam?

2078 1493 2256 1546 vidisti
2307 1494 2768 1550 moderationem?
2815 1497 2994 1551 vidisti
3041 1500 3541 1557 mansuetudinem?
3586 1504 3665 1558 vi-

2075 1583 2204 1637 disti
2248 1585 2440 1640 animae
2488 1587 2774 1654 pietatem?
2822 1587 2937 1642 Non
2988 1592 3259 1659 armabar,
3313 1593 3514 1664 inquit,
3564 1611 3664 1652 nec

2075 1684 2261 1730 contra
2283 1691 2402 1730 eum
2422 1677 2588 1731 aciem
2611 1679 2935 1734 instruebam
2955 1696 2969 1745 ;
2996 1680 3090 1735 sed
3113 1683 3177 1736 ad
3203 1692 3254 1738 te
3268 1685 3662 1757 confugieham,

2077 1774 2224 1820 tuum
2266 1767 2616 1836 implorabam
2663 1770 2955 1835 auxilium,
2986 1781 3130 1826 tuam
3166 1789 3354 1844 opem,
3395 1792 3540 1832 arma
3575 1787 3661 1834 tua

2080 1857 2474 1926 potentissima,
2499 1867 2649 1914 tuum
2677 1860 3090 1932 inexpugnabile
3109 1866 3437 1934 praesidium.
3463 1869 3663 1925 Deinde

2078 1961 2200 2001 cum
2227 1947 2294 2002 de
2322 1947 2457 2004 Juda
2487 1949 2730 2017 dixisset,
2759 1953 3028 2022 quomodo
3057 1957 3294 2026 seipsum
3327 1969 3504 2016 morte
3531 1976 3664 2016 eon-

2079 2040 2390 2108 demnavit,
2439 2042 2714 2112 quomodo
2756 2043 3013 2099 adversus
3062 2047 3297 2118 seipsum
3341 2054 3659 2107 sententiam

2081 2131 2221 2196 tulit,
2252 2132 2524 2201 quomodo
2567 2148 2626 2188 se
2672 2137 3050 2205 strangulavit,
3079 2140 3346 2209 quomodo
3381 2142 3500 2212 ejus
3539 2160 3665 2214 apo-

2080 2221 2308 2277 stolatus
2336 2223 2618 2278 translatus
2661 2233 2745 2279 est
2783 2225 2834 2280 in
2880 2227 3062 2295 alium,
3101 2246 3283 2287 rursus
3313 2234 3462 2302 prius
3505 2251 3666 2306 argu-

2080 2319 2317 2366 mentum
2351 2315 2702 2383 persequitur.
2733 2313 2862 2371 Nam
2888 2318 3003 2374 hzec
3026 2336 3238 2392 quoque
3258 2335 3342 2379 est
3367 2327 3666 2397 prophetia:

2080 2401 2308 2472 species,
2339 2419 2641 2461 sermonem
2677 2408 3090 2480 interrumpere,
3137 2421 3192 2468 et
3228 2414 3457 2485 aliquam
3503 2417 3665 2472 histo-

2081 2493 2215 2547 riam
2259 2494 2497 2563 injicere,
2526 2511 2695 2566 eaque
2736 2502 2998 2556 recensita
3039 2519 3222 2560 rursus
3263 2505 3334 2559 ad
3365 2507 3540 2576 priora
3582 2525 3667 2564 re-

2083 2584 2238 2638 verti.
2267 2583 2503 2640 Obscura
2537 2598 2618 2642 est
2639 2589 2786 2643 enim
2818 2591 3095 2659 prophetia
3140 2605 3354 2664 propter
3405 2596 3668 2666 ingratum

2083 2674 2388 2730 Judteorum
2433 2676 2692 2731 animum.
2745 2678 3055 2736 Subindicat
3088 2699 3237 2753 ergo,
3271 2695 3327 2738 ut
3373 2685 3482 2754 jam
3527 2687 3667 2754 dixi,

2079 2766 2314 2836 aliquem
2372 2766 2463 2836 qui
2509 2768 2561 2821 in
2614 2769 2968 2823 sacerdotium
3024 2775 3226 2841 paravit
3280 2776 3498 2831 insidias
3545 2790 3666 2847 post

2035 2891 2042 2898 -
2087 2865 2296 2926 tempus
2343 2859 2664 2914 reversionis
2709 2876 2736 2913 a
2767 2861 3035 2932 Babylone
3080 2862 3179 2933 (a).
3217 2865 3270 2919 ld
3323 2876 3519 2922 norunt
3555 2879 3668 2926 stu-

2084 2947 2260 3014 diosi,
2300 2949 2389 3018 qui
2421 2948 2698 3004 historiam
2745 2951 3008 3022 legerunt.
3036 2954 3104 3008 Et
3129 2971 3256 3026 ergo
3297 2973 3484 3028 magna
3531 2962 3671 3017 mala

2086 3038 2342 3108 praedicit,
2374 3056 2567 3110 nempe
2593 3041 2825 3097 futurum
2856 3053 2911 3098 ut
2940 3045 3009 3100 sit
3033 3049 3280 3104 omnibus
3301 3050 3671 3108 defensoribus

2082 3129 2366 3185 destitutus
2399 3149 2412 3186 :
2439 3140 2494 3186 et
2519 3141 2669 3202 rogat
2693 3143 2752 3187 ut
2777 3135 2952 3200 omnis
2975 3137 3022 3192 ei
3053 3147 3239 3208 portus
3264 3141 3588 3210 obstruatur,
3617 3153 3674 3200 et

2085 3219 2284 3274 nullam
2325 3231 2645 3292 assequatur
2695 3223 3104 3292 humanitatem,
3156 3230 3535 3300 clementiam,
3580 3248 3672 3289 aut

2082 3311 2312 3365 veniam.
2354 3313 2478 3368 Ila'c
2509 3323 2707 3380 autem,
2742 3324 2799 3370 ut
2847 3327 2972 3373 ante
2998 3319 3107 3374 dixi
3152 3330 3204 3376 et
3234 3323 3450 3379 assidue
3489 3325 3671 3382 dicere

2083 3422 2186 3461 non
2214 3407 2438 3462 cessabo
2457 3449 2473 3473 ,
2501 3408 2748 3464 videntur
2771 3411 2986 3480 quidem
3018 3428 3136 3468 esse
3163 3414 3505 3485 imprccatio,
3539 3429 3666 3474 sunt

2081 3507 2258 3554 autem
2301 3500 2602 3568 pr0phetia,
2634 3517 2753 3570 qua:
2787 3503 3021 3559 ostendit
3061 3508 3332 3575 quomodo
3365 3509 3502 3564 Deus
3547 3512 3669 3566 irri-

2083 3600 2244 3657 tatur,
2297 3591 2511 3662 quando
2555 3592 2763 3648 insidize
2817 3605 3070 3665 parantur
3111 3599 3430 3655 sacerdotio.
3471 3602 3671 3656 Deimlo

2081 3681 2354 3752 sigillatim
2397 3685 2737 3754 persequitur
2764 3686 3123 3753 calamitates,
3154 3699 3211 3744 et
3244 3691 3370 3745 dicit
3404 3711 3416 3746 :
3452 3693 3531 3746 ιδ.
3562 3693 3670 3747 Pro

2081 3788 2140 3827 eo
2169 3774 2304 3841 quod
2332 3791 2436 3829 non
2478 3784 2549 3830 est
2576 3777 2868 3831 recordatus
2906 3783 3074 3849 facere
3116 3782 3532 3838 misericordiam.
3579 3787 3667 3840 l7.

2084 3862 2152 3917 Et
2194 3874 2522 3933 persequutus
2547 3875 2620 3918 est
2654 3866 2908 3920 hominem
2940 3868 3142 3938 inopem
3178 3879 3226 3924 et
3267 3874 3582 3938 mendicum,
3623 3891 3662 3929 et

2082 3963 2434 4024 compunctum
2460 3955 2612 4007 corde
2635 3956 2962 4022 morti/icore.
2996 3959 3106 4011 lloc
3137 3968 3220 4014 est
3247 3972 3500 4018 extrema:
3545 3981 3662 4020 cru-

2083 4046 2340 4111 delitatis,
2388 4045 2494 4099 hoc
2541 4059 2768 4099 summa:
2815 4045 3248 4115 inhumanitatis,
3302 4055 3516 4121 quando
3560 4072 3665 4110 non

2085 4135 2263 4191 solum
2296 4133 2577 4189 insidiatur
2598 4133 2885 4204 quispiam,
2917 4135 3012 4190 sed
3039 4138 3089 4192 ei
3121 4139 3420 4208 insidiatur,
3447 4145 3536 4214 qui
3571 4160 3666 4213 po—

2085 4235 2192 4284 test
2227 4239 2450 4280 movere
2474 4224 2540 4280 ad
2565 4225 2926 4294 clementiam,
2971 4237 3028 4282 et
3052 4229 3363 4291 ﬂectereqad
3383 4237 3666 4290 commisc-

2084 4317 2368 4382 rationem.
2386 4315 2486 4385 Qui
2511 4327 2594 4372 est
2609 4317 2748 4372 enim
2769 4318 3054 4388 ejusmodi,
3078 4321 3142 4376 ad
3161 4319 3388 4378 ferarum
3412 4326 3666 4380 saevitiam

2084 4409 2374 4477 deductus,
2421 4411 2529 4464 imo
2554 4425 2682 4465 vero
2731 4411 2838 4466 illis
2879 4413 3074 4469 savior
3112 4413 3330 4472 eﬁ‘ectus
3368 4427 3468 4473 est.
3521 4419 3666 4476 Fert!

2083 4501 2230 4559 enim
2256 4501 2437 4556 feritas
2462 4511 2651 4556 natura
2679 4503 2836 4558 insita
2864 4513 2947 4558 est
2979 4522 2992 4559 :
3023 4504 3110 4559 hic
3139 4515 3316 4562 autem
3347 4509 3554 4566 ratione
3579 4526 3666 4566 or-

2083 4602 2262 4663 natus,
2293 4609 2444 4650 suam
2475 4595 2806 4651 nobilitatem
2839 4597 3162 4667 improbitati
3182 4601 3435 4670 prodidit.
3469 4605 3534 4658 Et
3562 4605 3664 4659 illm

2081 4685 2296 4758 q'uidem
2325 4701 2447 4743 eum
2475 4686 2542 4743 iis
2564 4703 2684 4758 qua:
2712 4695 2834 4743 sunt
2863 4689 3100 4760 ejusdem
3125 4692 3358 4762 generis,
3380 4697 3664 4766 (ptanidam

2082 4779 2370 4835 amicitiam
2401 4787 2619 4834 servant
2659 4787 2714 4833 et
2753 4782 3259 4840 mansuetudinem:
3291 4785 3343 4840 hi
3384 4800 3564 4846 autem
3599 4807 3665 4847 ne

2081 4885 2422 4926 communem
2448 4870 2664 4940 quidem
2696 4879 2938 4926 naturam
2970 4882 3101 4931 sunt
3127 4879 3360 4946 reveriti,
3394 4882 3487 4936 sed
3513 4883 3666 4950 cujus

2083 4959 2366 5031 oportebat
2393 4960 2658 5026 misereri,
2691 4977 2853 5032 quem
2894 4963 3035 5020 ferre
3059 4973 3116 5020 et
3146 4968 3353 5039 erigere
3371 5011 3388 5037 ,
3419 4986 3543 5026 eum
3568 4971 3666 5026 de-

2085 5049 2372 5106 turbabant
2397 5057 2452 5104 et
2475 5052 2805 5108 evertebant.
2834 5055 2923 5111 18.
2952 5054 3020 5109 Et
3045 5057 3222 5112 dilexit
3240 5061 3667 5118 maledictionem.‘

2084 5150 2131 5195 et
2156 5140 2342 5196 eueniet
2366 5141 2411 5197 ei
2438 5155 2458 5195 :
2483 5151 2528 5196 et
2555 5144 2718 5197 noluit
2744 5146 3158 5214 benedictionem,
3189 5159 3237 5203 et
3262 5149 3659 5220 elongabiturab

2085 5249 2161 5289 eo.
2191 5233 2476 5303 Postquam
2518 5235 2712 5290 multas
2739 5238 3068 5294 calamitates
3104 5241 3152 5294 ei
3197 5241 3520 5310 imprecatus
3551 5249 3662 5306 est.

2147 5409 2221 5472 (a)
2254 5417 2370 5480 Reg.
2397 5423 2449 5481 in
2467 5417 2706 5481 margine,
2751 5418 2971 5481 Fortasse
2999 5412 3155 5481 irmuit
3195 5412 3474 5481 Pompeium
3499 5425 3660 5472 nam.

2083 5471 2219 5548 este:
2237 5471 2700 5548 etiamsed???"
2720 5487 2753 5546 a.
2787 5475 3058 5548 ερεεῖτιρεέο
3091 5471 3323 5548 remittit;
3343 5477 3543 5548 eiusque
3565 5471 3668 5535 loco

2086 5533 2365 5602 Hyrcanum
2385 5533 2588 5605 fratrem
2609 5533 2714 5592 ejus
2733 5534 2945 5586 induxit.
2963 5536 3021 5587 td
3043 5549 3154 5587 vero
3557 5533 3668 5598 τιήώ

2083 5584 2343 5668 Christum.
2369 5602 2621 5668 Historiam
2643 5596 2799 5668 habes
2834 5598 2960 5661 apud
3006 5600 3268 5668 gosepbnm
3291 5609 3447 5668 antiq.
3475 5604 3562 5658 Ιιιι,
3589 5611 3665 5668 η,

2083 5657 2323 5771 ἓοὲἱηιῗὲιη
2344 5669 2503 5720 usque
2526 5657 2650 5709 adeo
2671 5657 2962 5714 certum'est
3006 5661 3098 5713 hoc
3121 5657 3448 5718 'subindicar'c
3467 5657 3666 5741 chryso:
