4112 6208
516 276 626 335 985

514 388 759 445 ostendit
785 388 1035 457 deinceps
1066 404 1170 441 non
1197 389 1390 456 ipsum.
1422 388 1513 442 sed
1548 389 1696 443 illum
1722 387 1909 443 borum
1940 388 2101 442 fuisse

522 483 840 554 principium
872 491 927 537 et
949 495 1188 544 causam.
1220 491 1276 534 ut
1304 482 1393 550 qui
1416 481 1568 537 factis
1596 483 1707 535 suis
1737 482 1827 535 Dei
1850 482 2105 536 atlsilium

514 575 798 644 s'epulerit,
829 573 1173 643 divinumque
1198 571 1483 628 vindictam
1516 576 1813 627 attraxerit.
1844 572 1912 627 Et
1941 575 2106 633 induit

518 665 920 720 maledictionem
949 665 1080 719 sicut
1103 665 1477 728 vestimentum,
1509 673 1555 717 et
1585 664 1787 718 intravit
1815 666 1945 718 sicut
1972 681 2107 734 aqua

518 763 571 814 in
598 761 839 815 interiora
866 761 999 830 eius,
1030 770 1076 813 et
1103 761 1235 813 sicut
1270 759 1436 813 oleum
1464 760 1517 812 in
1542 758 1735 814 ossibus
1759 760 1887 831 ejus.
1932 760 2026 815 llic
2050 768 2107 815 et

518 853 691 924 plaga:
719 853 1147 915 vehementiam,
1195 861 1252 907 et
1275 852 1521 921 supplicii
1550 852 1888 907 stabilitatem
1919 844 2103 909 osten-

514 940 633 1009 dit,
675 943 981 1013 signiﬁcans
1020 943 1156 997 mala
1201 944 1448 998 omnibus
1493 942 1799 998 hominibus
1841 959 1907 998 ex
1951 959 2012 999 se
2051 954 2106 999 et

516 1038 680 1091 auirni
718 1037 799 1091 sui
841 1036 1100 1091 sententia
1142 1036 1428 1105 prolicisci,
1460 1036 1548 1106 qui
1601 1036 1751 1091 lactis
1798 1038 2010 1106 quidem
2049 1050 2105 1093 et

515 1127 822 1182 actionibus
868 1127 1005 1181 bona
1033 1128 1318 1197 repellunt,
1352 1128 1403 1181 in
1427 1128 1682 1198 supplicia
1707 1137 1882 1185 autem
1900 1131 2103 1199 seipsos

516 1217 780 1286 iniiciuut.
816 1216 902 1274 i9.
934 1216 1091 1271 Fiant
1117 1219 1162 1271 ei
1185 1218 1315 1272 sicut
1333 1218 1701 1285 uestimentum,
1733 1235 1832 1289 quo
1857 1220 2099 1289 operitur,

512 1318 559 1362 et
580 1310 708 1363 sicut
735 1324 885 1376 zona,
905 1324 1004 1373 qua
1028 1326 1225 1379 semper
1247 1310 1593 1380 priscingitur.
1613 1310 1727 1366 "nc
1753 1321 1930 1367 autem
1951 1311 2099 1379 dicit,

514 1402 807 1457 ostendens
846 1402 976 1455 iram
1009 1401 1099 1455 Dei
1142 1401 1499 1463 ineffabilem,
1541 1417 1663 1472 qua:
1690 1402 1821 1457 tales
1857 1402 2103 1457 homines

513 1501 888 1565 persequetur.
921 1492 1074 1559 Quod
1104 1502 1281 1547 autem
1322 1490 1472 1557 dicit,
1502 1501 1586 1547 est
1630 1493 1893 1562 ejusmodi
1926 1512 1938 1546 :
1968 1493 2100 1548 Mala

510 1603 606 1642 cos
645 1588 715 1643 ita
759 1586 1047 1647 tenebunt,
1076 1594 1134 1641 ut
1173 1601 1241 1641 ne
1283 1586 1447 1641 ullam
1493 1585 1706 1656 quidem
1754 1587 2099 1641 mutationem

513 1677 746 1733 habeant
791 1695 805 1731 :
861 1676 953 1731 sed
1013 1678 1065 1730 in
1118 1678 1197 1731 eis
1244 1678 1393 1731 ﬁrma
1441 1678 1729 1731 manebunt
1764 1686 1819 1732 et
1868 1678 2098 1737 stabilia.

506 1768 715 1824 Deinde
741 1769 1031 1824 ostendens
1052 1782 1173 1823 eum
1206 1770 1467 1837 castigare
1486 1769 1899 1838 improbitatem,
1929 1781 1983 1825 et
2003 1786 2101 1825 ne-

498 1861 731 1930 quitiam
754 1860 1024 1932 corrigere
1044 1901 1059 1926 ,
1091 1869 1146 1915 et
1179 1875 1285 1915 non
1314 1861 1365 1915 in
1407 1860 1555 1914 illum
1581 1862 1783 1927 solum,
1817 1861 1910 1917 sed
1936 1862 2098 1916 etiam

511 1952 565 2004 in
591 1964 781 2005 omnes
804 1950 893 2019 qui
933 1959 1058 2004 sunt
1098 1949 1163 2004 iis
1200 1964 1320 2019 qua:
1366 1949 1621 2004 dicuntur
1664 1950 1911 2014 obnoxii,
1963 1950 2101 2007 hanc

506 2043 846 2099 statuendam
873 2056 996 2097 esse
1020 2043 1360 2103 sententiam.
1388 2042 1659 2110 subiunxit
1682 2060 1696 2097 :
1719 2042 1791 2098 9.0
1838 2043 1950 2098 Hoc
1973 2060 2101 2115 opus

496 2150 678 2190 eorum
708 2134 795 2205 qui
814 2133 1089 2189 detrahunt
1118 2133 1244 2187 mihi
1266 2131 1408 2203 apud
1438 2132 1730 2187 hominum.
1765 2133 1816 2188 Id
1841 2144 1943 2200 est,
1976 2134 2100 2191 Haac

503 2237 588 2282 est
614 2242 774 2298 paena
796 2266 812 2294 ,
841 2227 944 2282 hoc
986 2235 1071 2282 est
1098 2224 1413 2296 supplicium
1460 2240 1644 2281 eorum
1666 2268 1680 2291 ,
1713 2227 1803 2296 qui
1844 2227 1968 2280 mihi
2005 2227 2100 2283 ad-

504 2328 808 2384 versantur,
838 2317 928 2388 qui
956 2315 1294 2381 insidiantur,
1321 2316 1409 2386 qui
1441 2316 1637 2371 bellum
1661 2325 1876 2387 gerunt,
1912 2314 1980 2369 Et
2013 2319 2099 2388 qui

502 2412 778 2481 loquuntur
824 2408 965 2466 maia
988 2408 1230 2463 adversm
1269 2408 1493 2461 animum
1533 2422 1715 2462 meam.
1768 2407 1911 2477 Ergo
1935 2409 2095 2463 etiam

503 2518 603 2573 pro
626 2501 806 2558 verbis
833 2500 1119 2572 exiguntur
1148 2513 1341 2570 pinum,
1373 2508 1425 2554 et
1454 2513 1624 2569 pruna:
1643 2500 2023 2556 acerbissimae.

569 2597 628 2652 ιι
656 2594 914 2651 Absoluta
942 2594 1121 2664 itaque
1141 2591 1209 2647 de
1225 2591 1310 2646 his
1335 2592 1598 2655 oratione,
1627 2591 1693 2645 ad
1718 2591 1880 2646 Deum
1908 2608 2095 2648 rursus

500 2686 743 2758 confugit
781 2699 882 2756 pro
921 2684 1037 2755 eius
1066 2681 1401 2753 impetrando
1450 2682 1671 2736 auxilio.
1720 2681 1903 2751 Neque
1950 2683 2092 2737 enim

499 2777 642 2834 sistit
668 2777 720 2833 in
748 2790 904 2847 poena
932 2788 1120 2832 eorum
1161 2773 1251 2844 qui
1279 2781 1468 2843 parant
1505 2771 1724 2827 insidias
1742 2812 1757 2837 ,
1789 2784 1883 2826 seu
1909 2788 2093 2828 osten—

499 2868 634 2924 dens
657 2883 750 2925 eos
771 2868 862 2938 qui
888 2865 1047 2922 malis
1071 2864 1379 2920 afﬁciuntur
1403 2862 1605 2918 habere
1626 2864 1786 2918 etiam
1820 2863 1982 2917 Deum
2008 2873 2091 2919 ut-

498 2971 671 3016 torem
695 2974 793 3031 pro
814 2960 902 3022 iis.
933 2972 1068 3029 quas
1097 2956 1387 3028 accipiunt,
1415 2955 1644 3024 injuriis,
1675 2970 1738 3008 ac
1763 2954 1970 3008 ﬁrmam
2000 2968 2092 3008 va-

498 3052 773 3122 lidamque
812 3049 1026 3121 assequi
1066 3048 1456 3112 defensionem,
1507 3046 1810 3117 subiungit,
1852 3046 2039 3101 dicens
2071 3065 2084 3100 :

495 3145 589 3200 2|.
627 3141 696 3199 Et
726 3153 800 3208 tu,
844 3141 1083 3209 Domine,
1111 3141 1195 3212 fac
1235 3155 1429 3195 mecum
1466 3148 1670 3209 prapter
1704 3155 1885 3194 nomen
1925 3149 2087 3195 tuum.

505 3237 637 3293 Vide
673 3244 880 3308 gratum
928 3243 985 3291 et
1028 3234 1174 3305 pium
1227 3233 1498 3297 animum,
1548 3231 1671 3287 vide
1714 3232 2088 3287 humilitatem.

501 3328 756 3397 Quamvis
784 3327 927 3382 enim
954 3325 1085 3381 satis
1116 3324 1314 3396 justam
1355 3336 1569 3378 causam
1615 3322 1836 3378 haberet
1875 3323 2088 3393 petendi

496 3418 705 3481 auxilii,
730 3416 872 3488 quod
901 3415 1042 3471 mala
1082 3423 1352 3484 pateretur
1380 3412 1507 3484 (hoc
1532 3413 1675 3468 enim
1704 3420 1878 3481 potest
1915 3412 2084 3469 videri

496 3509 554 3565 in
582 3508 764 3563 multis
793 3506 924 3563 locis
949 3505 1241 3576 Scriptum
1260 3546 1276 3569 ,
1305 3519 1401 3559 eos
1440 3504 1528 3572 qui
1566 3503 1634 3557 ab
1676 3502 1979 3558 hominibus
2005 3504 2087 3558 in-

492 3603 641 3674 iuste
669 3600 826 3656 malis
845 3598 1151 3654 afﬁciuntur
1176 3598 1343 3653 libere
1371 3596 1686 3666 impetrandi
1716 3611 1746 3649 a
1770 3595 1880 3651 Deo
1906 3597 2088 3652 auxilii

492 3696 692 3767 justam
718 3700 773 3747 ct
803 3691 1081 3746 honestam
1122 3688 1321 3745 habere
1344 3687 1707 3758 occasionem)
1736 3705 1750 3741 :
1776 3686 1864 3742 ille
1908 3696 2086 3744 tamen

494 3782 916 3857 praetermittens
945 3780 1047 3835 hoc
1074 3780 1275 3846 dicere,
1306 3780 1545 3848 confugit
1572 3777 1638 3833 ad
1662 3777 1832 3832 solam
1859 3777 1954 3833 Dei
1979 3778 2088 3832 cle-

495 3875 770 3937 mentiam,
801 3884 857 3930 et
886 3872 1053 3929 dicit:
1083 3870 1193 3925 Fac
1222 3886 1417 3926 merum
1454 3879 1657 3939 propter
1686 3884 1867 3924 nomen
1909 3877 2087 3925 tuum:

495 3964 881 4039 propemodum
906 3964 1009 4018 hoc
1036 3963 1221 4018 dicens
1252 3978 1266 4014 :
1297 3961 1412 4016 Non
1442 3961 1691 4032 quoniam
1721 3973 1838 4014 sum
1868 3959 2082 4030 dignus,

494 4058 591 4115 sed
634 4063 853 4128 propter
901 4056 1161 4125 teipsnm,
1213 4052 1465 4124 quoniam
1516 4064 1576 4106 es
1612 4051 1849 4107 clemens
1889 4060 1945 4106 et
1986 4050 2086 4106 mi-

493 4150 748 4208 sericors.
797 4148 865 4204 Et
908 4147 1031 4202 ideo
1072 4145 1377 4216 subiungit,
1433 4143 1566 4209 Quia
1611 4143 1779 4198 suavis
1809 4151 1884 4198 est
1931 4142 2083 4199 mise-

493 4240 718 4296 ricordia
732 4249 838 4294 tua.
862 4239 928 4294 Et
946 4247 1095 4294 recte
1115 4237 1268 4300 dixit,
1299 4235 1435 4301 Quia
1452 4236 1623 4290 suavis
1647 4245 1721 4290 est
1741 4236 2085 4291 misericordia

500 4343 607 4388 tua.
638 4331 898 4388 Homines
923 4329 1067 4385 enim
1095 4343 1239 4397 szrpe
1259 4342 1366 4381 non
1393 4334 1518 4380 sunt
1543 4324 1802 4395 eiusmodi
1830 4344 1843 4380 :
1872 4341 1994 4381 nam
2020 4341 2084 4381 ea

492 4437 643 4495 saepe
679 4430 902 4479 utuntur
923 4418 991 4476 ad
1032 4419 1409 4475 detrimentum
1454 4426 1508 4472 et
1530 4416 1748 4471 exitium
1778 4434 1793 4471 :
1821 4417 1914 4473 sed
1944 4416 2084 4474 Deus

496 4527 712 4585 semper
731 4510 804 4567 ad
840 4509 1145 4567 utilitatem.
1173 4506 1265 4563 22.
1311 4504 1495 4560 Libera
1521 4520 1633 4570 me,
1675 4505 1793 4574 quia
1819 4522 2001 4578 egenus
2038 4516 2083 4561 et

501 4622 696 4677 pauper
717 4620 831 4661 sum
848 4618 963 4676 ego.
985 4600 1053 4656 Et
1075 4616 1164 4656 cor
1182 4614 1347 4654 mwnt
1375 4596 1725 4651 conturbatum
1734 4607 1807 4650 est
1830 4597 1963 4650 intra
1982 4613 2081 4652 me.

506 4696 669 4753 Vides
691 4709 815 4752 eum
857 4706 1044 4750 rursus
1073 4704 1230 4749 orare
1254 4699 1313 4745 ut
1354 4694 1626 4754 servetur,
1659 4700 1763 4741 non
1793 4695 1854 4741 ut
1886 4688 1976 4759 qui
2013 4689 2085 4743 sit

501 4787 716 4859 dignus,
746 4799 850 4842 nec
869 4785 1065 4855 iustus,
1093 4783 1186 4839 sed
1234 4790 1292 4835 ut
1313 4781 1402 4851 qui
1431 4779 1501 4835 sit
1537 4779 1757 4835 omnino
1783 4791 2002 4834 eversus
2027 4788 2084 4835 et

498 4877 775 4937 confectus
795 4919 812 4947 ,
840 4886 900 4933 ut
931 4877 1021 4947 qui
1051 4876 1190 4931 mala
1224 4888 1411 4944 passus
1449 4871 1519 4927 sit
1545 4870 1986 4927 innumerabilia?
2016 4871 2081 4927 Et

499 4990 589 5027 cor
615 4986 784 5027 meson
803 4967 1157 5026 conturbatum
1176 4976 1249 5022 est
1271 4966 1408 5020 intra
1434 4980 1533 5018 me.
1560 4962 1705 5018 Talis
1726 4962 1868 5018 enim
1896 4971 1978 5019 est
2000 4963 2080 5017 vis

503 5064 866 5118 calamitatum
897 5076 912 5114 :
942 5074 1049 5115 non
1077 5071 1275 5128 corpus
1301 5056 1471 5112 solum
1494 5064 1688 5121 vexat,
1713 5068 1898 5109 verum
1920 5052 2080 5110 etiam

505 5154 791 5210 conturbat
828 5150 1085 5208 animum.
1133 5149 1225 5204 ‘25.
1272 5148 1417 5204 Sicut
1454 5145 1634 5200 umbra
1674 5161 1789 5199 cum
1825 5144 2078 5212 declinat,

489 5247 704 5302 ablatus
726 5262 873 5312 sum,
900 5258 1140 5300 excussus
1170 5257 1284 5295 sum
1322 5241 1451 5295 sicut
1486 5240 1706 5297 locusta.
1751 5238 1886 5294 Dicit
1922 5238 2084 5294 vehe-

504 5347 712 5395 mentes
753 5336 970 5394 insidias
1011 5348 1196 5390 eorum
1223 5330 1314 5403 qui
1345 5331 1490 5385 illum
1537 5329 1726 5399 iniuria
1765 5329 2079 5394 aﬂecerunt,

504 5445 713 5487 necnon
751 5430 1132 5502 malignitatem
1179 5423 1532 5486 inell‘abilem,
1560 5428 1617 5476 et
1642 5434 1828 5477 rursus
1854 5419 2080 5491 diligen-

507 5522 636 5579 tiam
664 5537 823 5593 quam
867 5520 982 5592 ipse
1022 5519 1077 5576 in
1104 5518 1184 5575 eis
1226 5516 1486 5572 adhibuit.
1524 5513 1612 5568 24.
1650 5510 1829 5568 Genua
1868 5528 1977 5566 mea
2002 5512 2083 5564 in-

491 5618 844 5671 iﬁrmatasunt
868 5630 899 5667 a
914 5613 1133 5685 jejunio,
1158 5621 1204 5667 et
1226 5628 1346 5666 caro
1372 5625 1481 5663 mea
1500 5608 1763 5663 immutata
1782 5616 1854 5661 est
1879 5614 2083 5675 propter

506 5710 702 5767 oleum.
724 5705 883 5762 Vides
916 5722 1158 5777 quasnam
1186 5722 1331 5762 arma
1354 5710 1628 5775 comparat
1673 5700 1928 5755 adversus
1956 5700 2082 5755 insi-

1260 273 1314 330 8.
1358 274 1634 330 10.“le
1672 272 2143 330 CHRYSOSTOMI
2175 274 2489 332 ARCUIEP.
2521 278 3058 338 ΕΟῘῈΤΑΝΤΙΝΟΡ,

3694 286 3808 353 εει

2224 390 2338 445 dias
2356 434 2370 448 .
2394 401 2448 447 et
2474 408 2592 449 eam
2612 436 2627 461 ,
2655 412 2757 466 qua
2782 406 2837 452 ct
2870 398 3042 469 ipsum
3080 398 3374 467 vexabant,
3418 401 3764 461 sﬂlietionem
3784 409 3812 463 ἲ

2213 481 2302 537 9.5.
2338 480 2406 535 Et
2433 499 2521 553 ego
2550 487 2714 557 [actus
2738 503 2851 541 sum
2890 491 3215 559 opprobrium
3255 493 3358 548 illis
3380 509 3400 546 :
3428 495 3661 550 riderent
3697 514 3809 565 me,

2214 583 2472 628 moverunt
2507 577 2675 646 capita
2704 592 2814 632 sua.
2856 580 3014 636 Tales
3039 591 3164 637 Sunt
3187 584 3547 653 improborum
3585 588 3753 643 animi
3786 604 3806 645 ξ

2213 682 2318 721 non
2341 668 2501 723 modo
2528 685 2634 726 non
2655 671 2851 727 cedunt
2879 675 3090 743 quando
3112 676 3337 732 viderint
3363 677 3564 746 iustum
3593 680 3673 737 eis
3696 696 3809 751 op-

2213 770 2497 827 ponentem
2527 763 2779 832 pietatem
2806 781 2869 819 ac
2897 767 3232 837 religionem,
3260 768 3356 824 sed
3381 769 3460 825 eis
3480 771 3640 826 etiam
3669 787 3810 842 pro-

2213 852 2306 906 bra
2336 852 2603 924 ingerunt,
2632 869 2831 929 eosque
2863 857 3086 913 irrident
3112 869 3167 914 et
3192 861 3521 929 impugnant.
3550 861 3687 929 Quid
3711 863 3812 921 hic

2208 945 2430 999 autem?
2455 944 2535 999 Ad
2580 946 2838 1022 auxilium
2883 949 3324 1020 inexpugnabile,
3352 952 3420 1005 ad
3460 968 3617 1022 opem
3660 969 3805 1010 eon-

2212 1032 2343 1104 l'ugit
2373 1014 2805 1105 insuperabilem,
2836 1014 3024 1096 dicens
3048 1059 3062 1096 :
3084 1014 3180 1097 v26.
3212 1042 3412 1113 Adjuua
3429 1014 3529 1113 me,
3556 1044 3799 1112 Domine,

2211 1124 2351 1179 Dens
2379 1143 2520 1181 meus
2537 1168 2553 1190 .
2580 1138 2627 1182 et
2650 1130 2843 1184 saluum
2876 1147 2957 1185 me
2980 1132 3065 1202 fac
3089 1136 3364 1188 secundum
3400 1136 3801 1193 misericordiam

2209 1228 2371 1275 tuam.
2402 1218 2495 1277 27.
2531 1219 2595 1273 Et
2623 1222 2817 1283 sciant,
2853 1224 2974 1292 quia
3004 1240 3186 1278 manus
3210 1233 3298 1278 tua
3336 1227 3473 1293 hac,
3503 1236 3551 1281 et
3575 1236 3650 1297 tu,
3682 1224 3796 1283 Do-

2209 1309 2375 1373 mine,
2419 1312 2580 1381 {ccisti
2608 1328 2738 1366 eam.
2777 1314 2913 1381 Quid
2940 1324 3055 1378 est,
3091 1314 3277 1369 Manus
3317 1326 3405 1370 tua
3432 1318 3578 1372 hinc?
3615 1319 3795 1375 Tuum

2206 1400 2483 1456 auxilium.
2508 1402 2700 1469 Tuum,
2730 1404 2917 1475 inquit,
2944 1405 3265 1475 pra‘sidium.
3297 1407 3431 1462 Nolo
3456 1410 3598 1464 enim
3620 1411 3795 1468 solum

2207 1493 2406 1547 servari
2439 1510 2452 1546 :
2480 1493 2575 1549 sed
2615 1495 2733 1550 illos
2762 1497 2921 1549 etiam
2965 1498 3104 1552 seire
3150 1513 3182 1551 a
3221 1514 3327 1568 quo
3365 1509 3609 1555 servatus
3650 1514 3794 1569 sunr,

2210 1592 2267 1638 ut
2294 1586 2363 1639 sit
2400 1587 2527 1640 mihi
2559 1586 2751 1658 duplex
2799 1597 3055 1657 tropaeum
3077 1630 3092 1654 ,
3121 1591 3316 1660 duplex
3344 1606 3574 1658 corona,
3607 1593 3796 1664 ingens

2206 1675 2395 1741 gloria.
2422 1675 2515 1733 28.
2547 1677 2855 1733 Maledicent
2882 1679 2981 1744 illi,
3015 1690 3062 1734 et
3085 1686 3139 1733 tu
3172 1680 3448 1735 benedices.
3483 1679 3585 1748 Qui
3614 1683 3795 1737 insur-

2206 1777 2343 1839 gunt‘
2356 1769 2409 1821 in
2437 1784 2533 1835 mc,
2564 1771 2962 1841 confundantur,
2989 1788 3160 1827 servus
3186 1782 3355 1826 autem
3377 1782 3496 1826 tuus
3515 1773 3791 1829 letubitur.

2210 1860 2373 1913 Docet
2398 1858 2486 1914 hic
2514 1859 2809 1915 auditorem
2836 1861 3119 1931 quamdam
3150 1861 3561 1932 philosophiam.
3592 1863 3791 1919 Osten-

2206 1949 2283 2005 dit
2311 1951 2454 2006 cnim
2480 1951 2623 2021 quod
2652 1953 2858 2007 etiamsi
2889 1953 3022 2007 diris
3062 1953 3356 2008 innumeris
3380 1953 3716 2022 devoveant,
3745 1957 3793 2013 si

2208 2043 2346 2099 Deus
2375 2044 2674 2109 bencdicat,
2706 2045 2838 2100 nihil
2866 2044 3170 2100 detrimenti
3200 2060 3267 2101 ex
3296 2046 3377 2101 eis
3404 2046 3662 2117 accipiet,
3693 2047 3791 2104 sed

2203 2136 2257 2192 in
2281 2138 2425 2207 ipsos
2452 2145 2726 2193 vertentur
2752 2137 2944 2215 probra
2969 2146 3023 2192 et
3048 2137 3372 2207 ignominiaa.
3403 2137 3594 2195 Servus
3621 2151 3793 2194 autem

2204 2240 2320 2284 tuus
2340 2231 2596 2285 (celabitur
2623 2231 2675 2284 in
2699 2239 2762 2284 te.
2789 2230 2954 2285 Recte
2972 2229 3124 2295 dixit,
3142 2228 3210 2285 In
3229 2240 3295 2296 te,
3314 2230 3625 2302 significans
3644 2232 3792 2288 illinc

2205 2321 2466 2391 proﬁcisci
2498 2322 2765 2387 lartitiam,
2796 2321 2940 2378 umle
2977 2322 3115 2377 bona
3144 2322 3572 2394 suppeditantur.
3603 2324 3792 2380 Restat

2204 2422 2262 2467 ut
2291 2412 2435 2467 milia
2461 2426 2547 2469 me
2575 2413 2738 2483 possit
2770 2411 3079 2482 perturbare
3103 2413 3369 2479 molestia,
3395 2418 3631 2469 cnm‘tua
3658 2416 3785 2473 mihi

2204 2514 2414 2565 tnancat
2449 2506 2652 2575 integra
2696 2504 2897 2559 lautitia.
2942 2503 3033 2559 29.
3068 2502 3362 2559 Induantur
3385 2506 3471 2575 qui
3513 2505 3786 2561 detrahunt

2200 2595 2325 2649 mihi
2350 2595 2559 2666 pudore,
2587 2604 2635 2649 et
2653 2598 2947 2665 operiuntur
2965 2595 3094 2649 sicut
3112 2594 3339 2666 diploide
3356 2597 3657 2667 confusione
3669 2613 3781 2653 sua.

2200 2686 2335 2742 Vide
2358 2686 2627 2759 quomodo
2657 2701 2840 2741 rursus
2870 2695 3022 2756 rogat
3041 2728 3056 2750 ,
3082 2696 3141 2740 nt
3171 2701 3279 2740 non
3306 2687 3479 2742 solum
3513 2689 3784 2743 tradantur

2197 2778 2480 2850 supplicio,
2504 2778 2595 2833 sed
2624 2778 2782 2834 etiam
2808 2777 2995 2847 pudori
3026 2788 3079 2833 et
3103 2778 3426 2847 ignominiae,
3450 2790 3511 2833 ut
3539 2780 3587 2833 id
3610 2781 3678 2835 sit
3706 2783 3782 2837 eis

2192 2868 2447 2925 doctrina
2481 2870 2867 2935 correctionis,
2893 2878 2950 2925 et
2986 2874 3198 2924 occasio
3241 2870 3555 2925 mutationis
3576 2872 3631 2925 in
3675 2886 3784 2928 me-

2199 2962 2352 3016 liora.
2382 2961 2472 3016 30.
2512 2960 2801 3030 Canﬁtebor
2821 2958 3042 3015 Domino
3081 2961 3233 3015 nimis
3266 2961 3325 3014 in
3352 2976 3442 3015 ore
3480 2977 3615 3025 meo,
3640 2971 3688 3014 et
3724 2963 3778 3016 in

2197 3052 2361 3104 medio
2387 3051 2662 3104 multorum
2691 3051 2913 3104 laudabo
2940 3065 3075 3104 curti.
3105 3051 3195 3105 5t.
3232 3050 3368 3116 Quia
3386 3050 3573 3105 adstitit
3598 3067 3631 3103 a
3650 3050 3782 3105 dm

2196 3142 2287 3195 tris
2317 3141 2587 3211 pauperis,
2620 3150 2678 3194 ut
2717 3140 2911 3196 saluam
2936 3142 3123 3213 {acuet
3156 3157 3187 3193 a
3220 3141 3621 3210 persequentibus
3659 3144 3782 3195 ani-

2196 3249 2331 3286 mam
2372 3246 2557 3286 meam.
2604 3232 2709 3287 Pro
2758 3232 2842 3287 his
2892 3229 3143 3287 erunibus
3190 3232 3357 3287 Deum
3413 3243 3783 3287 remuneratur

2196 3322 2444 3394 hymnis,
2494 3321 2684 3389 laude,
2733 3322 3023 3393 gratiarum
3072 3322 3325 3387 actione;
3372 3323 3628 3392 prteclara
3664 3323 3779 3393 eius

2194 3413 2329 3470 facta
2350 3415 2490 3486 apud
2512 3428 2700 3469 omnes
2719 3413 3101 3479 annuntiando,
3128 3415 3181 3468 in
3213 3412 3391 3469 medio
3411 3413 3622 3469 theatro
3645 3430 3781 3485 prae-

2191 3506 2422 3562 dicando
2459 3521 2522 3562 ea
2568 3522 2686 3579 qua:
2713 3505 2782 3561 ab
2826 3506 2916 3562 illo
2957 3506 3149 3563 collata
3179 3517 3323 3563 sunt.
3369 3507 3481 3563 lloc
3511 3508 3655 3563 enim
3697 3519 3779 3565 est

2191 3600 2532 3663 sacriﬁcium,
2578 3598 2679 3655 hoc
2704 3598 2937 3667 oblatio,
2986 3600 3075 3655 Dei
3120 3598 3375 3655 beneﬁcia
3426 3599 3624 3656 habere
3650 3614 3777 3670 per-

2194 3699 2352 3763 petuo
2381 3690 2433 3743 in
2464 3689 2741 3755 memoria,
2776 3703 2946 3759 caque
2975 3689 3138 3747 menti
3169 3703 3281 3744 suae
3309 3689 3650 3759 imprimere,
3681 3704 3779 3745 ore

2194 3778 2518 3854 [tr-edicam.
2557 3787 2613 3834 et
2653 3776 2831 3835 facere
2860 3787 2919 3834 ιιι
2946 3779 3063 3849 eius
3109 3778 3365 3839 beneﬁcia
3405 3794 3435 3833 a
3466 3779 3646 3833 multis
3681 3793 3778 3832 au-

2190 3874 2424 3929 diantur.
2469 3871 2600 3926 Nam
2645 3872 2724 3927 sic
2762 3880 2819 3927 et
2853 3872 2943 3942 qui
2985 3870 3302 3926 beneficium
3342 3872 3637 3941 acceperit,
3676 3884 3778 3941 pro

2188 3975 2342 4037 grato
2368 3964 2548 4018 animo
2588 3962 2888 4018 mercedem
2915 3963 3169 4035 accipiet,
3200 3971 3255 4018 et
3295 3948 3471 4032 maius
3510 3963 3602 4017 Dei
3628 3963 3682 4017 in
3716 3977 3778 4019 se

2190 4055 2444 4112 auxilium
2485 4052 2717 4110 attrahet
2744 4070 2758 4107 :
2786 4062 2841 4109 et
2860 4054 2947 4123 qui
2998 4052 3249 4119 audiunt,
3279 4068 3343 4109 ex
3386 4052 3452 4108 iis
3492 4066 3613 4124 qua:
3653 4052 3778 4107 aliis

2190 4149 2326 4205 facta
2354 4156 2500 4212 sunt,
2547 4145 2779 4202 evadent
2804 4145 3085 4213 meliores,
3114 4155 3171 4200 et
3193 4145 3260 4200 ad
3296 4144 3547 4205 virtutem
3588 4159 3779 4215 persed-

2188 4240 2455 4313 quendam
2481 4239 2742 4309 accipient
2770 4237 3058 4295 maximum
3084 4236 3485 4297 incitamentum
3515 4251 3583 4291 ex
3608 4236 3777 4291 bene-

2192 4336 2326 4390 ﬁciis
2351 4349 2471 4405 qua:
2500 4332 2569 4385 ab
2594 4331 2716 4387 aliis
2741 4339 2961 4403 accepta
2985 4339 3129 4385 sunt.

2612 4489 2680 4544 IN
2720 4487 3043 4545 PSALMUM
3080 4486 3193 4547 Ctx
3241 4487 3342 4558 (a).

2193 4634 2243 4687 i.
2286 4630 2428 4685 Dixit
2454 4628 2704 4683 Dominus
2730 4626 2947 4682 Domino
2981 4642 3132 4681 meo:
3158 4625 3294 4685 Sede
3323 4642 3358 4680 a
3397 4624 3588 4680 dextris
3625 4625 3774 4680 meis.

2261 4788 2314 4843 l.
2342 4786 2702 4856 Exsurgamus
2732 4822 2747 4847 ,
2789 4795 2991 4853 quieso,
3039 4789 3095 4835 et
3133 4780 3368 4835 animum
3410 4778 3774 4835 intendamus.

2191 4878 2432 4935 Psalmus
2468 4876 2610 4930 enim
2643 4873 2712 4929 de
2755 4871 3074 4928 sublimibus
3100 4869 3387 4926 admodum
3422 4868 3583 4925 rebus
3617 4869 3733 4940 agit
3754 4909 3780 4939 ,

2190 4985 2295 5026 non
2328 4969 2418 5024 uni
2449 4967 2548 5023 soli
2578 4964 2769 5021 lucresi
2797 5005 2813 5029 ,
2844 4962 2940 5019 sed
2965 4963 3129 5017 variis
3147 4970 3203 5017 et
3220 4961 3451 5017 diversis
3473 4960 3775 5017 obsistens;

2188 5064 2321 5121 Nam
2350 5061 2606 5116 adversus
2628 5057 2847 5114 Judaros
2876 5098 2890 5120 ,
2924 5056 3182 5111 adversus
3210 5054 3433 5111 Paulum
3459 5052 3797 5145 Samosate-'

2189 5172 2316 5213 num
2351 5197 2365 5219 ,
2400 5153 2655 5208 adversus
2682 5149 2927 5213 Arianos,
2957 5147 3213 5202 adversus
3240 5144 3612 5201 Marcionistas
3634 5185 3653 5213 ,
3675 5143 3779 5200 ad-

2250 5334 2337 5406 (Ql
2356 5333 2439 5382 "‘°
2476 5328 2688 5406 MWPE
2716 5332 2891 5406 φηςι,
2917 5325 3121 5406 ΨΨῈΨΡΞ
3144 5323 3784 5406 ΓΞΗῩΈἯΞἉΕἛἾΞῩΡΫ

2188 5387 2429 5448 Christum
2466 5405 2580 5443 esse
2611 5391 2776 5441 Filium
2809 5390 2931 5439 Dei:
2959 5396 3126 5438 contra
3160 5387 3354 5437 Paulum
3389 5393 3779 5445 samosatenum,

2224 5461 2303 5508 nia
2323 5457 2447 5506 dixit
2464 5453 2627 5503 Filium
2651 5460 2767 5503 ante
2790 5449 3061 5500 Luciferum
3076 5488 3089 5509 ,
3115 5451 3221 5511 sive
3244 5449 3307 5498 ab
3328 5455 3517 5498 aeterno
3549 5449 3782 5511 genitum

2224 5473 2303 5508 illa
2323 5473 2447 5506 ιιιιιι
2466 5473 2627 5503 riuum
2651 5473 2767 5503 alltc
2792 5473 3061 5500 munerum
3076 5488 3089 5509 .,
3116 5473 3221 5499 am:
3244 5473 3307 5498 au
3328 5473 3517 5498 atcruu
3549 5473 3782 5511 seu-suus

2188 5473 2341 5571 i’nisse
2365 5531 2379 5567 :
2403 5525 2572 5568 contra
2589 5516 2774 5573 Arium,
2796 5515 2911 5576 quia
2930 5513 3047 5563 dicit
3067 5509 3235 5576 Filium
3259 5523 3374 5561 esse
3395 5511 3620 5576 genitum
3635 5546 3653 5571 ,
3677 5521 3782 5576 non

2190 5570 2367 5632 factum
2392 5593 2403 5629 :
2431 5586 2597 5629 contra
2618 5570 2904 5627 Marciou'em
2929 5582 2983 5624 et
3003 5573 3331 5630 Mauicbaaum,
3354 5570 3468 5636 quia
3489 5570 3576 5636 illo
3598 5571 3783 5635 proba-

2190 5652 2269 5694 tur
2291 5654 2438 5691 uuum
2462 5639 2617 5690 solum
2653 5651 2767 5688 esse
2806 5636 3092 5747 principium
3117 5647 3132 5683 :
3157 5642 3325 5685 contra
3357 5633 3446 5684 eos
3474 5633 3560 5698 qui
3589 5633 3785 5697 negant

2190 5705 2598 5747 rmurrmtionnm
2617 5737 2631 5747 .
2657 5702 2769 5747 auia
2791 5700 2806 5747 i
2828 5699 2873 5747 lo
2895 5698 3194 5747 resurrectio
3217 5696 3464 5747 probatur.

2188 5705 2598 5757 resurrectionem
2617 5737 2631 5764 ,
2657 5702 2769 5764 quia
2791 5696 2873 5749 illo
2895 5696 3194 5748 reSurrectio
3217 5696 3464 5759 probatur.
