4074 6206
485 361 592 418 265

486 473 732 544 καὶπρὸς
755 473 879 532 τοὺς
902 473 971 521 τά
1010 465 1216 537 Ἀρείου
1247 461 1598 535 φρονοῦντας,
1629 457 1723 510 καί
1764 454 1900 526 πρὸς
1923 452 2050 513 τοὺς

487 562 555 615 τὰ
581 538 923 629 Μαρκίωνος,
957 551 1051 605 καὶ
1087 549 1222 619 πρὸς
1247 548 1372 610 τοὺς
1407 543 1760 612 Μανιχαίους,
1787 539 1882 593 καὶ
1920 538 2056 607 πρὸς

489 625 733 709 ἅπαντας
756 643 883 704 τοὺς
911 640 977 707 τῇ
1014 635 1305 690 ἀναστάσει
1337 629 1752 690 διαπιστοῦντας
1779 625 2058 698 παρατάτ-

489 748 660 785 τεται.
703 717 855 780 Ἐπεὶ
891 720 984 776 οὖν
1013 721 1149 792 πρὸς
1173 717 1458 778 τοσούτους
1500 717 1533 788 ἡ
1571 711 1895 784 παράταξις,
1932 711 2060 764 πολ-

1189 351 1245 406 S.
1285 347 1567 404 JOANNIS
1603 335 2088 399 ειιιιῑευετωιι
2127 335 2445 390 ARCIIIEP.
2484 329 3030 388 CONSTANTINOP.

2169 447 2312 519 Πρὸς
2337 446 2458 501 τίνα
2480 441 2593 510 οῦν,
2615 444 2736 497 εἰπέ
2767 461 2877 513 μοι,
2913 442 3028 494 ἐστὶ
3049 439 3108 492 τὸ
3126 435 3414 506 λεγόμενον
3434 449 3450 497 ;
3475 429 3722 484 Μάλιστα

2164 515 2264 612 μέν
2305 541 2486 592 ἐκεῖνα
2517 539 2652 609 πρὸς
2692 537 2792 606 τὴν
2827 535 2926 604 σὴν
2965 527 3356 601 ἀγνωμοσύνην
3395 524 3652 594 εἴρηται,
3680 515 3726 576 ὃ

2173 609 2410 686 Ἶουδαϊε.
2446 629 2545 682 Διά
2569 629 2622 681 τί
2643 627 2752 698 γὰρ
2778 625 2857 696 τῷ
2884 623 3134 694 Ἀϐραὰμ
3158 617 3308 673 οὐδὲν
3334 612 3531 684 ἐλέχθη
3556 609 3726 665 τοιοῦο

2160 741 2272 785 τον,
2303 721 2425 774 ούδέ
2441 720 2516 791 τῷ
2543 720 2748 782 Ἰσαὰκ,
2769 715 2890 769 οὐδὲ
2904 713 2982 784 τῷ
3013 710 3224 773 Ἰακὼϐ,
3242 706 3364 761 οὐδὲ
3387 703 3464 774 τῷ
3483 703 3727 763 Μωῦσεῖ,

490 813 597 868 λῶν
621 811 716 865 καὶ
758 810 888 879 ἡμῖν
925 791 1216 874 ὀφθαλμῶν
1261 801 1368 884 δεῖζ
1401 797 1540 884 ὦσῖε
1595 796 1731 884 μῖετὰ
1777 792 2062 884 ξκξιξείας
2165 813 2300 868 ἀλλὰ
2318 814 2401 866 col
2419 811 2684 884 μόνῳ.ὃτε
2701 805 2930 872 ἐξελθὼν
2948 805 3005 870 ἐξ
3022 801 3296 870 Αἰγύπτου
3320 791 3726 866 ἐμοσχοποίειςς

493 895 767 966 θεωρῆσαι
781 875 866 944 ’τὰ
900 887 1278 966 παλαίσματα.
1313 882 1415 966 Ἐν-
1451 881 1551 950 μέν
1591 879 1700 966 γάρ
1725 881 1836 966 τοίς
1866 875 2064 966 ἔξωθεν

493 958 671 1046 ἀγῶσί
691 974 792 1029 κᾶν
823 969 1074 1042 παροφθῇ
1099 984 1152 1019 τι
1192 965 1302 1019 τῶν
1327 963 1720 1032 παλαισμάτων
1752 960 1860 1013 τῶν
1884 961 1940 1012 ἐν
1970 958 2066 1012 αύ-

492 1041 625 1124 τοίς,
673 1056 822 1111 οὐδὲν
853 1052 1050 1122 ἔϐλαψε
1082 1051 1172 1102 τὸν
1215 1048 1431 1118 θεατήν*
1468 1046 1529 1098 ού
1571 1044 1679 1116 γάρ
1721 1041 2066 1104 διδασκαλίας

495 1144 700 1206 ἕνεκεν,
727 1135 1134 1208 ἀλλάτέρψεως
1163 1133 1339 1184 ἐκεῖνο
1362 1130 1422 1182 rb
1453 1129 1678 1198 θέατρον
1708 1125 2064 1179 συνείλεκται.

510 1223 770 1280 Ἐνταῦθα
791 1221 848 1273 δὲ
881 1219 976 1271 ἐὰν
1005 1217 1079 1286 μὴ
1113 1214 1252 1284 μετά
1277 1211 1565 1284 ἀκριϐείας
1598 1211 1766 1280 εἰδῇς,
1789 1208 1951 1262 πόθεν
1972 1207 2070 1278 μὲν

498 1312 701 1371 ἐκεῖνος
735 1302 1155 1376 παρατάττεται,
1191 1297 1354 1350 πόθεν
1391 1297 1449 1349 δὲ
1484 1299 1643 1366 ἡμεῖς
1682 1293 1844 1347 αὑτὸν
1883 1292 2074 1363 βάλλο⁶

503 1412 622 1466 μεν,
661 1392 720 1444 οὐ
754 1389 851 1458 τὴν
897 1383 1163 1454 τυχοῦσαν
1186 1381 1466 1450 ύποστήσῃ
1497 1379 1720 1449 ζημίαν.
1750 1377 1845 1429 ’Ίν’
1870 1371 1964 1430 οὖν
1996 1377 2071 1447 μὴ

498 1460 656 1534 τοῦτο
683 1473 882 1542 πάθῃς,
911 1465 1264 1537 διανάστησόν
1297 1481 1388 1517 σου
1436 1463 1530 1532 τὴν
1561 1462 1818 1526 διάνοιαν,
1871 1460 2074 1531 μετέω-

505 1580 596 1636 ρον
623 1558 843 1627 ποίησον
864 1553 962 1624 τὴν
988 1550 1178 1619 ἀκοήν.
1211 1545 1493 1608 Ἰουδαίους
1519 1544 1781 1614 βάλλομεν
1801 1543 2072 1614 πρώτους,

503 1629 598 1702 καὶ
645 1643 781 1714 πρὸς
823 1637 1062 1696 ἐκείνους
1112 1629 1598 1714 παραταττόμεθα,
1647 1629 1740 1682 τὸν
1774 1629 2076 1714 ΔΠροφήτην

505 1729 615 1783 ἀπὸ
640 1710 744 1778 τῶν
773 1719 1032 1791 ῥημάτων
1068 1715 1326 1777 λαϐόντες
1368 1713 1654 1784 σύμμαχον
1692 1710 1921 1769 τούτων.
1967 1711 2078 1765 Kal

505 1811 616 1882 γὰρ
650 1807 914 1876 λεγόντων
958 1800 1134 1874 ἡμῶν,
1177 1801 1260 1854 ὅτι
1305 1795 1490 1882 σαφῶς
1519 1795 1648 1882 περί.
1690 1793 1785 1847 τοῦ
1829 1792 2072 1866 Χριστοῦ

505 1877 679 1951 ταῦτα
716 1891 948 1960 εἴρηται,
989 1885 1160 1940 ταῦτα
1210 1883 1307 1954 μὲν
1343 1881 1403 1934 ού
1451 1879 1865 1949 καταδέχονται,
1915 1877 2080 1960 ἔτερα

509 1982 567 2034 δέ
593 1995 712 2033 τινα
745 1959 1086 2028 πλάττουσιν.
1127 1965 1334 2021 Οὐκοῦν
1365 1963 1580 2034 πρῶτον
1601 1961 1780 2016 αὐτῶν
1813 1961 1902 2014 τὸν
1921 1959 2080 2028 λόγον

511 2059 919 2129 ἀπελέγξωμεν,
951 2053 1046 2106 καὶ
1086 2051 1207 2104 τότε
1251 2048 1341 2101 τὸν
1389 2046 1656 2118 ἡμέτερον
1685 2044 2080 2129 ἀποδείξωμεν.

511 2146 622 2200 Kal
647 2127 1070 2210 τέωςίέρώμεθα
1094 2131 1189 2186 νῦν
1211 2132 1428 2194 αὐτοὺς,
1463 2129 1549 2192 τίς
1593 2131 1622 2183 6
1655 2127 1842 2210 κύριος
1871 2128 1964 2181 τοῦ
2001 2128 2084 2181 δι..

512 2228 668 2283 καίου
699 2209 889 2277 τούτου
916 2237 932 2284 ;
963 2213 1108 2272 Εἶπε
1126 2215 1256 2286 γάρ,
1287 2214 1472 2285 φησὶν,
1494 2215 1526 2266 δ
1545 2212 1760 2280 Κύριος
1782 2209 1862 2276 τῷ
1889 2211 2082 2281 Κυρίῳ

509 2331 648 2386 μου.
677 2309 752 2362 Οὐ
772 2306 880 2376 γὰρ
909 2303 1026 2365 ἐνὸς
1052 2298 1342 2386 προσώπου
1375 2297 1646 2368 μέμνηται
1687 2294 1938 2386 ἐνταῦθα,
1969 2295 2082 2347 ἀλλ’

515 2373 634 2462 ἐνὸς
667 2373 803 2464 πρὸς
843 2373 938 2443 ἐνα
976 2373 1163 2456 ἕτερον
1195 2380 1599 2464 διαλεγομένου.
1634 2378 1778 2464 ,Τίνα
1818 2373 1910 2432 οῦν
1955 2394 2088 2447 φασι

513 2460 626 2536 τδνή
665 2460 916 2544 λέγοντα;
979 2470 1083 2524 Τὸν
1145 2466 1301 2520 Θεόν.
1354 2463 1457 2517 Τὸν
1512 2463 1566 2516 δὲ
1621 2461 1916 2528 ἀκούοντας
1986 2460 2091 2544 Τὸν

529 2543 799 2634 Ἀϐραάμ.
831 2555 1049 2625 ’Έτεροι
1079 2549 1261 2634 δέῗτδν
1295 2544 1597 2618 Ζοροϐάϐελ
1617 2585 1632 2609 ,
1666 2544 1762 2634 καὶ
1790 2543 1939 2634 ἄλλοι
1970 2543 2092 2596 ἓτε-

521 2625 641 2719 ρονί
675 2625 926 2710 καθάπερ
973 2639 1022 2719 οἰ
1046 2631 1404 2719 μεθύοντες,
1434 2630 1530 2681 καὶ
1586 2626 1751 2719 μηδὲν
1805 2625 2093 2719 σύμφηωνον

520 2708 907 2798 φθεγγόμενοι,
937 2717 1135 2790 μᾶλλον
1177 2715 1235 2768 δὲ
1269 2710 1540 2798 καθάπερ-
1555 2711 1700 2798 οίῃέν
1731 2709 1906 2798 σκότει)
1943 2708 2093 2798 βαδίῗ

518 2787 742 2878 tavrea.
777 2807 870 2859 καὶ
907 2787 1380 2874 προσαράσσοντες
1416 2793 1699 2878 ἀλλήλους.
1731 2792 1808 2878 Τί
1828 2787 1942 2878 οὖν,
1975 2789 2095 2843 εἰπέ

525 2873 636 2965 μοι,
666 2873 968 2962 Ζοροϐάϐελ
996 2883 1184 2954 κύριος
1222 2879 1318 2965 τοῦ
1347 2876 1511 2965 Δαυίδ
1535 2893 1550 2942 ;
1591 2874 1850 2965 Καὶ-πῶς
1884 2873 1965 2965 ἂν
1984 2874 2096 2944 ἔχοι

520 2955 700 3045 λόγον,
729 2955 790 3036 δς
832 2970 926 3024 καὶ
957 2965 1119 3029 αὐτὸς
1166 2957 1776 3045 ἀντίμεγάλης-τιμῆς⁸
1803 2955 1966 3045 Δαυῖδ
2007 2956 2100 3045 κέῖ

525 3036 752 3130 κληται;
787 3053 899 3106 Kal
925 3050 994 3104 τά
1020 3046 1241 3130 ἐπιόντα
1269 3044 1326 3097 δέ
1352 3042 1524 3112 δηλοῖ,
1552 3042 1634 3094 ὅτι
1669 3039 1821 3093 οὐδὲν
1851 3039 1978 3107 περὶ
2004 3036 2097 3090 τοῦ

526 3119 829 3214 Ζοροϐάϐελ
842 3131 1075 3188 ἐνταῦθα
1091 3128 1324 3214 είρηται,
1340 3125 1459 3178 ούδέ
1483 3124 1611 3194 περί
1638 3122 1730 3176 τοῦ
1745 3122 1923 3175 Δαυῖδο
1947 3119 2100 3191 [250]

526 3205 701 3288 οὐδεὶς
743 3222 853 3291 γάρ
892 3214 1071 3270 αὐτῶν
1115 3209 1384 3282 ἱερωσύνῃ
1431 3209 1737 3291 τετίμηταιξ
1776 3205 2011 3259 ἐνταῦθα
2047 3205 2104 3259 δὲ

529 3308 658 3379 περί
686 3287 836 3366 τινος
857 3301 1068 3370 είρηται
1102 3292 1401 3379 ἱερωσύνην
1426 3290 1646 3379 -έχοντος
1681 3289 1837 3360 ξένην
1864 3287 1986 3342 τινὰ
2013 3288 2105 3341 καί

531 3371 853 3460 παράδοξον.
902 3381 985 3435 Σὺ
1019 3379 1149 3450 γάρ,
1187 3375 1385 3460 φησὶν,
1417 3374 1628 3460 ἱερευς-
1651 3376 1740 3460 εὶς
1787 3373 1893 3460 ubi
1923 3371 2106 3426 αιῶνα

531 3455 685 3528 κατὰ
711 3468 826 3536 τὴν
853 3464 1030 3528 τάξιν
1056 3459 1449 3528 Μελχισεδέκ.
1484 3457 1644 3510 Ἀλλά
1670 3455 1806 3521 τέως
1832 3456 1894 3509 rb
1933 3456 2107 3526 παρὸν

535 3551 949 3619 ἀναπτύξωμεν.
972 3544 1082 3598 Kal
1100 3543 1207 3614 γάρ
1227 3543 1321 3594 καὶ
1337 3540 1502 3612 ’έτερά
1525 3557 1645 3595 τινα
1664 3539 1879 3608 λέγουσι
1903 3539 2108 3593 τούτων

537 3635 826 3701 ἐωλότερα,
861 3624 1110 3699 περὶτοῦ
1151 3623 1281 3678 λαοῦ
1314 3622 1564 3691 λέγοντες
1611 3621 1786 3676 ταῦτα
1827 3621 2106 3693 είρῆσθαι·

537 3718 651 3772 ἀλλ’
681 3714 802 3769 οὔτε
841 3711 1018 3782 ἱερεὺς
1049 3710 1078 3761 6
1114 3706 1240 3770 λαὸς
1289 3705 1532 3774 γέγονεν,
1581 3703 1705 3758 οὔτε
1748 3705 1817 3758 τά
1851 3705 2014 3776 ἐτερα
2042 3706 2112 3760 τὰ

538 3799 800 3872 εἰρημένα
827 3791 1079 3862 δυνηθείη
1113 3789 1245 3842 ποτὲ
1288 3788 1436 3859 αὐτῷ
1475 3789 1732 3872 ἁρμόσαι.
1780 3789 1978 3858 Διόπερ
2019 3789 2113 3842 καὶ

538 3883 699 3938 τοῦτο
729 3880 804 3943 ὡς
831 3877 998 3931 ἐωλον
1021 3873 1490 3945 παραδραμόντες,
1520 3873 1614 3926 καὶ
1633 3871 1756 3926 οὔτε
1774 3873 2115 3942 κατασκευῆς

539 3967 791 4036 δεόμενον
820 3964 901 4024 είς
943 3957 1278 4029 ἀνατροπὴν.
1316 3957 1505 4028 ἕτερον
1551 3957 1690 4028 ὅπερ
1736 3957 1986 4025 λέγουσιν
2035 3958 2115 4019 εἰς

543 4053 708 4122 μέσον
735 4045 1048 4114 ἀγάγωμεν.
1082 4041 1146 4094 Τί
1179 4041 1286 4110 γάρ
1314 4057 1477 4110 φασιν
1519 4041 1669 4095 ἄλλοι
1698 4041 1890 4107 πάλιν;
1930 4041 2055 4094 Ὅτι
2086 4041 2115 4092 6

541 4136 670 4196 παῖς
701 4130 794 4184 τοῦ
828 4125 1081 4199 Ἀϐραὰμ
1108 4123 1278 4178 ταῦτα
1309 4123 1455 4192 λέγει
1503 4124 1632 4195 περί
1668 4123 1762 4177 τοῦ
1802 4123 1992 4195 κυρίου
2020 4122 2114 4176 τοῦ

541 4215 754 4272 ἑαυτοῦ.
787 4213 895 4266 Kal
920 4211 970 4264 τί
993 4209 1182 4263 τούτου
1208 4206 1417 4276 γένοιτο
1450 4209 1516 4261 ἂν
1546 4207 1708 4261 πάλιν
1736 4207 2028 4278 ἐωλότερον
2052 4219 2113 4270 ις

541 4303 607 4356 Τί
638 4301 744 4370 γὰρ
775 4294 1009 4351 ἐνταῦθα
1043 4291 1292 4363 βούλεται
1321 4292 1349 4343 6
1389 4293 1519 4354 παῖς
1549 4289 1644 4344 τοῦ
1682 4290 1965 4362 ’Δϐραάμς
2007 4288 2116 4343 Ποῦ

541 4387 599 4440 δὲ
627 4383 806 4454 ἱερεὺς
838 4379 866 4430 6
892 4377 1077 4447 κύριος
1111 4373 1276 4428 αὐτοῦ
1311 4373 1552 4443 γέγονεν,
1603 4373 1663 4436 ὃς
1715 4390 1777 4442 γε
1815 4374 1910 4427 καὶ
1957 4372 2119 4435 αὐτὸς

545 4468 680 4536 ῑερεῖ
707 4463 782 4533 τῷ
817 4458 1148 4530 Μελχισεδὲκ
1193 4455 1480 4526 ἐκέχρητο,
1511 4457 1605 4509 καί
1636 4457 1733 4519 τάς
1782 4458 1914 4528 παρ’
1953 4456 2116 4510 αὑτοῦ

545 4548 794 4616 εὐλογίας
851 4543 1069 4613 ἐζήτεις
1120 4539 1244 4602 Πῶς
1289 4539 1346 4591 δὲ
1382 4538 1450 4592 ἂν
1497 4537 1608 4608 ἔχοι
1656 4538 1812 4606 λόγον
1856 4540 1983 4610 περὶ
2025 4539 2118 4592 τοῦ

559 4629 810 4702 Ἀϐραὰμ
834 4625 1082 4698 εἰρῆσθαι
1113 4623 1195 4684 rb,
1237 4624 1337 4676 Ἐκ
1379 4621 1636 4690 γαστρὸς
1675 4621 1789 4689 πρὸ
1811 4622 2119 4692 ἐωσφόρου

548 4708 847 4782 ἐγέννησὰ
874 4723 988 4770 σε;
1023 4705 1138 4769 πῶς
1169 4705 1213 4758 δ’
1242 4704 1360 4775 ἂνῆ
1392 4703 1471 4774 τῷ
1500 4703 1683 4764 Δαυτδ,
1714 4705 1748 4773 ἦ
1778 4705 1854 4776 τῷ
1887 4706 2123 4778 Ζοροὸά-

551 4795 664 4857 ϐελ,
700 4790 833 4862 ἥτῷ
857 4789 973 4859 λαῷ
1007 4788 1179 4842 ταῦτα
1215 4787 1536 4857 ἁρμόσειενς
1574 4787 1744 4860 ’Υπὲρ
1775 4789 1885 4861 γάρ
1916 4789 2124 4860 ἀνθρώ·

551 4877 712 4947 πίνην
744 4873 904 4943 φύσιν
932 4873 992 4925 rb
1018 4872 1324 4942 εἰρημένον.
1371 4871 1444 4924 Τὸ
1470 4871 1545 4936 δὲ,
1572 4871 1768 4926 Κάθου
1807 4873 1875 4926 ἐκ
1911 4871 2125 4937 δεξιῶν

555 4977 696 5030 μου,
722 4957 882 5010 ποίαν
914 4954 981 5008 ἂν
1031 4954 1185 5023 σχοίη
1229 4952 1544 5024 ἑρμηνείαν,
1572 4954 1792 5007 ἐκείνων
1819 4955 1928 5007 τῶν
1959 4973 2126 5026 προσ-

553 5041 718 5097 ώπων
750 5036 1158 5106 ὑποκειμένων;
1185 5036 1318 5089 Ούδέ
1347 5035 1491 5106 μίαν.
1527 5036 1650 5100 Πῶς
1681 5037 1737 5089 δὲ
1763 5038 1839 5108 τῷ
1878 5039 2128 5110 Ἀϐραὰμ

554 5123 697 5190 εἷπε,
723 5121 920 5176 Κάθου
941 5120 1009 5174 ἐκ
1025 5118 1238 5182 δεξιῶν
1260 5137 1401 5188 μου,
1430 5119 1488 5182 ὃς
1505 5136 1567 5187 γε
1589 5121 1683 5173 καὶ
1710 5119 1770 5172 rb
1791 5120 2128 5190 παρεστάναι

553 5211 666 5272 τοῖς
703 5204 951 5274 ἀγγέλοις
987 5201 1249 5273 μεγίστης
1293 5202 1439 5267 ἀξιον
1476 5204 1692 5272 ἡγεῖται
1736 5203 1900 5272 τιμῆς
1949 5198 2126 5268 dvas;

570 5291 730 5346 Ἀλλὰ
760 5291 844 5353 τίς
890 5287 1066 5342 αὐτῶν
1109 5289 1136 5341 6
1167 5286 1328 5356 σοφὸς
1374 5285 1566 5354 λόγοςς
1620 5287 1731 5339 Kal
1779 5285 1915 5350 πῶς,
1973 5287 2127 5356 φησὶ,

559 5374 764 5446 Κύριον
810 5367 1050 5439 εἰσάγεις
1098 5371 1306 5441 ἕτερον,
1349 5370 1476 5423 ὅταν
1521 5370 1554 5439 ἡ
1597 5369 1786 5440 Γραφὴ
1833 5370 2130 5442 διαρρήδην

561 5455 712 5526 λέγῃ·
737 5456 948 5522 Κύριος
973 5457 1005 5508 ό
1033 5455 1173 5518 Θεός
1196 5469 1312 5508 σου
1335 5454 1547 5522 Κύριος
1575 5449 1660 5517 εἷς
1679 5453 1830 5515 ἐστι,
1855 5453 1950 5505 καί
1973 5451 2133 5516 αὐτῷ

561 5540 724 5608 μόνῳ
743 5537 1112 5605 λατρεύσεις,
1136 5536 1234 5590 καὶ
1266 5537 1432 5604 πλὴν
1453 5535 1640 5590 αὑτοῦ
1660 5537 1771 5589 οὐκ
1791 5537 1928 5607 ἐστιΔ
1945 5535 2087 5601 Θεός
2109 5551 2129 5599 ;

632 5708 655 5735 ⁸
680 5706 802 5768 Reg.
823 5703 868 5751 τί
887 5701 1054 5751 τούτου
1077 5703 1213 5752 πάλιν
1238 5705 1416 5766 γένοιτο
1439 5704 1837 5772 ἀναισθητότερον.

2165 899 2308 961 τίνος
2330 897 2536 960 ἕνεκεν,
2567 892 2688 947 εἰπέ
2719 908 2808 962 μοι
2833 907 2848 956 ;

2241 991 2304 1043 Εἰ
2335 989 2391 1042 δὲ
2443 985 2602 1050 αὐτὸς
2630 987 2876 1056 ἀπορεῖς,
2923 981 3052 1052 παρ’
3080 977 3214 1049 ἐμοῦ
3250 977 3350 1047 τὴν
3379 971 3560 1028 αἰτίαν
3601 967 3733 1056 μάνέ

2171 1082 2320 1136 θανε.
2365 1078 2582 1148 Ἐπειδὴ
2631 1055 2752 1148 γὰρ
2784 1072 3010 1142 ἐξελθὼν
3042 1067 3496 1142 ἐμοσχοποίησας,
3535 1061 3632 1116 καὶ
3660 1055 3736 1128 τῷ

2173 1168 2495 1242 Βεελφεγὼρ
2511 1167 2812 1238 ἐτελέσθης,
2828 1164 3070 1236 καὶπρὸς
3091 1163 3258 1234 δῆμον
3283 1157 3420 1213 θεῶν
3439 1151 3511 1227 ἧς
3539 1155 3736 1221 ἐπτοη-

2177 1270 2336 1338 μένος
2357 1302 2375 1331 ,
2405 1264 2504 1336 τὴν
2530 1263 2728 1333 ἄνομον
2757 1260 2970 1331 ἐκείνην
3013 1254 3302 1310 πολυθεῒαν
3328 1251 3584 1318 εἰσάγων,
3615 1245 3738 1298 ἀνα-

2178 1337 2410 1412 στέλλων
2437 1372 2530 1408 σου
2557 1354 2620 1407 rb
2651 1353 2884 1423 νόσημα,
2916 1350 3052 1422 πρὸς
3079 1343 3481 1414 ἀντιδιαστολὴν
3512 1340 3621 1394 τῶν
3643 1337 3741 1391 οὐκ

2177 1455 2344 1509 ὅντων
2373 1449 2509 1504 θεῶν
2537 1449 2599 1502 rb
2626 1443 2731 1512 Εἷς
2750 1445 2965 1517 ἔθηκεν,
2990 1443 3052 1497 ού
3080 1441 3214 1512 πρὸς
3240 1437 3494 1508 ἀθέτησιν
3517 1432 3614 1488 τοῦ
3640 1431 3744 1485 Μο-

2179 1546 2450 1618 νογενοῦς.
2468 1545 2618 1599 Ἐπεὶ
2636 1544 2779 1606 τίνος
2794 1542 2978 1596 ἕνεκεν
3007 1541 3064 1592 ἐν
3087 1536 3388 1615 προοιμίοις
3406 1532 3623 1603 εἴρηται
3653 1525 3744 1579 εύ-

2181 1613 2337 1704 θέωςο
2365 1637 2716 1706 Ποιήσωμεν
2745 1633 3058 1700 ἄνθρωπον
3080 1613 3203 1682 κατ’
3234 1627 3439 1680 εἰκόνα
3473 1619 3574 1675 καί
3618 1616 3745 1672 καθ’

2181 1735 2466 1803 ὁμοίωσιν
2483 1727 2775 1799 ἡμετέραν
2785 1743 2804 1792 ;
2819 1727 2929 1780 Kal
2943 1722 3124 1786 πάλιν,
3142 1719 3318 1774 Δεῦτε
3337 1716 3436 1770 καὶ
3457 1710 3745 1768 καταϐάνο

2181 1844 2280 1894 τες
2304 1828 2653 1896 συγχέωμεν
2679 1820 2786 1887 τὰς
2816 1817 3101 1889 γλώσσας
3127 1811 3345 1867 αὐτῶν.
3386 1808 3496 1862 Kal
3533 1804 3694 1861 πάλιν
3717 1803 3746 1856 6

2183 1916 2368 1984 Δαυῒδ,
2400 1914 2502 1969 Διὰ
2533 1912 2711 1968 τοῦτο
2748 1908 2957 1981 ἐχρισέ
2985 1923 3059 1963 σε
3103 1908 3136 1960 ὀ
3189 1903 3351 1969 Θεὸς,
3388 1902 3420 1954 ὀ
3456 1899 3602 1964 Θεός
3633 1910 3746 1949 σου

2185 2013 2392 2068 ἔλαιον
2409 2005 2820 2080 ἀγαλλιάσεως
2847 2003 3008 2073 παρὰ
3037 2001 3179 2068 τοὺς
3195 1996 3490 2069 μετόχους
3527 2007 3664 2046 σου.
3687 1989 3751 2080 Ιιξί

2186 2105 2244 2159 δὲ
2273 2107 2301 2158 6
2333 2073 2572 2172 Μωῦσῆς
2592 2100 2768 2168 λέγει,
2795 2097 3009 2164 Κύριος
3032 2095 3062 2147 6
3092 2092 3236 2157 Θεός
3267 2103 3384 2142 σου
3417 2084 3632 2152 Κύριος
3666 2073 3753 2146 εἷς

2186 2198 2376 2250 ἐστιν’
2403 2195 2439 2264 ὴ
2461 2171 2700 2264 ὑμετέρα
2731 2188 2981 2242 ἀσθένεια
3000 2185 3220 2254 γέγονεν
3236 2179 3383 2236 αἰτία
3405 2177 3632 2232 τούτων.
3646 2171 3756 2226 Kal

2189 2289 2242 2342 τί
2283 2285 2579 2358 θαυμάζεις
2618 2285 2667 2336 εἰ
2715 2282 2808 2335 ἐπὶ
2847 2279 2956 2334 τῶν
2986 2277 3268 2348 δογμάτων
3309 2271 3465 2328 τοῦτο
3503 2268 3759 2338 γέγονεν,

2191 2384 2325 2438 ὅπου
2354 2397 2418 2450 γε
2437 2378 2532 2432 καὶ
2563 2377 2657 2429 ἐπὶ
2679 2375 2789 2428 τῶν
2805 2371 3140 2446 πραγμάτων
3158 2369 3264 2422 ἀπὸ
3285 2366 3395 2420 τῶν
3415 2359 3760 2428 τελειοτέρων

2193 2474 2286 2528 ἐπὶ
2312 2447 2381 2526 τά
2407 2470 2662 2524 ἐλάττονα
2695 2467 2784 2520 τὸν
2819 2465 2977 2534 λόγον
3014 2459 3152 2534 ἦγεν
3175 2463 3203 2514 6
3224 2459 3376 2523 Θεὸς,
3401 2459 3468 2528 τῇ
3510 2447 3763 2519 ἀσθενείᾳ

2193 2570 2260 2640 τῇ
2288 2564 2532 2637 ἡμετέρᾳ
2555 2541 3032 2632 συγκαταϐαίνωνς
3055 2556 3145 2610 Διὸ
3168 2555 3262 2610 καὶ
3288 2553 3518 2624 γυναῖκα
3539 2548 3638 2620 τὴν
3666 2545 3766 2617 μὲν

2196 2637 2496 2721 ἐκϐάλλειν,
2517 2653 2614 2726 τὴν
2649 2653 2705 2706 δὲ
2732 2652 2970 2720 εἰσάγειν
2993 2648 3309 2719 ἐπέτρεπεν,
3345 2644 3438 2698 ἀπ’
3473 2639 3649 2713 ἀρχῆς
3671 2637 3768 2706 οὐχ

2197 2750 2338 2805 οὕτω
2361 2745 2744 2818 νομοθετήσας.
2762 2744 2873 2798 Kal
2893 2759 2960 2796 πε
2969 2742 3020 2814 pl
3041 2739 3344 2812 βρωμάτων
3363 2735 3561 2804 πολλὴν
3583 2731 3769 2800 ἐποιή-

2201 2860 2332 2897 σατο
2351 2842 2449 2912 τὴν
2480 2839 2775 2910 διάκρισιν,
2808 2835 3000 2896 καίτοι,
3027 2850 3091 2902 γε
3134 2831 3194 2896 ἐξ
3223 2830 3395 2902 app];
3440 2827 3509 2882 τά
3554 2823 3770 2880 ἐναντία

2205 2931 2352 3006 [251]
2380 2929 2570 2992 εἰπὼν,
2599 2930 2680 2984 ὅτι
2706 2928 2802 2993 Ὠς
2845 2926 3086 2996 λάχανα
3119 2924 3334 2993 χόρτου
3376 2918 3605 2974 δέδωκα
3633 2914 3772 2986 ὑμῖν

2203 3020 2420 3074 πάντα.
2463 3019 2572 3071 Kal
2611 3017 2738 3088 περί
2766 3015 2929 3068 τόπου
2959 3012 3186 3076 πολλοὺς
3215 3010 3426 3064 τέθεικε
3461 3007 3680 3078 νόμους,
3711 3006 3770 3058 οὐ

2207 3109 2503 3181 συγχωρῶν
2538 3107 2814 3178 πανταχοῦ
2844 3105 2942 3170 τὰς
2970 3104 3133 3175 εύχάς
3171 3102 3458 3168 ἐπιτελεῖν,
3500 3099 3680 3155 καίτοι
3712 3116 3775 3168 γε

2207 3203 2328 3257 οὺδέ
2366 3200 2524 3255 τοῦτο
2561 3200 2620 3267 ἐξ
2657 3199 2830 3270 ἀρχῆς
2857 3196 3264 3267 ἐνομοθέτησεν.
3301 3193 3460 3247 Ἀλλά
3490 3191 3584 3245 καὶ
3617 3193 3675 3244 ἐν
3708 3191 3774 3260 τῇ

2209 3299 2434 3371 Περσῶν
2464 3299 2536 3368 γῇ
2563 3295 2640 3367 τῷ
2687 3294 2935 3366 Ἀϐραὰμ
2959 3291 3145 3362 ὤφθη,
3193 3291 3285 3345 καὶ
3323 3292 3382 3344 ἐν
3410 3287 3772 3357 Παλαιστίνῃ,

2211 3397 2304 3450 καὶ
2330 3392 2625 3464 πανταχοῦ·
2669 3392 2764 3446 καὶ
2811 3390 2888 3463 τῷ
2915 3391 3139 3445 Μωῦσετ
3174 3387 3314 3460 μετά
3348 3387 3523 3442 ταῦτα
3556 3384 3652 3439 ἐπὶ
3680 3386 3776 3455 τῆς

2212 3482 2442 3552 ἐρήμου.

2287 3569 2352 3638 β’.
2379 3567 2444 3620 Τί
2462 3564 2555 3622 οὖν
2572 3584 2586 3630 ;
2603 3567 2794 3636 ἑαυτῇ,
2812 3564 2966 3636 φησί,
2984 3563 3212 3634 μάχεται
3235 3561 3475 3632 ὴΓραφή
3491 3578 3508 3627 ;
3525 3561 3738 3628 Ἄπαγε
3760 3574 3775 3590 ⁸

2213 3664 2349 3718 ἀλλὰ
2378 3663 2519 3717 κατὰ
2547 3662 2740 3734 καιρὸν
2767 3661 2901 3734 πρὸς
2927 3659 2989 3713 rb
3025 3657 3300 3729 συμφέρον
3341 3657 3549 3711 ἕκαστα
3576 3657 3780 3708 οἰκονο-

2217 3765 2327 3834 μεῖ,
2357 3760 2454 3831 τὴν
2485 3758 2768 3814 ἀσθένειαν
2794 3756 3028 3826 ἑκάστης
3052 3755 3243 3822 γενεᾶς
3273 3748 3784 3823 διορθούμενος.Διά

2215 3858 2280 3929 δὴ
2305 3858 2462 3911 τοῦτο
2504 3855 2641 3926 πρὸς
2681 3854 2742 3906 σέ
2774 3854 2871 3925 μὲν
2899 3852 3110 3923 εἴρηται
3133 3865 3146 3880 ⁸
3186 3851 3402 3919 Κύριος
3423 3851 3456 3904 ὁ
3497 3851 3643 3914 Θεός
3670 3862 3785 3902 σου

2219 3956 2434 4024 Κύριος
2453 3949 2540 4018 εἷς
2561 3951 2748 4004 ἐστιν.
2772 3949 2890 4002 Ὀτι
2917 3948 2974 4001 δὲ
2995 3949 3090 4002 καὶ
3109 3946 3237 4002 Υἰδν
3263 3947 3399 4018 ἔχει,
3416 3944 3788 4017 προαπέθεντο

2220 4053 2268 4106 οἰ
2296 4053 2566 4124 προφῆται
2597 4049 2718 4110 ταῖς
2748 4045 2970 4118 βίϐλοις,
3001 4045 3096 4100 καὶ
3121 4042 3244 4098 οὗτε
3276 4041 3463 4112 σαφῶς
3486 4041 3691 4113 σφόδρα
3713 4039 3788 4093 εἰ-

2226 4150 2477 4221 ρήκασιν,
2527 4145 2667 4198 ὥστε
2702 4143 2776 4214 μὴ
2814 4139 3153 4214 λυμήνασθαι
3186 4155 3280 4193 σου
3323 4139 3422 4210 τὴν
3467 4136 3787 4192 ἀσθένειαν

2221 4246 2344 4301 οὒτε
2370 4242 2725 4314 ἀπέκρυψαν,
2765 4239 2904 4293 ὥστε
2945 4238 3084 4309 μετὰ
3127 4234 3302 4290 ταῦτά
3339 4251 3422 4289 σοι
3449 4233 3635 4290 δοῦναι
3660 4235 3791 4288 ἀνα-

2222 4345 2408 4416 νῆψαι,
2441 4342 2534 4396 καί⁸
2563 4342 2626 4394 ὲκ
2651 4338 2756 4392 τῶν
2804 4335 3019 4390 οἰκείων
3063 4334 3260 4406 βίϐλων
3292 4332 3654 4400 ἀναλέξασθαι
3693 4331 3793 4402 τῆς

2225 4439 2477 4510 ἀληθείας
2508 4436 2576 4490 τὰ
2613 4435 2878 4506 δόγματα.
2922 4432 3078 4487 Οὕτω
3110 4431 3345 4503 μάλιστα
3372 4430 3624 4494 καὶτοὺς
3661 4447 3795 4500 προ-

2226 4537 2401 4606 φήτας
2427 4530 2764 4602 δυνησόμεθα
2789 4529 2956 4594 δεῖξαι
2980 4528 3262 4600 προφήτας
3292 4526 3472 4591 ὄντας,
3503 4526 3634 4579 ἆταν
3660 4525 3793 4597 πρὸς

2229 4633 2495 4704 Ἕλληνας
2525 4627 2934 4700 διαλεγώμεθα,
2975 4626 3067 4680 καὶ
3105 4626 3418 4690 ἀξιόπιστον
3452 4625 3658 4697 σφόδρα
3696 4623 3796 4695 τὴν

2229 4726 2469 4784 Παλαιὰν
2519 4725 2885 4794 ἀποδείξομεν.
2922 4722 3074 4776 Ἐπεὶ
3105 4721 3201 4775 ἐάν
3229 4721 3388 4774 τοῦτο
3427 4719 3641 4791 ἀνέλῃς,
3682 4719 3798 4782 πῶς

2229 4823 2565 4896 ἀπορῤάψεις
2591 4821 2684 4874 τοῦ
2711 4820 2970 4890 Ἕλληνος
2996 4819 3057 4871 τὸ
3101 4817 3308 4896 στόμας
3360 4815 3426 4870 Τί
3461 4818 3571 4888 γὰρ
3621 4817 3797 4888 ἐρεῖς;

2230 4925 2328 4991 τὴν
2344 4895 2530 4986 ἔξοδον
2553 4919 2651 4990 τὴν
2677 4915 2736 4981 ἐξ
2756 4915 3026 4984 Αἰγύπτου
3047 4953 3061 4978 ,
3088 4915 3181 4968 καί⁸
3203 4895 3272 4967 τά
3300 4914 3379 4978 εἰς
3409 4913 3468 4966 σὲ
3489 4929 3800 4984 προφητευ-

2233 5020 2425 5080 θέντα;
2469 5015 2606 5067 Ἀλλ’
2637 5013 2696 5066 ού
2726 5014 2929 5083 σφόδρα
2957 5013 3333 5076 καταδέξεται.
3363 5013 3459 5066 Ἂν
3489 5011 3548 5066 δὲ
3576 5010 3647 5064 τὰ
3675 5009 3804 5082 περὶ

2234 5113 2328 5166 τοῦ
2357 5112 2592 5184 Χριστοῦ
2625 5110 2893 5181 εἰρημένα
2937 5112 2995 5164 ἐν
3036 5113 3102 5182 τῇ
3156 5111 3366 5181 Παλαιᾷ
3405 5109 3644 5180 διηγήσῃ
3665 5147 3681 5174 ,
3713 5107 3807 5160 καὶ

2236 5208 2412 5281 δείξῃς
2430 5206 2537 5259 τῶν
2565 5205 2902 5276 πραγμάτων
2921 5205 3019 5276 τὴν
3042 5205 3300 5276 ἀλήθειαν
3332 5201 3719 5274 μαρτυροῦσαν
3740 5203 3806 5271 τῇ

2235 5307 2334 5375 τῆς
2362 5303 2695 5375 προφητείας
2717 5301 2958 5370 ἐκϐάσει,
2994 5303 3115 5356 ούδέ
3141 5302 3456 5371 ἀντιστῆναι
3493 5299 3806 5372 δυνήσεται.
3887 5282 3892 5286 ’

2237 5403 2300 5455 Εἰ
2329 5402 2384 5454 δέ
2411 5400 2687 5454 ἐπιλάϐοιο
2710 5399 2817 5452 τῶν
2843 5400 3147 5472 ἡμετέρων,
3181 5393 3227 5452 ὦ
3260 5398 3500 5462 Ἰουδαῖε,
3530 5397 3652 5462 πῶς
3671 5397 3811 5467 ὑπὲρ

2236 5499 2337 5570 τῆς
2366 5496 2607 5560 Παλαιᾶς
2655 5495 3002 5568 ἀπολογήσῃ;
3049 5496 3167 5550 Κάν
3209 5513 3292 5558 τις
3337 5494 3469 5567 εἴπῃ
3503 5511 3620 5558 σοι,
3653 5493 3813 5548 πόθεν

2239 5595 2410 5668 ἀληθῆ
2436 5593 2505 5648 τά
2533 5593 2828 5659 Μωΰσέως,
2859 5593 2910 5646 τί
2938 5595 3110 5664 ἐρείς;
3139 5594 3259 5647 Ὅτι
3289 5576 3702 5663 ἐπιστεύσαμεν
3721 5589 3816 5646 a6-

2244 5697 2370 5759 τοῖς.
2399 5691 2603 5758 Οὐκοῦν
2637 5689 2810 5760 πολλῷ
2845 5688 3041 5756 μᾶλλον
3072 5690 3162 5743 καί
3199 5686 3265 5742 τὰ
3292 5685 3556 5759 ἡμέτερα·
3594 5686 3819 5758 καὶγὰρ
