4112 6208
347 395 451 448 265

343 525 530 565 versus
545 502 866 561 Mauichmos
886 507 939 555 et
957 488 1214 554 adversus
1231 506 1418 550 omnes
1438 491 1530 562 qui
1547 483 1924 544 resurrectioni

344 619 451 657 non
477 598 702 655 credunt
730 637 746 663 ,
783 594 942 649 struit
967 591 1158 645 aciem.
1191 587 1451 656 Quoniam
1481 597 1610 652 ergo
1633 589 1818 636 contra
1843 586 1920 630 tot

344 691 681 750 adversarios
708 692 962 743 instructa
989 693 1070 739 est
1092 680 1234 735 acies
1265 719 1281 744 ,
1324 675 1477 731 nobis
1501 687 1713 743 quoque
1741 667 1924 724 multis

281 824 285 828 -
340 785 516 840 oculis
538 796 672 852 opus
699 786 800 842 est,
830 787 887 831 ut
906 791 1022 846 qua!
1039 773 1109 830 sit
1136 768 1368 826 luctandi
1393 766 1550 830 ratio,
1578 771 1762 818 exacte
1791 774 1924 812 cou-

341 878 583 932 siderare
629 872 913 943 possimus.
958 868 1012 922 In
1043 862 1279 921 externis
1320 859 1464 916 enim
1507 852 1921 943 certaminibus,

343 969 445 1024 etsi
499 942 673 1034 aliqua
729 958 964 1016 luctandi
1006 957 1142 1012 ratio
1171 968 1277 1010 non
1327 948 1696 1005 animadversa
1728 942 1921 1034 fuerit,

346 1057 475 1110 nihil
507 1031 730 1108 laedetur
757 1058 1062 1120 spectator:
1095 1062 1198 1100 non
1229 1043 1373 1099 enim
1396 1039 1678 1101 doctrinae,
1705 1033 1799 1088 sed
1831 1031 1928 1085 de-

345 1144 646 1201 lectationis
665 1143 828 1210 gratia
859 1139 987 1194 illud
1017 1138 1281 1192 theatrum
1299 1140 1551 1188 coactum
1571 1135 1674 1183 est.
1703 1125 1804 1179 Hic
1831 1137 1928 1174 au-

349 1249 454 1291 tem
480 1235 772 1289 nisiexacte
788 1229 1099 1301 eognoveris
1115 1227 1382 1282 undenam
1400 1217 1741 1277 adversarius
1760 1212 1928 1267 aciem

347 1344 498 1382 suam
529 1327 773 1390 instruat,
803 1334 856 1377 et
882 1322 1022 1377 unde
1061 1335 1159 1375 nos
1198 1333 1320 1373 eum
1353 1315 1604 1370 feriamus
1631 1351 1647 1376 ,
1679 1322 1784 1362 nou
1815 1308 1930 1358 leve

345 1419 726 1474 detrimentum
755 1415 1006 1485 accipies.
1027 1411 1106 1466 Ne
1128 1411 1232 1465 hoc
1255 1422 1383 1478 ergo
1409 1404 1502 1459 tibi
1525 1401 1754 1462 eveniat,
1787 1411 1930 1450 meu-

348 1521 452 1564 tem
487 1519 628 1562 tuam
657 1507 830 1561 excita
863 1546 878 1570 ,
931 1513 1152 1558 arrectae
1197 1500 1293 1554 tibi
1335 1499 1444 1552 sint
1487 1506 1666 1549 aures.
1714 1488 1926 1545 Judasos

347 1601 578 1672 primum
615 1599 936 1663 invadimus,
964 1596 1220 1648 adversus
1248 1591 1364 1644 illos
1393 1587 1558 1642 aciem
1593 1580 1926 1644 instruimus,

347 1693 612 1764 propheta,
631 1708 694 1746 ex
718 1690 798 1744 his
820 1689 998 1744 verbis
1017 1683 1379 1741 commilitone
1405 1687 1633 1733 utentes.
1665 1674 1799 1729 Cum
1830 1685 1928 1725 nos

347 1789 489 1840 enim
520 1787 760 1840 dicamus
783 1783 896 1837 haec
925 1782 1079 1851 plane
1107 1778 1173 1832 de
1198 1775 1412 1831 Christo
1433 1772 1572 1825 dicta
1602 1783 1724 1823 esse
1756 1808 1771 1832 ,
1813 1764 1929 1819 hzcc

345 1881 420 1934 illi
448 1896 550 1932 non
575 1876 883 1940 admittunt,
912 1872 1004 1927 sed
1027 1868 1268 1940 quaedam
1293 1865 1398 1920 alia
1421 1859 1920 1918 comminiscuntur.

341 1949 471 2038 Quae
498 1985 626 2040 ergo
653 1967 840 2022 dicunt
878 1964 1108 2033 primum
1147 1957 1441 2015 refutemus
1468 1995 1484 2020 ,
1513 1968 1576 2006 ac
1597 1951 1852 2018 deinceps
1876 1945 1928 2001 id

341 2062 482 2135 quod
511 2061 738 2115 dicimus
767 2056 1166 2112 conlirmemus.
1221 2051 1395 2120 Atque
1424 2062 1566 2101 nunc
1589 2059 1684 2099 eos
1709 2041 1925 2097 interim

341 2169 610 2226 rogemus,
639 2153 756 2222 quis
780 2161 866 2206 est
891 2150 1048 2218 hujus
1066 2145 1193 2216 justi
1223 2141 1520 2199 dominus?
1572 2137 1712 2192 Dixit
1747 2135 1888 2190 enim
1911 2175 1926 2200 ,

343 2247 538 2318 inquit,
570 2245 816 2299 Dominus
849 2241 1068 2294 Domino
1095 2254 1224 2291 meo.
1256 2235 1371 2290 Non
1405 2231 1650 2288 meminit
1673 2229 1819 2284 enim
1842 2225 1930 2282 hic

343 2343 502 2396 unius
522 2355 785 2410 personae,
799 2335 894 2391 sed
914 2335 1074 2389 unius
1103 2331 1191 2402 qui
1217 2346 1335 2384 cum
1355 2343 1462 2382 uno
1486 2327 1653 2380 altero
1673 2321 1927 2392 loquitur.

344 2433 642 2497 Quemnam
673 2442 802 2497 ergo
820 2425 1002 2480 dicunt
1023 2439 1142 2479 esse
1162 2436 1285 2477 eum
1307 2419 1396 2490 qui
1427 2417 1593 2472 dicit?
1619 2417 1808 2470 Deum.
1830 2412 1930 2478 Qui

348 2531 530 2575 autem
551 2519 740 2574 audit?
776 2515 1065 2571 Abraham.
1099 2513 1200 2568 Alii
1226 2527 1356 2568 vero
1376 2507 1674 2565 Zorobabel
1701 2547 1716 2571 ,
1744 2515 1799 2560 et
1841 2504 1930 2558 alii

349 2614 547 2668 alium:
576 2621 635 2666 ut
656 2610 788 2666 ebrii
836 2621 891 2664 et
927 2607 1060 2662 nihil
1099 2604 1240 2675 quod
1282 2602 1562 2659 conveniat
1607 2601 1884 2669 loquentes
1910 2639 1926 2662 ,

349 2707 460 2759 imo
488 2718 618 2758 vero
647 2702 784 2756 sicut
803 2699 892 2770 qui
935 2699 986 2753 in
1017 2697 1253 2752 tenebris
1287 2692 1565 2748 ambulant
1589 2732 1604 2758 ,
1635 2699 1691 2746 et
1721 2689 1934 2759 pulsant

347 2789 483 2844 alter
507 2789 754 2842 alterum.
783 2783 918 2850 Quid
949 2797 1100 2852 ergo,
1125 2781 1212 2836 die
1241 2779 1391 2842 mihi,
1419 2791 1621 2847 quaeso,
1651 2783 1803 2830 estne
1829 2772 1928 2826 Zo~

345 2878 564 2934 rebabel
608 2875 821 2930 Davidis
869 2870 1177 2928 Dominus?
1211 2871 1279 2926 Et
1319 2867 1588 2938 quomodo
1631 2865 1790 2920 fuerit
1833 2862 1934 2918 hoc

343 2976 762 3024 consentaneum
791 3006 807 3029 ,
835 2979 955 3019 cum
985 2962 1100 3032 ipse
1135 2975 1233 3032 pro
1275 2973 1472 3030 magno
1513 2957 1718 3012 honore
1763 2955 1927 3011 David

342 3060 641 3130 appellatus
667 3055 779 3112 sit?
811 3055 979 3110 Porro
1018 3067 1082 3109 ea
1122 3066 1242 3122 qua:
1271 3057 1672 3119 consequuntur
1703 3090 1718 3114 ,
1748 3056 1931 3102 osten-

343 3153 477 3207 dunt
498 3151 631 3205 nihil
659 3149 746 3203 hic
768 3148 969 3203 dictum
1001 3159 1123 3200 esse
1147 3144 1215 3199 de
1239 3141 1570 3208 Zorobabel,
1605 3155 1706 3196 nec
1731 3139 1800 3194 de
1831 3140 1931 3194 Da-
1967 3215 1972 3224 .

345 3231 501 3296 vide:
535 3240 712 3294 nullus
741 3239 882 3295 enim
925 3251 1111 3291 eorum
1141 3234 1345 3289 honore
1374 3231 1688 3289 sacerdotali
1718 3229 1930 3285 functus

347 3341 458 3387 est:
489 3331 576 3384 hic
597 3337 774 3384 autem
807 3329 1007 3382 dictum
1036 3333 1120 3382 est
1145 3325 1212 3380 de
1238 3324 1419 3394 aliquo
1445 3365 1459 3390 ,
1486 3322 1576 3392 qui
1605 3337 1799 3376 novum
1826 3321 1928 3375 ali-

346 3421 489 3492 quod
538 3431 592 3475 et
631 3417 944 3473 admirabile
987 3415 1340 3471 sacerdotium
1371 3414 1502 3468 obit.
1553 3411 1629 3466 Tu
1655 3429 1706 3467 es
1734 3412 1875 3466 enim
1909 3452 1924 3478 ,

347 3514 538 3580 inquit,
566 3512 800 3567 sacerdos
823 3511 876 3564 in
904 3519 1145 3564 (sternunt
1163 3506 1438 3562 secundum
1464 3505 1690 3560 ordinem
1713 3504 1930 3558 Melchi-

345 3609 490 3662 scdee
532 3607 602 3678 (υ.
633 3609 712 3677 4).
758 3606 1016 3661 Sedrem
1059 3605 1383 3675 propositam
1414 3603 1759 3672 explicemus.
1793 3600 1927 3655 Pro-

347 3701 520 3754 ἷιΤιΙΙιῑ
545 3701 685 3755 enim
715 3699 887 3753 adhuc
916 3699 1014 3752 alia
1047 3699 1286 3769 quaedam
1310 3697 1392 3751 his
1413 3696 1666 3762 futiliora,
1691 3695 1930 3750 dicentes

349 3797 462 3849 lucc
487 3795 622 3849 dicta
654 3809 772 3848 esse
799 3793 866 3847 de
894 3791 1127 3863 populo:
1155 3791 1246 3846 sed
1276 3806 1448 3860 neque
1473 3789 1697 3859 populus
1717 3787 1812 3841 fuit
1835 3802 1924 3840 sa-

347 3887 554 3948 cerdos,
587 3901 758 3953 neque
802 3885 902 3938 alia
939 3899 1057 3952 qua:
1083 3882 1223 3936 dicta
1248 3890 1372 3936 sunt
1405 3883 1454 3935 ei
1484 3889 1704 3950 possunt
1731 3895 1929 3934 convc-

352 3979 487 4032 nire.
519 3977 596 4031 Eo
639 3978 815 4046 itaque
855 3985 1122 4043 tamquam
1164 3973 1304 4027 inani
1350 3974 1709 4042 praetermisso
1739 4014 1755 4037 ,
1787 3971 1928 4041 quod

351 4089 458 4126 non
489 4087 622 4140 opus
647 4070 840 4125 habeat
867 4068 1182 4138 probatione
1209 4076 1264 4120 ut
1291 4074 1580 4130 evertatur,
1613 4063 1756 4118 aliud
1784 4062 1926 4132 quod

347 4165 532 4218 dicunt
557 4163 606 4216 in
630 4162 861 4216 medium
883 4159 1230 4214 adducamus.
1257 4156 1391 4224 Quid
1409 4171 1534 4225 ergo
1551 4170 1734 4210 rursus
1753 4153 1935 4208 dicunt

349 4255 480 4309 alii?
511 4253 676 4307 Filius
705 4251 932 4307 Abraha:
953 4251 1068 4305 hsce
1087 4249 1214 4303 dicit
1237 4249 1303 4303 de
1334 4247 1550 4302 domino
1579 4262 1694 4301 suo.
1721 4245 1787 4299 Et
1808 4243 1932 4315 quid

349 4346 519 4416 p0ssit
537 4361 602 4400 eo
624 4359 743 4400 esse
772 4343 1018 4398 inanius?
1037 4341 1174 4411 Quid
1191 4340 1330 4396 enim
1355 4339 1440 4393 hic
1461 4338 1574 4392 vult
1600 4337 1734 4392 [ilius
1760 4336 1934 4390 Abra-

352 4439 469 4492 hae?
495 4437 590 4494 Ubi
619 4446 795 4491 autem
817 4435 1069 4490 sacerdos
1097 4433 1194 4489 fuit
1221 4433 1336 4502 ejus
1361 4431 1628 4494 dominus,
1662 4428 1749 4500 qui
1772 4427 1934 4483 etiam

350 4532 466 4599 ipse
491 4527 766 4583 sacerdote
797 4525 1146 4582 Melchisedec
1189 4539 1316 4579 usus
1347 4532 1462 4588 est,
1493 4531 1548 4578 et
1582 4522 1730 4592 petiit
1765 4520 1832 4574 ab
1865 4535 1931 4574 eo

350 4621 775 4676 benedictionem
795 4619 820 4672 ?
839 4617 1114 4689 Quomodo
1135 4625 1309 4671 autem
1333 4615 1489 4688 fuerit
1512 4621 1931 4670 consentaneum

347 4713 550 4766 dictum
577 4727 695 4768 esse
723 4711 791 4766 de
819 4709 1109 4777 Abraham,
1140 4708 1220 4762 Ea:
1244 4718 1384 4762 utero
1413 4717 1530 4762 ante
1555 4707 1820 4779 luciferum
1837 4723 1928 4778 ge-

350 4807 441 4860 nui
467 4817 512 4860 te
541 4805 610 4876 (υ.
643 4803 697 4876 5)
722 4804 746 4857 ?
773 4802 1051 4872 Quomodo
1076 4809 1258 4857 autem
1293 4801 1378 4856 vel
1408 4801 1588 4855 Davidi
1614 4844 1629 4867 ,
1656 4801 1738 4855 vel
1769 4799 1934 4854 Zoro-

350 4898 525 4952 babcli
557 4940 571 4962 ,
601 4898 688 4956 vel
720 4896 914 4966 populo
942 4895 1056 4952 haec
1082 4895 1428 4952 convenerint
1461 4894 1750 4949 ?Naturam
1789 4893 1932 4950 enim

351 4989 641 5044 humanam
681 4998 898 5059 superat
926 5029 941 5055 ,
971 4989 1114 5062 quod
1155 4988 1354 5044 dictum
1398 4996 1498 5042 est.
1547 4986 1678 5042 lllud
1707 4995 1883 5040 autem
1911 5026 1928 5050 ,

354 5082 492 5137 Sede
515 5099 546 5134 a
566 5082 755 5136 dextris
775 5082 917 5148 meis,
943 5097 1227 5152 quamnam
1258 5081 1502 5136 habuerit
1527 5079 1929 5149 interpretatio-

352 5188 477 5226 nem
507 5211 522 5239 ,
551 5173 593 5227 si
623 5188 864 5240 persona:
900 5173 1004 5229 illic
1047 5173 1232 5243 posita:
1261 5173 1455 5228 fuerint
1480 5173 1504 5226 ?
1535 5172 1762 5226 Nullam.
1792 5171 1936 5238 Quo-

353 5263 518 5319 modo
545 5274 719 5318 autem
759 5264 889 5319 dixit
914 5265 1141 5320 Abrahm
1160 5307 1175 5330 ,
1209 5264 1343 5322 Sede
1371 5281 1402 5318 a
1439 5265 1627 5320 dextris
1652 5265 1774 5320 meis
1802 5307 1816 5329 ,
1845 5266 1936 5335 qui

353 5354 439 5408 vel
469 5355 668 5423 angelis
691 5357 942 5411 assistere
963 5395 977 5420 ,
1006 5356 1149 5411 ducit
1188 5371 1308 5410 esse
1335 5355 1552 5427 dignum
1581 5357 1785 5412 honore
1816 5372 1933 5411 ma-

353 5445 538 5503 ximo?
563 5444 664 5500 Sed
693 5446 941 5515 quidnam
972 5455 1074 5513 est,
1105 5461 1306 5516 quaeso,
1336 5447 1474 5517 quod
1506 5461 1602 5517 pro
1629 5463 1724 5504 sua
1755 5448 1938 5505 dicunt

353 5535 658 5604 sapientia?
688 5536 756 5590 Et
783 5535 1052 5606 quomodo
1075 5576 1091 5602 ,
1134 5535 1376 5605 inquiunt
1409 5579 1425 5605 ,
1454 5538 1617 5593 alium
1645 5539 1939 5598 introducis

354 5625 661 5688 Dominum,
691 5641 809 5680 cum
830 5632 1014 5695 aperte
1034 5624 1177 5680 dicat
1200 5624 1505 5696 Scriptura:
1535 5627 1784 5685 Dominus
1804 5627 1941 5684 Deus

356 5728 472 5772 tuus
505 5717 754 5772 Dominus
779 5733 908 5773 unus
942 5727 1052 5786 est,
1078 5728 1124 5772 et
1151 5734 1265 5773 eum
1291 5719 1458 5775 solum
1482 5720 1615 5775 coles
1634 5760 1656 5788 ,
1684 5732 1730 5776 et
1752 5725 1944 5788 prwter

354 5812 521 5885 ipsum
548 5827 648 5867 non
677 5819 748 5866 est
775 5810 913 5868 Deus
953 5809 972 5884 (
1001 5809 1149 5868 Deut.
1181 5811 1233 5871 6.
1266 5812 1316 5871 4.
1350 5812 1432 5869 15.
1459 5822 1567 5869 etc.
1601 5813 1652 5870 4.
1685 5828 1730 5870 υ.
1757 5814 1825 5870 53
1857 5810 1877 5885 )
1911 5814 1934 5868 ?

1466 366 1825 427 EXPOSITIO
1865 362 1928 418 lN
1969 361 2290 418 PSALMUM
2331 366 2466 422 CIX.

3518 369 3622 426 266

2035 481 2131 539 Cui
2161 485 2356 555 itaque,
2381 485 2485 550 die,
2514 502 2713 556 quaeso,
2741 486 2840 542 hoc
2862 488 3058 542 dictqu
3083 497 3165 544 cst
3191 486 3214 542 Υ
3241 485 3550 544 Ιιιιιιιοιιιοτὶ
3569 497 3629 542 οι.

2035 577 2241 645 ingrato
2271 587 2360 630 tuo
2385 578 2564 631 animo
2595 577 2710 632 lucc
2739 579 2974 634 maxime
2999 579 3138 634 dicta
3167 589 3330 652 sunt,
3357 595 3389 633 o
3411 577 3616 635 ludam.

2031 665 2140 720 Cur
2184 668 2326 721 enim
2357 668 2589 722 Abraha:
2631 669 2759 722 nihil
2809 670 3071 739 ejusmodi
3111 670 3311 725 dictum
3358 681 3437 724 est
3468 711 3484 736 ,
3515 686 3618 722 nou

2034 755 2214 822 Isaac,
2247 774 2352 812 non
2383 757 2569 822 Jacob,
2601 775 2703 812 non
2727 759 2853 813 Mosi
2876 778 2890 824 ς
2915 760 3007 814 sed
3038 760 3130 814 tibi
3155 760 3252 813 soli
3285 801 3298 821 ,
3334 769 3615 829 postquam

2032 864 2097 903 ex
2131 849 2363 920 .Egypto
2392 865 2640 919 egressus
2667 851 2962 905 conﬂavisti
2993 851 3216 906 vitulum
3239 851 3436 921 (Exod.
3475 849 3569 915 3:2)
3599 848 3624 904 τ
3679 924 3681 926 η

2034 956 2264 1016 quanam
2292 957 2418 1012 ergo
2445 941 2515 997 de
2538 942 2737 997 causa?
2758 941 2846 996 dic
2867 943 3024 998 mihi.

2111 1030 2255 1086 Unus
2284 1049 2374 1086 cur
2397 1032 2598 1085 dicatur
2625 1031 2782 1086 Deus.
2812 1061 2882 1074 —-
2910 1033 3061 1100 Quod
3087 1034 3134 1090 si
3164 1035 3276 1103 ipse
3301 1034 3516 1091 itaisitas
3545 1076 3560 1100 ,
3592 1051 3621 1088 a

2037 1137 2124 1176 me
2151 1136 2369 1176 causam
2395 1122 2594 1176 edisce.
2636 1122 2896 1188 Quoniam
2937 1123 3080 1177 enim
3123 1139 3371 1194 egressus
3397 1125 3617 1180 vitulum

2037 1210 2385 1276 conﬂaveras,
2409 1221 2462 1265 et
2487 1212 2816 1282 Beelphegor
2845 1213 3022 1269 fueras
3043 1215 3278 1270 initiatus
3300 1214 3486 1286 (Nam.
3503 1216 3618 1286 25),

2036 1313 2090 1357 et
2119 1303 2338 1357 deorum
2386 1304 2592 1359 turbam
2635 1303 3004 1373 admirabaris,
3030 1305 3284 1361 nefariam
3325 1307 3467 1362 illam
3491 1307 3619 1363 deo-

2035 1411 2152 1458 rum
2197 1396 2587 1450 multitudinem
2640 1397 2897 1454 inducens
2945 1415 2959 1452 z
3004 1399 3247 1454 morbum
3277 1407 3420 1454 tuum
3448 1401 3619 1470 repri-

2035 1502 2190 1542 mens
2217 1529 2231 1552 ,
2263 1487 2328 1542 ad
2360 1487 2490 1542 deos
2531 1488 2620 1558 qui
2658 1504 2764 1543 non
2804 1498 2929 1544 sunt
2965 1489 3370 1562 distinguendos
3399 1532 3414 1554 .
3445 1493 3622 1563 posuit

2035 1579 2183 1646 illud,
2215 1577 2378 1648 Unus,
2397 1597 2500 1635 non
2516 1590 2571 1635 ut
2591 1582 2801 1637 tolleret
2829 1582 3187 1654 Unigcnitum.
3213 1585 3449 1654 Quanam
3476 1586 3620 1640 enim

2034 1668 2102 1724 de
2137 1684 2294 1724 causa
2336 1671 2514 1725 statim
2554 1671 2605 1725 in
2653 1673 2926 1741 procemiis
2959 1674 3158 1728 dictum
3192 1683 3275 1730 est
3301 1693 3316 1730 :
3345 1676 3620 1733 Faciamus

2032 1758 2284 1814 hominem
2315 1763 2384 1814 ad
2410 1761 2679 1832 imaginem
2700 1771 2746 1816 et
2766 1763 3150 1820 similitudinem
3176 1776 3402 1820 nostram
3431 1766 3452 1838 (
3480 1765 3612 1822 Gen.”

2035 1852 2087 1922 1.
2117 1853 2255 1922 26)?
2281 1853 2344 1908 Et
2365 1870 2550 1908 rursus
2580 1871 2593 1907 :
2635 1853 2824 1921 Venite,
2844 1855 3224 1926 descendamus,
3251 1869 3301 1914 et
3327 1861 3616 1932 confunda-

2033 1960 2143 1998 mus
2165 1945 2368 2016 linguas
2397 1963 2572 2000 eorum
2618 1945 2638 2018 (
2668 1945 2796 2004 Gen.
2832 1950 2918 2004 11.
2947 1951 2979 2004 7
3011 1950 3029 2020 )
3098 1951 3166 2006 Et
3195 1969 3377 2008 rursus
3411 1954 3573 2010 David
3600 1973 3616 2010 :

2034 2034 2317 2106 Propterea
2357 2039 2500 2092 unxit
2530 2048 2578 2092 te
2601 2037 2740 2094 Deus
2768 2083 2784 2108 ,
2819 2039 2956 2096 Deus
2991 2051 3108 2097 tuus
3143 2045 3252 2098 oleo
3296 2045 3485 2100 latitia:
3513 2065 3620 2116 pra:

2033 2128 2346 2182 consortibus
2374 2130 2472 2184 tuis
2504 2128 2677 2199 (Psal.
2705 2132 2794 2187 44.
2823 2129 2902 2203 8).
2935 2133 2992 2189 Si
3028 2144 3206 2190 autem
3237 2135 3412 2194 Moses
3437 2137 3568 2194 dicit
3599 2157 3615 2192 :

2033 2218 2289 2275 Dominus
2331 2219 2470 2276 Deus
2511 2231 2626 2277 tuus
2667 2221 2920 2279 Dominus
2960 2243 3091 2281 unus
3134 2238 3249 2282 est:
3279 2228 3620 2286 imbecillitas

2033 2318 2207 2364 vestra
2237 2309 2332 2365 fuit
2357 2310 2410 2365 in
2437 2326 2615 2367 causa.
2646 2313 2713 2367 Et
2739 2314 2864 2384 quid
2892 2314 3084 2370 mirum
3114 2317 3158 2372 si
3196 2317 3298 2374 hoc
3318 2320 3371 2374 in
3399 2319 3621 2390 dogma-

2035 2401 2174 2456 tibus
2203 2403 2396 2456 lactum
2419 2413 2522 2468 est,
2553 2404 2767 2474 quando
2788 2405 2947 2462 etiam
2977 2407 3028 2462 in
3051 2407 3210 2464 rebus
3232 2425 3262 2465 a
3285 2409 3617 2480 perfectiori-

2032 2493 2133 2550 bus
2169 2495 2235 2548 ad
2265 2495 2440 2550 minus
2480 2498 2710 2566 perlecta
2751 2498 2968 2554 deduxit
3014 2500 3152 2556 Deus
3189 2503 3484 2559 orationem
3515 2547 3532 2572 ,
3559 2521 3620 2560 se

2033 2583 2323 2648 demittens
2369 2587 2438 2641 ad
2480 2598 2715 2643 nostram
2755 2589 3221 2648 imbecillitatem?
3264 2593 3522 2662 Quocirca
3564 2607 3622 2652 et

2036 2693 2255 2732 uxorem
2285 2678 2422 2733 hanc
2447 2681 2663 2748 quidem
2691 2682 2904 2751 ejicere,
2937 2685 3081 2739 illam
3112 2701 3238 2740 vero
3261 2687 3503 2756 permisit
3531 2689 3615 2742 iu-

2036 2769 2362 2850 troducerep,
2407 2785 2530 2825 cum
2573 2786 2676 2825 non
2727 2774 2863 2828 hanc
2905 2773 3075 2844 legem
3118 2775 3322 2832 tulisset
3359 2776 3428 2832 ab
3469 2777 3620 2834 initio

2036 2860 2213 2930 (Deut.
2237 2861 2352 2931 24).
2383 2862 2631 2918 Ciborum
2655 2880 2866 2935 quoque
2886 2881 3132 2936 magnum
3161 2866 3287 2922 fecit
3311 2867 3616 2934 discrimen,

2035 2953 2160 3008 licet
2199 2955 2522 3009 contrarium
2559 2957 2783 3012 dixisset
2818 2959 2886 3013 ab
2923 2958 3075 3013 initio
3105 2977 3118 3014 :
3158 2959 3441 3031 Tamquam
3479 2963 3621 3018 olera

2032 3047 2147 3118 agri
2165 3047 2279 3101 dedi
2299 3048 2437 3102 vobis
2465 3048 2635 3102 omnia
2671 3048 2691 3121 (
2721 3046 2902 3108 Cenes.
2944 3050 2998 3106 9.
3021 3051 3056 3105 3
3082 3049 3122 3121 ).
3171 3052 3244 3108 De
3269 3053 3390 3108 loco
3409 3070 3624 3125 quoque

2034 3137 2232 3193 multas
2253 3137 2398 3208 leges
2426 3140 2622 3204 sanxit,
2651 3155 2754 3195 non
2781 3141 3098 3212 permittens
3119 3141 3316 3212 ubique
3339 3159 3524 3213 preces
3551 3146 3617 3200 ad

2033 3229 2198 3285 Deum
2229 3231 2520 3302 porrigere,
2542 3233 2784 3301 quamvis
2806 3248 2872 3288 ne
2901 3233 3003 3289 hoc
3018 3235 3236 3304 quidem
3258 3239 3640 3295 constituisset

2033 3321 2102 3376 ab
2129 3322 2293 3377 initio.
2319 3322 2454 3390 Quin
2481 3323 2640 3378 etiam
2672 3324 2722 3378 in
2751 3323 3034 3380 Persarum
3061 3326 3370 3399 regione(a)
3391 3329 3622 3384 Abrahm

2033 3411 2180 3466 visus
2207 3420 2324 3479 est,
2355 3422 2408 3467 et
2437 3413 2490 3468 in
2533 3413 2816 3469 Palaestina
2847 3455 2864 3484 ,
2905 3425 2962 3470 et
2998 3415 3229 3486 ubique;
3259 3425 3314 3474 et
3341 3417 3471 3474 Mosi
3500 3431 3621 3490 post

2033 3501 2148 3556 lucc
2178 3504 2230 3557 in
2252 3503 2558 3560 solitudine.

2101 3593 2156 3648 2.
2185 3594 2320 3663 Quid
2343 3596 2508 3666 ergo?
2535 3597 2762 3668 inquies,
2794 3609 3125 3672 repugnatne
3147 3601 3618 3676 sibiipsi-Scriptu-

2031 3702 2092 3758 ra
2123 3688 2148 3740 ?
2171 3688 2323 3743 Absit
2352 3706 2366 3744 :
2394 3689 2487 3744 sed
2529 3692 2705 3746 omnia
2755 3707 2854 3762 pro
2903 3703 3146 3766 tempore
3187 3696 3524 3752 administrat
3563 3708 3621 3754 et

2031 3778 2304 3848 dispensat
2335 3779 2401 3833 ad
2432 3780 2712 3836 utilitatem
2738 3823 2754 3847 ,
2805 3785 3220 3857 uniuscujusque
3258 3789 3620 3858 generationis

2032 3871 2446 3926 imbecillitatem
2473 3875 2768 3943 corrigens.
2812 3876 2878 3930 Et
2902 3876 3023 3931 ideo
3053 3878 3144 3932 tibi
3170 3879 3384 3948 quidem
3409 3881 3612 3936 dictum

2032 3970 2132 4026 est,
2169 3961 2416 4015 Dominus
2446 3961 2580 4014 Deus
2601 3971 2714 4016 tuus
2733 3963 2980 4020 Dominus
3005 3983 3136 4020 unus
3161 3980 3250 4022 est.
3270 3971 3422 4036 Quod
3439 3981 3618 4027 autem

2035 4051 2229 4105 habeat
2256 4051 2418 4106 etiam
2449 4050 2642 4104 Filium
2669 4091 2684 4117 ,
2717 4053 2990 4122 prOpheltB
3017 4055 3068 4109 in
3097 4057 3248 4113 libris
3272 4061 3386 4114 suis
3408 4063 3621 4130 puemi-

2036 4153 2249 4198 scrunt:
2277 4156 2447 4211 neque
2470 4138 2624 4196 valde
2653 4151 2837 4212 aperte
2863 4143 3112 4201 dixerunt
3140 4187 3155 4213 ,
3186 4163 3252 4203 nc
3283 4159 3424 4203 tuam
3445 4151 3619 4206 offen-

2037 4234 2225 4290 derent
2251 4234 2700 4301 imbecillitatem;
2730 4251 2828 4291 nec
2853 4238 3130 4302 celarunt,
3155 4250 3208 4296 ut
3232 4251 3352 4312 post
3383 4241 3496 4298 lucc
3519 4243 3618 4297 da-

2036 4334 2158 4381 rent
2196 4325 2286 4381 tibi
2331 4325 2507 4384 locum
2548 4328 2895 4398 resipiscendi
2922 4370 2937 4395 ,
2982 4341 3036 4386 et
3088 4347 3154 4388 ex
3207 4333 3433 4404 propriis
3470 4335 3623 4392 libris

2037 4417 2318 4488 colligendi
2349 4417 2597 4488 dogmata
2626 4421 2884 4476 veritatis.
2914 4421 2986 4476 Ita
3023 4423 3183 4478 etiam
3224 4425 3454 4482 maxime
3495 4442 3623 4498 pro-

2036 4507 2226 4578 phetas
2256 4509 2548 4578 poterimus
2571 4511 2858 4580 prophetas
2879 4527 2998 4568 esse
3023 4513 3330 4584 ostendere,
3354 4525 3487 4572 etut
3515 4517 3622 4574 ﬁde

2035 4598 2253 4670 dignum
2281 4600 2351 4654 sit
2371 4599 2536 4656 Vetus
2567 4601 2972 4659 Testamentum
2993 4603 3228 4671 efficere,
3261 4607 3475 4680 quando
3496 4625 3623 4666 cum

2034 4692 2282 4762 gentibus
2309 4691 2643 4748 disserimus.
2671 4693 2802 4748 Nam
2824 4695 2867 4749 si
2895 4695 2997 4750 hoc
3020 4697 3321 4766 sustuleris,
3349 4701 3620 4772 quomodo

2035 4797 2098 4837 os
2121 4783 2365 4854 gentibus
2394 4783 2680 4839 obstrues?
2723 4784 2861 4853 Quid
2901 4786 3043 4841 enim
3087 4787 3273 4845 dices?
3311 4792 3511 4848 exitum
3551 4809 3636 4849 es»

2036 4873 2266 4946 Egypto
2285 4915 2299 4941 ,
2335 4882 2389 4928 et
2412 4890 2530 4944 qua:
2557 4874 2623 4929 de
2651 4883 2702 4930 te
2725 4874 2978 4945 praedicta
3003 4881 3160 4936 sunt?
3185 4879 3290 4937 Sed
3305 4866 3378 4938 ὀδ
3399 4900 3507 4940 non
3529 4885 3621 4940 ille

2037 4965 2300 5020 admittet.
2329 4965 2384 5020 Si
2410 4975 2587 5020 autem
2616 4969 2922 5023 narraveris
2966 4987 3085 5039 qurc
3125 4972 3193 5028 de
3237 4973 3450 5030 Christo
3477 4975 3636 5030 dicta.

2038 5066 2164 5112 sunt
2189 5057 2243 5110 in
2277 5055 2488 5122 Veteri,
2520 5065 2575 5111 et
2597 5057 2900 5114 ostenderis
2923 5075 3102 5116 rerum
3131 5065 3408 5119 veritatem
3433 5065 3619 5118 testari

2040 5155 2290 5202 eventum
2318 5145 2615 5216 prophetizc
2647 5187 2663 5212 ,
2707 5162 2775 5202 ne
2803 5150 2996 5218 poterit
3030 5151 3242 5221 quidem
3269 5153 3542 5209 resistere.
3565 5152 3628 5208 Si

2040 5244 2219 5291 autem
2241 5246 2424 5290 nostra
2452 5236 2832 5307 reprehendas,
2861 5256 2894 5296 ο
2914 5238 3123 5306 Iudaee,
3150 5241 3421 5309 quomodo
3460 5240 3623 5298 Vetus

2041 5331 2445 5386 Testamentum
2483 5329 2776 5390 defendes?
2799 5331 2858 5388 Si
2882 5331 3008 5401 quis
3041 5330 3184 5384 enim
3231 5331 3326 5386 tibi
3368 5332 3562 5388 dixerit
3597 5354 3624 5393 ξ

2040 5419 2324 5492 Quomodo
2353 5430 2477 5478 sunt
2495 5437 2624 5477 vera
2653 5437 2771 5492 qua:
2791 5412 3202 5492 scripsitMoses
3226 5463 3242 5491 ,
3271 5423 3397 5494 quid
3426 5423 3573 5483 dices
3598 5427 3624 5484 τ

2035 5542 2070 5646 ζ
2106 5573 2181 5638 (a)
2211 5574 2462 5646 Familiare
2483 5575 2824 5646 Chrysostomg
2853 5572 3234 5646 est_Cpahiteam
3258 5580 3622 5646 etBabylonem

2033 5635 2296 5689 Persarum
2317 5638 2572 5700 regionem
2582 5635 2790 5700 'vocare.
2803 5635 2924 5700 inde
2940 5635 3120 5688 inferas
3133 5635 3283 5694 libros
3297 5643 3363 5694 de
3385 5635 3625 5698 Precatio-1

2037 5715 2123 5775 ne,
2147 5695 2503 5770 quossecﬁndo
2523 5704 2687 5756 Tomo,
2701 5695 2794 5746 col.
2809 5697 2906 5774 775.
2924 5703 3108 5772 etsqq.
3122 5703 3379 5778 edidimus,
3393 5695 3488 5756 non
3513 5695 3624 5760 ideo

2045 5771 2173 5812 mter
2197 5759 2345 5835 dubia
2368 5759 2724 5835 hicandaesse,
2741 5761 2957 5835 quodiis}
2981 5765 3370 5835 sepnachenbug
3391 5782 3480 5835 re;
3516 5779 3625 5819 ιιι-ιι.

2047 5837 2205 5875 sarum
2221 5823 2433 5882 dicatur;
2457 5822 2545 5877 sed
2563 5820 2671 5873 aliae
2693 5820 2895 5879 subsunt
2915 5825 2979 5880 dc
3002 5824 3100 5878 illis
3119 5826 3366 5882 dubitandi
3389 5831 3625 5892 rationes.

4087 4979 4089 5000 |

4087 5075 4089 5086 l

4087 5101 4089 5118 l

4087 5127 4089 5142 Ι

4087 5317 4089 5334 1
