4112 6208
479 252 580 317 im

476 366 610 447 Quia
640 379 722 433 eis
747 376 1098 433 credidimus.
1142 379 1307 435 Multo
1349 381 1518 450 magis
1558 395 1689 450 ergo
1717 389 1899 435 nostra
1944 396 2068 435 vera

1223 256 1277 321 5.
1315 266 1593 322 JO.\NNlS
1630 267 2100 323 CllRYSOS'l'OMl
2139 272 2453 331 AliClllEl’.
2495 278 3028 343 CONSTANTINOP.

3657 300 3762 361 268

2181 403 2319 479 unus
2343 429 2357 452 ,
2383 399 2467 446 est
2495 370 2733 459 ejusdem
2763 400 2909 469 regni
2939 400 3157 457 honoris
3182 406 3474 476 aequalitas.
3498 409 3765 479 Quocirca

400 492 408 501 ,
474 478 598 572 mult
632 485 647 524 :
704 484 827 572 nam
875 485 975 526 nos
1010 486 1224 543 quoque
1271 472 1597 572 credidimus
1634 488 1649 537 ;
1703 481 1759 527 et
1785 487 1894 572 nos
1948 474 2131 555 (ιιιί-ἓ
2176 476 2372 536 Paulus
2393 492 2602 554 quoque
2627 485 2865 544 dicebat:
2895 489 2996 558 Qui
3018 492 3142 562 facit
3169 472 3370 568 angelos
3385 472 3760 572 suosispin'tus,

475 562 597 618 dem
620 562 750 619 estis
773 576 877 617 una
898 576 1050 635 gens,
1079 578 1177 620 ncs
1202 572 1380 619 autem
1412 563 1690 618 universus
1717 561 1865 618 orbis
1894 572 2066 618 terra-

478 664 595 709 rum
629 696 645 719 ,
676 646 938 727 vobisque
978 671 1086 711 non
1133 656 1212 711 sic
1255 656 1517 725 persuasit
1560 654 1734 711 Μοεεε
1759 698 1775 722 ,
1819 660 1877 710 ιιι
1914 653 2068 710 nobis

472 743 720 800 Christus
748 761 762 798 :
792 760 857 801 ac
902 753 1077 800 vestra
1108 745 1319 815 quidem
1347 754 1665 810 cessarunt,
1706 755 1888 800 nostra
1935 758 2065 800 vero

473 842 637 890 stant.
680 834 764 890 An
803 850 868 890 ex
897 832 1376 907 przedictionibns?
1402 834 1508 891 Sed
1545 836 1729 906 plttres
1764 846 1889 891 sunt
1922 836 2064 906 apud

470 920 593 982 nos.
621 924 810 982 Nostra
830 942 959 998 ergo
984 926 1031 981 si
1054 926 1338 982 sustuleris
1360 966 1376 992 ,
1405 927 1509 981 tuis
1539 927 1782 982 umbram
1808 927 2061 983 offundis.

475 1010 558 1075 An
585 1034 654 1074 ex
683 1019 849 1089 signis
871 1018 896 1071 ?
915 1018 1020 1074 Sed
1042 1026 1138 1074 νος
1164 1018 1377 1089 quidem
1408 1019 1567 1074 Musis
1614 1021 1814 1075 nullum
1844 1022 2064 1091 potestis

470 1110 683 1179 signum
712 1108 1030 1164 ostendere:
1063 1108 1161 1163 fuit
1181 1110 1322 1163 enim
1346 1151 1360 1171 ,
1388 1114 1443 1164 et
1475 1111 1721 1177 transiit;
1755 1127 1853 1167 nos
1881 1123 2059 1167 autem

472 1197 673 1254 Christi
707 1200 872 1255 multa
911 1209 964 1255 et
1001 1200 1213 1254 diversa
1255 1216 1373 1271 qua:
1408 1200 1586 1256 adhuc
1612 1217 1753 1256 nunc
1795 1205 1928 1257 iiunt
1952 1243 1967 1270 ,
1999 1212 2061 1258 ac

466 1289 839 1359 praedictiones
868 1291 949 1346 vrl
992 1292 1108 1347 sole
1144 1292 1422 1347 clariores.
1456 1293 1536 1347 An
1564 1308 1628 1346 ex
1658 1293 1913 1364 legibus?
1952 1294 2058 1350 Sed

466 1390 665 1437 nostra:
684 1381 803 1451 plus
833 1381 886 1435 in
912 1396 970 1436 se
991 1382 1267 1436 continent
1287 1383 1578 1446 sapientize.
1603 1378 1709 1438 Sed
1737 1383 1861 1452 quid
1887 1383 1912 1437 ?
1941 1399 2060 1454 pro-

472 1467 1079 1541 hibentibueruyptiis
1110 1475 1313 1542 egressi
1357 1474 1486 1528 estis
1510 1472 1536 1525 ?
1564 1473 1667 1528 Sed
1695 1489 1800 1528 non
1833 1474 2052 1544 perinde

466 1567 554 1614 est
580 1559 768 1615 orbem
798 1570 1062 1616 terrarum
1094 1560 1381 1616 bellantem
1408 1578 1712 1633 superasse,
1729 1574 1890 1634 atque
1913 1565 2058 1620 solos

464 1649 748 1721 Egyptios
785 1651 1002 1706 vicisse.
1053 1651 1122 1705 Et
1169 1651 1284 1713 inec
1328 1653 1450 1709 dico
1475 1696 1491 1718 ,
1526 1654 1631 1709 non
1658 1652 1900 1711 utVetus
1926 1665 2048 1712 eum

468 1740 621 1795 Novo
660 1741 1027 1797 committam:
1050 1741 1225 1798 absit:
1258 1742 1355 1799 sed
1392 1744 1719 1815 ingratorum
1746 1738 2052 1803 Judmorum

463 1830 651 1888 uolens
674 1846 737 1888 os
753 1832 1055 1888 obstruere.
1076 1832 1209 1888 Nam
1229 1843 1285 1889 et
1313 1836 1427 1891 haec
1446 1845 1501 1891 et
1530 1836 1615 1892 illa
1638 1837 1705 1892 ab
1724 1837 1917 1893 eodem
1944 1839 2054 1894 Deo

462 1923 584 1979 data
613 1932 668 1978 et
690 1922 832 1979 facta
850 1928 1005 1980 sunt.
1032 1923 1139 1980 Sed
1160 1925 1292 1980 illud
1318 1926 1441 1981 volo
1468 1928 1727 1997 probare,
1758 1927 2006 1984 .lttdmum
2032 1971 2048 1997 ,

461 2014 688 2070 sublatis
727 2008 799 2071 de
843 2007 1058 2070 Christo
1096 2014 1389 2086 propbetiis
1416 2057 1432 2084 ,
1479 2025 1728 2074 eVertere
1768 2019 2055 2075 maximam

466 2116 671 2175 partem
727 2105 1125 2177 prophetiarum
1150 2149 1166 2173 ,
1199 2123 1299 2164 nec
1339 2121 1500 2179 posse
1547 2116 1732 2180 aperte
1771 2112 2055 2169 ostendere

460 2196 794 2253 nobilitatem
812 2196 1029 2254 Veteris
1046 2240 1063 2266 ,
1087 2199 1193 2254 nisi
1222 2198 1426 2255 Novum
1459 2200 1758 2258 admiserit.
1776 2202 1929 2271 Quod
1954 2218 2054 2259 au-

465 2298 573 2344 tem
601 2288 717 2344 haec
742 2304 850 2345 non
868 2287 937 2346 de
958 2289 1177 2346 homine
1201 2291 1343 2349 dicta
1375 2292 1507 2359 sint,
1530 2301 1586 2348 et
1610 2308 1677 2350 ex
1705 2309 1773 2350 eo
1802 2295 1944 2366 quod
1974 2297 2056 2352 di-

461 2386 634 2446 catur,
662 2372 799 2436 Sede
824 2396 861 2434 α
885 2381 1078 2437 dextris
1095 2383 1220 2439 meis
1238 2424 1254 2450 ,
1276 2394 1332 2440 et
1353 2384 1496 2454 quod
1527 2384 1834 2442 nominetur
1859 2387 2046 2445 Domi-

462 2485 567 2525 nus
591 2482 745 2542 aque
772 2484 836 2527 ac
857 2470 1115 2528 Dominus
1142 2472 1234 2529 ille
1252 2474 1342 2543 qui
1367 2473 1531 2542 dicit,
1553 2483 1608 2530 et
1636 2475 1777 2546 quod
1800 2491 1866 2532 ex
1893 2487 2046 2534 utero

458 2570 587 2617 ante
609 2546 888 2617 luciferum
905 2563 976 2617 sit
991 2565 1229 2633 genitus,
1260 2572 1317 2619 et
1344 2579 1411 2619 ex
1435 2578 1503 2620 eo
1523 2565 1666 2635 quod
1689 2566 1759 2621 sit
1788 2567 2040 2625 sacerdos

394 2702 401 2711 .
459 2651 752 2733 Secundum
802 2648 1047 2731 ordinem
1102 2653 1458 2711 Melchisedec
1481 2696 1497 2721 ,
1526 2663 1584 2711 et
1622 2670 1688 2712 ex
1719 2672 1787 2713 eo
1808 2658 1950 2728 quod
1971 2658 2055 2714 di-

459 2738 638 2811 citur,
665 2736 857 2799 Tecum
893 2744 1204 2815 principium
1241 2755 1414 2815 tuum,
1454 2746 1521 2802 iis
1559 2747 1649 2818 qui
1700 2748 1912 2819 sapiunt
1942 2749 2053 2805 cla-

460 2851 578 2892 rum
600 2845 703 2892 est.

528 2927 785 2984 Adam
813 2928 1044 2985 Paulum
1084 2920 1476 2999 Sapwsatenum
1513 2941 1562 2987 et
1586 2936 1765 2988 contra
1803 2923 2044 2989 Arianos'.

464 3028 540 3062 -‘-
568 3018 724 3088 Quod
748 3021 795 3077 si
816 3020 954 3078 alius
972 3021 1128 3077 nobis
1150 3024 1338 3077 rursus
1355 3033 1594 3095 emergat
1619 3021 1858 3092 Judteus,
1894 3023 2051 3081 Chri-

461 3111 622 3168 stiani
644 3125 930 3183 personam
953 3111 1273 3182 suscipiens,
1305 3111 1507 3169 Paulus
1531 3153 1547 3181 ,
1579 3113 1794 3185 inquam
1811 3157 1827 3184 ,
1851 3115 2047 3173 Samo-

457 3211 676 3260 satenus
693 3243 713 3271 ,
744 3204 925 3274 potest
949 3201 1167 3274 quidem
1205 3203 1368 3259 etiam
1406 3203 1668 3261 adversus
1692 3221 1820 3263 eum
1846 3207 1954 3264 dici
1978 3222 2045 3264 ex

455 3292 625 3350 Noso.
648 3292 759 3350 Sed
783 3308 853 3351 ne
864 3292 1144 3350 videamur
1172 3293 1374 3350 relictis
1400 3296 1757 3365 praesentibus
1783 3297 1852 3353 ad
1875 3298 2039 3355 aliam

460 3385 597 3443 aciei
625 3393 831 3458 partem
860 3385 1127 3452 transire,
1169 3399 1294 3440 eum
1325 3386 1448 3443 hinc
1471 3400 1687 3459 quoque
1706 3389 2043 3459 impetamus.

456 3474 596 3544 Quid
636 3478 684 3532 is
712 3489 841 3547 ergo
865 3473 994 3533 dicit
1020 3476 1046 3529 τ
1091 3475 1262 3532 Homo
1285 3485 1399 3544 est,
1426 3477 1628 3548 inquit,
1660 3479 1999 3536 solummodo
2030 3481 2077 3538 :'

455 3576 513 3627 et
534 3582 605 3626 ex
630 3583 738 3641 quo
758 3582 828 3625 es
852 3567 1017 3624 Maria
1045 3577 1201 3624 natus
1227 3577 1332 3636 est,
1361 3583 1429 3625 ex
1457 3568 1549 3625 illo
1574 3579 1817 3641 tempore
1845 3579 2047 3629 tantum

457 3661 694 3720 exsistit.
707 3656 847 3730 Quid
874 3675 1026 3732 ergo,
1042 3660 1151 3730 die,
1180 3674 1385 3732 quaeso,
1405 3660 1554 3718 dices
1573 3661 1642 3716 ad
1670 3661 1802 3718 illud
1824 3662 2043 3731 dictum,

455 3752 597 3826 quod
627 3751 817 3811 habet:
844 3753 932 3808 Ea:
955 3757 1098 3809 utero
1123 3762 1243 3808 ante
1267 3751 1538 3823 luciferum
1565 3754 1717 3825 genui
1741 3764 1790 3809 te
1808 3755 1836 3809 .9
1880 3753 2049 3826 Opor-

455 3846 536 3901 tet
559 3851 739 3900 mitem
762 3843 887 3911 alia,
918 3858 1039 3916 qua:
1062 3852 1248 3899 contra
1272 3842 1493 3900 Judaeos
1514 3843 1657 3900 dicta
1687 3853 1846 3913 sunt,
1882 3848 2044 3903 etiam

455 3945 642 3997 contra
667 3951 764 3994 eos
787 3935 990 4001 dicere,
1017 3937 1105 4008 qui
1129 3936 1200 3991 ab
1225 3950 1293 3992 eo
1312 3944 1709 4007 processerunt.
1740 3937 1851 3994 Nec
1878 3953 1975 3995 nos
1991 3939 2045 3995 in

453 4036 615 4086 eausa
638 4041 843 4096 sumus,
871 4025 966 4083 sed
993 4026 1048 4082 bi
1075 4027 1174 4098 ipsi
1198 4027 1289 4098 qui
1315 4025 1515 4083 habent
1540 4032 1663 4083 cuni
1689 4029 1769 4084 eis
1797 4044 2042 4100 magnam

454 4117 763 4190 dogmatum
808 4116 1179 4189 cognationem
1209 4134 1225 4171 :
1255 4115 1398 4172 unde
1440 4117 1603 4172 etiam
1650 4117 1852 4174 eisdem
1882 4121 2047 4176 armis

452 4209 507 4264 in
525 4222 622 4265 eos
651 4217 882 4265 utemur.
899 4206 1009 4264 Eos
1030 4208 1196 4276 enim,
1217 4208 1309 4279 qui
1334 4207 1579 4263 similiter
1604 4208 1800 4264 bellum
1826 4221 2042 4281 gerunt,

453 4310 667 4374 Oportet
687 4301 891 4359 eisdem
913 4302 1107 4373 iaculis
1129 4292 1436 4358 confodere.
1459 4301 1597 4370 Quid
1623 4303 1782 4370 igitur
1807 4304 1910 4358 sibi
1936 4305 2045 4359 vult

453 4395 632 4451 throni
658 4394 931 4451 societas?
959 4390 1058 4449 llic
1081 4392 1225 4449 enim
1254 4392 1553 4449 ostenditur
1580 4392 1798 4450 honoris
1824 4396 2045 4465 mquali-

452 4496 576 4552 tas,
621 4485 766 4557 quod
814 4485 948 4541 satis
984 4494 1069 4541 est
1107 4484 1173 4540 ad
1202 4484 1582 4541 obstruendum
1609 4489 1672 4540 iis
1701 4488 2037 4544 Arianorum:

452 4566 523 4633 Et
557 4576 680 4633 ideo
719 4576 964 4633 Christus
1004 4584 1188 4630 contra
1229 4572 1447 4633 Iudaeos
1486 4576 1725 4632 diocntes
1763 4578 2035 4634 Christum

451 4674 579 4725 esse
608 4669 773 4725 ﬁlium
812 4669 975 4725 David
1004 4668 1313 4739 subiunxit:
1345 4669 1611 4737 Quomodo
1638 4686 1756 4742 ergo
1799 4672 1965 4726 Dauid
1988 4675 2043 4728 in

452 4742 658 4829 Spiritu
691 4769 837 4813 amt
878 4776 992 4815 eum
1030 4758 1303 4814 Dominum
1329 4801 1345 4826 ,
1377 4760 1584 4816 dicens:
1608 4761 1751 4816 Dixit
1792 4761 2042 4819 Dominus

455 4851 678 4907 Domino
700 4834 833 4918 meo,
864 4851 1043 4908 Sedea
1058 4852 1247 4907 dextris
1271 4854 1395 4908 meis
1424 4853 1636 4925 (ΜαιιΙι.
1665 4855 1754 4909 se.
1784 4857 1872 4911 ιδ.
1905 4857 2042 4925 si)?

452 4929 653 5000 ltsulus
677 4953 854 4998 autem
869 4943 938 4998 de
959 4945 1254 4999 (economia
1285 4954 1466 5014 postea
1493 4955 1723 5001 tractans
1742 4942 1926 5020 (Hebr.
1956 4948 2037 5019 7),

451 5034 509 5093 et
534 5050 654 5093 eam
682 5036 920 5106 apertius
949 5037 1302 5105 interpretans
1334 5078 1350 5103 ,
1381 5046 1436 5092 et
1474 5036 1725 5094 Marcioni
1768 5050 1823 5095 et
1870 5041 2039 5096 Mani-

450 5124 626 5199 Elimo,
656 5132 713 5186 et
735 5129 800 5185 iis
821 5130 1070 5185 omnibus
1089 5128 1176 5198 qui
1204 5128 1363 5182 simili
1386 5129 1577 5184 morbo
1599 5131 1859 5195 laborant,
1882 5132 2039 5190 letale

451 5222 644 5278 minus
671 5219 862 5293 inﬂigit
884 5239 897 5276 :
921 5219 1305 5289 interpretatur
1325 5219 1468 5275 enim
1484 5235 1607 5276 cum
1628 5238 1691 5277 ea
1715 5238 1817 5295 qua
1840 5239 1934 5294 par
1955 5237 2039 5280 est

453 5312 754 5384 prudentia,
781 5311 1051 5384 quemodo
1075 5310 1171 5366 fuit
1191 5310 1442 5366 sacerdos
1469 5312 1763 5369 secundum
1792 5315 2035 5372 ordinem

461 5406 842 5464 Melchisedec.
882 5402 991 5458 Nos
1028 5411 1207 5458 autem
1260 5417 1447 5457 rursus
1481 5401 1549 5458 ad
1590 5405 1920 5474 propositum
1951 5423 2038 5463 re-

453 5502 738 5548 vertamur.
764 5490 906 5548 Dixit
930 5491 1183 5549 Dominus
1203 5491 1422 5549 Domino
1447 5510 1557 5549 meo
1576 5535 1591 5558 ,
1621 5495 1757 5551 Sede
1783 5514 1816 5551 a
1845 5498 2037 5555 dextris

455 5583 598 5636 meis.
648 5582 833 5639 VidiSti
883 5584 1240 5654 arqualitatem
1291 5584 1565 5641 honoris?
1606 5585 1706 5642 Ubi
1756 5588 1898 5643 enim
1955 5601 2038 5645 est

457 5675 722 5743 thronus,
750 5673 860 5732 illic
904 5683 983 5733 est
1005 5674 1228 5749 signum
1254 5675 1443 5748 regni:
1478 5676 1562 5731 ubi
1609 5688 1785 5733 autem
1815 5680 2033 5739 thronus

2173 577 2221 655 et
2248 570 2502 627 ministros
2543 591 2660 630 suos
2698 579 2960 646 ﬂammam
2997 584 3145 655 ignis.
3182 587 3264 640 Ad
3314 587 3505 645 Filium
3551 570 3721 648 autem
3743 612 3765 650 :

2174 642 2407 757 iurantis
2435 671 2571 757 tuus,
2601 642 2753 734 Deus,
2778 672 2832 725 in
2845 642 3277 731 swcutuntswculi
3299 642 3759 757 (Ηεὺνῖιῖῖὧί

2173 749 2248 806 ita
2276 753 2435 809 etiam
2468 755 2652 814 Daniel
2695 759 2840 816 videt
2882 764 3183 821 universam
3211 768 3424 838 quidem
3451 749 3761 830 creaturan’i

2170 846 2544 915 assistentem,
2601 860 2658 907 et
2724 854 2945 924 angelos
3006 862 3061 912 et
3120 852 3504 932 archangelos,
3557 854 3759 922 Filium

2169 948 2344 992 autem
2369 940 2599 997 hominis
2615 944 2913 1000 venientem
2937 948 2987 1002 in
3009 949 3259 1019 nubibus,
3278 961 3332 1007 et
3355 958 3757 1022 pervenientem

2170 1044 2335 1097 usque
2355 1030 2420 1083 ad
2447 1034 2717 1102 antiquum
2736 1036 2941 1115 dierum
2972 1039 3130 1108 (Dan.
3161 1042 3236 1111 7).
3257 1042 3409 1109 Quod
3439 1047 3483 1100 si
3512 1050 3755 1106 nonnulli

2167 1121 2505 1179 oﬂ'endantnr
2532 1143 2594 1181 ex
2627 1143 2692 1182 eo
2713 1132 2853 1200 quod
2873 1133 2951 1188 sic
2979 1133 3237 1200 dicamus,
3262 1137 3482 1194 audiant
3509 1156 3630 1196 eum
3661 1156 3753 1198 s‘e-‘

2165 1210 2294 1271 dere
2328 1227 2359 1270 :t
2385 1216 2590 1275 dextris
2613 1264 2627 1287 ,
2656 1232 2710 1276 et
2736 1221 2984 1279 desinant
3026 1217 3246 1282 oil‘eudi.
3291 1229 3753 1296 Quemadmodum

2166 1307 2307 1361 enim
2336 1323 2433 1365 nos
2459 1326 2564 1365 non
2595 1312 2823 1370 dicimus
2851 1332 2973 1370 eum
3014 1332 3134 1373 esse
3169 1318 3325 1375 Patre
3351 1323 3608 1391 majorem
3638 1366 3654 1391 ,
3683 1331 3751 1379 eo‘

2164 1398 2306 1470 quod
2334 1415 2364 1455 a
2390 1401 2592 1457 dextris
2612 1405 2829 1473 sedeat,
2856 1423 2975 1477 qua:
3015 1410 3244 1466 maxime
3270 1410 3561 1469 honorifica
3590 1415 3750 1472 sedes

2164 1502 2280 1548 est:
2303 1495 2372 1549 ita
2404 1510 2503 1550 nec
2530 1505 2586 1552 tu
2622 1513 2744 1553 eum
2784 1498 3044 1556 minorem
3074 1512 3129 1556 et
3157 1502 3461 1559 inferiorem
3503 1505 3747 1574 dixeris,-

2163 1585 2259 1641 sed
2286 1585 2488 1643 honOre
2522 1602 2701 1661 parem
2724 1601 2779 1646 et
2804 1592 3082 1663 aequalem.
3109 1594 3165 1650 id
3186 1595 3327 1650 enim
3358 1597 3623 1669 signiﬁcat
3648 1614 3744 1655 so-

2162 1678 2327 1735 cietas
2352 1678 2627 1737 Sessionis.
2660 1672 2835 1738 Donec
2861 1701 3047 1755 ponam
3074 1674 3304 1743 inimicos
3328 1697 3443 1742 tuos
3470 1690 3750 1744 scabellum

2163 1771 2347 1840 pedum
2371 1782 2590 1828 tuorum.
2614 1773 2685 1830 Et
2709 1777 2924 1847 quinam
2944 1784 3070 1832 sunt
3094 1777 3292 1834 inimici
3314 1774 3339 1831 'i
3358 1778 3494 1834 Audi
3524 1779 3749 1836 Paulum

2160 1863 2461 1920 dicentem:
2494 1863 2745 1921 Primitiaz
2770 1864 3000 1923 Christus
3024 1884 3044 1922 :
3071 1868 3253 1923 deinde
3289 1871 3375 1940 qui
3417 1870 3605 1925 Christi
3628 1868 3748 1927 sani

2160 1956 2214 2011 in
2239 1958 2454 2012 adventu
2473 1959 2603 2033 ejus,
2621 1957 2803 2013 deinde
2828 1959 2967 2029 ﬁnis.
2984 1957 3195 2032 Oportet
3222 1961 3355 2016 enim
3381 1978 3493 2016 eum
3511 1979 3744 2034 regnare,

2161 2057 2424 2118 quausQue
2447 2048 2671 2118 posuerit
2695 2060 2866 2105 omnes
2888 2050 3118 2106 inimicos
3138 2068 3256 2106 suos
3279 2052 3373 2107 sub
3408 2053 3616 2124 pedibus
3642 2057 3751 2110 suis

2166 2137 2243 2210 (ι.
2271 2138 2389 2195 Cor.
2414 2139 2497 2195 is.
2525 2139 2745 2211 23-25).

2229 2231 2282 2285 ‘5.
2336 2229 2526 2286 Vidisti
2553 2230 2980 2302 propheticorum
3011 2242 3066 2288 et
3090 2228 3502 2303 apostolicorum
3539 2238 3736 2293 verbo-

2160 2337 2278 2379 rum
2302 2335 2620 2379 concentum
2649 2335 2703 2380 et
2721 2325 3063 2381 concordiam
3083 2324 3108 2379 ?
3132 2325 3245 2382 Illic
3263 2328 3406 2383 enim
3432 2328 3561 2385 dicit
3589 2351 3602 2385 :
3628 2329 3745 2384 Do-

2158 2431 2248 2470 nec
2271 2430 2458 2487 ponam
2477 2414 2708 2471 inimicos
2732 2425 2844 2470 tuos
2881 2415 3154 2471 scabetlum
3181 2419 3362 2486 pedum
3391 2428 3628 2485 tuorum;
3660 2420 3753 2476 hic’

2158 2521 2322 2562 vero:
2354 2506 2626 2578 Quousque
2653 2507 2875 2576 posuerit
2901 2520 3074 2562 omnes
3097 2508 3330 2563 inimicos
3351 2519 3483 2565 tuos.
3508 2508 3615 2565 Sed
3644 2526 3745 2566 ne-

2156 2612 2260 2669 que
2301 2597 2409 2653 illic
2451 2597 2579 2653 illud
2623 2596 2814 2666 Donec,
2857 2598 3145 2675 neque‘hic
3173 2600 3278 2656 hoc
3303 2600 3592 2672 Quousque,
3617 2600 3745 2660 sunt

2158 2689 2369 2745 termini
2395 2698 2711 2762 temporum.
2741 2688 3018 2759 Quomodo
3044 2690 3188 2748 enim
3225 2693 3431 2748 steterit
3455 2692 3582 2749 illud
3612 2708 3742 2764 pro-

2156 2783 2425 2854 pheticum
2452 2782 2595 2853 quod
2619 2783 2779 2840 dicit:
2799 2782 3038 2839 Potestas
3063 2784 3194 2856 ejus,
3218 2794 3439 2855 potestas
3460 2796 3671 2852 interna,
3693 2794 3746 2841 et

2154 2876 2364 2947 regnum
2408 2875 2539 2947 ejus,
2580 2891 2789 2947 regnum
2829 2874 2966 2946 quod
3001 2890 3103 2930 non
3141 2876 3337 2947 peribit,
3367 2889 3414 2930 et
3454 2877 3598 2949 regni
3633 2878 3744 2947 ejus

2159 2983 2262 3020 non
2289 2966 2382 3020 erit
2421 2966 2541 3036 ﬁnis
2571 2964 2744 3039 (Dan.
2769 2967 2824 3021 Ἰ.
2857 2967 2919 3021 11
2946 2983 2961 3034 ;
2988 2964 3117 3021 Luc.
3147 2968 3201 3025 l.
3228 2968 3338 3040 54)
3364 2986 3378 3023 :
3404 2969 3449 3023 si
3474 2969 3539 3023 ad
3567 2984 3632 3025 ea
3655 2986 3743 3024 us-

2154 3074 2259 3129 que
2299 3066 2538 3129 tempora
2564 3058 2635 3113 sit
2671 3059 3026 3130 regnaturus?
3059 3058 3217 3115 Vides
3246 3074 3355 3115 nou
3378 3074 3500 3117 esse
3541 3061 3743 3116 solum-

2158 3149 2319 3205 modo
2353 3148 2703 3206 attendendas
2740 3150 3025 3220 dictiones,
3055 3150 3149 3206 sed
3187 3166 3308 3208 esse
3346 3150 3744 3208 ascendendum

2158 3240 2226 3295 ad
2266 3235 2719 3313 intelligentiam?
2758 3230 2839 3297 Tu
2880 3250 3059 3297 autem
3087 3257 3207 3297 cum
3242 3241 3393 3298 audis
3428 3242 3741 3314 prophetam

2154 3331 2439 3399 dicentem,
2477 3332 2688 3389 l’atrem
2730 3348 2929 3404 ponere
2972 3334 3073 3390 sub
3124 3334 3346 3404 pedibus
3383 3334 3520 3406 ejus,
3557 3350 3627 3391 ne
3671 3351 3741 3392 ex

2154 3439 2220 3480 eo
2247 3423 2599 3481 conturbatis.
2631 3423 2818 3496 Neque
2855 3426 2997 3481 enim
3037 3425 3153 3481 haec
3182 3426 3321 3482 dicta
3350 3437 3476 3483 sunt
3502 3426 3643 3498 quod
3668 3428 3741 3484 sit

2154 3514 2447 3570 imbecillus
2472 3513 2658 3569 Filius.
2682 3514 2875 3571 Paulus
2900 3516 3044 3571 enim
3072 3516 3304 3572 ostendit
3324 3517 3516 3573 Filium
3538 3532 3739 3588 ponere

2152 3605 2401 3661 inimicos
2449 3606 2549 3661 sub
2602 3604 2825 3676 pedibus
2879 3606 3016 3677 suis,
3073 3607 3290 3664 dicens:
3342 3607 3555 3679 Oportet
3603 3609 3739 3664 enim

2152 3715 2266 3752 eum
2305 3714 2517 3770 regnare
2542 3714 2798 3771 quousque
2835 3710 2989 3770 ponat
3023 3700 3252 3756 inimicos
3277 3701 3368 3756 sub
3395 3702 3605 3770 pedibus
3626 3703 3735 3757 suis

2155 3789 2174 3863 (
2205 3792 2256 3845 l.
2285 3789 2401 3844 Cor.
2433 3790 2521 3845 M.
2562 3790 2633 3846 25
2663 3792 2706 3859 ).
2750 3790 2818 3846 Ει
2862 3806 3048 3846 rursus
3083 3793 3134 3865 ei
3175 3806 3387 3863 quoque
3427 3793 3735 3847 universum

2154 3884 2334 3939 tribuit
2359 3882 2576 3938 dicens:
2612 3882 2830 3952 Quando
2865 3883 3129 3938 tradiderit
3165 3876 3377 3955 regnum
3419 3882 3524 3939 Deo
3551 3893 3600 3939 et
3628 3881 3737 3937 Pa-

2153 3976 2236 4043 tri,
2281 3975 2484 4047 quando
2531 3975 2768 4029 deleverit
2815 3992 3015 4030 omnem
3069 3984 3363 4045 potestatem
3411 3984 3459 4030 et
3501 3975 3737 4029 uirtutem

2153 4066 2318 4140 (Ibid.
2349 4082 2399 4122 υ.
2429 4066 2500 4122 21
2524 4066 2567 4137 ).
2597 4066 2711 4122 lloc
2738 4076 2822 4123 est
2846 4108 2860 4130 ,
2887 4067 3111 4135 Quando
3136 4082 3356 4137 regnum
3388 4075 3532 4123 recte
3560 4050 3753 4121 adrui;

2151 4159 2476 4226 nistraverit,
2518 4172 2732 4214 cessare
2769 4158 2978 4213 curabit
3001 4173 3217 4213 omnem
3250 4166 3587 4228 potcStatcm.
3621 4155 3734 4210 Hoc

2149 4253 2290 4306 enim
2320 4250 2422 4305 sibi
2451 4251 2565 4304 vult
2587 4249 2739 4315 illud,
2758 4260 3061 4322 καταργήσει.
3079 4248 3231 4318 Quod
3253 4258 3429 4304 autem
3457 4246 3589 4303 dicit
3616 4249 3735 4302 uni-

2148 4346 2359 4398 versum
2388 4343 2503 4413 ejus
2524 4358 2664 4410 esse,
2684 4343 2893 4398 Patrem
2920 4344 2988 4399 ab
3008 4343 3123 4413 ipso
3147 4356 3253 4397 non
3283 4351 3492 4413 separat
3515 4343 3619 4414 (α),
3637 4342 3734 4411 sic-

2149 4437 2224 4488 uti
2257 4450 2357 4490 nec
2380 4435 2570 4490 Filium
2606 4450 2634 4488 a
2678 4435 2837 4490 Patre
2870 4434 3075 4490 dividit.
3104 4434 3234 4503 Quae
3260 4434 3402 4490 enim
3424 4443 3549 4489 sunt
3570 4434 3732 4501 illius,

2149 4537 2273 4580 sunt
2305 4527 2458 4598 hujus
2484 4545 2497 4580 :
2533 4539 2590 4582 et
2627 4543 2744 4598 qua:
2782 4535 2907 4582 sunt
2934 4527 3091 4597 hujus
3115 4569 3129 4593 ,
3157 4536 3283 4583 sunt
3312 4527 3472 4582 illius.
3500 4526 3570 4582 Et
3610 4527 3734 4581 ideo

2147 4618 2305 4673 dicit:
2328 4617 2512 4672 Omnia
2546 4636 2657 4673 mea
2687 4630 2771 4673 tua
2795 4631 2946 4686 sunt,
2968 4629 3015 4674 et
3044 4629 3129 4673 tua
3154 4637 3266 4674 mea
3303 4618 3483 4691 (Joan.
3507 4621 3591 4676 i7.
3618 4618 3731 4690 10).

2153 4711 2377 4780 Quando
2406 4722 2534 4782 ergo
2572 4712 2802 4767 audieris
2844 4712 3056 4766 Patrem
3100 4711 3414 4783 subjecisse.
3448 4726 3516 4766 ne
3543 4711 3733 4766 existi-

2148 4817 2263 4857 mes
2287 4801 2583 4872 sejunctunt
2611 4818 2729 4857 esse
2757 4801 2945 4857 Filium
2985 4804 3052 4857 ab
3074 4818 3139 4857 eo
3171 4803 3429 4873 praeclaro
3458 4803 3731 4857 facinore:

2146 4903 2199 4948 ct
2235 4893 2278 4947 si
2320 4894 2582 4965 intelligas
2626 4893 2816 4948 Filium
2861 4894 3169 4963 snhjecisse,
3220 4910 3288 4948 ne
3331 4893 3478 4948 dicas
3517 4893 3731 4948 Patrem

2145 4999 2266 5039 esse
2304 4986 2371 5039 ab
2412 4987 2492 5039 his
2526 4986 2779 5040 alienum.
2808 4985 2938 5054 Qua:
2964 4986 3108 5040 enim
3140 4986 3354 5055 pulchre
3384 5000 3447 5040 ac
3477 4986 3733 5056 prieclare

2146 5076 2321 5140 iiunt,
2374 5086 2500 5130 sunt
2563 5077 2899 5144 connnunia,
2947 5077 3397 5148 quemadmodum
3444 5087 3499 5134 et
3551 5078 3731 5135 omnia

2145 5182 2307 5239 opem
2328 5170 2650 5223 connnunia.
3582 5160 3605 5168 ’

2220 5259 2319 5314 Hic
2349 5277 2537 5326 versus,
2572 5260 2781 5330 Virgatn
2813 5262 3019 5316 virtutis
3050 5272 3177 5327 tum,
3213 5275 3334 5329 elc.,
3362 5265 3637 5335 anagogire
3669 5264 3731 5317 de

2146 5353 2343 5408 Christo
2372 5354 2674 5424 explicatur.
2707 5355 2845 5410 Urna:
2865 5355 3052 5411 Christi
3081 5358 3314 5427 virga.——
3335 5357 3387 5412 2.
3408 5356 3611 5428 l’irgom
3632 5359 3730 5410 uir-

2146 5448 2264 5502 tutis
2291 5447 2599 5539 tute/emittet
2624 5447 2869 5502 Dominus
2897 5465 2960 5504 ea:
2987 5448 3136 5505 Sion.
3164 5448 3374 5521 Virgam
3388 5453 3609 5511 virtutis
3629 5470 3726 5510 seu

2206 5628 2279 5689 (ο)
2313 5634 2448 5692 Reg,
2478 5640 2570 5692 nrn
2593 5627 2864 5692 adumbrat.
2884 5627 2982 5688 vel,
3007 5641 3099 5692 non
3122 5628 3369 5692 obseruat.
3394 5642 3502 5692 quae
3527 5629 3628 5691 ipsa
3652 5627 3728 5679 le-

2146 5694 2239 5741 ctio
2264 5690 2468 5741 multum
2492 5690 2691 5740 atlerret
2714 5690 2822 5742 huic
2847 5692 2952 5743 loco
2972 5689 3305 5744 obscuritatis.
