4112 6208
393 303 495 360 239
1121 362 1124 365 _
1466 299 1824 357 exposmo
1862 298 1928 354 ιχ
1966 297 2290 355 PSALllUil
2329 301 2466 358 crx.
3441 385 3444 387 Α
3553 317 3662 374 om

389 417 665 488 potestatis
715 427 870 478 vocat
897 419 1067 488 ipsam
1120 425 1456 490 potestatem.
1500 417 1737 472 Meminit
1787 425 1964 472 autem

385 510 534 576 Sion,
566 509 816 580 quoniam
855 526 974 581 quze
1003 512 1259 581 praeclare
1291 521 1436 580 gesta
1468 520 1612 575 sunt,
1654 510 1800 564 illinc
1826 524 1971 563 sum-

388 611 606 669 pscrnnt
630 601 862 656 initium.
890 602 1003 656 lllic
1025 602 1166 658 enim
1195 603 1364 672 legem
1390 601 1552 667 dedit,
1578 601 1685 655 illic
1710 599 1836 656 fecit
1865 600 1968 654 mi-

385 692 600 757 racula;
641 691 752 747 illic
777 701 950 762 coepta
981 693 1288 762 praidicatio
1319 707 1413 762 per
1435 693 1742 748 universum
1781 691 1967 746 orbem

387 795 542 837 terrae
561 782 758 837 dill’usa
787 791 888 839 est.
931 783 1081 851 Quod
1110 785 1152 838 si
1183 784 1313 840 velis
1338 783 1476 854 quod
1514 783 1710 838 dictum
1753 792 1835 838 est
1878 798 1970 838 su-

385 888 532 927 mere
577 873 892 942 anagogice,
917 873 1039 928 audi
1067 874 1286 928 Paulum
1311 873 1572 928 dicentem
1594 890 1608 928 :
1629 874 1732 929 Sed
1756 872 1969 926 accessi-

382 965 473 1017 stis
496 963 563 1015 ad
586 973 801 1016 montem
823 961 970 1028 Sion,
995 974 1041 1016 et
1059 965 1306 1018 civitatem
1321 963 1419 1018 Dei
1435 965 1661 1030 viventis,
1683 962 1970 1016 Jerusalem

384 1055 653 1118 cwlcstem,
682 1065 729 1108 et
769 1052 1047 1109 Ecclesium
1074 1057 1542 1127 primogenitorum.
1579 1054 1788 1124 Virgam
1814 1054 1968 1107 virtu-

385 1147 451 1199 tis
499 1155 598 1198 tua:
636 1147 822 1200 emittet
863 1146 1112 1202 Dominus
1167 1164 1228 1202 ea:
1279 1148 1409 1202 Sion
1459 1144 1650 1217 (Hebr.
1705 1144 1793 1199 13.
1847 1143 1968 1213 22).

386 1238 546 1308 Virga
575 1238 856 1307 aliquando
888 1239 1100 1309 quidem
1135 1240 1358 1310 castigat
1396 1247 1452 1294 et
1493 1236 1753 1292 beneﬁcio
1781 1234 1966 1301 afﬁcit,

384 1328 670 1396 aliquando
699 1338 878 1383 autem
919 1329 1244 1392 consolatur,
1272 1338 1327 1384 et
1354 1337 1439 1384 est
1464 1328 1672 1398 signum
1698 1326 1868 1397 regni.
1901 1325 1969 1380 Et

383 1417 529 1488 quod
555 1418 625 1472 sit
652 1427 957 1488 utrumque,
998 1419 1122 1474 audi
1160 1418 1477 1488 prophetam
1498 1418 1762 1472 dicentem
1785 1434 1798 1470 :
1818 1414 1970 1486 Virga

383 1521 493 1574 tua,
521 1519 567 1562 et
604 1509 813 1563 baculus
837 1520 975 1576 tuus,
1003 1510 1116 1581 ipsa
1143 1527 1222 1564 me
1245 1509 1502 1564 consolata
1529 1517 1647 1563 sunt
1673 1505 1844 1579 (Psal.
1873 1507 1966 1561 2'2.

383 1603 462 1671 4).
493 1600 559 1654 Ει
583 1616 768 1655 rursus
797 1617 811 1652 :
836 1601 998 1670 Reges
1026 1618 1109 1656 eos
1131 1603 1184 1654 in
1203 1602 1342 1671 virga
1360 1601 1542 1670 ferrea,
1570 1608 1822 1667 tamquam
1849 1615 1969 1652 vasa

385 1693 531 1761 ﬁguli
579 1691 865 1762 confringes
913 1708 997 1746 eos
1043 1691 1211 1763 (Psal.
1253 1691 1309 1746 2.
1351 1691 1432 1762 9).
1470 1690 1532 1744 Et
1573 1689 1799 1744 Paulus:
1829 1687 1968 1754 Quid

384 1785 534 1838 uultis
553 1785 579 1836 .9
601 1785 652 1836 in
679 1784 819 1854 uirga
847 1784 1043 1837 ueniant
1073 1785 1142 1837 ad
1168 1799 1273 1850 vos,
1305 1800 1371 1837 an
1398 1783 1452 1836 in
1479 1783 1684 1836 caritate
1706 1792 1754 1836 et
1783 1783 1967 1851 spiritu

381 1875 596 1928 lenitatis
637 1875 656 1946 (
685 1875 736 1928 1.
769 1873 886 1928 Cor.
914 1874 970 1930 4.
993 1874 1057 1929 21
1097 1875 1160 1946 )?
1187 1873 1372 1930 Vidisti
1399 1876 1668 1945 quomodo
1707 1875 1779 1930 sit
1818 1873 1963 1943 virga

378 1965 784 2034 castigationis:
835 1965 964 2021 vide
1011 1966 1280 2036 quomodo
1321 1966 1392 2020 sit
1433 1968 1592 2020 etiam
1631 1966 1800 2036 regni.
1832 1965 1968 2020 Dicit

377 2057 524 2112 enim
554 2057 716 2112 Isaias
737 2077 750 2113 :
775 2057 1075 2129 Egredietur
1093 2059 1235 2129 virga
1257 2062 1326 2139 Ide
1350 2059 1519 2113 radice
1538 2057 1568 2112 J
1577 2075 1702 2125 esse,
1721 2068 1768 2111 et
1795 2059 1891 2128 [los
1904 2058 1969 2112 de

376 2151 549 2204 radice
567 2153 674 2222 ejus
699 2151 931 2205 ascendet
982 2150 1002 2222 (
1032 2149 1158 2205 Isai.
1192 2151 1280 2206 11.
1312 2151 1390 2221 1).
1419 2152 1486 2204 Et
1511 2151 1706 2205 David:
1735 2149 1966 2204 Tltronus

377 2252 516 2305 tuus,
569 2240 728 2306 Deus,
768 2242 837 2311 in.
857 2241 1099 2296 steculum
1125 2243 1299 2295 steculi
1316 2257 1337 2305 ;
1361 2243 1501 2312 virga
1528 2241 1798 2311 tequitatis,
1829 2241 1966 2312 virga

379 2332 525 2402 regni
554 2332 626 2384 tui
656 2331 843 2404 (Psal.
881 2333 1016 2386 “.7
1038 2329 1080 2403 ).
1116 2331 1330 2401 Vit-gain
1358 2331 1499 2388 enim
1526 2331 1614 2386 hic
1640 2331 1844 2386 vocavit
1863 2332 1968 2386 vir-

382 2431 574 2486 tutem,
613 2437 734 2476 cum
772 2437 874 2491 qua
901 2421 1145 2492 discipuli
1171 2422 1355 2476 orbem
1382 2433 1537 2476 terra:
1569 2422 1964 2489 circumierunt,

381 2529 566 2570 mores
584 2515 930 2584 corrigentes,
961 2524 1016 2569 et
1039 2529 1070 2569 a
1095 2514 1324 2584 quodam
1347 2515 1522 2569 alieno
1545 2531 1576 2568 a
1603 2515 1806 2569 ratione
1835 2515 1964 2570 vitio

383 2606 710 2662 deducentes
736 2606 803 2661 ad
828 2605 1102 2661 hominum
1135 2615 1378 2660 naturam
1405 2608 1624 2662 rationis
1643 2617 1965 2676 compotem.

383 2695 582 2752 Euntes
607 2698 746 2751 enim
767 2738 784 2764 ,
815 2697 1019 2768 inquit,
1046 2697 1220 2752 docete
1256 2714 1423 2752 omnes
1451 2708 1623 2767 gentes
1653 2697 1672 2769 (
1705 2697 1854 2752 Matt.
1875 2698 1967 2754 28.

383 2789 502 2860 19).
528 2788 720 2844 Habuit
742 2789 901 2843 etiam
927 2787 1102 2844 Moses
1121 2789 1344 2858 virgam,
1372 2788 1468 2843 sed
1498 2803 1618 2843 cum
1644 2805 1706 2844 ea
1733 2789 1971 2858 suscepit

386 2881 481 2935 Dei
509 2879 904 2950 operationem,
939 2893 1033 2948 per
1069 2893 1226 2947 quam
1265 2879 1582 2947 operabatur
1605 2879 1658 2932 in
1697 2879 1966 2933 omnibus.

379 2973 450 3028 Et
477 2972 565 3026 illa
599 2969 810 3042 quidem
849 2969 1029 3026 divisit
1056 2967 1280 3033 ﬂuvios,
1307 2969 1421 3024 haec
1447 2979 1626 3024 autem
1663 2969 1820 3040 fregit
1864 2969 1968 3024 im-

381 3066 632 3136 pietatem
661 3066 805 3122 orbis
831 3075 1007 3121 terrte.
1034 3066 1218 3136 Neque
1243 3081 1370 3120 vero
1396 3065 1749 3129 aberraveris,
1768 3067 1811 3120 si
1839 3081 1966 3121 cru-

381 3172 500 3212 cem
530 3173 742 3228 quoque
769 3157 979 3212 Domini
1007 3172 1168 3213 voces
1188 3158 1388 3227 virgam
1409 3158 1638 3213 virtutis.
1673 3158 1798 3212 llaec
1823 3159 1965 3213 enim

383 3247 531 3317 virga
563 3243 710 3302 mare
743 3258 798 3303 et
835 3257 1032 3303 terram
1073 3249 1369 3316 convertit,
1399 3258 1455 3304 et
1489 3265 1676 3320 magna
1706 3257 1968 3320 potestate

387 3337 628 3408 replevit.
671 3337 802 3392 Cum
831 3339 931 3394 hac
957 3341 1101 3409 virga
1131 3340 1332 3409 egressi
1361 3342 1582 3408 apostoli
1623 3356 1716 3410 per
1759 3341 1966 3394 univer-

382 3442 501 3482 smn
531 3428 714 3483 orbem
745 3438 900 3484 terrae
919 3474 934 3496 ,
967 3430 1144 3485 omnia
1174 3430 1264 3484 illa
1297 3429 1493 3485 fecere.
1523 3430 1668 3484 lianc
1697 3440 1968 3501 gestantes

381 3519 562 3573 omnia
606 3519 982 3588 perficiebant,
1028 3529 1240 3590 sumpto
1274 3521 1539 3592 principio
1561 3522 1626 3576 ab
1649 3521 1964 3577 Jerusalem.

383 3611 450 3665 Et
493 3611 753 3665 dominare
778 3613 831 3666 in
860 3612 1022 3666 medio
1050 3614 1367 3666 inimicorum
1405 3625 1626 3668 tuorum.
1668 3614 1798 3669 Vide
1846 3629 1970 3684 pro-

383 3704 614 3774 phetiam
641 3706 755 3776 ipso
780 3705 894 3760 sole
916 3705 1217 3761 clariorem.
1252 3706 1389 3773 Quid
1420 3717 1502 3762 est
1534 3717 1734 3772 autem,
1783 3706 1964 3760 Domi-

383 3813 506 3849 nare
527 3781 580 3849 in
607 3797 768 3850 medio
795 3797 1110 3850 inimicorum
1130 3798 1371 3851 tuorum?
1397 3798 1500 3852 Pro
1525 3813 1590 3853 eo
1614 3798 1754 3868 quod
1780 3808 1882 3865 est,
1909 3797 1964 3852 In

386 3889 572 3945 mediis
599 3890 905 3960 gentilibus,
924 3889 974 3943 in
1003 3889 1191 3944 mediis
1212 3889 1425 3945 ludatis.
1455 3889 1532 3944 ita
1555 3891 1696 3946 enim
1719 3891 1968 3959 plantat-.e

384 3990 512 4035 sunt
550 3980 808 4036 Ecclesiae
855 3979 910 4034 in
953 3979 1144 4036 mediis
1188 3980 1444 4045 urbibus;
1489 3981 1558 4036 ita
1602 3982 1865 4048 vicerunt,
1912 3990 1968 4038 et

384 4073 688 4143 superiores
713 4081 1017 4128 evaserunt.
1048 4071 1161 4126 l-loc
1185 4082 1268 4126 est
1313 4072 1584 4140 praeclarae
1610 4073 1844 4126 victoriae
1878 4087 1970 4126 ar-

383 4175 718 4233 gumentum,
741 4162 882 4233 quod
909 4163 960 4217 in
987 4162 1178 4217 mediis
1200 4161 1442 4216 hostibus
1465 4161 1653 4216 altaria
1682 4162 1967 4228 erexerint,

385 4254 525 4324 quod
555 4265 822 4324 tamquam
861 4269 991 4308 oves
1019 4263 1201 4308 essent
1228 4253 1280 4307 in
1312 4252 1489 4307 medio
1513 4251 1744 4306 ferarum
1773 4263 1828 4309 et
1849 4253 1970 4322 agni

385 4349 442 4400 in
466 4345 642 4400 medio
672 4345 935 4413 luporum.
963 4344 1078 4400 Hoc
1099 4343 1241 4399 enim
1267 4359 1387 4400 cum
1414 4344 1534 4399 illos
1561 4343 1798 4400 mitteret
1821 4345 1969 4401 dice-

385 4436 511 4490 bat:
557 4435 693 4490 Ecce
724 4438 864 4489 mitto
899 4452 984 4490 vos
1019 4446 1277 4506 tamquam
1309 4453 1422 4492 oves
1456 4437 1510 4490 in
1539 4435 1704 4491 medio
1731 4439 1968 4507 luporum

386 4526 596 4594 (Matth.
621 4526 813 4595 10.16)
843 4544 858 4593 ;
886 4529 1024 4596 quod
1053 4542 1156 4582 non
1177 4536 1260 4582 est
1277 4528 1456 4582 minus
1485 4528 1662 4598 priore
1685 4529 1964 4585 miraculo.

385 4617 504 4672 Non
547 4627 628 4673 est
664 4618 805 4673 enim
847 4617 1042 4684 minus,
1074 4633 1167 4673 eos
1192 4619 1282 4689 qui
1315 4620 1700 4676 oviumlocum
1728 4623 1970 4677 obtinent

386 4713 542 4782 lupos
563 4712 796 4776 vincere,
814 4726 971 4780 quam
993 4725 1085 4766 eos
1110 4713 1199 4780 qui
1224 4721 1344 4766 sunt
1367 4712 1418 4766 in
1446 4711 1638 4768 mediis
1663 4713 1964 4783 intercepti,

387 4819 508 4860 esse
531 4804 873 4874 superiores:
911 4802 1198 4872 quinetiam
1237 4803 1403 4857 multo
1439 4813 1523 4858 est
1560 4805 1731 4871 majus
1758 4821 1852 4860 eos
1875 4805 1968 4874 qui

384 4906 542 4953 erant
591 4910 814 4951 numero
861 4894 1162 4960 duodecim,
1217 4894 1286 4949 ad
1333 4909 1394 4950 se
1438 4895 1744 4951 universum
1779 4897 1968 4952 orbem

388 5004 544 5046 terra:
596 4989 900 5043 attraxissc.
952 4986 1018 5040 Et
1066 4987 1328 5042 dominare
1364 4989 1418 5042 in
1447 4989 1611 5044 medio
1647 4990 1969 5044 inimicorum

385 5094 607 5136 tuorum.
636 5077 754 5133 Non
794 5077 944 5143 dixit,
976 5076 1140 5132 Vince
1183 5078 1236 5132 in
1272 5078 1452 5134 medio
1488 5079 1822 5134 inimicorum
1851 5090 1969 5134 tuo-

382 5187 526 5236 rum,
551 5169 646 5226 sed
671 5169 966 5232 Dominare,
998 5178 1055 5222 ut
1079 5169 1389 5225 ostenderet
1413 5185 1521 5226 non
1549 5170 1680 5241 erigi
1709 5181 1966 5242 tropaeum

383 5262 513 5316 {usis
553 5260 604 5315 in
641 5258 757 5315 acie
786 5257 1048 5326 hostibus,
1087 5256 1184 5314 sed
1220 5273 1285 5314 ex
1313 5258 1467 5328 jussu
1491 5261 1778 5331 signiﬁcari
1805 5262 1972 5318 domi-

381 5357 547 5410 nium.
601 5355 672 5408 Ita
711 5353 851 5408 enim
895 5351 1180 5406 vincebant
1205 5354 1452 5423 apostoli,
1497 5354 1767 5410 Christum
1810 5356 1864 5411 in
1909 5372 1969 5412 se

380 5446 660 5509 habentes,
687 5443 864 5497 omnia
895 5442 1148 5496 facientes
1172 5451 1441 5513 tamquam
1466 5459 1529 5500 es
1563 5445 1968 5516 imperio.Unde

387 5536 550 5590 etiam
569 5544 686 5589 erat
713 5535 792 5588 eis
814 5532 991 5587 omnis
1015 5529 1207 5586 domus
1233 5543 1438 5602 aperta,
1464 5546 1522 5590 et
1538 5537 1626 5606 qui
1653 5539 1961 5602 credebant,

386 5637 538 5679 erant
567 5625 755 5694 quovis
798 5639 954 5678 servo
996 5623 1435 5692 obsequentiores
1459 5668 1474 5693 ,
1525 5628 1806 5686 facultates
1839 5647 1964 5686 suas

389 5715 710 5788 vendentes,
738 5729 792 5774 et
815 5731 997 5774 earum
1047 5717 1214 5786 pretia
1258 5729 1520 5789 ponentes
1547 5719 1614 5776 ad
1642 5721 1802 5792 pedes
1828 5737 1960 5796 apo-

2078 418 2339 476 stolorum
2363 439 2377 476 :
2401 437 2465 478 ac
2489 438 2557 479 ne
2580 424 2647 479 ad
2676 441 2830 482 usum
2855 429 3070 499 quidem
3101 446 3255 489 suum
3283 435 3540 494 audentes
3562 439 3662 493 ali-

2075 510 2202 578 quid
2231 512 2496 582 accipere,
2526 529 2726 586 eosque
2753 517 2889 573 adeo
2915 521 3380 592 magnifaciebant,
3411 538 3469 583 ut
3505 543 3574 586 ne
3598 544 3660 586 se

2073 599 2286 669 quidem
2311 603 2388 658 eis
2411 603 2666 661 auderent
2689 608 3000 678 adjungere.

2143 691 2198 746 4.
2237 691 2354 746 Νοη
2381 694 2554 748 solum
2579 705 2754 752 autem
2783 709 2984 756 tantum
3012 701 3278 760 habebant
3307 707 3496 764 virium
3531 725 3658 782 erga

2073 779 2281 850 ﬁdeles,
2311 784 2407 840 sed
2437 786 2595 870 etiam
2622 804 2742 859 erga
2772 789 3033 848 inﬁdeles.
3075 794 3355 864 Quodnam
3380 800 3524 856 enim
3551 779 3659 871 est,

2073 871 2180 963 die,
2231 891 2434 943 quteso,
2480 879 2622 933 servi
2664 880 2960 938 indicium?
2999 901 3177 942 annon
3214 888 3268 945 id
3309 890 3486 949 facere
3513 893 3658 963 quod

2069 962 2220 1033 jubet
2258 967 2464 1024 herus?
2488 972 2638 1039 Quod
2668 983 2846 1030 autem
2887 977 3096 1048 signum
3119 981 3276 1038 heri?
3301 1000 3478 1042 annon
3507 962 3570 1044 ea
3602 988 3657 1044 in

2073 1059 2245 1113 servis
2272 1061 2528 1130 perlicere
2551 1081 2670 1133 qua:
2695 1068 2826 1122 velit
2850 1069 2874 1122 ἲ
2908 1069 3138 1137 Quinam
3162 1089 3293 1144 ergo
3318 1076 3658 1146 perfecerunt

2073 1164 2136 1204 ea
2163 1167 2282 1220 quae
2316 1153 2596 1210 voluerunt
2639 1157 2690 1211 in
2736 1160 2949 1230 regibus
2987 1170 3044 1216 et
3085 1165 3455 1235 principibus?
3478 1185 3658 1227 annon

2073 1245 2343 1312 apostoli?
2371 1245 2704 1305 Manifestum
2731 1251 2783 1305 id
2809 1261 2908 1308 est.
2936 1253 3112 1324 Reges
3138 1256 3281 1312 enim
3308 1268 3361 1314 et
3391 1260 3658 1333 principes

2073 1334 2324 1390 volebant
2349 1346 2529 1394 tenere
2553 1342 2737 1396 orbem
2765 1351 2920 1398 terra:
2955 1347 3008 1400 in
3039 1347 3311 1418 impietate
3334 1393 3350 1418 ,
3374 1350 3661 1423 jubebantp

2072 1441 2178 1496 que
2203 1429 2382 1485 colere
2410 1430 2683 1489 daemones
2707 1452 2720 1501 ;
2745 1447 2928 1493 contra
2958 1448 3136 1496 autem
3163 1445 3412 1513 apostoli,
3442 1435 3660 1504 corum-

2071 1532 2175 1586 que
2200 1519 2444 1575 voluntas
2474 1522 2810 1593 implebatur.
2847 1528 2999 1595 Quod
3035 1532 3081 1586 si
3120 1533 3248 1588 mihi
3291 1535 3438 1592 dicas
3476 1554 3658 1597 caree-

2070 1622 2205 1673 rem,
2229 1607 2434 1680 ﬂagella
2462 1622 2516 1667 et
2546 1623 2828 1683 tormenta,
2850 1618 2985 1675 dicis
3011 1622 3212 1692 majora
3241 1624 3656 1696 dominia.Quo-

2070 1700 2250 1769 modo,
2283 1711 2337 1757 et
2367 1720 2593 1774 quanam
2623 1708 2868 1764 ratione?
2885 1710 3020 1778 Quia
3046 1716 3288 1783 quamvis
3303 1716 3419 1773 ha:c
3443 1719 3649 1788 ﬁerent,

2071 1790 2232 1847 ﬁebat
2255 1802 2428 1850 tamen
2447 1797 2613 1851 nihilo
2626 1799 2800 1856 secius
2819 1803 2958 1871 quod
2994 1803 3071 1858 illi
3097 1805 3365 1863 volebant.
3378 1809 3493 1866 Non
3511 1813 3654 1870 enim

2070 1880 2186 1953 lege
2201 1884 2552 1954 complurium
2571 1886 2931 1957 dominorum,
2948 1893 3043 1948 sed
3068 1895 3267 1952 virtute
3292 1897 3395 1956 hoc
3419 1901 3518 1958 sibi
3553 1903 3654 1960 ad-

2068 1973 2342 2030 sciverunt
2369 1977 2682 2045 dominium,
2713 1981 2856 2052 quod
2885 1985 3034 2040 nullo
3058 1996 3282 2045 externo
3309 1988 3525 2062 indiget,
3555 1995 3653 2050 sed

2069 2066 2236 2135 quod,
2267 2066 2391 2122 dum
2419 2071 2656 2126 omnium
2683 2075 2880 2144 petitur
2907 2077 3113 2135 insidiis
3132 2120 3146 2144 ,
3175 2081 3496 2152 resplendet.
3531 2084 3655 2141 Illos

2071 2157 2214 2213 enim
2261 2158 2507 2216 dominos
2545 2164 2686 2218 servi
2728 2167 2925 2234 paratis
2969 2167 3178 2226 insidiis
3213 2187 3358 2246 saepe
3385 2174 3453 2230 de
3477 2177 3658 2232 medio

2068 2249 2672 2321 sustulerunt,quoniam
2685 2265 2794 2310 erat
2811 2256 3179 2328 imperfectum
3191 2271 3246 2318 et
3256 2264 3654 2322 imbecilllmum

2070 2341 2398 2398 dominium:
2446 2344 2548 2399 hoc
2585 2356 2765 2402 autem
2807 2364 2912 2404 non
2961 2363 3248 2422 potuerunt
3285 2357 3652 2429 exstinguere,

2069 2431 2165 2486 sed
2212 2431 2432 2489 insidias
2469 2437 2774 2506 molientes,
2817 2440 2868 2496 id
2912 2442 3069 2514 longe
3113 2446 3312 2503 clarius
3341 2448 3646 2506 reddidere.

2073 2523 2201 2590 Quis
2228 2523 2385 2579 fuerit
2411 2527 2570 2596 igitur
2607 2529 2854 2588 dominus
2883 2537 3211 2604 prteclarior,
3239 2539 3355 2594 isne
3378 2540 3468 2610 qui
3495 2541 3654 2596 innu-

2074 2615 2420 2672 nterahilibus
2463 2634 2597 2688 Opus
2637 2622 2795 2677 habet
2835 2625 3066 2694 auxiliis,
3094 2637 3151 2681 ut
3177 2643 3363 2685 servos
3392 2631 3444 2685 in
3474 2631 3654 2686 oflieio

2072 2707 2376 2772 contineat;
2426 2723 2492 2762 an
2538 2710 2628 2779 qui
2668 2721 2751 2766 est
2795 2713 2929 2768 liber
2968 2715 3031 2770 iis
3068 2719 3337 2784 omnibus,
3370 2731 3422 2774 et
3448 2720 3657 2790 eosqui

2073 2807 2197 2851 sunt
2219 2798 2319 2852 sub
2345 2814 2442 2854 suo
2468 2799 2722 2866 dominio,
2755 2819 2852 2871 pro
2891 2821 2986 2859 sua
3015 2815 3275 2876 potestate
3300 2809 3402 2866 fert
3437 2822 3492 2865 et
3517 2812 3659 2880 agit?

2072 2886 2404 2942 Manifestum
2426 2898 2509 2943 est
2535 2889 2677 2945 lnnic
2701 2907 2818 2947 esse
2847 2895 3262 2964 przeclariorem.
3282 2899 3488 2954 Domini
3515 2901 3656 2958 enim

2071 2977 2161 3048 qui
2207 2977 2309 3032 hoc
2336 2979 2576 3034 obtinent
2609 2982 2891 3038 multorum
2913 2983 3230 3057 dominium,
3260 2989 3362 3044 nisi
3389 2991 3534 3062 leges
3559 2992 3656 3046 ha-

2073 3069 2235 3123 beant
2279 3070 2620 3140 opitulantes,
2671 3083 2726 3128 et
2775 3089 2869 3129 eos
2909 3075 3059 3146 juvet
3098 3079 3240 3148 quod
3277 3080 3330 3135 in
3358 3081 3660 3138 civitatibus

2073 3163 2331 3232 habitant,
2357 3179 2498 3236 saepe
2517 3182 2636 3220 cum
2657 3167 2896 3224 dominio
2918 3172 3077 3226 vitam
3109 3188 3320 3244 quoque
3341 3175 3656 3232 amiserunt:

2072 3255 2264 3310 Paulus
2310 3265 2486 3312 autem
2529 3269 2583 3314 et
2631 3260 2682 3314 in
2729 3263 3103 3320 solitudinibus
3159 3275 3216 3321 et
3257 3268 3456 3339 ubique
3500 3285 3655 3326 suum

2071 3347 2384 3402 ostendebat
2410 3350 2720 3405 dominium.
2756 3353 2845 3408 Vis
2879 3355 3038 3410 etiam
3061 3356 3240 3412 videre
3265 3358 3438 3430 ipsum
3465 3361 3658 3415 clario-

2071 3453 2184 3493 rem
2227 3433 2484 3508 i'egibus?
2532 3442 2740 3497 lndnxit
2783 3445 2928 3516 leges
2981 3463 3078 3517 per
3119 3450 3422 3506 universum
3471 3454 3654 3508 orbem

2072 3537 2248 3595 teme,
2276 3541 2330 3585 et
2353 3547 2532 3602 regum
2567 3534 2765 3589 relietis
2796 3537 2998 3606 legibus
3024 3581 3038 3604 ,
3071 3538 3312 3596 homines
3341 3542 3482 3599 illius
3517 3547 3654 3600 scri-

2070 3621 2172 3689 ptis
2194 3622 2654 3693 obtemperabant.
2679 3626 2740 3679 Et
2761 3627 2957 3698 alioqui
2984 3629 3056 3683 illi
3082 3630 3294 3701 quidem
3325 3632 3379 3688 in
3406 3641 3654 3704 corpora,

2072 3712 2123 3766 hi
2157 3728 2285 3768 vero
2312 3714 2364 3768 in
2402 3716 2636 3770 animum
2680 3717 2972 3774 dominium
3022 3721 3349 3778 obtinebant.
3371 3724 3498 3791 Quis
3537 3740 3656 3780 ser-

2069 3819 2166 3857 vus
2212 3803 2365 3872 hero,
2413 3807 2496 3862 vel
2529 3811 2649 3878 quis
2692 3810 2934 3866 subditus
2980 3813 3090 3884 regi
3136 3828 3256 3869 eum
3304 3823 3446 3871 tanta
3494 3817 3692 3876 bene-.

2071 3893 2301 3949 volentia
2355 3897 2562 3964 paruit,
2621 3907 2681 3952 ut
2729 3900 2912 3955 ﬁdeles
2959 3902 3124 3959 Paulo
3171 3907 3410 3976 epistoiis
3452 3918 3656 3965 tantum

2071 3985 2286 4054 agenti?
2311 3985 2440 4053 Quis
2467 3991 2795 4044 enarraverit
2817 4006 3002 4046 eorum
3038 4009 3276 4052 amorem
3319 4009 3372 4054 et
3421 4002 3655 4058 studium

2072 4090 2197 4146 erga
2227 4076 2397 4143 illum,
2415 4092 2534 4131 cum
2569 4078 2653 4133 vel
2680 4081 2824 4148 ipsos
2846 4083 3030 4137 oculos
3057 4095 3236 4140 essent
3259 4092 3426 4158 parati
3452 4092 3654 4148 eﬂ‘ode-

2072 4183 2134 4222 re
2167 4167 2314 4238 (Gal.
2339 4169 2396 4224 4.
2427 4169 2560 4239 15)?
2599 4170 2717 4241 quis
2763 4172 2896 4227 tales
2936 4189 3186 4246 umquam
3214 4194 3397 4236 servos
3427 4181 3658 4241 habuit?

2075 4258 2205 4326 Quae
2233 4260 2412 4315 omnia
2443 4261 2699 4331 propheta
2725 4273 2904 4320 mente
2929 4269 3152 4337 agitans,
3175 4271 3442 4339 quomodo
3473 4273 3658 4334 ﬁdeles

2073 4351 2288 4420 quidem
2318 4352 2681 4421 subjecerunt,
2706 4357 2975 4425 quomodo
3006 4359 3273 4417 terribiles
3295 4373 3450 4418 erant
3478 4364 3661 4422 inlide-

2074 4441 2232 4509 libus,
2259 4456 2354 4498 eos
2384 4457 2480 4512 per
2511 4444 2612 4498 vim
2645 4448 2973 4516 expellentes
2995 4491 3012 4516 ,
3043 4461 3097 4506 et
3119 4453 3386 4522 quomodo
3414 4455 3658 4515 Christus

2072 4550 2171 4606 per
2195 4535 2339 4606 ipsos
2359 4537 2632 4594 obtinebat
2661 4539 2964 4610 imperium,
2994 4559 3100 4598 non
3129 4545 3261 4600 dixit
3296 4548 3653 4619 solummodo,

2072 4625 2350 4710 Dontinare
2376 4627 2430 4683 in
2459 4628 2624 4684 medio
2657 4630 2978 4687 inimicorum
3016 4644 3236 4704 tuorum,
3265 4638 3359 4694 sed
3403 4639 3655 4698 Domina-

2072 4727 2178 4772 tum
2205 4719 2390 4784 obtine,
2419 4719 2711 4776 vehemens
2739 4721 3034 4780 dominium
3064 4727 3389 4798 signiﬁcans.
3433 4733 3501 4790 Et
3541 4735 3660 4792 lucc

2071 4826 2190 4867 cum
2221 4813 2464 4868 viderent
2490 4813 2694 4882 hostes,
2721 4816 2852 4872 nihil
2884 4818 3056 4874 facere
3086 4831 3348 4890 poterant,
3378 4826 3476 4881 etsi
3509 4826 3656 4897 leges

2071 4917 2253 4957 secum
2294 4903 2552 4958 haberent
2570 4947 2583 4970 ,
2616 4906 2831 4962 lictores
2857 4919 2909 4962 ct
2938 4925 3148 4966 omnen
3175 4924 3489 4983 potestatem
3515 4935 3529 4980 ;
3557 4919 3652 4973 sed

2073 5003 2224 5048 erant
2256 4993 2306 5045 hi
2339 4995 2665 5062 potentiores
2691 5009 2908 5066 propter
2933 5015 3053 5054 eum
3081 5007 3167 5071 qui
3197 5005 3246 5058 in
3284 5006 3412 5076 ipsis
3500 5006 3660 5062 habi-

2075 5085 2236 5138 tabat.
2268 5085 2364 5136 llic
2391 5099 2484 5152 per
2515 5085 2657 5152 ipsos
2684 5085 3011 5142 dominatum
3055 5093 3320 5158 obtinuit;
3352 5109 3449 5148 nec
3476 5095 3650 5150 solum

2073 5174 2374 5230 dominatus
2399 5183 2512 5260 est,
2545 5175 2638 5230 sed
2666 5178 2825 5232 etiam
2857 5178 3063 5234 fortiter
3087 5199 3100 5234 :
3130 5197 3254 5235 nam
3278 5181 3653 5240 vehementem

2074 5266 2126 5320 in
2154 5280 2248 5319 eos
2277 5264 2604 5320 dominatum
2635 5267 2883 5323 obtinuit.
2909 5270 3132 5340 Propter
3159 5286 3280 5325 eum
3311 5273 3454 5326 enim
3481 5275 3571 5344 qui
3597 5276 3650 5332 in

2071 5361 2148 5414 eis
2173 5358 2462 5422 habitabat,
2495 5369 2548 5414 et
2569 5361 2741 5432 ignem
2781 5372 2836 5417 et
2862 5362 3061 5418 ferrum
3093 5372 3148 5418 ct
3171 5363 3368 5419 bestias
3394 5375 3448 5422 et
3471 5370 3652 5427 omnia

2071 5449 2173 5503 alia
2199 5447 2530 5503 conﬁdenter
2552 5451 2789 5505 adibant.
2804 5452 2885 5506 Ad
2910 5453 3088 5508 omnia
3114 5454 3255 5508 enim
3285 5470 3406 5510 cum
3430 5459 3510 5515 eis
3535 5472 3653 5518 erat

2071 5541 2331 5603 Christus,
2362 5541 2451 5610 qui
2500 5544 2658 5597 etiam
2701 5553 2968 5614 nunquam
3009 5546 3060 5599 in
3103 5546 3292 5602 alienis
3333 5551 3650 5622 corporibus

2071 5635 2405 5691 decertantes
2430 5674 2444 5700 ,
2473 5643 2527 5689 et
2556 5635 2708 5688 liberi
2737 5637 2804 5690 ab
2831 5637 2975 5692 omni
3003 5639 3243 5696 molestia
3270 5659 3446 5701 rerum
3473 5645 3540 5702 ad
3565 5649 3648 5702 vi-

2074 5737 2177 5783 tam
2218 5727 2616 5800 pertinentium,
2648 5727 2718 5782 ita
2747 5726 3063 5802 gaudebant,
3089 5744 3144 5790 ct
3170 5732 3597 5801 itaexsiliebant,
3617 5749 3650 5789 a

3819 6131 4014 6143 μ
