4062 6208
453 333 460 340 .
483 271 583 337 ΞΗ

484 396 680 453 Christi
709 394 944 451 dominio
973 398 1236 466 occupati,
1267 413 1370 452 non
1403 399 1662 466 pecunizs,
1697 410 1802 449 non
1829 393 2064 464 corpori,

458 504 602 544 .noa
632 490 754 543 vita:
795 489 1044 558 praisenti
1083 501 1380 557 parcentes.
1415 489 1480 542 Et
1511 491 1627 542 tunc
1650 485 1864 555 quidem
1907 483 2067 538 faeie-

486 581 634 645 bant,
663 581 750 650 qui
805 579 1090 646 aliquando
1145 580 1350 635 fuci-ant
1407 579 1590 632 hostes
1630 587 1686 632 et
1727 577 2018 630 adversarii
2051 594 2062 628 :

461 671 580 734 .sed
622 673 816 728 invicta
859 673 951 728 Dei
997 674 1228 742 potentia
1259 683 1368 726 nun
1399 671 1572 724 solum
1597 685 1692 724 eos
1719 668 1961 723 liberavit
1999 667 2068 720 ab

457 831 468 834 __
483 764 808 830 inimicitiis,
833 765 928 820 sed
971 765 1131 820 etiam
1179 765 1232 819 in
1278 773 1480 818 tantam
1517 761 1736 816 deduxit
1758 761 2063 816 servitutem

459 864 534 927 _ct
585 857 1050 912 necessitudinem.
1097 856 1450 922 Quamobrem
1504 854 1605 910 etsi
1649 853 1858 908 dicatur
1910 853 2066 907 Pater

481 961 683 1020 ponere
737 948 979 1002 inimicos
1027 948 1128 1002 sub
1176 945 1395 1013 pedibus
1425 947 1562 1014 ejus,
1601 959 1707 1000 non
1747 945 1818 999 ita
1840 944 2063 1008 dicitur,

465 1039 619 1114 gsicut
658 1039 787 1100 dixi,
818 1047 1083 1108 tamquam
1131 1038 1266 1093 Filio
1307 1038 1438 1092 nihil
1477 1046 1704 1107 agente:
1755 1037 2062 1092 universum

463 1129 622 1200 enim
667 1129 736 1200 ab
784 1129 1067 1199 Unigeuito
1110 1129 1304 1183 factum
1349 1139 1468 1184 est:
1511 1128 1604 1183 sed
1647 1136 1724 1192 ut,
1755 1128 1894 1182 sicut
1920 1126 2066 1196 prius

476 1220 607 1284 dixi,
639 1220 851 1276 Patrem
893 1231 948 1276 et
990 1221 1180 1276 Filium
1222 1237 1383 1275 llllllm
1432 1235 1553 1276 esse
1580 1219 1746 1274 Deum
1775 1219 2058 1287 intelligas,

459 1320 687 1375 servata
736 1313 1020 1382 unicuique
1067 1328 1161 1370 sua
1203 1315 1544 1383 proprietate,
1586 1322 1642 1367 et
1685 1327 1752 1366 nc
1781 1325 1900 1366 esse
1928 1312 2062 1366 duos

473 1404 749 1458 existimes
786 1406 1068 1474 ingenitas.
1118 1405 1270 1471 Quod
1315 1405 1456 1458 cnim
1511 1413 1677 1458 totum
1714 1418 1848 1473 opus
1895 1403 1964 1455 ab
1985 1395 2064 1456 'co

464 1497 676 1560 iactum
707 1481 796 1560 sit,
827 1497 1104 1552 considera
1135 1513 1200 1551 es
1230 1498 1294 1550 iis
1322 1512 1441 1564 qua:
1463 1495 1572 1566 jam
1602 1495 1734 1548 tacta
1774 1505 1897 1547 sunt
1921 1511 1936 1558 ;
1964 1509 2061 1547 nec

475 1596 594 1649 qua:
645 1579 786 1634 dicta
831 1590 989 1645 sunt,
1040 1580 1269 1634 humano
1319 1590 1520 1634 tantum
1581 1594 1730 1632 more
1784 1578 2058 1648 intellige;

475 1685 666 1740 magna
693 1671 834 1724 enim
861 1680 1172 1740 sequeretur
1199 1672 1520 1726 absurditas.
1545 1670 1614 1726 Ut
1637 1682 1812 1725 autem
1848 1679 1902 1724 tu
1928 1686 2062 1740 quo-

474 1778 580 1832 que
615 1763 890 1832 intelligas,
932 1762 1054 1818 audi
1082 1778 1143 1817 ea
1172 1779 1290 1832 qua:
1320 1779 1438 1818 sum
1477 1763 1734 1818 dicturus.
1769 1763 1845 1816 Ex
1885 1762 2058 1816 homi-

476 1856 632 1908 nibus
661 1854 751 1908 alii
782 1853 996 1924 quidem
1017 1853 1141 1909 facti
1175 1863 1296 1908 sunt
1324 1853 1480 1909 amici
1505 1895 1521 1919 ,
1549 1854 1638 1923 qui
1686 1854 1830 1922 prius
1859 1853 2058 1908 inimici

474 1944 714 2000 fuerant:
762 1945 853 2000 alii
895 1961 1020 2000 vero
1046 1945 1221 2002 adhuc
1273 1955 1487 2000 manent
1533 1945 1750 2000 inimici.
1795 1945 2058 2000 Caeterum

474 2035 614 2106 quod
643 2036 888 2090 inimicos
913 2037 1127 2107 quidem
1157 2037 1268 2105 ipse
1296 2037 1498 2090 amicos
1536 2036 1719 2090 fecerit
1737 2075 1754 2101 ,
1786 2044 1841 2090 et
1867 2034 2059 2089 Paulus

473 2127 756 2197 signiﬁcat,
797 2125 981 2184 dicens
1011 2145 1026 2183 :
1060 2127 1278 2195 Quando
1309 2127 1573 2181 tradiderit
1604 2143 1817 2196 regnum
1862 2123 1972 2180 Deo
2013 2135 2058 2180 et

473 2219 622 2296 Patri
651 2220 740 2292 (i.
767 2219 888 2274 Cor.
920 2221 1006 2290 15.
1029 2220 1098 2274 24
1128 2217 1183 2292 );
1213 2221 1474 2290 signiﬁcat
1494 2221 1654 2274 etiam
1686 2221 1958 2284 Servatur,
1990 2219 2056 2273 ad

475 2311 684 2366 Patrem
732 2311 917 2367 dicens
941 2313 988 2366 ‘:
1022 2310 1135 2382 Ego
1177 2322 1224 2365 te
1273 2311 1552 2381 gloriﬁcasi
1588 2311 1641 2364 in
1683 2311 1894 2378 mundo,
1929 2326 2060 2379 opus

472 2397 660 2481 perfeci
678 2445 692 2466 ,
715 2403 848 2473 quod
898 2403 1084 2461 dedisti
1125 2403 1281 2470 mihi,
1304 2413 1358 2456 ut
1399 2405 1585 2473 faciam
1611 2401 1631 2474 (
1655 2401 1812 2458 Joan.
1844 2403 1930 2456 l7.
1956 2402 1991 2456 4
2015 2404 2054 2471 ).

469 2493 745 2564 Subjicerc
799 2506 976 2566 autem
1032 2495 1275 2550 inimicos
1332 2494 1431 2550 fuit
1484 2495 1674 2548 Patris.
1714 2495 1876 2563 Atqui
1927 2494 2055 2550 illud

469 2587 686 2658 quidem
738 2597 820 2642 est
885 2585 988 2644 hoc
1033 2587 1222 2656 majus.
1261 2587 1446 2657 Neque
1487 2587 1628 2642 enim
1692 2597 1819 2642 sunt
1869 2587 2055 2657 paria,

468 2692 564 2736 eos
601 2677 689 2750 qui
731 2688 947 2732 manent
985 2678 1204 2743 inimici,
1239 2679 1446 2746 punire,
1488 2687 1543 2734 et
1569 2693 1663 2733 eos
1690 2679 1779 2748 qui
1807 2688 1931 2732 sunt
1958 2679 2058 2732 iiii-

470 2766 616 2834 mici,
668 2768 870 2823 amicos
915 2767 1148 2824 cfliccre.
1195 2767 1298 2823 Sed
1343 2783 1516 2838 neque
1542 2767 1708 2823 Filius
1739 2769 1862 2824 ideo
1881 2769 2056 2824 minor

469 2868 552 2936 est
581 2861 756 2923 Patre,
787 2875 886 2916 nec
915 2870 1196 2930 propterea
1239 2860 1398 2916 Pater
1441 2870 1524 2915 est
1569 2862 1746 2916 minor
1791 2862 1946 2916 Filio.
1986 2861 2056 2918 Ut

467 2963 646 3008 autem
688 2953 828 3020 scias
868 2953 958 3007 illa
1001 2969 1214 3023 quoque
1257 2969 1376 3009 esse
1413 2953 1570 3019 Filii,
1605 2953 2053 3023 quemadmodum

469 3043 586 3099 lucc
610 3043 804 3109 Patris,
833 3045 989 3098 audi:
1022 3044 1324 3099 Disceditca
1353 3062 1454 3110 me,
1493 3046 1745 3100 maledicti
1764 3087 1780 3110 ,
1811 3047 1864 3099 in
1888 3047 2056 3117 ignem

467 3145 731 3204 internum,
753 3137 840 3206 qui
855 3146 1063 3208 paratus
1090 3148 1162 3192 est
1190 3136 1392 3192 diabolo
1417 3146 1463 3192 et
1489 3139 1680 3209 angelis
1705 3140 1814 3210 ejus
1835 3139 2049 3208 (Matt/1.

468 3227 685 3299 2541).
717 3229 784 3284 Et
810 3230 898 3298 qui
923 3229 1139 3298 angelos
1164 3229 1346 3294 mittit,
1375 3239 1432 3284 ut
1455 3231 1706 3300 colligant
1724 3233 1945 3301 zizania,
1969 3244 2050 3288 est

471 3322 804 3394 Unigenitns,
823 3330 884 3376 et
925 3321 1166 3378 videmus
1191 3338 1314 3380 eum
1345 3323 1541 3392 ubique
1568 3325 1834 3380 diabolum
1868 3327 2053 3396 punire

470 3413 686 3487 (Matth.
711 3410 797 3468 i3.
817 3412 930 3483 50).
957 3413 1068 3469 lloc
1095 3415 1257 3468 etiam
1289 3415 1386 3482 ipsi
1413 3413 1684 3471 daemones
1707 3417 2049 3484 conﬁtentur,

466 3503 706 3558 dicentes
730 3502 948 3557 :Vem'sti
971 3505 1071 3558 huc
1099 3515 1215 3560 ante
1248 3515 1444 3574 tempus
1463 3515 1691 3576 torquere
1714 3524 1805 3561 nos
1837 3507 2047 3580 (Matth.

467 3594 524 3664 8.
567 3592 638 3650 29
665 3591 733 3665 )?
761 3593 876 3664 Ipse
915 3605 997 3650 est
1036 3611 1165 3665 ergo
1209 3596 1300 3666 qni
1343 3613 1438 3652 eos
1476 3607 1558 3652 est
1605 3607 1860 3653 turtures.
1890 3599 2052 3656 Vides

466 3685 609 3755 quod
661 3687 868 3742 etiamsi
914 3702 1034 3756 quae
1073 3689 1206 3742 ﬁunt
1244 3689 1488 3744 dicantur
1513 3706 1543 3745 a
1573 3691 1728 3746 Patre
1755 3692 1899 3758 ﬁeri,
1927 3705 2050 3750 sunt

467 3787 647 3832 tamen
693 3793 856 3848 opera
895 3777 1036 3834 Filii.
1084 3779 1235 3846 Quod
1274 3790 1448 3835 autem
1496 3781 1611 3836 Filii
1653 3799 1863 3854 quoque
1888 3801 2050 3854 opera

465 3869 576 3940 sint
596 3869 789 3936 Patris,
818 3871 940 3926 audi
963 3885 1146 3927 rursus
1165 3887 1288 3927 eum
1313 3873 1612 3930 dicentem:
1634 3875 1798 3931 Nemo
1828 3879 1960 3931 venit
1983 3881 2053 3932 ad

463 3967 568 4036 ille,
598 3963 696 4016 nisi
738 3961 894 4016 Pater
934 3965 1027 4033 qui
1063 3981 1141 4018 me
1168 3966 1321 4030 misit,
1367 3969 1575 4021 traxerit
1615 3985 1728 4024 eum
1760 3970 1779 4040 (
1808 3970 1964 4025 Joan.
1993 3973 2047 4028 6.

464 4051 580 4124 44).
611 4053 677 4109 Et
706 4069 923 4110 rursus:
951 4053 1118 4110 Nemo
1162 4067 1320 4126 potest
1368 4060 1536 4114 uenire
1575 4060 1643 4113 ad
1685 4060 1914 4128 Patrem,
1953 4065 2051 4118 nisi

464 4158 557 4214 per
572 4163 650 4201 me
671 4145 849 4218 (Joan.
869 4147 956 4203 14.
976 4146 1052 4219 6).
1077 4148 1192 4204 Non
1214 4159 1338 4204 sunt
1355 4165 1484 4219 ergo
1509 4152 1621 4206 btec
1643 4151 1878 4208 humano
1904 4171 2052 4224 more

462 4239 792 4310 accipienda.
836 4239 968 4295 Nam
1011 4241 1143 4296 illud
1177 4256 1410 4312 quoque,
1438 4240 1681 4298 Inimicos
1707 4254 1834 4310 tuas,
1870 4247 1939 4300 ita
1965 4257 2049 4301 est

461 4333 856 4405 accipiendum,
903 4350 1010 4390 non
1043 4345 1311 4405 tamquam
1356 4335 1475 4404 ejus
1509 4337 1675 4391 solius
1712 4337 1956 4394 inimicos
1979 4339 2051 4394 si-

461 4427 700 4497 gniﬁcet.
755 4427 856 4496 Qui
905 4429 1041 4483 enim
1077 4445 1180 4483 non
1218 4429 1434 4482 honorat
1465 4428 1682 4494 Filium,
1727 4429 1916 4500 inquit,
1959 4448 2051 4487 nec

465 4515 676 4589 Putrem
695 4519 913 4576 honorat
941 4518 996 4591 (1
1003 4536 1122 4574 van.
1143 4519 1196 4574 5.
1224 4517 1340 4591 25).

481 4657 484 4660 ’
535 4649 589 4704 5.
630 4651 807 4718 Quare
855 4650 1025 4706 Judaei
1069 4666 1174 4704 non
1215 4659 1339 4705 sunt
1388 4650 1504 4720 ejus
1547 4660 1747 4706 tantum
1809 4654 2048 4723 inimici,

463 4745 648 4793 verum
679 4741 838 4794 etiam
867 4740 1056 4795 Patris.
1105 4739 1363 4808 Quocirca
1411 4740 1491 4795 eis
1523 4742 1684 4796 etiam
1729 4745 1905 4798 attulit
1957 4763 2048 4800 ex-

464 4833 638 4896 itium,
671 4823 725 4886 et
769 4833 1034 4887 civitatem
1089 4848 1273 4888 eorum
1323 4833 1504 4900 diruit,
1534 4836 1824 4907 evertitque
1875 4839 2048 4893 fundi-

467 4937 556 4982 tus
582 4968 598 4992 ,
643 4928 748 4982 etsi
795 4941 907 4981 non
966 4923 1150 4979 statim
1186 4935 1304 4994 post
1347 4939 1557 4982 erucem
1583 4968 1599 4992 ,
1631 4937 1685 4982 et
1731 4929 1944 5000 longum
1970 4931 2048 4985 eis

465 5027 676 5084 tempus
701 5014 846 5070 dedit
885 5014 948 5068 ad
980 5017 1372 5084 paenitentiam,
1403 5018 1447 5072 si
1487 5018 1648 5072 modo
1676 5019 1872 5075 vellent
1909 5023 2044 5076 resi-

463 5107 704 5176 piscere,
731 5112 785 5161 et
810 5106 984 5162 emisit
1027 5107 1312 5176 apostolos,
1348 5117 1404 5161 ut
1457 5125 1576 5164 cum
1623 5125 1716 5178 per
1759 5111 1901 5181 ipsos
1931 5113 2047 5181 ejus

462 5199 774 5256 didicissent
799 5199 1110 5271 potentiam,
1142 5200 1225 5256 vel
1267 5215 1388 5257 sero
1427 5202 1637 5258 tandem
1667 5217 2041 5261 converteren-

526 5339 543 5370 ⁸
579 5337 638 5387 lu
660 5337 778 5388 Edit.
808 5336 973 5404 logei.
1002 5343 1185 5404 _Gra:oe_
1215 5335 1495 5400 legebatur,
1516 5351 1576 5390 καὶ
1616 5350 1636 5390 δ
1664 5353 1785 5404 βοτὴρ
1815 5354 1902 5404 ηὼς
1933 5353 2042 5390 αὑτὸν

462 5411 525 5464 tu
548 5412 842 5464 mpm.
875 5397 1038 5449 Vertit
1053 5397 1315 5450 Gentiamis
1335 5408 1574 5450 Hervetus
1590 5439 1603 5461 ,
1629 5401 1675 5451 ei
1695 5397 1826 5464 apud
1846 5397 2043 5464 crucem

461 5460 653 5521 riseris;
675 5460 720 5509 id
742 5460 875 5510 stare
896 5473 990 5510 non
1014 5468 1212 5524 potest:
1239 5475 1334 5511 non
1359 5464 1488 5510 enim
1519 5463 1642 5524 apud
1667 5460 1863 5512 crucem
1889 5463 1967 5512 vel
1994 5464 2040 5512 in

461 5527 610 5583 cruce
644 5536 704 5572 ea
733 5535 844 5585 quia
865 5522 1137 5585 sequuntur
1161 5522 1380 5575 Christus
1398 5525 1522 5574 Patri
1543 5522 1752 5574 dicebat.
1781 5525 1945 5574 Melius
1968 5526 2038 5572 in-

462 5583 836 5650 terpretaretur,
861 5590 907 5632 ct
937 5583 1166 5643 Saluator,
1193 5585 1347 5647 ipsam
1370 5599 1560 5650 crucem
1583 5586 1634 5635 in
1655 5585 1812 5650 animo
1832 5585 2037 5650 habens,

461 5645 599 5693 dicit.
631 5645 790 5692 Lectio
824 5653 989 5694 autem
1020 5645 1306 5695 cancrorum
1333 5648 1683 5709 exemplarium
1719 5649 1847 5699 bene
1871 5648 2034 5706 habet,

461 5717 548 5771 πρὸς
565 5717 672 5768 cita.
695 5717 760 5767 1:va
765 5721 922 5776 ,Πιτίςια
943 5719 1047 5769 λέγων
1065 5747 1076 5766 ,
1103 5711 1166 5760 ad
1190 5717 1383 5761 Putrem
1406 5709 1560 5772 ipsum
1585 5709 1766 5760 (licens.

1183 282 1240 338 S.
1283 283 1562 340 JOANNIS
1585 275 2062 340 CHRYSOSTOMI
2116 274 2431 331 AliClllEP.
2465 278 2998 337 CONSTANTINOP.
3665 288 3766 346 τῃ

2183 399 2286 444 tur.
2315 390 2447 444 Cum
2473 402 2649 446 autem
2686 407 2830 448 esset
2855 411 3034 448 eorum
3082 397 3298 452 morbus
3339 399 3762 469 innncdimbi'is,

2175 483 2256 535 eis
2281 483 2636 552 colophonem
2669 485 2928 540 malorum
2959 487 3191 552 induxit;
3223 505 3282 542 ea
3310 506 3521 559 quoque
3561 501 3763 548 ratimre

2175 586 2270 626 eos
2318 589 2499 627 rursus
2529 589 2724 630 vocans
2764 576 2831 630 ad
2869 578 3229 643 ptenitentiam
3255 619 3269 641 ,
3300 589 3356 632 nt
3391 597 3509 634 eum
3541 598 3570 635 a
3600 594 3761 639 Vt‘li‘l‘t

2175 663 2342 719 ﬁirma
2389 667 2692 736 reipublicze
2731 669 3060 734 exciderint,
3089 671 3170 724 vel
3201 671 3268 724 ab
3315 672 3423 742 ipsa
3457 689 3635 728 rerum
3669 693 3758 728 ne-

2171 757 2418 811 cessitate
2438 759 2502 811 ad
2524 759 2800 813 veritatem
2829 758 3178 823 deducantur,
3211 777 3330 815 cum
3355 772 3574 827 etcum,
3603 782 3759 834 quem

2173 848 2382 917 probris
2407 857 2461 902 et
2491 849 2700 919 injuriis
2727 845 3038 918 aliecerunt,
3070 853 3280 908 videant
3309 854 3503 925 ubique
3524 856 3755 922 adorari,

2171 947 2226 992 et
2253 954 2345 992 sua
2368 941 2544 994 omnia
2579 942 2774 997 misere
2795 944 3080 998 corruisse.
3109 943 3333 1011 Quando
3370 956 3546 1000 autem
3585 964 3650 1002 ne
3687 951 3760 1005 sic

2165 1029 2383 1097 quidem
2429 1031 2678 1086 meliores
2704 1034 3006 1099 evaserint,
3041 1043 3166 1089 tunc
3206 1036 3416 1092 tandem
3445 1081 3457 1100 ,
3483 1047 3542 1091 ut
3569 1039 3758 1109 quibus

2171 1119 2302 1172 nihil
2333 1121 2563 1189 supersit
2591 1123 2761 1177 venite
2783 1165 2798 1190 ,
2828 1125 2880 1178 in
2921 1125 3224 1180 immortale
3256 1127 3609 1183 detrudentur
3637 1147 3756 1200 sup-

2171 1210 2405 1278 plicium.
2431 1209 2562 1266 Cum
2606 1221 2782 1268 autem
2824 1215 2976 1270 audis
3004 1215 3316 1283 Scabellum,
3345 1235 3411 1271 ne
3453 1207 3608 1287 putes
3637 1237 3754 1275 eum

2167 1300 2348 1358 dicere
2395 1303 2594 1374 aliquid
2640 1307 2932 1373 sensibile,
2979 1307 3074 1362 sed
3124 1309 3291 1378 ipsam
3345 1311 3750 1380 subjectionem.

2167 1393 2318 1460 Quod
2346 1404 2522 1450 autem
2549 1397 2596 1450 ei
2629 1397 2894 1466 subjiciat,
2915 1398 3118 1453 clarum
3156 1407 3241 1454 est
3277 1415 3344 1454 ex
3369 1415 3434 1456 eo
3458 1401 3602 1470 quod
3631 1403 3753 1455 sub-

2159 1485 2440 1556 jungitur;
2467 1488 2588 1560 quia
2618 1490 2760 1544 enim
2797 1499 2879 1545 est
2908 1500 3043 1544 unus
3071 1489 3326 1558 thronus,
3351 1508 3514 1546 unum
3545 1509 3754 1563 quoque

2165 1588 2248 1631 eSt
2273 1579 2586 1633 scabellum.

2241 1663 2571 1742 Principatus
2599 1669 2876 1742 Unigeniti.
2916 1671 3104 1743 Perpes
3143 1682 3215 1728 est
3261 1673 3445 1728 Christi
3496 1675 3751 1745 principa-

2165 1769 2264 1814 tus.
2308 1789 2383 1801 -—
2439 1761 2492 1815 5.
2553 1759 2738 1816 Tecum
2791 1764 3103 1834 principatus
3156 1766 3208 1818 in
3255 1765 3338 1819 die
3383 1767 3580 1819 virtutis
3631 1777 3744 1821 tute.

2163 1851 2424 1918 Quoniam
2455 1852 2588 1908 dixit
2630 1855 2904 1924 superius,
2934 1854 3110 1909 Donec
3149 1872 3333 1926 ponam
3373 1857 3606 1911 inimicos
3644 1872 3751 1911 tuos

2161 1943 2435 1999 scabellum
2455 1945 2638 2015 pedum
2663 1956 2888 2014 tuorum,
2912 1965 2979 2003 ne
3006 1948 3126 2018 quis
3155 1949 3487 2004 existimaret
3513 1966 3634 2004 esse
3657 1952 3749 2004 im-

2166 2035 2412 2090 becillum
2441 2035 2654 2103 Filium,
2682 2047 2734 2093 et
2768 2052 2902 2108 opus
2927 2039 3122 2094 habere
3155 2041 3464 2110 operatione
3489 2082 3504 2107 ,
3539 2041 3674 2094 sicut
3697 2051 3750 2095 et

2163 2126 2466 2198 quempiam
2491 2143 2559 2183 ex
2589 2130 2844 2198 apostolis
2867 2171 2882 2194 ,
2911 2131 3029 2185 audi
3069 2131 3338 2202 quomodo
3376 2131 3532 2186 adert
3576 2149 3746 2187 reme-

2163 2221 2311 2276 dium
2341 2221 2466 2277 huic
2507 2223 2832 2292 suspicioni,
2860 2223 3043 2279 dicens
3073 2241 3086 2277 :
3119 2223 3303 2278 Tecum
3347 2226 3661 2294 principatus
3700 2227 3750 2279 in

2161 2312 2245 2366 die
2286 2312 2481 2366 virtutis
2509 2321 2627 2367 tute.
2655 2313 2792 2380 Quid
2815 2324 2899 2369 est
2919 2355 2935 2380 ,
2965 2313 3154 2369 Tecum
3184 2313 3512 2385 principatus
3531 2318 3556 2370 .9
3587 2318 3640 2370 In
3674 2328 3743 2380 te,

2164 2403 2352 2474 inquit,
2375 2412 2458 2458 est
2476 2404 2818 2474 principatus,
2841 2406 2928 2476 qui
2957 2422 3060 2460 non
3089 2415 3270 2476 postea
3297 2409 3541 2472 accessit,
3572 2408 3664 2461 sed
3697 2408 3744 2460 iu

2164 2504 2216 2550 te
2251 2507 2334 2550 est
2375 2505 2630 2566 perpetuo
2666 2513 2680 2550 :
2711 2497 2853 2568 quod
2887 2499 3044 2552 etiam
3081 2497 3242 2552 Isaias
3273 2498 3520 2552 similiter
3545 2500 3745 2569 signiti-

2160 2602 2290 2644 caus
2313 2587 2525 2644 dicebat
2556 2607 2569 2642 :
2600 2588 2763 2658 Cujus
2800 2589 3111 2659 principatus
3153 2606 3303 2659 super
3337 2589 3600 2642 Itiinierum
3641 2591 3747 2658 ejus

2163 2679 2312 2752 (Isai.
2345 2681 2398 2736 9.
2429 2681 2484 2750 6)
2512 2697 2527 2747 ;
2551 2681 2655 2737 hoc
2678 2690 2761 2737 est
2783 2723 2798 2747 ,
2829 2683 2882 2736 in
2920 2682 3057 2751 ipso,
3090 2683 3140 2736 in
3171 2682 3463 2738 substantia
3512 2683 3628 2750 ejus
3648 2723 3661 2746 ,
3693 2685 3742 2735 in

2162 2784 2347 2829 natura
2373 2773 2490 2844 ejus
2521 2791 2534 2827 :
2566 2774 2706 2844 quod
2733 2774 2944 2844 quidem
2972 2789 3075 2828 non
3103 2776 3241 2829 inest
3267 2774 3319 2828 in
3347 2774 3579 2843 regibus.
3605 2774 3742 2828 Prin-

2160 2866 2368 2934 cipatus
2415 2865 2555 2920 enim
2597 2879 2781 2920 eorum
2831 2875 2914 2920 est
2951 2865 3002 2918 in
3047 2865 3384 2920 multitudine
3435 2865 3738 2920 exercitus:

2161 2957 2303 3028 quod
2345 2971 2450 3011 non
2498 2964 2614 3010 erat
2657 2957 2708 3010 in
2753 2957 3024 3026 apostolis.
3068 2957 3200 3011 Nam
3244 2957 3478 3027 ipsorum
3535 2972 3742 3026 quoque

2161 3050 2484 3120 principatus
2509 3048 2773 3103 stabilitas
2798 3047 2891 3102 fuit
2921 3063 3018 3119 per
3041 3051 3408 3119 Operationem
3434 3050 3514 3103 eis
3539 3050 3740 3103 extrin-

2159 3157 2314 3198 secus
2365 3141 2666 3207 induetam;
2706 3143 2821 3213 ipse
2868 3153 3045 3199 autem
3089 3144 3272 3198 habuit
3309 3143 3660 3214 principatum
3691 3144 3740 3197 in

2159 3243 2367 3299 natura,
2401 3233 2449 3286 in
2478 3235 2795 3300 substantia,
2829 3243 2884 3288 ut
2907 3236 2994 3305 qui
3021 3252 3124 3290 non
3154 3251 3275 3290 eum
3306 3234 3573 3304 acceperit
3598 3243 3736 3303 post-

2159 3343 2316 3397 quam
2357 3328 2450 3381 fuit
2473 3327 2713 3397 genitus,
2755 3343 2854 3382 nec
2877 3328 3237 3382 cxstrinsecus
3278 3327 3620 3396 imperiatum
3655 3333 3743 3379 aut

2158 3417 2505 3472 adventitium
2526 3419 2840 3488 possederit,
2865 3419 2958 3473 sed
2989 3419 3054 3472 ita
3085 3419 3154 3473 sit
3180 3419 3406 3488 genitus.
3432 3417 3501 3472 Et
3531 3417 3651 3472 ideo
3676 3417 3742 3471 de

2159 3518 2324 3580 regno
2350 3525 2560 3579 quoque
2590 3511 2964 3580 interrogatus,
2997 3511 3202 3565 diccbat
3234 3526 3248 3562 :
3281 3509 3392 3580 Ego
3421 3511 3490 3562 ad
3526 3511 3622 3563 hoc
3647 3526 3737 3562 na-

2159 3611 2238 3654 tus
2263 3617 2372 3654 sum
2391 3641 2407 3665 ,
2436 3611 2482 3654 et
2510 3600 2578 3654 ad
2603 3603 2697 3654 hoc
2727 3602 2856 3655 ueni.
2888 3596 3073 3654 Tecum
3109 3601 3420 3670 principatus
3458 3601 3511 3652 in
3538 3600 3622 3652 die
3647 3617 3738 3669 po-

2157 3692 2322 3744 tentia:
2341 3702 2442 3744 tua:
2469 3691 2754 3764 (Joan.18.
2779 3692 2890 3763 57).
2922 3691 3037 3746 Νοη
3069 3695 3181 3745 tunc
3213 3701 3389 3744 autem
3416 3692 3589 3745 solum
3624 3705 3740 3760 quze

2155 3783 2296 3836 dicta
2335 3793 2488 3847 sunt,
2532 3783 2795 3852 signiﬁcat
2844 3782 3003 3849 illud,
3043 3781 3230 3837 Tecum
3273 3783 3620 3851 principatus,
3647 3780 3738 3834 sed

2156 3873 2317 3927 etiam
2343 3873 2468 3938 alia,
2497 3887 2691 3942 nempe
2716 3889 2820 3928 non
2845 3888 2964 3928 esse
2989 3875 3103 3942 ejus
3131 3872 3480 3942 principatum
3507 3874 3560 3927 in
3601 3874 3735 3934 alio,

2157 3964 2252 4019 sed
2281 3979 2400 4018 esse
2427 3973 2736 4034 perpetuum
2761 3975 2812 4020 et
2844 3966 3217 4020 immortalem.
3245 3966 3500 4021 Homines
3525 3965 3667 4020 enim
3697 3967 3740 4018 is

2157 4057 2240 4110 vel
2271 4058 2506 4110 viventes
2533 4071 2680 4126 saepe
2710 4056 2911 4112 deserit
2941 4075 2955 4110 :
2988 4066 3041 4112 et
3075 4057 3120 4111 si
3151 4071 3258 4111 non
3288 4057 3528 4112 viventes
3551 4096 3567 4123 ,
3597 4065 3740 4112 certe

2155 4147 2373 4202 omnino
2398 4158 2668 4214 mortuos;
2699 4149 2806 4202 imo
2827 4163 2982 4215 vero,
3009 4149 3148 4220 quod
3182 4149 3352 4219 majus
3377 4157 3478 4215 est,
3507 4164 3577 4204 ne
3614 4150 3740 4205 dum

2155 4238 2338 4293 vivunt
2361 4239 2595 4310 quidem,
2621 4247 2704 4295 est
2727 4256 2849 4296 cum
2867 4241 2978 4306 eis;
3008 4242 3120 4308 sed,
3150 4253 3206 4296 ut
3221 4242 3330 4312 jam
3350 4241 3481 4309 dixi,
3505 4243 3559 4296 in
3587 4258 3740 4298 exer-

2155 4332 2364 4397 citibus,
2392 4341 2448 4389 et
2471 4333 2808 4400 satellitibus,
2835 4351 2898 4390 ac
2922 4335 3163 4405 corporis
3191 4335 3521 4402 custodibus,
3544 4335 3597 4390 in
3629 4350 3741 4390 mae

2153 4440 2254 4496 gna
2274 4426 2322 4480 vi
2349 4425 2605 4494 pecunias,
2626 4425 2678 4481 in
2704 4441 2974 4482 murorum
3000 4427 3224 4493 ambitu,
3252 4436 3306 4481 et
3328 4426 3446 4480 aliis
3467 4426 3736 4480 omnibus:

2154 4515 2208 4570 in
2240 4517 2348 4571 Deo
2376 4525 2551 4572 autem
2579 4532 2685 4573 non
2725 4518 2886 4572 modo
2911 4533 3016 4572 non
3043 4519 3113 4572 ita
3141 4527 3251 4583 est,
3284 4518 3376 4572 sed
3407 4518 3461 4571 in
3492 4518 3608 4587 ipso
3634 4526 3735 4584 est,

2154 4618 2206 4663 et
2239 4620 2536 4679 perpetuo:
2565 4620 2616 4665 et
2661 4611 3110 4681 quemadmodum
3159 4610 3271 4665 ﬁeri
3312 4625 3415 4664 non
3465 4619 3641 4679 potest
3684 4615 3739 4662 ut

2153 4716 2259 4755 non
2299 4701 2367 4756 sit
2391 4701 2508 4772 ejus
2537 4703 2856 4768 substantia,
2886 4702 2956 4756 ita
2982 4703 3144 4758 etiam
3171 4710 3230 4755 ut
3259 4715 3366 4754 non
3394 4699 3464 4753 sit
3489 4715 3735 4771 regnum.

2153 4791 2221 4846 1η
2248 4793 2331 4848 die
2373 4795 2607 4862 potentiae
2635 4804 2754 4849 tute.
2785 4793 2936 4849 Diem
2979 4795 3227 4864 potentiae
3271 4803 3423 4863 potes
3459 4793 3642 4848 dicere
3685 4799 3738 4847 et

2151 4887 2292 4942 diem
2321 4888 2408 4958 qui
2429 4888 2540 4958 jam
2565 4887 2682 4954 fuit,
2708 4897 2763 4943 et
2785 4887 2926 4942 diem
2947 4887 3036 4957 qui
3069 4887 3277 4941 futurus
3295 4893 3396 4940 est.
3425 4885 3480 4938 In
3510 4895 3738 4953 utroque

2150 4982 2291 5035 enim
2341 4981 2572 5034 maxima
2601 4979 2898 5034 ostenditur
2928 4979 3182 5048 potentia.
3214 4980 3402 5032 Annon
3442 4977 3540 5032 tibi
3594 4976 3739 5030 vide-

2151 5081 2239 5126 tur
2261 5086 2381 5126 esse
2407 5071 2694 5125 maximum
2722 5070 2970 5140 potentia:
2993 5079 3380 5140 argmncntum.
3405 5069 3623 5138 quando
3648 5083 3734 5137 per

2150 5171 2374 5215 mortem
2409 5177 2552 5214 mors
2591 5160 2826 5222 deletur,
2860 5161 3070 5229 quando
3101 5170 3264 5228 portae
3298 5175 3462 5213 :eneae
3497 5159 3736 5214 confrin-

2146 5264 2374 5320 guntur,
2405 5250 2616 5320 quando
2642 5261 2916 5320 peccatum
2961 5251 3204 5305 aboletur
3223 5291 3236 5313 ,
3270 5250 3485 5319 quando
3512 5251 3738 5304 maledi-

2145 5349 2286 5394 ctmu
2314 5342 2558 5406 solvitur,
2586 5341 2798 5411 quando
2823 5351 3002 5396 vetera
3029 5343 3202 5395 omnia
3235 5340 3372 5393 mala
3404 5351 3734 5402 evertuntur,

2145 5444 2199 5486 ct
2235 5434 2335 5484 alia
2373 5448 2506 5486 nova
2549 5434 2683 5487 bona
2727 5434 3176 5488 introducantur?
3201 5432 3334 5498 Quid
3376 5434 3519 5486 enim
3565 5443 3737 5501 potest

2143 5539 2262 5577 cum
2293 5523 2390 5576 bac
2419 5523 2650 5578 conferri
2680 5526 2932 5592 potentia,
2958 5527 3068 5579 sive
3097 5524 3402 5578 consideres
3436 5524 3691 5576 miracula
3715 5553 3729 5586 ι

2145 5614 2253 5667 sive
2280 5612 2634 5682 pulcherrima
2669 5615 2917 5668 .facinora
2947 5619 2970 5666 ’ἰ
2997 5615 3185 5668 Μυῖίυί
3213 5614 3583 5667 cxoitabantnr
3608 5655 3621 5674 ,
3659 5615 3734 5667 lc-

2140 5701 2290 5769 ιιι-οδὶ
2352 5705 2758 5770 inundabauttn',
2801 5705 3067 5760 dcemoncs
3106 5704 3540 5771 expellebantm',
3589 5717 3732 5757 mam
