4062 6208
527 272 637 330 873

528 387 854 460 ταπέτασμα
887 387 1151 459 ἐσχίζετο,
1177 389 1393 453 ἀκτῖνες
1431 389 1582 461 ήλίου
1620 390 2025 460 ἀπεστρέφοντο
2048 399 2098 451 ο,

534 473 628 528 καὶ
654 472 843 534 σκότος
865 471 962 542 τὴν
983 471 1304 542 οἰκουμένην
1327 473 1724 543 κατελάμϐανε,
1748 473 1973 542 σώματα
1995 470 2103 523 τῶν

533 559 947 630 κεκοιμημένων
968 559 1138 628 ἀγίων
1151 559 1424 630 ἠγείρετο,
1442 558 1644 630 λῃστὴς
1662 561 1740 622 εἰς
1757 561 1856 622 τὴν
1874 558 2104 630 ἀρχαίαν

531 647 758 718 ἐπανῄει
774 646 1024 718 πατρίδα,
1043 646 1271 718 οὐρανοῦ
1294 645 1475 715 ἀψῖδες
1660 645 2099 708 ἀνεπετάννυντο,

532 736 566 805 ἠ
590 735 750 802 φύσις
769 735 803 803 ή
829 733 1334 804 καταπεπατημένη
1359 733 1498 802 ὐπέρ
1524 733 1614 786 τὸν
1640 732 1868 804 οὐρανὸν
1895 731 1988 784 τοῦ
2015 733 2106 784 οὐ·

537 821 696 891 ρανοῦ
733 822 870 890 πρὸς
899 822 968 876 τά
1006 820 1276 891 ὑψώματα
1307 821 1558 890 ἀνήγετο,
1591 819 1687 872 καὶ
1727 819 1788 872 τὺ
1819 818 1884 889 δὴ
1913 818 2102 872 τούτου

535 906 738 976 μεῖζον,
760 909 852 960 ἐπὶ
879 908 1069 978 θρόνου
1099 905 1384 971 ἐκαθέζετο
1407 905 1708 976 βασιλικοῦ,
1737 905 2103 978 παρεστώτων

532 994 779 1063 ἀγγέλων
812 995 947 1066 αὐτῇ
987 995 1082 1048 καὶ
1109 995 1219 1048 τῶν
1244 995 1522 1064 δυνάμεων
1539 1010 1553 1024 ο
1577 993 1744 1048 κακία
1765 995 1912 1046 πᾶσα
1938 993 2105 1062 ⁴ἰςλαύ-

533 1099 672 1143 νετο,
723 1083 891 1154 ἀρετὴ
933 1084 1264 1154 ἐπανήγετο,
1311 1082 1626 1154 Πνεύματος
1670 1082 1829 1154 χάρις
1879 1081 2098 1146 ἐδίδοτο,

531 1170 722 1233 ἁλιεῖς,
755 1170 846 1222 καὶ
875 1168 1123 1234 τελῶναι,
1149 1170 1241 1223 καὶ
1271 1171 1587 1240 σκηνοποιοὶ
1611 1169 1913 1240 φιλοσόφων
1934 1168 2106 1242 ἀπέρ-

533 1261 738 1329 ραπτον
779 1257 1043 1328 στόματα,
1078 1259 1323 1330 ρητόρων
1344 1258 1685 1330 ἀπέστρεφον
1706 1257 1972 1328 γλῶτταν,
1997 1257 2107 1311 δαι-

534 1343 710 1412 μόνων
757 1344 1017 1398 κατέλυον
1044 1344 1336 1414 τυραννίδα
1361 1361 1376 1376 ο
1431 1344 1606 1415 βωμοὶ
1627 1387 1642 1410 ,
1693 1346 1787 1398 καὶ
1820 1344 1968 1410 ναοὶ,
2009 1344 2104 1398 καὶ

531 1430 733 1500 ἑορταὶ.
767 1431 861 1484 καὶ
889 1432 1229 1502 πανηγύρεις
1272 1429 1580 1499 Ἑλληνικαὶ⁸
1607 1430 1874 1485 διελύοντο
1895 1447 1908 1458 ·
1945 1433 2103 1484 κνῖσα

529 1517 625 1571 καὶ
646 1517 868 1583 καπνὸς,
895 1520 989 1572 καὶ
1017 1519 1084 1572 τά
1106 1520 1273 1589 ἐναγῆ
1300 1517 1518 1588 θύματα
1543 1518 1720 1571 πάντα
1741 1518 1880 1572 κατά
1906 1519 2104 1588 κράτος

529 1603 814 1672 ἠλαύνετο,
839 1604 1060 1675 μάντεις
1098 1607 1192 1660 καὶ
1232 1605 1648 1677 μητραγύρται,
1693 1605 1787 1659 καὶ
1815 1607 2100 1660 οἰωνοσκό-

529 1707 643 1755 ποι,
676 1691 770 1744 καὶ
809 1690 956 1744 άπαν
985 1689 1080 1744 τοῦ
1105 1691 1350 1745 διαϐόλου
1377 1692 1438 1744 τὸ
1475 1693 1833 1764 ἐργαστήριον
1870 1692 2097 1763 ἐδραπέ-

527 1792 707 1840 τευον,
745 1777 1061 1848 Ἐκκλησίαι
1106 1778 1383 1849 πανταχοῦ
1427 1779 1525 1848 τῆς
1571 1779 1896 1850 οἰκουμένης
1941 1780 2100 1834 ἐϐλά-

531 1881 759 1931 στανον,
813 1866 1098 1937 παρθένων
1149 1869 1299 1939 χοροὶ
1357 1867 1707 1930 συνίσταντο,
1762 1867 2100 1938 μοναζόντων

527 1952 804 2024 τάγματα,
847 1953 984 2025 μετὰ
1011 1955 1121 2008 τῶν
1153 1955 1360 2007 πόλεων
1390 1954 1486 2008 καὶ⁸
1518 1956 1551 2026 ή
1587 1954 1790 2026 ἔρημος
1819 1955 2100 2020 εὐσεϐείας

529 2039 853 2112 ἐπληροῦτο,
884 2040 972 2094 καὶ
994 2041 1145 2113 χοροὶ
1165 2041 1387 2095 δικαίων
1412 2044 1506 2095 καὶ
1527 2041 1696 2109 ἁγίων
1723 2041 1930 2113 ἀνδρῶν
1953 2043 2102 2096 ἱστά-

532 2143 684 2196 μενοι
723 2129 843 2193 ταῖς
865 2129 978 2183 ἀνω
1019 2128 1280 2199 δυνάμεσι
1308 2129 1417 2182 τῶν
1464 2129 1713 2198 ἀγγέλων
1737 2128 2000 2200 ἀντήχουν
2041 2132 2100 2186 ἐν

527 2214 596 2284 τῇ
635 2212 894 2286 μελῳδίᾳ,
940 2215 1035 2268 καὶ⁵
1069 2214 1364 2287 μαρτύρων
1411 2215 1592 2287 δῆμοι,
1635 2217 1728 2269 καὶ
1753 2217 2100 2288 ὁμολογητῶν

531 2299 710 2372 πλήθη
756 2300 1030 2372 πανταχοῦ
1064 2301 1166 2372 τῆς
1206 2301 1524 2374 οἰκουμένης
1578 2303 1886 2372 ἐφυτεύετο,
1931 2305 2098 2378 ἀρετὴ

532 2386 672 2458 μετά
707 2387 908 2459 πολλῆς
955 2388 1302 2461 κατωρθοῦτο
1352 2389 1453 2459 τῆς
1493 2390 1776 2455 εὐκολίας,
1810 2391 2099 2464 βαρϐάρων

528 2473 658 2546 ιθνη
691 2474 998 2545 φιλοσοφεῖν
1021 2476 1354 2540 ἐπαιδεύετο,
1385 2477 1480 2530 καὶ
1511 2479 1558 2532 οἱ
1590 2477 1792 2549 θηρίων
1831 2479 2098 2550 ἀγριώτε-

532 2579 616 2634 ροι
665 2563 804 2634 πρὸς
844 2563 943 2634 τήν
972 2562 1080 2618 τῶν
1124 2563 1370 2633 ἀγγέλων
1421 2564 1692 2619 πολιτείαν
1722 2565 1820 2637 τὴν
1868 2567 2100 2636 ἅμιλλαν

529 2647 929 2715 ἐπεδείκνυντο,
961 2651 1058 2704 καὶ
1083 2650 1214 2720 ὅσην
1250 2649 1402 2722 ἥλιος
1432 2653 1603 2723 ἐφορᾷ
1625 2652 1749 2724 γῆν.
1777 2653 2044 2725 τοσαύτην
2070 2655 2100 2707 ό

527 2734 686 2804 λόγος
710 2736 971 2808 ἐπέτρεχε
1001 2737 1138 2808 μετά
1163 2738 1252 2793 τὸν
1279 2738 1511 2810 σταυρὸν
1532 2741 1625 2793 καὶ
1651 2741 1750 2812 τήν
1781 2741 2096 2797 ἀνάστασιν.

527 2821 710 2894 Ἅπερ
739 2823 954 2878 ἃπαντα
983 2824 1179 2878 ἐννοῶν
1209 2826 1238 2878 ό
1265 2826 1551 2897 Προφήτης
1578 2825 1730 2894 ἔλεγε
1749 2841 1764 2857 ·
1797 2828 1955 2882 Μετὰ
1981 2827 2099 2882 σοῦ

526 2910 568 2980 ἡ
598 2910 756 2982 ἀρχὴ
784 2911 855 2966 ἐν
875 2911 1064 2984 ἡμέρᾳ
1097 2911 1204 2981 τῆς
1234 2911 1540 2984 δυνάμεώς
1565 2929 1702 2969 σου.

599 3081 681 3148 ς’.
705 3082 768 3136 Εἰ
784 3082 841 3136 δέ
864 3081 1042 3152 βούλει
1067 3081 1162 3137 καὶ
1176 3081 1276 3154 τήν
1295 3081 1592 3153 μέλλουσαν
1609 3083 1820 3156 ἡμέραν
1845 3083 1990 3149 ἰδεῖν,
2004 3087 2100 3140 καὶ

529 3169 723 3240 μαθεῖν
753 3169 872 3235 πῶς
901 3171 993 3222 καὶ
1019 3169 1203 3240 ἐκείνη
1226 3169 1407 3242 ήμέρα
1431 3169 1714 3241 δυνάμεως
1742 3172 1906 3225 αὐτοῦ
1929 3173 2096 3236 ἐστιν,

527 3257 781 3327 ἐννόησον
805 3255 992 3327 ήλίκον
1026 3255 1173 3309 ἐστὶν
1206 3255 1334 3309 ἰδεῖν
1365 3256 1457 3309 τὸν
1487 3257 1713 3328 οὐρανὸν
1746 3257 2099 3330 συστελλόμεσ

527 3361 642 3411 νον,
689 3344 784 3398 καὶ
813 3342 1034 3399 ἀπασαν
1069 3343 1168 3414 τὴν
1196 3342 1357 3413 φύσιν
1389 3343 1486 3413 τὴν
1518 3344 1963 3416 καταφθαρεῖσαν
2002 3346 2100 3398 άν-

529 3433 847 3505 ισταμένην,
879 3434 975 3488 καὶ
1011 3432 1089 3504 τῷ
1116 3431 1344 3502 νεύματι
1374 3433 1810 3504 παρισταμένους
1833 3435 2096 3502 ἅπαντας,

527 3519 773 3574 διάϐολον
798 3519 1309 3590 καταισχυνόμενον,
1328 3519 1586 3590 δαίμονας
1605 3519 1754 3574 κάτω
1773 3519 2097 3588 κύπτοντας,

526 3605 769 3670 δικαίους
819 3607 1285 3678 στεφανουμένους
1304 3646 1320 3671 ,
1371 3606 1600 3660 ἕκαστον
1635 3606 1864 3671 εὐθύνας
1894 3607 2102 3662 διδόντα

526 3692 638 3747 τῶν
661 3693 1234 3765 πεπλημμελημένων,
1261 3694 1330 3748 τά
1361 3693 1591 3766 βραδεῖα
1624 3693 1968 3766 λαμϐάνοντα
1991 3695 2100 3750 τῶν

527 3780 992 3854 κατορθωμάτων,
1031 3781 1222 3854 ἐτέρας
1260 3781 1405 3853 ζωῆς
1437 3785 1768 3837 κατάστασιν
1786 3783 2098 3856 γινομένην.

528 3869 725 3923 Οὐκέτι
751 3869 860 3940 γάρ
885 3869 1142 3935 θάνατος,
1180 3869 1276 3922 καὶ
1303 3870 1484 3933 νόσος,
1511 3861 1624 3922 ’καὶ
1658 3870 1832 3941 γῆρας
1853 3911 1869 3937 ,
1915 3871 2099 3926 οὐκέτι

527 3955 706 4022 πενία,
732 3957 827 4010 καὶ⁸
847 3957 1123 4028 ἐπήρειαι,
1145 3955 1236 4009 καὶ
1264 3956 1566 4021 ἐπιϐουλαὶ,
1589 3957 1770 4011 οὐκέτι
1802 3958 2096 4031 οἰκήματα,

527 4043 620 4097 καὶ
645 4043 846 4110 πόλεις,
875 4042 970 4097 καὶ
997 4043 1204 4114 τέχναι,
1229 4042 1322 4097 καὶ
1345 4042 1630 4110 ναυτιλίαι,
1657 4044 1837 4099 οὐκέτι
1869 4045 2099 4116 ἱματίων

423 4130 428 4134 ’
526 4130 810 4203 περιϐολὴ,
838 4132 932 4186 καλ⁸
958 4133 1102 4197 σῖτα,
1131 4131 1225 4185 καὶ
1247 4130 1406 4196 ποτά,
1433 4133 1525 4186 καὶ
1544 4131 1752 4204 δροφοι,
1777 4133 1871 4187 καὶ⁸
1897 4133 2094 4200 κλῖναι,

525 4219 622 4272 καὶ
651 4218 959 4290 τράπεζαι,
989 4219 1084 4272 καὶ⁵
1135 4217 1383 4288 λυχνίαι,
1428 4219 1613 4272 οὐκέτι
1657 4219 1969 4285 ἐπιϐουλαὶ,
2004 4221 2100 4275 καὶ

529 4307 730 4378 μάχαι,
764 4307 860 4362 καὶ
908 4307 1268 4378 δικαστήρια,
1301 4306 1484 4360 οὐκέτι
1510 4307 1678 4378 γάμοι
1697 4346 1715 4373 ,
1747 4309 1840 4362 καὶ
1889 4309 2096 4374 ὠδῖνες,

526 4395 624 4449 καὶ
639 4396 790 4450 τόκοι
810 4413 825 4428 ·
853 4395 990 4450 ἀλλά
1015 4395 1188 4450 ταῦτα
1211 4395 1388 4449 πάντα
1414 4395 1602 4467 ῶσπερ
1633 4396 1776 4460 κόνις,
1809 4397 2099 4451 ἀποσοϐοῦ-

529 4483 665 4554 μένη
699 4483 1052 4547 καταλύεται,
1083 4481 1179 4535 καὶ
1206 4481 1368 4554 ἐτέρα
1389 4499 1472 4546 τις
1495 4483 1732 4552 ἀμείνων
1757 4482 1902 4554 ζωῆς
1924 4483 2098 4539 κατά-

527 4585 717 4634 στασις
764 4569 967 4624 δίδοται
988 4610 1004 4636 ,
1061 4567 1371 4638 ἀφθαρσίας
1393 4607 1410 4633 ,
1455 4566 1773 4632 ἀθανασίας,
1819 4567 2099 4640 δυνάμεως

525 4653 730 4726 πολλῆς
756 4656 836 4728 τῷ
860 4655 1072 4727 σώματι
1099 4653 1480 4725 χαριζομένης.
1509 4653 1685 4724 Ἀπερ
1712 4655 1806 4708 καὶ
1829 4655 1859 4708 ό
1885 4655 2098 4720 Παῦλος

523 4741 725 4812 δηλῶν,
755 4743 908 4812 ἔλεγε
930 4759 944 4773 ⁶
979 4741 1235 4811 Παράτει
1263 4741 1372 4812 γάρ
1401 4740 1469 4794 τὸ
1497 4739 1709 4810 σχῆμα
1735 4741 1840 4796 τοῦ
1865 4744 2096 4813 κόσμου

527 4828 763 4883 τούτου.
807 4830 870 4882 Εἰ
909 4828 966 4882 δέ
993 4829 1242 4892 ἀπιστεῖς
1264 4830 1376 4891 τοῖς
1410 4826 1719 4899 εἰρημένοις
1740 4867 1757 4894 ,
1803 4828 1988 4900 ἐπειδὴ
2020 4830 2096 4903 μὴ

525 4915 660 4986 δρᾷς
697 4914 836 4970 αὐτά
868 4914 1131 4986 παρόντα,
1167 4913 1276 4968 ἀπὸ
1305 4913 1412 4968 τῶν
1441 4914 1725 4984 παρόντων
1755 4915 1836 4980 εἰς
1871 4915 1942 4969 τὰ
1967 4918 2098 4990 περὶ

527 5001 636 5058 τῶν
668 5001 971 5074 μελλόντων
1006 5001 1249 5073 λάμϐανε
1286 5001 1387 5072 τήν
1418 5000 1708 5066 ἀπόδειξιν.
1749 5002 1982 5057 Ἐπελθε
2017 5004 2097 5077 τῷ

527 5091 672 5164 λόγῳ
702 5091 802 5165 τήν
846 5091 1168 5162 οἰκουμένην
1193 5091 1432 5156 ἃπασαν,
1475 5090 1576 5161 τὴν
1615 5093 1738 5164 γῆν,
1766 5092 1867 5162 τὴν
1891 5092 2094 5148 θάλασ-

529 5197 660 5244 σαν,
699 5179 797 5252 τὴν
835 5178 1092 5246 Ἐλλάδα,
1132 5179 1231 5251 τὴν
1269 5179 1565 5251 βάρϐαρον,
1608 5179 1708 5252 τήν
1747 5181 2094 5252 οἰκουμένην,

527 5267 626 5340 τὴν
651 5269 926 5340 ἀοίκητον,
966 5267 1066 5333 τὰς
1103 5268 1163 5322 ἐν
1191 5271 1257 5341 τῇ
1289 5271 1360 5340 γῇ
1387 5269 1590 5334 πόλεις,
1619 5268 1720 5334 τὰς
1751 5269 1810 5323 ἐν
1842 5272 1906 5341 τῇ
1940 5268 2093 5343 [259]

528 5357 774 5430 θαλάσσῃ
813 5358 1030 5429 νήσους,
1067 5355 1136 5410 τά
1168 5356 1291 5429 ὅρη,
1343 5357 1437 5410 καὶ
1470 5357 1570 5421 τάς
1609 5356 1807 5422 νάπας,
1835 5358 1930 5412 καὶ
1973 5358 2096 5412 ίδὼν

529 5442 802 5514 πανταχοῦ
834 5443 936 5515 τήν
975 5442 1207 5514 δύναμιν
1252 5443 1347 5500 τοῦ
1390 5443 1626 5516 Χριστοῦ
1661 5443 2091 5518 διαλάμπουσαν,

592 5637 616 5665 ⁸
639 5635 761 5701 Reg.
785 5637 923 5698 ἡλίου
940 5638 1257 5696 ἐσκοτίζοντο.

1179 267 1241 327 S.
1277 269 1561 328 JOANNIS
1595 271 2083 331 CHRYSOSTOMI
2123 271 2444 329 ARCHIEP.
2485 269 3028 327 (IONSTANTINOP.

3669 270 3770 328 9.74

2210 388 2299 442 καὶ
2328 388 2535 450 πάντας
2563 388 2624 439 τὸ
2649 385 2824 456 τίμιον
2855 385 3027 454 ὄνομα
3070 382 3558 454 ἀνακηρύττοντας.
3584 380 3766 436 ἀναλο-

2208 477 2357 544 γίζου
2380 476 2516 548 πρὸς
2545 475 2755 537 ἐαυτὸν,
2787 474 2869 527 ὅτι
2897 475 2924 527 δ
2951 472 3184 527 τοσαῦτα
3201 472 3469 543 δυνηθεὶς,
3495 463 3649 535 οὗτος
3679 472 3769 527 καὶ

2207 565 2274 618 τὰ
2313 563 2572 634 μέλλοντα
2599 561 2979 634 ἐπηγγείλατο.

2278 743 2339 795 Εἰ
2371 741 2426 794 δὲ
2459 740 2548 794 καὶ
2574 739 2681 794 ἀπὸ
2705 739 2904 811 μέρους
2927 736 3131 800 ἐθέλοις
3155 735 3452 806 λαμϐάνειν
3477 735 3766 801 ἀπόδειξιν,

2205 830 2455 900 ἐννόησον
2485 828 2630 890 τίνος
2671 826 2908 896 ἐνεκενή
2940 823 3232 893 οἰκουμένη
3271 823 3552 893 συντρέχει
3589 823 3768 876 ἅπασα

2205 915 2372 985 τάφον
2401 915 2526 968 ἰδεῖν
2550 913 2706 984 σῶμα
2720 913 2820 966 οὐκ
2839 912 3031 981 έχοντα
3050 926 3063 939 ο
3088 910 3216 963 ποία
3235 907 3464 980 δύναμις
3486 909 3633 962 ἕλκει
3648 912 3768 974 τοὺς

2204 1002 2312 1055 ἀπὸ
2331 1000 2442 1054 τῶν
2465 1000 2715 1071 περάτων
2728 998 2826 1068 τῆς
2848 998 2972 1068 γῆς,
2992 996 3130 1050 ὥστε
3157 996 3285 1049 ἰδεῖν
3311 995 3414 1049 ποῦ
3437 997 3535 1065 μὲν
3554 995 3766 1067 ἐτέχθη,

2206 1090 2310 1144 ποῦ
2332 1089 2389 1143 δὲ
2413 1088 2610 1159 ἐτάφη,
2631 1085 2734 1140 ποῦ
2755 1086 2811 1140 δέ
2836 1084 3156 1156 ἐσταυρώθη
3176 1099 3190 1114 ⁸
3215 1084 3466 1154 ἐννόησον
3492 1084 3654 1138 αὐτὸν
3681 1085 3768 1140 τδν

2208 1177 2462 1248 σταυρὸν,
2491 1177 2622 1246 ὅσης
2648 1172 2930 1244 δυνάμεώς
2960 1175 3078 1226 ἐστι
3108 1174 3353 1243 σημεῖον.
3384 1172 3445 1225 ’0
3473 1172 3583 1243 γὰρ
3611 1190 3768 1226 σταυ-

2171 1258 2174 1262 ’
2211 1264 2304 1337 ρὸς
2328 1256 2482 1328 οὗτος
2515 1262 2622 1334 πρὸ
2648 1260 2836 1315 τούτου
2871 1261 3097 1324 θάνατος
3126 1255 3194 1331 ἦν
3219 1259 3509 1331 ἐπάρατος,
3544 1259 3767 1324 θάνατος

2205 1350 2590 1413 ἐπονείδιστος,
2623 1347 2848 1412 θάνατος
2879 1349 2908 1401 ό
2929 1346 3146 1400 πάντων
3166 1347 3463 1416 αἴσχιστος.
3496 1346 3634 1398 Ἀλλ’
3660 1346 3765 1400 ἰδοὺ

2203 1436 2299 1492 νῦν
2331 1437 2430 1508 τῆς
2456 1436 2602 1506 ζωῆς
2623 1435 2792 1506 αὐτῆς
2813 1433 3134 1505 τιμιώτερος
3159 1433 3371 1501 γέγονε,
3399 1433 3494 1486 καὶ
3509 1431 3768 1504 διαδημά-

2203 1541 2313 1578 των
2361 1523 2738 1595 λαμπρότερος
2756 1562 2774 1589 ,
2809 1521 2903 1575 καὶ
2947 1520 3149 1582 πάντες
3188 1519 3280 1571 ἐπὶ
3320 1517 3574 1587 μετώπου
3608 1520 3768 1574 αὐτὸν

2205 1611 2593 1683 περιφέρομεν,
2636 1609 2698 1662 οὐ
2731 1607 2891 1680 μόνον
2917 1607 3019 1660 οὐκ
3066 1605 3478 1676 αἰσχυνόμενοι,
3512 1606 3649 1660 άλλά
3677 1609 3768 1661 καὶ

2207 1695 2737 1767 ἐγκαλλωπιζόμενοι
2757 1693 2952 1765 τούτῳ.
2973 1691 3171 1764 Οὐ,μέν
3197 1691 3401 1746 ἰδιῶται
3432 1692 3615 1762 μόνον,
3638 1693 3768 1748 άλλά

2203 1785 2300 1838 καὶ
2329 1784 2484 1836 αὐτοὶ
2503 1784 2551 1836 οἱ
2579 1781 2648 1835 τά
2674 1780 2980 1851 διαδήματα
3006 1778 3380 1851 περικείμενοι
3399 1778 3492 1832 ἐπὶ
3522 1778 3617 1832 τοῦ
3647 1796 3768 1850 μετ-

2203 1869 2356 1924 ώπου
2409 1869 2548 1941 ὑπὲρ
2603 1868 2675 1922 τά
2725 1867 3032 1944 διαδήματα
3064 1864 3226 1918 αὐτὸν
3271 1863 3633 1934 βαστάζουσι,
3677 1865 3768 1919 καὶ

2207 1956 2352 2029 μάλα
2384 1956 2610 2020 εἰκότως
2631 1970 2644 1984 ⁸
2682 1953 2890 2026 μυρίων
2913 1952 3022 2024 γάρ
3047 1951 3392 2022 διαδημάτων
3413 1951 3673 2020 ἀμείνων.
3697 1951 3769 2004 Τὸ

2206 2043 2306 2114 μὲν
2331 2043 2438 2116 γὰρ
2473 2042 2712 2112 διάδημα
2743 2039 3073 2104 καλλωπίζει
3111 2037 3375 2109 κεφαλὴν,
3401 2039 3432 2092 ό
3453 2038 3511 2091 δέ
3541 2037 3768 2109 σταυρὸς

2202 2130 2558 2200 ἀσφαλίζεται
2597 2129 2855 2183 διάνοιαν.
2900 2126 3072 2180 Τοῦτο
3105 2125 3373 2196 δαιμόνων
3413 2125 3764 2196 ἀμυντήριον,

2198 2219 2354 2272 τοῦτο
2393 2219 2455 2273 τὸ
2498 2218 2734 2289 διάδημα
2790 2215 3110 2286 νοσημάτων
3159 2213 3336 2284 ψυχῆς
3388 2213 3763 2283 ἀναιρετικόν·

2197 2306 2354 2360 τοῦτο
2381 2306 2543 2360 ὅπλον
2571 2305 2887 2375 ἀχείρωτον,
2927 2301 3084 2355 τοῦτο
3122 2304 3296 2370 τεῖχος
3330 2300 3541 2371 ἄμαχον
3562 2317 3578 2331 ο
3613 2299 3768 2354 τοῦτο

2198 2394 2466 2464 ἀσφάλεια
2493 2391 2931 2459 ἀκαταγώνιστος
2952 2405 2966 2419 ’
3009 2389 3070 2442 οὐ
3107 2387 3396 2458 βαρϐάρων
3435 2387 3676 2456 ἐφόδους,
3707 2387 3768 2440 οὐ

2199 2480 2470 2550 πολεμίων
2531 2479 2690 2549 μόνον
2728 2476 3099 2549 καταδρομὰς,
3142 2475 3279 2529 ἀλλά
3309 2474 3407 2528 καὶ
3443 2473 3622 2529 αὐτῶν
3663 2474 3768 2529 τῶν

2192 2563 2403 2634 ἀγρίων
2444 2560 2714 2633 δαιμόνων
2755 2559 2970 2613 διαλύον
3006 2559 3104 2622 τὰς
3148 2559 3451 2628 φάλαγγας.
3504 2558 3605 2612 Ἐν
3645 2561 3768 2626 ταῖς

2191 2655 2573 2726 λαμπρότησι
2595 2649 2714 2706 τῶν
2735 2650 2938 2721 ἁγίων.
2961 2651 3202 2722 Ἕτερος.
3231 2650 3336 2702 Ἓν
3357 2651 3532 2721 ἁγίου
3557 2655 3766 2719 εὐπρε-

2195 2745 2350 2810 πείᾳ.
2375 2741 2586 2805 Ἄλλος,
2622 2740 2722 2794 Ἐν
2741 2736 2890 2805 δόξῃ
2919 2735 3121 2805 ἁγίων.
3145 2733 3264 2786 Ἔτι
3286 2732 3532 2803 περὶτῆς
3558 2732 3766 2804 ήμέρας

2194 2829 2502 2898 διαλέγεται
2526 2827 2624 2898 τῆς
2649 2841 2708 2879 τε
2743 2822 3024 2892 παρούσης
3047 2821 3145 2890 τῆς
3172 2836 3231 2873 τε
3262 2819 3581 2889 μελλούσης.
3612 2823 3764 2890 Λαμ-

2199 2917 2440 2986 πρότητα
2474 2914 2531 2966 δέ
2571 2910 2808 2965 ἐνταῦθα
2844 2909 2906 2962 τὸ
2943 2907 3136 2969 κάλλος
3178 2907 3312 2974 φησὶ
3349 2905 3455 2957 τῶν
3481 2905 3671 2970 άγίων.
3704 2907 3765 2958 Τί

2199 3002 2298 3073 μὲν
2319 2999 2692 3072 λαμπρότερον
2721 2994 2970 3062 Παύλου;
3018 2993 3072 3048 τί
3097 2993 3154 3048 δέ
3185 2993 3645 3063 περιφανέστερον
3668 2993 3765 3046 Πέ-

2195 3105 2362 3159 τρου;
2394 3088 2442 3141 οἳ
2467 3087 2567 3158 τὴν
2591 3083 2917 3154 οἰκουμένην
2943 3081 3314 3153 περιέτρεχον,
3342 3080 3481 3151 ὑπὲρ
3502 3081 3593 3132 τὸν
3618 3079 3765 3149 ἥλιον

2197 3174 2524 3246 λάμποντες,
2553 3173 2624 3226 τά
2658 3172 2948 3243 σπέρματα
2966 3169 3068 3239 τῆς
3099 3167 3378 3229 εὐσεϐείας
3413 3167 3766 3220 καταϐάλλον-

2196 3279 2322 3327 τεςς
2365 3262 2452 3325 Ὠς
2474 3259 2586 3332 γὰρ
2614 3259 2673 3327 ἐξ
2702 3256 2943 3330 οὐρανῶν
2964 3254 3184 3324 ἄγγελοι
3209 3252 3564 3316 καταϐάντες,
3596 3251 3764 3314 οὕτως

2194 3345 2331 3421 ἦσαν
2366 3350 2532 3403 πᾶσιν
2561 3345 2844 3418 ἀπρόσιτοι
2865 3343 2916 3399 ι’.
2945 3341 3114 3397 Τοῦτο
3150 3339 3361 3401 δεικνὺς
3401 3341 3428 3392 ό
3469 3339 3532 3392 τὸ
3567 3338 3764 3410 βιϐλίον

2195 3436 2304 3489 τῶν
2345 3433 2600 3506 Πράξεων
2646 3430 2893 3496 συνθεὶς,
2923 3429 3125 3498 ἔλεγεν,
3162 3428 3243 3480 ὅτι
3295 3425 3504 3492 Οὐδείς
3544 3425 3764 3494 ἐτόλμα

2197 3521 2535 3577 κολλᾶσθαι
2561 3517 2784 3584 αὐτοῖς.
2813 3516 2917 3570 Καὶ
2931 3515 3039 3587 γὰρ
3060 3513 3128 3568 τά
3149 3513 3341 3584 ἱμάτια
3361 3512 3538 3564 αὐτῶν
3568 3510 3763 3581 πολλῆς

2197 3611 2362 3682 ἔγεμε
2407 3610 2645 3681 χάριτος.
2681 3608 2776 3662 καὶ
2825 3606 2883 3661 αἰ
2931 3605 3081 3659 σκιαὶ
3116 3603 3224 3657 τῶν
3263 3601 3532 3672 σωμάτων
3570 3601 3767 3672 πολλὴν

2197 3697 2570 3753 ἐπεδείκνυντο
2599 3694 2848 3766 δύναμιν.
2870 3693 2934 3747 Εἰ
2964 3693 3021 3746 δέ
3049 3689 3280 3745 ἐνταῦθα
3300 3687 3549 3748 τοιοῦτοι,
3583 3688 3766 3758 ἐννόη-

2199 3787 2291 3841 σόν
2339 3803 2428 3857 μοι
2475 3782 2616 3838 κατά
2652 3782 2750 3854 τὴν
2804 3780 3019 3852 ἡμέραν
3058 3776 3304 3848 ἐκείνην,
3349 3776 3478 3829 ὅταν
3515 3775 3766 3846 ἄφθαρτα

2199 3873 2427 3944 σώματα
2465 3870 2700 3925 λάϐωσιν
2723 3907 2739 3929 .
2767 3869 2897 3922 ὅταν
2935 3864 3209 3928 ἀθάνατα,
3243 3862 3370 3916 ὅταν
3405 3862 3544 3932 ὑπὲρ
3587 3863 3765 3916 πᾶσαν

2195 3959 2478 4030 ὁρωμένην
2519 3955 2879 4028 λαμπρότητα
2920 3950 3310 4008 ἀποστίλϐοντα
3330 3987 3345 4014 ,
3373 3949 3520 4013 τίνες
3548 3948 3761 4003 ἔσονται

2195 4042 2339 4102 οῦτοί
2364 4063 2425 4100 τε
2445 4045 2540 4099 καὶ
2561 4045 2611 4099 οἱ
2635 4041 2844 4106 τούτοις
2870 4039 3105 4102 ἐοικότες
3125 4037 3398 4110 προφῆται
3423 4037 3519 4091 καὶ
3541 4036 3766 4090 ἀπόστο-

2195 4134 2300 4200 λοι,
2333 4134 2428 4188 καὶ
2463 4132 2790 4195 δίκαιοι,καί
2813 4128 3109 4198 μάρτυρες,
3143 4124 3237 4177 καὶ
3259 4123 3630 4194 ὁμολογηταὶ,
3667 4123 3766 4176 καὶ

2197 4222 2398 4284 πάντες
2420 4221 2471 4272 οί
2506 4216 2647 4272 κατά
2675 4218 2776 4287 τὴν
2803 4213 3032 4286 ἀρίστην
3068 4209 3341 4264 πολιτείαν
3369 4209 3766 4280 διαπρέψαντες

2195 4311 2253 4365 ἐν
2283 4312 2350 4381 τῇ
2376 4309 2556 4363 πίστει
2586 4308 2651 4378 τῇ
2681 4306 2761 4369 εἰς
2781 4302 2876 4356 τὸν
2902 4301 3156 4374 Χριστόν.
3202 4299 3483 4367 Ἐννόησόν
3513 4316 3606 4370 μοι
3633 4299 3764 4361 τοὺς

2193 4399 2404 4470 δήμους
2441 4395 2711 4458 ἐκείνους,
2740 4389 2841 4455 τάς
2865 4388 3188 4460 λαμπάδας,
3229 4386 3330 4450 τὰς
3361 4387 3588 4448 ἀκτῖνας
3611 4427 3627 4451 ,
3656 4385 3759 4456 τὴν

2194 4488 2370 4552 δόξαν,
2407 4485 2507 4556 τὴν
2547 4482 2906 4554 εὐπρέπειαν,
2945 4478 3045 4549 τήν
3081 4475 3410 4549 φαιδρότητα
3430 4514 3446 4541 ,
3490 4474 3590 4546 τὴν
3628 4493 3764 4529 παν-

2195 4576 2412 4647 ήγυριν.
2441 4573 2540 4637 Τίς
2569 4570 2742 4626 ταῦτα
2774 4567 3114 4640 παραστήσει
3135 4581 3150 4632 ;
3174 4565 3345 4634 Λόγος
3365 4565 3464 4636 μὲν
3486 4563 3695 4627 οὐδείς’
3730 4563 3766 4632 ή

2193 4663 2252 4718 δὲ
2293 4663 2458 4734 πεῖρα
2505 4659 2640 4732 μόνη
2698 4655 2886 4727 σαφῶς
2921 4654 3122 4720 διδάξει
3181 4653 3308 4717 τοὺς
3336 4653 3521 4720 ἀξίους
3561 4651 3766 4722 ταύτης

2194 4748 2446 4820 γενέσθαι
2467 4747 2567 4819 τῆς
2593 4744 2845 4818 θεωρίας,
2864 4741 2962 4814 τὴν
2980 4739 3339 4813 λαμπρότητα
3365 4740 3600 4810 ἐκείνην.
3623 4739 3767 4792 Ταυ-

2194 4837 2286 4892 τὸν
2312 4835 2420 4908 γάρ
2452 4831 2608 4906 οἶμαι
2638 4830 2974 4903 συμϐαίνειν,
3005 4823 3116 4882 οἷον
3155 4829 3204 4880 εί
3233 4825 3419 4879 πολλοὶ
3454 4826 3595 4896 ήλιοι
3628 4825 3766 4896 ὐπέρ

2194 4925 2286 4981 τὸν
2314 4922 2538 4996 οὐρανὸν
2571 4919 2838 4991 ἔλαμψαν,
2870 4918 2905 4990 ἢ
2935 4917 2985 4970 εἰ
3017 4917 3260 4986 συνεχεῖς
3283 4913 3560 4985 ἀστραπαί
3579 4929 3592 4942 ο
3627 4913 3764 4984 μᾶλα

2194 5012 2285 5066 λον
2305 5011 2363 5064 δέ
2383 5013 2519 5081 ὅπερ
2543 5007 2609 5062 ἂν
2639 5006 2800 5073 είπω,
2827 5003 3142 5074 φιλονεικῶν
3167 5002 3516 5074 παραστῆσαι
3543 5001 3607 5053 τὸ
3637 4999 3764 5054 κάλ-

2195 5101 2284 5165 λος
2498 5097 2695 5162 ἐκεῖνο,
2716 5094 2778 5147 οὐ
2803 5092 3102 5163 δυνήσομαι
3131 5089 3251 5144 κατ’
3277 5089 3436 5155 ἀξίαν
3463 5090 3660 5143 εἰπεῖν.
3684 5087 3764 5140 Τὰ

2196 5188 2307 5258 γάρ
2348 5183 2764 5257 παραδείγματα
2797 5178 3014 5233 ἅπαντα
3058 5177 3230 5231 ταῦτα
3273 5176 3564 5246 σωματικά
3586 5194 3600 5207 ·
3635 5177 3670 5246 ή
3708 5174 3763 5228 δέ

2194 5272 2532 5345 λαμπρότης,
2563 5268 2657 5321 καὶ
2682 5269 2716 5338 ή
2749 5266 2906 5331 δόξα,
2943 5266 2978 5337 ή
3015 5265 3136 5319 τότε
3166 5263 3430 5335 μέλλουσα
3461 5261 3761 5333 ἐκλάμπειν

2195 5363 2332 5427 ἐκεῖ,
2363 5358 2504 5428 ὑπὲρ
2533 5355 2678 5410 ἅπαν
2707 5351 2946 5408 τοιοῦτον
2979 5351 3172 5415 κάλλος
3204 5349 3516 5420 διαλάμψει.
3550 5350 3626 5402 Οὐ
3655 5347 3761 5418 γάρ

2196 5446 2443 5518 ἄφθαρτα
2472 5443 2622 5496 ἐσται
2645 5440 2715 5494 τά
2742 5439 2968 5511 σώματα
3001 5440 3182 5510 μόνον,
3204 5439 3324 5493 οὐδὲ
3342 5438 3608 5502 ἀθάνατα,
3630 5434 3763 5492 ἀλλὰ

2257 5638 2286 5682 1»
2314 5635 2568 5700 Regiam:
2585 5634 2736 5683 ἅπασι
2757 5630 3082 5696 περιμάχητοι.
