4112 6208
411 212 483 267 73

374 321 741 379 refrenabatur
763 366 778 391 ,
809 333 1022 395 peccata
1055 323 1415 390 solvebantur,
1439 323 1712 395 paralytici
1739 321 1959 377 robora-

373 415 587 478 bantur,
632 416 908 486 paradisus
949 418 1323 487 aperiebatur,
1356 426 1519 486 petrae
1559 417 1956 486 rumpebantur,

375 509 555 562 velum
579 507 1002 576 discindebatnr,
1026 509 1154 564 radii
1185 510 1312 564 solis
1337 509 1708 565 avertebantur
1738 508 1777 572 ⁸,
1797 518 1847 561 ct
1879 517 1958 561 te-

371 601 553 655 inebrae
578 601 881 656 universum
927 603 1110 658 orbem
1150 612 1304 658 terra:
1340 602 1698 672 occupabant,
1729 616 1953 670 corpora

370 701 700 758 sanctorum,
722 695 811 763 qui
833 693 1176 757 dormierunt,
1203 695 1597 759 excitabantur,
1627 694 1762 747 latro
1792 694 1841 746 in
1865 709 1956 747 vc-

370 793 539 838 terem
568 785 793 854 patriam
822 786 1207 851 revertebatur,
1237 786 1351 840 caeli
1382 785 1609 841 fornices
1635 784 1952 854 aperieban-

293 913 304 928 .
370 883 492 942 tur,
521 891 641 946 quae
669 877 977 932 conculcata
1004 877 1172 933 fuerat
1211 887 1400 933 natura
1433 893 1590 948 supra
1619 878 1806 932 caelum
1837 877 1952 932 caeli

371 968 785 1035 sustollebatur,
814 978 869 1025 et
891 971 1030 1040 quod
1056 978 1138 1026 est
1162 971 1243 1025 his
1271 971 1462 1040 majus,
1492 972 1543 1026 in
1575 971 1767 1024 throno
1797 969 1951 1023 sede-

368 1059 460 1114 bat
481 1061 627 1130 regio
651 1063 1016 1118 assistentibus
1035 1065 1081 1119 ei
1107 1065 1308 1134 angelis
1335 1074 1388 1119 et
1415 1065 1533 1118 aliis
1563 1063 1950 1132 potestatibus;

367 1165 526 1204 omne
554 1150 737 1206 vitium
767 1150 1075 1222 fugabarur,
1107 1155 1276 1210 virtus
1303 1155 1658 1210 reducebatur
1677 1197 1693 1221 ,
1723 1154 1953 1224 Spiritus

364 1243 534 1312 gratia
559 1243 803 1313 dabatur,
847 1245 1158 1314 piscatores,
1184 1248 1480 1319 publicani,
1509 1257 1564 1302 et
1606 1247 1824 1316 opiliees
1873 1256 1953 1300 ta-

366 1333 776 1390 bernaculorum
802 1352 892 1391 ora
923 1337 1254 1407 philosophis
1282 1337 1650 1403 obstruebant,
1678 1347 1946 1392 oratorum

360 1423 599 1494 linguam
628 1425 991 1493 confutabant,
1023 1429 1326 1483 daemonum
1361 1429 1669 1482 evertebant
1712 1429 1946 1498 tyranni-

361 1514 521 1580 dem;
550 1518 822 1585 gentilium
847 1518 1054 1584 altaria,
1084 1521 1296 1590 templa,
1330 1519 1480 1584 festa,
1515 1528 1569 1574 et
1597 1520 1789 1590 publici
1820 1536 1946 1574 con-

362 1616 555 1660 ventus
607 1607 1011 1674 abolebantur;
1070 1611 1260 1676 nidor,
1306 1620 1359 1664 et
1408 1609 1618 1674 fumus,
1676 1620 1730 1664 et
1782 1611 1942 1681 impia

362 1697 621 1752 sacrilicia
665 1699 838 1754 omnia
867 1715 965 1769 per
999 1700 1106 1755 vim
1140 1701 1513 1771 exigebantur;
1540 1711 1716 1766 vates,
1747 1712 1941 1755 metra-

360 1798 529 1858 gyrtae
559 1788 655 1860 (α),
683 1804 908 1860 augures
936 1797 993 1844 et
1035 1791 1276 1846 universa
1307 1791 1502 1846 diaboli
1531 1788 1744 1846 officina
1772 1793 1939 1861 fugie-

358 1880 483 1935 bant
509 1922 525 1946 ,
559 1881 807 1937 Ecclesia:
837 1883 1031 1953 ubique
1057 1891 1315 1940 terrarum
1356 1884 1724 1954 germinabant
1743 1928 1758 1950 ,
1786 1886 1936 1940 chori

354 1971 613 2040 virginum
638 1973 1026 2037 consistebant,
1058 1982 1114 2030 et
1133 1975 1514 2030 monachorum
1541 1976 1754 2030 ordines
1771 2019 1785 2044 ,
1815 1991 1935 2031 cum

338 2061 653 2118 civitatibus
679 2064 948 2120 desertum
991 2081 1202 2137 quoque
1250 2067 1568 2137 implebatnr
1595 2068 1789 2134 pietate
1808 2109 1822 2133 ,
1849 2068 1936 2138 ju-

347 2163 662 2226 storumque
689 2167 1064 2212 etsanctorum
1091 2161 1326 2215 virorum
1352 2170 1554 2215 stantes
1581 2161 1726 2216 chori
1750 2177 1938 2231 super-

337 2245 435 2300 atis
477 2247 787 2316 angelorum
845 2250 1191 2318 potestatibus
1248 2251 1301 2304 in
1353 2251 1624 2307 modulato
1670 2262 1937 2326 concentu

337 2338 779 2407 respondebant,
809 2349 864 2394 et
907 2341 1072 2394 turba:
1103 2352 1391 2413 martyrum
1413 2384 1428 2409 ,
1459 2353 1513 2398 et
1539 2354 1771 2399 catervae
1805 2359 1935 2400 con-

353 2426 613 2482 fessorum
645 2429 837 2500 ubique
869 2440 1125 2486 terrarum
1157 2433 1544 2501 plantabantur,
1576 2436 1782 2490 virtutis
1819 2445 1934 2492 crat

342 2515 557 2572 Iaustus
583 2507 713 2573 cum
743 2521 991 2577 facilitate
1032 2538 1346 2590 successus,
1375 2525 1715 2580 barbarorum
1745 2537 1932 2596 gentes

351 2606 682 2664 docebantur
711 2611 1098 2682 philosophiam
1119 2655 1134 2677 ,
1160 2623 1216 2668 et
1243 2616 1330 2683 qui
1378 2627 1529 2670 erant
1559 2617 1640 2671 vel
1685 2619 1807 2672 feris
1835 2620 1933 2673 im-

332 2700 651 2766 ananiores,
684 2703 764 2757 vel
809 2719 929 2758 cum
961 2705 1088 2774 ipsis
1123 2705 1326 2776 angelis
1377 2706 1616 2762 instituto
1661 2709 1780 2765 vita:
1820 2725 1931 2765 sua:

328 2791 760 2859 contendebant,
787 2804 840 2848 et
866 2805 1120 2864 quantum
1149 2804 1303 2852 terra:
1341 2799 1422 2852 sol
1463 2801 1697 2868 reSpicit,
1725 2811 1928 2859 tantmn

336 2881 564 2936 verbum
592 2886 819 2952 pervasit
850 2895 966 2954 post
988 2901 1199 2942 crucem
1222 2897 1276 2942 et
1304 2891 1764 2947 resurrectionem.
1795 2892 1927 2961 Quae

334 2973 516 3028 umida
563 2973 701 3042 apud
745 2987 806 3028 se
853 2975 1089 3046 cogitans
1135 2979 1428 3049 propheta,
1456 2981 1669 3038 dicebat
1696 3002 1711 3039 :
1742 2983 1926 3040 Tecum

322 3063 726 3133 principatusiu
747 3065 830 3119 die
856 3069 1089 3136 potentia:
1115 3080 1232 3125 tute.

394 3153 460 3209 νϐ.
499 3155 656 3224 Quod
684 3157 729 3212 si
759 3158 891 3212 velis
921 3160 1155 3215 futurum
1186 3178 1398 3234 quoque
1430 3165 1570 3221 diem
1609 3167 1791 3224 videre
1814 3209 1830 3236 ,
1867 3178 1923 3226 et

323 3245 470 3301 scire
495 3248 768 3317 quomodo
795 3249 884 3305 ille
911 3252 1070 3307 etiam
1101 3253 1213 3308 dies
1241 3265 1324 3310 est
1358 3255 1474 3326 ejus
1503 3259 1751 3327 potentia:
1776 3301 1792 3327 ,
1823 3275 1924 3315 co—

320 3339 437 3407 egita
465 3339 609 3408 apud
639 3349 690 3395 te
713 3383 729 3408 ,
755 3352 1007 3411 quantum
1043 3346 1111 3400 sit
1135 3346 1316 3402 videre
1341 3349 1528 3402 Caelum
1555 3350 1794 3406 contrahi
1820 3393 1836 3418 ,
1866 3360 1920 3408 et

327 3428 638 3484 universam
689 3442 928 3488 naturam
977 3445 1279 3506 corruptam
1326 3453 1642 3510 resurgere,
1689 3451 1744 3496 et
1784 3451 1916 3498 nutu

320 3534 516 3575 omnes
542 3521 735 3578 adesse
758 3563 772 3587 ,
805 3523 1072 3580 diabolum
1113 3527 1318 3598 pudore
1343 3528 1572 3585 sull‘undi
1598 3572 1614 3597 ,
1642 3517 1915 3589 daemones

319 3611 556 3667 demisso
582 3615 761 3683 capite
788 3630 906 3671 esse
926 3658 942 3684 ,
969 3617 1143 3687 justus
1171 3621 1452 3688 coronari,
1484 3638 1914 3696 unumquemque

324 3703 454 3760 dare
479 3706 740 3763 rationem
767 3723 983 3764 suorum
1010 3711 1323 3768 delictorum
1342 3756 1358 3781 ,
1387 3725 1441 3770 et
1468 3731 1562 3785 pro
1589 3726 1732 3772 recte
1759 3717 1912 3774 factis

321 3799 572 3867 accipere
593 3801 892 3870 praemium,
915 3817 1036 3858 esse
1055 3805 1273 3860 alterius
1297 3807 1414 3862 vitae
1437 3810 1866 3866 constitutionem
1893 3831 1906 3866 :

321 3905 427 3945 non
455 3893 598 3949 enim
627 3894 854 3964 amplius
884 3910 1028 3950 mors
1046 3936 1062 3962 ,
1097 3899 1312 3953 morbus
1340 3908 1394 3954 et
1417 3903 1643 3966 senium,
1669 3921 1773 3959 non
1797 3921 1912 3959 am-

321 3982 459 4053 plius
480 3995 788 4055 paupertas,
811 3985 1005 4042 damna
1031 3998 1086 4043 et
1109 3988 1344 4056 insidiae,
1373 4005 1478 4046 non
1499 3995 1723 4062 amplius
1741 3995 1914 4049 dumi-

317 4075 440 4150 cilia
467 4083 522 4130 et
545 4075 792 4132 civitates
814 4119 829 4142 ,
857 4089 1000 4134 artes
1035 4088 1089 4134 et
1121 4080 1481 4151 navigationes
1499 4123 1516 4147 ,
1549 4099 1653 4138 non
1682 4085 1912 4155 amplius

319 4163 547 4220 vestium
573 4169 821 4234 amictus,
852 4169 954 4224 cibi
984 4178 1038 4225 et
1065 4181 1241 4241 potus,
1275 4179 1412 4226 tecta
1441 4182 1497 4228 et
1521 4174 1734 4241 cubilia,
1761 4193 1914 4232 men-

317 4272 394 4311 sae
419 4266 473 4312 et
499 4258 766 4326 lucernm;
794 4275 898 4315 non
920 4263 1146 4332 amplius
1167 4262 1392 4329 insidiae,
1417 4279 1604 4335 pugnae
1625 4265 1908 4336 etjudicia,

319 4362 426 4402 non
469 4349 704 4420 amplius
751 4351 1123 4420 matrimonia,
1171 4353 1492 4424 doloresque
1536 4355 1812 4424 pariendi,
1856 4365 1913 4413 et

317 4450 532 4510 partus;
567 4441 662 4496 sed
693 4441 805 4497 haec
829 4443 1004 4498 omnia
1031 4454 1295 4514 tamquam
1323 4446 1494 4516 pulvis
1520 4447 1757 4516 jactatus
1786 4464 1913 4504 eva-

318 4542 546 4586 nescunt
569 4574 585 4597 ,
614 4543 668 4588 et
703 4534 838 4589 alius
881 4536 1216 4604 praestantior
1261 4536 1383 4591 vitae
1420 4546 1590 4593 status
1627 4538 1866 4594 redditur
1888 4581 1905 4608 ,

315 4635 438 4676 eum
479 4624 808 4679 concedatur
832 4626 1080 4695 corpori,
1115 4635 1172 4681 ut
1201 4628 1271 4683 sit
1294 4628 1362 4684 ab
1393 4629 1602 4704 interitu
1632 4631 1861 4686 alienum
1887 4672 1904 4698 ,

315 4717 640 4783 immortale,
690 4728 744 4773 et
783 4733 971 4790 magna
1019 4720 1088 4774 sit
1130 4730 1393 4790 potestate
1431 4721 1734 4792 praeditum.
1777 4723 1908 4792 Quae

313 4807 518 4865 Pan-lus
559 4809 902 4881 significans,
950 4812 1159 4868 dicebat
1199 4831 1213 4868 :
1259 4813 1493 4869 Praeterit
1530 4815 1695 4884 ﬁgura
1731 4816 1908 4870 mundi

311 4901 537 4972 hujus“
553 4942 565 4957 .
588 4903 708 4960 Cor.
733 4907 785 4960 7.
809 4907 868 4962 5i
885 4906 924 4976 ).
953 4907 1105 4972 Quod
1129 4907 1174 4961 si
1200 4922 1304 4962 non
1329 4906 1496 4964 habes
1521 4906 1677 4963 fidem
1700 4908 1763 4964 iis
1787 4925 1907 4982 quae

311 4994 452 5050 dicta
484 5003 632 5065 sunt,
664 4999 913 5068 quoniam
941 5015 1002 5054 ea
1031 5014 1138 5055 non
1167 4999 1317 5055 vides
1341 5002 1642 5070 praesentia,
1669 5017 1736 5057 ex
1764 5017 1904 5072 prae-

313 5087 564 5143 sentibus
589 5105 740 5146 sume
760 5103 1130 5162 argumentum
1156 5093 1224 5148 de
1251 5092 1462 5148 futuris.
1491 5094 1727 5150 Pcrvadc
1753 5096 1907 5150 ratio-

313 5194 381 5233 ne
409 5180 717 5236 uaiversum
743 5183 945 5250 orbem,
975 5192 1194 5251 terram,
1217 5200 1386 5249 mare,
1407 5184 1689 5252 Graeciam,
1718 5187 1907 5241 barba-

311 5287 501 5328 rorum
540 5273 697 5331 sedes
720 5315 736 5342 ,
779 5285 971 5332 terram
1015 5277 1357 5334 habitabilem
1385 5286 1440 5334 et
1465 5278 1860 5336 inhabitabilem
1885 5321 1902 5347 ,

378 5408 400 5440 ι
436 5414 554 5470 Reg.
573 5444 588 5468 ,
612 5407 1010 5460 obscurabuntur.

372 5470 452 5531 (α)
485 5477 786 5542 uetragyrtae
810 5486 823 5522 :
845 5473 888 5542 _ii_
907 5479 1047 5522 erant
1083 5472 1167 5534 qui
1206 5486 1293 5542 pro
1323 5488 1500 5537 magna
1531 5485 1686 5528 matre
1719 5476 1905 5542 Cybele

372 5486 452 5531 ra)
485 5486 786 5534 uetragyrtae
810 5486 823 5522 :
845 5486 881 5545 tt
907 5486 1047 5522 erant
1083 5486 1293 5583 (ιηοὲἃὶἓο
1323 5488 1500 5537 magna
1531 5486 1686 5528 matre
1719 5486 1905 5542 Cybele

311 5539 495 5607 stipem
517 5537 814 5607 cogebant;
843 5533 1054 5607 ideoqtte
1089 5548 1116 5607 v
1273 5543 1389 5607 ritur
1421 5549 1768 5607 nte_i_ragyrtac__:
1798 5555 1906 5607 me:

313 5601 534 5656 παίωνι-ιε
565 5594 763 5658 quoque
798 5594 1192 5659 appellabantur,
1215 5598 1328 5660 quia
1352 5599 1556 5662 singulis
1578 5594 1828 5654 niensibus
1860 5603 1904 5653 id

313 5660 456 5712 allicit
481 5662 815 5715 nraestabant._
1163 5701 1166 5706 .

311 5673 456 5712 unicu
481 5673 816 5728 praestabant”
1163 5701 1166 5706 .

1494 208 1855 268 EXPOSlTlO
1891 206 1957 264 ΙΝ
1995 207 2316 265 PSALMUM
2351 207 2488 282 CIX.
3544 218 3648 272 27.4

2072 319 2228 376 urbes
2255 337 2372 392 quae
2395 333 2518 380 sunt
2547 323 2598 379 in
2627 333 2788 392 terra,
2819 328 3017 386 insulas
3039 346 3157 403 qua:
3184 334 3234 389 in
3263 335 3416 400 mari,
3442 347 3654 396 montes

2067 410 2294 483 denique
2334 423 2388 469 et
2425 416 2588 472 saltus
2618 435 2631 472 :
2663 428 2717 473 et
2745 434 2865 474 cum
2896 421 3091 477 videris
3120 425 3312 496 ubique
3336 426 3531 482 Christi
3561 446 3651 484 rc-

2065 500 2242 558 luccre
2285 508 2571 574 potentiam
2596 550 2611 573 ,
2657 524 2948 581 omnesque
2995 517 3494 582 praestantissimum
3536 519 3651 587 ejus

2064 609 2255 650 nomen
2281 597 2591 666 praedicare,
2619 610 2803 669 reputa
2829 603 2965 671 apud
2999 611 3070 669 te,
3101 621 3222 660 eum
3244 607 3334 677 qui
3357 617 3434 662 tot
3460 619 3516 664 et
3537 620 3619 665 tat:
3642 639 3652 649 -

2063 694 2112 741 ta
2143 691 2331 756 potuit,
2365 690 2522 744 etiam
2557 691 2727 746 futura
2759 695 3047 764 pollicitum
3079 713 3219 752 esse.
3423 765 3428 770 ν

2133 774 2568 851 Peregrinationes
2595 783 2662 836 ad
2688 784 2799 837 loca
2821 796 3016 839 sancta.
3037 787 3172 842 Laus
3197 790 3380 844 crucis.
3404 821 3474 830 --
3494 791 3645 859 Quod

2058 870 2104 924 si
2134 885 2198 924 ex
2230 879 2376 940 parte
2405 887 2616 943 quoque
2647 875 2776 928 velis
2803 889 3168 945 argumentum
3198 895 3411 936 sumere
3430 924 3444 945 ,
3471 884 3644 952 cogita

2059 977 2285 1031 quanam
2314 964 2380 1019 de
2406 979 2563 1020 causa
2598 967 2880 1022 universus
2907 969 3051 1022 orbis
3091 979 3246 1025 terrae
3281 975 3551 1028 concurrit
3575 975 3641 1028 ad

2059 1055 2341 1110 videndum
2381 1059 2680 1126 sepulcrum
2717 1060 2864 1134 quod.
2901 1071 3043 1116 caret
3089 1077 3312 1132 corpore
3351 1082 3365 1118 :
3395 1081 3637 1134 quaenam

2058 1155 2296 1216 potestas
2334 1147 2496 1202 trahit
2527 1165 2619 1204 eos
2661 1151 2750 1219 qui
2785 1150 3023 1205 habitant
3063 1153 3115 1205 in
3156 1155 3410 1209 extremis
3449 1156 3640 1210 finilnis

2056 1246 2234 1304 terrae,
2265 1249 2321 1293 ut
2350 1239 2563 1296 videant
2591 1243 2677 1296 ubi
2705 1251 2860 1298 natus
2886 1255 2965 1298 est
2984 1285 3000 1310 ,
3032 1245 3120 1299 ubi
3149 1247 3384 1316 sepultus
3408 1258 3521 1314 est,
3552 1251 3640 1304 ubi

2054 1331 2357 1386 crucifixus.
2381 1331 2673 1388 Considera
2698 1345 2910 1405 quantae
2935 1338 3002 1390 sit
3025 1341 3271 1406 potentia:
3295 1340 3500 1410 signum
3529 1342 3640 1409 ipsa

2051 1435 2201 1475 crux.
2255 1422 2378 1477 Hmc
2405 1425 2546 1478 enim
2579 1441 2706 1480 crux
2738 1439 2894 1482 antea
2933 1437 3047 1482 erat
3091 1445 3235 1484 mors
3276 1433 3595 1487 exsecranda
3619 1475 3635 1498 ,

2050 1525 2195 1564 mors
2234 1514 2504 1582 opprobrii
2543 1523 2597 1569 et
2636 1515 2938 1586 ignominiae
2976 1519 3134 1587 plena
3161 1561 3176 1585 ,
3219 1536 3363 1574 mors
3401 1523 3637 1577 omnium

2050 1602 2372 1671 turpissima.
2402 1603 2506 1658 Sed
2533 1619 2660 1660 ecce
2685 1622 2826 1661 nunc
2865 1609 2977 1677 ipsa
3006 1609 3113 1663 vita
3149 1610 3316 1664 evasit
3346 1610 3634 1665 honorabi-

2047 1691 2179 1758 lior,
2208 1703 2262 1747 et
2289 1695 2644 1764 splendidior,
2672 1705 2726 1752 et
2757 1713 2942 1753 omnes
2971 1715 3086 1752 eam
3119 1699 3168 1753 in
3199 1699 3372 1755 fronte
3401 1703 3634 1756 circum-

2046 1782 2264 1840 ferinius
2283 1827 2297 1851 ,
2329 1803 2434 1841 non
2464 1789 2637 1842 solum
2669 1805 2772 1843 non
2815 1792 3190 1847 erubescentes
3213 1834 3228 1857 ,
3258 1793 3350 1847 sed
3380 1809 3440 1848 ca
3470 1795 3630 1849 etiam

2043 1874 2347 1942 gloriantes.
2377 1875 2491 1932 Non
2518 1880 2658 1934 enim
2685 1881 2856 1935 solum
2887 1883 3096 1950 privati,
3128 1884 3220 1938 sed
3253 1894 3306 1939 ct
3332 1885 3364 1938 ii
3391 1887 3478 1955 qui
3506 1897 3630 1942 sunt

2042 1963 2339 2020 diademate
2370 1967 2599 2022 rcdimiti
2622 2011 2636 2032 ,
2663 1985 2780 2024 eam
2809 1972 2984 2040 potius
3011 1973 3062 2026 in
3093 1972 3265 2028 fronte
3290 1985 3493 2043 gestant
3529 1976 3626 2048 (η),

2041 2070 2199 2125 quam
2248 2057 2525 2123 diadema;
2568 2069 2622 2114 et
2651 2061 2841 2115 merito
2883 2063 3094 2132 quidem
3132 2071 3260 2119 :cst
3287 2066 3428 2119 enim
3468 2067 3626 2121 innu-

2042 2151 2202 2204 meris
2233 2149 2618 2206 diadctnatibus
2652 2153 2858 2208 melior.
2898 2155 3142 2209 Diadcma
3178 2157 3320 2211 enim
3357 2170 3510 2212 ornat
3531 2175 3625 2212 ca-

2039 2249 2128 2309 put
2163 2257 2176 2293 :
2208 2255 2336 2295 crux
2367 2250 2543 2296 autem
2586 2244 2758 2298 munit
2787 2257 3040 2301 mentem.
3091 2246 3166 2301 Ea
3195 2246 3465 2304 daemones
3490 2250 3624 2306 u'ci-

2038 2333 2220 2398 scitur,
2251 2347 2311 2387 ea
2337 2333 2579 2390 diadema
2605 2344 2708 2400 est,
2732 2337 2872 2407 quod
2903 2338 3037 2393 tollit
3065 2341 3278 2394 morbos
3302 2343 3528 2408 animae;
3557 2359 3622 2398 ca

2036 2433 2118 2478 est
2144 2433 2408 2479 armatura
2437 2426 2650 2494 invicta,
2675 2443 2736 2483 ea
2763 2445 2946 2486 murus
2975 2432 3424 2502 inexpugnabilis;
3449 2451 3510 2490 ea
3537 2446 3621 2491 est

2037 2515 2421 2572 munimentum
2453 2519 2804 2590 insuperabile
2832 2539 2846 2575 :
2877 2538 2994 2592 quae
3025 2537 3128 2577 non
3160 2524 3331 2578 solum
3362 2524 3617 2580 barbaro-

2035 2621 2153 2658 rum
2181 2606 2499 2676 irruptiones
2525 2622 2577 2664 et
2604 2611 2930 2668 incursiones
2961 2614 3191 2669 hostium
3213 2657 3229 2680 ,
3262 2615 3354 2670 sed
3383 2617 3616 2688 ipsorum

2034 2695 2195 2750 etiam
2225 2695 2531 2752 immanium
2561 2698 2858 2755 daemonum
2889 2702 3180 2774 phalanges
3207 2706 3519 2776 perrumpit.
3549 2706 3616 2762 In

2032 2787 2382 2857 s'plendoribus
2404 2802 2710 2846 sanctorum.
2746 2793 2912 2860 Alius,
2942 2793 3009 2848 In
3035 2795 3213 2850 decore
3237 2798 3420 2850 sancti.
3442 2797 3614 2862 Alius,

2030 2876 2099 2934 In
2127 2881 2293 2950 gloria
2320 2892 2627 2940 sanctorum.
2657 2884 2844 2940 Adhuc
2867 2885 3096 2956 loquitur
3118 2887 3184 2942 de
3209 2887 3296 2943 die
3320 2890 3568 2958 praesenti
3594 2931 3611 2954 ,

2027 2981 2082 3026 et
2110 2971 2176 3026 de
2203 2972 2398 3026 futuro.
2445 2974 2799 3043 Splendorcm
2825 2986 3002 3032 autem
3034 2977 3118 3032 hic
3145 2977 3274 3033 dicit
3302 2988 3606 3034 sanctorum

2027 3061 2497 3134 pulchritudinem.
2545 3065 2680 3134 Quid
2729 3075 2812 3121 est
2855 3067 2997 3122 enim
3038 3067 3204 3122 Paulo
3241 3068 3614 3139 Splendidius‘!

2025 3155 2152 3224 quid
2181 3154 2339 3210 Petro
2366 3155 2666 3227 insignius?
2690 3158 2777 3228 qui
2810 3159 3111 3214 universum
3135 3159 3318 3215 orbem
3350 3169 3611 3216 terrarum

2023 3258 2393 3318 pervaserunt,
2424 3250 2504 3304 vel
2533 3251 2645 3306 sole
2671 3251 2928 3306 clariores
2950 3294 2965 3317 ,
2998 3253 3208 3323 pietatis
3236 3255 3438 3309 semina
3465 3254 3606 3324 deji-

2023 3339 2268 3394 cientes?
2295 3340 2523 3396 Perinde
2547 3343 2687 3397 enim
2713 3357 2776 3397 ac
2804 3343 2848 3397 si
2880 3342 3101 3400 fuissent
3121 3343 3294 3416 angeli
3315 3347 3403 3417 qui
3425 3363 3456 3402 e
3475 3346 3610 3401 caelo

2019 3431 2440 3502 descendissent,
2465 3435 2533 3490 ita
2557 3446 2709 3491 erant
2724 3437 2971 3492 omnibus
2993 3439 3268 3494 inaccessi.
3296 3441 3404 3495 lloc
3425 3449 3608 3496 osteno

2018 3525 2148 3581 dens
2163 3528 2251 3597 qui
2273 3527 2462 3582 librum
2477 3529 2699 3583 Actuum
2721 3531 3041 3600 composuit,
3060 3531 3269 3587 dicebat
3287 3551 3302 3588 :
3321 3532 3484 3588 Nemo
3500 3550 3598 3587 au-

2017 3617 2165 3673 debat
2189 3635 2242 3673 se
2265 3621 2571 3690 conjungere
2589 3621 2658 3675 eis
2680 3621 2818 3693 (Act.
2842 3622 2896 3677 5.
2922 3624 3028 3694 l3).
3048 3623 3502 3707 Etenimipsorum
3515 3641 3608 3680 vc-

2015 3719 2128 3766 stes
2142 3721 2291 3766 erant
2309 3712 2480 3782 plenae
2495 3727 2680 3784 magna
2698 3715 2885 3786 gratia,
2899 3724 2953 3769 et
2968 3716 3167 3772 umbra:
3191 3732 3473 3786 corporum
3503 3734 3608 3772 ma-

2014 3804 2535 3873 gnamostendebant
2553 3807 2837 3876 potentiam
2856 3805 3222 3877 (Ib.v.15,etc.
3241 3808 3606 3879 19.12).Quod

2014 3893 2061 3948 si
2089 3893 2174 3948 hic
2199 3893 2329 3948 tales
2354 3902 2526 3958 erant,
2545 3895 2713 3964 cogita
2729 3895 2854 3950 mihi
2874 3912 2938 3950 eo
2954 3897 3058 3962 die,
3077 3898 3290 3968 quando
3305 3900 3372 3954 ab
3390 3901 3602 3955 interitu

2015 3985 2187 4039 aliena
2208 4000 2431 4054 corpora
2452 3985 2784 4054 acceperint,
2803 3987 3014 4055 quando
3035 3990 3372 4057 immortalia,
3393 3991 3606 4062 quando

2015 4090 2228 4130 omnem
2257 4076 2346 4146 qui
2385 4074 2595 4129 videtur
2633 4074 2971 4144 splendorem
3007 4079 3342 4148 superantia,
3383 4082 3600 4152 quinam

2015 4175 2172 4222 erunt
2188 4167 2220 4221 ii
2241 4209 2254 4231 ,
2275 4175 2329 4221 et
2344 4166 2432 4236 qui
2452 4163 2740 4221 fuerinteis
2751 4166 2973 4232 similes,
2994 4169 3265 4238 prophetae
3280 4181 3330 4226 et
3347 4172 3598 4241 apostoli,

2014 4267 2069 4312 et
2092 4255 2222 4326 justi
2251 4265 2305 4312 et
2329 4264 2608 4328 martyres,
2638 4265 2690 4312 et
2716 4257 3068 4324 eonfessores,
3099 4269 3153 4314 et
3177 4273 3364 4316 omnes
3387 4260 3476 4331 qui
3509 4276 3606 4331 per

2015 4347 2268 4416 optimam
2299 4346 2421 4402 vitae
2447 4347 2834 4402 institutionem
2867 4348 2918 4402 in
2947 4348 3048 4404 lide
3073 4348 3269 4404 Christi
3300 4349 3496 4406 fuerint
3521 4351 3603 4407 in-

2013 4439 2212 4510 signes.
2240 4438 2422 4511 Cogita
2455 4439 2584 4496 mihi
2614 4441 2732 4496 illos
2764 4441 2987 4512 populos
3007 4484 3021 4507 ,
3053 4442 3358 4513 lampades,
3388 4443 3599 4512 radios,

2011 4529 2234 4600 gloriam
2260 4571 2276 4596 ,
2307 4529 2558 4586 decorem
2583 4573 2599 4598 ,
2635 4531 2872 4586 laetitiam
2897 4574 2914 4597 ,
2951 4531 3142 4589 festum
3171 4533 3598 4592 celeberrimum.

2011 4618 2265 4687 Quisnam
2307 4619 2422 4676 haec
2459 4620 2782 4691 explicabit?
2822 4620 2975 4676 Nulla
3014 4622 3228 4694 quidem
3257 4626 3460 4692 oratio;
3503 4627 3598 4683 sed

2009 4710 2121 4766 sola
2143 4712 2469 4782 experientia
2487 4720 2669 4782 aperte
2689 4711 2902 4768 docebit
2923 4728 3036 4781 eos,
3055 4716 3142 4785 qui
3171 4715 3272 4772 hoc
3292 4720 3622 4788 spectaculu-

2010 4801 2154 4873 digni
2176 4803 2391 4866 fuerint.
2415 4812 2617 4859 tantum
2640 4804 3000 4876 splendorem.
3025 4807 3250 4865 Perinde
3274 4811 3416 4866 enim
3438 4827 3599 4868 even-

2012 4903 2186 4949 turum
2229 4895 2476 4949 existimo
2498 4935 2514 4960 ,
2553 4910 2618 4950 ac
2646 4897 2689 4952 si
2719 4897 2870 4952 multi
2897 4899 3040 4954 soles
3065 4901 3116 4955 iu
3147 4901 3280 4957 caelo
3309 4902 3552 4960 fulserint
3577 4945 3592 4970 ,

2011 4985 2098 5039 vel
2130 4985 2172 5039 si
2201 4985 2496 5054 frequentia
2528 4985 2730 5056 fulgura
2762 5006 2777 5043 :
2803 4989 2887 5044 vel
2918 4991 3091 5060 potius
3114 4993 3484 5064 quodcumque
3509 4994 3594 5048 di-

2010 5083 2164 5140 xero,
2185 5075 2511 5131 contendens
2527 5077 2809 5134 ostendere
2827 5079 2970 5134 illam
3000 5081 3466 5151 pulchritudinem,
3495 5083 3599 5136 mi-

2011 5166 2154 5222 nime
2180 5175 2364 5236 potero
2390 5166 2570 5223 dicere
2613 5184 2708 5238 pro
2737 5170 2814 5224 rei
2843 5171 3116 5242 dignitate.
3147 5171 3283 5227 Sunt
3309 5173 3451 5227 enim
3480 5174 3595 5228 haec

2010 5256 2187 5312 omnia
2218 5257 2458 5327 exempla
2487 5260 2785 5328 corporalia
2815 5279 2828 5315 ε
2863 5263 3113 5331 splendor
3139 5269 3314 5316 autem
3341 5304 3356 5326 ,
3385 5271 3438 5316 et
3475 5279 3596 5333 quae

2012 5356 2137 5403 tunc
2160 5347 2266 5402 illic
2292 5345 2465 5402 futura
2489 5356 2572 5403 est
2594 5349 2760 5420 gloria
2782 5390 2797 5414 ,
2829 5364 3040 5404 omnem
3067 5349 3324 5419 ejusmodi
3355 5352 3591 5422 pulchri.

2072 5479 2148 5543 (τι)
2191 5476 2442 5544 singulare
2486 5484 2565 5529 est
2606 5479 2733 5542 quod
2777 5480 2856 5528 hic
2893 5481 2960 5544 ait
3001 5478 3392 5544 Chrysostomus,
3423 5498 3598 5538 omnes

2010 5540 2205 5593 crucem
2229 5540 2284 5591 in
2306 5542 2463 5609 fronte
2485 5555 2574 5591 suo
2591 5540 2819 5609 tempore
2843 5540 3034 5600 tulisse,
3051 5540 3297 5606 etiamque
3318 5540 3595 5609 imperato-

2013 5619 2124 5665 res;
2149 5612 2287 5654 certe
2312 5603 2543 5652 ttelemnu
2576 5603 2842 5674 Augustam
2875 5615 3067 5652 crucem
3099 5603 3244 5716 supra
3280 5603 3478 5672 globt'un
3507 5627 3598 5676 ge.

2013 5665 2464 5716 stantcm‘videmus
2487 5666 2534 5714 in
2563 5666 2796 5716 Anttitutt.
2823 5673 2984 5716 nostra
3002 5673 3132 5716 Tom.
3160 5687 3162 5690 ν
3187 5701 3200 5715 .

2013 5675 2222 5719 stantem
2237 5665 2464 5716 videmus
2487 5666 2534 5714 in
2563 5665 2796 5730 Antiquit.
2823 5673 2984 5716 nostra
3002 5673 3132 5716 Tom.
3153 5665 3200 5716 3.
