4112 6208
517 287 619 338 ‘27?
1221 291 1276 342 S.
1313 289 1595 348 JOANMS
1633 295 2078 354 CIIRYSOSTUM

2183 300 2464 358 .RCIHEP.
2507 303 3047 362 CONSTANTINOP.

515 416 632 468 νην,
666 402 759 454 καὶ
786 400 872 454 διὰ
904 400 965 453 τὸ
1006 403 1385 477 ἀτελεύτητον,
1437 411 1688 484 καθάπερ
1730 414 1824 466 καὶ
1877 416 2084 482 Παῦλός

517 503 674 556 φησι,
703 489 798 541 καὶ
831 490 1082 561 ἄναρχον.
1109 493 1287 566 Ὅπερ
1332 496 1442 568 γὰρ
1467 500 1670 566 ἐκεῖνος
1698 497 1840 570 εἶχεν
1874 504 1929 556 ἐν
1967 509 2084 569 ταῖς

517 573 720 633 σκιαῖς,
751 572 910 626 τοῦτο
944 577 1002 628 ἐν
1021 579 1088 646 τῇ
1115 577 1344 652 ἀληθείᾳ
1371 582 1594 650 γέγονεν
1622 586 1715 638 ἐπὶ
1734 585 1828 638 τοῦ
1872 588 2045 655 Ἰησοῦ
2068 606 2080 618 ·

513 660 610 710 καὶ
634 659 887 732 καθάπερ
911 663 979 717 τὰ
1009 666 1248 737 ὀνόματα
1270 669 1619 741 προέτρεχεν,
1651 673 1728 736 ὡς
1764 673 1988 745 Ἰησοῦς,
2011 676 2085 738 ὡς

515 745 770 814 Χριστὸς,
804 748 945 801 οὕτω
989 753 1083 804 καὶ
1113 753 1290 808 τοῦτο.
1337 756 1474 809 Οὔτε
1501 757 1675 829 ἀρχὴν
1728 755 1820 813 οὗν
1863 761 2085 831 ἡμερῶν

517 834 765 922 φαίνεται
785 836 944 907 ἔχων.
975 839 1096 894 οὕτε
1124 841 1270 914 ζωῆς
1289 843 1441 908 τέλος
1467 847 1497 898 6
1527 845 1878 918 Μελχισεδὲκ,
1911 853 1972 904 ού
2007 852 2085 922 τῷ

521 921 595 990 μὴ
620 922 780 992 ἔχειν,
817 925 950 980 ἀλλὰ
977 927 1056 997 τῷ
1081 928 1156 1000 μὴ
1183 931 1666 1004 γενεαλογηθῆναι.
1700 937 1763 989 '0
1787 937 1843 990 δὲ
1879 921 2082 1008 Ἰησοῦς

517 1008 634 1062 οὐδὲ
656 1011 827 1080 ἀρχὴν
858 1013 1078 1082 ἡμερῶν
1118 1014 1294 1086 ἔσχεν,
1319 1017 1444 1071 οὕτε
1476 1018 1621 1091 ζωῆς
1650 1022 1818 1086 τέλος,
1855 1024 1915 1076 ού
1947 1026 2083 1078 κατά

516 1096 701 1148 τοῦτον
746 1098 837 1150 τὸν
865 1099 1082 1170 τρόπον,
1129 1102 1262 1155 ἀλλὰ
1294 1104 1372 1173 τῷ
1405 1106 1527 1159 καθ’
1556 1108 1678 1160 ὅλου
1719 1109 1791 1179 μὴ
1822 1106 1962 1164 εἶναι
1992 1112 2081 1164 ἐπ’

515 1181 679 1268 αὑτοῦ
712 1183 887 1268 ἀρχὴν
928 1188 1201 1268 χρονικήν,
1237 1189 1370 1259 μηδὲ
1413 1193 1584 1255 τέλος.
1629 1195 1702 1247 Τὸ
1749 1197 1845 1265 μὲν
1871 1197 1976 1268 γὰρ
2015 1193 2083 1268 ἦν

517 1266 664 1332 σκιά,
690 1267 749 1320 τὸ
776 1268 832 1322 δὲ
857 1269 1098 1342 ἀλήθεια.
1127 1267 1334 1344 Ὠσπερ
1353 1273 1466 1340 οὖν,
1499 1281 1746 1347 Ἰησοῦς,
1767 1266 1998 1347 ἀκούων,

514 1352 606 1405 τὸν
641 1351 856 1424 ἀληθῶς
907 1355 1112 1427 Ἰησοῦν
1155 1359 1505 1427 ὑποπτεύεις,
1535 1365 1674 1419 ἀλλά
1697 1367 1790 1421 τοῦ
1819 1368 2083 1439 ὀνόματος

514 1440 602 1492 τὸν
622 1440 788 1494 τύπον
809 1443 938 1516 δέχῃ
959 1445 1136 1514 μόνον,
1151 1449 1244 1502 καὶ
1265 1450 1414 1504 οὐδὲν
1439 1453 1598 1506 πλέον
1623 1454 1924 1525 ἐπιζητεῖς·
1943 1457 2082 1512 οὕτω

515 1527 610 1614 καὶ
633 1527 844 1582 ἀκούων
871 1530 962 1582 τὸν
984 1531 1315 1602 Μελχισεδὲκ
1336 1537 1567 1608 ἄναρχον
1587 1541 1681 1594 καὶ
1709 1542 2078 1614 ἀτελεύτητον,

517 1612 593 1684 μὴ
617 1615 684 1699 ἐν,
710 1616 777 1686 τῇ
804 1614 912 1668 τῶν
944 1619 1283 1688 πραγμάτων
1309 1623 1538 1696 ἀληθείᾳ
1566 1626 1729 1679 αὑτὸν
1766 1627 1935 1699 ζήτει,
1955 1612 2082 1683 ἀλλ’

513 1698 687 1770 ἁρκοῦ
714 1703 778 1770 τῇ
800 1706 1142 1777 προσηγορίᾳ
1174 1707 1332 1780 μόνῃ.
1367 1709 1465 1780 τὴν
1493 1710 1550 1764 δὲ
1578 1698 1836 1784 ἀλήθειαν
1873 1717 1964 1768 ἐπί
1985 1717 2078 1770 τοῦ

513 1788 749 1859 Χριστοῦ
797 1793 1196 1862 καταμάνθανε.
1226 1797 1432 1869 Ὅρκον
1462 1799 1519 1853 δέ
1547 1801 1676 1856 ὅταν
1705 1803 1962 1876 ἀκούσης,
2004 1806 2079 1876 μὴ
2126 1829 2132 1835 '

513 1876 674 1945 ὁρκον
704 1877 910 1947 νόμιζε.
933 1881 1142 1955 Ὥσπερ
1164 1884 1272 1956 γὰρ
1304 1885 1495 1956 θυμὸς,
1525 1889 1585 1942 ού
1607 1888 1775 1957 θυμὸς
1799 1891 1891 1946 ἐπὶ
1918 1892 2076 1954 Θεοῦ,

512 1965 647 2020 ἀλλὰ
669 1967 731 2020 τὸ
746 1970 1130 2041 τιμωρητικὸν,
1162 1974 1255 2027 καὶ
1275 1975 1334 2027 ού
1359 1977 1528 2041 πάθος
1553 1979 1702 2032 ἐστίν
1725 1999 1736 2009 ο
1763 1979 1935 2045 οὕτως
1955 1983 2077 2035 οὐδὲ

511 2052 692 2139 ῦρκος.
721 2055 793 2107 Ού
815 2055 922 2127 γὰρ
944 2057 1137 2128 ὄμνυσι
1165 2060 1317 2125 Θεὸς,
1349 2063 1485 2116 ἀλλὰ
1509 2065 1569 2118 τὸ
1591 2065 1806 2130 πάντως
1825 2068 2078 2139 ἐσόμενον

511 2137 682 2207 λέγει.
713 2141 898 2196 Είπὼν
935 2145 1109 2199 τοίνυν
1135 2145 1236 2217 τὴν
1261 2148 1621 2221 λαμπρότητα
1648 2151 1756 2205 τῶν
1783 2137 1972 2222 ἁγίων,
2017 2155 2078 2208 τὸ

511 2226 736 2298 τεθῆναι
752 2230 879 2293 τοὺς
903 2231 1130 2303 ἐχθροὺς
1161 2235 1264 2288 ὑπὸ
1281 2238 1405 2300 τοὺς
1431 2238 1595 2302 πόδας
1613 2239 1797 2303 αὐτοῦ,
1816 2240 1916 2312 τὴν
1943 2241 2078 2311 ήμὲ-

515 2333 616 2386 ραν
636 2317 736 2386 τῆς
763 2318 1063 2389 δυνάμεως,
1085 2321 1232 2391 λέγει
1261 2325 1354 2377 καὶ
1382 2325 1451 2378 τὰ
1479 2327 1720 2396 παρόντα
1750 2328 1952 2382 λοιπόν.
1968 2330 2078 2383 Καὶ

512 2403 614 2474 ὅρα
645 2405 762 2457 οῖαν
788 2409 1018 2461 ποιεῖται
1044 2408 1194 2473 τάξιν
1217 2410 1292 2481 τῷ
1314 2410 1474 2484 λόγῳ,
1509 2414 1598 2466 τὸν
1617 2415 1849 2486 σκληρὸν
1873 2416 2077 2487 ἀκροα-

510 2492 610 2560 τὴν
647 2493 1099 2564 καταμαλάσσων.
1131 2498 1397 2569 Πρότερον
1425 2501 1530 2572 γάρ
1559 2501 1802 2572 φοϐήσας
1828 2503 1904 2574 τῷ
1936 2503 2077 2575 λόγῳ

510 2579 609 2648 τῆς
631 2579 884 2650 κρίσεως,
915 2583 1008 2636 καὶ
1030 2583 1091 2636 τὸ
1111 2583 1418 2638 δυσένδοτον
1446 2585 1611 2640 αὐτοῦ
1649 2587 1916 2656 μαλάξας,
1934 2588 2076 2643 οὕτω

507 2659 601 2712 καὶ
619 2659 711 2712 τὸν
728 2662 976 2730 περὶτῶν
994 2664 1276 2732 παρόντων
1288 2668 1495 2735 εἰσάγει
1512 2668 1687 2741 λόγον.
1709 2670 1806 2724 Διά
1823 2671 1977 2726 τοῦτο
1989 2674 2082 2726 καὶ

503 2750 760 2822 τοιαύτην
791 2755 1024 2806 ποιεῖται
1049 2753 1146 2825 τήν
1183 2757 1348 2826 μίξιν.
1374 2758 1572 2811 Σκόπει
1602 2759 1689 2813 δέ·
1716 2761 1871 2825 Ἕως
1895 2762 1974 2817 ἂν
2000 2764 2080 2818 θῶ

505 2840 646 2904 τοὺς
660 2840 910 2909 ἐχθρούς
927 2858 1042 2895 σου
1065 2843 1394 2897 ὑποπόδιον
1409 2844 1526 2898 τῶν
1537 2843 1737 2898 ποδῶν
1752 2861 1888 2903 σου.
1911 2847 2080 2902 Τοῦτο

509 2923 617 2978 τῶν
638 2924 934 2995 μελλόντων
948 2944 960 2957 ο
979 2922 1096 2981 εἶτα
1113 2928 1181 2982 τὰ
1201 2930 1467 2998 παρόντα·
1499 2930 1748 2983 Ῥάϐδον
1769 2932 2077 3002 δυνάμεώς

511 3027 628 3066 σου
646 3013 1037 3078 ἐξαποστελεῖ
1055 3017 1269 3083 Κύριος
1288 3017 1354 3069 ἐκ
1375 3016 1522 3069 Σιών
1537 3035 1552 3049 ·
1571 3019 1667 3070 καί
1691 3022 2076 3087 κατακιιρίευε

510 3099 582 3152 ἐν
600 3098 770 3168 μέσῳ
801 3099 921 3154 τῶν
941 3100 1172 3169 ἐχθρῶν
1201 3116 1316 3154 σου
1338 3117 1353 3133 ·
1386 3098 1506 3155 εἶτα
1525 3103 1592 3154 τὰ
1617 3103 1899 3172 μέλλοντα·
1917 3109 2077 3162 Μετὰ

510 3185 627 3240 σοῦ
652 3187 691 3254 ἡ
713 3185 889 3255 ἀρχὴ,
921 3187 993 3241 ἐν
1025 3188 1210 3256 ἡμέρᾳ
1231 3186 1340 3255 τῆς
1363 3187 1667 3258 δυνάμεώς
1689 3205 1805 3245 σου
1839 3192 1909 3244 ἐν
1951 3193 2077 3259 ταῖς

509 3273 886 3341 λαμπρότησι
917 3271 1035 3326 τῶν
1066 3273 1264 3341 ἁγίων.
1323 3269 1456 3328 Εἶτα
1490 3274 1650 3329 πάλιν
1678 3276 1748 3329 τά
1801 3279 2072 3350 παρόντα,

512 3359 695 3414 οὐκέτι
716 3359 982 3431 τιμωρίαν
1006 3358 1213 3428 ἔχοντα,
1238 3358 1356 3413 ἀλλ’
1383 3361 1700 3432 εὐεργεσίαν
1725 3380 1739 3393 ·
1774 3365 1857 3419 Σὺ
1887 3367 2076 3433 ἱερεὺς

510 3450 596 3512 εις
628 3447 734 3500 τὸν
754 3445 940 3499 αἰῶνα
964 3445 1113 3500 κατὰ
1141 3446 1255 3513 τὴν
1281 3445 1456 3512 τάξιν
1483 3449 1872 3516 Μελχισεδέκ.
1908 3439 2077 3508 Τοῦτο

510 3533 620 3604 γὰρ
647 3532 914 3604 ἁμαρτίας
936 3533 1241 3602 ἀναίρεσις,
1278 3535 1370 3586 καὶ
1403 3534 1714 3604 καταλλαγὴ
1759 3539 1893 3608 πρὸς
1920 3540 2072 3596 Θεόν.

509 3615 645 3674 Εἶτα
697 3618 980 3688 ἐπιμείνας
1027 3620 1208 3682 αὐτοῖς
1262 3621 1388 3674 ὅσον
1443 3621 1724 3690 ἠϐούλετο,
1783 3624 1942 3680 πάλιν
1979 3629 2076 3696 τῆς

509 3707 819 3777 οἰκονομίας
843 3706 1094 3767 ἀπτεται,
1140 3709 1233 3761 ἐπὶ
1269 3709 1328 3760 τὸ
1358 3710 1736 3780 ταπεινότερον
1784 3713 1874 3765 τὸν
1922 3712 2078 3781 λόγον

515 3794 1019 3867 μετασχηματίζων,
1042 3797 1134 3849 καὶ
1154 3795 1328 3863 λέγων
1348 3813 1359 3824 ·
1388 3798 1600 3865 Κύριος
1616 3798 1684 3851 ἐκ
1707 3799 1918 3863 δεξιῶν
1935 3817 2072 3856 σου.
2109 3817 2130 3828 ’

511 3883 703 3936 Καίτοι
735 3882 845 3935 ἄνω
871 3881 1070 3950 ἔλεγεν,
1118 3885 1198 3936 ὅτι
1238 3883 1404 3945 αὐτὸς
1451 3883 1684 3953 κάθηται
1711 3887 1769 3938 ἐν
1801 3884 1948 3958 δεξιᾷ
1981 3889 2074 3941 τοῦ

513 3969 740 4039 Πατρός.
779 3969 938 4040 Ὁρᾷς
967 3970 1084 4033 πῶς
1107 3970 1202 4040 οὐχ
1231 3969 1382 4044 [965]
1403 3971 1587 4035 ἁπλῶς
1619 3973 1723 4043 χρὴ
1756 3975 1875 4038 ταῖς
1900 3974 2074 4039 λέξεσι

511 4055 967 4126 παρακαθῆσθαι;
1011 4055 1076 4108 Τί
1112 4057 1252 4119 ἐστι,
1285 4059 1498 4128 Κύριος
1540 4060 1608 4112 ἐκ
1662 4059 1876 4124 δεξιῶν
1919 4079 2073 4122 00v;

523 4143 738 4213 Ἐπειδὴ
771 4143 869 4213 τῆς
915 4143 1222 4212 οἰκονομίας
1263 4144 1456 4214 ῆψατο,
1491 4147 1582 4199 ἐπὶ
1635 4147 1730 4218 τὴν
1760 4148 1936 4218 σάρκα
1985 4150 2076 4202 τὸν

510 4229 666 4296 λόγον
694 4229 879 4300 τρέπει
905 4229 1004 4300 τὴν
1048 4228 1295 4300 βοήθειαν
1331 4230 1652 4302 δεχομένην.
1701 4235 1924 4304 Ὀρὶται
1967 4234 2076 4306 γὰρ

510 4315 778 4383 ἀγωνιῶν,
820 4316 915 4368 καὶ
950 4315 1130 4384 ἱδρῶν,
1162 4316 1253 4368 καὶ
1278 4314 1449 4378 οὕτως
1479 4316 1657 4388 ίδρῶν,
1686 4318 1759 4381 ὠς
1792 4321 1882 4372 καὶ⁵
1917 4320 2077 4390 θρόμ-

511 4401 638 4465 ϐους
662 4403 972 4471 καταρρεῖν,
1004 4403 1096 4454 καὶ
1123 4401 1517 4471 ἐνισχυόμενος.
1565 4403 1798 4474 Τοιαύτη
1834 4406 1940 4475 γὰρ
1977 4407 2076 4476 τῆς

511 4488 710 4558 σαρκὸς
735 4489 769 4557 ή
797 4487 975 4556 φύσις.
1007 4489 1342 4541 Συνθλάσει
1367 4487 1436 4540 ἐν
1463 4487 1651 4557 ἡμέρᾳ
1684 4489 1865 4558 ὀργῆς
1890 4492 2075 4546 αὐτοῦ

509 4574 807 4640 βασιλεῖς.
841 4575 955 4628 Οὐκ
984 4574 1048 4628 ἀν
1070 4590 1154 4637 τις
1196 4575 1432 4645 ἁμάρτοι
1473 4573 1634 4628 τοῦτο
1685 4577 1780 4628 καὶ
1815 4579 2075 4648 περὶτῶν

509 4662 791 4731 παρόντων
812 4661 984 4728 λέγων
1012 4660 1121 4714 τῶν
1165 4661 1606 4732 ἐπανισταμένων
1643 4665 1709 4733 τῇ
1758 4664 2072 4736 Ἐκκλησία,

511 4748 604 4800 καὶ
648 4748 775 4817 περὶ
810 4748 916 4800 τῶν
954 4747 1252 4816 μελλόντων
1289 4747 1482 4802 δώσειν
1527 4747 1778 4815 εὐθύνας,
1820 4750 1958 4823 ὑπὲρ
2000 4745 2074 4805 ὧν

510 4838 755 4906 ἥμαρτον
805 4837 898 4887 καὶ
943 4835 1237 4906 ἠσέϐησαν.
1285 4835 1491 4904 Κρινεῖ
1535 4837 1605 4890 ἐν
1649 4837 1773 4904 τοῖς
1828 4838 2030 4894 ἔθνεσι
2057 4881 2070 4904 ,

510 4921 811 4990 πληρώσει
865 4920 1161 4990 πτώματα.
1224 4923 1289 4975 Τί
1341 4925 1456 4976 ἐστι
1484 4966 1498 4989 ,
1575 4923 1785 4993 Κρινεῖ-
1833 4926 1904 4980 ὲν
1952 4927 2074 4995 τοῖς

509 5009 747 5071 Mrem;
776 5008 1014 5070 Δικάσει,
1057 5008 1209 5077 φησὶ,
1244 5013 1604 5081 κατακρινεῖ·
1636 5013 1760 5076 τοὺς
1791 5012 2068 5083 δαίμονας.

510 5097 618 5158 Καὶ
644 5096 726 5148 ὃτι
753 5095 984 5166 ἔκρινεν,
1004 5094 1234 5149 ἄκουσον
1258 5094 1353 5148 τοῦ
1381 5095 1614 5168 Χριστοῦ
1646 5097 1922 5165 λέγοντος⁹
1945 5101 2076 5154 Νῦν

507 5183 704 5252 κρίσις
733 5181 862 5236 ἐστὶ
888 5181 990 5234 τοῦ
1013 5182 1240 5250 κόσμου
1262 5183 1474 5234 τούτου
1497 5199 1510 5212 ·
1543 5183 1657 5236 νῦν
1679 5187 1711 5237 ό
1733 5184 1932 5253 ἄρχων
1968 5188 2072 5240 τοῦ

508 5272 737 5339 κόσμου
768 5269 1201 5336 ἐκϐληθήσεται
1243 5268 1378 5334 ἐξω.
1434 5271 1543 5323 Καὶ
1587 5269 1822 5341 ἀλλαχοῦ
1845 5289 1859 5303 ο
1900 5274 2074 5342 Κάγὼ

508 5358 612 5414 ἐὰν
638 5358 874 5426 ὑψωθῶ,
901 5356 1130 5422 πάντας
1153 5357 1393 5410 ἑλκύσω
1423 5357 1571 5424 πρὸς
1611 5359 1889 5426 ἐμαυτόν.
1914 5360 1976 5412 El
2014 5361 2071 5413 δὲ

509 5445 942 5516 αἰσθητικωτέρα
965 5447 1029 5516 τῇ
1051 5445 1195 5510 λέξει
1227 5445 1510 5516 κέχρηται,
1548 5445 1623 5514 μὴ
1666 5445 2063 5520 προσπταίσῃς.

514 5532 610 5584 Ἐθ
622 5550 673 5595 ος
689 5532 796 5602 γάρ
812 5535 877 5603 τῇ
901 5533 1089 5604 Γραφῇ
1113 5531 1290 5586 τοῦτο.
1317 5533 1652 5586 Συνθλάσει
1677 5534 1942 5601 κεφαλὰς
1970 5535 2066 5588 ἐπὶ

573 5704 596 5730 ⁸
627 5703 706 5750 Sic
730 5716 841 5750 mss.
865 5705 1058 5754 melius.
1085 5705 1212 5754 Edit.
1244 5703 1414 5756 Morel.
1439 5711 1492 5755 et
1510 5703 1661 5758 Savil.
1689 5706 1855 5768 κρινεῖ.

3649 320 3756 371 278

2191 422 2301 489 γῆς
2333 421 2594 476 πολλῶν.
2629 422 2692 475 El
2731 423 2832 488 μὲν
2865 424 3006 476 κατά
3036 425 3322 497 ἀναγωγὴν
3358 425 3565 496 βούλοιο
3601 431 3753 488 τοῦτς

2189 507 2454 576 δέχεσθαι,
2487 508 2583 578 τὴν
2611 509 2866 562 ἀπόνοιαν
2891 512 3030 564 εἴποι
3054 529 3136 576 τις
3159 512 3223 566 ἂν
3245 513 3325 565 ὅτι
3348 513 3592 567 καθελεῖ’
3623 520 3670 570 εξ
3699 520 3754 572 δὲ

2191 595 2286 646 καὶ
2335 594 2627 665 αἰσθητῶς,
2673 595 2771 665 τὴν
2813 597 3096 668 συμφορὰν
3139 599 3238 669 τὴν
3281 599 3577 672 Ἰουδαῖκήν
3604 641 3621 666 ,
3663 604 3755 668 οὒς

2189 681 2469 735 ἀπώλεσεν
2488 682 2658 753 άρδην
2690 684 2826 753 μετά
2859 685 3058 756 πολλῆς
3097 689 3195 757 τῆς
3224 687 3607 758 σφοδρότητος.

2273 769 2371 822 Ἐκ
2396 768 2802 837 χειμάρικυὲν
2832 771 2947 837 ὁδῷ
2965 773 3178 826 πίεται.
3223 774 3485 828 Ἐνταῦθα
3514 775 3753 834 δείκνυσι

2187 856 2250 910 τὸ
2265 858 2517 911 ταπεινὸν
2543 859 2644 928 τῆς
2666 859 2893 931 διαίτης,
2921 860 2980 913 τὸ
2996 845 3327 932 εὐτελὲςθτῆς
3352 864 3647 936 διαγωγῆς,
3669 867 3752 919 ὅτι

2188 945 2252 1015 δὴ
2281 946 2340 998 ού
2372 946 2564 1010 σοϐῶν,
2591 947 2712 1001 οὐδὲ
2736 947 3064 1020 δορυφόρους
3103 949 3262 1020 έχων,
3297 952 3420 1005 οὐδὲ
3445 955 3752 1022 φαντασίαν

2187 1031 2310 1084 τινὰ
2340 1034 2716 1104 περικείμενος
2770 1035 3029 1107 αἰσθητήν
3057 1036 3226 1090 ταῦτα
3263 1037 3553 1108 ἔπραττεν,
3609 1041 3748 1096 ἀλλὰ

2188 1117 2330 1171 λιτὸν
2367 1118 2478 1189 βίον
2516 1119 2747 1190 μετιὼν,
2790 1123 2884 1174 καὶ
2927 1122 3186 1188 τοιοῦτον,
3229 1124 3305 1188 ὼς
3347 1127 3410 1178 ἐκ
3447 1127 3749 1198 χειμάρρου

2188 1204 2382 1257 πίνειν.
2404 1205 2502 1257 Οἴα
2534 1205 2642 1277 γὰρ
2665 1201 2732 1275 ἦν
2761 1206 2908 1277 αύτῷ
2937 1209 2970 1277 η
3001 1207 3267 1280 τράπεζα,
3301 1211 3542 1266 τοιοῦτον
3572 1213 3752 1266 καὶτὸ

2188 1289 2368 1344 ποτόν.
2399 1292 2463 1344 Ἦ
2484 1291 2730 1360 τράπεζα
2758 1293 2910 1361 ἄρτοι
2934 1293 3188 1363 κρίθινοι,
3213 1295 3274 1348 τὸ
3297 1297 3459 1350 ποτὸν
3482 1297 3627 1366 ὕδωρ
3643 1299 3752 1352 ἀπὺ

2186 1374 2280 1455 τοῦ
2324 1377 2644 1449 χειμάρρου.
2677 1377 2787 1449 Τὴν
2827 1378 2937 1450 γάρ
2970 1381 3260 1450 φιλόσοφον
3295 1383 3500 1455 ταύτην
3535 1385 3750 1440 δίαιταν

2185 1454 2315 1529 ἦλθε
2345 1462 2588 1530 διδάξων,
2627 1464 2865 1536 γαστρὸς
2893 1470 3136 1536 κρατεῖν,
3191 1454 3496 1536 φαντασίαν
3533 1477 3749 1536 πατεῖν,

2186 1547 2350 1616 τῦφον
2395 1549 2847 1618 ἀποστρέφεσθαι.
2903 1546 3037 1605 Εἶτα
3088 1553 3302 1618 δεικνὺς
3351 1557 3450 1626 τῆς
3499 1555 3646 1628 ζωῆς
3689 1560 3751 1612 τὸ

2187 1635 2396 1706 κέρδος,
2418 1635 2574 1690 τοῦτο
2591 1637 2833 1707 ἐπήγαγε
2854 1654 2867 1667 ·
2887 1637 2989 1691 Διά
3003 1639 3179 1694 τοῦτο
3195 1641 3423 1709 ὑψώσει
3451 1645 3745 1712 κεφαλήν.

2186 1723 2298 1792 Τῆς
2321 1723 2424 1794 γάρ
2444 1723 2937 1794 ταπεινοφροσύνης
2954 1727 3045 1779 καὶ
3073 1727 3166 1781 τοῦ
3195 1728 3432 1800 σκληροῦ
3455 1729 3571 1800 βίου
3595 1726 3748 1795 οὗτος

2183 1811 2214 1863 6
2243 1810 2473 1880 καρπός.

2256 1975 2322 2030 θ’.
2341 1975 2525 2030 Ταῦτα
2541 1977 2596 2031 δέ
2617 1978 2674 2030 οὐ
2694 1979 2820 2050 περὶ
2840 1982 2936 2050 τῆς
2951 1978 3200 2048 θεότητος
3216 1981 3447 2052 εἴρηται,
3465 1981 3596 2036 ἀλλὰ
3617 1985 3747 2054 περὶ

2183 2062 2283 2132 τῆς
2315 2063 2514 2133 σαρκὸς
2545 2064 2643 2134 τῆς
2671 2065 2930 2134 πινούσης
2962 2067 3025 2119 ἐκ
3054 2067 3487 2139 χειμάρρου,τῆς
3516 2069 3749 2138 ὑψωθείο

2186 2165 2304 2218 σης.
2330 2149 2403 2202 Ού
2441 2149 2600 2219 μόνον
2628 2151 2737 2220 γὰρ
2765 2152 2913 2205 οὐδὲν
2951 2152 3120 2223 αὐτὴν
3165 2153 3512 2224 παρέϐλαψεν
3537 2153 3676 2225 αῦτη
3711 2157 3748 2225 ή

2182 2233 2447 2298 εὐτέλεια,
2478 2235 2612 2290 ἀλλὰ
2637 2237 2731 2289 καὶ
2764 2237 2898 2309 πρὸς
2920 2236 3053 2308 ῦψος
3085 2240 3360 2308 ἀνήγαγεν
3386 2239 3612 2308 ἄφατον.
3637 2242 3749 2295 Καὶ

2185 2322 2248 2374 σὺ
2277 2319 2474 2387 τοίνυν,
2502 2315 2547 2375 ὧ
2569 2323 2840 2390 ἀγαπητὲ,
2861 2323 2999 2395 έχων
3026 2325 3092 2377 τά
3122 2324 3512 2396 ὑποδείγματα,
3529 2326 3621 2380 τὸν
3649 2329 3749 2397 μὲν

2183 2407 2578 2477 φλεγμαίνοντα
2620 2410 2713 2463 καὶ
2741 2409 3040 2478 φαντασίας
3067 2411 3308 2481 γέμοντα
3333 2411 3446 2482 βίον
3475 2411 3711 2482 ἀτίμαζε
3730 2431 3745 2446 ο

2181 2493 2271 2546 τὸν
2297 2493 2353 2546 δὲ
2389 2494 2579 2566 εὐτελῆ
2607 2497 2702 2549 καὶ
2728 2496 3141 2566 ἐσχεδιασμένον
3166 2497 3326 2551 δίωκε
3349 2536 3364 2561 ,
3391 2498 3446 2550 εί
3468 2514 3531 2565 γε
3567 2498 3746 2567 βούλει

2181 2581 2430 2652 λαμπρός
2457 2599 2541 2647 τις
2568 2578 2707 2638 εἶναι
2748 2585 2842 2638 καὶ
2870 2585 3062 2653 μέγας.
3105 2585 3216 2638 Καὶ
3248 2585 3358 2656 γάρ
3397 2588 3427 2639 6
3470 2587 3746 2656 Δεσπότης

2183 2684 2278 2722 σου
2309 2668 2394 2722 διά
2429 2669 2588 2723 τοῦτο
2617 2665 2798 2742 ἦλθεν,
2837 2671 2922 2724 ἵνα
2951 2670 3154 2741 ταύτην
3187 2688 3246 2724 σε
3273 2672 3458 2744 διδάξῃ
3483 2675 3584 2742 τὴν
3603 2673 3740 2726 ὁδόν.

2182 2755 2281 2809 Διά
2307 2773 2390 2809 τοι
2417 2755 2574 2810 τοῦτο
2622 2758 2717 2810 καὶ
2744 2761 2772 2811 6
2805 2759 3089 2828 προφήτης
3131 2758 3302 2810 εἰπὼν
3354 2759 3423 2812 τά
3463 2758 3742 2833 κατορθώ-

2185 2859 2348 2912 ματα,
2383 2843 2627 2914 ἐπήγαγε
2653 2843 2812 2896 τοῦτο
2834 2843 2982 2907 αὐτὸ,
3021 2845 3299 2913 μονονουχὶ
3328 2845 3522 2912 λέγων·
3557 2843 3744 2898 ’Δκού-

2183 2945 2281 2990 σας
2308 2927 2462 2998 νίκην
2484 2928 2576 2981 καὶ
2601 2929 2858 3000 τρόπαια,
2898 2930 2970 3000 μὴ
2997 2928 3182 2994 ἔλπιζε
3206 2931 3345 2984 ὅπλα
3367 2933 3461 2984 καὶ
3483 2930 3744 3002 στρατιώο

2183 3030 2301 3076 τας,
2336 3015 2430 3065 καί
2459 3013 2698 3084 ἅρματα,
2733 3017 2826 3068 καὶ
2859 3017 3078 3081 ἵππους,
3099 3019 3191 3070 καὶ
3224 3017 3444 3080 ἱππέας,
3479 3017 3572 3070 καὶ
3594 3019 3745 3072 όπλίο

2181 3117 2301 3163 τας,
2338 3102 2428 3153 καὶ
2475 3100 2774 3171 θορύϐους,
2834 3104 2928 3156 καὶ
2960 3103 3205 3174 ταραχὰς
3245 3103 3392 3156 ίδεῖν.
3447 3103 3602 3157 Οὓτω
3646 3121 3740 3158 ται

2184 3185 2361 3248 πεινός
2381 3189 2524 3238 ἐστιν
2549 3189 2577 3239 ό
2599 3187 2770 3241 ταῦτα
2797 3189 3096 3259 κατορθῶν,
3123 3188 3266 3242 οὕτω
3299 3189 3740 3259 συνεσταλμένος,

2182 3274 2257 3336 ὡς
2305 3275 2364 3326 ὲκ
2401 3274 2701 3346 χειμάρρου
2755 3274 2929 3328 πίνειν
2968 3276 3138 3348 ὕδωρ·
3190 3275 3302 3330 ἀλλ’
3335 3277 3486 3347 ὅμως
3525 3269 3677 3339 οὗτος
3713 3278 3744 3329 6

2182 3359 2417 3424 τοιοῦτος
2443 3362 2613 3414 ταῦτα
2655 3362 2868 3416 ἅπαντα
2908 3361 3114 3420 ἀνύσει.
3163 3363 3532 3417 Ἀκουέτωσαν
3559 3363 3607 3416 οί
3644 3362 3743 3427 τὰς

2183 3447 2540 3518 Συϐαριτικὰς
2580 3446 2790 3516 ἔχοντες
2818 3449 2846 3488 ι)
2872 3450 3166 3520 τραπέζας,
3204 3451 3295 3503 καὶ
3337 3449 3407 3502 τά
3451 3451 3740 3520 ἐδέσματα,

2182 3533 2276 3585 καὶ
2331 3534 2436 3585 πᾶν
2486 3528 2623 3595 εἶδος
2661 3534 2958 3604 καρυκείας
2984 3535 3359 3599 ἐπινοοῦντες,
3398 3538 3493 3589 καὶ
3525 3537 3742 3588 ποικίλα

2185 3617 2462 3686 μαγείρων
2486 3618 2616 3687 γένη
2649 3620 2984 3690 πανταχόθεν
3027 3621 3391 3689 συλλέγοντες,
3425 3624 3518 3676 καὶ
3543 3622 3742 3686 ναύτας

2184 3703 2337 3776 [2641
2370 3703 2467 3757 καὶ
2489 3703 2824 3776 κυϐερνήτας
2852 3707 2946 3759 καὶ
2971 3724 3052 3760 κω
3065 3707 3304 3778 πηλάτας
3333 3708 3741 3776 καταλέγοντες,

2184 3795 2269 3846 ἵνα
2297 3793 2417 3858 ξένα
2446 3794 2566 3846 τινὰ
2581 3793 2711 3863 γένη
2733 3795 2828 3848 καὶ⁵
2844 3797 2984 3849 οίνου
3006 3797 3100 3850 καὶ
3127 3797 3312 3868 μύρων
3337 3797 3433 3850 καὶ
3462 3797 3562 3867 τῆς
3580 3795 3744 3867 ἄλλης

2184 3879 2438 3950 βλακείας
2471 3881 2756 3949 κομίσωσι,
2784 3882 2877 3934 καὶ
2904 3883 3038 3954 πρὸς
3059 3883 3189 3936 αὐτὸ
3223 3884 3448 3947 ἑαυτοὺς
3473 3899 3742 3936 καταπον-

2181 3968 2371 4020 τίσωσι
2407 3965 2468 4019 τὸ
2511 3965 2799 4037 βάραθρον,
2823 3968 2917 4021 καὶ
2957 3970 3172 4023 πάντων
3203 3970 3464 4036 γένωνται
3492 3969 3743 4022 ταπεινό-

2180 4070 2346 4124 τεροι.
2400 4051 2538 4105 Οῠτε
2576 4053 2684 4123 γὰρ
2719 4053 2922 4124 ὑψηλὸν
2959 4054 3114 4108 εῖωθε
3163 4057 3336 4108 ποιεῖν
3381 4055 3442 4107 τὸ
3489 4054 3744 4108 πλειόνων

2181 4140 2407 4206 δεῖσθαι,
2442 4140 2565 4194 οὗτε
2589 4143 2842 4195 ταπεινὸν
2862 4143 2924 4195 τὸ
2953 4142 3150 4210 ὀλίγων
3183 4138 3320 4196 εἶναι
3345 4144 3404 4196 ἐν
3428 4143 3606 4213 χρείᾳ.
3636 4142 3747 4196 Καὶ

2181 4231 2229 4282 εί
2258 4228 2530 4298 βούλεσθε,
2560 4230 2835 4298 ἑκατέρων
2871 4229 2970 4298 τὴν
2987 4230 3173 4284 εἰκόνα
3197 4230 3620 4299 ἀναπλάσωμεν,
3650 4231 3762 4282 καὶ·

2182 4317 2322 4369 ἔστω
2341 4333 2420 4378 τις
2437 4314 2662 4379 πολλοὺς
2678 4315 2814 4386 ἔχων
2830 4317 2957 4379 τοὺς
2987 4315 3322 4385 πανταχόθεν
3349 4315 3740 4388 χορηγοῦντας,

2181 4404 2275 4456 καὶ
2326 4401 2525 4462 ναύτας
2571 4401 2666 4454 καὶ
2714 4401 3071 4474 κυϐερνήτας,
3125 4405 3217 4456 καὶ
3267 4403 3612 4475 χειροτέχνας
3650 4401 3742 4455 καὶ

2181 4488 2416 4555 οίκέτας,
2441 4489 2535 4542 καὶ
2575 4489 2821 4557 ὑφάντας
2860 4488 2952 4540 καὶ
2985 4489 3287 4552 ποικιλτάς,
3333 4490 3426 4543 καῖ⁵
3457 4489 3746 4558 βουκόλους

2183 4575 2277 4628 καὶ
2299 4575 2580 4643 ποιμένας,
2613 4574 2706 4626 καὶ
2738 4573 3075 4645 ἱπποκόμους
3095 4574 3192 4627 καὶ
3231 4575 3624 4645 ῑπποφορϐοὺς,
3649 4574 3745 4626 καὶ

2184 4661 2380 4732 πολλὴν
2417 4663 2474 4714 ἐν
2505 4661 2707 4715 ἅπασιν
2752 4661 2922 4731 ἐχέτω
2964 4660 3061 4732 τὴν
3100 4661 3428 4732 θεραπείαν·
3458 4662 3644 4731 ἔτερος
3688 4660 3746 4714 δὲ

2185 4747 2411 4818 μηδενὸς
2458 4747 2661 4801 τούτων
2699 4747 3047 4812 άπολαυέτω,
3087 4747 3202 4801 ἀλλ’
3232 4747 3398 4820 ἄρτου
3451 4748 3612 4818 μόνου
3651 4747 3747 4802 καὶ

2183 4836 2370 4898 ὕδατος
2395 4835 2487 4888 καὶ
2515 4835 2727 4907 ἱματίου
2759 4835 2914 4908 ψιλοῦ
2934 4853 2948 4866 ⁸
2999 4835 3083 4899 τίς
3112 4836 3170 4888 ἐν
3201 4835 3409 4898 τούτοις
3441 4838 3469 4888 6
3497 4835 3700 4905 ὑψηλός
3727 4851 3742 4897 ;

2179 4924 2262 4986 τίς
2283 4923 2338 4975 δὲ
2366 4923 2394 4974 6
2419 4922 2707 4987 ταπεινός;
2738 4923 2850 4976 Ούκ
2882 4921 3122 4993 εὔδηλον,
3146 4923 3226 4975 δτι
3255 4924 3284 4976 6
3313 4921 3374 4974 τὸ
3403 4921 3615 4992 ἱμάτιον
3647 4921 3744 4990 μό-

2179 5026 2269 5063 νον
2306 5010 2480 5079 ἔχων;
2518 5003 2686 5072 Οὗτος
2719 5009 2815 5079 μὲν
2849 5009 2955 5079 γὰρ
2990 5010 3082 5061 καὶ
3117 5007 3279 5062 αὐτοῦ
3305 5007 3398 5061 τοῦ
3438 5007 3746 5077 βασιλεύον-

2180 5113 2270 5158 τος
2294 5097 2703 5166 καταφρονῆσαι
2730 5096 3014 5166 δυνήσεται
3037 5111 3051 5126 ·
3085 5097 3289 5158 ἐκεῖνος
3311 5095 3368 5148 δέ
3394 5095 3609 5148 πάντων
3639 5093 3746 5144 τῶν

2179 5183 2350 5237 ταῦτα
2384 5182 2730 5252 παρεχόντων
2765 5181 2947 5245 δοῦλός
2973 5183 3118 5235 ἐστιν
3141 5223 3156 5248 ,
3205 5180 3558 5246 ὑποκύπτων,
3589 5175 3748 5232 κολα-

2181 5269 2373 5332 κεύων,
2409 5266 2725 5338 θεραπεύων
2767 5267 3030 5333 ἅπαντας,
3063 5266 3318 5330 δεδοικὼς
3367 5269 3440 5338 μή
3472 5283 3555 5329 τις
3585 5264 3748 5318 αὑτὸν

2179 5355 2490 5411 καταλιπὼν
2537 5357 2617 5418 είς
2661 5356 2731 5408 τὰ
2779 5357 2964 5426 καίρια
3005 5356 3216 5429 βλάψῃ·
3268 5356 3418 5409 οὐδὲν
3463 5355 3569 5426 γὰρ
3606 5353 3747 5406 οῦτω

2179 5446 2321 5498 ποιεῖ
2351 5443 2556 5506 δοῦλον,
2584 5443 2658 5506 ὡς
2686 5443 2747 5494 τὸ
2768 5442 2976 5496 πολλῶν
3001 5444 3203 5497 δεῖσθαι
3226 5460 3236 5472 ·
3263 5443 3452 5512 ὥσπερ
3484 5438 3576 5494 οὖν
3599 5438 3748 5493 ἐλεύ-

2178 5531 2355 5599 θερον,
2386 5530 2460 5590 ὼς
2497 5529 2558 5582 τὸ
2589 5530 2684 5599 τῆς
2718 5531 2906 5601 χρείας
2928 5527 3063 5585 εἶναι
3109 5533 3293 5602 μόνης.
3341 5529 3510 5582 Τοῦτο
3533 5528 3627 5581 καὶ
3655 5525 3744 5580 ἐπ’

2243 5699 2270 5738 δ
2294 5697 2440 5752 Szu'iI.
2465 5705 2828 5766 προστιθέμενοι.
