4112 6208
509 195 610 254 τέῗἸ

507 335 534 369 a
565 317 678 384 lege
705 310 929 366 liberum
949 349 963 372 ,
994 320 1057 362 ac
1087 314 1257 375 neque
1304 304 1460 357 linem
1486 341 1500 364 ,
1533 302 1670 355 sicut
1696 298 1822 353 dicit
1848 296 2043 352 Paulus
2067 336 2081 357 ,

507 419 682 476 neque
709 401 1022 474 principium
1049 398 1242 452 habeat
1271 395 1456 467 (Hebr.
1481 393 1530 448 7.
1558 392 1634 462 5).
1661 389 1810 458 Quod
1835 391 1978 442 enim
2001 387 2087 442 ille

510 497 562 552 in
587 495 775 552 umbra
803 492 1006 557 habuit,
1031 491 1134 545 hoc
1157 501 1340 544 revera
1370 486 1468 540 fuit
1493 485 1544 539 in
1569 483 1694 539 Jesu
1720 500 1731 536 :
1755 492 1807 538 et
1829 478 2084 551 quemad-

509 589 727 644 modum
757 585 974 640 nomina
1003 588 1407 653 praecesserunt,
1437 587 1495 632 ut
1518 576 1693 640 Jesus,
1727 582 1785 628 ut
1809 571 2082 629 Christus:

510 684 580 738 ita
609 681 710 734 hoc
731 677 913 732 etiam.
936 675 1116 745 Neque
1139 687 1264 743 ergo
1283 669 1635 726 Melchisedec
1660 667 1867 722 videtur
1891 665 2086 720 habere

510 775 717 828 dierum
743 768 1055 839 principium
1079 806 1096 833 ,
1125 780 1294 835 neque
1323 763 1482 818 ﬁnem
1508 761 1655 825 vitae;
1683 775 1785 814 non
1813 757 1951 829 quod
1979 771 2086 812 non

511 865 724 928 habeat,
753 861 846 916 sed
875 857 1015 930 quod
1037 857 1152 927 ejus
1172 854 1479 926 genealogia
1504 851 1647 906 nuila
1667 851 1734 904 sit
1752 850 1906 903 facta.
1929 847 2088 902 Jesus

510 964 687 1010 autem
721 963 892 1021 neque
919 949 1226 1018 principium
1258 946 1493 1009 dierum,
1524 957 1624 996 nec
1653 940 1772 994 vitae
1804 937 1961 992 ﬁnem
1991 935 2088 990 ha-

513 1048 645 1110 buit,
676 1059 782 1098 non
810 1057 875 1098 eo
903 1039 1092 1102 modo,
1122 1037 1214 1092 sed
1236 1035 1380 1108 quod
1424 1049 1523 1089 nec
1549 1033 1602 1086 in
1636 1033 1751 1100 ipso
1780 1031 1849 1083 sit
1873 1027 2090 1082 omnino

513 1126 830 1208 principium
888 1128 1216 1198 temporale,
1268 1141 1368 1180 nec
1415 1124 1557 1179 ﬁnis.
1616 1121 1746 1176 Illud
1789 1119 1930 1174 enim
1977 1126 2092 1172 erat

512 1226 720 1291 umbra,
754 1223 856 1278 hoc
879 1221 1092 1275 veritas.
1122 1215 1580 1287 Quemadmodum
1606 1227 1735 1284 ergo
1762 1227 1882 1267 eum
1906 1210 2090 1267 Jesum

515 1315 687 1380 audis,
728 1329 834 1370 non
863 1328 984 1368 eum
1025 1311 1114 1380 qui
1160 1323 1286 1364 vere
1327 1314 1413 1362 est
1437 1305 1594 1362 Jesus
1631 1301 1954 1373 suspicaris,
1997 1301 2090 1356 sed

515 1405 747 1463 nominis
772 1403 940 1458 solam
963 1401 1181 1470 ﬁguram
1203 1397 1420 1468 accipis,
1448 1405 1504 1453 et
1523 1395 1654 1450 nihil
1675 1395 1810 1450 ultra
1829 1392 2086 1463 requiris:

516 1500 587 1552 ita
613 1511 734 1552 cum
760 1493 912 1548 audis
949 1489 1299 1546 Melchisedec
1319 1529 1337 1554 ,
1382 1489 1472 1557 qui
1517 1501 1688 1556 neque
1717 1485 1875 1540 habet
1895 1484 2090 1554 princi-

515 1591 656 1660 pium
683 1629 699 1654 ,
743 1600 842 1641 nec
882 1583 1076 1647 ﬁnem,
1106 1597 1170 1635 ne
1199 1579 1248 1635 id
1287 1593 1493 1650 quaeras
1523 1577 1576 1632 in
1601 1575 1676 1632 rei
1707 1575 1928 1630 veritate
1947 1617 1962 1641 ,
1995 1575 2090 1630 sed

514 1679 606 1736 tibi
628 1677 853 1732 sufﬁciat
868 1674 980 1728 sola
996 1671 1310 1741 appellatio:
1329 1671 1604 1725 veritatem
1619 1675 1796 1722 autem
1814 1667 1866 1721 in
1879 1665 2091 1721 Christo

511 1770 708 1825 cdisce.
736 1763 1109 1833 Jusjurandum
1135 1777 1262 1816 vero
1301 1759 1513 1831 quando
1531 1758 1800 1824 audieris,
1833 1772 1902 1813 ne
1937 1766 2091 1828 putes

509 1874 631 1915 esse
664 1855 1054 1928 jusjurandum.
1097 1851 1556 1920 Quemadmodum
1580 1851 1724 1907 enim
1759 1851 1834 1905 ira
1864 1851 1916 1904 in
1947 1851 2086 1917 Deo,

509 1951 585 2005 ira
611 1963 718 2004 non
747 1959 850 2013 εει,
878 1946 974 2002 sed
1003 1955 1085 2002 est
1113 1947 1193 2001 vis
1223 1944 1505 2015 puniendi,
1541 1953 1591 1998 et
1625 1959 1732 1998 non
1762 1943 2091 2013 perturbatio

510 2040 674 2096 animi
699 2057 714 2096 :
738 2041 810 2094 ita
835 2041 994 2096 etiam
1018 2037 1406 2108 jusjurandum.
1441 2037 1582 2092 Deus
1607 2036 1750 2092 enim
1781 2051 1886 2090 non
1915 2035 2053 2105 jurat
2072 2077 2090 2103 ,

509 2130 602 2185 sed
643 2130 693 2185 id
743 2129 871 2185 dicit
911 2131 1052 2200 quod
1101 2130 1318 2185 omnino
1360 2129 1596 2184 futurum
1648 2137 1751 2184 est.
1806 2127 2092 2196 Postquam

511 2235 640 2291 ergo
708 2221 844 2276 dixit
899 2221 1235 2290 splendorem
1297 2230 1636 2285 sanctorum,
1700 2218 1903 2288 positos
1974 2230 2094 2271 esse

517 2313 762 2368 inimicos
807 2315 908 2369 sub
951 2315 1172 2383 pedibus
1199 2313 1349 2383 ejus,
1381 2312 1520 2368 diem
1551 2312 1666 2382 ejus
1693 2310 1906 2365 virtutis
1933 2309 2096 2364 :dieit

517 2403 769 2474 deinceps
798 2406 1098 2473 prmsentia.
1127 2405 1254 2459 \‘ide
1275 2414 1450 2458 autem
1472 2417 1701 2473 quonam
1727 2401 1913 2456 ordine
1933 2401 2096 2455 utitur

521 2493 575 2547 in
615 2495 890 2560 oratione,
918 2495 1108 2550 durum
1137 2495 1433 2550 auditorem
1461 2493 1759 2548 emolliens.
1789 2490 1922 2546 Cum
1949 2491 2096 2560 prius

519 2585 661 2638 enim
689 2587 964 2641 terruisset
1007 2586 1270 2656 loquendo
1307 2587 1376 2642 de
1409 2585 1626 2657 judicio,
1667 2600 1730 2640 ac
1754 2584 2096 2654 pertinaciam

519 2677 636 2743 ejus
673 2678 1003 2744 emolhisset,
1051 2677 1252 2732 inducit
1290 2691 1591 2732 sermonem
1631 2675 1699 2731 de
1728 2675 2095 2746 prmsentibus.

517 2763 805 2833 Propterea
845 2767 1006 2821 talem
1053 2767 1267 2821 adhibet
1313 2767 1636 2822 mistionem.
1675 2764 1963 2821 Considera
2000 2779 2096 2819 au-

517 2861 623 2907 tem
645 2853 848 2907 :Donec
878 2872 1062 2923 ponant
1089 2857 1318 2910 inimicos
1343 2865 1456 2911 tuos
1478 2856 1753 2910 scabetlutn
1783 2857 1964 2925 pedum
1990 2865 2100 2910 tuo-

516 2960 647 2996 rum.
695 2945 805 3000 lloc
843 2946 972 3000 dicit
1010 2947 1078 3000 de
1119 2946 1308 3002 futuris
1333 2965 1345 3001 :
1369 2946 1561 3002 deinde
1599 2947 1668 3003 de
1709 2947 2094 3017 praesentibus:

526 3034 731 3106 i’irgam
751 3039 947 3092 uirtutis
967 3048 1066 3092 tua:
1085 3039 1273 3094 emittet
1293 3038 1542 3094 Dominus
1569 3055 1632 3094 ea:
1652 3038 1816 3103 Sion;
1838 3038 2099 3092 dominare

517 3129 570 3180 in
601 3129 764 3182 medio
789 3130 1105 3183 inimicorum
1134 3141 1356 3184 tuorum.
1389 3129 1591 3186 Deinde
1621 3129 1790 3185 futura
1822 3129 2094 3199 praedicit:

523 3217 707 3272 Tecum
737 3222 1051 3292 principatus
1078 3222 1133 3275 in
1171 3221 1253 3275 die
1285 3222 1483 3276 virtutis
1515 3231 1616 3276 tute
1652 3223 1705 3275 in
1747 3221 2098 3289 sptendoribus

519 3320 805 3364 sanctorum
825 3327 845 3364 :
866 3324 1049 3381 postea
1079 3327 1261 3366 rursus
1290 3311 1587 3382 praesentia,
1623 3327 1742 3382 qua:
1767 3326 1872 3366 non
1902 3310 2099 3366 habent

520 3401 747 3469 amplius
773 3401 1026 3456 ultionem
1045 3443 1062 3468 ,
1095 3403 1188 3457 sed
1218 3402 1621 3459 beneﬁcentiam
1648 3421 1660 3457 :
1688 3403 1762 3456 Tu
1791 3419 1842 3458 es
1865 3403 2097 3458 sacerdos

518 3491 568 3543 in
605 3501 848 3546 retentum
885 3493 1161 3547 secundum
1203 3493 1430 3548 ordinent
1471 3493 1824 3550 Mefchiscdec.
1865 3495 1975 3550 Hoc
2015 3504 2098 3552 est

518 3586 661 3638 enim
698 3585 903 3654 peccati
945 3586 1242 3652 absolutio,
1289 3596 1343 3644 et
1384 3601 1504 3642 cum
1557 3587 1664 3642 Deo
1709 3587 2092 3643 reconciliatio.

521 3675 720 3732 Deinde
756 3692 876 3733 cum
915 3679 966 3730 in
1007 3677 1086 3734 eis
1125 3687 1380 3748 quantum
1422 3679 1590 3734 voluit
1624 3679 1845 3746 institit,
1886 3680 2096 3750 attingit

518 3781 702 3821 rursus
721 3767 1096 3832 oeconomiam,
1117 3768 1182 3822 ad
1204 3768 1254 3822 id
1271 3768 1410 3837 quod
1431 3777 1514 3824 est
1533 3768 1780 3824 humilius
1799 3771 2092 3824 orationem

511 3867 857 3926 convertens,
887 3868 944 3914 et
965 3859 1170 3925 dicens,
1194 3859 1244 3914 6.
1275 3859 1518 3914 Dominus
1536 3876 1568 3912 a
1587 3861 1775 3915 dextris
1789 3862 1904 3915 tuis.
1935 3862 2096 3930 Atqui

516 3949 763 4018 superius
805 3951 1012 4006 dixerat
1051 3966 1173 4006 eum
1217 3951 1404 4006 sedere
1431 3966 1459 4004 a
1487 3951 1687 4008 dextris
1713 3953 1903 4006 Patris.
1939 3953 2096 4008 Vides

515 4039 784 4109 quomodo
824 4057 928 4096 non
977 4049 1176 4096 temere
1213 4041 1532 4096 dictionibus
1571 4042 1933 4097 inhaerendum
1974 4044 2096 4098 est?

517 4131 652 4196 Quid
680 4142 754 4186 est
767 4171 780 4195 ,
800 4132 1050 4187 Dominus
1063 4151 1096 4186 a
1111 4134 1300 4188 dextris
1324 4134 1460 4188 tuis?
1469 4134 1728 4201 Quoniam
1753 4133 2097 4190 humanitatis

518 4232 776 4290 suscepta:
814 4225 1166 4278 oeconomiam
1217 4225 1420 4294 attigit,
1465 4224 1530 4279 ad
1579 4225 2096 4285 carnemcnnvertit

516 4314 832 4380 orationem,
861 4330 980 4385 quae
1000 4316 1253 4370 auxilium
1283 4317 1520 4386 suscipit.
1552 4317 1773 4371 Videtur
1795 4319 1933 4372 enim
1952 4318 2092 4388 angi,

516 4402 781 4470 afﬁictari,
814 4413 868 4460 et
890 4407 1103 4472 sudare,
1125 4417 1178 4462 et
1204 4408 1274 4461 ita
1305 4407 1516 4474 sudare,
1549 4419 1604 4462 ut
1642 4417 1802 4478 guttae
1826 4409 2096 4478 sanguinis

516 4495 769 4564 deﬂuant,
797 4507 852 4552 et
875 4513 1058 4554 rursus
1085 4499 1388 4560 conﬁrmari
1421 4497 1566 4572 (Luc.
1596 4501 1686 4556 22.
1709 4502 1822 4568 Η).
1843 4501 1988 4557 Talis
2014 4513 2094 4559 est

515 4589 658 4642 enim
684 4589 858 4643 carnis
886 4597 1093 4643 natura.
1134 4589 1426 4662 Confringet
1453 4593 1506 4646 in
1545 4593 1626 4646 die
1667 4593 1759 4647 im
1791 4609 1896 4648 suat
1930 4610 2090 4665 reges.

514 4677 628 4732 Non
659 4679 985 4736 aberraverit
1011 4681 1098 4750 qui
1134 4681 1234 4736 hoe
1263 4681 1457 4737 dixerit
1483 4683 1584 4738 dici
1608 4684 1676 4737 de
1703 4685 2054 4753 praesentibus
2073 4727 2090 4754 ,

513 4771 602 4840 qui
637 4772 913 4841 insurgunt
944 4773 1199 4828 adversus
1239 4773 1533 4830 Ecclesium
1557 4817 1570 4839 ,
1609 4786 1660 4829 et
1691 4775 1757 4830 de
1785 4777 1847 4830 iis
1876 4777 1962 4846 qui
1997 4793 2093 4846 pro

516 4863 750 4930 peccatis
775 4872 830 4917 et
853 4863 1124 4932 impietate
1147 4879 1240 4918 sua
1270 4879 1452 4934 pinnas
1477 4876 1602 4920 sunt
1628 4866 1904 4926 daturi..6.
1931 4867 2090 4920 ludi-

514 4952 643 5004 cabit
679 4953 732 5005 in
760 4955 990 5024 gentibus
1013 4956 1270 5023 :implebit
1295 4957 1489 5011 ruinas.
1517 4958 1652 5023 Quid
1680 4967 1762 5011 est
1779 4998 1794 5024 ,
1833 4958 2092 5014 Judicabit

513 5041 567 5093 in
585 5043 813 5110 gentibus
827 5045 854 5098 .’
871 5043 1160 5113 Judicabit,
1187 5047 1375 5118 inquit,
1398 5047 1772 5104 condemnabit
1797 5049 2090 5103 dirmonas.

518 5133 582 5188 Et
607 5135 746 5204 quod
770 5136 1116 5205 judicaVerit,
1157 5141 1277 5195 audi
1303 5140 1570 5196 Christum
1607 5141 1910 5195 dicentem:
1939 5141 2092 5194 Nunc

513 5236 584 5279 est
600 5229 854 5298 judicium
881 5232 1056 5286 mundi
1085 5233 1273 5299 huius;
1313 5249 1445 5286 nunc
1475 5232 1706 5302 princeps
1735 5233 1914 5285 mundi
1941 5233 2092 5302 hujus

515 5319 740 5387 ejicietur
758 5324 896 5392 [oras
924 5321 1104 5394 (Joan.
1140 5322 1226 5376 12.
1257 5321 1368 5392 51).
1402 5323 1466 5378 Ει.
1486 5323 1610 5378 alibi
1639 5340 1650 5375 :
1677 5320 1741 5375 Et
1762 5338 1853 5392 ego
1878 5323 1922 5376 si
1947 5323 2090 5375 exol-

514 5421 649 5465 tatus
675 5412 846 5480 fuero,
879 5429 1050 5466 omnes
1087 5413 1283 5466 traham
1322 5416 1392 5466 ad
1428 5415 1673 5483 meipsum
1707 5412 1860 5485 (Ibid.
1898 5429 1942 5466 υ.
1974 5412 2086 5484 52).

513 5505 662 5570 Quod
690 5505 734 5560 si
765 5521 891 5560 usus
919 5515 1000 5560 est
1019 5504 1248 5560 dictione
1270 5521 1389 5576 quae
1415 5505 1570 5575 paulo
1595 5505 1760 5576 magis
1780 5505 1846 5560 ad
1872 5520 2088 5561 sensum

515 5597 761 5666 pertinet,
793 5613 896 5653 non
923 5596 1224 5653 oﬁ‘endaris.
1255 5597 1367 5653 Hoc
1392 5605 1474 5652 est
1495 5597 1635 5654 enim
1659 5596 1915 5653 familiare
1940 5596 2080 5653 Scrt~

1603 183 1958 241 EXPOSITIO
1997 182 2061 236 1N
2095 179 2416 236 PSALMUM
2454 177 2587 233 CIX.

3665 176 3768 230 ἓῗὸ

2194 301 2380 365 βίω-ω.
2409 291 2768 364 Conquassabit
2816 291 2983 361 capita
3018 291 3070 344 in
3109 300 3242 345 terra
3269 290 3558 346 multorum.
3589 292 3642 348 Si
3675 294 3775 348 hoc

2190 384 2403 457 quidem
2444 384 2578 440 velis
2619 382 2861 453 accipere
2901 383 3224 452 anagogice,
3274 383 3466 440 dixerit
3512 383 3774 454 quispiam

2189 491 2310 532 eum
2339 490 2458 532 esse
2498 475 2824 546 dejecturum
2855 473 3047 530 fastum
3077 483 3131 528 et
3158 475 3546 544 arrogantiam;
3576 476 3620 532 si
3648 491 3776 530 vero

2190 567 2429 624 sensibili
2456 565 2614 622 modo
2639 566 2885 634 accipias,
2907 565 3212 620 Judzeorum
3238 567 3618 633 calamitatem,
3643 582 3779 637 quos

2191 675 2311 716 cum
2342 658 2674 714 vehementia
2703 658 2928 712 maxima
2955 657 3188 712 funditus
3207 659 3416 712 evertit.

2264 751 2602 821 Philosophia
2621 750 2807 806 Christi
2833 759 2881 805 et
2905 751 3133 805 doctrina
3151 768 3169 816 ;
3191 751 3430 806 adversus
3450 751 3660 817 luxata;
3679 769 3776 806 ser-

2191 861 2311 900 vum
2351 855 2439 899 aut
2465 843 2674 909 liberum
2705 843 2826 911 quid
2853 843 3163 912 potissimum
3191 843 3382 912 faciat;
3407 859 3644 898 curarum
3683 859 3775 898 aa-

2195 936 2356 990 cuitas
2393 943 2638 1003 quantum
2673 933 2875 988 bonum.
2900 963 2969 973 —-
2991 933 3044 986 7.
3074 933 3150 986 De
3175 942 3390 988 torrente
3429 935 3483 989 in
3511 934 3592 990 via
3622 934 3771 988 bibet.

2195 1025 2295 1080 llic
2319 1023 2551 1080 ostendit
2574 1023 2827 1078 humilem
2857 1037 2920 1078 ae
2944 1023 3103 1078 vilem
3123 1023 3238 1092 ejus
3259 1024 3469 1078 vivendi
3489 1025 3774 1092 rationem,

2196 1117 2338 1188 quod
2381 1117 2580 1172 nullum
2624 1116 2817 1172 fastum
2865 1131 2974 1186 pra:
3015 1130 3075 1171 se
3115 1115 3318 1182 ferens,
3354 1117 3512 1172 nullis
3553 1119 3778 1188 stipatus

2197 1212 2548 1278 satellitibus,
2595 1225 2696 1266 uec
2734 1209 2974 1266 sensibili
3017 1209 3196 1280 aliquo
3224 1219 3480 1280 apparatu
3510 1211 3776 1276 munitus,

2197 1301 2314 1357 hate
2337 1301 2561 1367 fecerit;
2592 1299 2688 1356 sed
2732 1310 2944 1355 tenuem
2972 1301 3167 1354 victum
3196 1299 3428 1367 ducens,
3459 1309 3512 1354 et
3538 1299 3674 1355 adeo
3702 1309 3780 1356 te-

2195 1408 2354 1448 nuem
2377 1431 2393 1458 ,
2438 1401 2494 1447 ut
2535 1408 2601 1448 ex
2633 1401 2880 1447 torrente
2925 1391 3152 1447 biberet.
3188 1391 3372 1460 Qualis
3409 1392 3551 1446 enim
3591 1402 3708 1448 erat
3727 1391 3780 1447 ei

2195 1499 2378 1539 mensa
2398 1523 2414 1549 ,
2451 1482 2569 1538 talis
2603 1497 2814 1553 quoque
2845 1490 3021 1551 potus.
3053 1481 3233 1536 Mensa
3262 1496 3428 1551 panes
3455 1481 3734 1538 hordeacei
3759 1523 3777 1548 ,

2196 1583 2356 1646 potus
2381 1590 2515 1645 aqua
2549 1574 2616 1630 de
2647 1584 2904 1630 torrente.
2933 1574 3086 1628 Venit
3109 1573 3250 1628 enim
3281 1573 3420 1628 hanc
3446 1571 3778 1644 philosophi.

2195 1684 2314 1725 cam
2341 1667 2550 1723 vivendi
2580 1667 2837 1723 rationem
2865 1665 3117 1722 docturus
3139 1707 3154 1731 ,
3187 1681 3380 1736 nempe
3411 1669 3582 1724 ventri
3613 1669 3780 1738 impe-
3843 1667 3848 1670 ’

2197 1775 2316 1814 rare
2341 1801 2356 1826 ,
2409 1773 2655 1829 pompam
2685 1758 2926 1823 calcare,
2959 1768 3011 1814 et
3051 1757 3245 1814 fastum
3287 1760 3542 1815 aversari.
3579 1761 3780 1816 Deinde

2196 1851 2485 1907 ostendens
2512 1851 2654 1921 quod
2691 1852 2762 1907 sit
2791 1851 2946 1921 hujus
2977 1853 3102 1907 vitae.
3144 1853 3562 1909 emolumentum
3588 1895 3603 1918 ,
3650 1855 3780 1909 sub-

2193 1943 2406 2012 junxit:
2435 1940 2711 2011 PrOpterea
2753 1943 2990 1997 exaltabit
3035 1952 3210 2012 caput.
3262 1943 3588 1999 Huntilitatis
3635 1946 3778 2000 enim

2198 2034 2428 2104 vittaque
2451 2042 2677 2089 austera:
2704 2032 2790 2088 hic
2810 2043 2893 2088 est
2922 2032 3143 2088 fructus.

2269 2124 2324 2179 9.
2356 2124 2481 2180 [hec
2505 2132 2684 2179 autem
2717 2139 2819 2178 non
2851 2123 2990 2178 dicta
3017 2134 3141 2180 sunt
3167 2125 3235 2179 de
3265 2124 3559 2189 divinitate,
3592 2126 3684 2182 sed
3712 2125 3780 2180 de

2199 2231 2361 2271 carne
2385 2231 2504 2286 quae
2530 2215 2664 2270 bibit
2689 2229 2759 2270 ex
2790 2224 3056 2280 torrente,
3100 2231 3219 2285 qua:
3261 2215 3356 2271 fuit
3387 2217 3636 2272 exaltnta.
3665 2217 3781 2272 Non

2200 2307 2362 2364 modo
2387 2308 2530 2364 enim
2569 2306 2702 2362 nihil
2730 2306 2779 2362 ci
2809 2306 3110 2363 detrimenti
3147 2307 3323 2364 attulit
3363 2307 3478 2364 hinc
3517 2309 3778 2373 tenuitas,

2200 2401 2294 2457 sed
2333 2403 2492 2457 etiam
2538 2401 2606 2456 ad
2647 2399 2965 2457 ineﬁ'abilem
2996 2401 3172 2456 evexit
3206 2401 3566 2457 altitudinem.
3617 2404 3682 2457 Et
3727 2411 3782 2457 tu

2201 2506 2350 2562 ergo,
2377 2507 2410 2546 ο
2434 2491 2646 2556 dilecte,
2669 2489 2759 2562 qui
2783 2491 2898 2547 hate
2919 2491 3160 2562 exempla
3181 2491 3344 2548 habes
3373 2493 3467 2548 tibi
3490 2495 3780 2563 proposita.

2202 2583 2364 2636 vitam
2410 2581 2546 2637 fastu
2595 2591 2649 2638 et
2693 2597 2886 2653 pompa
2926 2583 3180 2652 repletam
3220 2593 3524 2644 contemne.
3569 2594 3782 2640 tenuent

2205 2679 2381 2731 autem
2410 2687 2474 2728 ac
2499 2671 2716 2728 minime
2744 2673 3058 2742 exquisitam
3087 2688 3436 2744 persequere,
3479 2677 3522 2730 si
3562 2676 3642 2730 vis
3666 2691 3784 2734 esse

2203 2764 2380 2818 clarus
2405 2771 2460 2819 et
2485 2776 2727 2834 magnus.
2761 2763 3014 2818 Dominus
3043 2765 3185 2820 enim
3214 2774 3335 2820 tuus
3379 2765 3498 2822 ideo
3524 2769 3696 2832 venit,
3729 2780 3787 2824 ut

2205 2851 2345 2910 hanc
2387 2865 2438 2910 te
2478 2855 2617 2909 viam
2662 2853 2897 2912 doceret.
2946 2854 3203 2923 Quocirca
3243 2856 3496 2926 propheta
3539 2873 3783 2930 quoque,

2204 2961 2326 3003 cum
2365 2946 2616 3018 prmelara
2654 2947 2770 3017 ejus
2818 2946 2954 3002 facta
2993 2957 3281 3012 narrasset,
3321 2949 3423 3004 hoc
3466 2951 3638 3018 ipsum
3663 2950 3787 3004 sub-

2199 3038 2409 3109 junxit,
2457 3052 2622 3108 prope
2649 3038 2832 3095 dicens
2857 3035 3019 3094 :Cum
3059 3037 3331 3094 victoriam
3370 3049 3425 3096 et
3467 3049 3664 3110 troptea
3693 3056 3786 3096 au-

2203 3133 2388 3199 dieris,
2423 3148 2491 3188 ne
2517 3146 2676 3203 Spera
2717 3140 2770 3187 te
2801 3133 3034 3186 visurum
3079 3145 3246 3196 arma,
3296 3133 3512 3197 milites,
3560 3148 3784 3197 currus,

2202 3239 2390 3295 equos,
2413 3225 2618 3295 equites
2635 3264 2652 3290 ,
2676 3224 2931 3279 tumultus
2959 3232 3050 3278 aut
3071 3223 3252 3278 turbas
3276 3239 3290 3280 :
3311 3233 3390 3280 est
3415 3225 3548 3280 adeo
3569 3224 3786 3282 humilis

2202 3317 2292 3384 qui
2323 3317 2438 3370 hare
2478 3315 2624 3382 facit,
2654 3316 2788 3370 adeo
2815 3313 2950 3384 frugi
2977 3322 3031 3369 et
3057 3313 3346 3380 abstinens,
3375 3325 3432 3370 ut
3457 3331 3522 3372 ex
3551 3326 3786 3374 torrente

2201 3421 2391 3477 aquam
2418 3405 2562 3462 bibat
2584 3422 2598 3462 :
2618 3415 2672 3460 et
2698 3413 2875 3460 tamen
2902 3405 2992 3474 qui
3023 3412 3108 3460 est
3131 3405 3390 3474 ejusmodi
3413 3448 3426 3471 ,
3459 3407 3577 3463 haec
3605 3409 3782 3464 omnia

2203 3496 2458 3566 perﬁciet.
2479 3495 2710 3551 Audiant
2729 3511 2858 3566 ergo
2875 3495 2965 3566 qui
2988 3511 3199 3552 mensas
3219 3496 3418 3554 habent
3437 3498 3782 3570 Sybariticas,

2201 3589 2492 3659 epulasque
2512 3595 2567 3642 et
2585 3587 3048 3644 condinicntorum
3075 3603 3236 3644 omne
3261 3604 3432 3659 genus
3458 3592 3780 3662 excogitant,

2200 3691 2256 3738 et
2295 3681 2441 3736 varia
2473 3694 2763 3750 coqnorum
2807 3695 3004 3750 genera
3043 3680 3278 3751 undique
3319 3681 3607 3751 colligunt,
3649 3699 3784 3738 nau-

2203 3782 2406 3841 tasque,
2431 3771 2835 3841 gubernatores,
2859 3780 2914 3825 et
2939 3772 3166 3842 remiges
3191 3771 3448 3842 deligunt,
3481 3783 3537 3828 ut
3563 3785 3783 3831 externa

2201 3861 2441 3930 quaedam
2470 3861 2576 3914 vini
2605 3871 2657 3915 et
2683 3869 3070 3928 unguentorum
3110 3877 3334 3932 genera,
3376 3864 3614 3935 aliasque
3643 3865 3784 3934 ejus-

2202 3949 2344 4003 modi
2378 3949 2597 4003 delicias
2622 3949 2908 4016 importent
2932 3988 2946 4014 ,
2977 3964 3040 4002 ac
3080 3951 3285 4020 seipsos
3327 3953 3380 4007 in
3426 3955 3598 4022 ipsum
3627 3955 3782 4012 bara-

2205 4038 2380 4092 thrum
2416 4036 2774 4106 praecipitent,
2806 4046 2860 4090 et
2901 4036 3130 4092 evadant
3153 4040 3389 4095 omnium
3418 4043 3781 4112 abjectissimi.

2203 4127 2386 4196 Neque
2435 4127 2576 4181 enim
2623 4126 2890 4181 excelsum
2935 4127 3060 4194 quid
3123 4131 3397 4184 consuevit
3444 4132 3652 4198 facere,
3695 4137 3784 4205 qui

2204 4219 2443 4290 pluribus
2476 4218 2676 4288 indiget
2713 4236 2725 4272 :
2759 4232 2855 4272 nec
2898 4217 3098 4274 humile
3136 4218 3421 4288 quidquam
3447 4262 3462 4288 ,
3493 4224 3576 4277 cui
3619 4239 3784 4294 pauca

2202 4311 2413 4366 desunt.
2445 4309 2499 4366 Si
2529 4309 2687 4365 vultis
2711 4317 2910 4377 autem,
2951 4308 3266 4380 efﬁngamus
3292 4312 3565 4383 utriusque
3597 4317 3786 4385 imagi-

2202 4419 2348 4472 nem,
2389 4412 2444 4459 et
2485 4403 2557 4457 sit
2597 4401 2859 4472 quispiam
2899 4402 2988 4472 qui
3033 4401 3226 4457 habeat
3265 4404 3458 4460 multos
3481 4405 3526 4458 ei
3557 4405 3785 4477 undique

2200 4495 2602 4566 suppeditantes
2647 4503 2865 4564 nautas,
2913 4505 2968 4550 et
3009 4496 3426 4566 gubernatores,
3463 4499 3696 4555 artiﬁces
3728 4513 3785 4557 et

2199 4588 2493 4654 ministros,
2515 4595 2751 4643 textores
2773 4597 2827 4642 et
2850 4588 3194 4660 phrygiones,
3217 4588 3494 4658 bubulcos,
3517 4603 3779 4662 pastores,

2199 4690 2254 4737 et
2279 4682 2586 4752 equisones,
2614 4694 2979 4750 equorumque
2999 4689 3258 4745 armenta,
3283 4691 3441 4752 atque
3464 4683 3515 4740 in
3536 4686 3784 4744 omnibus

2199 4778 2248 4832 ei
2301 4777 2584 4832 famulatus
2629 4784 2962 4846 suppetant:
2995 4777 3130 4832 alter
3181 4787 3359 4834 autem
3413 4777 3542 4836 nihil
3595 4796 3780 4836 eorum

2201 4870 2412 4934 habeat,
2431 4877 2782 4940 prmterquam
2805 4869 2974 4924 solum
2998 4885 3188 4940 panem
3205 4879 3259 4927 et
3277 4887 3491 4942 aquam,
3509 4879 3560 4928 et
3578 4882 3780 4928 vestem

2199 4959 2410 5014 unicam
2438 4959 2596 5029 :quis
2617 4969 2698 5014 est
2727 4960 2782 5015 in
2811 4959 2894 5016 his
2921 4961 3202 5016 excelsus?
3231 4963 3352 5033 quis
3378 4977 3507 5018 vero
3532 4961 3783 5018 humilis?

2202 5051 2392 5103 Annon
2437 5049 2638 5104 clarum
2680 5057 2765 5105 est
2785 5092 2801 5117 ,
2849 5065 2971 5106 eum
2997 5066 3119 5107 esse
3145 5053 3234 5122 qui
3263 5053 3473 5108 unicam
3505 5051 3664 5106 habet
3691 5068 3780 5104 ve-

2199 5139 2374 5195 stem?
2406 5140 2453 5196 ls
2477 5143 2618 5195 enim
2637 5141 2718 5196 vel
2748 5141 2918 5210 ipsum
2941 5157 3118 5212 regem
3148 5142 3343 5210 poterit
3362 5140 3638 5210 despicere
3658 5159 3671 5194 :
3694 5141 3779 5196 ille

2199 5242 2374 5287 autem
2412 5247 2596 5288 servus
2624 5243 2706 5288 est
2733 5235 2968 5289 omnium
3011 5234 3098 5303 qui
3146 5231 3260 5286 hsce
3287 5231 3546 5300 przcbent,
3591 5247 3651 5288 se
3680 5233 3774 5288 de-

2201 5326 2436 5387 mittens,
2481 5324 2758 5380 blandiens
2780 5367 2794 5391 ,
2841 5339 3027 5379 omnes
3055 5321 3381 5384 observans,
3414 5322 3606 5378 timens
3635 5339 3701 5379 ne
3727 5323 3773 5380 si

2198 5413 2318 5484 quis
2356 5429 2476 5469 eum
2520 5415 2828 5484 reliquerit,
2879 5413 2930 5466 in
2977 5411 3134 5466 rebus
3186 5412 3413 5466 maxime
3461 5414 3773 5470 necessariis

2197 5505 2569 5562 detrimentum
2592 5505 2832 5574 accipiat.
2850 5502 2990 5557 Nihil
3012 5503 3151 5556 enim
3175 5517 3325 5574 atque
3347 5502 3517 5558 reddit
3537 5520 3771 5569 servum,

2199 5597 2335 5652 sicut
2375 5595 2554 5654 multis
2598 5609 2754 5666 egere
2781 5612 2792 5648 :
2818 5593 2952 5650 sicut
2981 5594 3138 5649 etiam
3185 5594 3434 5666 liberum,
3459 5598 3763 5654 necessaria
