4062 6208
393 229 491 284 £79
1095 227 1150 283 S.
1192 226 1469 286 JOANNIS
1505 222 1976 284 CllltYSOSTOMl
2005 219 2317 276 ARClllEP.
2351 220 2881 279 CONSTANTINOP.
2971 279 2980 286 ,
3559 225 3650 283 28)

390 354 592 399 tantum
621 343 914 414 requirere.
947 343 1058 398 lloc
1088 345 1259 413 ipsum
1279 343 1452 398 videri
1481 351 1655 414 potest
1689 342 1739 396 in
1780 340 1966 394 brutis.

391 436 526 504 Quid
570 436 713 490 enim
761 435 974 505 prodest
1015 437 1168 492 asino
1210 437 1435 492 sarcinis
1480 445 1694 502 onuslo,
1747 433 1845 488 etsi
1893 431 1972 488 eis

388 531 591 583 fruatur
622 527 846 582 millies?
871 527 995 598 quid
1037 537 1211 583 autem
1254 537 1409 582 nocet
1451 528 1537 581 alii
1578 527 1744 580 libero
1783 523 1850 578 ab
1889 521 1973 578 liis

385 619 654 684 omnibus,
676 617 721 672 si
744 619 1102 674 necessarium
1123 619 1430 673 alimentum
1459 617 1741 686 suppetat?
1767 616 1832 670 Et
1854 615 1972 669 ideo

384 709 633 764 Christus
661 709 798 764 altos
827 710 1044 780 Spiritus
1085 711 1196 764 suis
1239 710 1426 764 indens
1451 708 1726 776 discipulis
1745 748 1760 773 ,
1791 716 1972 776 utpore

387 800 482 872 qui.
518 808 675 856 erant
719 813 838 854 cum
892 801 1141 855 universo
1185 799 1316 854 orbe
1363 807 1624 853 terrarum
1664 795 1968 866 loquuturi,

387 894 638 948 omnibus
663 908 757 949 eos
783 894 925 949 curis
946 893 1203 957 liberavit,
1229 893 1396 946 alatus
1417 892 1677 957 efficiens,
1704 899 1756 944 et
1782 889 1972 960 quovis

391 985 672 1041 adamante
698 987 1082 1040 constantiores
1128 985 1373 1040 reddens.
1421 985 1623 1038 Animzc
1654 984 1794 1037 enim
1837 981 1970 1036 nihil

391 1085 564 1130 tantas
587 1076 734 1131 addit
764 1077 903 1131 vires
923 1119 937 1141 ,
971 1087 1026 1129 ut
1052 1076 1118 1130 ab
1148 1077 1226 1130 eis
1253 1090 1371 1130 esse
1397 1075 1617 1128 liberam
1649 1090 1662 1127 :
1693 1071 1823 1127 nihil
1850 1087 1969 1127 eam

388 1169 524 1222 adeo
549 1179 798 1234 enervat,
834 1181 888 1221 ut
911 1170 996 1224 eis
1021 1169 1365 1223 ctinstrictatn
1396 1169 1584 1224 teneri.
1616 1165 1971 1234 Quemadmo-

387 1259 514 1313 dum
541 1260 680 1314 cnim
723 1274 830 1314 non
860 1269 1034 1330 potest
1060 1261 1214 1315 dolor
1249 1260 1336 1314 hic
1353 1250 1466 1316 cito
1489 1260 1711 1315 inveniri
1736 1277 1750 1313 :
1776 1259 1844 1312 ita
1872 1272 1972 1313 nec

387 1349 497 1405 illic
517 1350 782 1421 voluptas.
814 1352 906 1408 llle
932 1353 1072 1407 enim
1101 1353 1258 1408 habet
1286 1353 1478 1408 multos
1496 1367 1667 1407 smvos
1689 1352 1974 1406 immanes-

388 1456 492 1510 que
535 1441 782 1497 dominos
808 1453 878 1498 ret
921 1443 1204 1498 dominas:
1237 1444 1321 1497 hic
1363 1451 1539 1496 autem
1585 1442 1711 1496 nulli
1757 1441 1970 1511 quidem

389 1535 582 1600 servit,
623 1535 870 1590 omnibus
914 1545 1089 1590 autem
1123 1536 1379 1604 imperat,
1421 1535 1584 1588 radiis
1620 1534 1750 1588 solis
1787 1547 1972 1586 secure

391 1628 573 1682 fruens
593 1623 628 1694 ,’
652 1629 792 1682 aeris
827 1643 966 1682 aura-
975 1627 1208 1698 jucunde
1234 1627 1412 1681 fruens
1431 1668 1446 1691 ,
1479 1637 1531 1681 et
1555 1626 1642 1695 qui
1674 1624 1772 1680 sibi
1802 1623 1970 1676 mole-

388 1719 544 1772 stiam
569 1719 836 1785 exhibeat,
864 1733 966 1773 non
1000 1719 1219 1773 habens.
1253 1718 1365 1771 Non
1397 1732 1517 1771 cum
1546 1725 1702 1770 vexat
1728 1722 1781 1769 et
1809 1715 1972 1784 agitat

390 1809 487 1872 ira,
511 1825 616 1862 non
639 1809 854 1874 invidia,
877 1824 981 1863 non
1004 1809 1154 1874 livor,
1189 1825 1292 1862 non
1320 1825 1439 1863 eum
1455 1823 1603 1862 cura:
1632 1805 1966 1869 labefaciunt,

391 1915 497 1953 non
526 1901 916 1965 inundationes,
942 1915 1046 1954 non
1071 1915 1200 1954 vana
1222 1900 1412 1970 gloria,
1438 1915 1541 1954 non
1570 1899 1837 1968 superbia,
1863 1915 1967 1952 non

389 1990 586 2059 aliquid
617 1991 762 2044 aliud
791 1991 1082 2060 ejusmodi;
1118 1992 1211 2045 sed
1242 1993 1378 2046 sicut
1405 2004 1586 2060 portus
1611 1991 1800 2059 aliquis
1826 1998 1970 2044 tran-

387 2081 610 2146 quillus,
641 2090 696 2135 et
725 2081 859 2137 liber
883 2097 912 2136 a
944 2082 1190 2137 ﬂuetibus
1210 2126 1222 2144 ,
1255 2083 1322 2137 ita
1349 2092 1432 2138 est
1458 2083 1677 2137 allectus
1706 2083 1821 2151 ejus
1850 2081 1969 2134 aui-

390 2185 530 2237 mus,
553 2179 610 2225 et
629 2172 727 2226 iter
753 2173 803 2226 in
833 2173 1021 2227 caelum
1046 2173 1199 2228 facile
1229 2173 1538 2242 ingreditur,
1566 2181 1622 2228 ut
1644 2187 1802 2243 quem
1831 2172 1971 2226 nulla

388 2273 476 2316 res
503 2274 740 2329 praesens
778 2273 1104 2317 remoretur.
1133 2263 1202 2319 Ut
1225 2276 1362 2333 ergo
1384 2277 1486 2318 nos
1517 2278 1728 2334 quoque
1759 2261 1857 2316 hac
1882 2276 1971 2316 sc-

390 2355 618 2409 curitatc
643 2353 899 2420 fruamur,
928 2366 982 2410 et
1009 2357 1062 2409 in
1093 2356 1340 2425 praesenti
1372 2357 1475 2411 vita
1507 2352 1974 2423 tranquillitatem,

389 2456 442 2501 ct
488 2449 540 2500 in
584 2448 1011 2517 peregrinatione
1043 2448 1346 2504 facilitatem
1378 2464 1798 2520 consequamur,
1832 2449 1969 2504 hanc

391 2547 550 2592 vitam
579 2553 977 2608 persequamur,
1007 2551 1062 2594 ut
1088 2540 1225 2594 bona
1249 2555 1459 2610 quoque
1483 2549 1680 2596 :eterna
1705 2539 1968 2610 adipisca-

391 2643 530 2689 mur,
554 2645 671 2698 quae
695 2644 908 2685 omnem
928 2632 1210 2698 rationem,
1239 2641 1493 2698 mentem,
1519 2640 1574 2687 et
1596 2633 1968 2702 cogitationem

392 2731 676 2790 superant,
722 2723 774 2777 in
813 2723 1024 2778 Christo
1053 2725 1180 2780 Jesu
1206 2725 1431 2779 Domino
1457 2724 1772 2790 nostro,-cui
1801 2723 1970 2796 gloria

389 2825 441 2889 et
469 2814 747 2886 imperium
776 2815 829 2870 in
857 2817 1050 2872 stecula
1078 2819 1416 2873 smculorum.
1443 2820 1632 2873 Amen.

877 2907 957 2963 ἸΝ
996 2907 1316 2964 PSALMUM
1357 2908 1467 2964 CX.

538 3001 590 3052 1.
632 2997 918 3067 Conﬁtebor
942 2999 1306 3064 tibi,‘Domine,
1330 3001 1383 3054 in
1411 3009 1515 3054 toto
1538 2997 1686 3055 corde
1714 3017 1842 3055 meo.

457 3089 510 3143 1.
553 3087 845 3143 Gratiarum
885 3091 1127 3144 notionem
1154 3107 1185 3144 a
1212 3091 1353 3146 nobis
1382 3090 1518 3146 Deus
1555 3092 1772 3146 maxime
1799 3093 1967 3162 requi-

388 3180 473 3233 rit.
501 3209 573 3219 --
607 3180 745 3248 Quid
773 3191 874 3246 est,
905 3179 969 3234 In
991 3191 1095 3236 toto
1117 3182 1143 3235 ?
1166 3181 1297 3236 Cum
1329 3182 1474 3236 omni
1500 3183 1661 3236 animi
1699 3183 1972 3239 alacritate

387 3282 442 3326 et
469 3272 784 3342 diligenter,
806 3273 938 3328 liber
963 3273 1031 3329 ab
1064 3274 1310 3328 omnibus
1339 3275 1480 3328 curis
1519 3275 1850 3330 saecularium
1881 3291 1970 3330 re-

387 3381 504 3419 rum
523 3407 537 3430 ,
583 3366 826 3422 sublimis
853 3375 907 3422 et
931 3377 1138 3423 erectus
1159 3367 1379 3432 ,anima
1407 3381 1436 3420 a
1468 3367 1692 3423 vinculis
1731 3369 1973 3438 corporis

389 3457 632 3512 liberata.
661 3457 728 3512 In
759 3458 928 3512 corde.
957 3458 1072 3513 Non
1105 3459 1156 3512 in
1183 3459 1357 3514 verbis
1385 3466 1590 3513 tantum
1616 3501 1630 3524 ,
1663 3474 1760 3514 nec
1784 3459 1834 3512 in
1866 3459 1971 3513 lin-

387 3562 489 3616 gua
510 3555 565 3604 et
586 3548 1063 3615 oresolumnrodo,
1083 3549 1185 3604 sed
1206 3563 1324 3603 cum
1348 3558 1526 3604 mente
1549 3557 1605 3604 et
1623 3548 1966 3618 cogitatione.

390 3638 464 3692 lta
493 3639 652 3694 etiam
683 3639 854 3694 Moses
871 3639 1046 3710 legem
1079 3641 1254 3695 fere-ns
1281 3639 1490 3696 dicebat
1520 3657 1535 3694 :
1566 3638 1759 3710 Diliges
1785 3639 1938 3694 Domi
1949 3674 1970 3682 -

385 3747 505 3783 num
537 3728 695 3783 Deum
724 3740 863 3785 tuum
887 3748 950 3786 ea:
969 3741 1072 3786 toto
1100 3732 1250 3786 corde
1273 3742 1357 3786 mo
1373 3774 1386 3797 ,
1410 3742 1454 3787 et
1479 3747 1542 3786 ea:
1569 3742 1672 3786 tota
1695 3742 1857 3787 urente
1883 3739 1971 3787 tua

389 3818 566 3889 (Deut.
599 3821 650 3876 6.
680 3821 760 3893 5).
791 3823 1188 3878 Confessionem
1237 3833 1413 3878 autem
1453 3823 1552 3878 ‘hic
1591 3824 1719 3878 mihi
1762 3824 1972 3879 videtur

387 3909 567 3965 dicere
605 3912 892 3981 gratiarum
935 3913 1220 3968 actionem.
1271 3912 1557 3978 Laudabo,
1585 3914 1792 3984 inquit,
1819 3928 1969 3985 agam

387 4001 604 4070 gratias.
628 4001 814 4056 Totam
841 4003 981 4057 enim
1012 4005 1170 4058 vitam
1199 4009 1249 4058 in
1279 4004 1379 4060 hoc
1407 4005 1758 4076 consumpsit,
1777 4006 1844 4060 ab
1873 4005 1974 4061 hoc

387 4091 682 4157 exorditur,
713 4099 767 4147 et
789 4093 840 4148 in
881 4094 981 4148 hoc
1006 4093 1200 4149 desinit
1231 4112 1244 4148 :
1279 4095 1380 4149 hoc
1405 4095 1521 4166 ejus
1555 4111 1688 4165 opus
1719 4106 1973 4166 perpetuo

387 4183 484 4238 fuit
506 4225 521 4246 .
551 4199 649 4254 pro
678 4185 742 4241 iis
769 4201 886 4256 qua:
912 4195 964 4240 et
996 4187 1110 4256 ipse
1152 4196 1206 4242 et
1240 4186 1328 4242 alii
1357 4198 1674 4258 acceperant
1703 4189 1972 4244 beneliciis

387 4277 582 4345 gratias
606 4293 784 4349 agere.
819 4278 960 4332 Deus
986 4280 1129 4333 enim
1170 4278 1300 4333 nihil
1331 4295 1482 4350 asque
1528 4291 1688 4350 atque
1732 4280 1833 4336 hoc
1876 4297 1970 4352 po-

389 4368 548 4422 stulat
581 4387 593 4422 :
626 4369 728 4425 hoc
747 4379 830 4424 est
853 4369 1193 4437 sacrificium,
1223 4370 1324 4424 hoc
1349 4371 1568 4438 oblatio,
1598 4372 1697 4427 hoc
1722 4385 1798 4429 est
1828 4374 1897 4443 pii
1919 4382 1974 4430 ct

387 4463 520 4532 grati
549 4465 708 4517 animi
739 4465 984 4534 signum,
1013 4463 1116 4518 hoc
1158 4464 1349 4518 vulnus
1381 4464 1540 4518 infert
1564 4463 1775 4518 diabolo
1806 4482 1820 4515 :
1851 4466 1972 4522 hinc

387 4555 741 4610 coronabatur
782 4557 964 4610 beatus
994 4556 1096 4610 Job
1135 4565 1189 4612 et
1233 4555 1616 4625 prmdicabatur
1639 4596 1653 4618 ,
1687 4557 1970 4624 quodcum

301 4657 312 4694 ξ
391 4647 464 4702 illi
497 4649 814 4702 tentationes
844 4657 1023 4702 essent
1065 4645 1477 4702 innumerabiles
1507 4645 1666 4700 illata:
1691 4687 1705 4712 ,
1741 4657 1795 4701 et
1842 4663 1975 4702 uxor

307 4751 314 4760 ’
390 4752 602 4806 quoque
630 4751 752 4792 eum
783 4738 1122 4807 supplantare
1151 4738 1308 4792 vellet
1333 4778 1346 4800 ,
1376 4750 1481 4791 non
1510 4750 1727 4792 aversus
1757 4737 1846 4801 sit,
1879 4738 1971 4792 sed

309 4823 322 4862 ί
392 4829 614 4882 Domino
639 4828 705 4883 de
743 4830 987 4883 omnibus
1015 4831 1180 4899 egerit
1219 4838 1472 4900 perpetuo
1497 4830 1713 4901 gratias,
1752 4845 1855 4884 non
1880 4845 1972 4885 So-

311 4903 318 4954 Ῐ
391 4923 497 4976 lum
545 4919 758 4990 quando
799 4918 984 4983 dives,
1027 4920 1119 4974 sed
1157 4920 1314 4975 etiam
1361 4921 1572 4990 quando
1611 4934 1812 4991 pauper
1859 4931 1975 4976 e.at

393 5013 536 5086 (Job
565 5015 616 5068 1.
645 5012 709 5068 21
747 5011 799 5082 );
834 5025 941 5065 non
991 5012 1161 5066 solum
1207 5012 1418 5082 quando
1464 5027 1624 5066 sanus
1667 5021 1780 5067 erat
1814 5053 1828 5078 ,
1879 5013 1972 5067 sed

389 5108 548 5165 etiam
571 5104 782 5176 quando
811 5117 1091 5175 percussus
1117 5113 1199 5158 est
1229 5105 1279 5157 in
1310 5119 1470 5158 carne
1492 5121 1508 5170 ;
1533 5119 1638 5158 non
1669 5103 1827 5158 modo
1849 5118 1971 5158 cum

389 5202 433 5254 ei
481 5214 569 5254 res
605 5210 792 5254 omnes
832 5209 898 5251 ex
949 5195 1111 5248 animi
1157 5195 1414 5248 sententia
1464 5193 1830 5260 succederent,
1879 5195 1972 5248 sed

390 5292 550 5344 ctiam
575 5304 695 5344 cum
717 5287 894 5359 gravis
916 5286 1003 5341 illa
1033 5295 1318 5354 tempestas
1340 5285 1390 5339 in
1423 5285 1723 5340 universam
1750 5284 1865 5354 ejus
1887 5284 1979 5338 do-

393 5395 536 5433 mum
565 5379 822 5444 incubuit,
854 5389 906 5434 et
937 5380 988 5433 in
1015 5379 1179 5447 ipsam
1203 5391 1415 5446 quoque
1442 5385 1684 5432 naturam
1713 5376 1971 5446 corporis.

396 5472 506 5524 Hoc
528 5479 609 5524 est
637 5471 776 5525 enim
807 5469 941 5540 grati
972 5471 1022 5523 in
1048 5469 1228 5538 primis
1255 5468 1441 5535 animi,
1473 5469 1526 5523 in
1553 5467 1712 5522 rebus
1737 5466 1978 5522 adversis

392 5571 446 5616 et
475 5562 674 5628 asperis
707 5561 815 5614 Deo
837 5575 1055 5629 magnas
1084 5569 1340 5630 perpetuo
1369 5559 1568 5616 habere
1587 5557 1799 5629 gratias.
1821 5557 1971 5626 Quod

395 5652 604 5722 quidem
634 5653 751 5722 ip.e
779 5666 990 5724 quoque
1015 5654 1241 5710 innuens
1261 5693 1276 5721 ,
1303 5652 1597 5711 declaravit
1632 5666 1728 5725 per
1761 5665 1824 5710 ea
1861 5666 1978 5723 qua:

2076 346 2492 408 consequuntur.
2536 339 2666 408 Quia
2705 341 2844 394 enim
2894 341 3044 394 multi
3096 340 3338 396 homines
3363 383 3378 409 ,
3407 341 3534 397 dum
3573 358 3653 402 res

2076 430 2287 499 quidem
2329 443 2452 486 sunt
2485 431 2618 486 lii-tte
2640 473 2653 496 ,
2681 442 2842 502 agunt
2867 434 3096 504 gratias;
3126 434 3170 488 si
3207 434 3256 489 id
3281 446 3460 490 autem
3509 453 3652 494 secus

2077 521 2320 588 eveniat,
2350 536 2489 592 aigre
2531 521 2706 576 fertmt
2735 541 2748 577 :
2785 527 2909 578 Sunt
2937 509 3096 579 etiam
3135 527 3224 595 qui
3267 541 3386 596 qua:
3413 528 3654 585 eveniunt

2079 611 2472 681 reprehendunt
2511 632 2522 667 :
2553 615 2838 669 ostendi-ns
2884 617 2933 670 id
2978 633 3081 671 non
3115 618 3230 672 fieri
3258 634 3323 672 ex
3353 628 3538 674 natura
3569 637 3652 676 eo-

2077 719 2218 767 rum,
2243 719 2360 773 qua:
2381 704 2647 770 accidunt,
2677 707 2767 759 sed
2789 723 2852 761 ex
2883 709 3171 777 depravata
3209 711 3410 776 animo,
3439 712 3655 781 subjun-

2077 795 2150 849 xit
2187 795 2415 852 dicens:
2449 796 2510 849 In
2557 799 2766 851 consilio
2804 799 3064 870 justorum
3101 810 3147 853 et
3185 802 3570 872 congregatione
3603 803 3656 858 ‘2.

2076 902 2260 956 magna
2283 905 2437 956 opera
2465 888 2690 942 Domini.
2715 889 2829 944 Hoc
2873 889 3010 943 dixit
3042 891 3330 945 ostendens
3367 907 3502 962 opus
3545 908 3660 949 esse

2073 977 2252 1046 judice
2291 981 2494 1050 integro
2517 1021 2530 1044 ,
2562 990 2618 1036 et
2643 988 2784 1036 coetu
2813 995 2918 1034 non
2951 991 3224 1050 corrupto,
3251 994 3303 1037 et
3332 984 3536 1038 clarum
3565 1000 3660 1040 erit

2078 1086 2264 1141 magna
2291 1087 2410 1127 esse
2443 1073 2531 1126 Dei
2559 1072 2718 1140 opera
2744 1113 2759 1139 ,
2789 1087 3012 1143 esseque
3052 1088 3240 1142 magno
3266 1075 3526 1130 miraculo
3553 1077 3658 1145 ple-

2076 1179 2166 1216 na.
2193 1164 2329 1219 Sunt
2353 1165 2493 1219 enim
2521 1180 2616 1234 per
2654 1179 2713 1219 se
2742 1181 2928 1235 magna
2952 1208 2966 1230 ,
2997 1181 3095 1221 nec
3117 1167 3364 1222 videntur
3387 1182 3509 1223 esse
3549 1185 3658 1223 ma-

2077 1269 2212 1324 gna,
2241 1254 2340 1309 nisi
2369 1265 2569 1310 rectum
2601 1255 2832 1324 judicent
2862 1255 3109 1312 habeant.
3144 1255 3380 1328 Namque
3417 1259 3500 1314 sol
3527 1275 3657 1329 quo-

2077 1361 2180 1413 que
2204 1362 2300 1416 per
2324 1362 2381 1402 se
2407 1347 2579 1402 clarus
2606 1360 2686 1403 est
2717 1357 2769 1402 et
2809 1347 3032 1416 lucidus,
3061 1359 3114 1404 et
3140 1349 3445 1405 universum
3477 1351 3656 1407 orbem

2079 1434 2234 1492 terra:
2263 1438 2488 1494 illustrat
2523 1457 2535 1494 :
2569 1441 2663 1495 sed
2705 1441 2770 1496 iis
2796 1456 3021 1512 quorum
3066 1441 3204 1496 oculi
3245 1442 3522 1509 laborant,
3557 1459 3658 1500 non

2077 1536 2156 1580 est
2187 1529 2326 1583 talis.
2356 1531 2512 1600 Atqui
2542 1531 2620 1586 sol
2649 1547 2753 1586 non
2780 1533 2932 1588 estin
2963 1533 3138 1604 culpa,
3164 1534 3257 1588 sed
3279 1544 3360 1589 est
3388 1537 3572 1590 vitium
3599 1538 3659 1591 il-

2079 1618 2248 1672 lorum
2277 1620 2670 1677 imbecillitatis.
2694 1623 2916 1691 Quando
2940 1639 3069 1694 ergo
3090 1625 3285 1680 videris
3305 1627 3535 1696 aliquem
3569 1629 3655 1683 Dei

2077 1723 2238 1776 ους-ω
2263 1720 2622 1779 accusantem,
2645 1727 2712 1768 ne
2741 1722 2957 1783 propter
2982 1715 3122 1770 illius
3150 1716 3540 1786 improbitatem
3569 1721 3656 1776 Dei

2078 1813 2237 1866 opera
2265 1800 2636 1868 calutnnieris;
2665 1804 2757 1858 sed
2789 1805 2926 1860 illius
2951 1805 3233 1863 dementiae
3263 1811 3558 1871 maximum
3583 1814 3657 1866 in-

2077 1888 2272 1944 (llClllﬂl
2324 1893 2506 1961 accipe
2557 1910 2621 1948 ex
2675 1895 2765 1950 Dei
2807 1896 3158 1965 providentia.
3201 1900 3654 1966 Quemadmodum

2078 1981 2218 2034 enim
2241 1983 2328 2052 qui
2355 1983 2523 2038 solem
2553 1984 2682 2039 dicit
2713 1987 3122 2055 tenebricosum,
3158 2000 3358 2045 astrum
3386 2007 3490 2046 non
3524 1995 3660 2048 vitu-

2079 2075 2301 2141 peravit,
2329 2075 2422 2131 sed
2449 2091 2560 2132 sua:
2591 2079 2758 2147 ipsius
2783 2082 3036 2137 caecitatis
3061 2095 3264 2138 certum
3288 2097 3655 2155 argumentum

2077 2168 2292 2236 protulit
2321 2188 2334 2223 :
2361 2175 2415 2223 et
2439 2170 2530 2238 qui
2573 2171 2675 2225 mel
2704 2186 2945 2227 amarum
2974 2174 3231 2240 nominat,
3266 2193 3371 2230 non
3402 2178 3540 2232 illius
3566 2183 3657 2234 oh-

2075 2268 2253 2313 scurat
2290 2259 2623 2316 dulcedinem
2651 2305 2665 2327 ,
2695 2263 2787 2318 sed
2818 2265 2884 2319 de
2925 2265 3111 2320 morbo
3136 2283 3242 2336 quo
3286 2269 3530 2336 laborat,
3561 2272 3659 2326 fert

2075 2351 2393 2406 sententiam
2424 2370 2436 2406 :
2469 2354 2538 2409 ita
2577 2356 2737 2410 etiam
2764 2358 2851 2426 qui
2883 2358 2976 2413 Dei
3010 2374 3169 2428 opera
3199 2361 3560 2434 reprehendit.
3594 2365 3657 2419 Et

2077 2444 2521 2512 quemadmodum
2553 2446 2636 2504 hic
2663 2462 2760 2506 nec
2800 2448 2923 2518 illis,
2947 2465 3047 2508 nec
3064 2455 3114 2509 ei
3139 2470 3257 2525 quae
3278 2456 3346 2511 de
3371 2457 3474 2512 illis
3495 2457 3656 2515 habe-

2079 2543 2181 2599 lnr,
2206 2537 2580 2594 exisﬁmationi
2605 2539 2982 2598 detrimentum
3013 2543 3206 2611 infert,
3237 2545 3330 2600 sed
3371 2549 3654 2603 amentiam

2076 2637 2222 2676 suam
2258 2628 2486 2682 maxime
2511 2631 2682 2699 arguit
2711 2649 2725 2685 :
2755 2632 2824 2687 ita
2845 2634 2933 2702 qui
2960 2633 3028 2688 de
3057 2634 3147 2690 Dei
3174 2636 3425 2705 operibus
3454 2649 3654 2693 rectum

2077 2729 2180 2768 non
2207 2714 2398 2772 habent
2417 2719 2696 2789 judicium,
2727 2738 2793 2777 ne
2819 2725 3072 2778 miracula
3103 2726 3315 2795 quidem
3343 2729 3515 2782 sciunt
3538 2746 3655 2800 qua:

2076 2803 2212 2859 facta
2258 2819 2380 2862 sunt
2408 2812 2889 2880 :quemadmodum
2921 2827 3127 2882 contra,
3154 2817 3196 2870 si
3226 2819 3345 2886 quis
3393 2820 3463 2873 sit
3505 2837 3656 2891 mque

2076 2907 2128 2954 et
2157 2914 2263 2952 non
2293 2899 2578 2971 depravato
2607 2905 2815 2968 animo,
2859 2907 3089 2974 stupebit
3116 2909 3534 2980 unumquodque
3561 2927 3652 2966 eo.

2076 3005 2215 3057 rum,
2239 3007 2358 3061 quaz
2391 2993 2636 3049 videntur
2662 3010 2781 3051 esse
2811 2996 3063 3052 difficilia.
3091 2999 3227 3066 Quid
3256 3001 3418 3065 enim,
3453 3018 3652 3073 qnmso,

2076 3097 2258 3138 eorum
2277 3099 2397 3152 quae
2425 3087 2576 3153 liunt,
2610 3103 2713 3143 non
2742 3097 2825 3144 est
2849 3091 3159 3148 admirabile
3178 3093 3202 3147 ?
3219 3094 3272 3148 Si
3304 3096 3434 3150 velis
3456 3105 3652 3161 autem,

2076 3172 2194 3228 aliis
2220 3175 2594 3242 praetermissis
2615 3179 2889 3235 veniamus
2919 3181 2985 3236 ad
3013 3197 3095 3246 ea,
3124 3199 3243 3253 qua:
3270 3186 3517 3241 videntur
3539 3202 3656 3242 esse

2078 3263 2257 3318 multis
2285 3265 2506 3322 molesta
2536 3276 2589 3323 et
2611 3271 2787 3339 gravia
2812 3313 2827 3336 ,
2853 3281 3099 3338 mortem,
3133 3276 3396 3344 morbum,
3429 3294 3654 3349 pauper-

2079 3363 2238 3408 tatem
2261 3397 2278 3422 ,
2307 3366 2365 3412 et
2397 3372 2750 3431 quascumque
2791 3371 2915 3418 sunt
2954 3365 3236 3432 ejusmodi.
3283 3367 3336 3423 Si
3368 3370 3487 3438 quis
3516 3371 3653 3425 enim

2063 3444 2235 3500 'fuerit
2275 3459 2423 3504 recto
2445 3451 2626 3518 corde,
2655 3469 2716 3508 ea
2750 3469 2852 3508 non
2881 3454 3163 3512 difficulter
3186 3461 3441 3529 suscipiet
3464 3470 3520 3516 et
3556 3464 3656 3516 mi-

2078 3538 2299 3595 rabitur.
2325 3541 2435 3598 Etsi
2453 3543 2596 3598 enim
2624 3560 2767 3600 mors
2788 3562 2852 3601 cx
2881 3562 3098 3617 peccato
3120 3551 3353 3621 ingressa
3376 3563 3457 3609 est
3481 3555 3653 3627 (Rom.

2078 3627 2132 3682 5.
2163 3628 2274 3700 l2).
2307 3638 2452 3686 tanta
2479 3641 2654 3689 tamen
2674 3645 2736 3690 et
2757 3645 2872 3691 tam
2903 3639 3124 3708 insignis
3148 3641 3245 3697 fuit
3276 3643 3369 3699 Dei
3402 3648 3652 3714 potentia,

2077 3721 2355 3777 clementia
2389 3733 2455 3780 et
2505 3725 2854 3795 providentia,
2889 3737 2944 3783 ut
2967 3746 3089 3786 eam
3138 3733 3187 3788 in
3239 3736 3404 3790 nostri
3450 3740 3656 3808 generis

2077 3813 2355 3870 utilitatem
2386 3819 2728 3874 converterit.
2759 3820 2894 3887 Quid
2925 3822 3066 3877 enim
3097 3840 3256 3894 grave
3275 3869 3291 3894 ,
3321 3826 3428 3894 dic,
3452 3845 3652 3900 qumso,

2078 3903 2237 3960 habet
2259 3908 2444 3963 mors?
2472 3910 2662 3964 Annon
2692 3911 2882 3967 liberat
2908 3928 2938 3968 a
2967 3913 3274 3972 laboribus?
3300 3933 3479 3975 annon
3505 3936 3536 3976 a
3561 3936 3656 3976 cn-

2076 3996 2150 4052 ris
2177 3997 2372 4068 eripit?
2398 4000 2586 4054 Annon
2610 4001 2763 4056 audis
2786 4001 2886 4058 Job
2914 4019 3031 4059 eam
3055 4005 3384 4072 laudantem,
3411 4018 3466 4066 et
3485 4011 3658 4067 dicen-

2077 4097 2182 4143 tetn
2216 4103 2230 4140 :
2264 4089 2406 4144 Mors
2430 4091 2620 4146 homini
2639 4093 2850 4160 requies,
2865 4095 3014 4166 cujus
3036 4097 3115 4149 via
3149 4106 3221 4150 est
3262 4098 3553 4155 abscondita
3581 4103 3654 4170 (α)

2077 4179 2218 4252 (Job
2245 4183 2299 4238 5.
2324 4182 2461 4254 23)?
2515 4185 2704 4240 Annon
2731 4200 2794 4241 ea
2819 4187 3003 4241 vitium
3047 4189 3346 4245 rescindit?
3377 4191 3508 4247 Nam
3535 4203 3588 4248 et
3611 4195 3655 4248 si

2077 4273 2248 4328 malus
2273 4274 2392 4344 quis
2441 4274 2630 4340 fuerit,
2662 4291 2726 4329 eo
2761 4287 2974 4333 mortuo
3001 4279 3183 4334 vitium
3224 4291 3487 4338 resectum
3529 4295 3608 4340 est
3639 4302 3653 4339 :

2081 4363 2179 4429 Qui
2218 4365 2351 4418 enim
2381 4376 2606 4419 mortuus
2641 4375 2732 4433 est,
2755 4368 3065 4436 justi/icatus
3088 4381 3158 4424 est
3183 4389 3215 4425 a
3246 4383 3448 4441 peccato
3475 4373 3652 4443 (Rom.

2077 4457 2129 4511 6.
2161 4457 2239 4524 7),
2274 4456 2373 4510 hoc
2412 4465 2528 4523 est,
2559 4467 2834 4528 peccatum
2873 4474 2979 4514 non
3018 4462 3244 4532 amplius
3285 4464 3504 4534 adjicit:
3535 4476 3589 4522 et
3613 4468 3655 4520 si

2076 4560 2194 4600 cum
2239 4546 2408 4600 bonus
2437 4547 2538 4610 sit,
2563 4549 2885 4616 excesserit,
2928 4551 2979 4602 in
3022 4558 3136 4605 tuto
3163 4552 3266 4606 erit
3312 4553 3362 4608 ei
3397 4555 3655 4610 collocata

2077 4636 2251 4691 omnis
2276 4636 2463 4703 virtus,
2493 4645 2546 4692 et
2575 4638 2625 4691 in
2657 4639 2919 4694 tutissimo
2945 4640 3196 4697 thesauro
3215 4644 3514 4699 recondita.
3547 4651 3658 4700 An-

2079 4741 2203 4786 non,
2236 4725 2342 4792 die,
2371 4741 2552 4795 qumso
2570 4769 2584 4792 ,
2607 4729 2755 4782 vivos
2781 4729 3132 4786 modestiores
3161 4732 3336 4787 reddit
3373 4744 3427 4788 et
3455 4745 3657 4806 tempe-

2077 4816 2383 4871 rantiores?
2411 4816 2526 4872 Non
2568 4818 2716 4874 vides
2745 4835 2886 4889 stupe
2913 4819 3103 4876 divites
3127 4822 3215 4892 qui
3241 4823 3490 4892 superbia
3519 4826 3660 4880 intu-

2078 4916 2338 4971 mescunt,
2367 4915 2421 4961 et
2440 4909 2720 4978 supercilia
2748 4909 3014 4976 attollunt,
3037 4925 3156 4965 cum
3189 4911 3240 4965 in
3271 4911 3456 4968 funere
3484 4915 3662 4970 vident

2079 5013 2275 5069 corpus
2299 4999 2479 5069 jacere
2513 5001 2758 5055 exanime
2797 5010 2852 5055 ct
2882 5001 3158 5056 immotum
3179 5041 3199 5069 ,
3230 5003 3471 5072 ﬁliosque
3499 5006 3552 5059 in
3579 5022 3659 5060 or-

2079 5091 2262 5158 bitate,
2291 5107 2508 5147 uxorem
2533 5092 2584 5146 in
2615 5092 2888 5158 viduitate,
2921 5103 2974 5148 et
2999 5095 3198 5150 amicos
3225 5095 3277 5150 in
3301 5111 3554 5162 maerore,
3585 5098 3658 5152 fa-

2082 5181 2358 5252 malosque
2387 5183 2519 5237 atris
2542 5183 2776 5239 vestibus
2807 5184 3018 5239 indutos
3036 5227 3051 5252 ,
3084 5194 3135 5241 ct
3163 5200 3282 5243 esse
3307 5187 3538 5256 denique
3574 5190 3663 5244 tri»

2082 5283 2217 5328 stem
2247 5288 2310 5328 ac
2332 5273 2606 5345 lugubrem
2633 5274 2792 5330 totius
2811 5275 3000 5330 domus
3019 5277 3252 5347 speciem
3277 5296 3292 5344 ;
3316 5279 3586 5348 quomodo
3606 5291 3665 5334 so

2149 5375 2219 5464 ςα)
2407 5377 2545 5464 eis
2566 5374 3085 5464 Effff‘ehfﬂzzm‘il
3109 5382 3164 5431 οδ
3203 5386 3233 5441 ἡ
3265 5384 3654 5464 eaeaeae“

2084 5437 2167 5487 ἀπ’
2193 5437 2339 5510 εξτοῦ
2357 5437 2534 5510 ),_.n'on
2565 5447 2708 5488 erant
2741 5437 3205 5510 inAEditione'yax,
3224 5437 3415 5510 'sed‘ab
3438 5437 3656 5510 Origene

2086 5513 2150 5548 ex
2197 5499 2543 5548 Theodotione
2592 5513 2702 5548 cum
2745 5501 2984 5551 asterisco
3026 5499 3283 5562 subjuncta
3328 5499 3554 5563 fuerant:
3601 5517 3655 5558 ut

2086 5569 2558 5631 responderentliis
2590 5568 2753 5619 verbis
2787 5571 3042 5622 Hebraicis
3077 5588 3088 5600 '
3122 5578 3300 5626 mna:
3334 5580 3469 5628 'D'i'l’
3502 5582 3653 5631 Ὃκ.

2085 5627 2679 5699 εθᾶροειεειῳιίιψειιίιεη
2701 5634 3072 5699 exemplaribus
3092 5635 3316 5699 adjuncta
3341 5627 3502 5691 fuere.
3530 5627 3653 5693 Vide

2087 5691 2250 5742 not-im
2275 5698 2489 5742 nostram
2518 5691 2568 5742 iu
2605 5691 2856 5756 Hexaplis.
