4112 6208
465 413 568 471 279

463 531 672 600 ἀλόγων
712 528 809 583 ἴδοι
837 513 924 592 ¹τις
976 528 1059 584 ἄν.
1099 529 1163 581 Τί
1204 528 1310 598 γάρ
1350 527 1536 595 ὄφελος
1578 526 1683 597 ὄνῳ
1720 523 2030 597 βαλλομένῳ

467 619 688 692 μεγέθει
706 616 958 687 φορτίων,
975 615 1077 668 κᾶν
1098 615 1351 686 μυριάκις
1374 614 1551 666 αὐτῶν
1568 613 1818 684 ἀπολαύῃ
1839 629 1852 677 ;
1900 611 1952 664 τί
1975 610 2031 664 δέ

468 706 664 778 βλάϐος
702 703 871 773 ἑτέρῳ
891 702 1092 754 τούτων
1136 701 1535 771 ἀπηλλαγμένῳ
1570 703 1807 760 πάντων,
1839 699 1904 752 ἂν
1935 701 2033 768 τῆς

466 789 769 858 ἀναγκαίας
792 788 1038 861 ἀπολαύῃ
1059 789 1288 860 τροφῆς;
1310 787 1407 840 Διά
1430 784 1587 840 τοῦτο
1619 789 1712 840 καὶ
1749 790 1778 840 6
1805 789 2037 856 Χριστός

469 878 706 950 ὑψηλοὺς
769 878 890 941 τοὺς
935 877 1125 930 ἐαυτοῦ
1167 876 1590 940 κατασκευάζων
1641 875 1906 946 μαθητὰς,
1942 873 2037 927 ἀτε

477 966 768 1036 μέλλοντας
795 966 862 1034 τῇ
896 964 1186 1036 οἰκουμένῃ
1214 963 1550 1026 διαλέξεσθαι
1597 963 1748 1034 πάσῃ
1776 1001 1790 1022 ,
1847 958 2037 1012 πασῶν

474 1051 671 1113 αὐτοῦς
689 1049 962 1119 ἀπήλλαξε
990 1051 1302 1119 φροντίδων,
1327 1049 1637 1120 πτερωτοὺς
1655 1046 2038 1118 ἐργαζόμενος,

477 1139 570 1192 καὶ
598 1137 899 1208 ἀδάμαντος
929 1137 1333 1207 εὐτονωτέρους.
1361 1137 1525 1190 Οὐδὲν
1547 1135 1654 1204 γὰρ
1682 1133 1852 1196 οὑτως
1890 1132 2043 1201 ίσχὺν

478 1224 716 1294 ἐντίθησι
766 1223 933 1294 ψυχῇ,
984 1224 1060 1286 ὡς
1110 1225 1172 1277 τὸ
1213 1223 1418 1277 τούτων
1465 1221 1840 1293 ἀπηλλάχθαι·
1893 1219 2044 1272 οὐδὲν

478 1311 651 1376 οὓτως
677 1311 873 1382 ἀσθενῆ
903 1315 1066 1375 ποιεῖ,
1096 1311 1171 1375 ὡς
1185 1311 1246 1364 τὸ
1265 1311 1477 1372 τούτοις
1511 1309 1811 1380 ἐνέχεσθαι.
1833 1309 2045 1377 Ὠσπερ

483 1401 591 1470 7&9
623 1400 722 1454 οὐκ
761 1400 874 1452 ἐστι
903 1399 1080 1470 λύπην
1127 1399 1308 1470 εὑρεῖν
1347 1398 1578 1451 ἐνταῦθα
1619 1397 1842 1467 ταχέως,
1877 1396 2046 1457 οῦτως

482 1489 598 1540 ἐκεῖ
629 1489 838 1558 ἡδονήν.
876 1488 937 1541 '0
973 1488 1071 1557 μὲν
1097 1488 1208 1559 7&9
1249 1486 1473 1549 πολλοὺς
1505 1486 1615 1556 ἔχει
1653 1486 1914 1548 δεσπότας
1953 1483 2046 1536 καὶ

481 1575 766 1639 δεσποίνας
795 1575 1104 1646 ἀνημέρους
1133 1573 1284 1638 τινὰς
1321 1573 1414 1628 καὶ
1442 1571 1834 1644 άπανθρώπους
1863 1593 1870 1601 ·
1921 1573 1948 1625 6
1987 1571 2043 1623 δέ

482 1661 721 1714 δουλεύει
755 1660 854 1731 μὲν
880 1660 1078 1726 οὐδενὶ,
1105 1660 1297 1731 κρατεῖ
1335 1658 1391 1711 δέ
1441 1657 1712 1717 ἁπάντων,
1750 1656 1886 1721 μετά
1917 1657 2046 1710 πολ-

484 1749 584 1822 λῆς
609 1749 710 1819 τῆς
749 1749 952 1815 ἀδείας,
993 1749 1086 1801 καὶ
1116 1748 1218 1818 τῆς
1256 1747 1470 1810 ἀκτῖνος
1497 1745 1802 1810 ἀπολαύων,
1839 1746 1934 1799 καὶ
1970 1745 2046 1816 τῷ

483 1836 607 1907 ἀέρι
646 1834 944 1907 ἐντρυφῶν,
976 1835 1069 1888 καὶ
1117 1834 1209 1888 τὸν
1249 1832 1615 1903 διενοχλοῦντα
1647 1833 1748 1886 οὐκ
1774 1831 1933 1902 έχων.
1968 1833 2044 1885 Οὐ

483 1923 652 1992 θυμὸς
681 1922 984 1994 σπαράσσει
1011 1921 1216 1984 τοῦτον,
1256 1922 1318 1974 οὐ
1342 1921 1558 1990 φθόνος,
1581 1922 1642 1974 οὐ
1677 1919 1966 1990 βασκανία,
1984 1920 2044 1973 οὐ

483 2008 760 2080 φροντίδες
788 2010 1080 2080 τήκοικιν,
1101 2007 1529 2078 οὐιζηλοτυπίαι,
1566 2008 1627 2061 οὐ
1665 2008 1956 2073 κενοδοξία,
1984 2007 2046 2060 οὐ

481 2095 668 2165 τῦφος,
693 2096 793 2149 οὐκ
818 2095 947 2150 ἀλλο
983 2096 1092 2149 τῶν
1115 2095 1372 2149 τοιούτων
1401 2095 1554 2148 οὐδέν
1577 2113 1591 2126 ·
1619 2095 1732 2150 ἀλλ’
1759 2096 1945 2167 ὥσπερ
1965 2113 2049 2159 τις

482 2182 647 2253 λιμὴν
705 2182 966 2246 εὐδιεινὸς
1000 2182 1310 2252 ικυμάτων
1367 2181 1819 2252 ἀπηλλαγμένος,
1877 2182 2049 2244 οὑτως

487 2268 636 2339 αὐτῷ
659 2269 729 2322 τὰ
752 2271 849 2339 τῆς
876 2268 1054 2339 ψυχῆς
1083 2269 1370 2331 διάκειται,
1419 2271 1513 2322 καὶ
1543 2269 1678 2339 πρὸς
1704 2268 1795 2322 τὸν
1823 2268 2049 2340 οὐρανὸν

488 2355 724 2418 εὐκόλως
763 2354 954 2418 ὁδεύει,
1003 2355 1176 2408 οὐδενὶ
1214 2354 1323 2408 τῶν
1366 2354 1644 2426 παρόντων
1672 2355 2045 2426 κατεχόμενος.

493 2443 589 2494 ἰν’
619 2439 712 2495 οὖν
742 2443 834 2495 καὶ
866 2444 1025 2512 ἡμεῖς
1061 2442 1263 2510 ταύτης
1308 2443 1668 2514 ἀπολαύωμεν
1713 2445 1813 2515 τῆς
1847 2443 2048 2508 ἀδείας,

495 2531 588 2583 καὶ
629 2531 726 2600 τῆς
762 2530 904 2584 κατά
949 2531 1042 2583 τὸν
1071 2531 1311 2601 παρόντα
1351 2531 1463 2602 βίον
1500 2531 1784 2604 εὐθυμίας,
1819 2533 1914 2586 καὶ
1955 2536 2054 2600 τῆς

498 2617 744 2680 εὐκολίας
763 2618 862 2686 τῆς
895 2619 1034 2671 κατά
1059 2617 1156 2689 τὴν
1183 2619 1510 2690 ἀποδημίαν,
1541 2619 1728 2674 τοῦτον
1774 2619 2055 2690 διώκωμεν

495 2704 587 2756 τὸν
629 2703 760 2773 βίον,
807 2702 946 2756 ῶστε
981 2705 1074 2757 καὶ
1115 2703 1223 2757 τῶν
1275 2706 1508 2760 αίωνίων
1551 2707 1769 2774 ἀγαθῶν
1815 2705 2056 2760 ἀπολαῦ-

498 2807 610 2848 σαι.
652 2789 760 2842 τῶν
800 2789 1244 2861 ὑπερϐαλλόντων
1279 2791 1493 2847 ἅπαντα
1535 2793 1692 2861 λόγον
1715 2835 1730 2860 ,
1782 2793 1876 2847 καὶ
1914 2792 2059 2858 νοῦν,

497 2877 589 2930 καὶ
629 2877 883 2941 διάνοιαν,
921 2880 978 2930 ἐν
1007 2879 1226 2950 Χριστῷ
1273 2879 1443 2950 Ἰησοῦ
1476 2881 1553 2951 τῷ
1593 2881 1782 2954 Κυρίῳ
1809 2882 1986 2952 ἡμῶν,
2017 2876 2062 2951 ᾧ

494 2965 528 3027 ἡ
566 2962 692 3029 δόξα
715 2964 808 3017 καὶ
836 2964 895 3017 τὸ
921 2964 1141 3036 κράτος,
1173 2968 1251 3029 εἰς
1294 2968 1420 3030 τοὺς
1457 2968 1659 3034 αίῶνας
1689 2969 1797 3022 τῶν
1826 2968 2058 3024 αἰώνων.

505 3048 698 3120 Ἀμήν.

849 3138 999 3213 [265]
1021 3141 1128 3194 ΕΙΣ
1153 3142 1290 3195 TON
1326 3141 1406 3197 Pl'
1437 3145 1757 3200 ΨΑΛΜΟΝ.

507 3228 1051 3298 Ἐξομολογήσομαί
1088 3247 1207 3293 σοι,
1227 3234 1422 3301 Κύριε,
1446 3234 1514 3288 ἑν
1542 3235 1655 3304 ὅλῃ
1684 3234 1896 3306 καρδίᾳ
1919 3252 2058 3305 μου.

569 3316 710 3371 α’.Τί
729 3319 896 3381 ἐστιν,
913 3318 1008 3368 Ἑν
1027 3317 1141 3386 ὅλῃ
1161 3336 1179 3382 ;
1204 3322 1356 3374 Μετὰ
1375 3322 1676 3394 προθυμίας
1687 3323 1923 3396 ἀπάσης,
1941 3339 2066 3377 συνο

453 3429 464 3438 ο
501 3404 830 3474 τεταμένως,
862 3405 1196 3475 ἀπαλλαγεὶς
1216 3408 1323 3462 τῶν
1355 3409 1622 3480 βιωτικῶν
1639 3411 1952 3482 φροντίδων,
1969 3412 2064 3466 καὶ

505 3491 795 3561 μετάρσιος
823 3492 1132 3562 γενόμενος,
1181 3497 1275 3549 καὶ
1314 3497 1412 3568 τὴν
1445 3497 1622 3568 ψυχὴν
1649 3498 1923 3562 ἀπολύσας
1957 3499 2064 3554 τῶν

499 3577 714 3648 δεσμῶν
757 3577 850 3632 τοῦ
897 3578 1162 3650 σώματος.
1212 3582 1314 3636 Ἔν
1361 3584 1593 3652 καρδίᾳ.
1633 3585 1744 3656 Οὐχ
1781 3585 1968 3648 ἁπλῶς
2006 3587 2065 3640 ἐν

505 3666 732 3737 ῥήμασι,
783 3665 901 3720 οὐδέ
935 3668 992 3720 ἐν
1019 3667 1231 3740 γλώττῃ
1265 3670 1359 3724 καὶ¹
1407 3671 1635 3742 στόματι
1689 3672 1878 3742 μόνον,
1929 3673 2066 3728 ἀλλά

504 3754 599 3807 καὶ
627 3771 692 3824 με
705 3752 764 3807 τὰ
791 3755 889 3826 τῆς
911 3755 1162 3821 διανοίας.
1188 3757 1343 3812 υῦτω
1377 3760 1470 3813 καὶ
1497 3761 1736 3832 Μωῦσῆς
1761 3761 2065 3832 νομοθετῶν

505 3839 688 3909 ἔλεγεν
707 3856 722 3870 ·
750 3841 1109 3911 Ἀγαπήσεις
1141 3845 1357 3911 Κύριον
1370 3845 1476 3899 τὸν
1499 3847 1646 3901 Θεόν
1673 3865 1788 3903 σου
1819 3848 1889 3912 ἐξ
1917 3848 2067 3916 ὅλης

506 3927 613 3995 τῆς
649 3929 896 3998 καρδίας
929 3946 1066 3996 σου,
1099 3933 1197 3985 καί
1232 3934 1301 3998 ἐξ
1323 3935 1470 4003 ὅλης
1492 3935 1600 4005 τῆς
1625 3937 1895 4004 διανοίας
1927 3952 2065 3993 σου.

519 4016 780 4071 Ἐνταῦθα
801 4020 908 4090 γάρ
935 4037 1024 4090 μοι
1051 4020 1150 4090 τὴν
1175 4020 1557 4093 ἐξομολόγησιν
1591 4024 1690 4094 τὴν
1718 4025 2070 4096 εὐχαριστίαν

506 4104 859 4173 δοκεῖλέγειν.
898 4105 1172 4178 Ὑμνήσω,
1201 4107 1382 4177 φησὶν,
1409 4110 1801 4182 εὐχαριστήσω.
1831 4113 1940 4164 Καὶ
1964 4112 2071 4184 7&9

508 4191 722 4246 ἅπαντα
757 4195 848 4246 τὸν
892 4191 1004 4263 βίον
1047 4196 1126 4258 είς
1167 4195 1327 4248 τοῦτο
1352 4196 1660 4267 ἀνήλισκεν,
1701 4198 1794 4250 καὶ
1824 4198 2072 4254 ἐντεῦθεν

508 4280 938 4352 προοιμιάζεται,
970 4282 1062 4336 καὶ
1094 4283 1174 4346 είς
1199 4283 1354 4336 τοῦτο
1372 4282 1668 4354 καταλήγει
1690 4301 1704 4316 ο
1725 4287 1816 4339 καὶ
1831 4285 1988 4339 τοῦτο
2004 4281 2073 4357 ἦν

511 4366 668 4437 ἔργον
700 4367 861 4420 αὑτοῦ
888 4368 1194 4432 διαπαντὸς,
1230 4369 1291 4422 τὸ
1323 4370 1415 4423 καὶ⁸
1461 4369 1599 4442 ὑπὲρ
1643 4371 1752 4425 τῶν
1783 4374 1863 4436 είς
1910 4373 2072 4427 αὐτὸν

509 4453 831 4524 γενομένων,
858 4456 952 4508 καὶ
981 4456 1119 4528 ὑπὲρ
1150 4456 1258 4510 τῶν
1292 4459 1372 4522 είς
1399 4457 1590 4522 ἄλλους
1615 4459 1942 4532 εὐεργεσιῶν
1973 4460 2070 4533 τὴν

508 4543 856 4614 εὐχαριστίαν
885 4544 1202 4615 ἀναφέρειν.
1235 4547 1401 4600 Οὐδὲν
1429 4546 1538 4618 7&9
1590 4547 1762 4613 οὕτως
1784 4550 1812 4602 6
1840 4549 1971 4614 Θεὸς
1995 4551 2072 4616 ὡς

390 4639 406 4656 ‘
506 4630 665 4684 τοῦτο
685 4631 960 4702 ἐπιζητεῖ·
987 4633 1145 4689 τοῦτο
1179 4634 1359 4702 θυσία,
1395 4635 1552 4689 τοῦτο
1583 4638 1884 4710 προσφορά,
1913 4638 2072 4694 τοῦτο

506 4715 684 4788 ψυχῆς
731 4718 1067 4790 εὐγνώμονος
1098 4725 1339 4792 σημεῖον,
1379 4722 1538 4776 τοῦτο
1567 4724 1752 4796 πληγὴ
1801 4728 1940 4779 κατὰ
1976 4727 2069 4782 τοῦ

507 4806 750 4861 διαϐόλου
771 4823 784 4836 ⁸
821 4807 1070 4861 ἐντεῦθεν
1095 4808 1124 4860 6
1148 4811 1413 4881 μακάριος
1453 4811 1570 4864 Ἰὼϐ
1600 4813 1956 4882 ἐστεφανοῦτο
1978 4817 2073 4869 καὶ

509 4894 924 4964 ἀνεκηρύττετο,
963 4895 1042 4948 ὃτι
1072 4895 1280 4967 μυρίων
1308 4898 1628 4968 πειρασμῶν
1675 4899 2072 4970 ἐπενεχθέντων

509 4981 677 5051 αὐτῷ,
709 4982 801 5035 καὶ
843 4983 939 5053 τῆς
977 4983 1229 5050 γυναικὸς
1259 4985 1757 5058 ὑποσκελιζούσης,
1796 4990 1857 5041 οὐ
1917 5005 2072 5059 περι-

510 5070 743 5139 ἐτράπη,
771 5069 885 5122 ἀλλ’
915 5068 1102 5140 ἔμενεν
1153 5071 1486 5144 εὐχαριστῶν
1533 5077 1611 5144 τῷ
1659 5076 1901 5150 Δεσπότῃ
1948 5077 2075 5148 περὶ

511 5156 746 5237 πάντων,
781 5157 876 5226 οὐχ
904 5157 1063 5227 ἡνίκα
1089 5159 1360 5224 ἐπλούτει,
1406 5159 1541 5214 ἀλλά
1572 5163 1666 5214 καὶ
1714 5162 1876 5232 ἡνίκα
1908 5163 2077 5235 πένης

512 5243 751 5310 ἐγένετο·
781 5245 877 5316 οὐχ
904 5243 1062 5314 ἡνίκα
1097 5245 1357 5313 ὑγίαινεν,
1392 5247 1526 5301 ἀλλὰ
1556 5249 1650 5302 m1
1681 5250 1839 5321 ἡνίκα
1863 5251 2074 5322 ἐπλήγη

509 5329 606 5405 τὴν
638 5333 814 5404 σάρκα
836 5349 849 5362 ο
883 5333 984 5406 οὐχ
1018 5335 1105 5387 ὅτε
1148 5335 1290 5389 κατά
1326 5336 1452 5405 ῥοῦν
1492 5336 1639 5409 αὐτῷ
1667 5340 1736 5391 τὰ
1779 5342 2078 5411 πράγματα

511 5419 750 5491 ἐφέρετο,
781 5420 916 5474 ἀλλά
948 5421 1042 5474 καὶ
1067 5422 1156 5474 ὅτε
1185 5422 1419 5492 χαλεπὸς
1438 5425 1642 5489 ἐκεῖνος
1664 5429 1690 5480 6
1713 5427 1918 5497 χειμὼν
1949 5445 2078 5481 κατ-

512 5505 747 5577 έσκηψεν
786 5511 865 5573 είς
908 5510 1087 5566 πᾶσαν
1114 5510 1278 5564 αὐτοῦ
1318 5514 1418 5584 τὴν
1448 5515 1642 5580 οἰκίαν,
1670 5519 1763 5570 καὶ
1799 5519 1878 5580 εἰς
1910 5517 2078 5588 αὐτὴν

511 5594 603 5647 τοῦ
640 5593 889 5665 σώματος
922 5595 1019 5666 τὴν
1045 5595 1226 5664 φύσιν.
1278 5599 1447 5652 Τοῦτο
1479 5601 1584 5672 7&9
1633 5605 1863 5674 μάλιστα
1919 5607 2079 5676 εὐχαο

576 5771 709 5821 ιείε
729 5785 839 5820 mss.
869 5777 1021 5821 rcclc.
1048 5771 1176 5823 Edll.
1205 5771 1376 5824 Morel.
1403 5775 1598 5832 e6aswr$c
1617 5790 1874 5840 perporam

1588 405 1945 465 EXPOSITIO
1984 405 2049 459 IN
2093 403 2422 464 PSALMUM
2459 411 2570 466 CX.

3585 410 3695 465 9.80

2136 523 2318 594 ρίστου
2346 527 2567 600 γνώμης
2592 530 2648 582 ἐν
2674 529 2790 591 ταῖς
2831 527 3040 598 θλίψεσι
3067 529 3158 582 καὶ
3194 532 3311 590 ταῖς
3343 529 3697 600 δυσημερίαις

2133 613 2333 686 πολλὴν
2369 615 2566 669 εἰδέναι
2611 614 2690 685 τῷ
2739 615 2858 686 Θεῷ
2901 615 2999 686 τὴν
3045 617 3237 686 χάριν,
3287 618 3379 669 καὶ
3414 617 3700 679 διαπαντὸς

2139 701 2318 772 μένειν
2352 701 2776 773 εὐχαριστοῦντα
2798 719 2812 735 ο
2848 705 2984 774 ὅπερ
3013 700 3106 757 οῦν
3139 705 3232 758 καὶ
3263 705 3423 768 αὐτὸς
3468 705 3701 758 αίνιττόο-

2139 805 2299 859 μενος
2322 789 2408 842 διὰ
2441 789 2548 842 τῶν
2596 788 2722 859 ἐξῆς
2774 790 3058 862 ἐδήλωσεν.
3104 791 3324 864 Ἐπειδὴ
3364 791 3474 862 7&9
3520 791 3706 845 πολλοὶ

2135 875 2244 928 τῶν
2289 874 2588 946 ἀνθρώπων
2631 876 2689 929 ἐν
2727 876 2958 946 εὐθυμία
2994 876 3088 947 μὲν
3114 878 3262 940 ὄντες
3299 879 3702 949 εὐχαριστοῦσι,

2137 961 2207 1014 τά
2247 962 2462 1015 ἐναντία
2489 961 2545 1014 δὲ
2578 962 2873 1032 πάσχοντες
2906 962 3343 1032 δυσχεραίνουσιν
3364 980 3376 994 ·
3419 964 3526 1016 εἰσὶ
3556 963 3612 1016 δὲ
3656 965 3706 1016 οἳ

2141 1047 2366 1101 καὶτῶν
2403 1047 2703 1117 γινομένων
2737 1048 3228 1118 ἐπιλαμϐάνονται*
3261 1049 3474 1114 δεικνὺς
3515 1051 3596 1104 ὅτι
3645 1052 3705 1103 οὐ

2143 1133 2298 1206 παρά
2323 1134 2420 1206 τὴν
2448 1133 2609 1203 φύσιν
2635 1135 2743 1188 τῶν
2776 1134 3200 1206 συμϐαινόντων,
3240 1135 3374 1190 ἀλλά
3419 1137 3570 1208 παρά
3611 1137 3709 1208 τὴν

2144 1221 2582 1291 διεστραμμένην
2638 1219 2862 1291 γνώμην
2907 1219 3067 1273 τοῦτο
3121 1220 3371 1288 γίνεται,
3462 1223 3712 1292 ἐπήγαγε

2144 1307 2346 1375 λέγων·
2388 1309 2483 1360 Ἐν
2508 1307 2712 1375 ,ϐουλῇ
2746 1306 2968 1362 εὐθέων
3006 1307 3103 1360 καί
3136 1309 3455 1378 συναγωγῇ
3479 1307 3713 1378 μεγάλα

2145 1395 2216 1449 τὰ
2239 1395 2384 1463 ἔργα
2424 1395 2667 1462 Kvplov.
2717 1394 2886 1447 Τοῦτο
2917 1390 3036 1447 εἷπε
3066 1395 3297 1459 δεικνὺς,
3336 1397 3414 1448 ὅτι
3459 1395 3712 1450 δικαστοῦ

2145 1481 2298 1552 χρεία
2357 1481 2651 1534 ἀδεκάστου
2708 1482 2800 1534 καὶ
2845 1481 3098 1549 συλλόγου
3151 1484 3225 1553 μὴ
3276 1483 3710 1555 διεφθαρμένου,

2146 1569 2239 1622 καὶ
2285 1567 2417 1637 δῆλα
2462 1567 2614 1621 ἔσται
2656 1569 2723 1622 τά
2755 1567 2892 1637 ἔργα
2918 1569 3013 1621 τοῦ
3059 1569 3214 1633 Θεοῦ,
3248 1571 3329 1624 ὅτι
3365 1570 3715 1646 μέγαλαηὸτι

2148 1656 2341 1710 πολλοῦ
2373 1657 2647 1728 θαύματος
2665 1657 2965 1727 ἀνάμεστα.
2995 1658 3148 1711 Ἐστι
3185 1658 3283 1728 μὲν
3313 1659 3420 1730 γὰρ
3448 1659 3543 1712 καὶ
3591 1657 3713 1713 καθ’

2148 1745 2314 1798 ἐαυτά
2337 1746 2564 1814 μεγάλα,
2595 1745 2655 1798 οὐ
2680 1745 3020 1799 δείκνυταιδέ
3052 1746 3281 1816 μεγάλα.
3301 1746 3395 1800 ἐάν
3421 1747 3494 1818 μὴ
3522 1747 3713 1818 κριτὴν

2147 1833 2303 1903 ὀρθὸν
2336 1832 2454 1904 ἔχῃ.
2504 1832 2655 1886 Ἐπεὶ
2695 1832 2788 1886 καὶ
2833 1834 2860 1885 6
2906 1833 3056 1902 ἣλιος
3100 1832 3221 1886 καθ’
3259 1833 3448 1887 ἐαυτὸν
3493 1834 3702 1906 φαιδρὸς

2147 1916 2241 1970 καὶ
2272 1913 2516 1986 διαυγὴς,
2551 1914 2643 1967 καὶ
2673 1915 2770 1986 τὴν
2798 1915 3121 1986 οἰκουμένην
3172 1915 3462 1987 διαλάμπει
3496 1919 3674 1970 πᾶσαν
3697 1935 3708 1948 ·

2148 1999 2283 2054 ἀλλά
2341 2001 2452 2060 τοῖς
2485 1997 2622 2050 κατά
2655 1997 2807 2068 ὄψεις
2855 1999 3098 2052 νοσοῦσιν
3146 2000 3246 2052 οὐκ
3306 2000 3419 2052 ἐστι
3455 1998 3709 2064 τοιοῦτος.

2163 2083 2300 2138 Ἀλλ’
2352 2082 2414 2135 οὐ
2445 2079 2538 2135 τοῦ
2565 2081 2715 2150 ἡλίου
2745 2082 2806 2135 τὸ
2834 2082 3081 2152 ἔγκλημα
3103 2121 3116 2146 ,
3166 2082 3300 2136 ἀλλά
3344 2083 3439 2153 τῆς
3491 2082 3710 2136 ἐκείνων

2149 2167 2427 2230 ἀσθενείας
2481 2165 2541 2220 τὸ
2589 2164 2894 2236 ἐλάττωμα.
2940 2166 3108 2221 Ὅταν
3155 2167 3350 2242 ςτοίνυν
3409 2167 3524 2238 ἴδῃς
3595 2167 3710 2220 τινὰ

2150 2248 2561 2320 κατηγοροῦντα
2585 2248 2691 2301 τῶν
2727 2247 2900 2319 ἔργων
2925 2248 3080 2313 Θεοῦ,
3107 2250 3180 2320 μὴ
3204 2251 3272 2305 τὰ
3296 2250 3429 2322 ἔργα
3463 2249 3716 2303 διάϐαλλε

2151 2335 2238 2388 διὰ
2272 2333 2370 2404 τὴν
2419 2329 2627 2384 ἐκείνου
2664 2331 2900 2395 κακίαν,
2951 2331 3086 2385 ἀλλὰ
3123 2333 3222 2402 τῆς
3272 2333 3479 2386 ἐκείνου
3531 2331 3716 2396 ἀνοίας

2151 2417 2392 2488 λάμϐανε
2430 2416 2684 2486 μέγιστον
2729 2415 2925 2487 δεῖγμα
2975 2416 3082 2470 ἀπὸ
3111 2418 3209 2488 τῆς
3251 2417 3344 2470 τοῦ
3395 2416 3529 2470 Θεοῦ
3579 2433 3706 2488 προ·

2153 2503 2318 2564 νοίας.
2356 2501 2564 2570 Ὥσπερ
2595 2499 2704 2571 7&9
2737 2502 2766 2553 6
2802 2500 2893 2554 τὸν
2921 2500 3072 2571 ἡλιον
3104 2500 3274 2569 λέγων
3315 2503 3606 2566 σκοτεινὸν,
3654 2500 3707 2554 οῦ

2153 2583 2215 2638 τὸ
2242 2583 2438 2654 ἄστρον
2467 2582 2728 2647 διέϐαλεν,
2773 2581 2909 2636 ἀλλά
2949 2585 3048 2654 τῆς
3078 2583 3239 2636 αὐτοῦ
3271 2582 3573 2655 πηρώσεως
3626 2583 3717 2648 ἐξ·

2156 2670 2384 2738 ἡνεγκεν
2411 2665 2628 2734 ἔλεγχον
2655 2665 2885 2736 ἀκριϐῆ·
2906 2666 3040 2718 καὶὸ
3057 2665 3116 2718 τὸ
3149 2667 3268 2736 μέλι
3299 2667 3495 2738 πικρὸν
3521 2665 3713 2736 ὀνομάσ

2158 2751 2284 2814 ζων,
2302 2748 2362 2801 οὐ
2378 2747 2476 2818 τὴν
2491 2746 2800 2817 γλυκύτητα
2823 2748 2921 2817 τὴν
2949 2747 3156 2801 ἐκείνου
3181 2749 3527 2802 συνεσκίασεν
3543 2747 3718 2819 [266],

2157 2831 2293 2886 ἀλλά
2318 2832 2414 2902 τῆς
2445 2831 2598 2885 νόσου
2623 2833 2720 2903 τῆς
2751 2829 2944 2884 ἐαυτοῦ
2979 2833 3314 2902 κατηγορίας
3337 2832 3724 2898 ’συνεστήσατο

2158 2915 2257 2987 τὴν
2276 2915 2455 2986 ψῆφον
2475 2931 2489 2945 ·
2523 2913 2664 2967 οὕτω
2691 2913 2753 2984 δὴ
2782 2912 2879 2967 καὶ⁸
2905 2914 2933 2966 6
2955 2913 3064 2966 τῶν
3089 2912 3265 2984 ἔργων
3301 2914 3394 2968 τοῦ
3435 2913 3568 2967 Θεοῦ
3597 2915 3720 2966 ἐπι-

2159 2999 2583 3070 λαμϐανόμενος.
2605 2998 2717 3054 Καὶ
2743 2997 2930 3067 ῶσπερ
2948 2990 3100 3060 οὗτος
3132 2998 3311 3051 ἐκεῖνα
3336 2997 3437 3066 μὲν
3452 2998 3514 3050 οὐ
3539 2997 3726 3068 λυμαί-

2160 3099 2328 3149 νεται,
2357 3081 2476 3136 οὐδὲ
2501 3081 2599 3152 τὴν
2633 3081 2760 3152 περὶ
2788 3081 2966 3134 αὐτῶν
2999 3081 3285 3152 ὑπόληψιν,
3316 3083 3418 3153 τῆς
3457 3083 3513 3136 δέ
3542 3081 3727 3144 ἀνοίας

2157 3170 2258 3238 τῆς
2273 3165 2463 3220 ἐαυτοῦ
2491 3165 2752 3237 μεγίστην
2777 3165 2997 3236 ἐκφέρει
3013 3165 3345 3236 κατηγορίαν
3361 3183 3374 3196 ·
3393 3164 3536 3220 οὑτω
3553 3164 3617 3237 δὴ
3635 3165 3728 3219 καὶ

2163 3249 2290 3321 περὶ
2312 3249 2419 3302 τῶν
2449 3248 2624 3320 έργων
2643 3247 2737 3301 τοῦ
2764 3247 2897 3300 Θεοῦ
2919 3249 2967 3301 ot
3002 3247 3076 3319 μὴ
3096 3248 3276 3318 κρίσιν
3295 3248 3459 3320 ὀρθὴν
3489 3248 3724 3320 ἔχοντες,

2163 3334 2263 3387 οὐκ
2289 3333 2464 3386 ίσασιν
2489 3331 2608 3385 οὐδέ
2636 3331 2704 3384 τά
2733 3329 2986 3402 θαύματα
3013 3332 3080 3384 τά
3110 3333 3374 3402 γενόμενα
3394 3350 3408 3364 ο
3433 3333 3508 3396 ὡς
3549 3334 3604 3386 εί
3643 3351 3729 3397 τις

2164 3414 2457 3469 ἀδέκαστον
2506 3405 2616 3485 lio:
2658 3413 2836 3484 ψυχὴν
2864 3415 2958 3467 καὶ
2989 3412 3062 3484 μὴ
3105 3414 3566 3486 διεστραμμένην,
3601 3415 3730 3470 ἐκα-

2168 3515 2289 3552 στον
2333 3496 2427 3550 καὶ
2457 3497 2564 3550 τῶν
2592 3496 2888 3551 δοκούντων
2923 3494 3059 3550 εἶναι
3101 3495 3376 3568 δυσχερῶν
3389 3497 3731 3569 ἐκπλαγὴσε-

2164 3599 2275 3638 ται.
2299 3581 2363 3633 Τί
2388 3580 2496 3652 7&9
2517 3580 2577 3634 οὐ
2607 3579 2939 3651 θαυμαστὸν,
2965 3580 3086 3634 εἰπέ
3115 3597 3226 3651 μοι,
3254 3581 3360 3634 τῶν
3385 3581 3689 3651 γινομένων
3712 3597 3728 3645 ;

2166 3663 2274 3716 Καὶ
2295 3665 2344 3716 εί
2384 3662 2580 3732 βούλει,
2611 3662 3058 3734 παραδραμόντες
3085 3663 3153 3717 τά
3189 3662 3323 3716 ἄλλα
3361 3665 3537 3718 πάντα
3567 3663 3735 3718 ἔλθω-

2169 3763 2266 3820 μεν
2296 3747 2390 3800 ἐπὶ
2409 3747 2478 3800 τά
2514 3745 2774 3800 δοκοῦντα
2801 3741 2938 3799 εἶναι
2968 3748 3081 3810 τοῖς
3124 3745 3337 3810 πολλοῖς
3383 3746 3595 3818 ἐπαχθῆ
3638 3751 3732 3803 καὶ

2165 3828 2417 3901 φορτικὰ,
2436 3829 2526 3882 τὸν
2553 3829 2799 3891 θάνατον,
2827 3829 2924 3899 τὴν
2955 3829 3134 3892 νόσον,
3163 3829 3259 3901 τὴν
3285 3831 3493 3893 πενίαν,
3516 3830 3610 3882 καὶ
3632 3830 3735 3884 ὅσα

2165 3912 2408 3967 τοιαῦτα.
2435 3912 2622 3980 Είγάρ
2646 3928 2728 3973 τις
2761 3911 2970 3963 εὐθεῖαν
2999 3909 3154 3980 ἐχοιδ
3185 3912 3428 3983 καρδίαν,
3446 3911 3736 3967 καὶταῦτα

2171 4001 2378 4071 σφόδρα
2416 3998 2733 4060 ἀποδέξεται
2773 3998 2868 4050 κα)⁸
2910 3997 3269 4067 θαυμάσεται.
3307 4001 3369 4052 El
3406 4001 3515 4072 7&9
3553 4001 3646 4053 καὶ
3676 4000 3736 4066 ἐξ

2169 4081 2446 4152 ἁμαρτίας
2477 4078 2722 4148 εἰσῆλθεν
2751 4080 2779 4131 6
2801 4077 3048 4142 θάνατος,
3077 4079 3191 4130 ἀλλ’
3218 4081 3368 4150 ὅμως
3389 4081 3624 4151 τοσαύτη
3641 4083 3735 4135 τοῦ

2171 4162 2303 4217 Θεοῦ
2333 4163 2367 4233 ἡ
2390 4159 2694 4231 περιουσία,
2723 4161 2819 4214 καὶ
2845 4162 2878 4230 ἡ
2907 4158 3306 4230 φιλανθρωπία,
3335 4163 3428 4215 καὶ
3455 4162 3553 4232 τῆς
3579 4162 3739 4234 κηδε-

2176 4247 2362 4319 μονίας
2393 4247 2426 4317 ἡ
2457 4242 2747 4317 ὑπερϐολὴ,
2776 4243 2851 4308 ὡς
2885 4243 2978 4296 καὶ
2991 4242 3165 4313 τούτῳ
3182 4245 3260 4307 είς
3283 4243 3402 4297 δέον
3430 4247 3738 4316 χρήσασθαι

2173 4329 2251 4400 τῷ
2279 4325 2520 4398 γένειτῷ
2550 4326 2822 4399 ἡμετέρῳ.
2853 4326 2917 4380 Τί
2945 4326 3083 4400 γὰρ,
3111 4326 3230 4378 είπέ
3259 4343 3368 4397 μοι,
3401 4327 3539 4399 βαρὺ
3574 4329 3604 4381 ό
3639 4327 3738 4382 θά-

2173 4391 2330 4476 νατος
2367 4391 2507 4482 ἐχειξ
2547 4391 2659 4489 ῥύκ
2689 4391 2975 4481 ἀπαλλαγῆ
3021 4391 3199 4463 πόνων
3243 4391 3422 4477 ἐστίνξ
3473 4391 3533 4464 οὐ
3585 4410 3740 4478 λύσις

2175 4495 2468 4568 φροντίδων
2491 4510 2505 4561 ;
2538 4495 2654 4548 Οὐκ
2672 4493 2889 4557 ἀκούεις
2915 4493 3008 4547 τοῦ
3038 4491 3158 4546 Ἰὼϐ
3179 4492 3341 4547 αὐτὸν
3369 4495 3742 4566 ἐγκωμιάζον-

2171 4601 2284 4648 τος,
2311 4581 2406 4636 καὶ
2441 4581 2723 4652 λέγοντος·
2761 4580 3024 4648 Θάνατος
3049 4580 3220 4649 ἀνδρί
3255 4580 3618 4650 ἀνάπαυσις,
3664 4578 3739 4639 οὗ

2171 4668 2210 4736 ή
2236 4666 2378 4734 ὁδός
2404 4666 2736 4734 ἀπεκρύ6η;
2785 4665 2898 4720 Οὐκ
2924 4664 3131 4736 ἐκκοπὴ
3157 4665 3382 4732 κακίας;
3413 4667 3511 4720 Ἂν
3543 4685 3603 4722 τε
3633 4668 3741 4740 7&9

2173 4750 2410 4821 πονηρὸς
2499 4766 2604 4813 τις,
2631 4747 2857 4818 διεκόπη
2881 4748 2948 4802 τά
2973 4749 3074 4819 τῆς
3109 4749 3305 4814 κακίας
3343 4750 3507 4804 αὐτοῦ
3555 4751 3742 4806 τελευ-

2171 4837 2461 4906 στήσαντος·
2504 4831 2558 4884 '0
2591 4831 2700 4902 γὰρ
2737 4831 3053 4886 ἀποθανὼν
3079 4833 3449 4888 δεδικαίωται
3483 4836 3601 4891 ἀπὸ
3634 4833 3744 4902 τῆς

2175 4915 2481 4986 ἁμαρτίας,
2511 4915 2803 4976 τουτέστιν,
2834 4915 3016 4968 οὐκέτι
3057 4916 3405 4988 προστίθησιν
3435 4915 3739 4988 ἁμαρτίαν·

2176 4999 2241 5052 ἄν
2265 5015 2322 5050 τε
2343 4996 2544 5064 ἀγαθὸς
2585 4995 2661 5048 ὢν
2689 4997 2916 5069 ἀπέλθῃ,
2943 4999 3000 5051 ἐν
3027 5000 3260 5068 ἀσφαλεί
3281 5003 3517 5055 κείσεται
3549 5001 3616 5053 τά
3643 5003 3743 5067 τῆς

2177 5079 2380 5151 ἀρετῆς
2407 5078 2554 5148 αὐτῴ
2583 5079 2780 5142 πάντα,
2813 5081 2905 5132 καὶ
2931 5081 2988 5133 ἐν
3015 5083 3195 5152 ἀσύλῳ
3221 5082 3499 5152 θησαυρῷ.
3527 5081 3666 5142 Τοὺς
3685 5081 3744 5132 δὲ

2178 5162 2408 5226 ζῶντας,
2439 5161 2557 5213 είπέ
2583 5177 2694 5230 μοι,
2716 5161 2774 5213 οὐ
2803 5165 2943 5215 ποιεῖ
2963 5164 3431 5234 σωφρονεστέρους
3457 5164 3549 5214 καὶ
3574 5165 3745 5214 ἐπιει-

2180 5245 2468 5314 κεστέρους
2491 5259 2505 5308 ;
2544 5244 2655 5313 Οὐχ
2681 5245 2814 5315 ὁρᾷς
2842 5245 2922 5298 ὅτι
2949 5246 3203 5306 πολλάκις
3236 5245 3292 5298 ἐν
3318 5245 3524 5315 ἐκφορᾷ
3563 5262 3742 5314 παρα-

2181 5330 2458 5400 γενόμενοι
2489 5328 2537 5380 οί
2564 5328 2940 5392 πλουτοῦντες,
2993 5328 3085 5380 καὶ
3115 5326 3482 5397 τετυφωμένοι
3517 5329 3609 5382 καὶ
3648 5333 3745 5395 τὰς

2180 5412 2350 5484 ὀφρῦς
2381 5411 2747 5472 ἀνασπῶντες,
2772 5412 2898 5463 ὅταν
2924 5410 3070 5462 ἴδωσι
3091 5409 3151 5460 τὸ
3181 5409 3339 5479 σῶμα
3371 5411 3617 5483 κείμενον
3639 5431 3745 5468 κω⁹

2183 5499 2280 5567 φὺν
2303 5495 2396 5550 καὶ
2421 5496 2694 5565 ἀκίνητον,
2719 5492 2813 5544 καὶ
2836 5491 3017 5545 παιδία
3045 5493 3102 5542 ἐν
3125 5492 3374 5565 ὀρφανίᾳ,
3398 5498 3491 5550 καὶ
3514 5502 3745 5566 γυναῖκα

2183 5585 2240 5636 ἐν
2279 5581 2493 5652 χηρείᾳ,
2534 5579 2628 5631 καὶ
2654 5577 2837 5646 φίλους
2871 5578 2928 5628 ἐν
2957 5577 3246 5650 κατηφείᾳ,
3281 5584 3372 5633 καὶ
3400 5582 3612 5646 οἰκέτας
3646 5602 3742 5652 με.

2183 5662 2648 5732 λανειμονοῦντας,
2681 5661 2774 5713 καὶ
2805 5659 2947 5713 ἅπαν
2986 5659 3086 5731 τῆς
3129 5664 3303 5726 οἰκίας
3335 5664 3650 5740 σκυθρωπὸν
3689 5666 3746 5720 τὸ

2247 5779 2274 5819 b
2296 5778 2406 5828 Mss.
2431 5781 2484 5826 cl
2508 5774 2656 5825 Sa\'il.
2687 5774 2802 5838 ἔχοι.
2824 5773 2992 5824 Morel.
3019 5774 3132 5837 ἔχει.
