4062 6208
437 373 534 432 $31

440 488 645 556 σχῆμα,
683 486 795 549 πῶς
835 486 1245 551 συστέλλονται;
1283 486 1398 548 πῶς
1435 482 1849 548 ταπεινοῦνται;
1889 479 2004 542 πῶς

439 569 848 640 συντρίϐοντακ
889 571 996 622 Καὶ
1026 571 1135 642 γὰρ
1177 570 1373 642 μυρίας
1425 567 1827 629 ἀπολαύσαντες
1859 565 2004 617 διδαο

441 651 685 717 σκαλίας,
709 655 798 706 καὶ
829 654 994 723 μηδὲν
1023 653 1392 724 κερδάναντες,
1418 650 1524 703 ἀπὸ
1544 649 1644 718 τῆς
1669 648 1842 717 ὅψεως
1871 646 2008 699 ἐκεί-

439 752 536 803 νης
568 735 761 806 ἀθρόον
791 735 1156 804 φιλοσοφοῦσι,
1193 735 1253 788 τό
1290 751 1347 787 τε
1380 730 1591 792 εὐτελὲς
1623 731 1716 784 καὶ
1745 729 2006 798 ἐπίκηρον

439 817 537 880 τῆς
583 818 927 889 ἀνθρωπίνης
975 816 1477 887 καταμανθάνοντες
1520 811 1753 880 φύσεως,
1808 811 1902 863 καὶ
1945 810 2006 862 τὸ

439 902 641 974 σαθρὸν
673 903 767 956 καὶ
808 905 1036 957 ἄστατον
1061 901 1162 971 τῆς
1202 901 1379 954 αὐτῶν
1420 897 1754 959 δυναστείας,
1804 895 1897 948 καὶ
1948 895 2007 946 ἐν

438 988 557 1049 ταῖς
603 986 904 1057 ἀλλοτρίαις
946 987 1246 1054 συμφοραῖς
1291 983 1388 1045 τὰς
1421 980 1628 1036 ἑαυτῶν
1669 977 2008 1052 προορῶντες

443 1068 757 1136 μεταϐολάς.

511 1222 579 1292 β’.
601 1224 660 1276 Εἰ
685 1223 785 1294 γὰρ
807 1223 1036 1277 θανάτου
1064 1222 1234 1285 ὄντος,
1249 1219 1506 1274 τοσαῦται
1523 1219 1789 1290 ἁρπαγαὶ,
1808 1216 2001 1270 τοσαῦ⁶

437 1324 526 1362 ται
565 1305 886 1370 πλεονεξίαι,
934 1305 1029 1358 καὶ
1073 1304 1324 1374 καθάπερ
1351 1305 1399 1356 οἱ
1435 1301 1613 1374 ἰχθύες
1651 1302 2009 1355 καταπίνουσι

437 1391 561 1453 τοὺς
587 1388 1038 1459 καταδεεστέρους
1064 1388 1112 1439 οί
1151 1387 1543 1456 δυνατώτεροι·
1592 1388 1638 1439 εί
1680 1384 1754 1456 μὴ
1782 1385 2011 1447 θάνατος

437 1470 525 1542 ἦν,
550 1473 676 1525 πότε
708 1471 772 1524 ἂν
795 1471 1030 1540 ἔστησαν
1061 1469 1402 1535 πλεονεξίας;
1441 1467 1502 1520 El
1536 1469 1646 1539 γάρ
1674 1467 1892 1530 εἰδότες,
1927 1467 2008 1519 ὅτι

437 1556 537 1610 οὐκ
581 1553 975 1608 ἀπολαύσονται
1005 1546 1079 1604 ὧν
1114 1552 1452 1622 ἁρπάσωσιν,
1485 1550 1620 1602 ἀλλά
1667 1549 1882 1611 ἑκόντες
1917 1549 2010 1601 καὶ

440 1638 662 1700 ἄκοντες
690 1638 1039 1705 ἐκστήσονται
1063 1635 1289 1703 ἐτέροις,
1312 1632 1453 1686 οὕτω
1477 1633 1752 1702 μαίνονται
1780 1633 1872 1685 καὶ
1892 1633 2011 1685 λυτ-

439 1719 633 1776 τῶσιψ
677 1720 726 1770 εἰ
759 1718 916 1772 τοῦτο
947 1713 1092 1787 εἶχον
1135 1720 1193 1769 ἐν
1237 1715 1526 1786 ἀσφαλείᾳ,
1563 1716 1690 1769 πότε
1731 1715 1796 1768 ἂν
1829 1716 2010 1778 αὐτοῖς

441 1801 672 1872 ἐσὸέσθη
703 1803 771 1855 τά
798 1802 897 1871 τῆς
930 1799 1225 1870 ἐπιθυμίας
1251 1801 1351 1869 τῆς
1392 1801 1664 1869 πονηρᾶς;
1697 1799 1760 1850 Τί
1790 1798 1879 1860 δὲ;
1914 1797 2008 1851 τοῦ

443 1885 739 1956 μαρτυρίου
757 1887 804 1938 οί
822 1885 1073 1952 στέφανοι
1094 1883 1153 1935 οὐ
1171 1881 1258 1936 διὰ
1271 1881 1502 1936 Θανάτου
1518 1882 1804 1935 πλέκονται
1822 1898 1834 1945 ;
1858 1880 2007 1953 [267]

441 1969 504 2020 Τί
523 1968 579 2021 δέ
595 1970 623 2020 ὁ
642 1968 851 2028 Παῦλος
869 1984 882 2032 ;
916 1967 976 2018 οὐ
997 1966 1164 2037 μυρία
1189 1965 1382 2036 ἔστησε
1395 1963 1854 2036 τρόπαια,λέγων·
1871 1964 2009 2018 Καθ’

437 2051 667 2121 ’ἡμέραν
696 2050 1081 2119 ἀποθνήσκω,
1107 2049 1185 2117 νὴ
1210 2048 1326 2116 τήν
1349 2046 1641 2118 ὑμετέραν
1677 2048 2010 2116 καύχησιν;

439 2137 514 2188 Οὐ
547 2136 656 2206 γάρ
681 2137 710 2188 ὁ
732 2134 958 2196 θάνατος
983 2133 1170 2196 κακὸς,
1197 2131 1310 2184 ἀλλ’
1339 2133 1368 2184 ὁ
1395 2130 1625 2202 πονηρὸς
1655 2129 1880 2193 θάνατος
1907 2148 2008 2184 κα-

441 2219 553 2282 κός.
593 2217 692 2272 Διά
739 2217 896 2271 τοῦτό
943 2231 1113 2286 φησι’
1169 2216 1364 2284 Τίμιος
1406 2213 1683 2268 ἐναντίον
1716 2215 1938 2282 Κυρίου
1977 2217 2010 2269 ὀ

439 2301 695 2367 θάνατος
718 2299 838 2354 τῶν
867 2301 1054 2353 ὁσίων
1083 2299 1290 2353 αὐτοῦ.
1323 2295 1579 2367 Ἀλλαχοῦ
1613 2295 1670 2349 δέ
1696 2313 1826 2365 φησι
1847 2312 1860 2327 θ
1896 2295 2009 2350 Θά-

438 2399 618 2450 νατος
655 2381 1017 2452 ἁμαρτωλῶν
1061 2381 1357 2449 πονηρός-⁸
1414 2378 1574 2433 τοῦτο
1627 2378 1801 2447 λέγων
1845 2395 2010 2449 πονη-

440 2467 557 2542 ρὸν,
584 2467 644 2520 τὸ
680 2465 818 2536 μετά
843 2464 936 2518 τοῦ
987 2464 1222 2534 πονηροῦ
1265 2463 1563 2526 συνειδότος
1601 2461 1872 2528 ἀπελθεῖν,
1918 2461 2011 2515 καὶ

438 2549 658 2612 πολλαῖς
688 2547 1175 2618 πλημμελημάτων
1220 2545 1464 2617 φροντίσι
1518 2544 1887 2614 βεϐαρημένον
1917 2545 2011 2598 καὶ

437 2630 776 2702 πιεζόμενον.
811 2632 897 2693 Ὠς
934 2630 962 2682 ὅ
995 2645 1059 2697 γε
1091 2629 1333 2698 καθαρὸν
1366 2627 1504 2697 ἔχων
1532 2627 1788 2694 συνειδὸς,
1823 2627 1914 2681 ἐπὶ
1941 2627 2012 2680 τά

440 2716 666 2786 βραδεῖα
699 2715 900 2785 τρέχει,
934 2712 1072 2774 πρὸς
1115 2711 1205 2764 τὸν
1242 2711 1506 2780 στέφανον
1554 2711 1843 2781 ἀναχωρεῖ.
1901 2711 2012 2764 Καὶ

439 2801 524 2851 ἵνα
555 2797 730 2869 μάθῃς
762 2798 842 2850 ὅτι
890 2796 992 2862 οὐχ
1035 2797 1068 2865 ὴ
1119 2793 1225 2848 τῶν
1254 2793 1595 2866 πραγμάτων
1619 2791 1797 2862 φύσις,
1829 2792 1940 2846 ἀλλ’
1973 2795 2008 2864 ἡ

435 2881 545 2936 τῶν
593 2878 893 2951 ἀνθρώπων
933 2873 1148 2950 γνώμη,
1187 2874 1328 2948 α’ύτη
1381 2875 1474 2930 τὸν
1523 2875 1752 2948 θόρυϐόν
1795 2877 1942 2930 ἐστιν
1974 2877 2009 2947 ὴ

437 2965 692 3028 ποιοῦσα,
720 2964 950 3017 ἄκουσον
977 2961 1006 3014 ὁ
1040 2959 1250 3024 Παῦλος
1277 2959 1392 3023 πῶς
1416 2959 1662 3029 ἐπιζητεῖ
1696 2959 1874 3023 τοῦτο,
1916 2958 2011 3015 νῦν

441 3047 538 3119 μὲν
564 3047 736 3114 λέγων
753 3061 771 3079 ο
799 3045 908 3100 Καὶ
937 3043 1050 3114 γὰρ
1075 3046 1130 3096 ol
1164 3042 1334 3108 ὄντες
1359 3042 1429 3095 ἐν
1458 3041 1540 3108 τῷ
1582 3041 1796 3108 σκήνει
1824 3044 2012 3108 τούτῳ

437 3127 817 3198 στενάζομεν,
852 3126 968 3195 τὴν
1006 3125 1315 3180 υἱοθεσίαν
1355 3123 1840 3194 ἀπεκδεχόμενοι,
1898 3125 2012 3195 τὴν

435 3212 860 3280 ἀπολύτρωσιν
889 3209 996 3263 τοῦ
1044 3209 1317 3276 σώματος
1343 3206 1513 3276 ἡμῶν
1531 3225 1544 3241 ο
1579 3207 1675 3262 νῦν
1707 3209 1765 3264 δέ
1791 3210 1854 3265 τέ
1880 3209 2012 3264 αὐτὸ

435 3293 611 3365 δηλῶν
661 3289 916 3362 ἀλλαχοῦ*
964 3289 1116 3344 Ἀλλ’
1159 3291 1211 3342 εί
1265 3289 1363 3343 καί
1405 3287 1736 3359 σπένδομαι
1778 3291 1877 3346 ἐπὶ
1936 3291 2012 3364 τῇ

439 3377 621 3443 θυσίᾳ
658 3375 755 3429 καὶ
794 3373 1130 3441 λειτουργίᾳ
1167 3371 1271 3439 τῆς
1305 3374 1565 3438 ,πίστεως
1595 3373 1781 3442 ὑμῶν,
1829 3378 2013 3446 χαίρω

439 3459 536 3515 καὶ
565 3456 870 3526 συγχαίρω
901 3453 1092 3509 πᾶσιν
1121 3454 1281 3524 ὑμῖν.
1319 3455 1391 3512 Τὸ
1419 3455 1487 3507 δὲ
1517 3457 1664 3511 αὐτὸ
1702 3458 1801 3511 καὶ
1843 3459 2012 3528 ὑμεῖς

440 3542 677 3616 χαίρετε
720 3540 817 3593 καὶ
859 3537 1216 3607 συγχαίρετέ
1255 3555 1379 3606 μοι.
1440 3539 1504 3591 El
1557 3539 1614 3592 δέ
1669 3538 1896 3604 θάνατος
1948 3542 2010 3596 οὐ

440 3621 725 3695 φορτικὸν,
783 3619 917 3674 ἀλλά
962 3621 1054 3673 καὶ
1108 3619 1354 3674 ποθεινὸν
1397 3623 1509 3684 τοῖς
1572 3621 1746 3692 ὀρθῶς
1808 3622 2008 3693 βιοῦσι,

441 3705 620 3776 πολλῷ
673 3704 869 3776 μᾶλλον
905 3703 1064 3758 πενία
1105 3704 1197 3757 καὶ
1235 3703 1304 3757 τά
1339 3703 1473 3758 ἀλλα
1502 3703 1736 3760 ἅπαντα.
1781 3707 2009 3776 Ἐξεζη-

438 3789 666 3860 τημένα
706 3791 794 3854 είς
840 3786 1036 3841 πάντα
1083 3787 1155 3842 τὰ
1205 3788 1508 3858 θελήματα
1555 3790 1764 3848 αὐτοῦ.
1800 3791 2008 3857 Ἀλλος,

452 3871 943 3944 Ἐξηκριϐωμένα.
980 3871 1244 3926 Ἐνταῦθά
1284 3889 1375 3944 μοι
1411 3873 1676 3944 περὶτῶν
1701 3877 2012 3948 κτισμάτων

439 3959 583 4012 δοκεῖ
601 3955 960 4025 διαλέγεσθαι,
992 3955 1381 4028 ἀνακηρύττων
1406 3956 1498 4011 τοῦ
1520 3955 1654 4012 Θεοῦ
1675 3957 1772 4030 τήν
1799 3961 2010 4030 σοφίανε

441 4041 700 4112 ἀνωτέρω
734 4040 790 4093 δέ
813 4040 949 4111 ἔργα
994 4040 1176 4108 ἔλεγεν
1203 4041 1274 4108 (εί
1313 4041 1407 4093 καὶ
1446 4041 1605 4111 ἡμεῖς
1639 4040 1725 4094 διά
1757 4044 1882 4108 τούς
1923 4062 2012 4114 μι-

440 4123 744 4198 κροψύχους
788 4123 881 4178 καὶ
908 4122 1098 4195 ἐτέρας
1120 4123 1357 4187 διανοίας
1393 4125 1472 4188 είς
1499 4124 1669 4178 ταῦτα
1700 4125 2006 4197 ἡψάμεθα),

437 4209 509 4264 τά
536 4208 820 4281 τεράστια,
853 4206 923 4260 τά
959 4206 1233 4278 θαύματα,
1274 4207 1309 4262 ἃ
1339 4207 1593 4273 πολλάκις
1633 4210 1914 4264 ἐπετέλεσε
1947 4213 2008 4266 τὸ

437 4294 545 4349 τῶν
566 4292 864 4364 ἀνθρώπων
886 4291 1183 4362 οἰκονομῶν
1206 4289 1381 4359 γένος.
1414 4290 1477 4342 Τί
1500 4290 1555 4344 δέ
1575 4293 1743 4356 ἐστιν,
1787 4293 2009 4363 Ἐξεζη-

437 4376 663 4446 τημένα
683 4377 765 4441 είς
809 4374 1006 4430 πάντα
1030 4374 1103 4428 τὰ
1133 4371 1436 4442 θελήματα
1474 4374 1692 4438 αὑτοῦ;
1737 4377 2007 4449 Ἦκριϐω-

441 4461 596 4530 μένα,
638 4459 793 4529 φησὶ,
828 4455 1081 4526 καθάπερ
1110 4455 1204 4510 καὶ
1243 4456 1430 4526 ἐτερος
1475 4457 1820 4529 ἑρμηνευτὴς
1864 4458 2006 4525 εἷπε,

437 4540 950 4614 παρεσκευασμένα,
973 4538 1376 4609 ἀπηρτισμένα,
1404 4540 1767 4610 γεγενημένα,
1803 4542 2009 4614 πεπλη-

438 4624 677 4698 ρωμένα,
716 4622 990 4696 ἀρκοῦντα
1029 4621 1097 4676 τά
1128 4621 1406 4694 θελήματα
1432 4623 1596 4676 αὐτοῦ
1625 4626 1818 4688 ποιεῖν,
1849 4627 2008 4680 ικανά

441 4711 737 4779 μαρτυρεῖν
785 4706 884 4778 τὴν
929 4705 1157 4776 δύναμιν
1201 4705 1388 4769 αὐτοῦ,
1429 4707 1489 4760 οὐ
1522 4706 1845 4778 χωλεύοντα,
1885 4711 2006 4764 οὐδὲ

436 4789 631 4852 ἐνδεῶς
661 4788 850 4859 ἔχοντα
882 4789 962 4852 είς
989 4788 1050 4841 τὸ
1093 4787 1288 4842 ἀνῦσαι
1331 4787 1493 4846 αὐτοῦ
1530 4788 1599 4842 τά
1639 4790 2003 4862 ἐπιτάγματα,

434 4872 572 4942 ὅπερ
610 4871 701 4924 καὶ
738 4869 968 4940 ἀλλαχοῦ
997 4887 1128 4941 φησι
1153 4883 1168 4898 °
1210 4871 1356 4938 Πῦρ,
1389 4870 1634 4940 χάλαζα,
1665 4873 1830 4942 χιὼν,
1865 4877 2008 4944 κρύ-

434 4958 722 5020 σταλλος,
763 4955 1072 5024 πνεύματα
1113 4954 1450 5023 καταιγίὸος
1477 4954 1547 5009 τὰ
1581 4958 1868 5013 ποιοῦντα
1899 4961 2008 5015 τὸν

433 5041 615 5109 λόγον
667 5039 890 5093 αὐτοῦ’
938 5037 1204 5102 τουτέστι,
1262 5039 1331 5092 τά
1385 5041 1776 5111 προστάγματα
1813 5044 1998 5100 αὐτοῦ.

435 5121 591 5176 Οὐτω
621 5121 714 5174 καὶ
751 5121 780 5174 ό
828 5121 1111 5192 Προφήτης
1155 5120 1369 5190 ἔλεγεν·
1415 5123 1692 5192 Ἐποίησε
1731 5127 2006 5195 σελήνην

432 5208 520 5270 εἰς
544 5203 809 5272 καιροὺς,
833 5206 866 5256 ὁ
892 5203 1065 5270 ἣλιος
1093 5203 1247 5272 ἔγνω
1276 5203 1388 5271 τὴν
1409 5204 1591 5260 δύσιν
1615 5207 1804 5261 αὐτοῦ
1820 5225 1835 5241 ⁸
1861 5209 2004 5265 ἔθου

433 5288 673 5352 σκότος,
712 5288 807 5341 καί
851 5287 1089 5357 ἐπένετο
1135 5286 1273 5350 νύξ.
1304 5289 1376 5341 Οὐ
1416 5288 1575 5358 μόνον
1605 5291 1659 5343 δὲ
1691 5293 1827 5363 πρὸς
1860 5292 2004 5364 ἅπερ

435 5371 553 5422 εστὶ
584 5370 1060 5440 κατεσκευασμένα
1092 5369 1262 5423 ταῦτα
1304 5370 1486 5423 ἀνύει·
1522 5373 1653 5425 ἀλλά
1681 5375 1784 5427 κᾶν
1810 5376 2003 5430 τάναν-

435 5453 524 5505 τία
561 5453 810 5526 ἐπιτάξῃ,
853 5453 948 5505 καὶ
972 5453 1203 5507 ἐνταῦθα
1232 5453 1398 5524 πολλὴ
1440 5455 1472 5524 ἡ
1498 5455 1733 5526 ὑπακοή.
1763 5459 1841 5529 Τῇ
1873 5459 2002 5527 γοῦν

435 5529 669 5601 θαλάττῃ
721 5529 968 5594 ἐπέταξε.
1020 5531 1113 5584 καὶ
1159 5531 1219 5584 οὐ
1274 5531 1433 5601 μόνον
1477 5533 1538 5584 οὐ
1593 5533 2000 5596 κατεπόντισεν,

435 5608 570 5677 ὅπερ
595 5608 762 5679 αὐτῆς
787 5607 946 5679 ἔργον
971 5603 1060 5678 ἦν,
1101 5608 1234 5662 ἀλλά
1274 5610 1575 5679 στορέσασα
1615 5611 1783 5682 αὐτῆς
1810 5613 1878 5667 τά
1906 5614 2003 5666 κύ-

440 5705 604 5760 ματα,
636 5691 838 5759 πέτρας
866 5691 1264 5764 ἀσφαλέστερον
1291 5692 1382 5746 τὸν
1423 5691 1688 5747 Ἰουδαίων
1724 5695 1893 5765 δῆμον
1929 5697 2002 5750 δι-

435 5769 704 5833 εϐίϐασεν.
733 5773 794 5826 Ἣ
838 5774 1060 5846 κάμινος
1092 5776 1149 5828 οὐ
1182 5776 1340 5845 μόνον
1385 5777 1482 5832 οὐκ
1520 5778 1720 5846 ἔκαιεν,
1745 5779 1878 5836 ἀλλά
1910 5783 1996 5842 καὶ

1117 370 1174 428 S.
1197 369 1478 428 JOANNIS
1514 365 1992 425 CIIRYSOSTOMI
2031 365 2350 422 ARCIIIEP.
2388 362 2935 422 CONSTANTINOP.

3569 357 3670 413 282

2111 479 2297 550 δρόσον
2327 481 2549 552 παρεῖχε
2587 477 3012 548 διασυρίζουσαν.
3044 470 3125 525 Τὰ
3153 467 3314 542 θηρία
3339 467 3398 522 οὐ
3435 467 3590 538 μόνον
3611 470 3667 521 οὐ

2109 573 2418 642 κατήσθιεν,
2455 571 2589 625 ἀλλά
2628 571 2721 624 καὶ
2762 565 3235 639 σωματοφυλάκων
3268 564 3451 631 ἐπεῖχε
3491 559 3670 631 χώραν

2108 657 2203 709 ἐπὶ
2229 653 2322 708 τοῦ
2351 654 2570 724 Δανιήλ.
2616 653 2690 706 Τὸ
2728 652 2890 722 κῆτος
2943 651 3002 703 οὐ
3052 648 3209 718 μόνον
3254 645 3315 698 οὐ
3363 645 3669 707 κατέπινεν,

2109 735 2245 792 ἀλλά
2271 738 2364 790 καὶ
2409 736 2554 789 σώαν
2589 736 2689 805 τὴν
2720 731 3187 804 παρακαταθήκην
3213 728 3472 800 διετήρει.
3503 727 3567 779 Ἦ
3600 726 3668 795 γῆ

2108 830 2170 883 οὐ
2205 829 2365 900 μόνον
2389 829 2488 882 οὐκ
2519 828 2833 890 ἐὸάστασεν,
2861 825 2994 878 ἀλλά
3022 824 3115 877 καὶ
3139 821 3405 892 θαλάττης
3430 819 3674 890 χαλεπώο

2108 929 2264 984 τερον
2304 911 2710 975 κατεπόντισεν,
2741 909 2828 963 ὅτε
2857 907 3077 978 ἠνοίχθη
3105 905 3198 958 καὶ
3225 904 3448 958 κατέπιε
3479 901 3671 984 Δαθάν,

2110 983 2204 1049 καὶ
2229 994 2494 1064 ἐκάλυψεν
2524 994 2617 1048 ἐπὶ
2641 991 2738 1064 τὴν
2761 990 3078 1061 συναγωγὴν
3106 985 3364 1058 Ἀὃειρών
3385 1003 3398 1016 ·
3432 985 3526 1039 καὶ
3548 983 3672 1037 πολ-

2109 1079 2207 1152 λὴν
2235 1063 2424 1148 ἑτέραν
2453 1077 2552 1132 ῐδοι
2582 1094 2666 1140 τις
2697 1063 2764 1131 ἀν
2787 1072 3175 1146 τερατουργίαν
3209 1071 3266 1123 ἐν
3291 1072 3404 1133 τοῖς
3426 1063 3546 1122 οῦσι
3583 1084 3674 1152 γεέ

2111 1149 2343 1232 νομένην
2365 1177 2378 1190 ·
2413 1161 2499 1214 ἵνα
2537 1158 2779 1229 μάθωσιν
2811 1159 2861 1210 οῑ
2895 1156 3096 1226 σφόδρα
3124 1153 3554 1222 ἀνοηταίνοντες,
3583 1149 3675 1203 καὶ

2111 1245 2272 1317 φύσιν
2300 1243 2689 1306 θεοποιοῦντες,
2718 1243 2798 1296 ὅτι
2825 1240 2886 1294 οὐ
2906 1238 3178 1311 τυραννίδι
3207 1237 3419 1307 φύσεως
3445 1234 3515 1288 τά
3544 1234 3674 1304 πράο

2111 1346 2298 1401 γματα
2320 1328 2534 1397 ἄγεται,
2563 1325 2698 1381 ἀλλά
2720 1323 2881 1396 βουλῇ
2909 1322 3042 1376 Θεοῦ
3082 1323 3256 1376 πάντα
3281 1320 3418 1373 εῖκει
3448 1318 3542 1372 καὶ
3578 1335 3675 1401 πα-

2116 1399 2372 1486 ραχωρεῖ.
2405 1408 2552 1479 Αῦτη
2587 1409 2695 1480 γάρ
2718 1410 2862 1460 ἐστιν
2900 1407 2932 1475 ὴ
2961 1405 3060 1475 τῆς
3091 1399 3672 1486 φύσεωςᾼδημιουργδς.

2113 1483 2206 1550 καὶ
2228 1483 2364 1566 πρὸς
2386 1493 2448 1547 τὸ
2473 1493 2608 1562 αὐτῇ
2635 1489 2822 1544 δοκοῦν
2855 1489 3034 1542 πάντα
3056 1486 3122 1542 τά
3142 1487 3272 1540 ὄντα
3301 1483 3450 1558 [268]
3485 1485 3674 1566 μεταρ-

2113 1564 2450 1649 ρυθμίζουσα
2478 1584 2520 1638 ⁸,
2551 1574 2648 1628 καὶ
2686 1570 2782 1626 νῦν
2817 1571 2916 1644 μέν
2955 1571 3244 1638 ἀκινήτους
3290 1565 3469 1649 αὐτῶν
3497 1564 3675 1649 διατηο

2116 1647 2283 1730 ροῦσα
2321 1659 2448 1722 τοὺς
2489 1657 2666 1729 ὄρους,
2698 1653 2792 1709 νῦν
2831 1653 2909 1720 δέ,
2942 1650 3161 1706 ἐπειδὰν
3198 1648 3453 1720 βουληθῇ,
3488 1647 3676 1718 ῥαδίως

2112 1745 2308 1808 αὐτοὺς
2337 1741 2656 1802 ἀνασπῶσα,
2702 1738 2797 1792 καὶ
2840 1737 2976 1808 πρὸς
3017 1736 3078 1790 τὸ
3121 1734 3362 1788 ἐναντίον
3412 1732 3674 1803 μεταϐάλ-

2112 1831 2295 1882 λουσα.
2328 1822 2750 1892 Ἐξεζητημένα
2798 1822 2884 1886 εὶς
2917 1821 3113 1874 πάντα
3151 1817 3222 1872 τὰ
3246 1815 3547 1884 θελήματα
3579 1817 3676 1869 αὐ-

2110 1911 2237 1965 τοῦ.
2279 1910 2374 1973 Et;
2400 1908 2470 1961 τά
2497 1905 2893 1976 προστάγματα
2915 1901 3102 1966 αὐτοῦ,
3133 1901 3316 1970 φησὶν,
3351 1901 3434 1962 είς
3462 1897 3532 1951 τά
3571 1899 3678 1950 Em-

2109 1995 2367 2064 τάγματα
2423 1990 2587 2046 αὐτοῦ
2608 2007 2621 2020 ·
2670 1989 2731 2042 οὐ
2791 1986 2950 2058 μόνον
3001 1985 3059 2038 δὲ
3098 1986 3178 2047 εἰς
3223 1983 3291 2036 τά
3336 1983 3678 2064 ἐπιτάγματα

2117 2062 2303 2142 αὐτοῦ,
2356 2073 2493 2128 ἀλλά
2544 2071 2638 2127 καὶ
2676 2072 2757 2135 είς
2803 2070 2867 2124 τὸ
2919 2065 3280 2137 γινώσκεσθαι
3321 2063 3481 2118 αὐτὸν
3533 2062 3678 2133 παρά

2109 2159 2218 2213 τῶν
2243 2156 2566 2230 ἀνθρώπων,
2595 2156 2733 2225 ὅπερ
2771 2152 2864 2207 καὶ
2909 2149 3318 2223 προηγούμενον
3389 2145 3553 2200 αὐτοῦ
3590 2146 3676 2199 θέ-

2111 2242 2278 2313 λημα,
2307 2241 2401 2295 καὶ
2445 2239 2526 2293 διὸ
2574 2237 2808 2309 μάλιστα
2859 2235 3032 2290 ταῦτα
3073 2233 3348 2303 ἐποίησεν.
3374 2231 3442 2313 Ὃ
3505 2230 3679 2313 τοίνυν

2111 2327 2140 2378 ό
2166 2311 2462 2396 Προφήτης
2491 2322 2658 2389 λέγει,
2710 2319 2950 2373 τοιοῦτόν
2972 2318 3117 2370 ἐστιν
3139 2331 3152 2348 ο
3205 2315 3286 2368 ὅτι
3328 2312 3499 2396 οῦτως
3537 2311 3680 2364 ἐστὶν

2112 2393 2516 2478 ἀπηρτισμένα,
2543 2405 2618 2468 ώς
2655 2406 2766 2466 τοῖς
2805 2400 3128 2472 προσέχουσι
3167 2396 3263 2451 καὶ
3303 2395 3426 2448 νοῦν
3472 2393 3681 2478 ἔχουσιν

2111 2475 2509 2561 ἀκριϐεστάτην
2541 2488 2635 2540 καὶ
2668 2487 2812 2554 σαφῆ
2843 2483 2939 2537 καὶ
2965 2481 3306 2561 τρανοτάτην
3325 2478 3423 2561 τήν
3447 2475 3684 2561 περὶαύ-

2109 2559 2203 2627 τοῦ
2228 2571 2430 2641 γνῶσιν
2457 2568 2719 2623 ἐντιθέναι
2747 2570 2814 2638 τῇ
2853 2565 3058 2635 διανοίᾳ
3085 2562 3194 2616 τῶν
3222 2559 3542 2630 ἀνθρώπων.
3577 2559 3684 2610 Καὶ

2109 2655 2217 2726 γὰρ
2243 2640 2354 2708 καὶ
2393 2654 2529 2724 πρὸς
2587 2652 2745 2706 τοῦτο
2791 2649 3025 2721 μάλιστα
3053 2646 3114 2698 τὸ
3153 2644 3365 2715 θέλημα
3415 2641 3581 2696 αὐτοῦ
3626 2640 3684 2706 ἐξ

2112 2736 2286 2809 ἀρχῆς
2312 2737 2453 2790 αὐτά
2481 2733 2869 2798 κατεσκεύασε,
2906 2731 2982 2800 τῷ
3013 2728 3251 2800 μεγέθει,
3287 2727 3366 2796 τῷ
3384 2726 3589 2790 κάλλει,
3616 2728 3680 2796 τῇ

2111 2819 2278 2883 θέσει,
2313 2822 2379 2890 τῇ
2415 2818 2688 2891 ἐνεργείᾳ,
2727 2819 2794 2887 τῇ
2829 2811 3092 2883 διακονίᾳ.
3117 2813 3228 2874 τοῖς
3273 2809 3452 2872 ἄλλοις
3485 2811 3682 2863 ἅπασιν

2110 2903 2381 2957 ἀνακινῶν
2423 2902 2522 2972 τὴν
2569 2899 2747 2970 ψυχὴν
2773 2897 2866 2951 τοῦ
2915 2893 3128 2958 θεατοῦ,
3167 2893 3263 2947 καὶ
3307 2893 3405 2964 τὴν
3447 2892 3682 2946 διάνοιαν

2109 2986 2389 3056 διεγείρων
2417 2985 2496 3048 είς
2525 2983 2588 3036 τὸ
2619 2981 2851 3052 ζητῆσαι
2876 2979 2966 3033 τὸν
2998 2975 3326 3049 δημιουργὸν
3350 2976 3447 3029 καὶ
3469 2977 3683 3048 ἀριστο-

2109 3069 2304 3140 τέχνην
2331 3067 2484 3128 Θεὸν,
2524 3065 2618 3120 καὶ
2647 3063 3021 3136 προσκυνῆσαι
3064 3061 3155 3115 τὸν
3194 3060 3494 3131 ποιήσαντα
3524 3057 3680 3140 αὐτὰ,

2111 3151 2206 3206 καὶ
2237 3139 2358 3204 ἀντὶ
2402 3147 2621 3219 βιϐλίων
2655 3147 2752 3201 καὶ
2793 3145 3135 3217 γραμμάτων
3168 3141 3422 3212 γενέσθαι
3452 3141 3597 3196 ἀπαν
3625 3139 3683 3194 τὸ

2112 3233 2272 3305 σῶμα
2302 3232 2403 3304 τῆς
2436 3230 2689 3294 κτίσεως.

2181 3357 2252 3428 γ’.
2270 3357 2384 3412 Οὐκ
2414 3359 2493 3421 είς
2509 3355 2836 3426 θεογνωσίαν
2861 3355 2917 3408 δὲ
2951 3355 3128 3425 μόνον,
3155 3353 3288 3408 ἀλλά
3309 3354 3404 3408 καὶ
3431 3354 3512 3418 εἰς
3535 3353 3682 3409 πολι-ς

2110 3441 2260 3496 τείαν
2275 3444 2408 3512 ἡμῖν
2435 3440 2695 3512 μεγίστην
2712 3438 2922 3507 εἰσάγει
2942 3437 3283 3490 διδασκαλίαν
3301 3436 3370 3490 τά
3393 3437 3680 3504 κτίσματα.

2113 3525 2183 3578 Ὃ
2211 3541 2272 3578 τε
2310 3523 2419 3596 γάρ
2453 3522 2804 3593 πλεονέκτης,
2842 3519 3060 3574 ἐπειδὰν
3103 3519 3187 3592 ἴδῃ
3235 3519 3331 3592 τὴν
3372 3520 3584 3592 ἡμέραν
3615 3523 3680 3590 τῇ

2111 3608 2268 3663 νυκτὶ
2299 3605 2755 3679 παραχωροῦσαν,
2784 3605 2879 3660 καὶ
2903 3605 2994 3661 τὸν
3021 3604 3172 3674 ἥλιον
3192 3607 3258 3676 τῇ
3290 3604 3510 3676 σελήνῃ,
3540 3605 3683 3658 αἰδε-

2114 3692 2376 3763 σθήσεται
2399 3690 2509 3744 τῶν
2534 3689 2807 3760 στοιχείων
2832 3688 2930 3759 τὴν
2953 3687 3223 3754 εὐταξίαν,
3248 3685 3352 3741 κᾶν
3383 3687 3675 3741 δυνατώτεο

2114 3793 2206 3848 ρος
2230 3769 2286 3846 ᾖ,
2309 3774 2418 3828 τῶν
2453 3772 2894 3844 καταδεεστέρων
2924 3772 3024 3824 οὐκ
3065 3771 3393 3843 ἐπιθυμήσει
3425 3773 3681 3843 πραγμά·

2111 3875 2256 3913 τωνο
2291 3857 2321 3911 ὃ
2368 3874 2429 3912 τε
2477 3856 2662 3929 μοιχὸς
2705 3856 2801 3910 καὶ
2843 3855 3160 3918 ἀκόλαστος,
3201 3854 3421 3908 ἐπειδάν
3458 3854 3546 3926 ἴδῃ
3587 3852 3682 3924 τὴν

2113 3943 2384 3997 θάλατταν
2441 3937 2798 4012 μαινομένην,
2851 3932 2970 3992 εἶτα
3023 3938 3413 4012 χαλινουμένην
3453 3937 3557 3991 ὐπὸ
3595 3937 3682 3991 τὸν

2111 4024 2371 4096 αἰγιαλὸν,
2400 4010 2562 4078 πάλιν
2593 4010 2700 4078 τῶν
2725 4022 2974 4076 ἀτάκτων
3011 4010 3561 4091 ὐδάτωνάίδούμενος
3587 4020 3683 4091 τὴν

2111 4109 2382 4176 εὐταξίαν,
2409 4107 2620 4179 ταχέως
2654 4105 3004 4160 καταστεῖλαι
3031 4105 3317 4176 δυνήσεται
3362 4103 3460 4176 τὴν
3489 4103 3681 4159 ἐαυτοῦ

2113 4191 2527 4263 κορυφουμένην
2557 4188 2873 4259 ἐπιθυμίαν,
2915 4187 3008 4242 καὶ
3035 4187 3112 4257 τῷ
3141 4186 3290 4258 φόϐῳ
3316 4186 3411 4240 τοῦ
3439 4185 3678 4258 Χριστοῦ

2109 4273 2406 4348 χαλινῶσαι
2434 4271 2532 4344 τὴν
2561 4273 2642 4335 είς
2669 4270 2732 4324 τὸ
2764 4271 2948 4342 πρόσω
2973 4269 3165 4340 φορὰν,
3197 4271 3293 4324 καὶ
3316 4269 3567 4325 διαλῦσαι
3591 4270 3682 4324 τὸν

2109 4357 2282 4430 ἀφρὸν
2309 4356 2524 4410 ἅπαντα
2553 4354 2652 4424 τῆς
2691 4352 2990 4407 ἀκολάστου
3023 4351 3224 4422 ταύτης
3259 4353 3454 4424 ὁρμῆς,
3483 4354 3577 4406 καὶ
3604 4353 3682 4415 είς

2110 4438 2463 4511 σωφροσύνην
2501 4437 2887 4503 ἐπαναγαγεῖν.
2920 4435 3029 4489 Καὶ
3071 4435 3198 4506 περὶ
3241 4435 3589 4499 ἀναστάσεως
3627 4434 3682 4487 δέ

2108 4524 2188 4586 είς
2214 4521 2312 4593 τὴν
2339 4520 2532 4592 χέρσον
2561 4516 2765 4572 ἀπιδὼν
2781 4517 3019 4582 εὐκόλως
3044 4518 3328 4589 δυνήσεται
3351 4519 3678 4587 φιλοσοφεῖν,

2109 4605 2320 4660 καὶτὸν
2353 4603 2482 4676 περὶ
2513 4602 2682 4673 αὐτῆς
2730 4600 2987 4666 δέξασθαι
3024 4601 3200 4670 λόγον.
3230 4602 3401 4655 Ὅταν
3444 4603 3555 4673 γάρ
3599 4602 3679 4672 ἴδῃ

2107 4690 2206 4761 τὴν
2232 4689 2335 4758 γῆν
2363 4686 2660 4757 δεχομένην
2685 4684 2882 4738 κόκκον
2919 4684 3066 4738 σίτου
3111 4685 3348 4758 στερεὸν,
3398 4680 3519 4739 εἶτα
3552 4687 3682 4756 πρό-

2106 4790 2262 4844 τερον
2290 4770 2613 4826 διαλύουσαν
2651 4769 2745 4822 καὶ
2783 4771 3082 4840 σήπουσαν,
3107 4769 3202 4822 καὶ
3235 4767 3411 4839 πολλῷ
3439 4768 3681 4839 βελτίονα

2106 4853 2391 4907 τίκτουσαν
2408 4866 2422 4880 ο
2453 4851 2582 4904 ὅταν
2609 4849 2692 4921 ἴδῃ
2721 4849 2818 4921 τὴν
2844 4848 3086 4919 ἄμπελον
3116 4849 3174 4902 ἐν
3203 4848 3430 4920 χειμῶνι
3468 4850 3681 4920 γυμνὴν

2107 4935 2338 5006 φύλλων,
2371 4934 2464 4988 καὶ¹
2516 4931 2730 4996 ἐλίκων,
2779 4932 2872 4986 καὶ
2921 4931 3181 5003 βοτρύων,
3227 4932 3322 4986 καὶ
3348 4931 3482 4985 αὐτὸ
3519 4931 3681 5003 ξηρὸν

2105 5019 2282 5085 ξύλον,
2317 5017 2393 5081 ὠς
2431 5015 2502 5070 τά
2539 5013 2759 5069 ὀστᾶτά
2803 5014 2964 5085 ξηρὰ,
3011 5009 3128 5067 εἶτα
3161 5013 3318 5084 ἔαρος
3364 5015 3676 5078 ἐπιστάντος

2103 5100 2202 5172 τὴν
2234 5098 2535 5171 εὐμορφίαν
2567 5096 2786 5150 ἆπασαν
2816 5095 3320 5166 ἀπολαμϐάνουσαν.
3349 5099 3408 5150 ἐν
3432 5099 3547 5162 τοῖς
3575 5097 3679 5150 σώ-

2107 5199 2241 5253 μασι
2274 5181 2380 5236 τῶν
2410 5178 2593 5249 φυτῶν
2633 5181 2728 5232 καὶ
2768 5179 2878 5232 τῶν
2911 5180 3242 5250 σπερμάτων
3278 5180 3388 5233 τῶν
3432 5183 3571 5250 μετά
3621 5180 3679 5233 τὸ

2102 5263 2461 5334 διαφθαρῆναι
2502 5261 2894 5331 ἀνισταμένων,
2935 5262 3220 5333 δυνήσεται
3267 5261 3362 5314 καὶ
3405 5263 3536 5334 περὶ
3585 5263 3678 5332 τῆς

2104 5345 2296 5400 ἑαυτοῦ
2342 5343 2543 5415 σαρκὸς
2590 5343 2917 5413 φιλοσοφεῖν.
2964 5345 3037 5398 Τὸ
3085 5344 3368 5414 φιλόπονον
3415 5344 3472 5397 δέ
3519 5344 3678 5398 πάλιν

2102 5429 2210 5483 ἀπὸ
2237 5428 2332 5482 τοῦ
2364 5427 2652 5498 μύρμηκος
2674 5428 2898 5492 εἵσεται,
2923 5427 3016 5480 καὶ
3042 5427 3102 5480 τὸ
3131 5426 3418 5496 φιλόκαλον
3448 5427 3558 5480 ἀπὸ
3581 5426 3678 5494 τῆς

2107 5511 2382 5582 μελίττης,
2417 5509 2510 5562 καὶ
2556 5508 2618 5561 τὸ
2653 5509 2984 5573 κοινωνικὸν,
3030 5509 3280 5580 καθάπερ
3325 5511 3361 5578 ή
3405 5507 3679 5581 Παροιμία

2167 5657 2316 5728 aHic
2339 5656 2676 5728 οὶξερτγειιᾲιιε
2712 5661 2850 5728 vqcis
2875 5660 3260 5728 _p.eqa_z_99xa_09£§ew
3303 5672 3442 5728 usus,
3483 5659 3548 5728 (ge
3579 5667 3678 5720 quo

2104 5719 2435 5842 ἱοηέὗρῶειεὶε
2456 5726 2533 5772 est
2561 5741 2572 5770 :
2595 5723 2675 5772 hic
2699 5723 2829 5772 enim
2847 5719 3091 5785 signili'c'al
3111 5719 3261 5770 etiam
3281 5727 3470 5773 mutare
3493 5719 3544 5774 in
3567 5731 3678 5773 conv

2143 5796 2179 5837 ἰε
2320 5818 2330 5836 .
