4062 6208
384 283 482 338 281

383 396 692 461 demittunt,
715 409 876 464 quam
905 392 1131 448 humiles
1161 391 1309 454 fiunt,
1329 403 1482 458 quam
1508 387 1739 440 contrito
1758 378 1964 437 animo?

385 486 598 540 Etenim
626 484 720 554 qui
747 484 940 539 millies
964 483 1254 538 doctrinam
1281 479 1380 535 sibi
1407 476 1648 532 traditam
1669 475 1963 538 audierant,

386 590 486 632 nec
510 591 578 630 ex
607 590 671 631 ea
703 575 993 644 quidquam
1029 572 1415 635 lucrifecerant,
1446 584 1514 622 ex
1547 568 1636 622 illo
1663 564 1966 635 spectaculo

386 673 605 736 repente
633 664 1090 734 philosophantur,
1120 677 1275 732 quam
1303 661 1370 714 sit
1398 653 1512 713 vilis
1549 667 1603 712 et
1635 657 1834 712 caduca
1871 655 1968 709 hu.

386 771 543 810 mana
588 765 781 810 natura
831 753 1201 822 intelligentes,
1228 761 1281 806 et
1309 765 1466 820 quam
1497 748 1754 803 instabilis
1785 757 1837 800 et
1867 747 1965 800 im-

386 846 575 901 becilla
606 845 674 900 sit
701 859 887 900 eorum
913 842 1146 912 potentia
1170 884 1185 907 ,
1212 849 1266 897 et
1295 843 1346 895 in
1373 840 1557 895 alienis
1580 836 1968 894 calamitatibus

388 937 743 1006 praevidentes
769 951 886 990 eam
911 950 1030 1005 qua:
1057 934 1122 989 ad
1147 949 1204 990 se
1229 941 1431 1004 spectat
1458 930 1892 986 vicissitudinem.

456 1028 512 1082 2.
545 1027 692 1082 Mors
730 1028 868 1082 utilis
889 1042 907 1092 ,'
931 1041 1044 1096 quae
1063 1025 1220 1090 mala,
1243 1041 1354 1094 qua:
1381 1027 1509 1078 bona
1533 1027 1616 1078 sit.
1635 1053 1707 1064 —
1725 1022 1779 1079 Si
1825 1022 1966 1076 enim

387 1121 632 1188 quamvis
656 1119 724 1173 sit
741 1133 887 1173 mors
906 1117 1258 1189 exSpectanda
1275 1159 1287 1179 ,
1311 1124 1586 1171 esttamen
1608 1124 1810 1169 tantum
1832 1113 1970 1182 rapi-

389 1227 473 1265 nae
491 1251 507 1277 ,
532 1220 738 1264 tantum
758 1210 989 1264 avaritia:
1006 1249 1020 1273 ,
1045 1219 1100 1266 et
1126 1223 1230 1262 non
1259 1222 1412 1263 sec-ts
1434 1221 1495 1262 ac
1520 1207 1716 1276 pisces,
1744 1205 1831 1275 qui
1848 1215 1970 1259 sunt

389 1303 748 1372 potentiores,
804 1301 1180 1356 imbecilliores
1230 1298 1536 1354 devorant:
1575 1297 1620 1352 si
1669 1311 1776 1352 non
1829 1303 1970 1349 esset

389 1409 568 1469 mors,
599 1408 708 1464 quo
737 1407 842 1447 non
889 1392 1233 1462 processisset
1268 1389 1525 1445 avaritia?
1565 1388 1620 1443 Si
1662 1387 1805 1444 enim
1847 1403 1967 1442 cum

390 1487 559 1540 sciant
585 1484 699 1539 fore
727 1492 785 1537 ut
817 1484 915 1549 iis,
957 1498 1076 1553 qua:
1103 1483 1405 1553 rapuerint,
1438 1497 1542 1536 non
1572 1481 1842 1544 fruantur,
1875 1478 1969 1534 sed

389 1576 555 1632 velint
580 1575 751 1630 nolint
776 1575 842 1629 iis
861 1575 967 1628 sint
990 1573 1192 1630 cessuri
1215 1574 1336 1628 aliis
1357 1614 1372 1638 ,
1403 1583 1547 1627 tanto
1572 1579 1693 1626 sunt
1719 1571 1894 1626 furore
1915 1578 1971 1625 et

395 1666 538 1720 rabie
567 1665 753 1736 perciti
779 1681 792 1718 :
827 1663 871 1718 si
897 1679 960 1720 ea
988 1673 1101 1719 tuto
1127 1664 1494 1733 possiderent,
1525 1661 1737 1732 quando
1765 1662 1967 1716 exstin-

391 1767 639 1827 gueretttr
665 1771 850 1811 eorum
881 1755 1117 1824 improba
1145 1753 1442 1824 cupiditas?
1467 1753 1592 1822 quid
1621 1753 1786 1807 vero?
1823 1768 1967 1806 mar-

395 1847 512 1917 tyrii
533 1860 748 1900 corona:
769 1859 945 1900 nonne
967 1859 1058 1914 per
1078 1853 1300 1898 mortem
1328 1843 1608 1898 texuntur?
1632 1843 1766 1910 Quid
1789 1852 1967 1897 autem

395 1938 582 1993 Paulus
598 1937 624 1991 ?
647 1953 825 1991 annon
853 1937 1126 1992 innumera
1149 1939 1318 1990 erexit
1343 1945 1559 2006 tropaea,
1586 1935 1767 1990 dicens
1795 1954 1806 1987 :
1830 1935 1969 1999 Quo-

394 2032 510 2085 tidie
536 2031 725 2084 morior
754 2045 843 2100 per
867 2038 1074 2084 vestram
1103 2029 1449 2100 gloriationem
1476 2029 1553 2094 (1.
1580 2027 1697 2082 Cor.
1732 2029 1817 2083 15.
1839 2026 1968 2098 '51)?

395 2120 506 2174 Non
527 2119 668 2175 enim
692 2133 837 2174 mors
857 2119 994 2173 mala
1013 2128 1128 2186 est,
1155 2117 1248 2173 sed
1272 2119 1406 2172 mala
1423 2125 1506 2174 est
1523 2132 1668 2172 mors
1694 2117 1921 2186 pessima
1951 2135 1964 2170 :

394 2223 445 2267 et
471 2212 589 2266 ideo
614 2212 742 2266 dicit
765 2229 778 2265 :
801 2210 1035 2265 Pretiosa
1061 2221 1130 2265 est
1156 2225 1326 2264 coram
1357 2209 1574 2264 Domino
1605 2226 1738 2263 mors
1759 2219 1967 2262 sancto-

393 2319 505 2356 rum
530 2304 639 2373 ejus
666 2301 838 2373 (Psal.
869 2301 991 2356 “5.
1023 2302 1128 2368 15).
1161 2301 1297 2356 Alibi
1325 2311 1503 2355 autem
1531 2317 1544 2352 :
1577 2300 1718 2353 Mors
1738 2310 1968 2368 peccato-

393 2412 502 2449 rum
526 2397 743 2465 pessima
771 2393 942 2465 (Psal.
971 2394 1056 2448 55.
1085 2391 1177 2461 22)
1204 2409 1216 2446 z
1252 2392 1351 2448 hoc
1378 2393 1560 2448 dicens
1591 2393 1816 2458 malum,
1846 2407 1968 2447 cum

395 2489 526 2543 mala
555 2487 809 2544 recedere
837 2487 1157 2542 conscientia
1183 2527 1197 2550 ,
1227 2495 1284 2541 et
1311 2486 1489 2541 multis
1516 2495 1851 2554 peccatorum
1871 2501 1968 2540 cu-

394 2580 468 2634 ris
492 2587 743 2634 onustum
790 2587 844 2633 et
869 2587 1164 2648 gravatum.
1198 2579 1267 2632 At
1292 2579 1381 2648 qui
1427 2593 1611 2647 puram
1641 2577 1800 2630 habet
1843 2591 1970 2631 con-

392 2671 668 2725 scientiam
687 2711 704 2736 ,
734 2669 780 2724 is
819 2670 982 2724 currit
1007 2667 1072 2722 ad
1096 2669 1332 2738 prmmia,
1358 2669 1423 2724 ad
1449 2683 1699 2724 coronam
1728 2668 1858 2723 abit.
1903 2668 1970 2723 Et

393 2772 447 2814 ut
475 2763 614 2816 scias
643 2775 750 2815 non
781 2775 953 2814 rerum
984 2769 1254 2826 naturam,
1301 2759 1393 2815 sed
1421 2769 1652 2816 mentem
1696 2759 1970 2815 hominum

394 2853 558 2922 ipsam
585 2852 688 2906 sibi
729 2867 912 2907 creare
953 2852 1234 2906 tumultum
1259 2862 1313 2908 et
1340 2852 1815 2922 perturbationem,
1846 2851 1971 2908 audi

392 2942 660 3012 quomodo
690 2943 882 2998 Paulus
913 2945 1011 2998 hoc
1041 2944 1293 3013 inquirit,
1323 2959 1465 2998 nunc
1505 2943 1717 3014 quidem
1747 2943 1966 2998 dicens:

395 3036 593 3091 Etenim
641 3037 729 3106 qui
757 3053 927 3090 sumus
955 3038 1006 3090 in
1052 3038 1144 3091 Itoc
1173 3037 1523 3102 tabernaculo,
1562 3037 1930 3108 ingemiscimus
1951 3078 1968 3105 ,

393 3127 715 3198 adoptionem
738 3135 1106 3196 exspectantes,
1132 3128 1522 3197 redemptionem
1547 3129 1772 3197 corporis
1811 3129 1968 3183 nostri

397 3220 474 3287 (2.
497 3219 616 3274 Cor.
639 3220 692 3276 5.
737 3220 791 3274 4.
822 3218 973 3274 Rom.
1017 3221 1069 3275 8.
1097 3220 1226 3290 23);
1268 3237 1407 3276 nunc
1453 3233 1629 3276 autem
1658 3222 1758 3278 hoc
1797 3226 1969 3292 ipsum

402 3309 526 3364 alibi
551 3309 848 3379 signiﬁcans
873 3327 886 3364 :
921 3309 1026 3366 Sed
1044 3320 1091 3364 et
1119 3312 1163 3365 si
1189 3311 1420 3366 immoler
1444 3322 1648 3384 propter
1670 3314 1972 3382 sacri/icium

397 3411 444 3456 et
471 3401 796 3456 ministerium
824 3401 944 3471 ﬁdei
971 3411 1146 3457 vestrae
1163 3444 1177 3468 ,
1199 3403 1394 3474 gaudeo
1423 3414 1468 3458 et
1491 3405 1815 3476 congratulor
1836 3406 1972 3459 vobis

395 3492 643 3547 omnibus.
674 3491 863 3546 Itidem
887 3501 932 3546 et
960 3507 1044 3548 vos
1062 3494 1301 3564 gaudete,
1333 3504 1378 3550 et
1407 3496 1528 3548 milii
1554 3496 1973 3568 congratulamini

399 3582 657 3654 (Philipp.
685 3582 741 3638 2.
770 3585 858 3638 17.
889 3582 998 3655 18).
1016 3583 1165 3654 Quod
1195 3586 1238 3638 si
1271 3601 1414 3642 mors
1439 3602 1543 3642 non
1576 3587 1732 3642 modo
1758 3603 1862 3642 non
1891 3595 1974 3643 est

395 3674 570 3742 gravis
587 3714 604 3740 ,
631 3672 726 3728 sed
749 3673 906 3728 etiam
934 3674 1162 3744 optanda
1189 3675 1254 3730 iis
1279 3675 1366 3746 qui
1394 3687 1537 3732 recte
1563 3677 1774 3743 vivunt,
1805 3678 1972 3734 multo

402 3765 570 3837 magis
597 3775 880 3837 paupertas
907 3775 962 3823 et
981 3767 1084 3822 alia
1113 3768 1311 3822 omnia.
1334 3767 1598 3840 Exquisita
1623 3770 1675 3824 in
1695 3787 1866 3825 omnes
1887 3787 1971 3825 vo-

398 3858 614 3912 luntates
639 3859 766 3924 eius.
791 3858 935 3914 Alius
953 3898 970 3924 ,
996 3859 1266 3913 Accurata.
1291 3859 1386 3915 llic
1406 3860 1533 3914 mihi
1562 3861 1773 3916 videtur
1793 3861 1973 3918 dicere

397 3947 463 4003 de
504 3948 798 4015 creaturis,
842 3949 1137 4019 przedieans
1186 3951 1276 4004 Dei
1325 3951 1678 4021 sapientiam:
1729 3953 1972 4023 superius

397 4046 572 4093 autem
601 4038 734 4094 dixit
760 4055 918 4109 opera
950 4039 1184 4111 (etiamsi
1215 4057 1341 4106 nos,
1371 4052 1588 4112 propter
1613 4057 1706 4098 eos
1730 4045 1818 4114 qui
1851 4052 1975 4099 sunt

399 4128 575 4197 pusilli
606 4138 660 4183 et
688 4129 876 4198 abjecti
907 4131 1101 4198 animi,
1133 4131 1295 4186 alium
1323 4146 1535 4202 quoque
1559 4147 1774 4188 sensum
1804 4134 1857 4189 in
1889 4133 1973 4188 his

397 4218 722 4290 attigimus),
749 4219 1004 4291 prodigia,
1023 4221 1275 4278 miracula
1304 4237 1422 4292 qua
1443 4238 1584 4294 saepe
1609 4225 1855 4295 perfecit,
1879 4225 1976 4281 bo-

398 4313 597 4368 minum
623 4329 791 4385 genus
813 4313 1207 4372 administrans.
1237 4317 1373 4385 Quid
1392 4326 1473 4374 est
1492 4326 1690 4385 autem,
1710 4319 1974 4391 Exquisita

397 4404 448 4457 in
473 4420 644 4459 omnes
675 4405 950 4462 voluntates
985 4408 1136 4472 eius?
1154 4409 1422 4476 Accurata,
1444 4409 1630 4480 inquit,
1658 4411 1793 4468 sicut
1811 4413 1971 4468 etiam

397 4495 527 4550 alius
542 4494 672 4551 dicit
688 4496 965 4567 interpres,
983 4508 1294 4569 prteparata,
1317 4500 1566 4571 perfecta,
1585 4501 1844 4573 absoluta,
1865 4505 1975 4560 suf-

398 4585 623 4642 ﬁcientia
647 4586 713 4641 ad
739 4587 854 4657 ejus
877 4587 1169 4645 faciendam
1195 4591 1538 4660 voluntatem,
1556 4609 1676 4664 quae
1695 4596 1823 4651 satis
1850 4605 1974 4652 sunt

395 4677 458 4732 ad
499 4678 617 4748 ejus
651 4679 949 4735 testandam
985 4683 1270 4751 potentiam
1292 4724 1308 4751 ,
1352 4701 1470 4755 quae
1515 4702 1614 4742 nec
1650 4687 1969 4754 claudieant,

396 4786 494 4826 nec
518 4785 708 4825 manca
738 4781 863 4826 sunt
889 4772 954 4828 ad
983 4772 1130 4844 jussa
1155 4775 1271 4846 ejus
1295 4777 1620 4848 peragenda,
1650 4781 1787 4834 sicut
1809 4782 1970 4836 etiam

397 4854 522 4909 dicit
540 4855 669 4910 alibi
693 4873 706 4908 :
739 4853 882 4927 Ignis
902 4897 919 4923 ,
949 4859 1143 4927 grando
1163 4900 1178 4924 ,
1212 4862 1302 4914 nia:
1325 4903 1339 4926 ,
1369 4863 1554 4933 glacies
1573 4905 1587 4927 ,
1619 4865 1826 4934 spiritus
1855 4883 1974 4937 pro-

397 4949 634 5002 cellarum
659 4964 774 5019 qua:
799 4950 990 5020 faciunt
1019 4952 1216 5006 verbum
1247 4955 1356 5024 ejus
1385 4954 1557 5024 (Psal.
1592 4957 1711 5013 “8.
1743 4957 1800 5029 8)
1825 4977 1840 5023 ;
1871 4959 1972 5014 hoc

395 5046 506 5105 est,
537 5037 787 5092 mandata
821 5038 957 5109 ejus.
986 5039 1057 5096 lta
1083 5043 1243 5099 etiam
1269 5043 1480 5100 dicebat
1506 5048 1759 5116 pr0pheta
1785 5067 1799 5104 :
1829 5048 1972 5104 Fecit

397 5129 567 5184 lunam
587 5132 639 5184 in
660 5139 887 5203 tempore
909 5147 928 5186 :
955 5133 1034 5187 sol
1061 5136 1290 5206 cognovit
1326 5153 1559 5193 occasum
1583 5157 1730 5194 suum
1755 5157 1773 5195 :
1801 5144 1973 5213 posui-

394 5222 454 5275 sti
476 5223 734 5289 tenebras,
763 5233 808 5278 ct
838 5225 975 5293 facta
1012 5235 1083 5280 est
1107 5243 1209 5282 nea:
1232 5226 1400 5298 (Psal.
1429 5229 1553 5287 105.
1595 5233 1678 5289 19.
1713 5232 1826 5301 20).
1856 5234 1971 5290 Non

395 5314 565 5368 solum
585 5329 649 5370 ea
676 5325 932 5386 peragunt
951 5316 1016 5372 ad
1039 5333 1155 5388 quae
1175 5321 1459 5376 constituta
1479 5333 1603 5378 sunt
1627 5341 1641 5389 ;
1663 5324 1757 5380 sed
1778 5325 1973 5381 etiam-

395 5402 438 5456 si
461 5402 682 5473 jusserit
707 5405 972 5460 contraria
992 5447 1008 5472 ,
1037 5405 1124 5463 hic
1149 5422 1357 5478 quoque
1383 5425 1571 5481 magna
1601 5421 1684 5468 est
1709 5415 1970 5472 obedien-

398 5493 483 5548 tia.
519 5494 690 5552 iussit
729 5497 893 5563 mari;
920 5507 977 5554 et
1001 5515 1104 5554 non
1138 5501 1308 5556 solum
1331 5519 1434 5558 non
1474 5505 1790 5576 submersit,
1824 5511 1974 5582 quod

394 5595 473 5640 est
500 5586 616 5654 ejus
645 5586 916 5657 proprium
953 5587 1181 5645 oflicium
1204 5632 1220 5657 ,
1250 5593 1346 5648 sed
1383 5595 1564 5653 stratis
1588 5598 1698 5653 suis
1724 5599 1968 5656 ﬂuctibus

397 5679 476 5736 vel
497 5689 646 5752 petra
663 5680 866 5737 firmius
886 5695 948 5738 ac
971 5682 1230 5757 stabilius,
1256 5686 1458 5759 trajecit
1475 5691 1730 5763 p0pulum
1749 5691 1964 5752 ludam-

1618 5789 1630 5814 \

1506 269 1859 330 EXI‘OSITIO
1889 265 1951 321 IN
1993 261 2316 321 PSALSWM
2344 264 2456 320 CX.

3550 272 3654 324 25?.

2074 395 2190 434 rum
2239 379 2436 449 (Exod.
2468 378 2552 432 11.
2579 378 2691 444 22).
2726 380 2934 434 Fornax
2975 397 3079 435 non
3103 382 3274 436 solum
3305 398 3407 436 non
3439 384 3655 448 urebat,

2072 470 2166 526 sed
2200 485 2375 525 rorem
2419 468 2576 524 etiam
2603 469 2870 538 prtebebat
2908 469 3206 526 sibilantem
3249 472 3408 541 (Dan.
3441 474 3494 528 5.
3541 473 3654 540 21).

2075 563 2226 618 Feras
2255 577 2360 618 non
2389 563 2560 617 solum
2592 576 2697 618 non
2723 561 3081 627 devorahant,
3115 563 3206 617 sed
3243 565 3406 618 .etiam
3450 564 3655 620 Danieli

2072 663 2228 709 erant
2277 654 2394 708 loco
2432 653 2720 708 satellitum
2761 650 2874 722 (Id.
2912 653 2963 707 5.
3013 652 3126 722 22).
3153 652 3313 707 Cetus
3345 670 3444 708 non
3479 655 3653 709 solum

2073 760 2178 799 non
2211 743 2530 809 devorabat,
2562 743 2658 798 sed
2685 743 2846 798 etiam
2873 744 3076 798 salvum
3107 746 3456 798 conservabat
3485 746 3654 814 depo-

2072 837 2230 891 situm
2257 835 2400 906 (Jan.
2431 832 2510 906 2).
2541 834 2705 889 Terra
2739 849 2844 888 non
2871 835 3040 889 solum
3073 849 3177 888 non
3203 835 3348 896 tulit.
3377 835 3470 888 sed
3494 835 3654 890 etiam

2073 927 2207 981 mari
2236 925 2602 980 vehementius
2627 925 2947 991 submersit,
2992 925 3205 996 quando
3245 938 3428 996 aperta
3457 938 3567 993 est,
3602 939 3657 982 et

2072 1017 2345 1073 devoravit
2384 1016 2586 1071 Dathan
2610 1059 2625 1083 ,
2675 1026 2728 1072 et
2767 1017 2942 1072 obruit
2988 1033 3148 1088 super
3189 1018 3654 1088 congregationem

2073 1109 2272 1163 Abiron
2304 1107 2504 1180 (Num.
2540 1108 2626 1163 16.
2654 1107 2756 1176 52)
2787 1126 2798 1160 :
2827 1118 2878 1163 et
2911 1109 3073 1162 multa
3102 1109 3360 1178 ejusmodi
3390 1109 3492 1164 alia
3525 1125 3652 1179 pro-

2073 1200 2213 1271 digia
2256 1201 2310 1255 in
2349 1199 2508 1256 rebus
2545 1201 2740 1256 creatis
2770 1201 2933 1256 videri
2975 1209 3223 1272 possunt;
3263 1211 3322 1256 ut
3361 1202 3532 1258 sciant
3564 1204 3654 1272 qui

2074 1293 2228 1349 valde
2254 1293 2538 1364 desipiunt,
2558 1302 2610 1348 et
2636 1301 2875 1348 naturam
2895 1297 2948 1350 in
2979 1295 3114 1349 Deos
3143 1293 3397 1357 referunt,
3430 1310 3518 1350 res
3546 1312 3653 1350 non

2073 1387 2156 1456 agi
2183 1401 2276 1457 per
2304 1395 2506 1441 natura:
2531 1385 2897 1456 tyrannidem,
2941 1385 3033 1440 sed
3075 1386 3166 1441 Dei
3191 1386 3445 1441 voluntati
3473 1392 3654 1441 omnia

2073 1477 2262 1533 cedere
2287 1487 2341 1533 et
2362 1477 2749 1548 obtemperare.
2778 1479 2849 1532 Ea
2867 1479 3006 1534 enim
3033 1489 3116 1534 est
3134 1485 3334 1534 natura:
3355 1479 3529 1550 opifex
3549 1521 3562 1543 ,
3601 1489 3656 1534 et

2075 1579 2230 1638 prout
2257 1570 2354 1639 ipsi
2383 1569 2622 1636 videtur,
2651 1570 2826 1622 omnia
2857 1585 3204 1640 quaecumque
3229 1581 3354 1626 sunt
3376 1572 3650 1636 immutat,

2073 1676 2214 1715 nime
2239 1660 2451 1730 quidem
2471 1661 2766 1716 immobiles
2790 1676 2972 1716 eorum
2999 1663 3131 1717 lines
3148 1676 3490 1728 conservans,
3513 1678 3656 1716 nunc

2071 1761 2268 1817 autem,
2309 1767 2429 1807 cum
2463 1752 2708 1816 voluerit,
2727 1766 2821 1807 eos
2844 1751 2995 1808 facile
3013 1755 3337 1819 convellens,
3362 1763 3417 1808 et
3441 1763 3652 1808 mutatis

2071 1843 2125 1897 in
2153 1841 2496 1897 contrarium.
2527 1840 2792 1912 Exquisita
2812 1842 2863 1896 in
2889 1860 3058 1898 omnes
3099 1845 3374 1899 voluntates
3413 1847 3539 1916 ejus.
3573 1847 3650 1897 Ad

2074 1943 2333 2003 praecepta
2351 1933 2484 2002 ejus,
2508 1933 2697 2002 inquit,
2723 1933 2789 1988 ad
2806 1934 3052 1990 mandata
3068 1935 3182 2004 ejus
3202 1954 3214 1989 :
3237 1951 3340 1990 non
3358 1938 3526 1990 solum
3551 1953 3618 1989 an
3631 1965 3650 1974 ι

2074 2035 2178 2081 tem
2195 2027 2260 2081 ad
2284 2035 2546 2096 praecepta
2568 2027 2702 2097 ejus,
2717 2028 2810 2084 sed
2831 2039 2886 2084 ut
2909 2029 3020 2100 ipse
3043 2030 3200 2084 etiam
3219 2040 3567 2099 cognoscatur
3584 2032 3652 2084 ab

2067 2117 2375 2174 hominibus
2394 2159 2410 2185 ,
2439 2134 2557 2189 qua:
2581 2118 2792 2188 quidem
2814 2129 2898 2176 est
2923 2121 3224 2190 principalis
3247 2121 3362 2189 ejns
3383 2122 3648 2186 voluntas,

2071 2219 2124 2264 et
2145 2218 2361 2280 propter
2384 2225 2542 2279 quam
2571 2209 2687 2265 haec
2711 2211 2940 2267 maxime
2967 2212 3106 2268 fecit.
3136 2213 3288 2280 Quod
3320 2213 3495 2282 itaque
3523 2213 3651 2267 dicit

2072 2301 2328 2372 propheta
2349 2343 2363 2368 ,
2394 2310 2478 2357 est
2517 2302 2776 2372 ejusmodi
2805 2321 2817 2356 :
2855 2304 2989 2358 adeo
3028 2303 3261 2374 perfecta
3303 2316 3424 2358 sunt
3451 2345 3467 2371 ,
3501 2314 3556 2358 ut
3588 2305 3651 2358 iis

2072 2391 2161 2462 qui
2187 2393 2468 2448 attendunt
2503 2401 2555 2448 et
2585 2394 2829 2463 sapiunt,
2874 2393 3346 2465 perfectissimam,
3377 2395 3651 2463 apertissi-

2073 2501 2247 2553 mam,
2279 2495 2334 2541 et
2359 2486 2804 2543 evidentissimam
2853 2487 2942 2542 Dei
2982 2488 3334 2557 cognitionem
3378 2487 3648 2542 hominum

2073 2577 2234 2631 menti
2276 2576 2517 2632 afferant.
2549 2577 2630 2631 Ad
2661 2579 2797 2632 hanc
2819 2578 2960 2632 enim
2992 2579 3109 2648 ejus
3138 2577 3460 2634 voluntatem
3489 2594 3550 2632 ea
3583 2581 3650 2632 ab

2073 2667 2225 2723 initio
2246 2668 2312 2724 ab
2333 2669 2447 2738 ipso
2468 2669 2698 2724 maxime
2716 2671 2999 2725 constituta
3022 2679 3166 2736 sunt,
3190 2679 3247 2726 ut
3263 2669 3646 2740 magnitudine,

2073 2759 2494 2832 pulchritudine,
2525 2761 2796 2832 positura,
2837 2764 3182 2832 operatione,
3229 2763 3548 2831 ministerio,
3597 2773 3648 2817 et

2072 2851 2191 2906 aliis
2212 2851 2456 2907 omnibus
2479 2851 2712 2906 animum
2737 2853 3048 2923 Spectatoris
3073 2862 3432 2908 commoveret
3455 2895 3468 2918 ,
3503 2869 3652 2908 men-

2075 2952 2288 3015 temque
2327 2952 2382 2999 et
2433 2943 2832 3015 intelligentiam
2887 2945 3152 3000 excitaret
3197 2944 3263 2999 ad
3309 2945 3551 3013 opilieem
3599 2954 3654 2999 et

2075 3036 2564 3108 praestantissimum
2616 3037 2872 3092 artificem
2923 3036 3086 3092 Deum
3143 3035 3547 3108 inquirendum,
3598 3046 3651 3089 et

2073 3129 2400 3186 adorandum
2421 3145 2540 3186 eum
2567 3129 2657 3201 qui
2679 3130 2767 3185 illa
2793 3129 2978 3186 fecerit
2995 3173 3010 3197 ,
3034 3138 3088 3184 et
3116 3140 3174 3184 ut
3200 3131 3504 3185 universum
3531 3145 3651 3184 cor-

2073 3236 2173 3292 pus
2201 3221 2359 3277 totius
2389 3230 2646 3277 creaturte
2667 3231 2811 3276 esset
2837 3221 2885 3276 ei
2916 3236 3008 3290 pro
3033 3219 3182 3276 libris
3201 3229 3255 3276 et
3283 3220 3472 3276 literis.

2143 3315 2197 3370 5.
2231 3313 2595 3386 Contemplatio
2611 3325 2954 3368 creaturarum
2976 3313 3134 3368 utilis.
3153 3343 3224 3354 -
3239 3313 3350 3368 Non
3372 3314 3542 3368 solum
3560 3328 3652 3367 an-

2079 3417 2183 3462 tem
2207 3405 2274 3460 ad
2293 3405 2386 3460 Dei
2407 3404 2785 3475 cognitionem,
2809 3405 2900 3458 sed
2927 3405 3086 3459 etiam
3109 3403 3172 3458 ad
3198 3404 3320 3458 vitae
3345 3413 3540 3458 nostra:
3567 3403 3651 3458 in-

2073 3497 2400 3554 stitutionem
2421 3538 2436 3564 ,
2473 3496 2758 3552 maximam
2784 3495 3010 3551 alierum
3041 3495 3338 3550 doctrinam
3368 3505 3648 3551 creaturae.

2073 3588 2206 3645 Nam
2235 3598 2290 3645 et
2314 3604 2506 3644 avarus
2535 3599 2816 3659 postquam
2859 3587 3052 3643 viderit
3091 3587 3232 3643 diem
3275 3587 3415 3644 nocti
3455 3589 3652 3644 ceden-

2076 3687 2206 3748 tem,
2234 3687 2290 3735 et
2312 3679 2478 3734 solem
2523 3679 2684 3748 lunae,
2725 3680 3055 3735 reverebitur
3084 3680 3467 3735 elementorum
3506 3679 3654 3734 ordi-

2074 3785 2196 3825 nem
2222 3787 2237 3824 :
2265 3779 2321 3826 et
2344 3771 2389 3825 si
2414 3770 2486 3824 sit
2510 3771 2798 3840 potentior,
2826 3785 2912 3825 res
2940 3769 3246 3826 inferiorum
3274 3771 3491 3825 minimc
3519 3786 3652 3827 con-

2074 3860 2348 3932 cupiscet;
2379 3869 2436 3917 et
2463 3860 2672 3916 adulter
2696 3869 2752 3916 et
2777 3861 3130 3926 incontinens,
3154 3873 3434 3932 postquam
3463 3862 3656 3916 viderit

2076 3965 2225 4008 mare
2252 3951 2452 4015 furere,
2479 3950 2674 4006 deinde
2699 3950 2955 4005 refrenari
2983 3959 3036 4006 et
3076 3953 3338 4006 contineri
3381 3967 3411 4007 a
3461 3951 3652 4006 littori-

2074 4044 2176 4099 bus
2203 4059 2217 4098 :
2249 4042 2588 4098 insolentium
2615 4056 2871 4111 aquarum
2903 4044 3162 4098 reveritus
3206 4034 3648 4110 moderationem,

2077 4135 2273 4206 poterit
2312 4132 2558 4190 celeriter
2605 4133 2957 4202 comprimere
3001 4134 3442 4188 intumescentem
3499 4148 3650 4188 suam

2075 4226 2440 4298 cupiditatem,
2473 4235 2523 4281 et
2552 4225 2752 4280 Christi
2781 4233 2927 4281 metu
2954 4234 3221 4295 tamquam
3250 4224 3405 4281 freno
3431 4225 3646 4295 injecto,

2075 4332 2144 4374 ne
2169 4317 2394 4373 ulterius
2435 4315 2823 4386 progrediatur,
2863 4315 3120 4386 impetum
3157 4329 3427 4382 coercere,
3458 4325 3513 4371 et
3553 4315 3652 4370 im-

2078 4395 2252 4481 pudici
2285 4408 2442 4479 hujus
2464 4408 2714 4464 desiderii
2747 4421 2988 4478 Spumam
3014 4421 3226 4462 omnem
3251 4406 3573 4478 abstergere,
3597 4415 3654 4462 et

2075 4501 2142 4557 ad
2171 4501 2572 4571 temperantiam
2611 4500 2888 4556 reducere.
2913 4499 3029 4554 iam
3053 4515 3180 4554 vero
3209 4499 3273 4554 ad
3298 4510 3492 4556 terram
3513 4515 3649 4571 quo-

2076 4607 2178 4664 que
2202 4593 2514 4663 respiciens,
2547 4591 2741 4662 poterit
2767 4591 2922 4647 facile
2958 4591 3324 4662 philosophari
3362 4591 3430 4646 de
3467 4606 3650 4646 resur-

2075 4686 2332 4752 rectione,
2369 4693 2424 4740 et
2454 4683 2597 4755 quod
2639 4683 2706 4739 de
2749 4697 2812 4739 ea
2856 4683 3047 4739 dicitur
3089 4685 3380 4754 suscipere.
3429 4683 3654 4752 Quando

2075 4779 2218 4834 enim
2249 4776 2434 4831 viderit
2465 4786 2660 4831 terram
2689 4775 2936 4846 excipere
2973 4775 3200 4831 solidum
3240 4777 3487 4832 frumenti
3527 4793 3650 4848 gra-

2077 4883 2238 4934 num,
2283 4866 2476 4922 deinde
2529 4867 2674 4936 prius
2721 4866 3046 4934 dissolvere,
3096 4875 3150 4923 et
3191 4867 3551 4937 putrefacere,
3600 4877 3654 4923 et

2075 4959 2243 5013 multo
2267 4958 2486 5012 meliora
2515 4971 2702 5026 parere
2736 4972 2750 5009 :
2779 4959 2992 5028 quando
3017 4958 3209 5013 viderit
3234 4961 3444 5014 vineam
3475 4957 3654 5011 hieme

2077 5047 2241 5115 foliis,
2283 5057 2338 5102 et
2377 5047 2663 5118 pampinis,
2710 5058 2766 5104 et
2808 5049 2975 5104 botris
3025 5049 3305 5116 nudatam,
3351 5050 3654 5118 lignumque

2077 5139 2251 5211 ipsum
2279 5139 2506 5205 aridum,
2547 5139 2684 5195 sicut
2725 5155 2845 5196 ossa
2891 5141 3058 5204 arida,
3101 5140 3294 5195 deinde
3335 5139 3653 5195 adventante

2075 5245 2202 5288 vere
2229 5245 2443 5286 omnem
2481 5245 2631 5287 suam
2659 5232 2899 5303 recipere
2925 5231 3158 5302 speciem
3188 5245 3203 5285 :
3247 5231 3300 5284 in
3339 5229 3652 5300 corporibus

2079 5325 2375 5395 plantarum
2403 5332 2457 5380 et
2483 5327 2774 5391 seminum,
2803 5340 2920 5394 quae
2947 5333 3233 5394 resurgunt
3257 5333 3535 5393 postquam
3565 5322 3650 5378 in-

2080 5423 2336 5482 tertennt,
2361 5413 2556 5485 poterit
2590 5414 2660 5470 de
2686 5429 2779 5469 sua
2806 5430 3015 5486 quoque
3056 5429 3217 5470 carne
3263 5414 3649 5484 philosOphari.

2073 5506 2288 5566 Rursus
2313 5517 2492 5566 autem
2521 5509 2846 5580 diligentiam
2887 5518 2942 5565 et
2978 5509 3176 5566 laboris
3219 5509 3449 5564 studium
3485 5509 3652 5566 discet

2076 5615 2104 5653 a
2135 5599 2371 5669 formica,
2413 5601 2481 5656 ab
2513 5615 2615 5674 ape
2647 5609 2822 5656 autem
2872 5600 3079 5657 honesti
3125 5615 3388 5664 amorem,
3430 5600 3652 5656 societa-

2080 5703 2315 5768 temque,
2345 5705 2400 5753 et
2430 5695 2570 5753 inter
2613 5709 2674 5753 se
2715 5695 3162 5764 communionem,
3199 5695 3334 5754 sicut
3368 5695 3496 5750 dicit
3526 5696 3648 5750 Pro-
