4062 6208
462 286 570 342 εδδ

461 403 700 457 verbium
735 421 752 458 :
790 400 930 457 Vade
959 403 1030 457 ad
1057 405 1342 476 formicam,
1375 421 1404 457 ο
1435 405 1596 473 piger,
1630 411 1676 455 et
1704 401 1900 454 imitare
1939 401 2042 454 vias

460 497 588 562 eius,
617 506 664 550 et
691 498 761 552 sis
789 498 880 552 illa
909 497 1205 567 sapientior.
1251 496 1377 552 Cum
1426 498 1556 550 enim
1585 495 1663 548 illi
1693 511 1792 548 non
1835 493 1898 547 sit
1927 509 2048 563 ager

464 604 604 656 quem
630 590 784 655 colat,
817 605 907 642 nec
954 589 1090 643 ullus
1121 605 1235 643 eam
1272 597 1440 659 cogat,
1483 603 1572 640 nec
1613 587 1677 640 sit
1716 587 1768 638 in
1808 596 2046 656 potestate

459 679 670 742 domini,
719 691 866 749 parat
895 690 1066 734 testate
1104 682 1421 742 alimentum,
1452 690 1500 734 et
1529 680 1580 733 in
1616 689 1840 748 tempore
1873 680 2046 733 messis

408 839 410 841 g
458 784 698 840 magnum
738 771 862 842 facit
889 787 1140 825 acervum.
1206 770 1294 824 Vel
1339 770 1464 824 vade
1501 770 1569 823 ad
1614 785 1781 840 apem,
1820 779 1869 822 et
1911 769 2047 822 disce

461 863 594 924 quod
623 864 689 916 sit
734 865 988 934 operaria,
1040 867 1185 933 cujus
1233 862 1431 917 labores
1474 879 1615 933 reges
1659 870 1706 915 et
1753 862 1932 931 privati
1978 863 2046 915 ad

456 955 726 1008 sanitatem
757 953 996 1021 offerunt.
1029 954 1181 1023 Atqui
1223 953 1340 1007 licet
1368 953 1432 1007 sit
1461 951 1714 1006 imbecilla
1743 953 1954 1018 viribus,
1991 961 2046 1006 ut

455 1060 572 1109 qua:
596 1047 904 1115 sapientiam
933 1045 1216 1108 honorarit,
1244 1054 1476 1115 provecta
1499 1053 1572 1097 est
1598 1042 1780 1115 (Prov.
1811 1043 1863 1098 6.
1897 1043 2041 1113 6-8).

460 1135 576 1206 ipsa
605 1136 746 1189 enim
785 1136 900 1204 apis
940 1149 1124 1190 rursus
1167 1143 1340 1190 tecum
1380 1143 1521 1204 aget,
1571 1149 1639 1190 ne
1684 1133 2042 1204 nequidquam

459 1225 907 1294 pulchri-tudinem
957 1242 1242 1298 corporum
1297 1226 1611 1293 admireris,
1669 1227 1882 1296 quando
1938 1243 2043 1282 non

457 1318 610 1377 adest
637 1319 806 1374 virtus
848 1320 1042 1374 anima:
1086 1337 1099 1372 :
1145 1335 1245 1375 nec
1287 1318 1679 1375 deformitatem
1728 1319 2038 1389 vilipendas,

457 1409 672 1480 quando
702 1409 860 1466 fuerit
890 1411 1108 1481 pulchre
1156 1422 1375 1466 ornatus
1415 1411 1645 1466 animus.
1681 1412 1830 1480 Quod
1872 1412 2042 1481 ipsum

456 1518 674 1574 quoque
717 1503 1027 1574 signiﬁcans
1069 1503 1280 1558 dicebat
1318 1501 1692 1558 Parosmiastes
1734 1520 1747 1556 :
1784 1501 1954 1556 Parua
1991 1504 2044 1558 in

456 1597 741 1651 volucribus
767 1597 900 1666 apis,
933 1605 980 1650 et
1007 1597 1311 1666 principium
1339 1595 1660 1649 dulcedinum
1697 1599 1891 1666 fructus
1934 1597 2045 1666 ejus

458 1688 648 1756 (Eccli.
673 1689 762 1742 Η.
791 1689 869 1758 5).
899 1688 1085 1758 Cogita
1115 1687 1244 1742 mihi
1270 1688 1533 1754 volucres,
1557 1696 1610 1741 et
1633 1702 1846 1742 omnem
1875 1687 2046 1758 philo-

458 1779 701 1849 sophiam
728 1794 794 1835 ex
834 1780 914 1834 eis
953 1779 1228 1848 suscipies.
1257 1777 1515 1846 Quocirca
1559 1777 1802 1833 Christus
1834 1793 2045 1850 quoque

457 1871 672 1926 diccbat
703 1889 716 1925 :
758 1871 1010 1942 Respicite
1038 1873 1262 1926 volucres
1288 1871 1422 1939 cteli,
1453 1886 1566 1941 qua:
1606 1887 1696 1925 nec
1734 1882 1925 1939 serunt,
1955 1889 2044 1927 nec

457 1974 670 2028 metunt,
704 1974 749 2017 et
775 1962 933 2016 Pater
960 1972 1120 2018 vester
1139 1962 1350 2017 ccclestis
1381 1977 1465 2016 eus
1487 1963 1580 2016 alit
1611 1961 1822 2032 (Matth.
1848 1963 1900 2018 6.
1928 1963 2040 2034 26).

459 2053 514 2108 Si
540 2055 682 2108 enim
705 2069 824 2124 qua:
850 2063 974 2107 sunt
1004 2053 1226 2110 rationis
1265 2053 1503 2122 expertia
1543 2067 1648 2107 non
1688 2063 1813 2108 sunt
1848 2053 1917 2108 de
1947 2055 2044 2108 ali-

459 2147 656 2201 mentis
687 2147 932 2211 sollic-ita,
963 2145 1230 2217 quomodo
1260 2154 1311 2200 te
1331 2145 1606 2211 defendes,
1634 2147 1721 2216 qui
1749 2161 1815 2201 ne
1842 2155 2042 2202 tantum

460 2237 682 2306 quidem
733 2237 974 2291 ostendis
1027 2252 1205 2292 rerum
1255 2238 1596 2306 praesentium
1644 2247 2040 2308 contemptum,

457 2336 712 2396 quantum
735 2327 898 2382 aves?
916 2326 1066 2393 Quod
1085 2327 1130 2380 si
1154 2327 1283 2381 velis
1299 2327 1456 2380 etiam
1481 2335 1727 2380 ornatum
1745 2327 2040 2398 despicere,

457 2419 729 2474 docebunt
762 2428 816 2474 te
860 2418 1020 2474 flores
1058 2417 1192 2490 agri,
1235 2433 1304 2472 ne
1349 2418 1402 2472 in
1453 2426 1507 2472 te
1541 2419 1781 2474 ornando
1823 2421 2041 2478 nimium

457 2509 618 2564 studii
646 2518 701 2565 et
717 2524 904 2580 opera:
933 2525 1122 2580 ponas.
1151 2508 1304 2576 Quod
1339 2509 1512 2580 ipsum
1555 2525 1766 2581 quoque
1801 2512 2043 2569 Christus

455 2601 762 2672 signiﬁcans
789 2601 1002 2658 dicebat
1041 2619 1054 2655 :
1088 2600 1344 2672 Respicite
1393 2602 1504 2656 lilia
1545 2603 1676 2673 agri,
1718 2619 1874 2674 neque
1902 2615 2038 2671 nent,

455 2707 617 2761 neque
645 2691 898 2746 laborant.
932 2691 1090 2746 Amen
1115 2692 1228 2746 dico
1257 2691 1414 2759 vobis,
1441 2708 1533 2746 nec
1569 2692 1816 2749 Salomon
1843 2695 2042 2764 quidem

453 2783 757 2839 induebatur
781 2792 836 2840 stt
861 2801 1016 2838 unum
1047 2800 1110 2838 ex
1131 2785 1210 2839 his
1239 2784 1448 2856 (Matth.
1478 2784 1532 2840 6.
1563 2785 1618 2841 8.
1653 2785 1768 2857 9.9).
1790 2786 1924 2842 Cum
1945 2789 2044 2842 ita-

454 2891 562 2945 que
603 2877 832 2932 vesnum
877 2885 1126 2932 ornatum
1171 2893 1360 2933 curare
1405 2877 1658 2945 volueris,
1689 2881 1860 2950 cogita
1899 2883 2039 2950 quod

452 2974 941 3038 quantumcumque
967 2967 1327 3034 contenderis,
1373 2969 1474 3024 erit
1513 2984 1676 3039 penes
1723 2970 1923 3026 fmnum
1963 2973 2041 3027 vi-

453 3057 646 3123 ctoria,
677 3072 776 3112 nec
800 3058 1000 3128 poteris
1025 3073 1143 3112 cum
1177 3059 1266 3112 illo
1298 3067 1609 3114 concertare
1634 3075 1648 3113 :
1675 3067 1729 3115 et
1759 3060 1898 3118 hanc
1924 3077 2041 3117 ara-

455 3147 602 3204 tione
627 3148 854 3204 alienam
883 3149 1142 3204 insaniam
1175 3149 1489 3218 comprime.
1519 3149 1684 3205 Multa
1706 3167 1916 3223 quoque
1934 3155 2036 3208 alia

453 3239 804 3309 philosophiae
828 3239 1145 3296 documenta
1175 3249 1230 3294 et
1253 3256 1318 3294 ex
1342 3240 1528 3307 brutis,
1562 3249 1616 3296 et
1637 3256 1700 3295 ex
1724 3241 1964 3312 ﬁoribus,
1986 3255 2041 3302 et

452 3345 520 3385 ex
545 3331 836 3388 seminibus
863 3331 978 3400 capi
1004 3338 1247 3400 possunt.

529 3417 714 3473 Omnia
758 3436 912 3488 opera
949 3418 1048 3474 Dei
1085 3421 1365 3489 gratiarum
1397 3420 1648 3474 actionem
1693 3423 1911 3477 excitare
1937 3425 2041 3478 de»-

454 3511 677 3568 ικηιμ-
703 3512 755 3566 5.
789 3511 1046 3582 Confessio
1071 3521 1116 3565 et
1152 3512 1527 3583 magniﬁcentia
1573 3530 1700 3583 opus
1743 3517 1870 3584 ejus.
1930 3516 2041 3574 Hoc

455 3609 560 3667 est,
589 3601 1001 3671 unumquodque
1027 3617 1160 3673 Opus
1189 3602 1305 3671 ejus
1337 3619 1351 3656 :
1395 3619 1569 3673 neque
1595 3605 1737 3659 enim
1771 3605 1885 3660 lucc
1913 3607 2041 3663 dicit

453 3690 526 3746 de
551 3705 658 3747 uno
682 3706 866 3763 opere.
900 3693 1052 3748 Alius
1077 3703 1254 3748 autem
1300 3693 1564 3764 interpres
1587 3695 1720 3752 dixit
1750 3714 1763 3750 ε
1810 3695 1949 3754 Laus
1990 3710 2039 3755 et

455 3783 678 3855 dignitas
715 3786 941 3856 operatio
983 3788 1126 3856 ejus;
1172 3785 1258 3840 hic
1301 3802 1449 3852 vero,
1485 3787 1767 3861 Confessio,
1802 3791 1904 3846 hoc
1931 3803 2035 3860 est,

451 3876 740 3942 gratiarum
771 3877 911 3932 actio
935 3885 988 3932 et
1014 3879 1203 3948 gloria;
1236 3877 1663 3951 Unumquodque
1683 3883 1824 3938 enim
1851 3899 2038 3941 eorum

453 3984 574 4038 qua:
603 3969 848 4026 ridentur
876 3969 1092 4037 sufﬁcit,
1130 3981 1187 4026 ut
1225 3972 1520 4030 deducatur
1545 3986 1816 4044 spectator
1838 3979 1903 4034 ad
1943 3979 2040 4052 hy-

453 4077 698 4117 mnorum
725 4072 958 4130 cantum,
984 4063 1049 4118 ad
1080 4065 1312 4132 laudem,
1337 4066 1402 4120 ad
1428 4067 1892 4137 gloriﬁcationem.
1921 4072 2036 4128 Non

453 4153 572 4210 licet
605 4155 805 4224 dicere,
843 4156 1018 4224 Quare
1056 4157 1197 4214 hoc?
1225 4159 1290 4213 ad
1331 4160 1458 4230 quid
1502 4159 1642 4216 hoc?
1684 4162 1779 4219 sed
1807 4165 2040 4222 tenebrat

452 4254 505 4300 et
537 4243 671 4310 dies,
717 4244 884 4301 fames
923 4254 977 4302 et
1001 4247 1344 4315 abundantia,
1381 4249 1610 4306 solitudo
1639 4259 1693 4307 et
1722 4262 1861 4309 terra
1891 4255 2043 4310 inha-

451 4335 705 4403 bitahilis,
741 4347 884 4392 terra
915 4339 1124 4410 pinguis
1153 4341 1273 4395 laeta
1316 4351 1518 4411 segete,
1556 4344 1663 4398 vita
1697 4354 1751 4400 et
1779 4361 1944 4415 mors,
1987 4357 2042 4404 et

453 4443 804 4498 quaecumque
844 4429 1111 4496 videntur,
1143 4431 1207 4486 iis
1241 4432 1330 4501 qui
1361 4448 1422 4486 ea
1467 4434 1750 4505 diligenter
1773 4437 2036 4505 ediscunt,

453 4517 728 4574 sufﬁciunt
747 4519 814 4576 ad
839 4521 1180 4576 excitandum
1212 4538 1306 4577 eos
1339 4524 1406 4578 ad
1431 4527 1719 4594 gratiarum
1751 4527 2034 4585 actionem.

457 4611 572 4665 Hoc
603 4627 697 4679 per
728 4612 1014 4681 quemdam
1040 4614 1355 4685 prophetam
1387 4618 1530 4673 Deus
1559 4619 1865 4688 signiﬁcans
1905 4621 2041 4680 dice~

456 4701 566 4764 hat,
608 4703 864 4772 supplicia
896 4721 1099 4774 ponens
1130 4722 1224 4774 pro
1251 4707 1510 4762 beneﬁcio
1553 4728 1565 4764 :
1599 4710 1769 4764 Everti
1805 4729 1887 4766 eos
1914 4715 2040 4768 sicut

450 4792 620 4844 evertit
635 4791 768 4846 Deus
781 4794 1059 4850 Sodomam
1072 4807 1118 4850 et
1131 4797 1484 4862 Gomorrham,
1501 4803 1724 4870 percussi
1739 4819 1823 4857 eos
1839 4805 2041 4872 inflam-

451 4887 671 4941 matione
699 4897 746 4939 et
777 4887 948 4942 morbo
967 4890 1320 4959 regio(Amos.
1348 4892 1399 4946 4.
1425 4893 1508 4948 Η.
1536 4892 1614 4964 9).
1643 4895 1700 4948 Et
1732 4911 1917 4951 rursus
1948 4913 2040 4966 per

449 4977 614 5031 alium
638 4996 651 5032 :
669 4975 844 5032 Eduxi
857 4994 941 5033 eos
956 4995 983 5032 e
1002 4989 1135 5034 terra
1154 4980 1390 5053 Algypti,
1413 4993 1458 5036 et
1477 5001 1503 5038 e
1523 4985 1672 5039 domo
1688 4988 1938 5043 servitutis
1957 5006 2040 5044 eos

454 5068 643 5154 redemi
665 5067 745 5142 (ιι
751 5071 852 5123 ich.
876 5071 930 5126 6.
949 5069 1036 5144 b);
1059 5087 1339 5129 assumens
1363 5077 1617 5146 supplicia
1634 5078 1684 5132 in
1701 5078 2037 5135 beneﬁcium.

456 5160 529 5215 lta
561 5161 678 5218 hac
704 5163 863 5219 etiam
893 5181 906 5218 :
940 5180 1061 5220 nam
1103 5165 1218 5222 hzec
1243 5182 1454 5238 quoque
1486 5169 1744 5226 beneﬁcio
1781 5171 2036 5241 afﬁciunt,

454 5258 747 5326 corrigunt,
778 5255 1050 5323 erudiunt,
1081 5257 1364 5328 castigant,
1393 5259 1578 5315 vitium
1625 5272 1890 5318 resecant.
1934 5264 2040 5318 Ho-

452 5347 626 5403 mines
651 5349 793 5404 enim
817 5348 932 5404 haec
956 5349 1168 5419 quidem
1201 5349 1399 5405 faciunt
1422 5362 1479 5406 ut
1499 5351 1757 5408 beneﬁcio
1783 5354 2033 5418 afﬁciant,

455 5435 546 5490 illa
576 5451 705 5493 vero
731 5438 870 5509 quod
899 5440 1024 5494 odio
1054 5440 1284 5497 habeant
1312 5453 1362 5496 et
1392 5454 1706 5499 aversantur
1737 5466 1749 5499 :
1783 5445 1922 5500 Deus
1945 5462 2040 5500 au-

455 5534 566 5583 tem
615 5530 794 5584 omnia
838 5531 964 5586 facit
999 5532 1282 5590 dilectione
1337 5545 1550 5590 motus:
1591 5539 2036 5606 quemadmodum

457 5620 722 5681 beneﬁcio
742 5621 978 5677 afﬁciens
1005 5627 1176 5694 posuit
1215 5627 1263 5678 in
1281 5627 1546 5695 paradiso,
1572 5637 1624 5681 et
1640 5627 1902 5683 beneﬁcio
1925 5629 2040 5683 alii-

455 5713 610 5780 eieng
628 5711 786 5795 eiecit
809 5733 838 5772 ε
858 5716 1102 5787 paradiso
1133 5735 1143 5772 :
1179 5717 1436 5778 beneﬁcio
1463 5719 1702 5780 alliciens
1721 5718 1936 5782 immisit
1959 5722 2035 5779 di-

1175 290 1232 346 S.
1272 288 1552 345 JOANNIS
1588 285 2069 343 CHRYSOSTOMI‘
2104 285 2422 341 ARCHIEP.
2464 285 2997 344 CONSTANTINOP;
3633 290 3724 348 23-!

2159 400 2378 465 luvium,
2405 411 2460 456 et
2503 401 2760 458 beneﬁcio
2783 403 3023 459 afﬁcit-ns
3051 405 3103 458 in
3131 405 3361 459 Sodoma
3394 411 3540 459 illum
3565 405 3730 476 ignem

2151 488 2416 557 jaculatus
2453 501 2552 546 est.
2587 493 2654 546 Et
2687 493 2940 564 quidquid
2985 495 3183 552 dixeris
3228 497 3294 550 ab
3329 511 3398 551 eo
3440 505 3731 566 gestorum.

2156 583 2566 653 tuuimquodque
2594 585 2716 638 facit
2752 585 2819 640 ad
2859 585 3195 641 beneﬁcium.
3231 587 3498 643 Benehcto
3528 605 3733 659 quoque

2153 671 2411 738 afﬁciens,
2441 674 2740 742 gehennam
2767 677 2997 754 minatus
3019 689 3101 746 est
3129 695 3143 730 :
3171 688 3224 734 et
3246 680 3389 733 sicut
3414 689 3591 749 patres
3628 696 3731 736 non

2153 766 2327 820 solum
2359 765 2695 837 indulgentes
2725 768 2870 834 ﬁliis,
2903 769 3003 834 sed
3040 770 3198 824 etiam
3240 770 3608 832 verberantes.
3655 789 3734 841 pa-

2154 861 2262 910 tres
2284 866 2440 912 sunt:
2470 873 2571 913 nec
2597 861 2772 913 minus
2793 859 3156 924 verberantes,
3180 876 3336 930 quam
3361 861 3726 932 indulgentes:

2154 949 2225 1003 ita
2253 953 2413 1002 etiam
2441 949 2602 1004 Deus.
2629 948 2988 1016 Quamobrem
3017 951 3216 1006 Paulus
3243 967 3455 1022 quoque
3481 953 3688 1007 diccbat
3713 971 3727 1008 :

2157 1040 2282 1104 Quis
2310 1050 2382 1094 est
2411 1043 2541 1095 enim
2571 1043 2730 1111 ﬁlius,
2755 1059 2900 1112 quem
2924 1059 3025 1097 non
3050 1043 3262 1114 castigat
3278 1055 3421 1114 pater
3438 1044 3622 1115 (Hebr.
3644 1045 3724 1100 l2.

2155 1131 2247 1202 7)?
2276 1133 2343 1186 Et
2370 1131 2620 1188 Salomon
2656 1151 2669 1187 :
2701 1135 2858 1199 Quem
2892 1136 3026 1188 enim
3061 1135 3227 1204 diligit
3271 1135 3538 1202 Dominus,
3578 1139 3729 1191 casti-

2151 1232 2256 1292 gat,
2287 1222 2511 1294 flagellat
2537 1233 2704 1278 autem
2731 1241 2926 1279 omnem
2955 1226 3118 1294 lilium
3143 1242 3287 1294 quem
3327 1229 3528 1298 recipit.
3564 1227 3727 1282 Justi-

2151 1313 2228 1365 tia
2255 1315 2365 1383 ejus
2391 1324 2557 1370 manet
2585 1315 2639 1369 in
2666 1315 2908 1370 swculum
2930 1317 3105 1371 sa'culi
3133 1315 3315 1386 (Prov.
3344 1319 3397 1372 '5.
3430 1318 3542 1390 12).

2221 1404 2278 1457 4.
2321 1405 2432 1459 Hoc
2456 1405 2584 1460 mihi
2614 1406 2823 1462 videtur
2849 1407 2936 1462 hic
2957 1407 3138 1464 dicere
3167 1418 3383 1480 propter
3421 1425 3516 1465 eos
3543 1412 3630 1482 qui
3657 1411 3726 1467 oi-

2153 1493 2440 1550 fenduntur
2468 1513 2534 1552 ex
2568 1498 2730 1556 rebus
2757 1497 3014 1564 adversis,
3045 1514 3164 1569 quae
3203 1509 3398 1568 praater
3425 1515 3576 1570 spem
3614 1503 3729 1571 qui-

2150 1587 2372 1643 busdam
2422 1590 2696 1655 eveniunt,
2743 1590 3124 1661 propemodum
3166 1591 3246 1648 eis
3288 1591 3519 1648 suadens
3561 1602 3616 1649 et
3649 1595 3727 1649 di-

2151 1692 2280 1734 cens
2301 1695 2314 1733 :
2332 1679 2410 1735 Ne
2424 1681 2759 1736 conturbet-is
2771 1682 2815 1735 si
2841 1681 3018 1754 videas
3044 1682 3286 1739 homines
3305 1697 3401 1753 per
3410 1684 3722 1741 calumniam

2151 1771 2378 1832 delatos.
2402 1772 2664 1828 molestiis
2690 1772 2931 1836 allectos,
2955 1784 3008 1829 et
3034 1775 3177 1829 mala
3193 1773 3408 1846 indigne
3429 1778 3722 1846 patientes:

2149 1871 2330 1917 manet
2348 1862 2489 1918 enim
2518 1863 2878 1934 incorruptum
2899 1864 3176 1934 judicium,
3209 1875 3388 1921 manet
3413 1882 3544 1936 pura
3571 1878 3624 1922 et
3645 1870 3725 1922 iu-

2151 1961 2298 2025 tegra
2327 1955 2614 2022 sententia,
2657 1969 2779 2024 qua:
2814 1970 2912 2026 pro
2941 1956 3146 2012 meritis
3193 1956 3477 2028 unicuique
3525 1958 3723 2015 tribuit.

2150 2045 2304 2114 Quod
2330 2047 2375 2103 si
2396 2062 2514 2102 eam
2541 2062 2688 2102 nunc
2715 2048 2966 2116 postules,
3002 2049 3124 2105 vide
3151 2064 3219 2104 ne
3259 2050 3309 2103 in
3360 2051 3587 2120 teipsum
3618 2052 3722 2121 pri-

2151 2154 2296 2194 mum
2317 2138 2632 2194 sententiam
2655 2139 2914 2208 proferas.
2935 2137 2990 2194 Si
3015 2139 3154 2193 eitim
3179 2139 3229 2194 in
3254 2156 3573 2211 unoquoque
3601 2156 3719 2211 pec-

2149 2241 2269 2288 cato
2297 2231 2439 2286 Deus
2470 2229 2688 2285 inferret
2710 2231 3023 2300 supplicium
3049 2241 3104 2286 et
3131 2231 3184 2285 in
3215 2246 3336 2286 reos
3357 2231 3592 2301 singulos
3618 2233 3726 2287 cal-

2149 2323 2325 2378 culum
2357 2323 2536 2388 ferret,
2564 2321 2673 2392 jam
2704 2322 2831 2384 olim
2861 2321 2930 2376 de
2960 2321 3137 2377 medio
3163 2323 3430 2377 sublatum
3463 2333 3608 2378 esset
3633 2323 3726 2378 hu-

2150 2428 2364 2468 manum
2395 2427 2580 2483 genus.
2609 2413 2674 2467 Et
2700 2413 2826 2483 quid
2857 2413 2976 2468 dico
3003 2413 3141 2467 lumc
3185 2424 3279 2468 aut
3317 2415 3500 2467 illum?
3525 2415 3723 2485 Supre—
3794 2447 3797 2449 -

2149 2519 2294 2558 mum
2324 2503 2465 2558 enim
2495 2502 2732 2558 omnium
2762 2503 3034 2558 hominum
3077 2504 3128 2558 in
3173 2505 3408 2560 medium
3436 2505 3726 2574 adducens,

2149 2595 2251 2651 hoc
2275 2597 2511 2653 conabor
2535 2597 2822 2652 ostendere
2852 2613 2866 2650 :
2897 2597 3118 2651 Paulum
3165 2613 3357 2668 nempe
3394 2599 3542 2654 illum
3587 2599 3726 2654 orbis

2151 2699 2307 2744 terrm
2335 2704 2657 2760 praeconem,
2685 2690 2775 2760 qui
2806 2689 2857 2744 in
2905 2690 3115 2744 tertium
3163 2690 3355 2745 caelum
3399 2701 3587 2762 raptus
3625 2702 3723 2751 est.

2147 2781 2239 2851 qui
2269 2781 2320 2835 in
2347 2780 2650 2852 paradisum
2681 2781 2777 2835 fuit
2795 2780 3057 2846 sublatus,
3086 2780 3175 2850 qui
3203 2778 3302 2836 fuit
3330 2783 3726 2838 lrcmendorutn

2147 2881 2600 2927 sacramentorum
2625 2871 2913 2941 particeps,
2945 2886 3037 2925 vas
3058 2872 3353 2938 electionis,
3381 2871 3581 2928 Christi
3611 2890 3725 2943 pro-

2146 2963 2340 3030 nubus,
2373 2963 2462 3034 qui
2489 2963 2720 3018 ostendit
2740 2963 3037 3033 angelicam
3062 2964 3182 3018 vita:
3207 2963 3613 3031 institutionem,
3638 2971 3724 3038 qui

2133 3055 2356 3117 virtutis
2381 3053 2613 3110 studium
2641 3063 2845 3111 tantum
2871 3055 3022 3112 adiit.
3055 3055 3111 3110 Si
3146 3057 3287 3111 enim
3328 3058 3587 3114 noluisset
3611 3076 3728 3118 esse

2147 3149 2284 3204 leuis
2313 3159 2365 3204 et
2390 3148 2618 3218 patiens,
2647 3163 2876 3217 eumque
2902 3151 3190 3213 sustinere,
3230 3149 3325 3204 sed
3363 3151 3581 3221 quando
3609 3168 3729 3224 pec.

2145 3241 2320 3306 cabat,
2365 3239 2770 3310 blasphemabat
2806 3249 2861 3295 et
2907 3240 3346 3310 persequebatur,
3391 3245 3635 3312 protinus
3675 3245 3728 3300 in

2145 3348 2266 3388 cum
2293 3334 2491 3403 justam
2521 3331 2728 3386 tulisset
2755 3332 3092 3395 sententiam,
3116 3331 3226 3402 jam
3265 3332 3390 3386 olim
3421 3335 3725 3405 praeripuis-

2145 3437 2230 3484 set
2263 3444 2385 3483 eum
2426 3427 2774 3497 poenitentia).
2805 3427 3064 3494 Quocirca
3093 3427 3206 3496 ipse
3232 3442 3442 3498 quoque
3470 3443 3591 3484 cum
3616 3430 3727 3484 hmo

2145 3521 2326 3587 sciret,
2354 3519 2563 3575 diccbat
2590 3535 2603 3572 :
2633 3517 2864 3573 Gratiam
2893 3518 3050 3572 habeo
3077 3518 3277 3573 Christo
3302 3521 3388 3588 qui
3415 3537 3494 3574 me
3522 3526 3726 3594 confor-

2145 3613 2284 3678 tavit,
2311 3612 2448 3680 quod
2466 3626 2545 3664 me
2567 3610 2765 3678 ﬁdelem
2789 3609 3109 3673 existimarit,
3139 3627 3329 3680 ponens
3352 3611 3403 3666 in
3419 3614 3727 3676 ministerio,

2145 3705 2230 3775 qui
2257 3703 2395 3772 prius
2422 3718 2560 3756 nam
2585 3701 2922 3772 blasphemus,
2947 3711 2991 3755 et
3023 3711 3364 3772 persequutor,
3399 3712 3445 3755 et
3475 3714 3725 3758 contume-

2145 3797 2341 3851 liosus:
2375 3795 2460 3859 sed
2483 3794 2878 3848 misericordiam
2913 3805 3250 3864 consequutus
3285 3811 3418 3862 sum,
3463 3806 3517 3849 ut
3559 3798 3612 3851 in
3650 3815 3726 3851 me

2147 3890 2310 3960 primo
2339 3887 2618 3943 ostenderet
2647 3903 2843 3941 omnem
2883 3887 3193 3956 patientiam,
3229 3889 3296 3940 ad
3323 3887 3726 3958 informationem

2147 3997 2340 4045 eorum,
2368 3979 2455 4051 qui
2480 3978 2717 4051 credituri
2737 3987 2853 4031 sunt
2873 3977 2952 4032 illi
2971 3978 3022 4031 in
3044 3979 3195 4031 vitam
3221 3988 3458 4032 teter-nam
3485 3981 3532 4051 (I
3549 4021 3563 4033 .
3591 3979 3724 4034 Tim.

2148 4075 2201 4128 i.
2232 4069 2318 4125 12.
2353 4048 2438 4126 i5.
2468 4048 2576 4141 lii).
2603 4069 2738 4138 Quid
2759 4079 2959 4138 autem,
2996 4069 3330 4124 meretricem
3366 4068 3409 4123 si
3449 4048 3725 4139 puniisset,

2147 4163 2482 4234 quandouam
2508 4177 2762 4218 conversa
2795 4163 2977 4217 fuisset
3003 4161 3153 4232 (Luc.
3183 4163 3235 4215 7.
3263 4163 3350 4217 57.
3377 4164 3554 4234 sqq.)?
3593 4164 3724 4230 Quid

2128 4270 2276 4310 vero
2298 4255 2634 4324 publicanum
2657 4253 2983 4319 Mattlunum,
3006 4254 3050 4307 si
3076 4269 3181 4324 quo
3198 4261 3439 4324 tempore
3463 4255 3727 4323 publicani

2147 4347 2320 4402 ofﬁcio
2341 4346 2675 4418 fungebatur,
2699 4356 2826 4400 ante
2858 4346 3201 4400 mutationem
3231 4360 3418 4416 pinnas
3437 4346 3504 4401 ab
3523 4361 3588 4401 co
3608 4363 3728 4402 exe-

2145 4439 2332 4510 gisset,
2375 4453 2549 4494 annon
2579 4436 2906 4508 paenitentiae
2937 4436 3080 4490 illum
3111 4437 3476 4507 pratripuisset
3515 4437 3724 4507 (Matth.

2146 4532 2200 4586 9.
2252 4530 2344 4601 9)?
2393 4531 2468 4585 Ita
2517 4530 2675 4585 etiam
2728 4529 2987 4584 latronem
3033 4527 3182 4600 (Luc.
3222 4528 3310 4583 25.
3341 4527 3456 4600 40),
3503 4529 3575 4584 ita
3620 4545 3728 4584 ma-

2146 4636 2242 4693 gos
2283 4621 2495 4692 (Matth.
2519 4619 2670 4687 ΞΛ),
2718 4621 2788 4674 ita
2825 4621 2983 4673 etiam
3019 4635 3447 4689 unumquemque
3488 4631 3728 4690 peccato-

2146 4731 2282 4770 rem.
2309 4713 2445 4769 Iram
2473 4715 2648 4784 itaque
2673 4715 2920 4777 sustinet,
2951 4721 3005 4765 et
3046 4726 3142 4780 pro
3174 4711 3379 4766 meritis
3417 4712 3726 4767 retributio-

2148 4824 2291 4876 nem,
2321 4823 2518 4862 vocans
2547 4807 2788 4862 homines
2809 4805 2874 4860 ad
2899 4805 3281 4875 pmnitentiam.
3307 4805 3460 4871 Quod
3489 4804 3538 4859 si
3562 4821 3592 4858 a
3612 4819 3728 4859 cor-

2147 4900 2386 4956 rectione
2407 4898 2568 4952 alieni
2593 4897 2904 4960 manserint,
2928 4896 3126 4966 justam
3149 4897 3368 4951 omnino
3387 4896 3728 4952 sustinebunt

2147 4991 2489 5046 sententiam.
2522 4989 2782 5056 Quocirca
2827 4987 3085 5058 propheta
3111 5003 3206 5043 eos
3246 4988 3334 5058 qui
3381 4989 3575 5058 injuria
3616 4987 3727 5042 afﬁ-

2147 5083 2380 5148 ciuntur,
2411 5081 2720 5144 consolans,
2757 5089 2811 5135 et
2833 5096 2928 5134 eos
2951 5081 3042 5148 qui
3069 5080 3314 5149 injuriam
3349 5080 3586 5135 inferunt
3614 5080 3725 5135 ofﬁ-

2146 5175 2213 5230 cii
2249 5174 2564 5239 admonens,
2595 5173 2868 5242 subjunxit
2906 5172 3035 5227 illud
3067 5191 3079 5226 :
3107 5171 3316 5226 Iustitia
3343 5175 3454 5244 ejus
3483 5183 3649 5227 manet
3677 5173 3727 5225 in

2147 5265 2404 5318 sarculum.
2435 5263 2587 5330 Quod
2615 5273 2791 5317 autem
2836 5262 2946 5317 vult
2975 5278 3067 5334 per
3097 5262 3199 5318 hoc
3243 5263 3444 5328 dicere,
3476 5273 3562 5318 est
3590 5264 3728 5332 ejus-

2147 5355 2288 5410 modi
2325 5376 2338 5410 :
2369 5353 2476 5409 Nec
2508 5363 2585 5416 tu,
2626 5354 2716 5423 qui
2758 5353 2947 5421 injuria
2983 5353 3232 5419 afﬁceris,
3263 5353 3542 5425 desperes,
3569 5355 3613 5408 si
3654 5355 3727 5406 vi—

2147 5457 2253 5503 tam
2285 5445 2504 5512 ﬁnieris,
2551 5445 2664 5500 fore
2694 5455 2750 5500 ut
2783 5447 2870 5514 jus
2915 5456 3060 5501 tuum
3106 5447 3347 5502 obtineas
3388 5467 3401 5501 :
3447 5458 3722 5518 postquam

2147 5541 2287 5596 enim
2355 5537 2478 5592 hinc
2541 5537 2878 5598 excesseris.
2939 5539 3178 5593 laborum
3239 5541 3724 5594 remunerationem

2148 5631 2366 5686 omnino
2407 5629 2638 5699 accipies
2664 5649 2676 5682 :
2705 5643 2803 5684 nec
2839 5639 2894 5682 tu
2926 5644 3129 5693 rursus,
3159 5629 3247 5700 qui
3277 5631 3455 5683 omnia
3488 5633 3649 5701 rapis.
3676 5634 3722 5685 in

2150 5720 2385 5782 omnium
2411 5719 2546 5780 bona
2577 5717 2800 5786 int'adis,
2828 5729 2880 5780 et
2900 5720 3074 5776 omnia
3099 5735 3293 5791 susque
3316 5721 3486 5793 deque
3509 5738 3721 5790 nnsccs,
