4062 6208
337 374 447 431 283

338 486 504 559 φησιν
524 505 537 520 '
571 488 672 542 Ἴθι
707 488 859 556 πρὸς
881 487 984 543 τᾶν
1006 488 1303 559 μύρμηκα,
1324 481 1372 542 ὦ
1409 487 1647 558 ὀκνηρὲ,
1679 490 1777 544 και
1808 486 1902 555 ζή-

337 575 543 626 λωσον
574 567 683 635 τὰς
719 571 900 636 ὀδοὺς
935 572 1142 635 αὐτοῦ,
1187 571 1283 625 καί
1320 570 1498 641 γενοῦ
1531 571 1765 625 ἐκείνου
1799 586 1906 624 σοι

337 652 620 723 φώτερος.
654 651 918 718 Ἐκεῖνος
944 652 1056 721 γὰρ
1080 653 1356 723 γεωργίου
1394 652 1481 722 μὴ
1508 652 1904 722 ὑπάρχοντος,

332 734 491 807 μηδὲ
519 734 629 788 τὸν
647 734 1053 804 ἀναγκάζοντα
1081 736 1253 804 ἔχων,
1272 734 1425 804 μηδὲ
1438 732 1568 790 ’ὑπὸ
1599 734 1908 803 δεσπότην

337 818 440 880 ὢν.
479 817 838 888 ἐτοιμάζεται
870 817 1080 885 θέρους
1123 818 1236 886 τὴν
1274 818 1520 887 τροφὴν,
1564 818 1807 887 πολλήν
1840 835 1906 873 τε

337 902 409 954 ἐν
425 899 508 966 τῷ
546 898 755 971 ἁμητῷ
790 900 1038 955 ποιεῖται
1076 899 1192 968 τὴν
1221 900 1570 969 παράθεσιν.
1590 901 1661 959 Ἦ
1693 902 1906 969 πορεύ-

340 986 472 1051 θητι
512 982 663 1051 πρὸς
693 981 808 1050 τὴν
847 981 1170 1052 μέλισσαν,
1210 984 1309 1037 καὶ
1350 983 1503 1055 μάθε
1553 984 1638 1050 ὡς
1672 983 1909 1055 ἐργάτις

338 1067 541 1121 ἐστίν·
565 1062 645 1136 ἧς
666 1065 810 1131 τοὺς
826 1067 1052 1132 πόνους
1080 1065 1364 1133 βασιλεῖς
1384 1067 1482 1122 καὶ
1518 1066 1729 1123 ίδιῶται
1754 1067 1907 1137 πρὸς

335 1148 570 1218 ὑγίειαν
587 1145 1023 1216 προσφέρονται
1045 1159 1094 1203 ι.
1117 1146 1266 1221 [269]
1280 1150 1469 1204 Καίτοι
1493 1144 1628 1203 οὖσα
1655 1151 1719 1220 τῇ
1745 1150 1906 1223 ῥώμῃ

335 1229 589 1300 ἀσθενὴς,
636 1229 735 1299 τήν
778 1228 969 1298 σοφίαν
998 1231 1278 1300 τιμήσασα
1332 1231 1603 1302 προήχθη.
1642 1232 1753 1285 Kal
1795 1232 1906 1304 7&9

336 1314 481 1389 αὐτή
502 1330 583 1366 σοι
605 1313 764 1367 πάλιν
786 1314 820 1384 ή
850 1312 1069 1382 μέλιττα
1088 1313 1404 1379 διαλέξεται,
1426 1313 1565 1368 ὥστε
1597 1314 1672 1386 μή
1701 1313 1906 1386 θαυμά-

334 1394 451 1462 ζειν
470 1394 657 1458 ἀπλῶς
675 1395 744 1448 τά
770 1394 938 1466 κάλλη
960 1394 1069 1448 τῶν
1093 1396 1379 1467 σωμάτων,
1394 1397 1518 1450 ὅταν
1540 1395 1715 1468 ψυχῆς
1735 1394 1904 1469 ἀρετὴ
1992 1408 1997 1413 “

336 1477 415 1549 μὴ
440 1474 496 1559 ᾗ,
522 1476 657 1548 μηδὲ
687 1476 1038 1542 ἐξευτελίζειν
1064 1476 1163 1549 τὴν
1190 1479 1483 1559 ἀμορφίαν,
1524 1479 1652 1534 ὅταν
1683 1480 1717 1549 ή
1756 1479 1903 1550 ψυχὴ

332 1558 827 1630 κεκαλλωπισμένη
869 1559 1028 1633 τύχῃ.
1048 1559 1223 1632 Ὅπερ
1250 1558 1344 1614 οὖν
1372 1561 1464 1615 καὶ
1496 1561 1626 1616 αὐτὸ
1654 1561 1828 1633 δηλῶν
1874 1563 1904 1616 6

332 1642 740 1714 παροιμιαστής
788 1641 961 1711 ἔλεγε⁸
992 1643 1185 1712 Μικρά
1209 1643 1280 1697 ἐν
1311 1643 1600 1711 πετεινοῖς
1624 1644 1663 1712 ἡ
1686 1643 1902 1714 μέλισ-

331 1741 438 1789 σα,
485 1725 585 1779 καί
634 1724 791 1794 ἀρχὴ
838 1724 1278 1795 γλυκασμάτων
1326 1729 1360 1781 ό
1407 1727 1633 1795 καρπὸς
1687 1725 1898 1796 αὐτῆς.

344 1807 628 1879 Ἑννόησόν
668 1824 759 1878 μοι
785 1807 910 1870 τούς
951 1807 1193 1880 δρνιθας,
1220 1808 1317 1863 καὶ
1353 1808 1480 1881 δέξῃ
1516 1808 1727 1863 ἐκεῖθεν
1749 1809 1900 1878 φιλο-

334 1889 548 1959 σοφίαν.
572 1890 672 1944 Διά
695 1906 778 1944 τοι
806 1889 964 1944 τοῦτο
994 1890 1089 1944 καὶ
1115 1894 1145 1944 6
1175 1891 1409 1963 Χριστὸς
1439 1892 1641 1961 ἔλεγενο
1676 1891 1905 1961 Ἐμσλέ-

332 1976 489 2044 φατε
511 1975 599 2041 είς
615 1973 687 2028 τὰ
710 1972 950 2027 πετεινὰ
970 1972 1078 2028 τοῦ
1099 1974 1379 2042 οὐρανοῦ,
1407 1974 1500 2029 ὄτι
1525 1976 1598 2030 οὐ
1621 1975 1903 2043 σπείρου-

333 2072 460 2123 σιν,
493 2054 636 2111 οὐδὲ
666 2054 980 2124 θερίζουσι,
1011 2054 1113 2110 καὶ
1144 2059 1178 2110 d
1214 2055 1416 2124 Hathp
1441 2055 1607 2126 ὑμῶν
1652 2059 1687 2112 ὀ
1729 2055 1904 2126 οὐρά-

332 2155 462 2206 νιος
511 2136 709 2206 τρέφει
749 2135 920 2191 αὑτά.
952 2135 1016 2190 El
1063 2136 1172 2209 7&9
1206 2139 1276 2194 1&
1304 2138 1473 2207 ἄλογα
1497 2139 1558 2193 οὐ
1598 2139 1901 2210 μεριμνῶσι

333 2221 464 2292 περὶ
509 2219 737 2292 τροφῆς,
788 2219 946 2272 ποίαν
975 2217 1116 2285 ἔξεις
1141 2219 1435 2291 ἀπολογίαν
1479 2219 1612 2293 μηδὲ
1636 2218 1902 2293 τοσαύτην

330 2301 776 2373 ἐπιδεικνύμενος
820 2300 1119 2375 ὑπεροψίαν
1159 2301 1269 2356 τῶν
1317 2302 1618 2373 παρόντων,
1668 2303 1800 2374 ὅσην
1851 2304 1903 2357 οί

329 2383 577 2456 ϐρνιθις;
610 2382 749 2437 Εἱδέ
790 2383 883 2439 καὶ
932 2382 1319 2455 καλλωπισμοῦ
1355 2383 1531 2455 βούλει
1556 2386 1903 2456 καταφρονῆ-

332 2483 439 2532 σαι,
473 2464 754 2523 παιδεύσει
790 2480 849 2519 σε
891 2463 961 2519 τά
1000 2465 1135 2537 άνθη
1163 2466 1257 2520 τοῦ
1291 2466 1487 2539 ἀγροῦ,
1530 2468 1605 2539 μή
1652 2463 1792 2521 εῐναί
1839 2483 1901 2522 σε

329 2549 681 2622 φιλόκοσμον.
703 2548 884 2619 ὀπερ
906 2547 1001 2601 καὶ
1034 2548 1164 2602 αὐτὸ
1188 2548 1364 2620 δηλῶν
1383 2552 1414 2603 6
1433 2550 1663 2621 Χριστὸς
1693 2549 1899 2619 ἔλεγεν⁸

341 2633 713 2702 Ἒμσλέψατε
740 2633 827 2698 είς
861 2633 935 2686 τὰ
963 2632 1141 2699 κρίνα
1176 2631 1283 2686 τοῦ
1309 2631 1517 2701 ἀγροῦ,
1564 2632 1655 2686 ὅτι
1691 2634 1765 2687 οὐ
1794 2632 1904 2702 νή·

330 2716 567 2779 θουσιν,
613 2714 759 2770 οὐδὲ
806 2714 1115 2769 κοπιῶσιν.
1163 2713 1342 2784 Ἀμὴν
1365 2714 1520 2785 λέγω
1556 2715 1718 2785 ὑμῖν,
1758 2715 1903 2771 οὐδὲ

329 2797 617 2867 Σολομὼν
647 2796 1023 2873 περιεϐάᾼετο
1045 2796 1126 2863 ώς
1149 2795 1219 2850 ἓν
1246 2797 1491 2852 τούτων.
1523 2798 1689 2851 Ὅταν
1723 2798 1901 2854 τοίνυν

330 2881 524 2952 ἐθέλῃς
562 2879 892 2942 σπουδάζειν
950 2878 1080 2951 περὶ
1133 2879 1305 2953 κάλλη
1357 2880 1604 2951 ίματίων,
1650 2881 1901 2953 ἐννόησον

329 2967 410 3021 δτι
436 2966 540 3019 ὃσα
572 2962 640 3018 ἂν
673 2962 1073 3035 φιλονεικήσης,
1096 2962 1248 3034 παρὰ
1273 2961 1354 3034 τῷ
1381 2963 1560 3035 χόρτῳ
1581 2963 1650 3018 τά
1682 2965 1902 3035 νικητή-

334 3067 439 3122 ρια,
475 3048 574 3103 καί
609 3046 672 3100 οὐ
718 3045 922 3118 δυνήσῃ
964 3043 1100 3118 πρὸς
1130 3047 1334 3100 ἐκεῖνον
1368 3045 1731 3118 ἀμιλληθῆναι
1751 3063 1765 3077 ο
1806 3045 1901 3101 καὶ

333 3133 637 3188 κατάλυσον
667 3126 763 3200 τήν
813 3128 1006 3195 ἄλογον
1061 3127 1263 3200 ταύτην
1318 3129 1534 3200 μανίαν.
1582 3130 1694 3183 Kal
1738 3129 1902 3201 ἔτερα

332 3215 526 3280 πολλὰ,
552 3212 646 3267 καὶ
668 3210 776 3265 ἀπὸ
803 3210 911 3266 τῶν
939 3209 1167 3281 ἀλόγων,
1192 3212 1285 3265 καὶ
1306 3212 1414 3267 ἀπὸ
1441 3212 1550 3267 τῶν
1576 3213 1772 3279 ἀνθῶν,
1808 3216 1902 3268 καὶ

336 3299 444 3353 ἀπὸ
462 3297 573 3349 τῶν
599 3293 924 3364 σπερμάτων
946 3293 1062 3347 ἐστι
1085 3293 1410 3364 φιλοσοφεῖν.

420 3377 880 3446 Ἐεομολόγησις
903 3375 1001 3430 καὶ
1025 3376 1501 3446 μεγαλοπρέπεια
1523 3376 1591 3431 τὸ
1608 3377 1902 3448 ἔργοναύ-

334 3461 462 3517 tor").
496 3459 804 3523 Τουτέστιν,
853 3458 1081 3513 ἕκαστον
1111 3460 1221 3513 τῶν
1252 3459 1429 3532 ἔργων
1455 3460 1620 3515 αὐτοῦ
1637 3477 1653 3494 ο
1692 3463 1755 3515 οὐ
1789 3461 1902 3534 γάρ

330 3543 396 3615 δή
428 3542 559 3616 περὶ
583 3542 701 3605 ἐνὸς
727 3541 891 3611 ἔργου
922 3540 1096 3595 ταῦτά
1140 3558 1326 3614 φησιν.
1361 3543 1587 3614 Ἕτερος
1618 3543 1676 3598 δὲ
1723 3544 1901 3616 ἐρμη-

327 3626 525 3699 νευτὴς
587 3621 740 3678 εἶπεν
761 3642 775 3656 ·
825 3626 1115 3692 Ἐπαινος
1160 3625 1260 3680 καί
1310 3625 1539 3697 ἀξίωμα
1580 3628 1620 3697 η
1652 3627 1903 3699 ἐργασία

326 3709 549 3764 αὐτοῦ’
583 3702 739 3771 οὗτος
770 3706 850 3770 δὲ,
898 3707 1383 3778 Ἐξομολόγησις,
1405 3709 1702 3776 τουτέστιν,
1737 3711 1900 3782 εὐχα-

330 3793 514 3865 ριστία
540 3791 643 3847 καὶ
673 3791 821 3857 δόξα.
850 3790 1118 3844 Ἕκαστον
1141 3791 1249 3863 7&9
1268 3791 1375 3846 τῶν
1396 3793 1689 3865 ὁρωμένων
1719 3795 1902 3849 ἱκανὸν

280 3908 287 3913 -
325 3877 407 3940 εἰς
437 3875 798 3947 εὐχαριστίαν
825 3873 917 3928 τὸν
956 3873 1154 3945 θεατὴν
1187 3876 1570 3946 παραπέμψαι,
1597 3878 1675 3941 είς
1711 3875 1899 3947 ὕμνον,

324 3959 406 4022 είς
434 3957 742 4029 εὐφημίαν,
787 3957 864 4020 εἰς
894 3956 1218 4025 δοξολογίαν.
1260 3958 1374 4010 υύκ
1404 3958 1550 4011 ἐστιν
1580 3961 1774 4012 εἰπεῖν’
1803 3959 1903 4013 Διά

319 4040 374 4094 τί
403 4039 605 4107 τοῦτο;
642 4040 725 4102 εἰς
762 4038 817 4092 τί
864 4038 1054 4104 τοῦτος
1094 4037 1231 4093 ἀλλὰ
1263 4040 1357 4094 καὶ
1396 4039 1458 4093 16
1493 4040 1683 4104 σκότος
1723 4041 1820 4096 καὶ
1867 4042 1902 4114 ή

321 4122 532 4194 ήμέρα,
564 4123 667 4176 καὶ
692 4122 722 4173 6
750 4120 906 4191 λιμὸς
937 4121 1030 4178 καὶ
1057 4123 1091 4193 ή
1121 4120 1361 4193 εὐθηνία,
1385 4122 1479 4177 καὶ
1507 4124 1541 4194 ή
1572 4122 1776 4195 ἔρημος
1809 4122 1904 4177 καὶ

319 4207 355 4277 ή
388 4207 679 4277 ἀοίκητος,
709 4204 803 4260 καὶ
828 4207 862 4276 ή
891 4205 1100 4277 λιπαρά
1132 4206 1228 4261 καὶ
1259 4208 1292 4277 ή
1319 4205 1625 4277 βαθύγειος,
1671 4208 1765 4261 καὶ
1789 4205 1905 4279 ζωή

319 4289 418 4343 καὶ
447 4281 709 4353 θάνατος,
740 4289 835 4343 καὶ
870 4287 1048 4343 πάντα
1074 4288 1144 4343 τά
1166 4288 1418 4361 ὁρώμενα
1441 4291 1554 4352 10?;
1580 4280 1717 4360 μετά
1743 4291 1899 4362 ἀκρι-

317 4369 476 4435 ϐείας
505 4370 657 4425 αὐτά
687 4371 1189 4442 καταμανθάνουσιν
1222 4372 1382 4429 ἱκανὰ
1410 4372 1506 4427 καὶ
1531 4371 1732 4426 δυνατά
1768 4373 1904 4446 πρὸς

315 4453 693 4524 εὐχαριστίαν
724 4452 1010 4526 διεγεῖραι.
1041 4454 1210 4511 Τοῦτο
1241 4453 1373 4526 γοῦν
1403 4453 1577 4529 δηλῶν
1622 4454 1713 4513 διά
1758 4472 1905 4521 τινος

317 4538 611 4608 προφήτου
637 4538 668 4590 6
695 4535 828 4601 Θεὸς
850 4536 1052 4606 ἔλεγεν,
1081 4537 1197 4592 ἀντ’
1224 4539 1542 4610 εὐεργεσίας
1584 4540 1684 4609 τὰς
1731 4557 1905 4612 τιμω-

314 4617 441 4690 ρίας
479 4617 665 4681 τιθείς
682 4634 696 4649 ·
729 4617 1118 4689 Κατέστρεψα
1133 4621 1373 4691 αὐτοὺς,
1399 4622 1481 4689 ὡς
1500 4622 1906 4693 κατέστρεψεν

313 4702 349 4754 ὁ
385 4702 539 4769 Θεὸς
573 4699 816 4772 Σόδομα
844 4702 943 4757 καὶ
976 4705 1277 4776 Γόμορρα·
1308 4704 1574 4771 ἐπάταξα
1592 4705 1812 4772 αὐτοὺς
1833 4705 1906 4760 ἐν

312 4784 589 4854 πυρώσει
633 4784 735 4839 καὶ
780 4785 852 4839 ἐν
877 4785 1099 4859 ίκτὲρῳ.
1131 4787 1242 4842 Kal
1270 4787 1433 4842 πάλιν
1455 4788 1522 4842 δι’
1549 4787 1708 4844 ἄλλου
1725 4805 1740 4819 ο
1780 4790 1903 4843 Ἀν-

312 4869 553 4939 ήγαγον
603 4869 834 4937 αὐτοὺς
874 4870 943 4925 ἐκ
981 4870 1096 4941 γῆς
1122 4871 1444 4942 Αἰγύπτου,
1477 4871 1578 4926 καί
1629 4870 1700 4937 ἐξ
1732 4872 1903 4927 οἴκου

310 4950 609 5019 δουλείας
666 4951 1095 5024 ἑλυτρωσάμην
1138 4955 1359 5021 αὐτούς
1378 4970 1393 4985 ’
1446 4955 1527 5019 είς
1583 4954 1904 5028 εὐεργεσίας

308 5034 410 5099 τὰς
446 5034 740 5107 τιμωρίας
771 5035 1220 5108 μεταλαμϐάνων.
1247 5035 1404 5091 Οὐτω
1440 5037 1766 5092 καὶταῦτα·
1805 5037 1902 5092 καὶ

307 5117 419 5190 γὰρ
445 5118 549 5173 καὶ
576 5116 763 5172 ταῦτα
777 5118 1183 5196 εὐεργετοῦντα,
1208 5118 1542 5192 διορθοῦντα,
1560 5119 1898 5185 παιδεύοντα,

306 5198 809 5271 παιδαγωγοῦντα,
851 5201 1184 5258 ἐκκύπτοντα
1217 5202 1322 5276 τήν
1350 5204 1546 5259 κακίαν
1576 5203 1745 5259 ἐστίν.
1772 5204 1897 5257 ’Λν-

306 5283 524 5356 θρωποι
559 5283 671 5355 μὲν
694 5284 803 5356 γάρ
829 5284 897 5338 τὰ
925 5285 1025 5355 μὲν
1048 5285 1461 5356 εὐεργετοῦντες
1487 5286 1723 5351 ποιοῦσι,
1748 5286 1818 5340 τά
1843 5285 1904 5340 δέ

308 5365 615 5436 μισοῦντες
673 5365 785 5441 καὶᾲ
828 5366 1316 5441 ἀποστρεφόμενον
1368 5370 1402 5423 6
1442 5369 1499 5423 δέ
1557 5368 1688 5433 Θεὸς
1735 5367 1904 5439 φιλῶν

305 5449 456 5499 ποιεῖ
480 5446 706 5505 πάντα,
740 5439 850 5499 οἷον
877 5439 1175 5516 εὐεργετῶν
1202 5448 1355 5504 ῑθετο
1382 5452 1442 5504 ἐν
1467 5448 1546 5520 τῷ
1568 5448 1901 5521 παραδείσῳ,

305 5530 399 5583 καὶ
422 5524 756 5600 εὐεργετῶν
784 5527 944 5581 πάλιν
971 5529 1187 5596 ἐξέϐαλε
1212 5530 1307 5584 τοῦ
1340 5531 1673 5605 παραδείσου
1696 5549 1709 5562 ·
1750 5534 1906 5607 εὐερ-

305 5614 482 5681 γετῶν
519 5614 623 5666 τὸν
671 5610 1056 5682 κατακλυσμὸν
1100 5616 1409 5687 εἰργάσατο,
1462 5616 1557 5671 καὶ
1600 5616 1902 5689 εὐεργετῶν

300 5812 309 5817 _
365 5761 391 5797 ο
412 5760 517 5815 Alli
550 5755 906 5826 προσφέρουσι.

1459 380 1818 436 ΕΧΡΟΞΠἸΟ
1851 381 1920 433 ιιι
1954 373 2287 432 ι’διιωιιιδί
2323 372 2437 430 CX.

3470 377 3580 434 286

2006 484 2068 538 16
2096 482 2207 556 πῦρ
2229 486 2407 539 ἐκεῖνο
2432 484 2494 539 τὸ
2521 483 2630 540 τῶν
2658 485 2903 557 Σοδόμων
2937 487 3263 558 κατήνεγκε.
3295 488 3405 542 Kal
3440 489 3581 560 ὅπερ

2005 566 2071 621 ἂν
2108 569 2252 624 εῐποι
2284 585 2367 632 τις
2390 566 2501 621 τῶν
2528 569 2860 639 γενομένων,
2883 567 3113 622 ἕκαστον
3141 571 3223 632 είς
3260 571 3582 642 εὐεργεσίαν

2004 652 2166 703 ποιεῖ.
2186 649 2500 721 Εὐεργετῶν
2519 650 2719 722 καὶτὴν
2744 650 2966 719 γέενναν
2986 650 3245 720 ἠπείλησε
3263 669 3275 682 ·
3298 654 3393 707 καὶ
3415 653 3580 707 καθά-

2004 751 2110 806 περ
2149 735 2198 788 οἱ
2232 734 2467 806 πατέρες
2506 734 2566 788 οὐ
2612 733 3003 805 θεραπεύοντες
3052 733 3211 804 μόνον
3262 734 3331 787 τά
3367 736 3579 800 παιδία,

2003 816 2140 870 ἀλλά
2158 817 2251 871 καὶ
2268 816 2559 880 τύπτοντες
2570 818 2809 888 πατέρες
2825 816 2952 879 είσὶ,
2974 816 3068 869 καὶ
3083 817 3182 870 οὐκ
3197 814 3346 887 [270]
3360 817 3582 870 ἔλαττον

2004 899 2316 964 τύπτοντες,
2346 900 2380 972 ἢ
2408 899 2802 972 θεραπεύοντες
2821 917 2835 931 ·
2870 898 3012 954 οὕτω
3041 899 3105 972 δὴ
3130 899 3225 954 καὶ
3252 901 3281 954 6
3309 898 3459 963 Θεός.
3487 899 3583 953 Διδ

2004 983 2098 1036 καὶ
2124 983 2153 1035 6
2181 982 2392 1048 Παῦλος
2424 983 2575 1052 ἔλεγε
2594 1000 2615 1015 ο
2638 984 2733 1050 Τίς
2757 982 2866 1054 γάρ
2886 983 3056 1036 ἐστιν
3075 983 3224 1049 υίὸς,
3250 982 3323 1036 ὃν
3342 984 3415 1038 οὐ
3440 996 3581 1036 παι-

2003 1062 2161 1119 δεύει
2198 1065 2428 1134 πατήρ;
2460 1064 2574 1120 Kal
2605 1066 2635 1118 6
2664 1065 2945 1136 Σολομώνο
2974 1068 3077 1118 Ὃν
3100 1064 3210 1136 γὰρ
3237 1063 3433 1135 ἀγαπᾷ
3462 1064 3583 1118 Κύ-

1997 1165 2155 1217 ριος,
2190 1148 2489 1203 παιδεύει’
2531 1149 2821 1218 μαστιγοῖ
2846 1149 2915 1202 δὲ
2952 1147 3148 1202 πάντα
3185 1149 3339 1210 υιύν,
3367 1147 3440 1200 ὃν
3461 1161 3583 1201 πα-

1995 1228 2330 1299 ραδέχεται.
2365 1232 2430 1285 Ἠ
2475 1230 2828 1300 δικαιοσύνη
2885 1229 3072 1284 αὑτοῦ
3113 1229 3283 1299 μένει
3338 1233 3428 1297 εις
3469 1229 3583 1286 τὸν

2002 1310 2188 1366 αἰῶνα
2211 1311 2318 1366 τοῦ
2345 1311 2560 1379 αίῶνος
2585 1312 2636 1366 ι’.

2075 1397 2117 1453 δ’
2125 1439 2141 1454 .
2159 1397 2331 1452 Τοῦτο
2351 1398 2500 1452 δοκεῖ
2515 1394 2606 1470 μοι
2620 1396 2847 1452 ἐνταῦθα
2861 1398 3035 1452 εἰπεῖν
3047 1396 3137 1451 διὰ
3155 1399 3280 1462 τούς
3293 1398 3583 1454 σκανδαλι-

2003 1477 2261 1552 ζομένους
2304 1479 2442 1552 πρὸς
2487 1480 2557 1534 τά
2609 1480 2990 1550 συμπίπτοντα
3021 1481 3256 1552 δυσχερῆ
3299 1498 3411 1535 τισι
3442 1484 3581 1553 παρ’

2004 1568 2245 1637 ἐλπίδας,
2289 1569 2570 1640 μονονουχὶ
2601 1570 2882 1641 παραινῶν
2912 1569 3096 1633 αὐτοῖς
3118 1570 3211 1624 xal
3234 1569 3411 1638 λέγων
3427 1587 3439 1600 ·
3478 1570 3577 1642 Μὴ

2005 1655 2232 1727 θορυϐοῦ
2288 1656 2823 1727 συκοφαντουμένους
2870 1654 3190 1728 ἀνθρώπους
3243 1656 3420 1728 δρῶν,
3473 1658 3577 1712 ἐπο
3684 1708 3689 1713 ,

2003 1743 2421 1816 ηρεαζομένους,
2449 1744 2600 1817 παρὰ
2623 1744 2721 1817 τὴν
2744 1744 2900 1810 ἀξίαν
2920 1743 3107 1809 κακῶς
3123 1744 3447 1816 πάσχονταςθ
3479 1743 3577 1816 μέ-

2001 1847 2082 1885 νει
2115 1829 2220 1903 γάρ
2247 1831 2597 1904 δικαστήριον
2623 1831 2936 1898 ἀδέκαστον,
2963 1831 3110 1903 μένει
3134 1831 3313 1903 ψῆφος
3334 1832 3575 1901 καθαρὰ,

1999 1918 2063 1972 16
2108 1918 2229 1973 κατ’
2260 1917 2417 1984 ἀξίαν
2448 1918 2663 1990 ἑκάστῳ
2695 1919 3029 1990 παρέχουσα.
3072 1918 3134 1971 Εί
3181 1918 3239 1972 δὲ
3275 1917 3371 1973 νῦν
3402 1920 3577 1991 αὐτὴν

2002 2003 2338 2077 ἐπιζητοίης,
2366 2005 2469 2078 δρα
2498 2004 2574 2077 μὴ
2598 2004 2740 2060 κατά
2767 2003 2967 2059 σαυτοῦ
3002 2003 3218 2077 πρώτου
3252 2005 3350 2077 τήν
3389 2005 3575 2077 ψῆφον

2002 2090 2314 2164 ἐξενέγκῃς.
2344 2091 2409 2145 Et
2435 2091 2545 2162 7&9
2571 2090 2760 2161 ἐμελλε
2791 2091 2914 2147 καθ’
2939 2091 3166 2147 ἕκαστον
3193 2092 3302 2146 τῶν
3330 2093 3575 2165 ἁμαρτη-

2005 2179 2191 2251 μάτων
2215 2180 2246 2235 6
2283 2179 2418 2244 Θεὸς
2467 2181 2695 2250 ἐπάγειν
2731 2180 3022 2253 τιμωρίαν,
3070 2182 3163 2236 καὶ
3210 2182 3295 2254 ἐφ’
3341 2183 3572 2238 ἑκάστου

1999 2266 2110 2322 τῶν
2136 2265 2599 2339 πλημμελούντων
2648 2268 2749 2340 τὴν
2793 2267 3009 2323 δικαίαν
3050 2269 3331 2341 ἐπιφέρειν
3370 2268 3571 2342 ψῆφον,

2001 2351 2177 2407 πάλαι
2192 2350 2260 2407 ἀν
2278 2353 2709 2426 προανηρπάσθη
2731 2353 2793 2408 16
2813 2353 2922 2409 τῶν
2943 2353 3041 2411 ἀνθ
3050 2355 3246 2427 ρώπων
3260 2356 3439 2426 γένος.
3462 2358 3574 2411 Kal

2001 2437 2054 2492 τί
2083 2437 2227 2508 λέγω
2244 2437 2336 2494 16v
2364 2439 2512 2493 δεῖνα
2540 2439 2635 2494 καὶ
2665 2439 2757 2494 τὸν
2786 2439 2966 2509 δεῖνας
3009 2442 3113 2498 Τὸν
3139 2442 3249 2515 γὰρ
3277 2444 3575 2516 κορυφαῖον

1999 2525 2109 2579 τῶν
2130 2526 2189 2580 ἐν
2215 2525 2525 2599 ἀνθρώποις
2554 2526 2810 2583 ἁπάντων
2837 2530 2918 2592 είς
2946 2529 3111 2600 μέσον
3139 2530 3380 2600 ἀγαγὼν,
3415 2529 3575 2585 τοῦτο

1999 2610 2166 2679 δεῖξαι
2191 2613 2548 2684 πειράσομαι,
2597 2614 2810 2669 Παῦλον
2850 2617 3058 2671 ἐκεῖνον
3099 2616 3192 2670 τὸν
3220 2617 3437 2690 κήρυκα
3472 2619 3574 2688 τῆς

1999 2698 2343 2770 οἰκουμένης,
2362 2699 2454 2754 16v
2468 2701 2550 2765 είς
2574 2698 2756 2772 τρίτον
2775 2702 3093 2772 ἁρπαγέντα
3115 2704 3363 2775 οὐρανὸν,
3380 2703 3472 2757 τὸν
3493 2707 3576 2768 εἰς

2002 2783 2333 2856 παράδεισον
2359 2785 2747 2856 ἀπενεχθέντα,
2776 2787 2868 2842 τὸν
2900 2787 3007 2841 τῶν
3044 2789 3285 2859 φρικτῶν
3316 2790 3572 2861 κοινωνή-

2002 2888 2171 2926 σαντα
2209 2871 2543 2944 μυστηρίων,
2566 2872 2628 2925 τὸ
2648 2871 2841 2937 σκεῦος
2865 2874 2965 2945 τῆς
2992 2875 3240 2947 ἐκλογῆς,
3277 2876 3369 2930 τὸν
3392 2893 3572 2948 νυμφ-

2001 2958 2216 3028 αγωγὸν
2254 2956 2349 3012 τοῦ
2399 2957 2657 3030 Χριστοῦ,
2697 2958 2790 3013 τὸν
2823 2960 3121 3033 ἀγγελικὴν
3166 2962 3572 3034 ἐπιδειξάμενον

2000 3044 2291 3107 πολιτείαν,
2325 3046 2416 3101 τδν
2459 3045 2724 3118 τοσαύτην
2769 3046 2969 3120 ἀρετὴν
3005 3047 3318 3104 ἐπελθόντα.
3369 3050 3431 3104 El
3460 3049 3570 3122 γὰρ

2003 3131 2079 3204 μὴ
2111 3131 2379 3204 ἐϐουλήθη
2412 3132 2833 3206 μακροθυμῆσαι
2868 3133 3037 3206 αὐτῷ,
3069 3135 3205 3206 μηδέ
3240 3134 3570 3208 ἀνασχέσθαι

1999 3217 2187 3287 αὐτοῦ,
2234 3218 2350 3274 ἀλλ’
2378 3219 2540 3291 ήνίκα
2596 3219 2876 3295 ἡμάρτανε
2931 3222 3026 3275 καὶ
3080 3221 3418 3295 ἐϐλασφήμει
3474 3223 3571 3278 καὶ

1999 3305 2213 3372 ἐδίωκε,
2264 3305 2408 3361 κατὰ
2454 3307 2618 3371 πόδας
2678 3308 2978 3377 ἐπαγαγεῖν
3023 3309 3170 3380 αὐτῷ
3213 3310 3310 3383 τὴν
3354 3310 3570 3366 δικαίαν

1998 3395 2202 3468 ψῆφον,
2239 3398 2405 3453 πάλαι
2438 3397 2506 3452 ἂν
2531 3398 2693 3452 αὐτὸν
2715 3400 2814 3471 τῆς
2847 3399 3130 3471 μετανοίας
3163 3401 3568 3473 προεξήρπασε.

2000 3488 2092 3542 Διὸ
2122 3489 2218 3543 καὶ
2251 3489 2415 3553 αὐτὸς
2445 3488 2618 3544 ταῦτα
2671 3490 2846 3556 εἰδὼς,
2897 3492 3051 3562 ἔλεγε
3075 3510 3091 3526 ο
3124 3492 3311 3562 Χάριν
3336 3495 3454 3564 ἔχω
3486 3493 3570 3562 τῷ

1999 3574 2490 3646 ἐνδυναμώσαντί
2520 3593 2598 3646 με
2636 3577 2890 3647 Χριστῷ,
2931 3579 3021 3634 ὅτι
3060 3581 3280 3635 πιστόν
3316 3597 3391 3651 με
3428 3580 3573 3650 ἡγή-

2000 3678 2172 3730 σατο,
2211 3665 2456 3732 θέμενος
2485 3665 2571 3731 εις
2611 3663 2938 3732 διακονίαν,
2968 3667 3074 3722 τὸν
3100 3669 3389 3738 πρότερον
3422 3669 3572 3724 ὄντα

1993 3746 2368 3818 ⁶βλάσφημον
2411 3750 2511 3804 καί
2559 3750 2834 3820 διώκτην,
2887 3754 2987 3808 καί
3055 3755 3378 3823 ὑϐριστήν*
3429 3756 3571 3810 ἀλλ’

2000 3835 2288 3905 ἠλεήθην,
2312 3836 2414 3891 ἵνα
2440 3836 2512 3890 ἐν
2536 3837 2664 3907 ἐμοὶ
2699 3839 2904 3908 πρώτῳ
2942 3840 3274 3911 ἐνδείξηται
3302 3842 3420 3911 τὴν
3453 3841 3571 3899 πᾶ·

2000 3935 2125 3976 σαν
2136 3921 2566 3991 μακροθυμίαν,
2595 3924 2743 3991 πρὸς
2766 3927 3156 3982 ὑποτύπωσιν
3177 3928 3297 3983 τῶν
3313 3931 3572 3998 μελλόνι

2001 4024 2119 4061 των
2142 4005 2303 4073 αὐτῷ
2326 4009 2633 4063 πιστεύειν
2655 4012 2745 4076 είς
2767 4009 2922 4080 ζωὴν
2954 4011 3214 4069 αἰώνιον.
3247 4016 3312 4070 Τί
3341 4017 3430 4076 δέ;
3469 4018 3571 4088 τήν

2003 4095 2208 4167 πόρνην
2235 4096 2285 4148 εί
2320 4094 2567 4162 ἐκόλασε,
2615 4097 2746 4151 πότε
2786 4096 2854 4152 ἀν
2881 4100 3214 4174 μετεϐλήθης
3252 4101 3318 4156 Τί
3352 4104 3441 4172 δές
3477 4105 3569 4158 τὸν

2000 4178 2236 4250 τελώνην
2264 4179 2541 4235 Ματθαϊον
2564 4182 2613 4236 εί
2640 4183 2700 4237 ἐν
2719 4182 2800 4256 τῷ
2825 4184 3003 4258 καιρῷ
3028 4187 3129 4258 τῆς
3153 4187 3441 4254 τελωνείας
3463 4190 3571 4261 πρὸ

2002 4267 2101 4338 τῆς
2130 4266 2429 4340 μεταϐολῆς
2460 4268 2618 4340 δίκην
2645 4270 2917 4344 ἀπήτησε,
2936 4273 3037 4328 οὐκ
3060 4273 3128 4329 ἂν
3154 4276 3571 4349 προεξήρπασεν

2003 4353 2167 4409 αὐτὸν
2205 4353 2317 4439 τῆς
2345 4355 2672 4425 μετανοίας;
2709 4357 2865 4413 Οὕτω
2910 4360 3005 4414 καὶ
3035 4360 3125 4415 16v
3160 4361 3383 4437 λῃστήν,
3427 4364 3572 4421 οὕτω

2004 4440 2099 4495 καὶ⁵
2123 4440 2249 4504 τούς
2275 4440 2500 4512 μάγους,
2527 4441 2669 4497 οὕτω
2697 4445 2790 4499 καὶ
2832 4445 3060 4503 ἕκαστον
3088 4449 3196 4504 τῶν
3233 4451 3575 4524 ἁμαρτανόν-

2003 4543 2132 4583 των.
2167 4527 2268 4583 Διά
2314 4544 2397 4583 τοι
2439 4527 2598 4583 τοῦτο
2623 4531 2804 4603 ἀνέχει
2835 4533 2935 4605 τήν
2971 4534 3157 4608 ὀργήν,
3201 4538 3297 4593 καὶ
3320 4538 3420 4610 τήν
3450 4541 3571 4595 κατ’

2003 4612 2157 4679 ἀξίαν
2172 4614 2457 4685 ἀντίδοσιν,
2478 4616 2655 4672 καλῶν
2670 4620 2797 4684 τοὺς
2816 4620 3138 4696 ἀνθρώπους
3155 4625 3237 4689 είς
3260 4627 3569 4697 μετάνοιαν.

2003 4700 2069 4754 Εἰ
2102 4699 2161 4755 δὲ
2193 4700 2403 4772 μένοιεν
2427 4702 2764 4776 ἀδιόρθωτοι,
2796 4708 3013 4774 πάντως
3050 4710 3444 4785 ὐποστήσονται
3470 4718 3573 4787 τήν

2003 4787 2215 4842 δικαίαν
2238 4788 2436 4877 ψῆφον.
2465 4792 2663 4866 Διόπερ
2684 4794 2713 4847 6
2731 4795 3019 4871 Προφήτης
3043 4800 3169 4866 τούς
3193 4819 3254 4856 τε
3283 4803 3573 4877 ἀδικουμέ-

2003 4892 2127 4966 νους
2163 4876 2676 4966 παραμυθούμενος,
2706 4882 2830 4948 τούς
2861 4901 2923 4938 τε
2954 4886 3271 4956 ἀδικοῦντας
3303 4876 3569 4966 σωφρονί-

2004 4961 2131 5029 ζων,
2169 4963 2420 5048 ἐπήγαγε
2448 4965 2530 5028 τὸ,
2574 4966 2645 5019 Ἠ
2692 4968 3046 5042 δικαιοσύνη
3074 4977 3262 5031 αὑτοῦ
3283 4961 3450 5048 μένει
3483 4982 3572 5046 εἰς

1950 5094 1953 5099 .
2002 5050 2112 5103 τὸν
2146 5047 2350 5104 αἰῶνα.
2389 5052 2455 5105 Ὃ
2482 5051 2539 5106 δὲ
2564 5051 2809 5123 βούλεται
2835 5057 2924 5112 διά
2947 5061 3135 5116 τούτου
3162 5065 3357 5131 είπεῖν,
3391 5065 3571 5118 τοιοῦ-

2002 5135 2093 5226 τόν
2120 5136 2236 5226 ἐστι
2254 5151 2284 5226 Ἀ
2310 5137 2463 5226 Μήτε
2515 5139 2603 5206 σὺ,
2646 5143 2675 5196 6
2709 5143 3078 5218 ἀδικούμενος,
3127 5150 3222 5205 ἐὰν
3263 5150 3571 5226 καταλύσῃς

2002 5221 2095 5279 τὸν
2116 5222 2228 5293 βίον
2256 5223 2332 5288 ὡς
2352 5224 2414 5279 οὐ
2440 5227 2549 5280 τῶν
2587 5228 2809 5285 δικαίων
2854 5235 3192 5306 τευξόμενος,
3226 5221 3567 5309 ἀπελπίσῃξ·

2007 5309 2148 5402 μετά
2175 5311 2285 5402 γάρ
2316 5312 2416 5402 τὴν
2445 5313 2696 5402 ἐντεῦθεν
2720 5320 3028 5393 ἀποδημίαν
3061 5324 3274 5389 πάντως
3314 5326 3568 5402 ἀπολήψῃ

2004 5396 2113 5452 τῶν
2145 5399 2323 5453 πόνων
2360 5399 2459 5463 τὰς
2490 5401 2756 5473 ἀμοιϐάς·
2808 5409 2945 5477 μήτε
2997 5408 3055 5461 σύ
3101 5411 3279 5478 πάλιν,
3316 5415 3345 5468 6
3392 5396 3570 5472 πάντά

2006 5483 2265 5578 ἁρπάζων
2295 5486 2389 5578 καλἷ
2420 5486 2754 5578 πλεονεκτῶν
2784 5495 2876 5546 καὶ
2902 5496 3163 5565 συγχέων,
3194 5498 3260 5554 ἂν
3287 5502 3345 5556 ἐν
3380 5504 3570 5578 εἰρήνη

2007 5569 2314 5641 καταλύσῃς
2340 5571 2431 5625 τὸν
2466 5572 2599 5644 βίον,
2645 5575 2795 5650 [27!]
2844 5579 3155 5658 θαρρήσῃςο
3202 5569 3571 5663 πάντων-γὰρ

2070 5768 2097 5817 6
2121 5771 2217 5823 Τοῦ
2238 5771 2403 5831 αἰῶνος
2425 5771 2595 5822 deerat
2621 5773 2668 5823 in
2698 5773 2865 5828 Morel.
2893 5784 2945 5829 el
2970 5778 3017 5829 in
3045 5774 3195 5835 Savll.
