4062 6208
515 375 622 431 L95

514 494 704 556 δώσεις
769 493 924 560 λόγον
979 493 1115 562 μετὰ
1168 493 1265 562 τὴν
1316 491 1562 544 ἐντεῦθεν
1603 490 1930 558 ἀποδημίαν,
1981 490 2080 558 τῆς

516 585 782 655 πονηρίας
809 583 1084 646 ἀποτίσεις
1108 592 1128 615 ⁸
1150 583 1247 645 τὰς
1273 583 1524 653 ἀμοιϐάς.
1539 581 1668 645 Θεὸς
1697 581 1806 651 γάρ
1832 582 1920 632 ἐστ
1931 597 1976 632 ιν
1994 580 2082 633 ἀεὶ

519 675 720 745 μένων,
769 676 862 728 καὶ
904 674 1246 743 δικαιοσύνην
1305 674 1564 744 μένουσαν
1599 672 1737 741 ἔχων
1782 673 1892 734 ἀεὶ,
1930 669 2081 723 οὐδὲν

516 764 623 816 ἀπὸ
647 763 740 816 τοῦ
767 763 993 817 θανάτου
1025 763 1470 833 διακοπτομένην,
1497 761 1616 814 ούδέ
1640 762 1776 832 πρὸς
1801 761 1896 830 τὴν
1920 762 2079 830 ἀμοιο

517 854 616 922 ϐὴν
644 853 751 905 τῶν
784 853 958 905 πόνων
985 852 1090 904 τῶν
1119 852 1255 922 ὑπὲρ
1285 853 1386 921 τῆς
1411 852 1631 921 ἀρετῆς,
1669 851 1790 904 οὐδὲ
1815 851 1950 922 πρὸς
1981 851 2080 920 τὴν

516 945 782 996 ἀντίδοσιν
804 943 908 996 τῶν
942 943 1211 996 κολάσεων
1233 944 1338 995 τῶν
1359 942 1446 994 διά
1471 943 1568 1012 τὴν
1595 941 1877 1012 πονηρίαν.

583 1037 810 1089 Μνείαν
851 1034 1174 1102 ἐποιήσατο
1210 1033 1329 1086 τῶν
1374 1035 1720 1102 θαυμασίων
1759 1034 1966 1087 αὑτοῦ.
2012 1031 2077 1086 Τί

513 1130 650 1189 ἐστι,
675 1128 900 1180 Μνείαν
939 1126 1267 1190 ἐποιήσατο
1317 1126 1436 1180 τῶν
1471 1127 1818 1196 θαυμασίων
1853 1126 2038 1180 αὑτοῦ
2058 1142 2077 1189 ;

513 1219 585 1269 Οὐ
627 1216 830 1268 διέλιπε
872 1216 1323 1286 θαυματουργῶν,
1384 1217 1536 1286 φησὶ,
1576 1215 1858 1287 διηνεκῶς.
1908 1213 2078 1268 Τοῦτο

510 1309 618 1378 γάρ
652 1310 765 1361 ἐστι
802 1307 885 1370 τὸ,
919 1307 1143 1361 Μνείαν
1183 1306 1539 1373 ἐποιήσατο·
1577 1309 1678 1362 οὐκ
1716 1306 1990 1361 ἐπαύσατο
2027 1308 2077 1372 δ,

509 1400 610 1452 ούκ
632 1399 843 1469 ἀπέστη
875 1399 962 1452 διά
986 1400 1165 1469 πάσης
1191 1401 1383 1467 γενεᾶς
1421 1399 1674 1470 θαύματα
1693 1399 2074 1471 ἐργαζόμενος,

510 1491 604 1544 καὶ
635 1491 763 1553 τοὺς
787 1489 990 1558 παχυτέ
1002 1506 1124 1560 ρους
1152 1489 1430 1560 διεγείρων
1451 1489 1539 1542 διὰ
1557 1489 1663 1542 τῶν
1687 1507 1744 1542 τε
1754 1489 2002 1559 ραστίων.
2021 1491 2078 1543 Ὀ

514 1584 612 1652 μὲν
643 1583 751 1652 γάρ
779 1581 976 1651 ὑψηλὸς
999 1583 1092 1634 καὶ
1112 1581 1396 1651 φιλόσοφος
1415 1581 1567 1634 ούδέν
1585 1581 1832 1650 δεήσεται
1857 1582 1964 1635 τῶν
1986 1599 2083 1653 ση-

514 1673 702 1732 μείωνο
724 1671 1010 1738 Μακάριοι
1029 1669 1136 1740 γὰρ
1151 1673 1204 1722 οἱ
1221 1671 1308 1740 μὴ
1331 1670 1573 1736 εἰδότες,
1597 1671 1695 1724 καὶ
1716 1674 2079 1726 πιστεύσαν-

510 1779 629 1828 τες.
671 1762 884 1834 Ἐπειδὴ
934 1763 990 1816 δέ
1036 1763 1197 1828 αὐτὸς
1239 1763 1300 1816 ού
1346 1762 1548 1816 τούτων
1601 1763 1823 1833 κήδεται
1877 1765 2071 1833 μόνων,

511 1852 648 1906 ἀλλά
668 1853 760 1906 καὶ
780 1853 886 1905 τῶν
915 1854 1252 1924 παχυτέρων,
1271 1852 1390 1907 καθ’
1417 1854 1650 1924 ἑκάστην
1675 1855 1859 1924 σχεδὸν
1883 1855 2076 1921 γενεὰν

511 1943 938 2017 θαυματουργῶν
982 1945 1041 1998 οὐ
1084 1946 1336 2000 παύεται.
1367 1946 1547 2016 Ἰκανὴ
1591 1947 1688 2016 μὲν
1728 1947 1832 2018 γάρ
1864 1946 2077 2016 θαυμα-

510 2037 735 2107 τουργία
773 2037 919 2089 πᾶσα
951 2037 1058 2088 τῶν
1102 2037 1390 2106 ὁρωμένων
1425 2040 1456 2107 ἡ
1501 2039 1706 2102 κτίσις’
1757 2039 1870 2091 ἀλλ’
1924 2040 2075 2109 ὅμως

508 2127 788 2197 διεγείρων
808 2125 916 2177 τῶν
942 2125 1146 2177 πολλῶν
1179 2125 1276 2195 τὴν
1301 2125 1568 2195 ρᾳθυμίαν
1595 2127 1651 2177 ἐν
1678 2124 1828 2194 μέσῳ
1850 2125 1927 2194 τῷ
1955 2126 2077 2180 θεά-

508 2231 622 2286 τρῳ
651 2214 824 2284 τούτῳ
847 2214 1014 2267 πολλὰ
1031 2215 1374 2268 ἐπεδείκνυτο
1402 2215 1680 2284 τεράστια,
1721 2216 1814 2267 καὶ
1847 2215 1954 2284 ίδίᾳ
1981 2215 2074 2268 καὶ

510 2308 684 2376 κοινῇ,
718 2299 826 2358 οἷον
851 2304 912 2358 τὸ
943 2305 1035 2357 ἐπὶ
1067 2307 1160 2358 τοῦ
1191 2304 1592 2374 κατακλυσμοῦ,
1622 2304 1683 2356 τὸ
1706 2305 1798 2357 ἐπὶ
1822 2304 1924 2370 τῆς
1946 2322 2074 2374 συγ-

508 2397 716 2466 χύσεως
739 2396 846 2448 τῶν
873 2396 1148 2464 γλωσσῶν,
1188 2396 1256 2449 τὰ
1285 2396 1376 2449 ἐπὶ¹
1421 2397 1528 2450 τῶν
1566 2396 1837 2466 Σοδόμων,
1873 2397 1942 2449 τὰ
1983 2398 2074 2451 ἐπὶ

506 2487 600 2540 τοῦ
629 2487 898 2558 Ἀϐραάμ,
933 2488 1001 2542 τά
1032 2489 1123 2540 ἐπὶ
1149 2487 1241 2540 τοῦ
1283 2487 1487 2551 Ἰσαάκ,
1511 2489 1578 2542 τὰ
1612 2489 1703 2541 ἐπὶ
1728 2487 1823 2542 τοῦ
1857 2489 2071 2555 Ἰακὼϐ,

506 2581 576 2635 τὰ
607 2583 666 2635 ἐν
700 2582 978 2653 Αἰγύπτῳ,
1019 2583 1088 2636 τὰ
1133 2585 1190 2636 ἐν
1221 2587 1286 2655 τῇ
1337 2583 1498 2654 ἐξόδῳ
1529 2583 1636 2636 τῶν
1681 2584 1973 2648 Ἰουδαίων,
2002 2587 2073 2640 τά

508 2675 564 2724 ἐν
589 2674 654 2742 τῇ
684 2674 894 2744 ἐρήμῳ,
933 2674 1001 2727 τά
1039 2677 1094 2726 ἐν
1124 2677 1188 2745 τῇ
1231 2677 1301 2745 γῇ
1348 2675 1446 2744 τῆς
1497 2675 1876 2746 Παλαιστίνης,
1918 2676 1985 2730 τά
2013 2679 2072 2731 ἐν

508 2764 808 2828 Βαϐυλῶνι,
841 2765 908 2818 τὰ
942 2765 1077 2836 μετά
1114 2767 1211 2836 τὴν
1249 2766 1526 2831 ἐπάνοδον,
1556 2766 1623 2820 τὰ
1656 2767 1749 2820 ἐπὶ
1779 2768 1888 2822 τῶν
1913 2769 2072 2822 Μακ-

505 2853 774 2919 καϐαίων,
831 2855 898 2908 τὰ
942 2855 1078 2926 μετά
1122 2857 1220 2925 τὴν
1250 2856 1481 2926 Χριστοῦ
1516 2857 1847 2927 παρουσίαν,
1897 2858 1965 2911 τὰ
2013 2860 2071 2911 ἐν

504 2948 640 3016 αὐτῇ
679 2950 744 3018 τῇ
788 2948 1093 3018 παρουσία,
1126 2947 1196 3000 τὰ
1245 2949 1404 3020 μέχρι
1445 2951 1684 3020 σήμερον
1723 2950 2001 3020 γινόμενα,
2035 2953 2068 3021 ή

505 3037 852 3103 κατάπτωσις
876 3039 980 3092 τῶν
1024 3039 1426 3112 Ἰεροσολύμων,
1457 3043 1489 3112 ὴ
1527 3042 1779 3112 οἰκοδομὴ
1807 3044 1904 3114 τῆς
1947 3044 2069 3096 Ἐκ-

505 3127 752 3198 κλησίας,
777 3142 806 3180 ο
833 3127 989 3196 λόγος
1013 3130 1040 3182 0
1066 3129 1338 3199 πανταχοῦ
1378 3130 1604 3201 τρέχων,
1634 3132 1663 3184 0
1690 3131 1779 3185 διὰ
1809 3132 2067 3200 κυμάτων

501 3218 706 3288 ἀρθεὶς,
731 3220 760 3271 0
799 3218 888 3270 διὰ
937 3218 1183 3288 πολέμων
1212 3219 1497 3291 αὐξηθεὶς,
1552 3224 1601 3276 οἱ
1637 3223 1744 3276 τῶν
1775 3225 2067 3297 μαρτύρων

501 3307 679 3376 δῆμοι,
711 3307 780 3360 τὰ
814 3308 947 3362 ἄλλα
981 3310 1212 3366 ᾶπαντα.
1257 3313 1433 3367 Πολλά
1470 3314 1526 3367 δέ
1574 3314 1640 3369 ἄν
1686 3333 1770 3380 τις
1803 3319 1897 3372 καὶ
1924 3318 2066 3373 ίδικά

504 3397 600 3449 ἴδοι
634 3399 726 3450 καὶ
753 3401 811 3452 ἐν
848 3399 994 3469 οἰκία
1021 3401 1282 3470 γενόμενα
1312 3402 1584 3473 θαύματα,
1613 3407 1707 3460 καὶ
1742 3407 1800 3459 ἐν
1823 3407 2062 3461 πόλεσιν.

503 3485 663 3541 Ἀλλὰ
683 3487 817 3550 τέως
842 3488 909 3540 τὰ
932 3488 1211 3555 καθολικά,
1230 3492 1321 3544 καὶ
1343 3493 1511 3547 ἆπασι
1527 3495 1661 3565 δῆλα
1683 3497 1777 3550 καὶ
1793 3496 2064 3568 γνώριμα,

508 3569 542 3624 ἂ
584 3572 704 3625 καθ’
742 3575 975 3645 ἐκάστην
1024 3577 1229 3643 γίνεται
1272 3579 1486 3648 γενεάν,
1526 3581 1745 3652 ἴδωμεν.
1791 3583 1937 3636 Πόσα
1974 3585 2066 3638 ἐπὶ

515 3660 796 3714 Ἰουλιανοῦ
833 3662 926 3715 τοῦ
966 3665 1169 3729 πάντας
1210 3667 1435 3738 ἀσεϐείᾳ
1477 3670 1797 3738 νικήσαντος
1851 3671 2062 3739 γέγονε,

499 3748 932 3820 τῆςἘκκλησίας
957 3750 1363 3824 πολεμουμένης
1385 3773 1400 3818 ;
1441 3755 1582 3809 πόσα
1610 3757 1703 3809 ἐπὶ
1726 3757 2060 3828 Μαξιμίνου;

501 3840 643 3893 πόσα
675 3841 780 3912 πρὸ
805 3842 912 3895 τῶν
941 3844 1161 3897 ἐκείνων
1187 3844 1480 3915 βασιλέων;
1517 3850 1580 3903 Εἰ
1609 3850 1667 3904 δέ
1699 3851 1951 3921 βούλεσθε
1973 3856 2065 3910 καὶ

499 3929 567 3982 τά
601 3931 692 3984 ἐπὶ
721 3933 819 4003 τῆς
865 3937 1057 4003 γενεᾶς
1099 3938 1379 4008 συμϐάντα
1405 3940 1505 4010 τῆς
1536 3941 1835 4014 ἡμετέρας,
1877 3938 1988 4000 οἷον
2014 3947 2064 4000 οἱ

501 4025 722 4094 σταυροὶ
762 4025 811 4077 οἱ
856 4025 996 4080 κατὰ
1041 4027 1150 4081 τῶν
1194 4030 1424 4101 ίματίων
1466 4035 1793 4103 χαραγέντες
1845 4037 2061 4109 ἀθρόον,

497 4113 591 4166 τοῦ
629 4114 957 4182 Ἀπόλλωνος
984 4118 1044 4172 τὸ
1088 4121 1228 4191 ἱερὸν
1259 4123 1320 4176 τδ
1350 4123 1578 4194 σκηπτῷ
1605 4127 1947 4197 κατενεχθέν,
1969 4129 2062 4183 τοῦ

497 4205 652 4269 ἁγίου
684 4207 958 4281 μάρτυρος
987 4211 1201 4266 Βαϐύλα
1227 4213 1322 4267 τοῦ
1367 4216 1425 4268 ἐν
1455 4215 1638 4287 Δάφνῃ
1669 4220 1702 4289 ἡ
1752 4219 2060 4289 μετάθεσις,

497 4300 643 4370 καὶή
684 4300 895 4372 φανερὰ
924 4301 1046 4372 νίκη
1079 4305 1112 4372 ἡ
1149 4303 1289 4358 κατὰ
1321 4305 1414 4360 τοῦ
1442 4306 1714 4378 δαίμονος,
1743 4310 1836 4363 τοῦ
1865 4313 2060 4383 ταμίου

493 4390 603 4443 τῶν
631 4390 922 4460 βασιλικῶν
951 4395 1245 4463 χρημάτων
1267 4395 1296 4447 0
1321 4398 1615 4466 παράδοξος
1645 4401 1890 4466 θάνατος,
1921 4405 2060 4477 αὐτὴ

494 4483 528 4550 ἡ
561 4481 653 4535 τοῦ
691 4483 952 4553 βασιλέως
989 4486 1286 4558 ἀναίρεσις,
1319 4488 1486 4542 αὑτοῦ
1533 4490 1625 4544 τοῦ
1659 4491 1944 4546 Ἰουλιανοῦ
1965 4494 2058 4548 τοῦ

497 4568 703 4632 πάντας
731 4572 956 4642 ἀσεϐείᾳ
969 4575 1304 4643 νικήσαντος,
1337 4577 1483 4647 καὶή
1514 4577 1604 4630 τοῦ
1638 4578 1780 4631 θείου
1807 4580 1900 4633 τοῦ
1923 4581 2061 4636 ἐκεί-

496 4674 588 4710 νου
621 4657 883 4724 ἀπώλεια,
903 4661 1012 4714 τῶν
1051 4662 1343 4732 σκωλήκων
1366 4665 1422 4716 αί
1453 4667 1645 4736 πηγαὶ,
1675 4667 1834 4738 ἔτερα
1870 4672 2056 4742 μυρία,

495 4746 523 4796 0
549 4743 731 4814 λιμὸς,
777 4748 807 4800 0
856 4748 1097 4818 αὐχμὸς,
1150 4752 1182 4822 ή
1215 4752 1322 4804 τῶν
1351 4753 1556 4807 ὑδάτων
1596 4757 1822 4820 σπάνις.
1877 4761 1909 4831 ἡ
1941 4763 2056 4830 μετ’

495 4835 660 4888 αὑτοῦ
702 4840 821 4901 ταῖς
872 4839 1086 4894 πόλεσιν
1131 4842 1470 4912 ἐμπεσοῦσα,
1525 4847 1620 4899 καὶ
1667 4847 1831 4921 ἐτερα
1889 4851 2058 4922 μυρία

495 4929 784 5000 πανταχοῦ.

566 5019 627 5074 ε’.
651 5023 760 5074 Καὶ
775 5023 832 5077 ἐν
852 5023 1184 5100 Παλαιστίνῃ
1201 5026 1267 5080 τὰ
1281 5028 1397 5080 τότε
1418 5029 1693 5100 συμϐάντα
1713 5031 1931 5101 ἔγνωτε.
1946 5034 2058 5089 Καὶ

495 5110 603 5182 γάρ
622 5113 781 5182 ἡνίκα
804 5113 895 5167 τὸν
918 5114 1044 5168 ναδν
1066 5118 1268 5170 ἐκεῖνον
1288 5119 1378 5171 τὸν
1397 5123 1461 5192 τῇ
1484 5121 1647 5193 ψήφῳ
1663 5123 1754 5176 τοῦ
1772 5123 1905 5178 Θεοῦ
1929 5125 2060 5179 καθ-

495 5203 776 5272 αιρεθέντα
799 5204 1162 5277 ἀνοικοδομεῖν
1186 5207 1462 5262 ἐϐούλοντο
1479 5211 1735 5275 Ἰουδαῖοι,
1761 5213 1872 5285 πῦρ
1903 5213 2054 5287 [272]

495 5295 560 5348 ἐκ
600 5296 708 5348 τῶν
765 5296 1027 5366 θεμελίων
1071 5298 1381 5370 ἐκπηδῆσαν
1420 5301 1663 5366 ἅπαντας
1707 5303 1903 5376 ήλασε,
1961 5307 2056 5360 καὶ

498 5392 765 5461 μαρτυρεῖ
786 5392 848 5442 τδ
876 5389 1034 5461 ἔργον
1061 5392 1343 5446 ἀτέλεστον
1368 5395 1575 5465 μεῖναν.
1607 5397 1929 5466 Οίκτίρμων
1955 5399 2055 5452 καὶ

547 5559 563 5580 ³
607 5554 688 5630 Sic
715 5558 881 5630 δεινῇ.
927 5560 1138 5630 et__ch.
1184 5561 1356 5630 Mqrel.
1405 5575 1520 5630 gero
1555 5571 1639 5624 τῆς
1673 5567 1895 5630 πονηρίας
1930 5569 2056 5618 ἀπά-

496 5629 600 5686 σης,
616 5622 916 5686 §c_nle_uti§lm
939 5623 1224 5686 relinquens
1251 5622 1605 5686 imperfectum;

494 5675 712 5790 “agit
743 5679 983 5733 ἐπαύσατο
1004 5675 1185 5736 dcéral‘
1209 5687 1258 5736 in
1281 5675 1451 5738 Morel.
1479 5675 1585 5738 Sed
1603 5686 1810 5739 habetur
1834 5687 1883 5738 in
1902 5690 2053 5743 Savil.

1257 371 1314 426 S.
1351 372 1633 427 JOANNIS
1671 369 2152 426 CIIIH'SUSTOMI
2186 370 2506 428 ARCHIEP.
2545 374 3092 432 CONSTANTINOP.

3645 378 3747 434 286

2181 489 2452 559 ἐλεήμων
2479 496 2510 547 ό
2541 495 2750 562 Κύριος
2766 494 2991 564 τροφὴν
3017 495 3195 549 ἔδωκε
3223 497 3342 562 τοῖς
3361 496 3748 565 φοϐουμένοις

2181 582 2383 636 αὐτόν.
2444 585 2800 654 Ἀπαγγείλας
2840 587 3000 640 αὑτοῦ
3034 586 3130 650 τὰς
3171 589 3505 657 εὐεργεσίας,
3533 589 3632 650 τάς
3662 588 3746 641 διὰ

2180 673 2290 726 τῶν
2319 674 2631 745 θαυμάτων,
2667 679 2766 742 τὰς
2802 679 2888 732 διά
2919 680 3026 732 τῶν
3067 680 3262 748 ἔργων,
3293 681 3388 750 τὴν
3421 680 3745 749 κηδεμονίαν

2179 762 2278 833 τὴν
2309 764 2446 835 ὑπὲρ
2473 766 2628 837 ἡμῶν
2657 770 3050 840 γεγενημένην,
3079 771 3175 823 καὶ
3200 768 3374 837 τούτῳ
3405 769 3567 822 πάλιν
3597 766 3744 831 αὔξει

2179 852 2270 904 τὸν
2303 853 2481 922 λόγον,
2511 857 2723 922 δεικνὺς
2750 861 2832 912 ὅτι
2868 859 3102 912 τοσαῦτα
3132 859 3226 912 καὶ
3261 855 3563 928 τηλικαῦτα
3589 857 3742 925 ποιή-

2183 960 2282 1007 σας
2307 947 2448 1016 ύπέρ
2469 951 2566 1017 τῆς
2585 950 2856 1019 σωτηρίας
2877 951 2975 1019 τῆς
2988 950 3097 1002 τῶν
3117 949 3436 1020 ἀνθρώπων,
3459 947 3557 1000 καὶ
3585 944 3741 998 παντὶ

2179 1038 2367 1107 τρόπῳ
2394 1040 2687 1104 παιδεύσας
2714 1043 2926 1106 αὐτοὺς,
2957 1044 3053 1096 καὶ
3083 1042 3349 1095 παιδεύων
3377 1041 3456 1101 εἰς
3499 1039 3598 1107 τὴν
3627 1037 3739 1090 060-

2179 1125 2417 1192 γνωσίαν
2462 1128 2554 1180 καὶ
2581 1129 2682 1199 τὴν
2723 1132 2898 1199 άκραν
2931 1129 3266 1197 φιλοσοφίαν,
3311 1127 3406 1180 καὶ
3434 1122 3738 1193 διακρατῶν

2179 1219 2358 1272 αὐτῶν
2385 1221 2482 1291 τὴν
2517 1220 2683 1294 ζωὴν,
2721 1223 2781 1274 ού
2824 1223 2962 1276 κατά
2997 1221 3216 1291 ὀφειλὴν
3251 1218 3409 1272 τοῦτο
3453 1214 3737 1288 ἐργάζεται
3787 1249 3806 1278 ε

2181 1313 2346 1385 (ὅπερ
2381 1315 2606 1386 μεγίστη
2639 1316 2794 1386 χάρις
2825 1316 3019 1380 ἐστὶν),
3055 1311 3192 1367 ἀλλά
3235 1312 3301 1365 δι’
3329 1311 3474 1363 ἔλεον
3499 1310 3594 1362 καὶ
3626 1306 3738 1374 φιλ-

2179 1403 2511 1474 ανθρωπίαν,
2553 1405 2650 1474 ούχ
2679 1405 2754 1468 ὡς
2793 1406 2954 1468 αὐτὸς
2997 1404 3247 1474 δεόμενος
3270 1400 3467 1465 αὐτῶν,
3507 1397 3641 1452 ἀλλά
3675 1393 3738 1447 δι’

2178 1495 2486 1566 ἀγαθότητα
2520 1497 2707 1567 μόνην.
2740 1495 2980 1566 Τρυφήν
3001 1497 3183 1550 ἔδωκε
3214 1493 3338 1560 τοῖς
3356 1491 3740 1563 φοϐουμένοις

2175 1587 2381 1639 αὐτόν.
2407 1586 2559 1649 Τίνος
2586 1588 2769 1640 ἐνεκεν
2794 1589 2917 1651 τοὺς
2934 1586 3296 1658 φοϐουμένους
3321 1583 3552 1637 ἐνταῦθα
3576 1580 3738 1633 τέθει-

2177 1683 2304 1740 κεν;
2341 1677 2414 1728 Οὐ
2438 1677 2544 1746 γὰρ
2571 1676 2634 1746 δὴ
2683 1677 2874 1747 μόνους
2911 1677 3106 1740 αὐτοὺς
3136 1676 3346 1746 τρέφει.
3389 1674 3499 1727 Καὶ
3549 1672 3656 1742 γάρ
3683 1673 3735 1722 ἐν

2174 1764 2252 1833 τῷ
2279 1764 2592 1834 Εύαγγελίῳ
2609 1765 2793 1836 φησιν,
2825 1765 2944 1818 Ὅτι
2975 1765 3290 1819 ἀνατέλλει
3315 1760 3422 1814 τὸν
3457 1759 3627 1828 ἣλιον
3643 1760 3734 1812 ἐπὶ

2175 1853 2477 1919 πονηροὺς
2507 1853 2606 1908 καί
2653 1853 2929 1923 ἀγαθοὺς,
2965 1853 3062 1906 καὶ
3098 1852 3304 1921 ,ϐρέχει
3344 1850 3441 1903 ἐπὶ
3475 1849 3734 1913 δικαίους

2175 1943 2274 1998 καί
2301 1945 2566 2009 ἀδίκους.
2619 1945 2742 2008 Πῶς
2771 1941 2862 1998 οῦν
2888 1941 3029 2008 εἶπε,
3062 1943 3192 2008 Τοῖς
3220 1938 3611 2011 φοϐουμένοις
3630 1940 3732 1992 αὑ-

2175 2034 2280 2086 τόν
2305 2049 2322 2094 ;
2352 2033 2567 2103 Τροφην
2593 2033 2825 2086 ἐνταῦθα
2851 2033 2995 2085 δοκεῖ
3022 2047 3114 2100 μοι
3136 2029 3314 2096 λέγειν
3335 2028 3396 2080 ού
3422 2025 3519 2097 τὴν
3559 2040 3734 2092 σωμα-

2173 2119 2350 2191 τικήν,
2378 2120 2513 2175 ἀλλά
2532 2121 2630 2192 τὴν
2651 2121 2749 2189 τῆς
2773 2119 2970 2190 ψυχῆς.
3026 2120 3124 2172 Διά
3153 2117 3309 2170 τοῦτο
3337 2121 3430 2169 καὶ
3467 2115 3598 2184 περῒ⁵
3629 2114 3731 2165 τῶν

2175 2211 2522 2283 φοϐουμένων
2543 2211 2842 2280 διαλέγεται
2867 2210 3023 2281 μόνον
3037 2226 3051 2239 °
3076 2209 3210 2280 αῦτη
3235 2210 3342 2278 γὰρ
3363 2206 3570 2269 τούτοις
3592 2204 3731 2259 ἐστὶν

2172 2304 2546 2377 ἀφωρισμένη.
2578 2305 2784 2374 Ὥσπερ
2807 2304 2916 2376 γὰρ
2947 2305 3203 2376 τρέφεται
3232 2303 3407 2372 σῶμα,
3438 2299 3579 2352 οὕτω
3614 2297 3732 2368 τρέ-

2172 2411 2327 2462 φεται
2367 2395 2460 2447 καὶ
2489 2394 2656 2465 ψυχή.
2699 2396 2806 2448 Καὶ
2841 2395 2922 2447 ὅτι
2954 2393 3210 2464 τρέφεται
3257 2393 3418 2446 ἄκουε
3440 2409 3453 2421 ο
3495 2391 3618 2442 Οὐκ
3643 2388 3731 2439 ἐπ’

2170 2487 2324 2554 ᾶρτῳ
2355 2489 2521 2555 μόνῳ
2560 2485 2795 2553 (licata:
2838 2486 3174 2554 ἄνθρωπος,
3229 2482 3366 2538 ἀλλ’
3410 2482 3508 2534 ἐπὶ
3557 2480 3728 2532 παντί

2165 2578 2381 2647 ῥήματι
2406 2577 2851 2647 ἐκπορευομένῳ
2871 2577 2965 2630 διὰ
2991 2578 3286 2646 στόματος
3313 2573 3478 2628 Θεοῦ.
3520 2572 3732 2640 Ταύτην

2169 2665 2261 2722 οὖν
2287 2669 2433 2736 λέγει
2471 2670 2569 2739 τὴν
2603 2668 2827 2738 τροφὴν,
2863 2669 2928 2738 ἢν
2966 2666 3256 2736 ἐξαιρέτως
3300 2664 3466 2717 ἔδωκε
3495 2665 3608 2726 τοῖς
3637 2679 3727 2731 φο-

2170 2759 2450 2829 ϐουμένοις
2476 2759 2657 2822 αὑτὸν,
2690 2759 2787 2831 τὴν
2809 2758 2898 2812 διά
2927 2758 3018 2812 τοῦ
3051 2757 3209 2827 λόγου
3244 2754 3608 2815 διδασκαλίαν,
3636 2755 3728 2823 τὴν

2169 2849 2466 2912 παίδευσιν,
2509 2848 2608 2919 τὴν
2655 2848 2969 2916 φιλοσοφίαν
3015 2846 3250 2901 ἅπασαν.
3305 2842 3728 2911 Μνησθήσεται

2167 2941 2253 3005 είς
2281 2939 2386 2993 τὸν
2411 2939 2596 2993 αιῶνα
2622 2938 2908 3004 διαθήκης
2929 2937 3134 2993 αὑτοῦ.
3158 2938 3325 2992 Πάλιν
3355 2935 3728 2990 καταστέλλων

2165 3030 2273 3082 τῶν
2315 3029 2577 3084 Ἰουδαίων
2625 3030 2722 3101 τὴν
2764 3030 3050 3094 ἀπόνοιαν,
3087 3030 3182 3083 καὶ
3220 3028 3311 3082 τὸν
3353 3027 3521 3096 τῦφον
3553 3027 3726 3080 αὐτῶν

2167 3121 2619 3193 ὑποτεμνόμενος,
2655 3120 2852 3192 μᾶλλον
2875 3121 2931 3173 δέ
2964 3121 3195 3184 δεικνὺς,
3223 3121 3303 3173 ὅτι
3340 3119 3448 3172 τῶν
3486 3117 3723 3187 ἀγαθῶν,

2165 3205 2241 3265 ὧν
2273 3211 2614 3282 ἀπήλαυσαν,
2643 3211 2703 3264 ού
2737 3209 2824 3263 διά
2858 3209 2954 3280 τὴν
2993 3209 3146 3276 ἀξίαν
3175 3209 3495 3280 ἀπήλαυσαν
3519 3208 3618 3277 τὴν
3647 3210 3720 3260 0!-

2165 3304 2336 3371 κείαν,
2367 3303 2502 3358 ἀλλά
2537 3303 2624 3356 διά
2654 3301 2750 3373 τὴν
2791 3297 2968 3371 φιλίαν
2999 3299 3159 3355 αὐτοῦ
3186 3301 3281 3371 τὴν
3313 3301 3446 3371 πρὸς
3474 3303 3599 3365 τοὺς
3627 3317 3725 3354 πα-

2163 3399 2346 3469 τέρας,
2367 3397 2462 3452 καὶ
2489 3398 2587 3461 τὰς
2629 3396 2902 3467 συνθήκας
2938 3395 3036 3460 τάς
3072 3395 3206 3467 πρὸς
3235 3395 3474 3459 ἐκείνους
3507 3411 3724 3466 γεγενη-

2167 3491 2354 3560 μένας,
2397 3491 2562 3562 φησί’
2596 3489 3019 3557 Μνησθήσεται
3045 3490 3131 3553 είς
3163 3487 3269 3541 τὸν
3309 3487 3495 3540 αἰῶνα
3525 3486 3722 3551 διαθή-

2163 3594 2274 3644 κης
2294 3576 2476 3630 αὐτοῦ
2495 3594 2509 3607 ·
2563 3577 2702 3647 ὅπερ
2756 3576 2849 3629 καὶ
2876 3575 3108 3646 Μωῦσῆς
3139 3575 3503 3646 παρήγγειλεν
3547 3577 3724 3637 αὐτοῖς

2162 3663 2421 3718 εἰσιοῦσιν
2453 3666 2532 3728 είς
2556 3665 2654 3735 τὴν
2684 3664 2784 3734 γῆν
2813 3663 2913 3733 τῆς
2943 3663 3268 3731 ἐπαγγελίας
3296 3662 3476 3729 λέγειν
3507 3663 3605 3716 καὶ
3639 3662 3721 3714 ἐν·

2161 3753 2324 3805 νοεῖν.
2371 3752 2506 3806 Ἐὰν
2533 3751 2640 3822 γάρ
2671 3750 3094 3819 οὶκοδομήσῃς,
3135 3749 3289 3820 φησὶ,
3324 3750 3533 3813 πόλεις
3577 3751 3724 3818 λαμ-

2162 3842 2336 3909 πρὰς,
2355 3842 2451 3895 καὶ
2479 3841 2765 3910 περιϐάλῃ
2788 3840 3054 3894 πλοῦτον
3073 3837 3406 3909 χρημάτων,
3423 3839 3510 3907 μὴ
3531 3839 3721 3904 siam.

2162 3927 2251 3982 ὅτι
2286 3928 2388 3983 Διά
2411 3929 2525 3996 τὴν
2552 3927 2948 3994 δικαιοσύνην
2972 3944 3091 3996 μου
3120 3925 3305 3980 ταῦτα
3336 3926 3602 3994 γέγονεν.
3622 3927 3724 3979 0.1-

2161 4015 2241 4070 λὰ
2271 4016 2369 4070 διὰ
2392 4017 2497 4080 τὰς
2529 4013 2840 4080 συνθήκας
2861 4014 2967 4080 τὰς
2991 4013 3139 4082 πρὸς
3153 4013 3292 4078 τοὺς
3317 4013 3573 4081 πατέρας
3589 4029 3718 4067 σου.

2162 4102 2327 4158 Ούδέν
2355 4103 2463 4174 γὰρ
2493 4102 2746 4164 ἀπονοίας
2782 4103 2959 4172 χεῖρον
2980 4117 2994 4130 ο
3047 4099 3135 4153 διὰ
3168 4099 3324 4152 τοῦτο
3349 4102 3510 4152 παντὶ¹
3545 4100 3724 4170 τρόπῳ

2160 4189 2254 4244 καὶ
2268 4188 2555 4252 διαπαντὸς
2577 4191 2605 4242 0
2621 4189 2751 4252 Θεὸς
2768 4187 3022 4240 ἐκκόπτει
3043 4187 3211 4256 αὐτὴν
3232 4185 3489 4256 συνεχῶς.
3527 4185 3724 4258 Ἰσγίον

2159 4276 2347 4345 ἔργων
2365 4273 2550 4330 αὑτοῦ
2575 4273 2891 4344 ἀνήγγειὰε
2911 4273 2989 4339 τῷ
3010 4271 3136 4338 λαῷ
3159 4273 3365 4337 αὑτοῦ,
3388 4273 3494 4328 τοῦ
3515 4272 3645 4328 δοῦι
3659 4289 3721 4326 αι

2158 4363 2362 4430 αὐτοῖς
2377 4363 2781 4432 κληρονομίαν
2801 4359 3003 4416 ἐθνῶν.
3044 4360 3173 4414 Ἀπὸ
3190 4361 3296 4412 τῶν
3312 4360 3614 4415 καθολικῶςΙ
3639 4360 3722 4412 ἐπὶ

2157 4449 2226 4502 τά
2252 4450 2452 4521 μερικά
2490 4450 2716 4521 μετάγει
2739 4450 2828 4502 τὸν
2853 4449 3008 4517 λόγον
3028 4465 3042 4480 ⁸
3074 4448 3182 4502 ἀπὸ
3207 4449 3314 4500 τῶν
3347 4448 3488 4502 κατά
3525 4448 3624 4521 τὴν
3649 4449 3722 4499 0!-

2159 4533 2428 4604 κουμένην
2467 4533 2772 4604 γενομένων
2796 4571 2811 4596 ,
2856 4533 2946 4586 ἐπὶ
2988 4533 3054 4585 τὰ
3100 4531 3368 4594 Ἰουδαίοις
3419 4530 3717 4599 συμϐάντα.

2159 4619 2408 4675 Μάλιστα
2437 4619 2513 4682 δέ,
2540 4620 2594 4672 εί
2615 4636 2700 4682 τις
2721 4619 2959 4690 ἀκριϐῶς
2987 4618 3277 4683 ἐξετάσειε,
3309 4619 3404 4671 καὶ
3429 4617 3602 4674 ταῦτα
3627 4635 3719 4670 κα-

2159 4707 2384 4763 θολικῶν
2414 4708 2596 4778 ἐπέχει
2623 4707 2794 4773 τάξιν.
2842 4707 2924 4760 Τὰ
2957 4707 3061 4778 γὰρ
3096 4707 3176 4770 είς
3207 4707 3404 4766 αὐτοὺς
3435 4705 3715 4776 γινόμενα,

2155 4799 2266 4860 τοῖς
2297 4796 2476 4860 ἄλλοις
2503 4795 2835 4850 διδασκαλίαι
2862 4795 3120 4862 ἐγίνοντο,
3155 4795 3250 4849 καὶ
3273 4794 3320 4846 of
3343 4793 3589 4864 πόλεμοι,
3630 4793 3718 4844 καὶ

2155 4885 2224 4938 τὰ
2247 4884 2502 4954 τρόπαια,
2522 4884 2614 4937 καὶ
2635 4883 2692 4937 αἱ
2717 4885 2861 4935 νῖκαι
2883 4883 3002 4934 ἀντί⁵
3017 4881 3364 4952 κηρύγματος
3389 4881 3592 4951 ῆρκουν
3611 4883 3717 4942 τοῖς

2156 4971 2529 5042 προσέχουσιν.
2553 4971 2628 5024 Οὐ
2649 4969 2753 5040 γὰρ
2771 4968 3056 5040 ἀκολουθίᾳ
3073 4967 3168 5021 ἀνθ
3177 4967 3404 5039 ρωπίνῃ,
3423 4966 3561 5020 άλλά
3583 4966 3717 5035 ύήρ

2155 5059 2312 5127 λόγον
2338 5057 2510 5112 ταῦτα
2540 5057 2838 5112 συνέϐαινε.
2879 5056 3014 5110 Ποία
3042 5055 3150 5127 γὰρ
3189 5054 3477 5108 ἀκολουθία
3515 5054 3714 5121 ἐκείνη.

2159 5145 2526 5210 σαλπιζόντων
2562 5143 2741 5196 αὐτῶν
2774 5141 2844 5198 τὰ
2884 5141 3035 5212 τείχη
3080 5140 3548 5203 καταϐάλλεσθαι,
3625 5139 3716 5194 καὶ

2154 5235 2386 5301 γυναῖκα
2427 5227 2832 5302 στρατηγοῦσαν
2870 5234 3025 5301 νικᾷν
3055 5229 3149 5282 καὶ
3181 5228 3571 5297 περιγίνεσθαι,
3626 5227 3717 5280 καὶ

2155 5317 2366 5371 παιδίον
2402 5316 2595 5387 μικρὸν
2626 5315 2990 5386 βαρϐαρικοὺς
3011 5315 3273 5384 πολέμους
3301 5313 3592 5368 καταλύειν
3612 5313 3715 5366 ἀπὸ

2153 5400 2302 5454 λίθου
2354 5399 2516 5470 βολῆς
2543 5401 2709 5470 μιᾶς;
2756 5399 2864 5453 Καὶ
2902 5399 3063 5468 ἕτερα
3094 5398 3149 5450 δέ
3186 5397 3318 5451 ἀλλα
3348 5396 3502 5468 [273]
3545 5393 3713 5463 παρά·

2153 5483 2278 5548 δοξα
2299 5482 2519 5537 τοιαῦτα
2565 5481 2893 5536 συνέϐαινεν.
2934 5481 3088 5534 Οὕτω
3123 5479 3230 5534 τῶν
3255 5479 3528 5550 πολεμίων
3553 5477 3712 5548 ἐκρά-

2153 5587 2344 5640 τησαν,
2393 5569 2537 5625 οὕτω
2568 5570 2666 5642 τῆς
2693 5569 3049 5639 Παλαιστίνης
3081 5567 3348 5634 ἐξέϐαλον.
3411 5566 3582 5620 Ὅταν
3626 5559 3714 5618 οὖν

2153 5657 2308 5728 λέγῃ,
2349 5656 2758 5726 Ἰσχὺνέρτων
2784 5653 2969 5710 αὐτοῦ
2996 5653 3315 5723 ἀνήγγειλε
3349 5651 3430 5716 τῷ
3456 5654 3584 5714 λαῷ
3621 5651 3717 5703 ab—

2159 5743 2284 5813 τοῦ,
2311 5745 2460 5799 οὐδὲν
2493 5743 2619 5799 ἄλλο
2644 5743 2810 5813 λέγει,
2837 5741 2869 5814 ἢ
2893 5743 2974 5796 ὅτι
3001 5742 3270 5810 ἐπέδειξεν
3301 5739 3466 5796 αὐτοῦ
3500 5741 3596 5814 τὴν
3629 5733 3716 5792 δύο
