4112 6208
343 442 450 498 5285

345 551 604 617 conﬁdas,
630 551 674 606 si
705 551 760 606 in
790 563 919 620 pace
947 547 1114 602 vitam
1151 543 1351 600 ﬁnieris
1404 561 1416 596 :
1468 552 1747 613 postquam
1784 537 1926 594 enim

347 647 471 701 hinc
501 642 819 707 excesseris,
852 639 1090 694 omnium
1132 635 1322 692 reddes
1350 634 1633 700 rationem,
1679 629 1928 700 nequitia:

343 739 524 794 debila
561 736 758 791 solves.
791 735 929 788 Deus
955 731 1097 787 enim
1120 745 1335 801 semper
1361 741 1602 792 manens,
1625 734 1926 780 manentem

341 845 564 900 semper
593 828 753 882 habet
778 825 1058 896 justitiam,
1101 824 1186 879 cui
1226 837 1370 877 mors
1399 820 1533 876 nihil
1570 817 1824 874 rescindit
1860 815 1928 871 de

339 919 787 976 remuneratione
809 917 1047 972 laborum
1074 930 1171 985 pro
1194 914 1390 968 virtute
1413 919 1804 981 susceptorum,
1829 923 1929 962 nec

345 1013 413 1067 de
441 1010 769 1077 irrogatione
792 1007 1174 1077 suppliciorum
1203 1020 1323 1074 qua:
1352 1003 1617 1058 debentur
1643 999 1854 1054 sceleri.

422 1104 675 1158 Miracula
717 1113 911 1171 semper
952 1100 1087 1154 Deus
1132 1100 1363 1168 {aciL—
1385 1098 1434 1152 ι.
1481 1094 1782 1150 Memoriam
1815 1092 1933 1162 fecit

346 1193 657 1246 mirabilium
697 1206 922 1244 suorum.
971 1188 1104 1255 Quid
1149 1196 1268 1253 est,
1310 1186 1606 1241 Memoriam
1634 1183 1747 1253 fecit
1778 1183 1934 1234 mira-

347 1285 524 1338 bilium
548 1282 790 1337 suorum?
814 1281 1130 1350 Numquam,
1159 1279 1351 1348 inquit,
1378 1275 1635 1332 miracula
1657 1273 1831 1328 facere
1854 1273 1933 1326 in-

350 1375 597 1431 tet-misit.
627 1373 739 1428 Hoc
765 1373 905 1428 enim
934 1381 1039 1440 est,
1067 1371 1364 1426 Memoriam
1391 1370 1526 1439 fecit,
1551 1382 1656 1422 non
1683 1365 1929 1429 cessavit,

349 1486 456 1526 non
507 1469 710 1524 destitit
745 1483 840 1538 per
878 1483 1094 1523 omnem
1135 1466 1534 1535 generationem
1574 1463 1752 1519 facere
1779 1462 1934 1516 mira-

349 1563 490 1625 cula,
522 1570 577 1616 et
603 1576 696 1630 per
723 1575 812 1615 res
836 1559 1178 1613 admirabiles
1212 1557 1447 1612 excitare
1479 1554 1787 1610 crassiores.
1828 1551 1930 1619 Qui

349 1665 434 1710 est
469 1655 612 1709 enim
643 1651 857 1707 excelso
884 1651 1064 1706 animo
1101 1659 1157 1705 et
1199 1647 1549 1719 philosotihia:
1588 1645 1788 1713 dedito,
1821 1660 1928 1700 non

349 1761 486 1815 opus
522 1743 736 1800 habebit
761 1745 929 1814 signis
962 1761 976 1797 :
1007 1741 1152 1796 Beati
1193 1742 1336 1796 enim
1363 1741 1449 1808 qui
1475 1756 1575 1793 non
1603 1737 1849 1800 viderunt,
1881 1745 1930 1791 et

346 1837 663 1891 crediderunt
691 1833 868 1906 (Joan.
894 1833 985 1888 20.
1017 1833 1128 1904 29).
1158 1831 1419 1901 Quoniam
1451 1839 1628 1885 autem
1672 1830 1785 1899 ipse
1820 1843 1929 1884 non

343 1943 532 1982 eorum
565 1925 928 1980 tantummodo
959 1939 1139 1980 curam
1164 1924 1323 1994 gerit,
1365 1921 1459 1977 sed
1489 1921 1652 1976 etiam
1695 1919 1928 1974 crassio-

342 2035 484 2086 rum,
513 2016 736 2072 inomni
782 2015 894 2071 fere
928 2016 1272 2087 generatione
1301 2029 1407 2068 non
1450 2021 1626 2068 cessat
1672 2011 1928 2066 miracula

339 2111 524 2166 edere.
561 2108 700 2164 Satis
722 2107 936 2179 quidem
960 2121 1208 2176 magnum
1237 2116 1320 2161 est
1345 2103 1655 2160 miraculum
1679 2103 1927 2157 universa

341 2220 530 2259 eorum
569 2219 688 2273 qua:
725 2201 974 2256 videntur
1009 2199 1211 2254 creatio
1237 2215 1252 2252 :
1283 2196 1376 2252 sed
1419 2205 1597 2252 tamen
1637 2196 1926 2250 multorum

341 2297 642 2352 socordiam
673 2296 934 2357 excitans,
961 2293 1014 2347 in
1040 2291 1220 2347 medio
1241 2290 1346 2345 hoc
1370 2289 1580 2344 theatro
1599 2297 1654 2343 et
1679 2288 1925 2357 privatim

345 2396 402 2442 et
437 2385 648 2456 publice
694 2385 861 2438 multa
887 2381 1126 2438 ostendit
1154 2380 1438 2444 mirabilia,
1467 2379 1604 2434 sicut
1641 2377 1926 2443 diluvium,

347 2479 651 2546 linguarum
706 2474 1104 2538 confusionem,
1153 2471 1506 2526 Sodomorum
1550 2469 1928 2538 conﬂagratio-

350 2583 498 2632 nem,
531 2582 648 2635 quae
677 2564 924 2629 Abrahte,
951 2579 1068 2634 qua:
1090 2561 1256 2628 Isaac,
1283 2577 1401 2631 qua:
1427 2561 1590 2618 Jacob
1611 2568 1926 2626 evenerunt,

350 2673 470 2728 qua:
500 2657 552 2711 in
581 2655 812 2726 Egypto
842 2654 978 2708 facta
1005 2663 1148 2716 sunt,
1189 2667 1308 2722 qua:
1335 2653 1386 2706 in
1413 2654 1556 2707 exitu
1595 2651 1928 2716 Judarorum,

350 2766 470 2819 qua:
501 2749 552 2802 in
578 2745 883 2811 solitudine,
917 2760 1034 2815 quae
1062 2746 1114 2799 in
1147 2745 1462 2810 Palaestina,
1490 2759 1610 2812 qua:
1641 2743 1929 2814 Babylone,

349 2857 471 2912 quae
498 2849 617 2910 post
638 2838 888 2904 reditum,
912 2851 1029 2906 qua:
1056 2845 1296 2906 tempore
1316 2833 1790 2898 lllacchabteorum,
1814 2847 1934 2902 qua:

352 2939 472 3000 post
496 2928 689 2984 Christi
713 2927 1019 2994 adventum,
1047 2941 1163 2997 qua:
1200 2925 1252 2979 in
1293 2925 1410 2994 ipso
1450 2925 1704 2990 adventu,
1735 2940 1854 2995 quae
1880 2925 1932 2978 in

349 3025 493 3080 diem
523 3023 840 3077 hodiernum
873 3035 1042 3090 usque
1068 3019 1218 3086 ﬁunt,
1253 3019 1406 3073 ruina
1451 3017 1930 3090 Jerosolymorum,

349 3113 630 3170 aediﬁcatio
651 3112 920 3176 Ecclesiae,
939 3110 1161 3166 verbum
1191 3109 1332 3180 quod
1355 3124 1780 3180 quoquoversum
1811 3124 1934 3176 per-

350 3207 516 3272 vadit,
531 3205 670 3275 quod
693 3219 789 3273 per
808 3202 999 3257 ﬂuctus
1025 3203 1263 3272 erigitur,
1288 3217 1384 3272 per
1407 3201 1544 3256 bella
1556 3200 1929 3270 ampliﬁcatur,

353 3305 654 3366 martyrum
692 3293 885 3358 turbze,
916 3292 1125 3363 aliaque
1145 3293 1344 3346 omnia.
1373 3291 1534 3346 Multa
1559 3301 1736 3347 autem
1766 3290 1934 3346 videri

354 3395 573 3457 possunt
600 3394 655 3442 et
674 3385 938 3455 privatim,
961 3394 1015 3438 et
1036 3385 1086 3438 in
1114 3383 1293 3449 domo,
1322 3384 1448 3439 etin
1473 3386 1776 3440 civitatibus
1796 3383 1932 3438 facta

352 3478 625 3534 miracula.
653 3477 757 3533 Sed
787 3492 905 3546 qua:
932 3484 1056 3530 sunt
1082 3477 1372 3546 generalia,
1398 3484 1454 3532 et
1487 3477 1736 3532 omnibus
1765 3476 1932 3532 mani-

350 3571 482 3624 feSta
516 3583 579 3624 ac
606 3567 834 3638 cognita,
873 3576 927 3621 et
965 3581 1084 3636 qme
1113 3564 1246 3620 ﬁunt
1274 3566 1327 3621 in
1357 3582 1668 3638 unaquaque
1707 3583 1932 3639 genera-

351 3662 514 3728 tione,
545 3659 834 3715 videamus.
865 3661 1004 3726 Quot
1026 3658 1236 3714 Juliano
1271 3659 1586 3728 imperante,
1626 3660 1716 3731 qui
1743 3674 1931 3716 omnes

353 3753 622 3824 impietate
678 3751 981 3822 superavit,
1035 3750 1159 3806 dum
1213 3761 1607 3821 oppugnaretur
1654 3752 1927 3818 Ecclesia,

351 3844 485 3899 facta
511 3841 672 3898 sunt?
693 3853 820 3914 quot
844 3841 1168 3896 Maximino?
1193 3850 1321 3911 quot
1345 3851 1468 3898 ante
1491 3844 1622 3898 istos
1642 3845 1933 3915 Imperato-

351 3937 478 3992 res?
508 3935 613 3991 Sed
642 3935 686 3990 si
716 3934 900 4000 vultis,
946 3948 1010 3989 ea
1049 3933 1208 3988 etiam
1245 3949 1363 4004 quae
1402 3935 1453 3989 in
1495 3945 1674 3990 nostra
1705 3951 1935 4006 genera-

352 4031 495 4084 tione
520 4034 836 4092 evenerunt,
867 4039 1061 4095 nempe
1089 4038 1278 4080 cruces
1307 4035 1526 4094 repente
1553 4027 1605 4081 in
1639 4029 1931 4082 vesumen-

351 4123 420 4178 tis
457 4121 728 4190 impressae
766 4117 881 4189 (a),
923 4114 1185 4187 Apollinis
1231 4117 1485 4187 templum
1529 4117 1748 4173 fulmine
1783 4119 1933 4188 deje-

352 4230 527 4286 ctum,
581 4221 751 4276 sancti
805 4216 1054 4290 martyris
1101 4215 1315 4288 Babylze
1349 4216 1439 4288 qui
1480 4217 1533 4271 in
1579 4216 1793 4288 Daphne
1821 4227 1936 4274 erat

358 4313 633 4368 translatio
660 4313 758 4382 (b),
787 4319 841 4366 et
867 4319 1051 4381 aperta
1081 4309 1340 4365 adversus
1367 4310 1664 4364 dtrmonem
1691 4311 1932 4378 victoria,

350 4405 638 4475 quaestoris
689 4402 1043 4472 imperatoria:
1088 4403 1328 4472 pecuniae
1378 4401 1647 4471 inopinata
1694 4418 1839 4458 mors
1881 4411 1936 4458 et

349 4496 700 4562 admirabilis,
729 4495 894 4566 ipsius
923 4493 1263 4562 Imperatoris
1290 4493 1485 4558 caedes,
1515 4495 1681 4564 ipsius
1719 4495 1932 4564 iuquatn

350 4588 570 4655 Juliani,
601 4588 689 4658 qui
717 4601 904 4642 omnes
947 4585 1218 4655 impietate
1244 4584 1466 4652 vicerat,
1497 4595 1552 4641 et
1594 4587 1840 4642 avunculi
1880 4587 1936 4642 il-

349 4681 453 4736 lius
493 4681 754 4746 interitus,
785 4680 1046 4734 vermium
1093 4677 1294 4741 fontes,
1336 4677 1545 4747 aliaque
1577 4677 1937 4734 innumerabi-

352 4772 442 4836 lia,
487 4768 679 4833 l‘ames,
723 4770 938 4824 siccitas
979 4776 1034 4822 et
1073 4767 1346 4833 sterilitas,
1387 4782 1641 4838 aquarum
1690 4772 1932 4840 penuria,

350 4877 470 4932 quas
502 4877 603 4916 una
633 4877 755 4917 cum
791 4877 856 4916 eo
889 4860 1132 4916 civitates
1167 4859 1380 4924 invasit,
1407 4870 1462 4915 et
1489 4859 1590 4916 alia
1629 4861 1823 4932 ubique
1849 4863 1932 4918 in-

350 4971 592 5011 numera.

421 5048 476 5102 5.
521 5048 596 5101 Ea
623 5062 833 5116 quoque
879 5062 997 5115 qua!
1047 5047 1097 5101 in
1130 5033 1410 5102 Palaestina
1451 5057 1575 5103 tunc
1619 5058 1932 5117 evenerunt,

345 5137 702 5210 eognovistis.
728 5139 953 5206 Quando
982 5141 1122 5195 enim
1147 5138 1274 5194 illud
1303 5142 1577 5209 templum,
1605 5142 1783 5196 divina
1805 5152 1933 5198 sen-

346 5231 515 5284 tentia
545 5230 799 5298 dirutum,
823 5247 1005 5287 rursus
1030 5231 1297 5287 aediﬁcare
1323 5233 1570 5288 volebant
1589 5233 1780 5300 Judtei,
1801 5234 1936 5304 ignis

415 5381 488 5448 (a)
520 5387 614 5448 tlte
644 5394 814 5448 cruces
852 5383 900 5431 in
942 5383 1250 5433 vestimentis
1297 5384 1545 5448 impressa:
1586 5385 1934 5448 observanda,

350 5443 526 5518 quales
550 5444 694 5518 etiam
731 5445 856 5518 visas
889 5457 1004 5493 esse
1028 5453 1247 5518 narratur
1275 5443 1628 5518 muItlspostea
1655 5447 1836 5518 elapsis
1849 5443 1940 5499 ste;

349 5505 492 5565 culis,
518 5505 709 5567 quando
734 5506 781 5572 in
804 5514 1000 5572 Terram
1022 5505 1599 5572 sanctamespeditiones
1613 5505 1940 5572 suscipieban-

354 5576 447 5631 tur.
467 5565 581 5625 Quae
606 5580 724 5631 vero
748 5569 812 5616 de
837 5566 1021 5631 templo
1047 5565 1280 5631 Apollinis
1301 5565 1502 5631 fulmine
1527 5579 1669 5631 tacto,
1695 5565 1759 5621 dé
1784 5580 1938 5623 trans-

353 5629 532 5678 latione
575 5630 728 5678 sancti
775 5629 996 5690 Babylae,
1037 5637 1163 5684 ete.,
1205 5629 1420 5690 pluribus
1453 5629 1703 5681 narrantur
1739 5636 1786 5684 in
1830 5635 1938 5686 Vita

353 5691 692 5757 Chrysostomi.
717 5698 884 5757 Deque
907 5691 982 5739 his
1000 5690 1097 5757 jam
1121 5690 1324 5752 plurima
1347 5691 1468 5741 dixit
1503 5692 1867 5757 Chrysostomus
1891 5701 1938 5748 in

358 5751 572 5802 Ettoomio
595 5758 638 5800 S.
667 5751 868 5814 Babylte,
893 5759 1025 5800 Tom.
1054 5751 1072 5800 Ι
1079 5752 1114 5800 1.

415 5814 488 5877 (ο)
521 5820 631 5864 ttzec
649 5815 740 5864 sub
757 5812 942 5866 Juliauo
963 5814 1086 5865 facta
1112 5822 1188 5865 est
1211 5812 1520 5876 reliquiarum
1544 5819 1806 5873 translatio.

1461 425 1820 486 EXPOSITIO
1857 422 1922 479 IN
1962 419 2278 479 PSALMUM
2307 420 2417 477 CX.

3511 423 3618 479 9-86

2037 533 2124 603 qui
2151 547 2182 588 e
2209 532 2561 588 fundamentis
2586 531 2781 588 exsiliit
2798 546 2985 588 omnes
3011 532 3206 601 abegit,
3230 543 3283 589 et
3308 533 3359 588 id
3392 543 3622 590 testatur

2035 638 2170 694 opus
2197 623 2339 693 quod
2371 625 2566 678 mansit
2594 624 2981 694 imperfectum.
3011 625 3300 680 Misericors
3325 637 3370 680 et
3404 626 3618 681 misera-

2033 724 2112 768 tor
2140 712 2389 767 Dominus
2427 715 2480 769 5.
2513 731 2676 768 escam
2723 715 2857 768 dedit
2886 714 3168 768 timentibus
3207 732 3279 769 se.
3329 715 3617 786 Postquam

2035 804 2369 857 annuntiavit
2418 803 2510 858 Dei
2563 803 2840 870 beneﬁcia,
2868 820 2987 875 qua:
3021 819 3116 874 per
3161 805 3414 859 miracula
3445 815 3498 859 et
3527 821 3621 874 per

2031 905 2195 960 opera
2238 899 2454 961 accepta
2501 900 2645 956 sunt,
2676 906 2738 946 ac
2762 907 2943 947 curam
2975 905 3132 961 qnam
3160 893 3331 948 nostri
3376 894 3533 964 gerit,
3567 895 3619 948 in

2035 996 2102 1036 eo
2130 997 2341 1036 rursum
2387 983 2677 1053 ampliﬁcat
2708 983 3024 1050 orationem,
3055 985 3340 1040 ostendens
3369 1000 3488 1038 eum
3529 985 3618 1054 qui

2035 1083 2115 1128 tot
2156 1085 2211 1129 et
2252 1084 2392 1129 tanta
2426 1073 2552 1129 fecit
2593 1089 2688 1144 pro
2715 1075 2886 1128 salute
2917 1075 3210 1139 hominum,
3241 1087 3294 1130 et
3343 1090 3436 1130 eos
3473 1074 3620 1131 omni

2036 1166 2244 1221 ratione
2267 1166 2521 1231 erudivit,
2543 1175 2596 1220 et
2617 1166 2792 1220 erudit
2819 1168 2869 1220 in
2899 1167 2988 1220 Dei
3015 1168 3314 1236 cognitione
3335 1175 3389 1222 et
3413 1182 3619 1220 summa

2037 1255 2396 1326 philosophia,
2425 1271 2714 1326 eorumque
2744 1258 2902 1310 vitam
2946 1259 3089 1312 fovet
3125 1265 3179 1312 et
3223 1257 3482 1319 sustinet,
3516 1273 3620 1312 non

2037 1345 2138 1400 hoc
2168 1344 2346 1402 facere
2373 1360 2440 1400 ex
2467 1345 2646 1400 debito
2677 1345 2851 1416 (quod
2899 1357 2981 1401 est
3011 1347 3237 1400 maxima
3278 1345 3502 1417 gratia),
3527 1348 3619 1400 sed

2033 1445 2251 1507 propter
2279 1451 2428 1490 suam
2478 1436 2814 1490 clementiam
2862 1444 2915 1491 et
2960 1436 3398 1500 misericordiam,
3429 1452 3532 1490 non
3566 1445 3620 1492 ut

2032 1526 2121 1595 qui
2150 1526 2277 1596 ipsis
2303 1535 2473 1594 egeat,
2505 1525 2599 1580 sed
2631 1535 2848 1596 propter
2903 1527 3069 1580 solam
3113 1543 3262 1582 suam
3307 1527 3621 1583 bonitatem.

2035 1614 2219 1669 Escam
2240 1615 2378 1668 dedit
2407 1615 2690 1669 timentibus
2715 1632 2788 1669 se.
2808 1615 2920 1681 Qua
2950 1615 3016 1670 de
3037 1631 3194 1670 causa
3216 1631 3308 1671 eos
3329 1617 3417 1687 qui
3449 1617 3617 1686 ipsum

2036 1707 2224 1760 timent
2263 1705 2352 1760 hic
2392 1705 2611 1776 posuit?
2652 1721 2822 1776 neque
2853 1707 2994 1761 enim
3037 1722 3130 1762 eos
3157 1707 3302 1762 solos
3347 1710 3532 1762 nutrit.
3563 1709 3617 1763 In

2032 1796 2322 1868 Evangelia
2349 1799 2488 1852 enim
2507 1797 2661 1853 dicit:
2685 1799 2784 1866 Qui
2817 1799 2971 1854 solem
2987 1800 3112 1854 oriri
3141 1801 3262 1871 facit
3281 1817 3432 1871 super
3460 1803 3621 1856 malos

2029 1899 2076 1944 et
2113 1892 2289 1956 bonos,
2313 1899 2360 1945 et
2388 1890 2512 1960 pluit
2537 1908 2686 1961 super
2704 1891 2873 1961 justas
2898 1901 2946 1946 et
2971 1892 3186 1962 iniustos
3207 1891 3415 1965 (Matth.
3435 1894 3617 1965 5.45).

2031 1981 2311 2049 Quomodo
2340 1997 2467 2052 ergo
2489 1981 2642 2049 dixit,
2661 1981 2974 2039 Timentibus
3001 1985 3099 2039 se?
3130 1985 3226 2039 llic
3255 1987 3383 2040 mihi
3412 1986 3619 2042 videtur

2039 2074 2222 2129 dicere
2267 2073 2577 2129 alimentum
2608 2090 2714 2129 non
2745 2077 3008 2144 corporis,
3039 2075 3131 2131 sed
3173 2077 3355 2130 animi.
3407 2077 3469 2131 Et
3501 2077 3620 2132 ideo

2038 2167 2272 2238 loquitur
2315 2167 2490 2222 solum
2515 2166 2584 2222 de
2615 2168 2962 2223 timentibus:
2997 2168 3048 2224 id
3092 2171 3233 2224 enim
3273 2177 3352 2224 est
3379 2169 3458 2224 eis
3482 2171 3618 2224 assi-

2033 2271 2275 2331 gnatum.
2333 2260 2466 2316 Nam
2505 2261 2953 2332 quemadmodum
2999 2263 3232 2317 nutritur
3277 2277 3501 2339 corpus,
3547 2263 3617 2318 ita

2033 2351 2263 2406 nutritur
2287 2351 2488 2407 anima.
2515 2351 2668 2419 Quod
2696 2361 2872 2407 autem
2903 2353 3186 2420 nutriatur,
3213 2353 3336 2408 audi
3369 2371 3383 2406 :
3418 2351 3539 2408 Non
3566 2354 3620 2408 in

2030 2442 2139 2496 solo
2170 2458 2299 2512 pane
2323 2443 2447 2497 vivet
2481 2444 2654 2510 homo,
2681 2443 2770 2498 sed
2797 2444 2847 2496 in
2878 2429 3022 2497 omni.
3043 2444 3190 2498 verba
3215 2444 3349 2511 quod
3369 2445 3623 2516 egreditur

2035 2550 2125 2604 per
2159 2551 2213 2588 os
2262 2532 2354 2588 Dei
2385 2534 2512 2605 (Id.
2556 2535 2611 2590 4.
2658 2535 2758 2607 4).
2818 2535 2928 2591 Hoc
2974 2551 3101 2606 ergo
3147 2537 3276 2590 dicit
3325 2540 3622 2592 nutrimen-

2036 2635 2167 2688 tum,
2185 2626 2323 2695 quod
2351 2627 2510 2680 etiam
2539 2626 2680 2681 dedit
2711 2628 2975 2696 pra-cipue
3001 2629 3078 2683 eis
3099 2628 3186 2697 qui
3210 2629 3383 2698 ipsum
3409 2629 3618 2694 timent,

2035 2718 2329 2774 doetrinam
2363 2734 2455 2788 per
2478 2733 2796 2784 sermonem,
2820 2719 3194 2783 eruditionem,
3214 2736 3424 2775 onmem
3445 2719 3623 2790 philo-

2035 2809 2302 2880 sophiam.
2350 2808 2547 2863 Memor
2577 2810 2669 2863 erit
2697 2811 2748 2862 in
2774 2810 3014 2862 swculum
3037 2811 3319 2864 testamenti
3341 2811 3440 2864 sui.
3485 2811 3625 2864 liur-

2039 2914 2132 2956 sus
2170 2900 2474 2955 Iudaeorum
2521 2901 2874 2970 arrogantiam
2917 2901 3296 2970 comprimens,
3344 2912 3398 2956 et
3439 2917 3624 2957 eorum

2043 2989 2237 3045 fastum
2263 3000 2566 3062 amputans,
2598 2990 2680 3045 vel
2709 2990 2882 3060 potius
2908 2991 3196 3046 ostendens
3223 3007 3317 3048 eos
3345 3008 3464 3064 qure
3487 2995 3624 3048 bona

2037 3081 2348 3152 consequuti
2397 3088 2540 3146 sunt,
2574 3096 2635 3135 ea
2685 3096 2788 3135 non
2835 3090 3193 3152 consequutos
3239 3098 3358 3139 esse
3409 3093 3627 3156 propter

2042 3187 2137 3227 sua
2167 3173 2377 3240 merita,
2409 3171 2502 3227 sed
2545 3181 2765 3243 propter
2811 3173 2976 3243 ipsius
3003 3174 3290 3230 amicitiam
3337 3175 3392 3231 in
3437 3192 3623 3233 eorum

2035 3273 2306 3332 parentes,
2328 3271 2380 3317 et
2405 3273 2621 3334 propter
2646 3272 2794 3333 pacta
2819 3281 2935 3334 qum
2954 3280 3073 3320 cum
3099 3266 3204 3322 illis
3226 3267 3442 3334 fecerat,
3462 3269 3622 3325 dicit:

2036 3353 2235 3409 Memor
2261 3355 2351 3408 erit
2381 3355 2431 3409 in
2455 3355 2694 3410 siccatum
2725 3357 3007 3410 testamenti
3032 3358 3114 3412 sui
3141 3374 3160 3412 :
3189 3359 3332 3430 quod
3366 3363 3624 3432 praecepit

2037 3447 2196 3501 etiam
2227 3445 2401 3501 Moses
2442 3446 2520 3500 eis
2564 3446 2881 3502 intrantibus
2922 3447 2974 3502 in
3019 3458 3214 3505 terram
3259 3453 3626 3520 promissionis

2034 3537 2214 3593 dicere
2261 3549 2316 3593 et
2357 3539 2610 3610 cogitare.
2645 3540 2728 3610 (a)
2757 3540 2818 3595 Si
2845 3542 2985 3596 enim
3033 3543 3383 3613 azdiﬁcaoeris,
3432 3547 3620 3617 inquit,

2033 3628 2178 3682 urbes
2226 3631 2518 3698 prteclaras,
2565 3639 2611 3684 et
2664 3632 2890 3700 pecunia:
2933 3632 3136 3687 divitias
3188 3635 3510 3707 adipiscaris,
3561 3655 3625 3692 ne

2033 3719 2239 3783 dixeris,
2287 3717 2504 3790 Pr0pter
2544 3737 2708 3774 meam
2742 3722 2996 3792 justitiam
3037 3723 3144 3778 [nec
3171 3725 3308 3794 facta
3336 3737 3472 3790 sunt,
3513 3729 3621 3791 sed,

2035 3807 2254 3879 Propter
2278 3819 2426 3878 pacta
2468 3811 2592 3864 inita
2619 3827 2733 3866 cum
2767 3812 2991 3881 patribus
3031 3815 3128 3868 tuis
3167 3813 3346 3885 (Deut.
3373 3817 3427 3872 9.
3456 3818 3510 3872 4.
3543 3817 3620 3888 5).

2035 3899 2176 3953 Nihil
2225 3909 2307 3954 est
2351 3903 2491 3954 enim
2539 3901 2776 3958 deterius
2825 3906 3160 3974 arrogantia,
3209 3916 3264 3962 et
3313 3908 3433 3963 ideo
3477 3909 3625 3963 omni

2037 3990 2196 4044 modo
2223 4000 2276 4045 et
2302 3993 2508 4046 ratione
2537 3991 2674 4046 Deus
2703 4008 2820 4046 eam
2847 3995 3056 4049 assidue
3085 4007 3310 4052 resecat.
3352 3999 3404 4053 6.
3445 3999 3623 4053 Virtu-

2038 4091 2137 4136 tem
2163 4097 2373 4151 cperunt
2419 4097 2625 4135 suorum
2657 4083 2972 4136 annuntiavit
3016 4087 3206 4153 populo
3231 4105 3344 4154 suo,
3378 4090 3429 4143 7.
3461 4101 3515 4143 ut
3541 4092 3625 4145 det

2037 4175 2138 4228 illis
2165 4173 2490 4228 hereditatem
2516 4175 2756 4245 gentium.
2781 4177 2822 4229 A
2853 4173 3187 4245 generalibus
3210 4180 3399 4234 transit
3424 4182 3488 4235 ad
3512 4183 3624 4237 sin-

2037 4265 2236 4336 gularia
2265 4281 2283 4321 :
2315 4265 2382 4319 ab
2412 4264 2476 4320 iis
2505 4280 2624 4336 qua:
2666 4266 2800 4322 facta
2827 4276 2951 4322 sunt
2992 4266 3044 4321 iu
3086 4267 3216 4324 orbe
3247 4279 3530 4341 terrarum,
3557 4274 3622 4327 ad

2038 4373 2102 4414 ea
2129 4373 2248 4428 quae
2275 4365 2566 4413 evenerunt
2593 4356 2808 4414 Judmis.
2834 4359 3184 4430 Quamquam,
3217 4362 3260 4416 si
3290 4362 3409 4432 quis
3439 4379 3500 4418 ea
3540 4364 3623 4419 di-

2040 4450 2268 4522 ligenter
2309 4451 2755 4519 consideraverit,
2801 4468 2864 4508 ea
2914 4469 3125 4524 quoque
3165 4454 3408 4510 obtinent
3447 4457 3622 4513 locum

2039 4540 2385 4612 generalium.
2415 4540 2546 4609 Qua:
2575 4542 2714 4596 enim
2746 4541 2797 4596 in
2829 4542 2948 4598 illos
2980 4544 3111 4598 facta
3139 4553 3283 4611 sunt,
3303 4545 3624 4607 documenta

2038 4633 2156 4688 aliis
2180 4632 2544 4704 praabuerunt,
2572 4641 2626 4689 et
2653 4633 2809 4702 bella,
2836 4644 2890 4689 et
2915 4643 3136 4706 IrOPiBil,
3158 4645 3211 4692 et
3235 4638 3470 4694 victoria:
3512 4641 3627 4698 fue-

2039 4733 2164 4781 runt
2193 4726 2257 4781 iis
2283 4727 2374 4794 qui
2399 4725 2681 4781 attendunt
2703 4726 2872 4781 instar
2901 4727 3313 4796 prmdicationis.
3337 4730 3450 4785 Non
3481 4735 3624 4789 enim

2041 4816 2272 4870 humano
2302 4831 2450 4871 more
2476 4825 2529 4871 et
2557 4816 2763 4882 ordine,
2793 4815 2887 4873 sed
2915 4833 3074 4889 supra
3115 4821 3373 4878 rationem
3404 4839 3464 4878 ea
3492 4840 3622 4881 eve-

2042 4906 2279 4961 niebant.
2323 4905 2561 4972 Quanam
2603 4907 2745 4962 enim
2797 4924 2973 4962 rerum
3020 4915 3398 4983 consequentia
3429 4913 3626 4971 factum

2041 5005 2143 5059 est,
2177 5005 2234 5049 ut
2256 4995 2336 5050 eis
2361 4995 2484 5050 tuba
2511 4998 2820 5053 canentibus
2844 5000 3038 5056 muenia
3063 5014 3399 5070 corruerent,
3426 5015 3481 5060 et
3507 5021 3627 5059 mu-

2042 5089 2142 5142 lier
2165 5087 2368 5142 ducens
2397 5090 2685 5144 exercitum
2717 5091 2955 5147 vinceret
2993 5103 3047 5150 et
3073 5097 3318 5165 superior
3354 5096 3623 5160 evaderet,

2043 5189 2098 5234 et
2128 5194 2320 5249 parvus
2343 5179 2552 5250 puellus
2587 5181 2730 5250 jactu
2759 5186 2913 5238 unius
2950 5184 3139 5255 lapidis
3179 5187 3314 5239 bella
3356 5186 3625 5242 barbarica

2043 5271 2332 5328 conﬁceret
2361 5272 2496 5345 (los.
2519 5274 2573 5329 6.
2593 5274 2684 5329 20.
2704 5272 2832 5330 Jud.
2855 5277 2908 5331 4.
2939 5275 2988 5330 1.
3017 5293 3031 5330 ι
3051 5280 3177 5350 Reg.
3200 5281 3286 5333 l7.
3309 5278 3442 5348 49)?
3469 5281 3626 5334 Multa

2045 5378 2257 5434 quoque
2285 5363 2384 5416 alia
2414 5363 2744 5421 incredibilia
2773 5375 2826 5421 et
2852 5367 3100 5436 opinione
3146 5370 3346 5437 majora
3377 5371 3454 5424 eis
3489 5387 3620 5427 eve-

2048 5456 2285 5511 niebant.
2320 5455 2392 5509 Ita
2433 5455 2613 5513 hostes
2653 5458 2912 5521 vicerunt,
2944 5457 3012 5512 ita
3049 5475 3114 5513 ex
3146 5459 3420 5515 Palmstina
3458 5479 3624 5532 expu-

2049 5551 2243 5606 Ierunt.
2269 5548 2488 5617 Quando
2529 5565 2656 5621 ergo
2699 5549 2846 5617 dicit,
2890 5548 3130 5606 Virtutem
3177 5567 3382 5624 cperunt
3409 5570 3624 5611 suorum

2108 5705 2182 5766 (a)
2212 5712 2333 5770 Qtl:_l3_
2344 5710 2616 5770 sequuntur
2638 5705 2832 5770 omnino
2853 5703 3049 5756 diverse
3069 5707 3236 5770 jaceat
3255 5708 3301 5757 in
3317 5707 3622 5759 Dentr'o'vo-

2047 5770 2236 5880 tuioi’ut
2249 5765 2442 5885 ἔξιῗέῗ.
2470 5767 2693 5816 Nimirum
2715 5765 3289 5829 tlhrysostomus'seasum
3313 5785 3348 5821 π
3363 5776 3621 5830 οε·ε‹ιυι.ιι

2050 5845 2137 5883 ver
2175 5843 2199 5880 ει
2221 5840 2244 5874 s
2315 5843 2342 5879 e
2418 5860 2431 5875 .
