4062 6208
521 437 624 494 287

523 551 839 605 annuntiavit
886 550 1070 620 papula
1105 567 1218 613 suo,
1251 550 1380 604 nihil
1425 547 1564 603 aliud
1595 548 1743 615 dicit,
1774 563 1932 618 quam
1977 563 2099 603 cum

523 659 674 698 suam
700 643 1000 698 ostendisse
1040 644 1350 712 potentiam,
1382 640 1508 695 dum
1539 655 1643 695 non
1686 650 1886 694 tantum
1919 652 2104 710 gentes

523 733 762 802 ejiceret,
787 731 880 786 sed
907 747 972 786 eo
1003 731 1160 785 tundo
1183 732 1418 800 ejiceret,
1448 746 1552 799 quo
1591 731 1818 785 maxime
1863 739 2107 800 poterant

523 842 869 896 cognoscere,
893 827 990 881 etsi
1015 827 1187 896 priora
1212 824 1564 890 sufficiebant,
1581 823 1793 892 quando
1817 833 1930 877 erat
1956 824 2104 892 plaga

526 920 760 972 innuissa
803 919 853 972 in
885 934 978 972 eos
1007 918 1256 971 divinitus
1287 935 1299 970 :
1330 927 1382 970 et
1421 931 1486 970 eo
1523 915 1748 970 ducente
1789 917 2101 978 exercitum,

525 1013 590 1066 de
624 1011 856 1064 hostium
890 1010 1045 1063 rebus
1076 1009 1482 1063 decernebatur.
1513 1008 1624 1061 Non
1649 1009 1787 1061 enim
1824 1024 1916 1076 per
1945 1008 2102 1062 verba

525 1108 750 1164 tantum,
771 1098 864 1152 scd
890 1100 1048 1152 etiam
1083 1114 1175 1167 per
1202 1100 1336 1151 facta
1367 1113 1462 1152 eos
1481 1097 1721 1160 docebat,
1749 1113 1844 1168 per
1873 1099 2102 1162 calceos,

524 1206 618 1260 per
659 1199 856 1256 vestes,
889 1205 983 1259 per
1028 1190 1355 1254 alimentum,
1411 1205 1504 1259 per
1551 1190 1722 1243 lucem
1768 1190 2009 1243 diurnam
2053 1199 2106 1242 et

523 1291 856 1345 nocturnam,
908 1297 1001 1351 per
1045 1283 1262 1348 nubem,
1309 1297 1402 1350 per
1445 1281 1603 1346 bella,
1637 1295 1732 1350 per
1775 1296 1976 1349 pacem.
2013 1297 2108 1350 per

523 1385 742 1444 tropaza,
781 1390 873 1443 per
909 1375 1304 1444 agriculturam,
1338 1389 1432 1443 per
1462 1373 1700 1442 pluvias:
1733 1373 1909 1426 omnia
1951 1372 2102 1426 deni-

521 1482 624 1534 que
653 1479 836 1519 vocem
865 1465 1174 1520 emittebant
1206 1465 1485 1518 Dominum
1533 1463 1894 1533 prmdicantia,
1927 1472 1982 1518 et
2005 1477 2101 1516 cx-

525 1569 778 1610 cmcatam
824 1565 1056 1610 mentem
1105 1554 1451 1621 stimulantia,
1492 1570 1590 1609 nec
1635 1553 1798 1608 ullum
1852 1567 2101 1623 umquam

523 1655 733 1716 tempus
761 1646 1122 1700 intermissum
1154 1654 1256 1708 est,
1295 1645 1346 1698 in
1390 1659 1496 1714 quo
1540 1658 1646 1699 non
1674 1643 1965 1713 frequentia
2009 1659 2103 1698 sua

523 1739 672 1807 signa
701 1735 1011 1790 ostenderit.
1049 1734 1218 1806 Opera
1254 1750 1497 1788 manuum
1529 1735 1658 1805 ejus,
1687 1735 1866 1788 veritas
1893 1743 1940 1786 et
1955 1733 2104 1801 judi-

523 1829 676 1881 cium.
711 1827 996 1896 Postquam
1041 1825 1106 1880 de
1153 1827 1272 1895 ejus
1316 1825 1548 1895 potentia
1592 1823 1860 1889 disseruit,
1892 1823 2106 1878 disserit

523 1920 684 1974 etiam
719 1917 786 1974 de
828 1919 975 1988 justo
1012 1917 1231 1989 judicio,
1267 1917 1406 1988 quod
1454 1932 1561 1970 non
1599 1917 1772 1971 solum
1815 1918 2102 1986 potentiam

523 2009 759 2064 ostendit
785 2009 835 2063 in
869 2009 934 2064 iis
958 2026 1076 2078 qua:
1105 2009 1246 2072 fecit,
1277 2009 1369 2064 sed
1397 2009 1558 2064 etiam
1581 2010 1797 2063 multam
1823 2009 2103 2078 justitiam.

525 2100 706 2170 Neque
724 2100 867 2154 enim
905 2108 1091 2170 gentes
1123 2103 1238 2154 sine
1266 2113 1422 2154 causa
1454 2099 1678 2169 expulit,
1702 2098 1912 2168 quando
1939 2097 2106 2152 voluit

523 2191 737 2247 Judmos
779 2191 1137 2256 introducere,
1169 2190 1264 2246 sed
1295 2191 1452 2247 etiam
1477 2189 1597 2258 jure
1622 2190 1841 2259 expulit.
1889 2189 1954 2243 Et
1986 2188 2105 2243 ideo

524 2285 646 2338 alibi
683 2299 894 2353 quoque
933 2283 1140 2337 dicebat
1168 2282 1341 2337 Moses
1371 2297 1386 2334 :
1419 2279 1662 2336 Nondum
1691 2282 1820 2336 enim
1860 2282 2106 2351 completa

524 2385 642 2428 sunt
686 2385 889 2445 peccata
936 2374 1343 2428 Amorrhworum
1379 2372 1530 2444 (Gen.
1573 2374 1658 2428 l5.
1695 2373 1810 2444 16).
1858 2374 1982 2428 llaec
2008 2390 2104 2427 au-

527 2476 634 2521 tem
662 2482 768 2521 non
807 2467 976 2522 solum
1005 2467 1106 2521 dici
1138 2474 1360 2536 possunt
1385 2466 1450 2520 de
1475 2465 1692 2531 inda-is,
1721 2477 1775 2520 et
1803 2465 1869 2521 de
1894 2466 1957 2519 iis
1986 2481 2105 2534 qua:

527 2559 636 2614 illis
664 2567 977 2623 evenerunt,
1003 2558 1096 2614 sed
1127 2573 1307 2612 rursus
1327 2558 1586 2628 generalis
1623 2567 1702 2612 est
1733 2556 1921 2610 oratio.
1945 2555 2103 2624 Quae-

525 2664 751 2719 cumque
776 2650 916 2704 enim
958 2650 1025 2704 ab
1053 2665 1119 2704 eo
1145 2649 1276 2704 facta
1307 2659 1448 2715 sunt,
1481 2649 1674 2703 veritas
1709 2659 1832 2702 sunt
1868 2659 1922 2703 et
1961 2649 2102 2719 judi-

525 2742 664 2796 cium
695 2759 710 2807 ;
753 2741 1033 2810 judicium,
1062 2739 1167 2797 hoc
1210 2750 1291 2798 est
1313 2741 1538 2810 jttstitia.
1583 2741 1728 2797 Solet
1753 2751 1927 2796 autem
1955 2757 2098 2809 same

526 2830 802 2900 Scriptura
832 2832 1107 2886 veritatem
1157 2847 1350 2887 vocare
1393 2833 1750 2886 clementiam.
1778 2833 1926 2897 Quod
1977 2848 2103 2902 ergo

527 2919 676 2986 dicit,
708 2931 788 2974 est
816 2921 1077 2990 ejusmodi
1113 2939 1125 2974 :
1155 2935 1274 2975 cum
1307 2921 1508 2990 justitia
1545 2932 1597 2976 et
1624 2923 1901 2977 clementia
1927 2924 2103 2978 omnia

530 3011 742 3068 miscuit
765 3023 818 3068 et
841 3014 1172 3083 temperavit.
1205 3013 1260 3068 Si
1287 3014 1426 3068 enim
1457 3014 1567 3068 sola
1585 3014 1720 3084 juris
1748 3017 1950 3070 ratione
1977 3030 2104 3071 usus

529 3109 694 3168 esset,
725 3103 902 3156 omnia
942 3103 1239 3171 periissent.

600 3195 655 3251 6.
698 3196 763 3249 Et
806 3195 927 3250 ideo
971 3195 1056 3249 hic
1085 3196 1196 3264 ipse
1217 3210 1427 3266 quoque
1469 3195 1727 3267 propheta
1771 3195 1896 3251 alibi
1929 3197 2101 3252 dicit:

531 3281 617 3338 Ne
641 3285 796 3340 intres
817 3285 869 3338 in
879 3284 1132 3356 judicium
1153 3301 1265 3338 cum
1289 3301 1426 3338 servo
1449 3297 1534 3340 tuo
1565 3302 1584 3340 :
1607 3287 1843 3356 quoniam
1883 3304 1982 3342 non
2017 3289 2105 3357 ju-

530 3375 830 3443 sti/imbitur
847 3375 897 3428 in
920 3385 1188 3444 conspectu
1219 3385 1303 3429 tuo
1323 3377 1484 3431 omnis
1504 3378 1666 3432 vivens
1689 3377 1856 3448 (Psal.
1879 3380 2000 3434 “2.
2024 3379 2103 3447 2).

533 3464 602 3518 Et
632 3479 814 3519 rursus
849 3483 861 3520 :
891 3465 954 3520 Si
997 3467 1278 3535 iniquitates
1321 3469 1668 3533 observaveris,
1720 3469 1951 3536 Domine,
1999 3469 2107 3524 Do-

531 3555 682 3620 mine,
713 3557 822 3625 quis
847 3556 1103 3611 sustinebit
1124 3557 1292 3630 (Psal.
1325 3557 1446 3613 129.
1479 3559 1533 3630 5)
1552 3559 1575 3612 ’ἶ
1603 3560 1959 3631 Quacumque
1979 3577 2106 3631 ergo

533 3645 600 3698 ab
628 3660 694 3699 co
721 3645 869 3713 ﬁunt,
894 3646 975 3700 his
1001 3647 1236 3718 utrisque
1265 3649 1418 3718 plena
1446 3659 1586 3704 sunt.
1617 3649 1746 3704 Nam
1769 3651 1881 3705 sive
1900 3667 2107 3706 sunnno

533 3747 734 3792 tantum
753 3738 873 3808 jure
904 3739 1142 3794 officium
1167 3741 1423 3811 exigeret,
1455 3742 1630 3796 omnia
1662 3743 1970 3809 interirent;
1995 3745 2106 3799 sive

532 3829 642 3882 sola
670 3840 904 3886 uteretur
921 3831 1222 3899 clementia,
1245 3833 1548 3903 complures
1569 3833 1915 3890 redderentur
1938 3838 2105 3908 negtio

531 3923 821 3990 gentiores.
871 3924 1128 3992 Quocirca
1171 3927 1392 3981 salutem
1450 3927 1724 3983 hominum
1775 3930 2002 3996 varians,
2040 3931 2105 3986 ad

530 4033 716 4074 eorum
746 4018 1128 4073 correctionem
1151 4017 1234 4073 his
1263 4019 1498 4089 utrisque
1529 4035 1656 4075 usus
1681 4028 1780 4076 est.
1820 4021 1872 4075 8.
1905 4019 2109 4076 Fidelia

531 4111 699 4165 omnia
715 4110 954 4164 mandata
964 4111 1094 4180 ejus.
1120 4109 1173 4165 ld
1191 4111 1330 4182 quod
1354 4111 1403 4165 in
1429 4112 1606 4166 multis
1621 4112 1768 4180 locis,
1791 4111 1878 4168 hic
1897 4129 2108 4184 quoque

533 4204 674 4269 facit,
706 4217 734 4256 a
762 4202 1020 4272 sapientia
1050 4217 1167 4271 quae
1187 4211 1269 4256 est
1299 4203 1348 4255 in
1377 4202 1657 4272 multiplici
1679 4218 1742 4258 ac
1781 4204 1926 4258 vario
1959 4219 2110 4260 crea-

533 4303 769 4345 turarum
800 4291 1030 4362 opifirio,
1062 4301 1111 4346 et
1143 4291 1208 4346 ab
1239 4291 1352 4362 ejus
1379 4292 1707 4362 providentia
1738 4293 1802 4347 ad
1825 4294 1940 4364 ejus
1967 4294 2110 4365 leges

534 4385 819 4450 transiens,
848 4395 902 4438 et
929 4385 1092 4438 illam
1129 4394 1332 4455 partem
1384 4385 1730 4455 providentia:
1779 4402 1964 4443 rursus
1999 4396 2109 4440 tra-

531 4485 705 4533 ctans.
737 4475 850 4528 Non
882 4474 1058 4528 solum
1073 4475 1212 4527 enim
1239 4474 1377 4544 quod
1409 4475 1567 4529 talem
1597 4485 1648 4530 et
1675 4485 1870 4530 tantam
1899 4489 2109 4532 creatu-

535 4581 647 4619 ram
679 4565 996 4627 condiderit,
1021 4565 1114 4618 sed
1146 4566 1304 4619 etiam
1335 4565 1475 4634 quod
1502 4565 1670 4635 legem
1696 4567 1909 4631 tulerit,
1942 4568 2112 4624 homi-

537 4671 662 4709 num
693 4671 860 4726 genus
880 4656 1131 4711 correxit.
1159 4655 1226 4709 Et
1253 4656 1369 4711 ideo
1391 4657 1442 4710 in
1466 4657 1674 4712 decimo
1693 4668 1880 4713 octavo
1901 4660 2112 4717 PSahuo

535 4763 656 4799 eum
699 4757 948 4816 utrasque
977 4745 1072 4800 has
1103 4755 1277 4816 partes
1303 4746 1587 4813 divisisset,
1616 4749 1872 4820 incipiens
1901 4753 2110 4822 quidem

535 4835 669 4890 dixit
703 4853 714 4888 :
746 4834 870 4889 Caeli
897 4845 1132 4889 enarrant
1159 4837 1370 4907 gloriam
1395 4837 1493 4892 Dei
1533 4836 1703 4909 (Psal.
1739 4839 1826 4895 l8.
1860 4841 1914 4909 l)
1948 4859 1961 4896 :
1991 4857 2111 4898 cum

531 4937 710 4998 autem
737 4927 801 4979 ad
826 4926 1057 4982 medium
1087 4931 1340 4990 vertisset,
1371 4939 1426 4984 et
1445 4929 1512 4983 de
1527 4931 1798 4986 creatione
1819 4935 2114 4990 orationem

535 5017 873 5083 absidvisset,
903 5019 1171 5104 suhjnuxit
1196 5039 1208 5074 :
1239 5019 1344 5074 Lex
1375 5021 1581 5076 Domini
1606 5023 1930 5079 immaculata
1949 5068 1963 5092 ,
1995 5043 2117 5082 con-

537 5121 729 5164 vertens
757 5112 952 5164 annuas
979 5127 996 5164 :
1023 5123 1324 5182 praeceptum
1337 5111 1543 5168 Domini
1558 5114 1800 5183 lucidum,
1825 5117 2117 5173 illuminans

536 5203 709 5257 oculos
739 5203 896 5274 (Ibid.
927 5220 972 5257 υ.
1001 5204 1054 5257 8.
1086 5204 1165 5274 9).

621 5295 773 5350 Varia
803 5308 1164 5366 prwceptorum
1191 5314 1406 5367 genera;
1431 5314 1571 5354 nova:
1597 5301 1717 5372 legis
1741 5314 1990 5374 prweepta
2019 5321 2118 5358 non

540 5389 781 5458 abrogant
807 5398 970 5442 vetera
987 5404 1006 5453 ,'
1022 5388 1150 5459 leges
1171 5389 1404 5442 humana:
1423 5402 1776 5448 momentanew
1794 5404 1840 5448 et
1855 5395 2081 5451 obscura:
2099 5411 2117 5460 ,'

543 5480 673 5548 leges
701 5479 882 5534 divina
905 5483 1058 5534 clarae
1081 5490 1126 5534 et
1145 5483 1663 5552 permanentes.——lta
1693 5487 1777 5541 hic
1796 5488 1952 5542 etiam
1972 5499 2118 5557 post-

541 5583 701 5637 quam
729 5569 860 5624 dixit
898 5570 965 5626 de
1005 5572 1276 5627 miraculis
1301 5615 1315 5639 ,
1339 5583 1392 5628 et
1417 5579 1534 5643 ejus
1561 5576 1957 5633 admirabilibus
1994 5595 2121 5650 0pc-

545 5658 712 5721 ribus,
743 5674 882 5714 nunc
899 5662 1203 5730 aggreditur
1218 5663 1396 5718 dicere
1411 5665 1478 5719 de
1496 5665 1790 5736 praeceptis,
1814 5669 1890 5722 sic
1905 5669 2116 5726 dicens:

549 5747 754 5802 Fidelia
793 5751 961 5804 omnia
1016 5753 1256 5807 mandata
1297 5756 1427 5827 ejus,
1464 5757 1761 5824 conﬁrmata
1807 5759 1856 5812 in
1882 5763 2118 5817 saeculum

542 5840 736 5910 sweuli,
763 5844 900 5914 facta
921 5844 968 5898 in
999 5845 1206 5902 veritate
1233 5857 1274 5904 et
1295 5847 1555 5919 (vanitate.
1583 5849 1693 5904 Non
1732 5851 1919 5907 frustra
1951 5854 2114 5909 dixit.

1239 435 1293 492 S.
1335 435 1612 491 JOANNIS
1661 431 2134 490 CllBYSOSTOMl
2189 433 2505 492 AllClllEP.
2547 437 3080 493 CONSTANTINOP.

3694 436 3793 490 988

2217 553 2419 617 Umnia,
2451 553 2544 606 sed
2585 562 2815 607 tractans
2857 551 3131 620 multiplex
3180 567 3342 620 genus
3388 561 3792 620 prmerptornm,

2213 645 2386 713 posuit
2417 644 2550 698 hanc
2581 644 2885 696 dictionem.
2913 642 3044 696 Sunt
3083 642 3224 694 enim
3264 642 3528 710 praecepta
3571 642 3793 694 creatio-

2213 736 2315 802 nis,
2347 750 2466 805 qua:
2487 735 2734 788 observat
2762 731 2936 786 omnis
2957 740 3219 796 creatura,
3252 731 3332 786 sol
3355 740 3411 784 et
3437 731 3584 792 luna,
3613 730 3727 786 dies
3747 741 3798 786 et

2213 844 2338 894 uox,
2363 837 2416 882 et
2441 827 2635 893 sidera,
2665 835 2924 893 terra-oue
2951 834 3003 878 et
3026 833 3226 878 natura:
3245 837 3451 877 cursus.
3478 822 3615 876 Sunt
3640 823 3795 876 etiam

2214 927 2472 989 praecepta
2525 934 2643 988 qum
2688 917 2809 971 data
2855 900 2996 970 sunt.
3022 927 3225 969 naturae
3263 912 3330 966 ab
3386 913 3558 980 initio,
3589 913 3797 982 quando

2215 1011 2364 1063 tinxit
2392 1009 2682 1074 hominem,
2706 1007 2770 1062 tle
2796 1007 2987 1075 quibus
3009 1005 3134 1059 dicit
3165 1004 3358 1058 Paulus
3388 1021 3400 1056 :
3427 1003 3648 1070 Quando
3669 1006 3796 1058 enim

2209 1111 2395 1170 gentes,
2427 1115 2540 1170 qua:
2569 1099 2726 1170 legem
2749 1116 2844 1151 non
2867 1097 3066 1161 habent,
3091 1113 3202 1165 qua:
3221 1079 3340 1166 legis
3361 1103 3477 1150 sunt
3505 1104 3692 1148 natura
3716 1100 3796 1166 fa-

2211 1194 2348 1246 ciunt
2367 1233 2381 1255 ,
2407 1193 2446 1245 ii
2474 1193 2630 1262 legem
2668 1207 2765 1244 non
2797 1190 3059 1252 habentes,
3086 1188 3304 1257 sibiipsis
3332 1197 3447 1241 sunt
3487 1187 3570 1241 lea:
3615 1187 3792 1256 (Rom.

2209 1281 2266 1336 2.
2300 1283 2409 1352 14).
2440 1283 2506 1337 Et
2532 1297 2717 1336 rursus
2744 1299 2757 1335 :
2787 1280 3113 1334 Condelector
3135 1279 3266 1332 enim
3293 1279 3388 1349 legi
3411 1277 3504 1331 Dei
3524 1282 3795 1334 secundum

2211 1372 2492 1426 interiorem
2520 1370 2772 1424 hominem
2803 1370 2819 1437 (
2850 1369 2995 1422 Rom.
3021 1370 3072 1422 '7.
3097 1367 3210 1437 22).
3237 1368 3368 1422 Sunt
3399 1369 3560 1422 etiam
3593 1383 3791 1437 praece-

2209 1472 2295 1532 pta
2327 1479 2445 1532 quae
2470 1461 2664 1530 scripta
2689 1470 2830 1515 sunt.
2863 1459 2986 1513 llaec
3007 1458 3183 1512 omnia
3210 1465 3540 1512 manserunt.
3568 1457 3720 1525 Quod
3750 1455 3794 1512 si

2209 1554 2318 1608 sint
2341 1553 2500 1609 etiam
2522 1553 2695 1622 aliqua
2728 1551 2996 1617 abrogata,
3029 1563 3132 1603 non
3163 1549 3220 1602 in
3245 1548 3416 1618 pejus,
3445 1547 3539 1602 sed
3585 1548 3640 1602 in
3679 1563 3791 1602 meo

2209 1647 2309 1702 lius
2327 1654 2523 1700 mutata
2542 1655 2682 1698 sunt.
2702 1643 2831 1697 lllttd
2853 1643 3016 1708 enim,
3037 1641 3154 1694 Non
3169 1641 3360 1695 occides
3378 1639 3570 1712 (Exod.
3586 1639 3790 1710 ΝΛΞ),

2210 1753 2315 1792 non
2337 1747 2417 1792 est
2433 1737 2762 1805 abrogatum,
2783 1735 2874 1790 sed
2893 1744 2972 1789 est
2995 1731 3371 1803 amplificatum
3391 1749 3403 1783 :
3424 1741 3478 1786 et
3504 1731 3656 1797 illud,
3677 1730 3793 1785 Non

2208 1828 2514 1883 adulterabis
2543 1827 2647 1898 (Ib.
2673 1845 2718 1880 υ.
2746 1827 2834 1895 Η)
2857 1867 2870 1890 ,
2907 1840 3012 1878 non
3045 1832 3127 1878 est
3159 1823 3444 1887 sublatum,
3483 1821 3579 1876 sed
3625 1821 3793 1890 majus

2209 1923 2453 1978 effectum
2489 1929 2590 1975 est.
2623 1918 2687 1972 Et
2720 1919 2837 1973 ideo
2866 1917 3076 1970 dicebat
3099 1956 3114 1980 ,
3145 1913 3198 1968 Ν
3203 1931 3265 1967 οη
3289 1914 3397 1967 veni
3421 1914 3612 1967 solvere
3639 1913 3788 1982 legent

2208 2025 2295 2068 aut
2325 2013 2618 2085 prophetas,
2648 2012 2734 2065 sed
2759 2011 3034 2078 adimplere
3064 2007 3274 2078 (Matth.
3307 2007 3360 2061 5.
3392 2005 3500 2078 l7).
3521 2005 3621 2073 Qui
3650 2006 3788 2061 enim

2209 2122 2316 2162 non
2346 2106 2610 2170 irascitur,
2643 2103 2808 2157 multo
2835 2102 3000 2170 magis
3027 2116 3057 2153 a
3087 2098 3235 2154 ctede
3263 2098 3555 2153 abstinebit
3585 2117 3597 2151 :
3625 2107 3680 2153 et
3703 2100 3789 2168 qui

2210 2196 2491 2268 impudicis
2512 2195 2680 2249 oculis
2707 2209 2809 2248 non
2835 2193 3047 2260 aspicit,
3076 2190 3286 2260 longius
3310 2191 3377 2244 ab
3411 2189 3676 2246 adulterio
3703 2205 3788 2245 se-

2208 2289 2316 2344 det.
2350 2289 2456 2343 Lex
2488 2301 2614 2356 ergo
2657 2286 2758 2340 hoc
2792 2285 2952 2339 habet
2990 2285 3040 2337 in
3084 2283 3268 2352 primis
3295 2283 3571 2348 eximium,
3600 2297 3790 2352 nempe

2207 2379 2658 2436 immortalitatem
2685 2386 2740 2431 et
2764 2376 3167 2446 perpetuitatem
3191 2413 3207 2441 ,
3235 2373 3323 2429 lex
3347 2388 3538 2444 nempe
3566 2375 3790 2429 creatio-

2208 2472 2324 2534 nis,
2352 2471 2432 2525 lex
2467 2479 2693 2534 naturae,
2729 2467 2812 2522 lex
2847 2466 3209 2536 philosophiae,
3241 2473 3294 2519 et
3323 2465 3404 2520 lex
3443 2464 3574 2519 Novi
3611 2465 3791 2520 Testa-

2209 2565 2393 2621 menti.
2425 2563 2548 2618 Ideo
2589 2561 2717 2616 dicit
2746 2579 2758 2614 :
2792 2560 2981 2614 Cwlum
3026 2568 3074 2612 et
3113 2567 3248 2612 terra
3291 2556 3577 2611 transibunt
3599 2599 3614 2622 ,
3648 2558 3790 2611 verba

2207 2667 2374 2712 autent
2403 2672 2512 2710 mea
2540 2672 2640 2709 non
2666 2653 2944 2709 transibunt
2976 2651 3185 2722 (Matth.
3219 2650 3310 2706 24.
3343 2651 3473 2721 55);
3503 2651 3788 2706 ostendens

2207 2765 2392 2805 eorum
2435 2746 2879 2802 immobilitatem.
2907 2743 3268 2813 Quaecumque
3305 2744 3448 2798 enim
3497 2743 3610 2797 vult
3654 2743 3788 2798 Deus

2208 2855 2445 2911 manere,
2489 2853 2551 2892 ea
2593 2844 2810 2892 manent
2839 2843 3126 2906 perpetuo,
3161 2844 3214 2889 et
3261 2833 3390 2888 nihil
3433 2843 3514 2890 est
3556 2835 3698 2905 quod
3726 2850 3789 2890 ea

2207 2942 2436 2988 moveat.
2468 2929 2630 2984 Facta
2659 2931 2710 2983 in
2739 2930 2946 2982 veritate
2967 2937 3012 2981 et
3039 2928 3289 2997 aequitate.
3314 2926 3448 2992 Quid
3475 2935 3578 2986 est.
3611 2925 3678 2980 In
3705 2943 3786 2980 ve-

2207 3024 2354 3077 ritate
2379 3033 2424 3076 et
2455 3020 2732 3091 wquitate?
2755 3018 2896 3074 Nihil
2920 3026 3035 3085 est,
3066 3017 3267 3088 inquit,
3297 3017 3348 3070 in
3375 3021 3452 3072 eis
3478 3017 3790 3088 obliquum,

2209 3114 2338 3170 nihil
2382 3120 2716 3178 contortum,
2751 3111 2882 3166 nihil
2920 3110 3203 3165 obscurum
3229 3151 3242 3174 ,
3272 3109 3406 3162 nihil
3452 3109 3519 3164 ad
3569 3111 3794 3180 gratiam-

2210 3205 2390 3270 ullam,
2436 3213 2527 3258 aut
2571 3202 2779 3267 odium,
2807 3202 2898 3257 sed
2929 3203 3106 3257 omnia
3147 3200 3214 3254 ad
3256 3201 3453 3256 bonum
3500 3211 3557 3256 et
3595 3202 3791 3256 utilita-

2211 3307 2314 3351 tcm
2354 3312 2369 3362 ;
2418 3310 2524 3349 non
2577 3293 2714 3348 sicut
2769 3293 2914 3363 leges
2967 3293 3280 3358 hominum,
3311 3307 3430 3362 quae
3480 3308 3671 3363 magna
3725 3309 3788 3347 ex

2212 3397 2358 3456 parte
2394 3395 2517 3440 sunt
2561 3394 2946 3439 momentanea:
2967 3423 2981 3448 ,
3009 3393 3064 3438 et
3110 3382 3380 3448 obseura},
3414 3391 3470 3437 et
3495 3398 3616 3452 qua:
3654 3381 3788 3436 mul-

2211 3489 2320 3533 tum
2369 3477 2564 3533 habent
2608 3492 2672 3532 ex
2727 3477 2958 3530 homine.
2989 3475 3069 3530 Ex
3112 3475 3355 3530 humanis
3393 3477 3533 3529 enim
3587 3485 3790 3545 pertur-

2210 3569 2511 3624 bationibus
2555 3568 2736 3622 multae
2782 3584 2923 3637 ta:th
2971 3569 3112 3637 leges
3163 3567 3282 3621 lata:
3323 3575 3465 3621 sunt.
3519 3566 3786 3622 Inimicum

2209 3661 2350 3716 enim
2374 3659 2651 3724 ulciscens,
2677 3658 2758 3713 vel
2780 3659 2951 3712 amico
2968 3657 3251 3727 gratiﬁcari
3271 3657 3476 3722 volens,
3500 3659 3695 3729 scripta
3723 3659 3789 3712 ita

2210 3762 2466 3824 concepta
2485 3752 2801 3822 composuit.
2827 3753 2894 3805 At
2917 3766 3020 3806 non
3043 3760 3162 3805 sunt
3182 3751 3325 3822 leges
3345 3750 3539 3805 divina:
3563 3751 3791 3819 ejusmo-

2211 3847 2286 3913 di,
2308 3846 2401 3902 sed
2424 3855 2636 3900 manent
2655 3845 2766 3899 sole
2787 3843 3055 3907 clariores,
3078 3837 3377 3914 qurerentes
3398 3843 3676 3898 utilitatem
3704 3858 3784 3900 co-

2211 3953 2327 3993 rum
2349 3935 2540 4006 quibus
2578 3935 2836 4001 feruntur,
2865 3934 3184 3990 dedttccutes
3209 3948 3302 3990 eos
3330 3934 3396 3990 ad
3422 3936 3690 3997 virtutem,
3734 3945 3787 3989 et

2211 4028 2278 4083 ad
2323 4041 2501 4084 rerum
2527 4027 2804 4082 veritatem
2831 4045 2845 4092 ;
2875 4041 2978 4080 non
3007 4027 3070 4079 ad
3097 4025 3210 4080 hate
3231 4025 3526 4092 mendacia,
3559 4027 3789 4090 divitias,

2214 4119 2445 4189 inquam,
2476 4127 2530 4173 et
2551 4120 2872 4188 potentiam;
2902 4117 3015 4171 haec
3034 4115 3176 4170 enim
3203 4115 3329 4171 falsa
3352 4126 3513 4181 sunt;
3545 4133 3664 4186 qure
3703 4117 3794 4170 Dei

2212 4223 2386 4266 autem
2416 4219 2558 4276 sunt,
2599 4218 2724 4263 sunt
2743 4209 2936 4263 veritas
2963 4223 3170 4278 :ncque
3193 4207 3456 4278 quomodo
3485 4208 3612 4262 liant
3642 4208 3798 4261 ditio-

2215 4317 2319 4370 res,
2353 4317 2524 4371 neque
2549 4300 2817 4371 quomodo
2843 4300 3121 4370 praesentia
3147 4309 3516 4370 assequantur,
3547 4301 3641 4355 sed
3667 4316 3800 4370 quo-

2216 4393 2373 4447 modo
2397 4392 2585 4447 futuris
2613 4391 2714 4446 frui
2744 4392 2965 4462 possint,
2993 4391 3267 4446 docentes.
3290 4393 3363 4446 De
3392 4392 3534 4446 veris
3563 4404 3614 4446 et
3634 4394 3796 4446 rectis

2215 4486 2396 4553 rebus,
2421 4495 2473 4539 et
2492 4500 2609 4555 qua:
2631 4486 2759 4540 nihil
2781 4484 2978 4539 habent
2997 4500 3325 4554 perversum,
3349 4489 3530 4542 omnia
3546 4487 3802 4542 dixerunt

2216 4576 2319 4629 illa:
2347 4575 2512 4645 leges.
2543 4574 2746 4629 Fidelia
2775 4576 2946 4630 omnia
2973 4576 3214 4630 mandata
3242 4579 3371 4648 ejus.
3401 4577 3535 4645 Quid
3575 4589 3678 4646 est,
3707 4579 3801 4632 Fi-

2217 4669 2390 4722 delia?
2417 4667 2612 4733 Firma,
2654 4669 2942 4724 manentia.
2974 4669 3086 4724 Etsi
3115 4672 3254 4725 enim
3298 4671 3682 4736 transiliantur,
3716 4690 3806 4727 se-

2218 4769 2448 4830 quuntur
2473 4760 2748 4831 supplicia,
2777 4768 2832 4815 et
2879 4775 2940 4815 ea
2969 4760 3188 4814 minime
3225 4761 3632 4829 labefactantnr,
3663 4774 3718 4818 et
3761 4766 3804 4816 si

2221 4850 2460 4904 homines
2503 4864 2565 4904 ea
2605 4849 3080 4920 transgrediantnr,
3128 4851 3268 4906 Deus
3297 4863 3474 4906 tamen
3523 4868 3586 4908 ea
3634 4853 3809 4908 vindi-

2219 4952 2323 4998 cat.
2363 4942 2442 4998 Ne
2471 4959 2596 5013 ergo
2625 4959 2686 4998 ea
2716 4943 2914 4998 dixeris
2941 4943 3079 4999 dicta
3111 4959 3232 5000 esse
3273 4944 3553 5002 minaciter
3577 4953 3672 5000 aut
3709 4946 3810 5017 by-

2224 5036 2506 5106 perbolice.
2533 5035 2700 5091 Nemo
2727 5037 2894 5106 legem
2927 5035 3122 5103 ferens,
3153 5037 3280 5092 dicit
3311 5046 3515 5092 tantum
3545 5047 3602 5091 nt
3633 5039 3810 5093 mine-

2223 5137 2327 5194 tur,
2359 5127 2450 5183 sed
2480 5129 2639 5183 etiam
2668 5137 2726 5182 ut
2755 5133 2991 5198 castiget.
3020 5129 3074 5184 Si
3103 5140 3278 5185 autem
3313 5145 3416 5184 non
3445 5132 3598 5186 valde
3618 5133 3812 5188 eredas

2222 5220 2290 5276 de
2317 5221 2520 5285 futuris,
2554 5219 2747 5274 faciant
2778 5221 2867 5276 tibi
2897 5221 3052 5276 fidetn
3082 5224 3372 5292 praeterita.
3401 5223 3554 5288 Quod
3585 5223 3683 5278 fuit
3713 5225 3814 5278 ita-

2223 5325 2325 5380 que
2352 5321 2590 5380 tempore
2622 5307 2733 5364 Noe
2757 5309 3034 5378 diluvium,
3060 5325 3112 5366 et
3140 5312 3490 5368 Sodomorum
3515 5314 3816 5385 conﬂagra-~

2226 5402 2320 5466 tio,
2369 5409 2424 5454 et
2465 5398 2756 5455 Pharaonis
2803 5403 3041 5469 exitium,
3087 5411 3142 5458 et
3188 5403 3492 5458 Judzeorum
3540 5405 3815 5472 interitus,

2225 5491 2571 5563 captivitates,
2604 5501 2658 5546 et
2685 5491 2845 5556 bella,
2875 5494 2926 5548 in
2957 5494 3184 5550 minisne
3211 5496 3586 5562 constiterunt,
3621 5512 3690 5552 an
3720 5499 3816 5552 de-

2225 5583 2380 5639 ducta
2413 5591 2535 5637 sunt
2559 5581 2625 5638 ad
2648 5598 2826 5638 rerum
2853 5585 3310 5654 experimentum?
3339 5585 3491 5654 Quod
3518 5588 3561 5642 si
3594 5603 3656 5643 ea
3686 5604 3818 5646 vero

2227 5677 2358 5731 facta
2403 5683 2547 5744 sunt,
2583 5691 2703 5747 qua:
2749 5685 2899 5732 erant
2936 5677 2988 5731 in
3033 5677 3196 5748 ﬁgura
3227 5697 3241 5733 :
3279 5679 3448 5732 multo
3487 5681 3660 5750 magis
3694 5698 3818 5750 qua:

2227 5778 2350 5822 sunt
2380 5767 2430 5821 itt
2468 5767 2708 5833 veritate,
2740 5783 2846 5840 quo
2885 5769 3053 5837 major
3080 5769 3176 5824 fuit
3210 5768 3567 5824 admissurum
3611 5772 3821 5842 impro-

2231 5861 2364 5916 bitas
2383 5868 2504 5934 post
2532 5869 2729 5917 tantam
2759 5861 3072 5919 medicinam
3099 5873 3152 5921 et
3181 5864 3593 5920 correctionem.
3610 5866 3664 5922 9.
3682 5864 3818 5922 Red-
