4062 6208
208 305 315 368 287

203 434 395 489 ναμινν
449 415 550 485 οὐχ
579 413 764 480 ἁπλῶς
818 417 1096 472 ικεάλλων
1124 417 1191 471 τὰ
1233 414 1379 483 ιθνη,
1428 409 1563 466 ἀλλά
1597 405 1780 489 τρόπῳ

202 486 455 569 τοίούτῳ,
489 496 555 551 δι’
597 490 659 550 ού
700 497 934 569 μάλιστα
970 500 1196 570 ἠδύνατο
1228 495 1424 550 εἰδέναι
1459 490 1666 562 σαφῶς,

202 584 252 636 εί
288 568 492 634 καὶτὰ
526 578 767 650 πρότερα
785 580 968 651 ἤρκει,
992 568 1080 635 ὅτε
1098 592 1123 621 ι
1151 577 1404 650 θεήλατος
1434 569 1504 647 ἦν
1531 575 1565 644 ή
1595 568 1779 641 πληγὴ

201 665 322 719 κατ’
356 661 585 718 ἐκείνων
625 662 903 733 γινομένη,
933 664 1027 718 καὶ
1063 661 1223 717 αὑτοῦ
1263 657 1691 730 στρατηγοῦντος
1710 651 1781 706 τὰ

206 746 309 801 τῶν
335 745 619 815 πολεμίων
643 744 887 817 ἐκρίνετο
907 747 1222 818 πράγματα.
1243 743 1317 798 Οὐ
1343 741 1452 814 γὰρ
1478 740 1543 811 δὴ
1577 737 1664 793 διὰ
1684 739 1780 808 ρη-

205 831 415 900 μάτων,
440 824 594 881 ’ἀλλά
637 829 732 881 καὶ
770 826 859 882 διὰ
895 829 1234 900 πραγμάτων
1273 825 1470 887 αὐτοὺς
1505 820 1777 881 ἐπαίδευε,

201 912 268 966 δι’
291 910 683 981 ὑποδημάτων,
716 909 804 965 διὰ
834 911 1081 982 ίματίων,
1105 909 1190 964 διά
1230 909 1456 980 τροφῆς,
1485 903 1571 959 διά
1601 902 1780 973 φωτὸς

201 993 524 1066 νυκτερινοῦ
553 995 648 1048 καὶ
673 993 954 1066 ήμερινοῦ,
985 993 1074 1048 διὰ
1109 993 1356 1062 νεφέλης,
1380 989 1468 1044 διά
1503 987 1776 1057 πολέμων.

199 1077 286 1133 διὰ
312 1077 563 1148 εἰρήνης,
592 1074 682 1129 διά
706 1075 999 1146 τροπαίων,
1028 1075 1116 1129 διὰ
1143 1074 1435 1145 γεωργίας,
1466 1072 1556 1125 διά
1585 1069 1775 1132 ὑετῶν,

200 1162 294 1216 καί
318 1160 503 1214 πάντα
525 1157 706 1231 φωνὴν
733 1159 884 1228 ἠφίει
904 1158 994 1212 τὸν
1019 1157 1293 1228 Δεσπότην
1317 1154 1776 1227 ἀνακηρύττοντα,

200 1243 294 1298 καὶ
319 1242 424 1312 τὴν
453 1239 875 1311 πεπωρωμένην
897 1240 1076 1294 αὐτῶν
1099 1239 1338 1295 διάνοιαν
1359 1235 1776 1297 κατανύττοντα,

199 1328 293 1383 καὶ
322 1326 508 1389 οὐδεὶς
534 1318 726 1395 χρόνος
764 1323 1031 1388 ἐνέλιπεν,
1062 1326 1119 1378 ἐν
1143 1316 1188 1391 ᾧ
1232 1322 1307 1394 μὴ
1351 1320 1549 1392 συνεχῆ
1579 1319 1778 1389 σημεῖα

198 1408 365 1464 αὐτοῦ
399 1406 770 1462 ἐπεδείκνυτο.
814 1407 1001 1475 Ἔργα
1035 1403 1249 1476 χειρῶν
1292 1404 1500 1467 αὐτοῦ,
1531 1401 1781 1466 ἀλήθεια

199 1493 294 1548 καὶ
334 1491 563 1560 κρίσις.
630 1487 843 1558 Ἐπειδὴ
881 1487 1008 1559 περὶ
1044 1488 1145 1557 τῆς
1180 1486 1459 1557 δυνάμεως
1490 1483 1654 1539 αὐτοῦ
1698 1483 1779 1538 δι-

200 1575 414 1645 ελέχθη,
433 1571 747 1641 διαλέγεται
774 1570 871 1624 καὶ
908 1570 1035 1642 περὶ
1063 1571 1159 1640 τῆς
1180 1569 1594 1641 δικαιοκρισίας,
1620 1568 1700 1621 ὅτι
1716 1565 1777 1621 ού

206 1657 359 1728 μόνον
406 1655 647 1727 δύναμιν
690 1654 749 1707 ἐν
776 1647 858 1716 οἷς
898 1652 1070 1705 ἐποίει
1103 1651 1224 1706 τότε
1254 1650 1617 1714 ἐπεδείκνυτο,
1643 1646 1780 1702 ἀλλά

203 1740 295 1791 καὶ
328 1736 532 1806 πολλὴν
578 1734 679 1806 τὴν
722 1733 1088 1803 δικαιοσύνην.
1155 1732 1289 1787 Οὐδὲ
1325 1732 1433 1803 γὰρ
1464 1730 1651 1795 ἀπλῶς
1687 1728 1778 1798 ἐξ·

204 1819 355 1872 έδαλε
379 1818 450 1873 τά
472 1817 635 1887 έθνη,
657 1815 846 1887 ἐπειδὴ
859 1814 1141 1879 Ἰουδαίους
1167 1815 1482 1884 εἰσαγαγεῖν
1506 1812 1776 1875 ἐϐούλετο.

206 1900 333 1955 ἀλλά
368 1899 509 1971 μετά
539 1898 645 1952 τοῦ
674 1898 904 1953 δικαίου.
941 1897 1041 1952 Διά
1066 1896 1226 1951 τοῦτο
1267 1898 1360 1950 καὶ
1395 1895 1630 1968 ἀλλαχοῦ
1664 1894 1780 1948 ἐλε-

206 2002 296 2053 γεν
332 1986 360 2038 6
400 1981 657 2052 Μωῦσῆς
678 1998 694 2013 ’
758 1981 934 2035 Οὔπω
979 1981 1089 2051 τὰρ
1134 1979 1670 2050 artusartle
1718 1981 1779 2034 αὶ

207 2069 469 2138 ἁμαρτίαι
496 2065 633 2122 τῶν
667 2066 1048 2136 Ἀμορραίων.
1086 2066 1268 2121 Ταῦτα
1298 2067 1356 2121 δέ
1387 2067 1487 2120 οὐκ
1519 2067 1613 2121 ἐπὶ
1645 2066 1779 2119 ἰου-

209 2150 359 2205 δαίων
384 2150 534 2204 ἐστιν
568 2151 750 2202 είπείν
781 2148 960 2220 μόνον,
996 2149 1090 2201 καὶ
1120 2148 1230 2203 τῶν
1275 2147 1503 2212 ἐκείνοις
1549 2147 1780 2218 συμϐαι-

210 2232 414 2296 νόντων,
455 2229 609 2286 ἀλλά
639 2231 800 2285 πάλιν
832 2228 1116 2294 καθολικὺς
1159 2232 1187 2284 ό
1227 2229 1385 2299 λόγος
1413 2230 1550 2284 ἐστί.
1593 2229 1779 2285 Πάντα

210 2316 309 2385 7&9
358 2314 426 2370 τά
473 2314 579 2369 ὑπ’
629 2313 794 2375 αὑτοῦ
843 2312 1108 2384 γενόμενα
1150 2313 1377 2384 ἀλήθεια
1414 2313 1512 2368 καὶ
1555 2313 1773 2386 κρίσιςο

210 2398 393 2470 κρίσις.
419 2396 681 2451 τουτέστι
708 2394 1043 2467 δικαιοσύνη.
1084 2390 1238 2450 Οἶδεν
1272 2396 1329 2449 δέ
1373 2395 1628 2468 ἀλήθειαν
1651 2394 1781 2447 πολ-

206 2479 352 2546 λάκις
394 2482 428 2551 ή
473 2478 684 2549 Γραφὴ
731 2476 823 2531 καὶ
865 2476 964 2548 τὴν
1005 2476 1413 2549 φιλανθρωπίαν
1452 2477 1650 2546 λέγειν.
1712 2478 1779 2529 '0

206 2562 373 2616 τοίνυν
396 2563 575 2632 λέγει,
622 2559 864 2614 τοιοῦτόν
899 2560 1067 2626 ἐστιν,
1101 2559 1182 2613 ὃτι
1210 2559 1348 2630 μετά
1376 2559 1476 2629 τῆς
1502 2557 1778 2612 δικαιοσύ-

207 2660 297 2715 νης
330 2647 423 2700 καὶ
461 2641 888 2715 φιλανθρωπίας
929 2640 1001 2694 τά
1040 2641 1218 2696 πάντα
1250 2641 1521 2712 ἀνέμιξεν.
1567 2640 1630 2693 El
1675 2639 1781 2710 7&9

205 2727 266 2800 δή
295 2729 449 2799 μόνον
478 2726 558 2799 τῷ
620 2723 717 2779 τοῦ
750 2723 959 2778 δικαίου
1000 2723 1265 2794 ἐκέχρητο
1308 2721 1475 2793 λόγῳ,
1508 2721 1686 2777 πάντα
1713 2722 1781 2776 ἀν

211 2810 482 2867 ἀπολώλει.

279 2927 351 2993 ς’.
366 2927 456 2981 Διὸ
470 2926 566 2981 καὶ
588 2916 752 2986 οὗτος
764 2922 793 2976 6
809 2920 1092 2993 προφήτης
1107 2919 1341 2991 ἀλλαχοῦ
1355 2919 1501 2988 λέγει
1515 2936 1530 2950 δ
1548 2918 1646 2988 Μὴ
1658 2919 1782 2972 εὶσ-

217 3009 387 3079 6.10m-
412 3011 500 3076 εὶς
524 3007 742 3077 κρίσιν
755 3005 904 3074 μετά
927 3002 1036 3059 τοῦ
1055 3003 1281 3058 δούλου
1304 3016 1422 3058 σου
1440 3019 1454 3034 ’
1486 3001 1574 3057 ὅτι
1601 3004 1676 3057 οὐ
1695 3001 1784 3057 δι-

218 3092 595 3160 καιωθήσεται
610 3086 874 3142 ἐνώπιόν
889 3102 1006 3146 σου
1026 3083 1146 3151 πᾶς
1164 3084 1294 3147 ζῶν.
1313 3087 1422 3140 Καὶ
1440 3085 1623 3140 πάλινο
1648 3086 1783 3141 Ἐὰν

218 3175 453 3244 ἀνομίας
470 3170 896 3241 παρατηρήσῃ.
925 3168 1121 3237 Κύριε,
1160 3169 1358 3236 Κύριε,
1402 3168 1497 3236 τίς
1512 3171 1781 3238 ὑποστή-

217 3271 404 3320 σεταις
430 3255 615 3309 Πάντα
641 3251 824 3306 τοίνυν
842 3250 911 3305 τὰ
927 3251 1019 3305 ὐπ’
1048 3250 1213 3305 αὐτοῦ
1236 3251 1493 3322 γινόμενα
1506 3251 1783 3324 ἑκατέρων

218 3339 371 3408 γέμει
409 3338 632 3392 τούτων.
687 3336 786 3389 Ἂν
819 3351 878 3388 τε
901 3335 1009 3406 7&9
1052 3333 1113 3389 τὸ
1137 3335 1343 3390 δίκαιον
1369 3335 1572 3407 ἀπαιτῇ
1601 3335 1782 3407 μόνον,

217 3420 391 3475 πάντα
425 3419 490 3474 ἂν
510 3418 775 3490 διεφθάρη
795 3433 810 3448 ο
853 3418 904 3470 εί
931 3415 989 3470 δέ
1015 3416 1395 3489 φιλανθρωπίᾳ
1419 3417 1560 3491 μόνῃ
1582 3418 1783 3493 κέχρη.

216 3520 324 3565 ται,
354 3505 403 3556 οί
428 3503 647 3566 πλείους
691 3501 758 3556 ἀν
786 3499 1026 3569 ἐγίνοντο
1066 3499 1447 3572 ῥαθυμότεροι.
1505 3501 1603 3556 Διά
1626 3502 1784 3557 τοῦτο

218 3585 496 3641 ποικίλλων
533 3585 635 3657 τὴν
687 3583 957 3654 σωτηρίαν
1002 3582 1112 3635 τῶν
1143 3581 1466 3653 ἀνθρώπων,
1501 3585 1783 3657 ἑκατέροις

216 3669 412 3733 τούτοις
442 3670 522 3732 είς
559 3669 668 3738 τὴν
707 3665 990 3736 διόρθωσιν
1020 3664 1198 3718 αὐτῶν
1232 3663 1515 3736 κέχρηται.
1571 3665 1783 3721 Πισταὶ

218 3750 393 3806 πᾶσαι
434 3752 495 3805 αἱ
539 3748 789 3805 ἐντολαὶ
834 3747 1041 3803 αὐτοῦ.
1095 3748 1272 3820 Ὅπερ
1314 3748 1577 3819 πολλαχοῦ
1618 3752 1780 3817 ποιεί,

214 3833 361 3888 τοῦτο
380 3834 471 3889 καὶ
499 3830 745 3887 ἐνταῦθα
776 3829 1086 3902 ἐργάζεται,
1116 3829 1226 3883 ἀπὸ
1255 3829 1356 3901 τῆς
1382 3831 1572 3901 σοφίας
1600 3832 1699 3903 τῆς
1724 3833 1782 3886 ἐν

215 3922 274 3990 τῇ
302 3921 514 3994 ποικίλη
552 3917 891 3991 δημιουργίᾳ
929 3916 1026 3972 καὶ
1069 3916 1173 3987 τῆς
1213 3917 1533 3988 κηδεμονίας
1562 3919 1655 3972 ἐπὶ
1683 3920 1782 3991 τὴν

215 4004 522 4075 νομοθεσίαν
555 4000 925 4076 μεταδαίνων,
968 3998 1250 4053 καὶτοῦτο
1279 4001 1438 4055 πάλιν
1478 4002 1641 4056 κινῶν
1684 4003 1784 4074 τῆς

215 4087 457 4155 προνοίας
478 4086 542 4141 τὸ
574 4085 773 4158 μέρος.
804 4084 879 4136 Οὐ
906 4079 1095 4154 γάρδὴ
1126 4082 1285 4153 μόνον
1304 4082 1381 4153 τῷ
1398 4084 1580 4138 κτίσαι
1606 4084 1787 4138 κτίσιν

214 4168 482 4242 τοσαύτην
505 4171 603 4222 καὶ
644 4163 998 4236 τηλικαύτην,
1037 4162 1172 4217 ἀλλά
1202 4163 1280 4234 τῷ
1304 4164 1396 4218 τὸν
1425 4165 1589 4235 νόμον
1613 4164 1783 4221 θεῖναι

213 4250 269 4304 τὸ
301 4251 407 4305 τῶν
440 4249 755 4323 ἀνθρώπων
795 4245 1070 4317 διώρθωσε
1107 4245 1283 4315 γένος.
1342 4246 1435 4301 Διὸ
1476 4248 1570 4300 καὶ
1619 4251 1679 4302 ἐν
1705 4248 1784 4322 τῷ
1841 4295 1853 4308 ,

215 4331 660 4403 ὀκτωκαιδεκάτῳ
695 4330 894 4401 ψαλμῷ
917 4330 1202 4402 ἀμφότερα
1238 4329 1411 4384 ταῦτα
1434 4329 1504 4384 τά
1538 4331 1681 4404 μέρη
1704 4333 1784 4387 δι-

216 4412 358 4481 ελὼν,
378 4415 690 4487 ἀρχόμενος
719 4413 816 4482 μὲν
838 4412 1048 4482 ἔλεγεν·
1088 4416 1153 4467 Ol
1178 4412 1420 4481 οὐρανοὶ
1440 4412 1784 4483 διηγοῦνται

216 4493 389 4560 δόξαν
417 4497 567 4552 Θεοῦ
586 4513 601 4528 ο
660 4496 803 4566 πρὸς
834 4494 892 4549 δὲ
920 4504 982 4548 το
1012 4500 1176 4565 μέσον
1200 4494 1391 4559 ἐλθὼν,
1418 4496 1512 4550 καὶ
1538 4496 1629 4550 τὸν
1658 4497 1784 4568 περὶ

216 4576 305 4647 τῆς
346 4579 579 4643 κτίσεως
620 4577 935 4648 ἀπαρτίσας
957 4577 1115 4646 λόγον
1160 4578 1471 4649 ἐπήγαγεν·
1519 4578 1573 4632 '0
1602 4580 1785 4648 νόμος

217 4659 421 4727 Κυρίου
464 4661 738 4731 ἄμωμος,
796 4659 1167 4730 ἐπιστρέφων
1193 4660 1400 4731 ψυχάς
1420 4677 1436 4693 ⁸
1482 4661 1520 4729 ἡ
1564 4662 1782 4732 ἐντολὴ

219 4741 424 4810 ΚιῬίου
450 4742 793 4813 τηλαυγὴς,
829 4741 1164 4813 φωτίζουσα
1192 4745 1547 4813 ὀφθαλμούς.

281 4857 429 4912 Οῦτω
456 4859 524 4929 δὴ
566 4859 668 4912 καὶ
710 4856 964 4925 ἐνταῦθα,
991 4857 1161 4913 εἰπὼν
1200 4859 1326 4930 περὶ
1352 4858 1460 4913 τῶν
1488 4861 1784 4932 τεραστίων

221 4940 303 4993 καὶ
329 4942 436 4996 τῶν
476 4942 784 5013 θαυμάτων
828 4941 1022 5004 αὐτοῦ,
1076 4942 1173 4996 καὶ
1210 4942 1318 4996 τῶν
1348 4942 1545 5014 ἔργων,
1580 4945 1659 5008 είς
1685 4946 1783 5017 τὴν

218 5025 334 5093 περὶ
372 5025 482 5079 τῶν
522 5023 763 5080 ἐντολῶν
799 5024 1052 5080 ὑπόθεσιν
1093 5027 1454 5098 μεταχειρίζει
1490 5030 1587 5082 τὸν
1627 5028 1784 5098 λόγον

222 5100 359 5180 [274]
386 5107 533 5164 οὕτω
553 5108 736 5178 λέγων
750 5123 767 5140 ο
791 5107 1003 5163 Πισταὶ
1019 5106 1207 5163 πᾶσαι
1232 5111 1293 5162 αἱ
1317 5109 1555 5165 ἐντολαὶ
1574 5111 1782 5177 αὐτοῦ,

222 5186 627 5261 tempch
656 5193 744 5256 εις
779 5192 886 5245 τὸν
919 5188 1104 5243 αἰῶνα
1134 5189 1241 5245 τοῦ
1273 5190 1505 5259 αὶῶνος,
1541 5207 1786 5263 πεποιη-

223 5269 375 5333 μέναι
411 5273 484 5326 έν
525 5273 785 5340 ἀληθείᾳ
811 5272 909 5325 καὶ
937 5272 1232 5339 εὐθύτητι.
1281 5273 1392 5344 Οὐχ
1424 5275 1611 5340 ἁπλῶς
1638 5273 1782 5341 εἷπε,

226 5353 419 5436 Πᾶσαι,
452 5357 597 5413 ἀλλά
633 5357 771 5412 πολὺ
804 5356 960 5425 γένος
997 5356 1227 5412 ἐντολῶν
1257 5359 1548 5425 ἀνακινῶν,
1580 5362 1783 5436 ταύτην

227 5434 414 5494 τέθεικε
444 5442 546 5512 τὴν
567 5440 738 5506 λέξιν.
785 5441 895 5494 Καὶ
914 5438 1023 5511 γὰρ
1063 5440 1272 5496 ἐντολαὶ
1299 5443 1435 5497 εἰσιν
1459 5446 1516 5499 al
1540 5446 1639 5517 τῆς
1660 5434 1784 5502 κτί-

284 5652 310 5684 ¹
328 5652 475 5708 Sui].
499 5659 596 5720 ὅτι,
618 5655 713 5706 sed
734 5656 811 5706 ὅτε
840 5656 960 5720 Reg.

1365 292 1730 355 EXPOSlTlO
1769 290 1833 344 ια
1873 289 2204 348 PSALMUM
2243 291 2357 347 CX.

3347 295 3456 353 288

1885 417 2042 465 σεως,
2076 402 2144 468 ἀς
2170 404 2418 479 διατηρεῖ
2446 408 2593 462 πᾶσα
2624 409 2657 479 ἡ
2691 406 2894 472 κτίσις,
2924 407 3073 479 ἣλιος
3095 410 3188 464 καὶ
3232 408 3453 480 σελήνη.

1880 492 2064 564 ἡμέρα
2104 494 2199 550 καὶ
2243 494 2370 561 νὺξ,
2400 496 2495 563 καὶ
2519 497 2765 570 ἀστέρες,
2792 497 2888 553 καὶ
2910 498 3014 568 γῆς
3047 498 3076 538 δ
3113 499 3208 553 καὶ
3240 495 3458 568 φύσεως

1877 578 2096 650 δρόμος.
2130 580 2370 635 Ἐντολαί
2398 583 2535 637 εἰσιν
2563 584 2618 637 al
2639 586 2706 655 τῇ
2731 582 2892 652 φύσει
2917 582 3153 637 δοθεῖσαι
3178 582 3237 648 ἐξ
3255 583 3454 655 ἀρχῆς,

1879 662 1969 716 ὅτε
1996 662 2090 717 τὸν
2115 663 2399 736 ἄνθρωπον
2417 665 2672 732 ἔπλαττε,
2702 666 2831 740 περὶ
2854 659 2930 721 ὧν
2955 682 3120 738 φησιν
3155 668 3185 720 6
3210 666 3454 730 Παῦλος⁸

1882 744 2060 799 Ὅταν
2097 745 2208 816 γὰρ
2237 747 2414 817 ἔθνη,
2446 749 2519 805 τὰ
2557 747 2646 820 μὴ
2674 751 2863 820 νόμον
2891 748 3141 818 ἔχοντα,
3172 748 3353 817 φύσει
3381 747 3459 801 τὰ

1878 827 1985 882 τοῦ
2008 830 2194 898 νόμου
2218 830 2381 900 ποιῇ,
2411 827 2577 889 οὗτοι
2604 834 2794 902 νόμον
2818 830 2906 902 μὴ
2929 832 3194 900 ἔχοντες,
3219 829 3460 894 ἑαυτοῖς

1878 912 1997 963 εισι
2036 912 2240 980 νόμος.
2278 913 2391 967 Kal
2418 914 2608 968 πάλιν
2641 913 2982 983 Συνήδομαι
3031 911 3141 983 γὰρ
3175 907 3254 977 τῷ
3294 909 3461 981 νόμῳ

1879 992 1986 1046 τοῦ
2035 995 2184 1049 Θεοῦ
2213 997 2362 1050 κατὰ
2392 999 2500 1051 τὸν
2539 997 2663 1052 ἔσω
2696 996 3027 1065 ἄνθρωπον.
3073 993 3314 1049 Ἐντολαί
3346 995 3460 1048 είσι

1881 1075 1975 1129 καὶ
1998 1077 2056 1129 at
2092 1078 2350 1149 γραπται.
2390 1079 2499 1133 Kal
2544 1073 2706 1134 αῦται
2742 1081 2913 1133 πᾶσαι
2945 1081 3337 1149 μεμενήκασιν.
3390 1076 3460 1131 El

1877 1156 1935 1209 δέ
1963 1174 2107 1222 τινες
2137 1159 2529 1231 κατελύθησαν,
2573 1161 2674 1215 οὐκ
2702 1161 2795 1214 ἐπὶ
2826 1161 2887 1214 τδ
2909 1163 3109 1231 χεῖρον,
3140 1158 3255 1213 ἀλλ’
3278 1159 3370 1211 ἐπὶ.
3394 1156 3463 1211 τδ

1881 1236 2088 1307 βέλτιον
2123 1242 2703 1315 μεταρρυθμισθεῖσαι.
2737 1243 2809 1296 Τὸ
2837 1241 2966 1314 γὰρ,
3001 1244 3083 1297 Οὐ
3110 1242 3459 1311 φονεύσεις.

1878 1321 1937 1373 ού
1966 1323 2256 1395 κατελύθη,
2280 1324 2393 1379 ἀλλ’
2424 1324 2663 1397 ἐπετάθη
2682 1342 2697 1357 ο
2742 1325 2836 1380 καὶ
2860 1324 2942 1389 τὸ,
2978 1327 3060 1379 Οὐ
3084 1325 3457 1394 μοιχεύσεις,

1877 1404 1978 1458 οὐκ
2000 1405 2314 1477 ἠφανίσθη,
2352 1406 2492 1461 ἀλλά
2526 1408 2710 1479 μεῖζον
2739 1407 2948 1476 γέγονε.
3002 1406 3093 1460 Διὸ
3118 1406 3211 1459 καὶ
3245 1404 3457 1474 ἔλεγεν,

1884 1486 2003 1540 Οὐκ
2032 1482 2224 1556 ἦλθον
2250 1490 2584 1544 καταλῦσαι
2616 1488 2724 1544 τὸν
2749 1490 2956 1558 νόμον,
2981 1487 3021 1556 ἢ
3053 1487 3195 1553 τοὺς
3226 1486 3462 1559 προφή-
3532 1523 3543 1532 ε

1878 1581 2006 1631 τας,
2035 1567 2195 1623 ἀλλὰ
2226 1570 2586 1639 πληρῶσαι..
2608 1572 2667 1625 '0
2691 1569 2800 1644 7&9
2829 1571 2905 1642 μὴ
2936 1566 3305 1642 ὀργιζόμενος,
3324 1567 3463 1620 πολ-

1877 1648 1955 1720 λῷ
1981 1650 2181 1720 μᾶλλον
2203 1652 2296 1706 τοῦ
2317 1653 2479 1724 φόνου
2500 1654 2756 1724 ἀφέξεται
2770 1671 2784 1685 ’
2817 1653 2913 1708 καὶ
2938 1653 2968 1705 6
2990 1651 3065 1724 μὴ
3091 1650 3303 1721 βλέπων
3326 1649 3464 1703 ἀκο-

1877 1731 2093 1799 λάστοις
2131 1734 2446 1808 όφθαλμοίς,
2490 1737 2821 1809 μακρότερον
2861 1735 2963 1807 τῆς
3007 1732 3247 1806 μοιχείας
3286 1731 3460 1802 ἐσκή-

1878 1833 2066 1872 νωται.
2125 1818 2182 1875 Ὀ
2210 1820 2390 1874 τοίνυν
2429 1820 2595 1892 νόμος
2622 1819 2781 1876 τοῦτο
2815 1820 3049 1892 μάλιστα
3076 1818 3189 1890 ἔχει
3224 1815 3285 1870 τδ
3311 1814 3463 1881 ἐξαί-

1881 1916 2058 1968 ρετον,
2088 1900 2150 1955 τὸ
2184 1902 2472 1969 ἀθάνατον,
2505 1904 2568 1958 τὸ
2599 1903 2866 1976 διηνεκὲς,
2896 1902 2993 1957 καὶ
3020 1904 3049 1956 6
3074 1901 3175 1971 τῆς
3200 1899 3458 1964 κτίσεωςν

1878 1982 1971 2035 καὶ
2002 1984 2031 2036 6
2058 1985 2305 2052 φυσικὸς,
2335 1987 2431 2040 καὶ
2453 1988 2483 2040 6
2505 1986 2605 2056 τῆς
2630 1985 2968 2056 φιλοσοφίας,
2991 1982 3086 2037 καὶ⁵
3120 1981 3221 2053 τῆς
3245 1980 3459 2050 Καινῆς

1877 2065 2174 2137 Διαθήκης.
2232 2068 2324 2121 Διό
2356 2086 2520 2140 φησιν
2549 2084 2566 2100 ⁶
2604 2069 2660 2122 '0
2707 2066 2964 2137 οὐρανὸς
2999 2065 3096 2120 καὶ
3135 2063 3176 2132 ἡ
3203 2061 3278 2139 1m"
3305 2064 3459 2132 kap-

1877 2149 2229 2203 ελεύσονται
2250 2188 2267 2214 ,
2312 2152 2368 2203 οὶ
2393 2149 2462 2204 δέ
2486 2151 2654 2221 λόγιοι
2673 2166 2795 2219 μου
2822 2150 2895 2203 οὐ
2929 2147 3017 2218 μὴ
3048 2145 3459 2215 παρελεύσον-

1878 2251 1973 2288 ται
1996 2251 2010 2266 ·
2051 2235 2113 2290 τὸ
2143 2237 2399 2309 ἀκίνητον
2427 2237 2611 2292 αὐτῶν
2649 2236 2846 2308 δηλῶν.
2900 2237 3087 2291 Πάντα
3118 2234 3227 2307 γὰρ
3259 2233 3361 2287 ὅσα
3385 2232 3456 2288 ἂν

1881 2320 2136 2395 βούληται
2169 2323 2351 2394 μένειν
2383 2323 2414 2376 6
2456 2324 2619 2389 Θεδς,
2660 2324 2813 2396 μένει
2846 2322 3139 2394 διηνεκῶς,
3178 2320 3274 2376 καὶ
3301 2318 3456 2374 οὐδέν

1879 2410 1996 2462 ἐστι
2031 2410 2093 2463 τὸ
2129 2412 2313 2466 κινοῦν
2341 2412 2501 2468 αὐτά.
2535 2410 2943 2482 [Icaranat
2972 2411 3042 2464 ἐν
3077 2408 3329 2478 ἀληθείᾳ
3354 2407 3458 2461 καὶ

1877 2498 2174 2567 εὐθύτητι.
2230 2500 2297 2552 Τί
2338 2502 2523 2566 ἐστιν,
2574 2501 2671 2555 Ἐν
2711 2499 2967 2568 ἀληθείᾳ
3003 2496 3103 2552 καὶ
3143 2495 3456 2562 εὐθύτητιδ

1880 2584 2044 2637 Ούδέν
2080 2585 2294 2651 αύταῖς,
2328 2588 2484 2658 φησὶ,
2530 2587 2768 2653 σκολιὸν,
2813 2586 2964 2640 οὐδὲν
2996 2581 3453 2655 στραγγαλιῶδεςο

1879 2669 2030 2722 οὐδὲν
2058 2671 2282 2740 ἀσαφὲς,
2335 2673 2488 2726 οὐδὲν
2517 2673 2654 2745 πρὸς
2692 2674 2854 2744 χάριν
2884 2669 3027 2735 τινά,
3057 2670 3092 2741 ἢ
3134 2668 3453 2739 ἀπέχθειαν,

1880 2755 2014 2809 ἀλλὰ
2040 2758 2213 2811 πάντα
2238 2758 2376 2829 πρὸς
2390 2758 2451 2813 τὸ
2467 2759 2744 2830 συμφέρον
2765 2758 2857 2812 καὶ
2872 2755 3147 2819 λυσιτελές
3161 2771 3176 2786 ’
3200 2756 3262 2809 οὐ
3285 2752 3455 2808 καθά-

1881 2860 1986 2913 περ
2009 2845 2059 2898 οί
2096 2844 2426 2915 ἀνθρώπινοι
2459 2847 2636 2917 νόμοι,
2670 2846 2806 2900 πολὺ
2859 2845 2957 2915 μὲν
2990 2843 3203 2914 ἔχοντες
3231 2840 3292 2895 τδ
3331 2840 3454 2894 ἐπί·

1881 2947 2070 3002 κηρον,
2090 2931 2225 2986 πολὺ
2244 2932 2301 2986 δέ
2323 2932 2385 2987 τὸ
2405 2933 2637 3003 ἀσαφὲς,
2657 2934 2791 2988 πολὺ
2807 2931 2864 2986 δέ
2880 2931 2942 2986 τὸ
2961 2930 3318 3002 ἀνθρώπινον.
3341 2928 3454 2983 Kal

1880 3014 1989 3086 7&9
2017 3013 2125 3068 ἀπὸ
2155 3014 2512 3087 ἀνθρωπίνων
2537 3015 2727 3071 παθῶν
2752 3015 2938 3069 πολλοὶ
2965 3013 3226 3077 πολλάκις
3257 3009 3448 3082 ἐτίθηο

1882 3118 2000 3157 σαν.
2054 3103 2164 3158 Καὶ
2187 3103 2295 3176 7&9
2323 3106 2415 3159 τὸν
2443 3104 2632 3176 ἐχθρὸν
2667 3104 3025 3177 ἀμυνόμενος.
3063 3102 3098 3174 ἢ
3131 3101 3271 3172 φίλῳ
3295 3098 3448 3173 Xa?“

1881 3188 2067 3256 ζεσθαι
2098 3192 2434 3265 βουλόμενος,
2482 3192 2625 3248 οὕτω
2664 3192 2736 3249 τὰ
2783 3194 3087 3265 γράμματα
3135 3189 3451 3261 συνέθηκεν.

1894 3277 2032 3332 Ἀλλ’
2060 3280 2159 3352 οὐχ
2201 3282 2250 3335 οί
2288 3280 2421 3335 θεῖοι
2465 3279 2885 3346 τοιοῦτοι,,ἀλλ⁹
2923 3278 3075 3352 ήλίου
3108 3275 3451 3349 φαιδρότεροι

1885 3367 2135 3438 μένουσι,
2210 3369 2272 3423 τὸ
2329 3369 2607 3443 συμφέρον
2661 3369 2771 3425 τῶν
2815 3366 3285 3442 νομοθετουμένων
3332 3364 3455 3419 ἐπι-

1882 3452 2201 3525 ζητοῦντες,
2245 3457 2340 3510 καὶ
2368 3456 2504 3528 πρὸς
2556 3456 2760 3528 ἀρετὴν
2810 3456 3010 3521 αὐτοὺς
3065 3453 3450 3521 ἐπανάγοντες.

1880 3541 1975 3596 καὶ
2011 3541 2148 3613 πρὸς
2176 3540 2274 3613 τὴν
2301 3543 2410 3596 τῶν
2442 3543 2782 3616 πραγμάτων
2804 3541 3080 3614 ἀλήθειαν,
3121 3541 3183 3595 ού
3225 3538 3362 3612 πρὸς
3384 3538 3455 3591 τὰ

1879 3627 2045 3699 ψευδῆ
2080 3628 2281 3696 ταῦτα,
2322 3627 2549 3684 πλοῦτον
2580 3628 2725 3698 λέγω
2761 3630 2857 3683 xal
2893 3627 3209 3683 δυναστείαν
3230 3622 3454 3693 ’(ταῦτα

1881 3715 1989 3785 7&9
2013 3714 2214 3785 ψευδῆ·
2261 3714 2332 3769 τά
2371 3716 2429 3770 δὲ
2453 3715 2545 3769 τοῦ
2576 3716 2711 3770 Θεοῦ
2742 3716 3021 3786 ἀλήθεια),
3057 3715 3158 3785 οὐχ
3186 3714 3333 3776 ὅπως
3354 3710 3451 3781 γέ-

1881 3813 2056 3850 νοιντο
2079 3796 2466 3870 εὐπορώτεροι,
2495 3798 2602 3852 οὐδ’
2632 3799 2778 3863 ὅπως
2810 3797 2919 3851 τῶν
2946 3796 3227 3869 παρόντων
3260 3792 3452 3848 ἐπιτύ-

1881 3895 2026 3949 χοιεν
2042 3917 2060 3944 ,
2107 3878 2222 3932 ἀλλ’
2262 3880 2411 3943 ὅπως
2438 3880 2548 3934 τῶν
2576 3880 2873 3950 μελλόντων
2900 3877 3285 3942 ἀπολαύσαιεν,
3307 3875 3455 3930 διδά-

1884 3981 2127 4029 σκοντες.
2188 3966 2326 4037 Περὶ
2359 3966 2471 4018 τῶν
2505 3965 2721 4036 ἀληθῶν
2755 3965 3096 4036 πραγμάτων
3133 3963 3227 4018 καὶ
3252 3961 3451 4034 ὀρθῶν,

1881 4051 1977 4105 καὶ
2004 4050 2156 4106 οὐδὲν
2183 4051 2416 4121 ἐχόντων
2432 4049 2882 4122 διεστραμμένον,
2902 4051 3113 4103 ἅπαντα
3137 4048 3454 4125 είπονέκεῖ-

1880 4154 1961 4193 νοι
1993 4139 2045 4192 οί
2078 4139 2251 4209 νόμοι.
2296 4137 2508 4193 Πισταί
2539 4134 2730 4193 πᾶσαι
2770 4140 2830 4191 αι
2863 4137 3103 4192 ἐντολαὶ
3139 4135 3345 4191 αὐτοῦ.
3385 4135 3453 4188 Τί

1883 4224 2020 4288 ἐστι,
2048 4223 2299 4286 Πισταίξ
2323 4222 2568 4290 Βέδαιαι,
2597 4222 2879 4294 μένουσαι.
2920 4223 3039 4277 Κάν
3066 4221 3175 4293 7&9
3206 4220 3454 4290 παραδα-

1883 4309 2070 4377 θῶσιν,
2112 4311 2169 4365 αἱ
2200 4311 2459 4383 τιμωρίαι
2487 4310 2706 4366 επονται
2728 4348 2743 4372 ,
2794 4310 2890 4364 καὶ
2927 4303 3087 4363 αὗται
3109 4309 3171 4361 οὐ
3197 4305 3451 4360 σαλεύον-

1881 4414 1971 4451 ται
1990 4412 2006 4429 ο
2058 4399 2108 4453 εί
2131 4397 2188 4452 δέ
2218 4397 2492 4470 ἄνθρωποι
2531 4395 2871 4467 παραδῶσιν,
2920 4395 3035 4448 ἀλλ’
3060 4397 3091 4449 6
3119 4393 3252 4457 Θεὸς
3280 4393 3449 4457 αὐτὰς

1881 4484 2104 4538 ἐκδικεῖ.
2136 4484 2229 4556 Μή
2250 4485 2428 4539 τοίνυν
2457 4483 2604 4554 λέγε,
2624 4485 2707 4541 ὅτι
2733 4483 2868 4556 πρὸς
2894 4481 3122 4554 ἀπειλὴν
3147 4482 3357 4556 εἴρηται
3380 4481 3453 4535 τά

1882 4571 2166 4643 εἰρημένα,
2212 4571 2246 4644 ἢ
2289 4571 2681 4643 ὑπερϐολικῶς.
2741 4570 2928 4634 Οὐδεὶς
2963 4568 3264 4640 νομοθετῶν
3312 4568 3453 4640 πρὸς

1881 4659 2110 4732 ἀπειλὴν
2162 4660 2310 4730 λέγει
2351 4661 2533 4733 μόνον,
2587 4660 2723 4715 ἀλλά
2768 4660 2862 4713 καὶ
2895 4658 3030 4732 πρὸς
3053 4658 3448 4729 σωφρονισμόν.

1884 4747 1946 4801 Εἰ
1970 4746 2029 4801 δέ
2057 4747 2117 4801 ού
2154 4748 2355 4820 σφόδρα
2377 4748 2652 4813 πιστεύεις
2684 4747 2823 4818 ὑπὲρ
2850 4747 2959 4801 τῶν
2990 4745 3312 4818 μελλόντων,
3339 4746 3451 4799 ἀπὸ

1882 4835 1991 4889 τῶν
2032 4835 2408 4907 παρελθόντων
2458 4835 2698 4906 λάμϐανε
2741 4834 2839 4906 τὴν
2867 4833 3156 4899 ἀπόδειξιν.
3222 4831 3283 4886 Ὀ
3318 4833 3452 4901 γοῦν

1887 4920 2038 4994 [£75]
2070 4923 2163 4975 ἐπὶ
2189 4921 2284 4976 τοῦ
2310 4922 2433 4975 Νῶε
2451 4920 2850 4990 κατακλυσμὸς,
2878 4921 2972 4974 καὶ
3046 4921 3140 4974 ἐπὶ
3166 4919 3275 4974 τῶν
3304 4920 3454 4973 Σοδό-

1889 5025 2003 5079 μων
2048 5009 2406 5080 πυρπόλησις,
2446 5008 2542 5063 καὶ
2585 5011 2618 5078 ή
2665 5008 2760 5062 ἐπὶ
2794 5008 2888 5062 τοῦ
2930 5008 3130 5081 Φαραὼ
3183 5007 3449 5071 ἀπώλεια,

1884 5096 1979 5150 καὶ
1998 5097 2032 5166 ή
2056 5095 2161 5149 τῶν
2176 5094 2441 5150 Ἰουδαίων
2466 5092 2826 5167 πανωλεθρία,
2848 5096 2942 5150 καὶ
2974 5096 3031 5149 al
3060 5093 3450 5165 αἰχμαλωσίαι,

1883 5182 1978 5236 καὶ
2004 5184 2053 5236 of.
2081 5181 2326 5253 πόλεμοι,
2356 5177 2465 5251 ἆρα
2488 5181 2717 5254 ἀπειλῆς
2739 5184 2896 5248 είσιν,
2924 5182 2956 5256 ἤ
2981 5182 3174 5252 πείρας
3193 5178 3453 5251 πραγμά-

1882 5286 2024 5337 των;
2059 5270 2122 5322 El
2146 5269 2202 5322 δὲ
2232 5268 2301 5323 τά
2324 5270 2382 5322 ἐν
2416 5268 2494 5341 τῷ
2525 5268 2679 5341 τύπῳ
2695 5269 2906 5339 γέγονε,
2936 5266 3115 5338 πολλῷ
3141 5265 3339 5337 μᾶλλον
3381 5266 3451 5321 τά

1885 5357 1943 5409 ἐν
1972 5358 2040 5427 τῇ
2072 5356 2320 5428 ἀληθείᾳ,
2362 5357 2473 5428 ὅσῳ
2504 5357 2598 5412 καὶ
2631 5358 2834 5430 μείζων
2870 5358 2904 5427 ἡ
2941 5355 3176 5425 πονηρία
3213 5353 3321 5408 τῶν
3346 5355 3451 5407 αὺ-

1884 5444 1994 5507 τοῖς
2008 5442 2422 5517 τετολμημένων
2447 5443 2586 5516 μετά
2602 5442 2869 5514 τοσαύτην
2893 5440 3186 5513 θεραπείαν
3205 5440 3299 5497 καὶ
3313 5440 3453 5514 διόρ-

1948 5666 1979 5707 b
2001 5665 2160 5718 Malim
2180 5669 2260 5717 καὶ
2294 5672 2373 5731 γῆ.
2406 5666 2507 5718 Sed
2529 5667 2639 5719 sine
2681 5667 2976 5717 auctoritate
3005 5679 3119 5717 mss.
3145 5666 3267 5719 nilnl
3291 5671 3448 5717 muto.
