4112 6208
391 324 490 378 389

384 439 680 506 emptionem
720 435 852 490 misit
885 433 1129 490 Dominus
1174 430 1361 501 populo
1387 445 1498 486 suo.
1530 427 1679 497 Quod
1706 425 1771 481 ad
1798 425 1964 480 histo-

386 533 514 586 riam
541 529 755 600 quidem
783 528 992 592 attinet,
1020 526 1147 580 dicit
1171 525 1467 579 libertatem
1497 521 1800 578 Iudaeorum
1827 537 1839 574 :
1872 516 1966 573 sed

381 623 425 676 si
476 621 527 676 id
565 621 887 691 accipiamus
913 618 1224 689 anogogice,
1265 616 1564 671 libertatem
1600 611 1746 666 orbis
1786 619 1962 677 terrm,

388 713 530 783 quod
569 713 728 768 etiam
759 709 1018 781 signiﬁcat
1045 709 1098 764 id
1136 707 1276 780 quod
1306 706 1543 777 sequitur
1571 721 1585 758 :
1618 701 1964 757 Mandavitin

378 817 620 858 quernum
666 810 1011 857 testamentum
1059 817 1224 856 suum.
1254 799 1350 856 Hic
1390 797 1597 852 Nevum
1630 793 1758 854 dicit
1785 811 1798 848 :
1829 808 1962 863 quo-

382 897 526 949 niam
557 894 699 948 enim
730 892 968 947 meminit
993 891 1222 946 mandati
1257 900 1310 944 et
1349 887 1500 958 legis,
1532 902 1595 942 ea
1634 893 1810 940 autem
1855 897 1960 937 non

380 987 476 1040 fuit
504 985 806 1050 observata,
835 992 890 1039 et
910 983 1038 1038 iram
1086 983 1307 1052 peperit,
1349 979 1472 1035 dicit
1501 995 1518 1035 :
1548 977 1961 1046 Redemptionem

378 1077 512 1130 misit
539 1074 726 1145 populo
745 1091 858 1142 suo,
886 1073 1328 1145 quemadmodum
1350 1073 1462 1141 ipse
1481 1085 1692 1141 quoque
1716 1067 1958 1123 dicebat:

378 1166 501 1220 Non
531 1167 642 1220 veni
677 1174 732 1219 ut
750 1165 972 1236 judicem
1002 1163 1266 1231 mundum,
1296 1161 1386 1219 sed
1409 1169 1465 1215 ut
1504 1175 1693 1214 servem
1717 1156 1963 1211 mundum

376 1257 665 1330 (Joan.12.
696 1259 808 1329 47).
837 1256 1094 1323 Quoniam
1119 1256 1262 1311 enim
1288 1255 1373 1309 lex
1404 1267 1512 1307 non
1539 1249 1840 1313 observata,
1861 1262 1960 1316 pu-

375 1351 554 1406 niebat
583 1367 599 1402 :
630 1349 732 1406 Lex
753 1350 904 1414 enim,
935 1348 1124 1419 inquit,
1150 1347 1281 1401 iram
1300 1352 1538 1414 aperatur
1555 1360 1573 1397 :
1594 1340 1676 1395 ubi
1703 1340 1834 1394 enim
1858 1353 1957 1392 non

373 1450 446 1495 est
475 1441 574 1505 lex,
602 1456 691 1494 nec
714 1440 1017 1510 trangressio
1051 1437 1224 1508 (Rom.
1266 1437 1319 1491 4.
1349 1433 1438 1506 15)
1467 1451 1480 1487 :
1511 1441 1584 1500 et,
1618 1431 1805 1487 Omnes
1845 1445 1960 1500 pec-

372 1541 630 1598 caverunt,
669 1542 720 1587 et
755 1542 900 1601 egent
925 1531 1095 1602 gloria
1131 1529 1248 1594 Dei,
1285 1526 1555 1598 justi/ictui
1591 1526 1766 1596 gratis,
1793 1524 1958 1594 gratia

371 1623 532 1692 ipsius
557 1621 666 1690 (Id.
687 1623 740 1676 ‘5.
767 1622 857 1676 25.
881 1622 972 1692 2i)
1001 1638 1016 1676 :
1045 1629 1322 1692 propterea
1351 1618 1429 1674 sic
1447 1617 1603 1684 dixit,
1628 1615 1955 1686 Redemptio-

370 1728 484 1766 nent
506 1713 636 1767 misit
655 1712 903 1767 Dominus
925 1711 1113 1782 populo
1136 1726 1248 1765 suo.

440 1803 490 1856 7.
519 1803 627 1858 Nec
655 1812 738 1857 est
767 1812 944 1858 tamen
967 1799 1302 1858 solummodo
1327 1799 1641 1868 redemptio,
1669 1797 1764 1854 sed
1791 1799 1952 1854 etiam

365 1903 486 1962 post
536 1893 953 1962 redemptionem
993 1894 1076 1949 lex
1127 1901 1244 1958 est,
1286 1901 1346 1947 ut
1390 1893 1510 1946 vitae
1566 1890 1950 1946 institutionem

364 1984 708 2040 ostendamus
733 1984 947 2054 dignam
972 1984 1156 2054 gratia.
1180 1981 1426 2038 Sanctum
1453 1992 1500 2038 et
1527 1981 1747 2037 terribile
1771 1997 1953 2034 nomen

361 2076 489 2144 ejus.
523 2075 804 2144 Postquam
831 2075 974 2129 enim
1013 2073 1264 2144 cogitavit
1303 2073 1481 2127 omnia
1519 2071 1808 2140 prmdicare
1833 2071 1952 2140 ejus

359 2179 541 2220 curam
569 2179 632 2219 ac
654 2164 1064 2234 providentiam,
1092 2178 1251 2234 quam
1273 2162 1506 2218 ostendit
1531 2172 1636 2216 tam
1665 2163 1718 2216 in
1744 2160 1946 2226 Veteri,

361 2269 520 2324 quam
552 2254 603 2308 in
643 2254 812 2320 Novo,
845 2262 953 2310 tam
994 2254 1048 2308 in
1073 2253 1222 2308 factis
1257 2263 1312 2307 et
1347 2252 1619 2322 operibus,
1656 2267 1815 2322 quam
1855 2266 1952 2321 per

361 2353 648 2414 prmcepta,
698 2359 860 2414 quam
905 2359 1002 2413 per
1042 2342 1294 2398 miracula
1337 2358 1401 2398 ac
1439 2341 1672 2412 prodigia
1711 2359 1725 2396 :
1771 2341 1951 2396 divino

361 2434 550 2502 spiritu
592 2433 822 2501 afﬂatus,
867 2443 922 2489 et
957 2433 1074 2502 ejus
1119 2433 1392 2489 admirans
1434 2432 1793 2502 majestatem,
1835 2431 1952 2486 ﬁnit

363 2523 658 2577 orationem
689 2524 742 2577 in
772 2524 1176 2592 gloriﬁcatione,
1214 2525 1264 2580 ei
1301 2525 1389 2594 qui
1429 2523 1544 2580 hmo
1587 2523 1710 2580 fecit
1738 2525 1948 2580 laudem

363 2614 615 2669 oll'erens.
659 2613 908 2669 Sanctum
947 2625 991 2668 et
1020 2615 1237 2670 terribile
1273 2630 1454 2669 nomen
1493 2616 1640 2686 ejus;
1684 2615 1785 2670 hoc
1831 2622 1947 2680 est,

363 2705 579 2776 plenum
614 2713 853 2776 stupore,
899 2707 1110 2777 plenum
1153 2707 1520 2761 admiratione.
1562 2705 1714 2774 Quod
1759 2707 1802 2762 si
1849 2706 1950 2762 tale

361 2805 448 2851 est
487 2798 600 2864 ejus
641 2813 856 2862 nomen,
889 2809 1089 2867 quanto
1115 2797 1282 2868 magis
1315 2797 1644 2852 substantia?
1672 2796 1950 2865 Quomodo

361 2896 542 2952 autem
582 2895 664 2941 est
703 2887 816 2956 ejus
843 2903 1034 2942 nomen
1073 2897 1314 2942 sanctum
1343 2897 1398 2942 ct
1423 2887 1702 2942 terribile?
1737 2887 1791 2942 Id
1825 2904 1951 2958 pcr-

361 2977 644 3032 timescnnt
684 2987 737 3032 et
778 2978 1194 3034 contremiscunt
1221 2979 1511 3042 daemones,
1557 2979 1609 3033 id
1636 2981 1806 3034 morbi
1839 2981 1947 3036 for-

361 3066 580 3121 tttiduttt.
631 3067 709 3122 Eo
755 3069 973 3123 nomine
1019 3069 1102 3124 usi
1143 3068 1370 3139 apostoli
1411 3069 1715 3125 universum
1761 3070 1947 3126 orbem

363 3167 519 3212 terra:
565 3169 932 3214 correxerunt.
975 3161 1053 3216 Eo
1101 3161 1265 3217 David
1305 3177 1574 3217 armorum
1621 3163 1740 3219 loco
1783 3178 1944 3228 usus,

362 3248 644 3303 barbarum
668 3250 812 3304 illum
838 3251 1149 3319 prostravit;
1171 3267 1237 3306 eo
1258 3265 1345 3306 res
1365 3251 1781 3308 innumerabiles
1801 3261 1946 3308 recte

361 3340 692 3408 etprzeclare
720 3349 882 3410 gesta:
913 3350 1070 3407 sunt;
1092 3356 1157 3397 eo
1179 3341 1344 3398 sacris
1369 3342 1636 3398 initiamur
1656 3345 1943 3415 mysteriis.
2001 3415 2006 3418 _

361 3429 718 3486 Considerans
755 3446 881 3501 ergo
921 3441 1048 3502 quot
1089 3441 1144 3487 et
1181 3442 1374 3501 quanta
1409 3433 1567 3488 faciat
1605 3433 1721 3504 ejus
1746 3449 1945 3492 nomen

361 3519 636 3586 miracula,
676 3529 806 3591 quot
852 3520 1124 3576 beneﬁciis
1161 3522 1373 3587 alliciat,
1406 3537 1511 3594 quo
1540 3533 1694 3594 pacto
1723 3524 1946 3596 dissipet

359 3609 712 3677 adversarios,
741 3627 870 3666 suos
895 3611 1189 3680 conﬁrmet,
1221 3622 1275 3668 et
1301 3628 1388 3669 res
1414 3615 1551 3683 apud
1581 3631 1641 3672 se
1667 3627 1940 3688 reputans,

359 3716 478 3770 qua:
515 3715 728 3757 omnem
759 3711 958 3757 natura:
987 3705 1420 3775 consequentiam
1448 3715 1503 3761 et
1540 3705 1824 3762 humanam
1853 3723 1941 3764 ra-

359 3792 560 3848 tionem
599 3803 870 3861 superant,
911 3793 1059 3860 dicit,
1106 3793 1353 3849 Sanctum
1404 3805 1449 3849 et
1493 3797 1712 3852 terribile
1763 3814 1943 3853 nomen

359 3883 489 3951 ejus.
521 3882 670 3950 Quod
701 3887 744 3936 si
774 3894 855 3938 est
883 3895 1142 3946 sanctum,
1171 3893 1354 3940 sancta
1389 3900 1598 3956 quoque
1627 3902 1720 3942 ora
1745 3887 1942 3944 habere

360 3989 492 4043 opus
510 3973 674 4028 estad
695 3990 815 4029 eum
849 3974 1186 4039 laudandum,
1213 3984 1416 4042 sancta,
1439 3977 1648 4046 inquam
1669 4019 1684 4045 ,
1714 3987 1766 4033 ct
1789 3993 1940 4048 pura.

435 4065 532 4120 Ubi
546 4070 660 4137 fons
674 4066 934 4135 sapientiae
946 4065 1243 4135 reperiatur;
1253 4067 1512 4136 sapientia:
1526 4068 1774 4137 deﬁnitio;
1791 4083 1945 4136 opera

361 4159 510 4212 etiam
531 4159 992 4214 accesserim—l0,
1020 4157 1229 4213 Initium
1250 4159 1512 4228 sapientia:
1539 4161 1689 4214 timor
1714 4159 1942 4215 Domini.

359 4249 654 4304 Intellectus
695 4251 853 4304 bonus
899 4250 1130 4304 omnibus
1173 4250 1468 4320 facientibus
1515 4266 1646 4304 eum.
1679 4249 1812 4318 Quid
1839 4260 1942 4319 est,

360 4337 611 4393 Initium?
650 4339 806 4402 Fons,
835 4341 1012 4403 radix,
1046 4339 1468 4396 fundamentum.
1504 4341 1763 4408 Quoniam
1802 4343 1944 4398 enim

363 4439 440 4483 tot
464 4438 517 4485 et
548 4438 688 4484 tanta
721 4429 851 4484 dixit
879 4430 946 4485 de
977 4430 1197 4486 Domino
1223 4430 1368 4486 orbis
1399 4439 1572 4495 terrae,
1603 4439 1654 4485 et
1683 4440 1826 4486 tanta
1855 4447 1942 4488 re-

363 4521 533 4588 pletus
581 4528 663 4575 est
705 4520 1051 4576 admiratione
1094 4539 1108 4578 :
1163 4521 1262 4577 hoc
1311 4521 1606 4593 subjungit,
1656 4523 1943 4580 ostendens

359 4611 633 4682 deinceps,
675 4627 796 4668 eum
826 4615 913 4683 qui
945 4613 1115 4682 ipsum
1145 4615 1294 4669 timet
1319 4613 1524 4684 impleri
1553 4615 1698 4670 omni
1727 4614 1942 4686 sapien-

364 4707 454 4770 tia,
492 4716 546 4759 et
573 4705 883 4775 prudentem
913 4706 1156 4762 evadere.
1190 4706 1390 4762 Deinde
1431 4722 1498 4762 ne
1522 4708 1639 4778 quis
1667 4707 1941 4763 existima-

362 4808 445 4852 ret
504 4799 820 4867 sapientiam
872 4815 976 4852 non
1029 4798 1318 4868 procedere
1360 4800 1494 4853 ultra
1547 4799 1938 4869 cognitionem,

360 4887 634 4958 subjunxit
661 4906 674 4942 :
709 4887 1001 4943 Intellectus
1026 4887 1185 4943 bonus
1221 4889 1448 4943 omnibus
1474 4889 1770 4960 facientibus
1802 4907 1936 4945 eum.

361 4975 476 5032 Non
504 4978 700 5034 sufﬁcit
727 4979 865 5034 enim
895 4978 1052 5044 ﬁdes,
1084 4979 1182 5034 nisi
1220 4980 1359 5034 adsit
1385 4979 1544 5035 etiam
1575 4982 1695 5036 vita:
1729 4982 1941 5037 institu-

363 5076 474 5122 tum
507 5067 625 5122 ﬁdei
647 5069 988 5124 conveniens.
1012 5067 1290 5135 Quomodo
1315 5079 1398 5124 est
1417 5078 1592 5124 autem
1623 5070 1828 5126 initium
1857 5089 1944 5126 sa-

362 5157 577 5227 pientim
606 5160 762 5214 timor
793 5160 1039 5215 Domini?
1061 5161 1143 5216 Ab
1168 5161 1312 5216 omni
1335 5161 1461 5216 vitio
1487 5162 1704 5228 liberat,
1727 5178 1941 5218 omnem

362 5251 612 5306 virtutem
639 5251 831 5322 dirigit.
868 5253 1000 5309 Dicit
1028 5264 1203 5309 autem
1243 5253 1578 5323 sapientiam,
1611 5269 1716 5310 non
1745 5271 1863 5324 quae
1888 5257 1941 5311 in

366 5341 564 5409 verbis,
595 5341 692 5398 sed
720 5358 836 5413 quze
876 5343 926 5398 in
957 5345 1118 5400 rebus
1145 5343 1242 5400 sita
1271 5353 1368 5398 est.
1412 5343 1542 5398 Nam
1569 5346 1776 5400 externi
1805 5362 1941 5416 quo-

359 5447 467 5501 que
506 5429 806 5504 philosophi
835 5434 1152 5490 deﬁnierunt
1187 5435 1520 5502 sapientiam,
1551 5436 1849 5494 divinarum
1890 5449 1944 5494 et

361 5527 731 5588 humanarum
755 5542 931 5583 rerum
959 5526 1333 5594 cognitionem.
1393 5527 1538 5582 llanc
1566 5538 1740 5585 autem
1770 5540 1939 5587 artem

357 5616 522 5685 docet
547 5619 638 5674 Det
677 5620 852 5685 timor,
895 5617 1281 5687 improbitatem
1311 5619 1576 5685 auferens,
1604 5634 1654 5677 et
1693 5623 1940 5680 virtutem

359 5711 624 5782 inserens,
663 5720 722 5770 ut
745 5714 1025 5786 pricsentia
1062 5719 1466 5770 contemnantur
1490 5711 1748 5783 efﬁciens,
1791 5727 1845 5772 et
1887 5717 1938 5772 in

1515 309 1872 370 ILXPUSITIO
1911 305 1974 361 IN
2016 305 2336 362 I‘SALSIUM
2380 308 2511 362 CXI.

3558 318 3663 374 illi)

2075 421 2261 478 escium
2297 424 2594 481 traducens.
2627 425 2761 494 Quid
2790 436 2870 482 est
2901 427 3202 498 bujusmodi
3229 433 3402 486 anima
3445 436 3658 506 sapiet.-

2073 514 2212 568 tius?
2255 514 2370 571 Non
2415 516 2603 586 qumrit
2648 527 2824 571 autem
2866 517 2951 573 hic
2999 519 3169 574 solum
3212 522 3528 586 auditorem,
3560 535 3654 580 sed

2071 605 2230 660 etiam
2270 605 2544 661 factorem.
2583 605 2875 663 Intellectus
2921 609 3284 666 autem‘bonus
3316 613 3546 667 omnibus
3576 619 3656 687 fa-

2069 695 2311 751 cientibus
2355 713 2464 750 eum
2491 712 2510 750 :
2537 697 2638 752 hoc
2663 707 2762 760 est,
2805 698 2867 752 iis
2893 698 2982 768 qni
3023 701 3336 771 sapientiam
3377 714 3652 768 exercent.

2068 797 2122 843 ct
2144 803 2262 844 eam
2289 787 2438 844 factis
2460 787 2762 856 ostendunt,
2790 789 2958 844 bonus
2984 799 3064 845 est
3090 792 3408 848 intellectus.
3438 793 3651 850 Intelle-

2068 888 2173 932 ctus
2201 878 2378 944 bonus,
2425 879 2614 946 inquit,
2639 881 2884 949 quoniam
2921 892 3003 936 est
3037 885 3194 938 etiam
3227 885 3399 940 malus
3442 887 3627 942 intelle

2068 977 2204 1032 ctus,
2229 977 2285 1022 ut
2307 969 2516 1038 quando
2543 969 2670 1024 dicit
2697 988 2710 1024 :
2746 970 3012 1041 Sapientes
3039 983 3154 1028 sunt
3174 984 3227 1028 ut
3253 976 3384 1030 male
3409 979 3598 1048 [at-iant
3626 998 3646 1035 :

2069 1059 2250 1112 bonum
2276 1069 2440 1113 autem
2467 1063 2632 1131 facere
2657 1077 2758 1114 non
2787 1073 3023 1116 noverunt
3053 1062 3182 1136 (Jer.
3203 1066 3258 1122 4.
3281 1066 3395 1140 22).
3413 1068 3531 1137 Ipse
3557 1086 3650 1124 au-
3695 1123 3705 1135 ,

2069 1159 2174 1206 tem
2205 1151 2394 1221 qtuerit
2420 1167 2540 1207 eum
2570 1152 2895 1209 intellectum
2918 1195 2934 1221 ,
2963 1155 3051 1224 qui
3079 1155 3131 1210 in
3160 1157 3352 1213 virtute
3378 1160 3510 1215 situs
3540 1174 3644 1217 est.
3674 1152 3696 1218 ξ’

2137 1239 2275 1296 Laus
2321 1241 2415 1296 Dei
2460 1258 2574 1311 qute
2618 1244 2702 1297 sit.
2727 1273 2800 1284 --
2840 1243 3088 1299 Laudatio
3127 1248 3234 1317 ejus
3267 1259 3449 1303 manet
3467 1249 3523 1301 in
3547 1264 3648 1302 srr-

2066 1332 2233 1386 cnlum
2261 1333 2454 1388 steculi.
2486 1333 2740 1400 Quaenam
2763 1376 2779 1403 ,
2811 1335 2896 1390 dic
2915 1377 2929 1402 ,
2983 1351 3190 1406 quaeso,
3240 1353 3301 1392 ea
3332 1339 3489 1394 laus?
3512 1340 3648 1396 Gra-

2066 1423 2255 1476 tiarum
2296 1425 2468 1491 actio,
2499 1424 2846 1494 gloriﬁcatio,
2891 1442 3009 1496 quae
3051 1442 3144 1496 per
3171 1443 3334 1498 opera
3385 1430 3517 1484 facta
3567 1442 3648 1487 cst

2063 1513 2420 1571 immortalis:
2466 1524 2523 1571 et
2571 1525 2695 1571 ante
2743 1516 2858 1573 hinc
2901 1533 2963 1573 ea
3009 1535 3128 1588 quae
3175 1521 3290 1590 ejus
3337 1522 3648 1578 substantia:

2060 1605 2309 1660 attributa
2368 1616 2468 1661 est.
2526 1605 2665 1663 Deus
2702 1607 2843 1664 enim
2902 1618 2985 1664 est
3045 1611 3392 1680 immortalis,
3449 1623 3506 1668 et
3553 1631 3648 1684 per

2058 1707 2119 1750 se
2159 1695 2313 1751 valde
2361 1695 2640 1752 laudabilis
2687 1715 2702 1752 :
2755 1697 3034 1754 laudabilis
3083 1711 3260 1756 autem
3314 1714 3395 1758 est
3447 1705 3643 1772 etiam,

2059 1788 2271 1858 quando
2300 1788 2416 1859 ejus
2443 1789 2775 1859 majestatem
2821 1791 2962 1861 apud
3005 1799 3056 1847 te
3085 1794 3544 1865 consideraveris,
3586 1811 3642 1854 et

2059 1877 2160 1933 alia
2213 1879 2430 1945 omnia;
2478 1879 2756 1936 laudabilis
2801 1897 3010 1952 quoque
3059 1890 3140 1938 est
3184 1895 3403 1956 propter
3443 1903 3642 1958 opera,

2059 1968 2271 2039 quando
2298 1969 2494 2024 videris
2514 1971 2630 2040 ejus
2667 1972 2981 2041 sapientiam
3016 1989 3112 2043 per
3137 1990 3197 2029 ea
3229 1991 3347 2046 quae
3372 1978 3640 2034 videntur.

2059 2059 2184 2115 Haec
2219 2069 2396 2114 autem
2427 2060 2555 2115 dicit
2601 2061 2889 2118 adhortans
2917 2064 2984 2119 ad
3025 2066 3312 2135 gratiarum
3341 2070 3601 2124 actionem
3624 2113 3641 2138 ,

2057 2148 2423 2204 ctostendcns
2463 2150 2605 2204 nulla
2651 2166 2770 2206 esse
2801 2151 2989 2223 dignos
3021 2156 3209 2223 venia,
3241 2158 3329 2228 qui
3356 2174 3472 2228 qua:
3511 2161 3643 2215 ﬁunt

2057 2257 2198 2312 aegre
2237 2239 2427 2296 ferunt.
2460 2241 2682 2310 Quando
2703 2244 2847 2298 enim
2875 2245 2995 2315 ejus
3038 2245 3304 2316 laudatio,
3351 2251 3640 2321 gratiarum

2056 2335 2228 2399 actio,
2269 2343 2321 2388 et
2348 2334 2666 2405 gloriﬁcatio
2691 2345 2773 2392 est
2810 2337 2946 2393 adeo
2971 2339 3291 2406 manifesta,
3344 2344 3486 2398 clara
3535 2349 3639 2400 im-

2057 2425 2408 2497 mobilisque,
2439 2434 2494 2480 ct
2518 2425 2666 2480 ﬁrma
2694 2441 2756 2483 ac
2787 2427 2992 2484 stabilis
3013 2471 3030 2498 ,
3055 2440 3114 2486 ut
3137 2433 3296 2489 etiam
3328 2435 3398 2489 sit
3423 2435 3644 2491 immor-

2059 2518 2179 2572 talis
2203 2526 2258 2573 et
2303 2518 2406 2572 ﬁne
2443 2534 2666 2585 carens,
2701 2519 2776 2574 illi
2805 2529 2982 2576 autem
3027 2537 3144 2577 eam
3175 2524 3514 2594 ignorantes,
3555 2527 3639 2582 lo-

2056 2616 2291 2677 quuntur
2311 2609 2576 2662 contraria
2605 2626 2617 2660 :
2644 2607 2775 2663 nihil
2800 2609 2940 2665 aliud
2962 2626 3118 2681 quam
3149 2613 3212 2667 iis
3232 2629 3349 2683 qum
3377 2625 3499 2670 sunt
3525 2617 3640 2672 solo

2058 2696 2213 2766 longe
2233 2695 2456 2750 clariora
2479 2697 2883 2763 contradicunt,
2907 2709 2958 2755 et
2979 2710 3170 2768 sponte
3199 2703 3501 2757 ca‘cutiunt.
3522 2703 3638 2759 Non

2057 2795 2139 2842 est
2167 2788 2310 2843 enim
2339 2787 2407 2842 ad
2436 2796 2642 2858 tempus
2665 2830 2678 2852 ,
2709 2797 2767 2842 ut
2796 2802 2914 2843 eam
2967 2791 3244 2860 ignorent,
3276 2808 3373 2848 nec
3416 2795 3639 2850 obseura

2057 2887 2112 2933 et
2137 2893 2243 2934 non
2269 2877 2543 2934 manifesta
2565 2919 2579 2943 ,
2622 2878 2714 2934 sed
2745 2880 2908 2947 clara,
2931 2889 3183 2949 perpetua
3208 2891 3260 2936 et
3286 2883 3596 2940 immortalis
3619 2928 3635 2951 ,

2055 2984 2269 3042 semper
2293 2986 2550 3038 manens,
2581 2980 2635 3026 et
2668 2973 2824 3025 linem
2856 2987 3143 3043 numquam
3170 2974 3390 3030 habens.

2545 3062 2610 3118 IN
2650 3058 2966 3119 I‘SALMUM
3004 3063 3138 3119 CXI.

2359 3158 2408 3211 1.
2443 3157 2628 3211 Beatus
2657 3157 2732 3210 vir
2756 3157 2843 3224 qui
2866 3157 3002 3210 timet
3033 3155 3324 3211 Dominum.

2127 3251 2177 3304 1.
2218 3247 2388 3320 Ilujus
2405 3248 2588 3319 psalmi
2610 3265 2724 3302 cum
2750 3249 3059 3318 praecedente
3086 3250 3338 3319 afﬁnitas;
3363 3251 3512 3305 timor
3541 3252 3638 3308 Dei

2051 3340 2189 3394 solus
2214 3337 2282 3391 ad
2320 3339 2530 3393 salutem
2577 3354 2677 3392 non
2717 3339 2914 3408 sufficit.
2944 3367 3015 3377 —-
3041 3336 3168 3392 Mihi
3221 3338 3430 3395 videtur
3478 3340 3634 3412 hujus

2054 3430 2250 3485 Psalmi
2275 3431 2584 3500 prooemium
2609 3431 2847 3499 apprime
2877 3430 3027 3500 sequi
3058 3429 3217 3486 ﬁnem
3244 3433 3632 3502 prtecedentts,

2051 3531 2104 3578 et
2125 3537 2244 3577 esse
2271 3521 2428 3576 veluti
2468 3520 2731 3592 quoddam
2759 3535 2953 3590 corpus
2993 3524 3300 3578 continuum
3331 3535 3384 3580 et
3408 3525 3635 3596 conjun-

2051 3624 2214 3670 ctntn.
2235 3615 2342 3668 Illic
2367 3614 2506 3668 enim
2541 3613 2686 3677 dicit,
2719 3613 2929 3668 Initium
2958 3616 3219 3685 sapientia:
3247 3618 3396 3671 timor
3423 3619 3633 3674 Domini

2051 3704 2224 3776 (Psal.
2261 3707 2382 3762 lli).
2416 3706 2537 3776 10):
2570 3707 2654 3761 hic
2682 3716 2880 3773 autem,
2908 3705 3092 3762 Beatus
3114 3709 3187 3762 vir
3211 3710 3297 3779 qui
3341 3711 3478 3766 timet
3516 3711 3627 3765 Do-

2049 3799 2274 3866 minum,
2307 3799 2426 3854 aliis
2446 3799 2640 3863 verbis,
2671 3798 2856 3853 eadem
2887 3807 3062 3854 autem
3087 3801 3347 3857 sententia
3368 3844 3384 3870 ,
3431 3803 3632 3859 docens

2052 3890 2297 3944 timorem
2324 3889 2552 3943 Domini.
2576 3887 2684 3942 Illic
2712 3889 2853 3942 enim
2883 3888 3014 3943 dixit
3044 3904 3164 3946 esse
3184 3893 3477 3960 sapientem
3500 3911 3512 3959 ;
3545 3894 3631 3949 hic

2050 3997 2178 4038 vero
2205 3982 2417 4036 beatum
2448 3997 2460 4032 :
2495 3979 2609 4033 hate
2648 3989 2823 4033 autem
2854 3994 2976 4033 vera
3005 3991 3086 4033 cst
3113 3981 3416 4052 beatitudo,
3446 4003 3632 4057 quem-

2052 4071 2336 4128 admodum
2376 4069 2476 4122 alia
2507 4067 2718 4138 quidem
2763 4067 2938 4121 omnia
2984 4076 3110 4122 sunt
3149 4074 3372 4140 vanitas,
3423 4077 3626 4141 umbra,

2052 4182 2244 4237 resque
2269 4163 2582 4226 levissimae;
2614 4159 2725 4214 sive
2754 4160 2898 4215 dicas
2927 4160 3153 4227 divitias,
3186 4164 3298 4218 sive
3320 4168 3628 4234 potentiam,

2052 4259 2166 4314 sive
2211 4252 2449 4325 corporis
2501 4249 2981 4322 pulchritudinem,
3041 4250 3153 4306 sive
3212 4253 3317 4305 vim
3369 4257 3628 4324 pecunite.

2053 4351 2188 4405 Sunt
2208 4347 2348 4402 enim
2391 4343 2582 4398 similia
2613 4341 2750 4397 foliis
2790 4337 3133 4404 cadentibus,
3165 4350 3218 4396 et
3247 4343 3450 4398 umbris
3490 4360 3633 4414 νην-

2055 4435 2502 4502 tercurrentibus,
2543 4442 2598 4489 et
2639 4431 2862 4488 somniis
2892 4432 3244 4486 evolantibus.
3280 4432 3403 4489 Iltcc
3451 4443 3630 4491 autem

2050 4546 2174 4587 vera
2206 4538 2289 4586 est
2330 4524 2624 4584 beatitudo.
2653 4523 2876 4586 Deinde,
2910 4521 3157 4592 quoniam
3186 4523 3455 4581 daemones
3501 4542 3634 4597 quo-

2051 4637 2152 4693 que
2179 4636 2298 4677 eum
2327 4625 2579 4674 verentur
2628 4624 2681 4670 et
2708 4613 3110 4684 pertimescunt,
3136 4629 3201 4668 ne
3242 4622 3397 4683 putes
3423 4615 3522 4672 hoc
3552 4633 3634 4673 so-

2051 4715 2159 4770 lum
2207 4712 2450 4769 sufﬁcere
2495 4709 2561 4764 ad
2591 4709 2849 4770 salutem,
2885 4705 3026 4776 quod
3055 4707 3302 4775 superius
3329 4705 3487 4775 fecit,
3544 4709 3631 4767 hic

2049 4819 2261 4875 quoque
2283 4802 2426 4857 facit.
2453 4797 2910 4866 Quemadmodum
2937 4795 3077 4850 enim
3105 4810 3222 4850 cum
3251 4795 3358 4853 illic
3383 4798 3629 4868 dixisset,

2051 4896 2259 4951 Initium
2281 4893 2539 4964 sapientiae
2561 4893 2710 4944 timor
2728 4887 2964 4955 Domini,
2998 4887 3298 4957 subjunxit,
3335 4891 3630 4950 Intellectus

2051 4987 2209 5044 bonus
2229 4984 2458 5037 omnibus
2488 4979 2782 5050 facientibus
2801 4979 3312 5041 eum,convenientia
3337 4982 3456 5036 vitae
3479 4983 3629 5037 instio

2051 5085 2162 5132 tuta
2188 5071 2520 5143 dogmatibus
2539 5069 2858 5139 adjungens:
2889 5068 2958 5120 ita
2983 5067 3068 5122 hic
3095 5069 3254 5122 etiam
3273 5085 3390 5122 cum
3408 5069 3626 5124 dixisset

2054 5167 2338 5230 tutiorem,
2370 5175 2475 5216 non
2506 5161 2652 5214 illum
2699 5158 2868 5212 solum
2913 5157 3042 5212 dicit
3083 5159 3171 5226 qui
3217 5173 3281 5212 ex
3328 5159 3626 5228 cognitione

2052 5257 2244 5322 Oritur,
2272 5268 2430 5324 quem
2461 5251 2654 5305 habent
2681 5250 2840 5304 etiam
2869 5248 3157 5310 daemones,
3206 5247 3298 5300 sed
3327 5247 3428 5301 hoc
3471 5249 3630 5305 etiam

2051 5347 2234 5420 adjicit
2257 5346 2467 5408 dicens,
2501 5341 2566 5396 In
2593 5341 2842 5396 mandatis
2889 5343 2998 5410 ejus
3019 5339 3146 5392 volet
3171 5339 3341 5393 nimis.
3375 5339 3498 5394 Ilaec
3539 5357 3634 5396 au-

2055 5451 2159 5494 tem
2182 5437 2346 5503 dixit,
2377 5435 2594 5505 exigens
2617 5440 2918 5488 accuratam
2960 5429 3082 5482 vita:
3123 5428 3506 5484 institutionem
3535 5473 3548 5495 ,
3576 5444 3632 5487 et

2053 5529 2285 5584 animam
2311 5541 2492 5581 amore
2521 5523 2794 5593 sapientite
2825 5519 3121 5590 praeditam.
3156 5515 3269 5571 Non
3300 5518 3451 5585 dixit,
3485 5521 3631 5577 Man-

2051 5622 2170 5678 data
2188 5621 2303 5690 cjns
2321 5617 2494 5683 faciet,
2523 5614 2637 5678 sed,
2674 5610 2838 5676 Volet,
2862 5608 3060 5679 aliquid
3082 5608 3309 5679 amplius
3332 5615 3626 5681 requirens.

2053 5709 2314 5784 Quidnam
2361 5721 2536 5768 autem
2569 5708 2670 5763 hoc
2713 5705 2829 5761 est?
2874 5705 2947 5761 Ea
2977 5701 3153 5762 facere
3193 5717 3313 5761 cum
3362 5706 3538 5764 studio
3578 5718 3631 5762 et
