4112 6208
430 368 529 423 ‘29!

436 480 597 537 animi
621 475 895 532 alacritate
933 493 944 526 :
978 483 1096 524 esse
1129 464 1472 519 vehementes
1491 471 1678 514 eorum
1706 460 1968 509 amatores
2001 443 2040 502 ε’

434 573 580 643 jussa
608 582 790 624 eorum
823 558 1070 632 persequi
1099 574 1111 608 :
1145 568 1325 610 amare
1347 565 1406 604 ea
1435 564 1539 604 non
1571 553 1791 616 propter
1811 554 2018 596 merce-

440 635 560 718 ilem
587 674 705 730 quae
748 665 830 712 est
881 667 977 722 pro
1027 649 1154 719 ipsis
1182 642 1446 725 proposita
1471 680 1486 703 ,
1515 635 1608 692 sed
1657 642 1874 730 propter
1899 645 2022 686 eum

440 753 530 824 qui
558 721 645 806 illa
665 721 1157 816 statuitivirtutem
1187 750 1306 789 cum
1323 722 1602 798 voluptate
1618 721 2023 824 persequi,_non

446 812 662 915 propter
682 849 879 896 metum
906 812 1182 906 gehennae,
1203 841 1304 882 nec
1328 831 1544 894 propter
1571 819 1742 873 minas
1759 812 2022 914 supplicii'2

447 901 787 1005 nec-propter
809 925 1213 998 promissionem
1239 915 1408 986 regni,
1431 911 1524 967 scd
1542 918 1760 980 propter
1786 919 1907 960 eum
1937 901 2026 972 q‘ui

449 998 595 1097 lo-ges
623 998 760 1080 tulit.
805 1018 1102 1088 Quinetiam
1129 1012 1250 1066 alibi
1293 1009 1392 1062 hoc
1445 1005 1598 1068 facit,
1629 998 2031 1097 ostendensvo-

453 1087 727 1187 luptatem,
751 1129 905 1184 quam
935 1109 1076 1178 capit
1101 1121 1166 1161 ex
1199 1099 1476 1172 prazceptis
1499 1097 1588 1151 Dei
1615 1112 1626 1146 :
1652 1093 1817 1160 Quam
1837 1087 2028 1152 dulcia,

453 1211 649 1280 inquit,
690 1203 917 1278 faucibus
944 1200 1064 1254 meis
1091 1195 1292 1263 eloquia
1332 1201 1420 1244 tua
1440 1231 1454 1252 ,
1485 1203 1637 1255 super
1671 1183 1769 1236 incl
1797 1180 1872 1234 ori
1923 1193 2032 1280 meo

456 1269 784 1376 (Psalui'iti.
813 1296 941 1376 105)
969 1294 984 1345 l
1015 1289 1126 1344 Hoc
1152 1289 1310 1340 etiam
1340 1281 1561 1351 requirit
1590 1275 1782 1376 Paulus
1802 1314 1818 1339 ,
1852 1273 1920 1324 ita
1949 1269 2032 1376 tli-

455 1362 586 1452 ccns
615 1371 839 1447 obscure
867 1374 1274 1451 etarnigmatice
1301 1393 1315 1430 :
1347 1374 1488 1428 Sicut
1533 1367 1775 1425 habuistis
1815 1362 2037 1417 membra

455 1499 615 1545 uestra
644 1499 784 1540 serua
830 1475 1164 1533 immunditia:
1205 1479 1250 1524 et
1287 1464 1551 1535 iniustitia:
1587 1461 1654 1513 ad
1691 1456 1989 1530 injustitiam
2020 1467 2039 1506 :

456 1585 526 1636 ita
552 1579 776 1634 exhibete
799 1571 1021 1626 ntembra
1049 1579 1210 1620 vestra
1252 1577 1394 1615 serva
1425 1555 1638 1627 justitia:
1662 1551 1728 1605 ad
1756 1549 2038 1617 sanctifica.

461 1675 642 1727 tionem
675 1667 847 1736 (Rom.
881 1661 934 1717 6.
965 1657 1076 1728 19).
1552 1723 1558 1729 ν

535 1732 783 1815 Alacritas
825 1748 1106 1806 necessaria
1142 1747 1196 1799 in
1250 1742 1346 1798 Dei
1395 1737 1653 1810 praeceptis
1679 1732 1940 1788 obeundis.
1973 1761 2044 1772 -—

465 1853 576 1908 lloc
601 1856 702 1914 est,
730 1845 862 1902 Cum
886 1849 1082 1911 quanto
1107 1836 1281 1891 studio
1311 1835 1351 1899 ¹,
1372 1848 1489 1886 cum
1519 1837 1714 1898 quanta
1746 1824 1906 1904 animi
1933 1823 2044 1876 ala-

466 1943 654 1999 critate
696 1934 983 2006 nequitiam
1041 1924 1420 1986 sectabamini,
1462 1931 1516 1974 et
1557 1921 1601 1975 si
1650 1917 1850 1972 nullum
1902 1922 2046 1969 esset

468 2031 744 2103 prmmium
773 2004 1101 2096 propositum
1127 2061 1143 2086 ,
1182 2016 1275 2071 sed
1303 2024 1486 2070 contra
1539 2026 1711 2080 pinna:
1741 2016 1797 2062 et
1839 2004 2046 2074 suppli-

467 2097 610 2179 cium
641 2134 798 2174 :cum
833 2122 976 2169 tanta
1007 2111 1255 2166 virtutem
1280 2102 1580 2161 sectemini.
1611 2101 1678 2164 Et
1707 2107 1883 2152 tamen
1915 2097 2050 2148 hanc

471 2226 682 2284 quoque
710 2218 1012 2262 mensuram
1061 2201 1194 2256 dixit
1222 2213 1280 2252 se
1320 2195 1536 2265 exigere
1564 2193 1642 2246 eis
1694 2187 2046 2244 moderatam.

476 2278 768 2359 llaec—enim
794 2296 1052 2359 dicturus,
1088 2291 1158 2344 ita
1190 2286 1439 2356 loquitur,
1474 2283 1763 2336 Huutanum
1788 2278 1900 2332 dico
1928 2291 2051 2345 pro-

475 2407 584 2460 pter
608 2389 952 2460 inﬁrmitatem
982 2381 1148 2436 carnis
1173 2387 1350 2433 uestra:
1381 2374 1542 2447 (Ibid.
1572 2389 1620 2425 υ.
1654 2369 1739 2442 19)
1771 2387 1782 2420 :
1814 2366 2054 2460 indicans

475 2457 725 2554 oportere
753 2494 858 2533 non
890 2475 1148 2531 minorem
1175 2467 1456 2524 ostendere
1484 2465 1535 2519 in
1563 2463 1754 2517 virtute
1793 2457 2055 2554 cupiditat

481 2545 586 2630 tem
610 2615 626 2639 ,
654 2587 810 2642 quam
857 2568 908 2623 in
937 2565 1066 2620 vitio
1096 2559 1447 2616 ostendimus.
1480 2554 1534 2609 ld
1581 2561 1663 2606 est
1705 2561 1884 2604 autem
1915 2545 2056 2616 quod

481 2666 609 2721 dicit
635 2681 648 2717 :
672 2662 729 2717 Si
761 2675 864 2714 non
891 2654 1134 2712 eamdem
1155 2651 1404 2704 virtutem
1433 2643 1796 2722 ostenderint,
1829 2651 2055 2709 quanam

479 2754 822 2813 excusatione
848 2757 1083 2810 utentur,
1113 2753 1202 2797 aut
1231 2737 1496 2809 quomodo
1526 2735 1735 2790 veniam
1765 2743 2056 2799 assequen-

483 2860 588 2914 tur,
616 2845 702 2916 qui
735 2857 802 2898 ne
849 2855 970 2896 cum
1017 2835 1203 2890 eadem
1231 2831 1444 2901 quidem
1495 2823 1784 2896 cupiditate
1832 2820 1898 2875 ad
1941 2833 2059 2916 eam

485 2907 782 2994 accedunt?
830 2930 899 2985 Et
938 2927 1060 2983 ideo
1099 2924 1187 2978 hic
1231 2934 1441 2991 quoque
1470 2916 1726 2986 prephcta
1772 2911 1950 2965 dixit:
1994 2907 2061 2961 In

486 3029 737 3087 mandatis
781 3025 891 3095 ejus
933 3020 1059 3074 ualet
1089 3015 1256 3070 nimis.
1295 3012 1395 3080 Qui
1427 3011 1570 3066 enim
1611 3021 1731 3061 eum
1779 3001 1964 3057 metuit
2007 3008 2065 3053 ut

486 3129 726 3192 oportet,
755 3091 973 3182 suscipit
997 3109 1109 3178 ejus
1136 3111 1396 3176 praecepta
1427 3115 1548 3155 cum
1575 3110 1761 3165 magna
1779 3091 2062 3192 aviditate:

489 3179 545 3270 cl
569 3213 689 3269 ideo
714 3179 864 3265 amor
899 3179 956 3263 in
983 3201 1338 3272 lcgislatorcm
1386 3191 1594 3248 facilem
1621 3197 1674 3243 ct
1697 3196 1897 3258 gratam
1943 3179 2067 3236 facit

491 3308 696 3377 legem,
743 3299 844 3358 etsi
875 3298 1112 3354 videatur
1158 3291 1386 3360 aliquam
1438 3284 1637 3339 habere
1675 3278 2065 3377 difficultatem.

491 3365 659 3452 Nemo
683 3365 859 3448 autem
890 3385 1029 3458 quod
1055 3383 1178 3439 dico
1209 3375 1602 3450 reprehendat,
1633 3372 1676 3426 si
1704 3370 1790 3424 tali
1821 3365 2070 3434 exemplo

495 3503 622 3545 usus
667 3499 805 3540 sum.
834 3455 963 3536 Nam
1009 3476 1203 3532 Paulus
1231 3484 1444 3541 quoque
1473 3478 1537 3520 eo
1557 3477 1684 3518 usus
1708 3467 1822 3525 est,
1872 3459 1950 3512 sic
1990 3455 2070 3510 di-

497 3592 624 3634 cens
648 3595 662 3630 :
691 3575 834 3630 Sicut
859 3567 1150 3624 exhibuistis
1183 3561 1402 3616 membra
1440 3566 1602 3611 vestra
1628 3568 1770 3608 serua
1793 3547 2073 3604 immundis

460 3705 474 3722 κ
499 3673 610 3735 tite,
638 3669 709 3721 ita
735 3664 956 3719 exhibete
973 3657 1206 3730 justitite.
1236 3652 1336 3720 Qui
1365 3646 1661 3704 meretricis
1687 3645 1863 3712 itaque
1893 3652 2075 3694 amore

499 3729 685 3832 captus
713 3766 815 3820 est,
846 3729 1054 3810 etiamsi
1106 3746 1367 3802 afﬁciatur
1396 3740 1590 3812 probro
1636 3745 1690 3791 et
1719 3729 2034 3832 contumelia
2056 3769 2071 3795 ,

499 3819 710 3910 etiamsi
755 3819 1090 3905 verberetur,
1122 3835 1328 3894 etiamsi
1375 3848 1434 3887 se
1461 3828 1685 3898 turpiter
1727 3832 1782 3879 et
1823 3819 2078 3910 indecore

503 3951 672 4016 gerat,
700 3935 906 3995 etiamsi
932 3930 1230 4001 expellatur
1266 3941 1294 3979 a
1321 3922 1489 3995 patria
1510 3960 1526 3986 ,
1557 3914 1766 4016 etiamsi
1806 3909 1960 4016 bonis
1986 3923 2079 3977 pa-

506 4003 671 4091 ternis
697 4035 986 4087 evertatur,
1014 4019 1222 4078 etiamsi
1246 4016 1411 4088 patris
1432 4006 1798 4066 benevolentia
1824 4003 2078 4074 privetur,

508 4123 714 4182 etiamsi
767 4118 1008 4192 graviora
1036 4113 1285 4184 patiatur,
1314 4123 1374 4162 ea
1395 4105 1489 4160 fert
1511 4098 1742 4172 jucunde
1761 4105 1810 4153 et
1838 4093 2084 4150 lubenter

504 4225 724 4288 propter
749 4223 984 4266 amorem
1014 4203 1356 4273 impudicum.

581 4276 844 4374 Praecepta
872 4300 964 4352 Dei
1005 4295 1178 4366 gravia
1216 4306 1317 4344 non
1342 4293 1476 4341 sunt.
1503 4313 1572 4323 —-
1600 4279 1749 4348 Quod
1781 4277 1825 4332 si
1852 4276 1940 4374 illa
1966 4287 2084 4374 cum

509 4363 777 4467 voluptate
805 4363 1098 4458 suscipiunt
1119 4425 1135 4450 ,
1164 4377 1431 4452 quomodo
1462 4391 1566 4429 non
1605 4371 1769 4426 multo
1801 4367 1966 4436 magis
1994 4363 2087 4416 Dei

511 4458 795 4560 prazcepta,
827 4495 943 4550 qua:
971 4486 1093 4530 sunt
1117 4470 1389 4532 salutaria,
1418 4474 1472 4518 et
1494 4463 1676 4532 gloria!
1700 4458 1871 4560 plena,
1901 4462 1955 4508 et
1980 4467 2093 4560 ma-

512 4544 666 4650 gnam
689 4544 1106 4640 nobis-prmbent
1133 4557 1540 4631 philosophiam,
1568 4561 1620 4605 et
1645 4550 1873 4602 animam
1906 4544 2092 4598 melio-

515 4638 627 4724 rem
645 4638 898 4727 efficiunt,
926 4664 1134 4727 oportet
1160 4667 1280 4706 cum
1300 4661 1486 4717 magna
1514 4644 1778 4711 voluptate
1801 4638 2092 4704 suscipere,

517 4772 572 4815 et
603 4758 732 4812 nihil
764 4768 882 4809 esse
913 4747 1131 4804 diflicile
1160 4747 1211 4798 in
1242 4743 1320 4796 eis
1346 4733 1691 4793 existimare?
1724 4727 2094 4784 Difficultatem

516 4851 659 4907 enim
699 4861 805 4900 non
835 4851 1016 4895 natura
1061 4842 1442 4905 prteceptorum
1469 4868 1484 4892 ,
1525 4824 1616 4878 sed
1647 4820 1931 4875 multorum
1963 4816 2099 4869 sOIet

518 4935 762 4996 socordia
783 4932 1012 4988 efficere.
1057 4927 1231 4994 Itaque
1255 4923 1295 4975 si
1325 4921 1442 4989 quis
1475 4932 1535 4970 ea
1571 4930 1689 4969 cum
1717 4910 1890 4966 studio
1915 4917 1966 4963 et
1991 4907 2100 4960 ala-

521 5033 710 5087 critate
741 5022 903 5079 animi
929 5017 1202 5085 suscipiat,
1227 5011 1426 5066 videbit
1446 5025 1502 5065 ea
1532 5021 1650 5061 esse
1672 5003 1809 5059 levia
1828 5011 1878 5056 et
1906 4998 2098 5070 facilia.

521 5119 780 5190 Quocirca
809 5111 1019 5170 dicebat
1047 5107 1288 5163 Christus
1323 5122 1336 5158 :
1363 5102 1552 5171 Jugum
1574 5112 1738 5151 meum
1766 5109 1918 5148 suave
1938 5099 2028 5190 est,
2057 5100 2103 5144 et

522 5181 650 5271 8m.
695 5223 861 5262 meum
897 5205 1000 5258 leue
1037 5195 1246 5270 (Matth.
1280 5195 1365 5248 ll.
1393 5191 1504 5261 '50).
1556 5189 1616 5244 Et
1656 5194 1714 5240 ut
1748 5185 1884 5239 scias
1907 5197 1967 5237 ea
2003 5181 2106 5235 hoc

526 5305 685 5362 modo
707 5317 765 5358 se
794 5299 1010 5360 habere,
1040 5301 1094 5344 et
1123 5287 1405 5343 multorum
1433 5279 1731 5336 socordiam
1758 5293 1819 5332 ea
1846 5288 1964 5344 qua:
1984 5279 2107 5326 sunt

528 5395 702 5452 facilia
721 5433 739 5459 ,
767 5388 992 5446 reddere
1019 5380 1252 5437 difficilia
1278 5422 1294 5443 ,
1325 5375 1556 5430 studium
1592 5381 1768 5425 autem
1797 5381 1859 5421 ac
1883 5364 2108 5459 diligen-

534 5495 660 5544 tiam
709 5453 880 5538 facilia
901 5522 916 5545 ,
961 5493 1022 5533 ea
1054 5490 1172 5546 qua:
1209 5479 1330 5526 sunt
1369 5465 1564 5534 alioqui
1591 5460 1824 5518 difficilia
1856 5475 1868 5511 :
1899 5453 2112 5526 quando

535 5591 726 5634 manna
773 5573 1084 5629 fruebantur
1125 5563 1326 5629 Judaei,
1376 5557 1428 5614 id
1471 5565 1525 5613 et
1563 5569 1702 5626 aegre
1750 5549 2018 5613 ferebant,
2061 5555 2116 5601 et

595 5715 614 5746 ί
641 5711 774 5769 Haec,
805 5709 923 5769 Cum
943 5709 1123 5769 quanto
1152 5699 1313 5769 studio
1339 5700 1457 5769 (μεθ’
1481 5698 1597 5769 ὅσης
1619 5692 1868 5769 επουδῆς),
1894 5691 2101 5741 deerant

538 5774 588 5824 iu
612 5757 920 5833 Mcrela—sed
941 5757 1189 5816 habentur
1211 5763 1260 5813 in
1283 5757 1436 5813 Sa'ril.
1464 5763 1586 5811 etin
1618 5757 1733 5809 Mss.

1161 351 1215 408 S.
1255 345 1530 406 JOANNIS
1563 335 2032 400 CHRYSOSTOMI
2071 329 2386 389 ARCHIEP.
2426 324 2956 385 CONSTANTINOP.

3603 315 3708 376 εῖδει

2125 455 2353 500 mortem
2391 443 2708 512 exoptabant
2739 459 2751 494 :
2783 439 2977 495 Paulus
3022 445 3200 492 autem
3243 447 3364 492 cum
3412 433 3550 490 fame
3578 451 3709 492 con-

2128 534 2334 589 flictans
2349 532 2610 603 gaudebat
2625 541 2679 586 et
2697 528 2992 586 exsiliebat.
3014 529 3079 583 Et
3103 527 3174 582 illi
3197 525 3407 597 quidem
3429 525 3706 581 dicebant:

2129 626 2311 680 Anima
2337 633 2508 694 nostra
2528 639 2686 677 vacua
2709 631 2780 677 est
2807 623 2860 675 in
2881 605 3065 674 manna
3084 618 3270 690 (Num.
3299 618 3386 671 Η.
3415 616 3490 685 6).
3512 613 3715 670 Edusi.

2129 716 2193 769 sti
2217 731 2308 768 nos
2342 721 2396 767 ut
2441 713 2772 781 inter/iceres,
2819 727 2876 766 eo
2917 710 3050 780 quod
3079 726 3177 763 non
3208 697 3368 762 essent
3393 717 3715 760 monumenta

2131 808 2184 860 in
2223 806 2453 878 {Egpr
2485 805 2504 873 (
2530 805 2697 859 Exod.
2721 805 2810 860 M.
2842 806 2901 860 il
2929 804 2983 874 )?
3033 803 3232 858 Paulus
3261 809 3436 855 autem
3464 800 3712 855 dicebat:

2135 898 2341 953 Gaudeo
2365 900 2417 951 in
2454 895 2770 968 passionibus
2794 897 2916 950 meis
2939 937 2954 962 ,
2989 905 3036 948 et
3060 894 3273 964 suppleo
3306 909 3365 947 ea
3399 909 3512 963 qua:
3535 894 3716 946 desunt

2135 991 2483 1061 aﬂlictionibus
2512 989 2717 1055 Christi,
2745 989 2796 1042 in
2817 1004 2968 1041 carne
2986 1003 3098 1040 mea
3123 985 3339 1057 (Coloss.
3371 989 3421 1040 1.
3439 985 3552 1056 24).
3581 984 3714 1050 Qui-

2136 1082 2358 1136 busnam
2389 1078 2768 1150 passionibus?
2818 1079 3010 1141 Fame,
3041 1077 3162 1142 siti,
3206 1076 3442 1131 nuditate
3466 1117 3482 1141 ,
3521 1083 3576 1130 et
3600 1075 3718 1129 aliis

2137 1172 2404 1227 omnibus.
2451 1169 2516 1224 In
2543 1170 2795 1224 mandatis
2819 1171 2927 1240 ejus
2951 1169 3081 1222 volet
3105 1168 3275 1221 nimis.
3317 1166 3597 1234 Quomodo
3625 1181 3690 1220 au
3707 1194 3722 1203 -

2141 1270 2246 1316 tem
2275 1261 2375 1315 hoc
2411 1259 2546 1315 fiet?
2590 1259 2644 1315 Si
2687 1259 2848 1312 Deum
2886 1258 3049 1327 probe
3077 1258 3354 1312 timeamus
3375 1267 3429 1312 et
3454 1261 3716 1319 amemus,

2141 1353 2185 1408 si
2216 1349 2691 1422 ejusdetn'virtutis
2731 1360 2970 1403 naturam
3003 1347 3418 1402 consideremus.
3454 1348 3592 1402 Ante
3617 1347 3720 1402 alia

2142 1443 2284 1498 enim
2315 1444 2528 1512 praemia
2569 1441 2727 1495 habet
2755 1441 2804 1494 in
2835 1442 3008 1508 seipsa
3036 1439 3538 1494 remunerationem.
3589 1437 3722 1492 Nam

2145 1534 2189 1588 si
2221 1548 2325 1588 non
2347 1533 2642 1608 mmehatus
2668 1531 2849 1596 fueris,
2872 1532 2914 1585 si
2943 1545 3046 1584 non
3075 1529 3276 1585 caedem
3312 1529 3527 1595 fecu‘is,
3550 1530 3726 1600 cogita

2145 1633 2340 1694 quanta
2365 1623 2554 1677 frueris
2570 1623 2958 1692 voluptatenon
2984 1621 3364 1676 condemnatus
3388 1636 3418 1674 a
3443 1622 3725 1676 conscien-

2151 1717 2219 1768 tia
2247 1725 2355 1777 tua,
2375 1729 2553 1768 coram
2579 1713 2681 1768 tuis
2703 1728 2808 1768 non
2829 1714 3170 1778 erubescens,
3189 1713 3336 1782 puris
3349 1725 3535 1766 omnes
3560 1713 3730 1767 oculis

2150 1805 2383 1860 intuens.
2409 1804 2603 1858 Verum
2636 1803 2843 1858 adulter
2866 1819 2972 1858 non
3001 1813 3083 1858 est
3111 1803 3391 1872 ejusmodi,
3420 1801 3513 1858 sed
3543 1819 3730 1859 omnes

2151 1896 2337 1952 metuit
2351 1911 2412 1950 ac
2427 1887 2691 1959 formidat,
2708 1903 2762 1949 et
2774 1895 2854 1948 vel
2874 1893 3013 1964 ipsas
3031 1894 3244 1948 umbras
3262 1893 3419 1948 habet
3433 1902 3728 1964 suspectas.

2221 1987 2276 2042 2.
2309 1986 2512 2041 Rursus
2540 2000 2732 2040 avarus
2769 1993 2824 2040 et
2868 1984 3074 2038 invidus
3099 1983 3285 2038 eadem
3325 1984 3578 2052 patietur.
3629 1984 3733 2051 Qui

2153 2087 2236 2134 est
2263 2085 2439 2132 autem
2466 2077 2598 2130 liber
2630 2075 2697 2129 ab
2723 2074 2805 2128 his
2829 2115 2844 2141 ,
2891 2084 3076 2128 contra
3105 2088 3164 2129 se
3198 2073 3432 2130 habebit.
3456 2073 3512 2126 2.
3540 2071 3734 2129 Potens

2154 2172 2206 2224 in
2232 2180 2364 2224 terra
2393 2169 2486 2223 erit
2523 2184 2688 2222 semen
2717 2169 2848 2238 ejus.
2895 2165 3041 2221 Solet
3071 2165 3346 2236 Scriptura
3375 2179 3520 2236 srepe
3546 2180 3732 2221 semen

2158 2277 2349 2316 vocare
2375 2276 2482 2315 non
2526 2260 2575 2314 id
2621 2260 2763 2330 quod
2810 2257 3046 2313 nascitur
3072 2273 3135 2313 ex
3163 2265 3366 2312 natura:
3391 2257 3611 2323 ordine,
3639 2258 3736 2312 sed

2158 2353 2299 2423 quod
2330 2353 2404 2406 ex'
2436 2351 2693 2406 societate
2736 2349 2964 2403 virtutis.
3015 2347 3270 2415 Quocirca
3302 2347 3498 2402 Paulus
3522 2363 3737 2418 quoque

2159 2445 2515 2514 interpretans
2541 2441 2688 2510 illud,
2721 2441 2830 2494 Tibi
2857 2451 2903 2494 et
2923 2427 3097 2494 semini
3119 2446 3204 2494 tuo
3224 2438 3354 2493 dabo
3375 2448 3560 2492 terram
3579 2439 3737 2503 hanc,

2161 2539 2368 2594 dicebat
2391 2557 2404 2592 :
2437 2537 2557 2591 Non
2580 2539 2713 2592 enim
2734 2553 2901 2590 omnes
2925 2535 3010 2603 qui
3039 2544 3153 2589 sunt
3171 2551 3233 2589 ex
3258 2533 3444 2601 Israel,
3471 2534 3508 2588 ii
3536 2533 3741 2588 Israel:

2163 2647 2318 2699 neque
2345 2629 2462 2700 quia
2482 2638 2596 2682 sunt
2612 2644 2777 2682 semen
2796 2626 3030 2690 Abrahae,
3059 2641 3230 2680 omnes
3251 2625 3368 2694 ﬁlii,
3397 2625 3485 2679 sed
3505 2624 3558 2678 in
3586 2623 3741 2678 Isaac

2162 2722 2414 2775 vocabitur
2439 2722 2526 2774 tibi
2545 2735 2709 2774 semen
2735 2717 2911 2790 (Rom.
2935 2718 2989 2772 9.
3009 2717 3088 2786 7).
3113 2716 3181 2770 Et
3205 2729 3390 2772 rursus
3418 2734 3431 2770 :
3465 2715 3530 2769 In
3556 2716 3748 2770 semine

2165 2822 2248 2866 tuo
2275 2813 2622 2868 benedicentur
2647 2828 2816 2865 ontnes
2839 2819 3006 2881 gentes
3033 2809 3174 2878 (Gal.
3206 2811 3258 2866 '5.
3287 2808 3364 2877 8).
3415 2807 3570 2876 Quod
3595 2808 3738 2862 enim

2165 2910 2270 2961 non
2297 2906 2492 2961 dictum
2521 2906 2590 2960 sit
2617 2904 2683 2960 de
2707 2905 2924 2967 Judwis,
2947 2918 3034 2958 res
3053 2905 3182 2974 ipsas
3201 2903 3437 2958 indicant
3461 2921 3475 2958 ε
3501 2903 3590 2972 qui
3617 2911 3745 2956 sont

2166 3000 2308 3054 enim
2335 2998 2432 3066 ipsi
2474 2997 2612 3067 pleni
2647 2995 3052 3061 maledictioue,
3099 2993 3366 3066 quomodo
3409 2993 3606 3048 fuerint
3625 2994 3745 3048 aliis

2167 3103 2324 3144 causa
2351 3086 2778 3143 benedictionis?
2816 3086 2911 3141 sed
2955 3086 3082 3141 dicit
3124 3086 3192 3141 de
3223 3085 3454 3141 Ecclesia
3477 3127 3492 3150 ,
3521 3101 3640 3155 qua:
3679 3100 3746 3139 ex

2169 3180 2423 3235 societate
2471 3177 2594 3233 ﬁdei
2637 3176 2752 3247 ejus
2793 3191 2974 3232 semen
3005 3192 3125 3232 esse
3159 3176 3370 3231 dicitur.
3426 3176 3587 3230 Tales
3623 3185 3749 3229 sunt

2171 3287 2316 3341 ergo,
2339 3270 2426 3340 qui
2447 3279 2567 3325 sunt
2593 3269 2784 3323 virtute
2801 3267 3026 3338 praediti,
3046 3275 3100 3322 et
3127 3267 3217 3322 filii
3238 3283 3442 3333 eorum,
3467 3267 3556 3337 qui
3580 3266 3745 3322 Deum

2174 3362 2380 3415 timent.
2414 3359 2597 3414 Potens
2622 3360 2673 3413 in
2698 3367 2832 3414 terra
2855 3359 2948 3413 erit
2977 3374 3142 3413 semen
3172 3360 3300 3428 ejus.

2255 3452 2466 3507 Virtutis
2515 3467 2739 3517 merces;
2787 3451 2980 3504 virtutis
3023 3461 3067 3504 et
3102 3451 3220 3504 uitii
3257 3449 3459 3504 collatio
3502 3467 3590 3521 per
3631 3466 3751 3504 cou-

2177 3544 2354 3598 traria.
2377 3571 2450 3582 —-
2466 3541 2640 3609 Quare
2663 3540 2814 3604 dixit,
2839 3539 2908 3593 In
2936 3540 3114 3594 terra?
3142 3540 3209 3596 Ut
3236 3539 3542 3595 ostenderet
3563 3539 3613 3594 id
3634 3555 3756 3594 esse

2177 3635 2336 3690 etiam
2363 3641 2646 3702 antequam
2692 3630 2817 3686 hinc
2861 3631 3147 3696 excedant,
3181 3641 3234 3685 et
3271 3641 3553 3700 antequam
3581 3629 3755 3683 bouo-
3853 3629 3858 3632 ’

2181 3741 2295 3780 rum
2325 3738 2443 3794 quae
2469 3723 2573 3778 illic
2602 3732 2721 3777 sunt
2745 3721 3270 3792 faciantpericulum.
3301 3708 3754 3789 Quemadmodum

2181 3816 2320 3871 enim
2347 3808 2454 3868 dixi
2482 3824 2634 3868 antea
2659 3853 2674 3880 ,
2715 3813 2881 3868 virtus
2912 3813 2961 3866 in
3001 3813 3110 3882 ipsa
3136 3813 3444 3882 operatione
3477 3811 3633 3866 habet
3673 3827 3758 3866 re-

2184 3907 2603 3962 munerationem
2649 3905 2808 3959 etiam
2847 3913 2969 3958 autc
3014 3905 3251 3973 praemia.
3303 3904 3454 3971 Quod
3498 3904 3642 3958 enim
3668 3903 3760 3972 qui

2186 3998 2306 4052 talis
2343 4004 2458 4061 est,
2492 3994 2891 4049 babeatsemeu
2935 4004 3151 4063 potens,
3197 4005 3250 4048 et
3294 3995 3382 4064 qui
3426 4004 3510 4049 est
3551 3993 3764 4048 virtutis

2187 4089 2434 4160 praesidio
2462 4089 2716 4152 munitus,
2746 4088 2814 4141 sit
2840 4087 3076 4140 omnium
3108 4087 3526 4155 potentissimus,
3556 4085 3764 4140 docue-

2188 4192 2311 4238 runt
2345 4182 2592 4251 apostoli,
2634 4179 2981 4234 Ostenderuut
3006 4179 3297 4249 pr0phetae.
3329 4178 3583 4234 Similiter
3604 4179 3767 4233 etiam

2193 4273 2448 4328 Dominus
2478 4271 2546 4326 dc
2586 4271 2668 4324 his
2705 4269 3039 4340 significans.
3085 4270 3214 4324 dicit
3247 4287 3258 4323 :
3294 4269 3606 4339 Quicumque
3625 4269 3770 4321 audit

2192 4381 2440 4420 sermones
2468 4379 2620 4424 meos,
2645 4372 2690 4415 et
2717 4363 2839 4430 facit
2868 4379 2969 4428 eos,
2999 4361 3358 4416 assimilabitur
3381 4363 3486 4414 uiro
3513 4351 3769 4430 prudenti,

2193 4456 2276 4524 qui
2305 4454 2570 4523 cedi/ienuit
2595 4451 2800 4505 domum
2824 4469 2968 4506 suam
2993 4468 3143 4523 super
3173 4461 3404 4520 petram;
3443 4461 3489 4505 et
3515 4449 3773 4504 descendit

2197 4548 2387 4613 pluvia,
2421 4555 2655 4598 venerunt
2684 4544 2848 4614 ﬂuvii,
2880 4545 3126 4613 [laverunt
3163 4543 3292 4596 venti
3311 4559 3329 4608 ;
3372 4551 3417 4595 et
3443 4542 3696 4595 irrueruut
3721 4541 3778 4592 in

2199 4639 2403 4690 domum
2430 4635 2596 4699 illaut,
2624 4644 2670 4688 et
2700 4650 2800 4688 non
2825 4633 3000 4687 cecidit
3033 4653 3045 4687 :
3071 4643 3178 4687 erat
3217 4633 3347 4686 enim
3376 4615 3780 4701 fundata‘supra

2202 4739 2391 4798 petram
2421 4725 2630 4798 (Matth.
2659 4725 2710 4778 7.
2739 4723 2828 4777 24.
2860 4723 2974 4794 95).
3007 4722 3148 4790 Quot
3175 4722 3485 4791 populorum
3510 4721 3777 4782 incursus,

2203 4829 2332 4888 quot
2361 4820 2451 4872 ira:
2481 4827 2846 4888 tyrannorum,
2889 4823 3019 4885 quot
3044 4828 3220 4877 enses,
3249 4822 3377 4882 quot
3400 4813 3621 4874 lancem,
3653 4819 3785 4879 quot

2207 4912 2328 4971 tela.
2360 4919 2487 4980 quot
2511 4910 2775 4973 fornaces,
2805 4907 3236 4977 quotbclluarum
3259 4905 3467 4970 dentes,
3495 4909 3624 4973 quot
3641 4917 3786 4973 prae-

2206 5002 2420 5071 cipitia,
2475 5009 2604 5069 quot
2641 4999 2840 5063 maria,
2887 5006 3011 5066 quat
3043 4995 3278 5058 insidiae,
3324 5001 3454 5063 quot
3480 4990 3786 5056 calumniae,

2208 5099 2337 5158 quot
2365 5088 2783 5144 machinationes
2813 5085 3024 5140 fuci-unt
3047 5084 3326 5140 concitata:
3355 5083 3612 5136 adversus
3651 5094 3790 5148 apo-
3816 5147 3823 5160 '

2211 5181 2419 5235 stolos?
2466 5179 2606 5233 Nihil
2651 5188 2824 5232 tamen
2869 5192 2964 5232 eos
3003 5175 3359 5246 supplantavit
3391 5190 3405 5228 :
3436 5173 3530 5228 sed
3576 5172 3791 5226 fuerunt

2216 5274 2296 5327 his
2322 5271 2570 5326 omnibus
2592 5269 2930 5346 excelsiores,
2959 5267 3392 5337 praetervolantes
3417 5278 3600 5319 eorum
3628 5276 3789 5316 arun-

2216 5364 2396 5425 dines,
2425 5363 2512 5430 qui
2557 5343 2684 5429 ipsis
2712 5359 3128 5424 insidiabantur,
3173 5366 3229 5412 et
3267 5357 3410 5426 ipsos
3457 5339 3830 5408 insidiatores

2219 5454 2555 5510 traducentes
2595 5454 2646 5506 iu
2691 5466 2814 5505 suas
2863 5462 3060 5520 partes.
3117 5448 3258 5503 Nihil
3300 5454 3383 5501 est
3430 5445 3572 5500 enim
3602 5444 3796 5501 virtute

2221 5544 2487 5616 potentius
2516 5561 2529 5595 :
2556 5558 2617 5596 ea
2643 5551 2696 5597 et
2724 5551 2870 5612 petra
2902 5549 2984 5595 est
3006 5536 3258 5598 solidior,
3291 5545 3344 5590 et
3372 5535 3652 5590 adamante
3683 5532 3798 5586 for-

2223 5643 2326 5696 tior
2356 5658 2369 5693 :
2411 5635 2854 5708 quemadmodum
2881 5643 3067 5688 rursus
3093 5630 3328 5702 nequitia
3368 5628 3500 5683 nihil
3521 5635 3607 5685 est
3624 5625 3799 5680 vilius.

2233 5735 2361 5792 nihil
2393 5730 2707 5786 imbecillius
2729 5770 2746 5796 ,
2771 5726 2976 5784 etiamsi
3007 5727 3124 5794 quis
3149 5723 3219 5780 sit
3259 5723 3494 5777 munitus
3522 5719 3722 5775 inﬁnita
3758 5722 3807 5772 vi
