4062 6208
405 388 746 453 occuparent,
769 386 824 433 et
843 391 993 432 error
1021 374 1214 446 ubique
1236 383 1380 428 esset
1401 372 1643 435 diffusus,
1666 372 1748 427 sol
1769 371 1987 442 justitia:

407 490 469 530 ex
500 475 606 526 imo
630 479 846 526 exortus
869 477 970 524 est.
993 466 1254 534 Quoniam
1277 464 1419 524 enim
1447 473 1572 519 tunc
1596 464 1837 519 homines
1857 463 1989 519 eicio

406 565 588 619 relicto
614 563 779 616 Deum
810 563 863 613 in
894 558 1053 614 terris
1084 556 1426 629 qtnrrebant,
1457 568 1521 610 cx
1551 571 1618 609 eo
1647 554 1767 610 loco
1788 554 1865 609 eis
1893 570 1985 623 ap-

407 658 578 724 paruit
602 694 616 716 ,
648 668 707 708 se
735 651 799 707 ad
829 665 1013 706 eorum
1044 648 1458 704 inbecillitatem
1486 645 1771 701 deinittcns
1790 686 1808 713 ,
1841 655 1897 701 ut
1921 644 1987 700 ad

402 744 736 799 altitudinem
764 743 1022 796 infinitam
1049 738 1321 797 evelleret.

475 837 837 907 Argumentum
888 830 1264 887 resurrectionis
1321 831 1616 883 maximum.
1670 857 1742 870 --
1783 826 1987 883 Miseri-

399 943 533 991 cors,
561 938 609 981 et
639 928 919 991 miserator,
950 934 997 978 et
1032 924 1203 993 justus
1249 922 1494 976 Dominus
1536 921 1689 976 Dens.
1724 921 1987 989 Quoniam

400 1020 535 1073 dixit
564 1019 678 1088 ejus
701 1017 959 1087 justitiam
999 1029 1243 1077 manere,
1273 1022 1327 1068 et
1367 1012 1460 1068 illo
1500 1014 1658 1067 modo
1681 1012 1989 1068 consolatus

400 1117 518 1170 est;
551 1109 699 1161 multi
723 1117 899 1161 autem
928 1103 1319 1168 misericordes,
1348 1111 1403 1157 ct
1428 1104 1515 1173 qui
1546 1112 1690 1159 recte
1714 1102 1801 1157 hic
1826 1102 1985 1158 vitam

400 1209 593 1268 agunt;
619 1196 882 1254 contraria
912 1199 999 1253 hic
1022 1197 1406 1267 experiuntur:
1437 1195 1589 1251 affert
1610 1196 1768 1250 aliam
1794 1210 1987 1250 conso-

399 1293 650 1347 lationem
677 1289 881 1355 dicens,
917 1289 1221 1354 Misericors,
1252 1299 1300 1343 et
1327 1289 1608 1351 miserator,
1639 1297 1685 1341 et
1716 1288 1888 1359 justus
1914 1296 1986 1342 cst

399 1384 651 1440 Dominus
681 1400 701 1441 :
731 1384 995 1455 duplicem
1036 1383 1157 1437 inde
1202 1382 1420 1437 eiiciens
1457 1378 1983 1435 demonstrationem.

399 1479 453 1535 Si
470 1480 611 1533 enini
623 1486 706 1534 est
723 1476 1042 1540 misericors,
1057 1476 1183 1529 etiis
1198 1474 1286 1544 qui
1309 1482 1544 1543 mceant.
1563 1473 1758 1544 εςνρὶυε
1778 1473 1984 1528 veniam

399 1571 644 1626 concedit
663 1611 680 1637 ,
709 1570 878 1623 multo
912 1568 1079 1638 magis
1116 1582 1210 1622 eos
1236 1566 1324 1637 qui
1357 1581 1416 1622 se
1454 1574 1596 1621 recte
1622 1578 1811 1636 gerunt
1834 1606 1851 1630 ,
1877 1580 1983 1619 non

401 1663 664 1732 relinquet
688 1662 1047 1723 ineorouatos,
1070 1668 1348 1729 postquam
1369 1658 1494 1713 hinc
1513 1658 1858 1712 excesserint.
1880 1656 1984 1713 Sed

400 1754 498 1808 etsi
530 1752 615 1805 hic
639 1767 745 1806 non
776 1732 983 1815 reddat,
1010 1750 1226 1805 omnino
1256 1749 1363 1803 illic
1390 1748 1595 1804 reddet.
1622 1747 1827 1813 Deinde
1853 1748 1984 1803 sub-

396 1842 572 1913 jnnxit
598 1845 782 1908 etiam,
804 1840 981 1895 Justus
1005 1856 1023 1894 :
1044 1840 1186 1910 quod
1211 1840 1255 1895 si
1275 1839 1450 1910 justus
1466 1839 1560 1906 sit,
1588 1848 1646 1894 ut
1667 1849 1770 1905 εει,
1798 1838 1987 1895 reddet

402 1935 690 2006 unicuique
717 1932 1006 1989 secundum
1038 1933 1246 1999 merita,
1276 1932 1483 1988 etiamsi
1511 1931 1597 1987 hic
1624 1946 1729 1986 non
1756 1931 1941 1987 reddat
1968 1949 1983 1986 :

399 2025 540 2097 quod
567 2038 649 2081 est
676 2024 759 2080 vel
803 2023 1090 2078 maximum
1130 2031 1499 2093 argumentum
1527 2021 1716 2077 futurae
1742 2038 1985 2079 nsum-

399 2117 610 2173 elicuis.
652 2115 875 2185 Quando
912 2114 1053 2168 enim
1102 2114 1248 2167 multi
1292 2128 1356 2167 ex
1402 2113 1465 2168 iis
1498 2114 1590 2183 qui
1629 2123 1755 2168 sunt
1792 2114 1989 2167 virtute

402 2207 609 2277 ιιι-ωάίιί
631 2250 645 2273 ,
671 2216 964 2262 cernuntur
1000 2203 1141 2259 mala
1180 2202 1347 2258 nudis
1372 2203 1647 2273 perpessi,
1672 2213 1731 2259 et
1756 2203 1984 2274 improbi

398 2302 620 2372 impune
646 2309 701 2355 et
724 2314 911 2354 secure
939 2298 1117 2353 virere
1145 2312 1159 2350 :
1189 2296 1401 2351 ubinam
1445 2296 1667 2367 recipiet
1695 2295 1985 2366 unusquis-

400 2407 506 2463 que
536 2408 631 2463 pro
665 2382 889 2457 meritis,
918 2389 962 2445 si
998 2404 1105 2445 non
1132 2389 1201 2444 sit
1228 2388 1400 2443 futura
1431 2389 1770 2455 resurrectio,
1801 2396 1856 2443 ot
1880 2386 1984 2442 alia
2020 2448 2033 2455 ,

401 2485 531 2545 vita,
550 2481 806 2551 judicium
832 2489 886 2536 et
912 2478 1311 2534 remuneratio?
1338 2476 1536 2533 Deinde
1558 2478 1809 2548 quoniam
1832 2476 1989 2546 justi-

402 2573 489 2627 tize
516 2573 839 2628 mentionem
876 2570 1075 2627 faciens
1094 2611 1110 2637 ,
1144 2569 1329 2625 terruit
1355 2568 1649 2625 auditorem
1667 2608 1682 2633 ,
1710 2579 1769 2625 ιιι
1794 2569 1884 2639 qui
1914 2569 1986 2623 sit

401 2663 711 2719 redditurus
730 2663 992 2718 rationem
1032 2670 1408 2733 peccatorum,
1439 2662 1547 2717 cito
1573 2659 1727 2717 sum
1754 2662 1987 2717 medica-

400 2765 635 2810 mentum
657 2796 672 2820 ,
705 2753 891 2810 dicens
923 2768 936 2804 :
966 2754 1020 2809 5.
1062 2751 1334 2808 iucundus
1362 2753 1511 2807 homo
1534 2754 1621 2823 qui
1651 2756 1912 2809 miseretur
1936 2763 1985 2809 et

396 2845 704 2911 commodat,
736 2845 964 2914 disponet
990 2860 1242 2901 sermones
1266 2861 1385 2899 suos
1412 2845 1464 2899 in
1481 2844 1700 2916 judicio.

468 2940 525 2993 4.
566 2938 700 2994 Vide
737 2946 866 3009 quot
914 2939 1127 3008 praemia
1172 2937 1420 3010 proponit
1458 2938 1658 2993 homini
1686 2938 1933 2995 clementi
1965 2957 1981 2997 :

398 3033 539 3101 quod
566 3030 769 3087 fructus
793 3032 909 3101 ejus
938 3039 1149 3086 maneat
1186 3039 1445 3101 perpetuo
1464 3072 1479 3097 ,
1509 3031 1652 3101 quod
1681 3030 1985 3088 liberandus

400 3125 472 3179 sit
512 3140 541 3178 a
584 3123 996 3186 tentationibus,
1039 3122 1179 3192 quod
1222 3118 1387 3178 Deum
1430 3121 1731 3177 imitaturus
1766 3124 1873 3189 sit;
1902 3132 1986 3179 est

401 3215 544 3271 niiim
578 3217 715 3269 flens
743 3213 1079 3278 misericors;
1108 3212 1249 3284 quod
1290 3223 1504 3283 peccans
1543 3213 1595 3269 ei
1636 3212 1743 3268 sint
1780 3214 1983 3269 condo-

398 3308 597 3366 nanda.
627 3307 739 3362 lluc
762 3307 902 3361 enim
930 3305 1028 3361 sibi
1058 3306 1165 3360 vult
1207 3305 1355 3375 illud,
1385 3303 1704 3375 Dispenrabit
1731 3322 1984 3361 sermones

396 3416 520 3455 suos
544 3400 596 3453 in
612 3398 852 3469 judicio;
879 3397 929 3452 id
956 3406 1057 3463 est,
1086 3395 1442 3453 Patrocinium
1471 3406 1841 3468 consequetur,
1876 3411 1981 3452 non

398 3490 573 3547 deerit
597 3489 646 3545 ei
670 3486 929 3553 defensio,
956 3500 1059 3541 non
1089 3487 1192 3542 erit
1217 3487 1266 3543 ei
1294 3495 1418 3542 tunc
1443 3485 1834 3549 oondenmatio,
1860 3500 1981 3543 cum

398 3586 737 3654 eleemosyna
777 3580 1139 3637 defensionem
1180 3579 1229 3635 ei
1269 3578 1489 3650 pulchro
1513 3586 1804 3650 comparet.
1834 3578 1982 3636 Alius

378 3688 576 3734 autem
607 3677 871 3747 interpres
895 3674 1027 3730 dixit
1052 3691 1067 3728 :
1100 3672 1411 3744 Dispensans
1446 3687 1526 3726 res
1551 3686 1671 3726 suos
1698 3686 1812 3725 cum
1830 3671 1981 3742 judi-

398 3774 500 3827 cio.
532 3770 645 3827 lloc
671 3778 775 3835 est,
800 3767 1025 3823 Fruetur
1050 3780 1238 3837 magna
1268 3764 1635 3835 prosperitate,
1668 3763 1798 3818 nihil
1824 3763 1893 3819 ab
1915 3778 1982 3819 eo

396 3862 718 3934 suscipietur
741 3858 882 3931 quod
907 3860 978 3915 sit
1001 3856 1285 3913 absurdum
1314 3865 1368 3912 et
1394 3855 1646 3921 alienum,
1672 3862 1729 3909 ut
1754 3855 1841 3925 qui
1871 3854 1983 3910 fue-

398 3957 473 4012 rit
504 3955 736 4026 optimus
772 3953 1121 4025 dispensator.
1150 3949 1248 4019 Qui
1279 3948 1420 4005 enim
1450 3958 1531 4003 est
1565 3947 1796 4005 crudelis
1818 3957 1872 4003 et
1897 3948 1979 4004 in-

396 4051 696 4114 humanus,
722 4056 775 4105 et
813 4044 1174 4102 misericordia
1214 4057 1320 4100 non
1359 4049 1635 4106 movetur,
1668 4049 1753 4096 est
1788 4055 1817 4094 a
1856 4055 1980 4095 vero

384 4141 741 4215 dispensandi
786 4139 992 4194 ratione
1032 4137 1259 4192 alienus.
1297 4133 1433 4202 Quid
1475 4134 1616 4188 enim
1662 4132 1828 4203 possit
1862 4143 1982 4185 esse

401 4236 503 4291 hoc
527 4231 757 4305 gravius,
787 4244 945 4300 quam
973 4242 1101 4282 cum
1125 4226 1169 4281 is
1198 4225 1286 4294 qui
1315 4233 1399 4279 est
1420 4221 1659 4278 aditurus
1688 4219 1979 4293 pes-iculum

399 4325 622 4389 animm,
656 4320 894 4393 pecuniis
924 4317 1126 4388 parcit,
1158 4324 1214 4371 et
1255 4313 1399 4368 illam
1438 4309 1695 4381 negligit?
1722 4309 1977 4378 Quocirca

397 4414 641 4470 Christus
659 4424 871 4482 quoque
897 4408 1045 4463 illum
1069 4404 1301 4460 laudavit
1325 4415 1683 4463 moenium,
1706 4400 1794 4470 qui
1816 4414 1981 4468 quan-

376 4503 469 4561 ἰο
494 4513 611 4557 erat
637 4499 906 4557 vocandus
938 4498 991 4551 in
1028 4494 1321 4567 periculum
1345 4531 1362 4556 ,
1388 4489 1671 4547 sehedulas
1697 4487 1973 4553 dissolvit,

376 4606 453 4650 ’τι
473 4595 546 4651 de
569 4608 635 4659 eo
659 4592 798 4664 quod
826 4591 1120 4648 debebatur
1154 4585 1369 4642 rescidit
1399 4582 1566 4664 (Lac.
1596 4581 1682 4639 ιϐ.
1708 4581 1800 4650 8).
1832 4581 1977 4649 Quo-

399 4683 560 4740 modo
582 4656 725 4739 cnim
755 4697 859 4735 non
880 4688 963 4735 est
981 4676 1288 4741 absurdum,
1312 4684 1372 4729 ut
1394 4656 1497 4744 qui
1517 4673 1568 4727 in
1594 4670 1840 4743 prmnti
1861 4671 1979 4741 qui-

374 4778 520 4833 ‘dem
552 4775 656 4830 vita
693 4782 819 4829 sunt
855 4773 909 4828 in
945 4768 1219 4844 periculo,
1249 4767 1424 4822 omnia
1452 4780 1547 4822 sua
1576 4763 1893 4835 profundant
1920 4772 1980 4819 ιιι

397 4866 691 4941 periculum
713 4864 975 4920 redimant
994 4880 1013 4919 τ
1037 4877 1157 4918 eum
1177 4869 1353 4915 autem
1375 4857 1589 4914 veniant
1608 4857 1661 4913 in
1684 4856 1975 4927 periculum

398 4958 761 5017 tte1radantur
780 4954 1063 5026 supplicio,
1087 4960 1428 5008 non-utantur
1443 4950 1628 5006 eadem
1648 4949 1978 5005 teconomiaf

366 5055 466 5111 'Et
492 5053 611 5127 ideo
620 5049 946 5123 prudentem
970 5046 1390 5117 dispensatorem
1410 5043 1539 5098 dicit
1559 5041 1975 5109 misericordem,

360 5150 367 5163 '
397 5155 456 5201 ut
480 5140 763 5216 qui-multa
790 5140 975 5211 paucis
1000 5148 1172 5199 emat.
1204 5136 1441 5207 pecuniis
1466 5133 1654 5190 eadem
1674 5174 1690 5198 ,
1720 5144 1867 5188 veste
1890 5149 1977 5188 re-

394 5250 583 5309 gnum,
612 5249 748 5305 pane
771 5241 824 5288 et
851 5231 1040 5302 poculo
1054 5224 1268 5298 frigida:
1294 5227 1429 5281 bona
1450 5225 1651 5284 futura,
1674 5224 1810 5292 Quid
1833 5229 1977 5280 enim

385 5325 626 5383 conferri
664 5332 840 5396 potest
866 5338 988 5379 cum
1014 5322 1127 5377 hac
1154 5317 1549 5389 dispensatione
1568 5357 1584 5384 ,
1619 5316 1830 5386 quando
1858 5319 1978 5387 quis

384 5434 463 5475 ea
503 5418 636 5474 dans
663 5433 784 5488 quae
822 5424 1079 5487 pereunt,
1108 5413 1295 5477 fluunt,
1338 5419 1394 5467 et
1440 5410 1727 5470 intereunt,
1761 5422 1825 5463 ea
1858 5424 1978 5480 qua:

390 5518 525 5567 sunt
550 5506 745 5574 futura,
775 5516 831 5563 ct
857 5522 976 5578 quae
1008 5503 1445 5561 suntimmobilia
1470 5500 1764 5569 accipit,.et
1795 5514 1889 5567 per
1914 5514 1979 5555 ea

404 5598 729 5668 in-prmsenti
753 5597 857 5651 vita
881 5598 1166 5652 securitate
1191 5592 1420 5649 fruitur?
1447 5591 1569 5647 Ideo
1596 5594 1744 5656 dicit,
1773 5589 1980 5660 Dispen-

383 5690 527 5747 ubit
546 5704 802 5748 sermones
822 5704 939 5746 suos
959 5691 1018 5745 in
1036 5694 1253 5764 judicia.
1280 5692 1394 5763 Vel,
1422 5700 1477 5749 ut
1503 5694 1638 5762 alius
1658 5690 1787 5747 dixit
1806 5689 1976 5747 biter-

1114 261 1171 318 S.
1211 260 1487 320 JOANNiS
1522 259 2000 318 CllRYSOS'l‘Ulll
2040 260 2354 318 AnClllEP.
2383 263 2909 322 CONSTANTINOP.

2097 386 2237 441 pres,
2267 372 2574 445 Dispensans
2597 393 2676 431 res
2704 395 2822 433 suas
2845 395 2959 433 cum
2981 379 3190 447 judicio.
3214 379 3270 436 lu
3291 398 3522 450 quonam
3548 386 3671 443 dicit

2087 461 2307 531 judicio,
2333 464 2430 518 nisi
2463 465 2512 518 in
2539 466 2625 521 die
2654 468 2870 523 futuro?
2895 467 2989 525 Vel
3012 468 3140 524 dicit
3166 485 3285 526 eum
3313 473 3471 528 etiam
3498 477 3669 534 omnia

2091 567 2185 608 sua
2211 556 2410 624 optime
2438 556 2949 626 administraturum,
2972 576 3070 617 nec
3093 561 3325 618 futurum
3353 565 3403 619 in
3425 565 3506 621 eis
3524 567 3670 636 quid-

2092 662 2247 715 quam
2285 646 2563 704 mafusum
2589 691 2604 717 ,
2641 650 2736 705 sed
2775 652 2951 707 omnia
3000 651 3115 709 fore
3154 655 3341 711 ordine
3378 656 3667 730 collocata,

2090 742 2373 813 omniaque
2400 754 2544 799 recta
2575 743 2656 798 via
2682 753 2737 799 et
2767 746 3141 821 consequentia
3174 762 3488 817 processura
3507 791 3522 815 ,
3555 752 3667 806 nul-

2090 832 2192 886 lam
2226 832 2337 887 fore
2364 833 2415 886 in
2445 833 2524 886 eis
2554 834 3029 902 perturbationem,
3051 837 3253 892 nullum
3281 838 3560 908 strepitum
3583 852 3670 899 aut

2091 921 2373 977 tumultum
2393 963 2411 988 ,
2439 937 2559 979 cum
2601 923 2936 996 clecmnsl'na
2967 925 3156 981 reddat
3187 927 3266 983 eis
3294 930 3471 984 omnia
3502 929 3667 989 facilia

2089 1021 2143 1066 et
2162 1014 2429 1080 expedita.
2450 1013 2601 1082 Quod
2622 1017 2780 1070 etiam
2803 1015 3031 1072 reddens
3051 1017 3381 1075 manifestius
3407 1021 3668 1092 interpres

2088 1103 2225 1159 alius
2252 1104 2382 1159 dixit
2412 1121 2427 1159 :
2459 1104 2773 1175 Dispensans
2800 1123 2880 1161 res
2914 1124 3033 1164 suas
3063 1125 3178 1163 cum
3206 1110 3426 1181 judicio.
3453 1111 3505 1168 Is
3530 1112 3667 1169 enim

2087 1205 2174 1252 est
2210 1196 2514 1253 misericors
2536 1239 2552 1264 ,
2580 1199 2668 1269 qui
2706 1214 2794 1254 res
2831 1213 2955 1255 suas
2981 1214 3100 1256 cum
3129 1200 3327 1273 judicio
3354 1202 3625 1274 dispensat
3649 1223 3664 1260 :

2089 1298 2146 1343 nt
2173 1288 2311 1344 alius
2339 1290 2515 1358 quivis
2543 1301 2625 1346 est
2659 1290 2830 1348 fructu
2859 1306 3077 1358 vacuus,
3100 1286 3187 1362 qui
3226 1303 3310 1350 est
3345 1310 3373 1350 a
3403 1310 3530 1351 vera
3557 1297 3668 1353 dis-

2090 1380 2347 1451 pensandi
2414 1381 2620 1437 ratione
2674 1382 2900 1441 alieuus.
2937 1383 2989 1439 6.
3035 1386 3168 1450 Quia
3202 1387 3256 1441 in
3296 1396 3538 1447 (sternam
3571 1407 3669 1448 non

2089 1471 2491 1527 commovebitur.
2522 1471 2623 1541 Qui
2658 1483 2834 1543 potest
2860 1473 3088 1531 conferri
3115 1491 3235 1533 cum
3266 1476 3367 1533 hac
3399 1479 3670 1550 dispensa-

2090 1561 2234 1617 tione
2257 1603 2274 1627 ,
2303 1562 2515 1634 quando
2550 1565 2670 1634 quis
2712 1566 2870 1622 talem
2906 1568 3044 1623 viam
3085 1567 3378 1637 invenerit,
3404 1586 3525 1640 qua:
3550 1586 3669 1627 eum

2090 1653 2280 1709 liberet
2316 1654 2384 1711 ab
2408 1654 2692 1725 inopinatis
2718 1657 2961 1724 casibus,
2986 1665 3044 1713 et
3066 1667 3212 1715 extra
3243 1660 3364 1715 vitae
3391 1658 3582 1716 fluctus
3616 1662 3668 1717 in

2090 1753 2242 1813 portu
2271 1746 2558 1800 con:.tituat
2580 1787 2595 1810 ,
2621 1761 2687 1802 ac
2713 1761 2835 1803 cum
2873 1748 2943 1803 sit
2985 1748 3144 1803 homo
3165 1789 3182 1810 .
3215 1748 3343 1803 nihil
3382 1749 3668 1808 humanum

2087 1835 2367 1902 sustineat,
2394 1837 2477 1893 vel
2502 1839 2760 1894 sustineat
2781 1839 3018 1909 quidem,
3046 1840 3139 1895 sed
3168 1855 3498 1911 nequaquam
3522 1857 3669 1897 ever-

2091 1928 2266 2003 tatur?
2308 1927 2417 1983 lloc
2459 1937 2541 1984 est
2578 1929 2720 1984 enim
2760 1928 3099 1991 admirabile.
3140 1929 3353 2000 quando
3393 1946 3499 1986 non
3533 1932 3670 1987 cedit
3768 1946 3779 1955 ‘

2089 2017 2468 2073 tentationibus
2493 2031 2592 2073 nec
2625 2016 2691 2074 ab
2718 2017 2796 2073 eis
2823 2018 3192 2089 promernitur.
3223 2017 3360 2088 Quid
3389 2019 3550 2075 vero?
3577 2037 3695 2091 an-i

2089 2124 2194 2187 non
2224 2101 2475 2165 commoti
2515 2117 2639 2165 sunt
2676 2109 2825 2164 multi
2864 2109 3273 2165 misericordes?
3305 2110 3666 2182 Nequaquam.

2088 2199 2220 2256 Nam
2244 2200 2343 2256 etsi
2373 2214 2631 2272 pauperes
2659 2196 2781 2254 facti
2811 2199 2915 2254 sint
2935 2242 2949 2262 ,
2972 2207 3027 2255 et
3053 2199 3117 2254 ad
3146 2188 3436 2255 extremam
3462 2200 3670 2257 dedisti

2089 2293 2513 2359 mendicitatem,
2537 2303 2693 2366 atque
2722 2294 2774 2349 in
2804 2309 3069 2349 aerumnas
3099 2303 3152 2350 et
3179 2295 3508 2351 calamitates
3537 2296 3669 2352 inci-

2090 2383 2285 2452 derint,
2313 2385 2530 2442 minime
2558 2395 2729 2441 tamen
2758 2384 2929 2441 eversi
2960 2395 3082 2441 sunt
3112 2403 3126 2440 :
3155 2386 3446 2458 regnantes
3470 2403 3530 2443 ea
3554 2402 3671 2459 qum

2088 2491 2120 2532 a
2145 2491 2207 2535 se
2232 2477 2367 2533 facta
2400 2485 2525 2533 sunt
2553 2477 2629 2550 (α)
2649 2520 2665 2546 ,
2696 2478 2787 2533 Dei
2820 2477 3239 2535 benevolentiam
3274 2490 3328 2535 et
3367 2481 3669 2551 praesidium

2087 2570 2155 2626 ad
2182 2584 2242 2627 se
2266 2569 2592 2626 attrahentes
2609 2610 2625 2636 ,
2653 2578 2707 2627 et
2730 2569 2957 2626 validam
2986 2569 3215 2643 aliquam
3245 2571 3546 2646 fortemque
3573 2590 3669 2629 an.

2088 2676 2267 2719 coram
2289 2702 2306 2729 ,
2348 2677 2540 2733 nempe
2580 2662 2770 2717 bonam
2800 2663 3176 2719 conscientiam
3201 2706 3216 2731 ,
3249 2663 3524 2720 habentes.
3553 2665 3667 2721 Non

2087 2752 2219 2811 dixit
2248 2755 2423 2826 itaque
2441 2796 2458 2821 ,
2485 2754 2695 2811 Insidiis
2720 2770 2826 2811 non
2855 2765 3193 2826 appetentur,
3222 2758 3346 2822 sed,
3379 2757 3494 2814 Non
3521 2774 3667 2814 com~

2088 2847 2459 2905 movebuntur.
2500 2848 2652 2917 Quod
2689 2853 2848 2904 etiam
2879 2849 3012 2905 dixit
3037 2851 3283 2907 Christus
3317 2850 3387 2908 de
3427 2853 3549 2918 illo,
3579 2853 3666 2924 qui

2087 2939 2367 2997 aedificavit
2393 2954 2551 3011 supra
2575 2934 2778 3012 petram
2805 2942 3017 3017 (Matth.
3042 2944 3094 2999 7.
3115 2942 3207 3017 25)
3234 2963 3249 2999 :
3272 2959 3377 3001 non
3397 2946 3539 3018 quod
3565 2963 3666 3004 non

2088 3032 2159 3088 sit
2192 3041 2558 3102 tempestatem
2597 3048 2849 3106 passurus
2867 3077 2883 3103 ,
2910 3035 3003 3092 sed
3030 3037 3171 3108 quod
3196 3038 3356 3094 etiam
3378 3048 3670 3109 tempesta.

2088 3134 2195 3183 tem
2231 3127 2530 3194 sustinens,
2560 3127 2781 3185 minime
2816 3129 2887 3184 sit
2917 3131 3254 3186 evertendas.
3285 3129 3399 3187 Hoc
3421 3142 3505 3187 est
3526 3133 3666 3192 enim

2086 3216 2418 3283 admirabile,
2441 3233 2546 3274 non
2569 3217 2778 3290 quando
2799 3219 3128 3276 cessantibus
3149 3220 3530 3278 tentationibus
3554 3238 3669 3279 om-

2086 3307 2244 3365 nibus
2270 3309 2322 3364 in
2354 3317 2466 3364 tuto
2493 3307 2682 3377 fuerit,
2714 3309 2808 3366 sed
2843 3310 3054 3382 quando
3084 3309 3530 3382 frequentissimis
3552 3328 3667 3370 ma-

2085 3399 2259 3456 chinis
2286 3401 2574 3470 impolitus,
2606 3410 2862 3472 perpetuo
2889 3401 3123 3458 manebit
3150 3402 3456 3459 immobilis.
3489 3403 3667 3475 Neque

2085 3491 2228 3546 enim
2257 3490 2368 3546 fieri
2395 3499 2588 3561 potest.
2616 3499 2673 3545 ut
2698 3492 2874 3547 anima
2907 3491 3058 3549 dives
3086 3493 3450 3549 misericordia
3477 3493 3667 3551 obrua-

2087 3590 2173 3637 tur
2197 3595 2445 3652 umquam
2470 3595 2500 3636 a
2520 3582 2768 3653 gravibus
2796 3582 2956 3637 animi
2986 3584 3487 3653 perturbationibus.
3514 3586 3569 3643 7.
3601 3582 3665 3643 1η

2084 3672 2329 3726 memoria
2362 3680 2552 3728 eterna
2583 3672 2678 3727 erit
2699 3673 2892 3742 justas.
2918 3672 3054 3729 Vide
3083 3673 3253 3744 ipsum
3280 3690 3385 3733 non
3414 3675 3586 3732 solum
3614 3677 3664 3731 in

2086 3770 2326 3833 tempore
2354 3763 2495 3829 vitm,
2523 3763 2616 3819 sed
2642 3763 2803 3818 etiam
2837 3773 2954 3833 post
2984 3773 3209 3821 mortem
3238 3766 3541 3835 complures
3566 3767 3663 3822 do-

2085 3868 2211 3912 cere
2237 3864 2292 3910 et
2316 3854 2613 3911 instituere.
2637 3853 2915 3922 Quomodo
2943 3869 3071 3927 ergo
3096 3856 3223 3913 dum
3254 3858 3411 3924 vivit,
3441 3861 3664 3930 patietur

2084 3946 2283 4018 aliquid
2310 3947 2457 4012 mali,
2484 3945 2696 4016 quando
2720 3946 2881 4003 etiam
2906 3948 3139 4004 moriens
3167 3958 3250 4005 est
3273 3949 3393 4007 aliis
3416 3952 3666 4023 magister

2086 4036 2520 4109 tranquillitatis?
2555 4037 2621 4095 Ut
2648 4037 2790 4093 enim
2832 4039 3005 4096 sciant
3031 4039 3114 4096 vel
3150 4041 3240 4112 qui
3278 4052 3402 4097 sunt
3437 4044 3668 4105 maxime

2085 4128 2363 4196 increduli,
2396 4128 2622 4184 fructum
2647 4129 2764 4198 ejus
2797 4144 3015 4186 manere
3040 4130 3392 4188 immortalem
3419 4133 3471 4188 in
3498 4135 3663 4201 caelis,

2085 4220 2210 4276 hinc
2235 4220 2326 4277 dat
2348 4219 2467 4291 ejus
2492 4219 2566 4276 rei
2596 4219 2975 4290 experientiam
3007 4241 3021 4278 :
3047 4208 3260 4277 defosso
3282 4224 3424 4278 enim
3450 4235 3504 4278 et
3526 4234 3663 4283 terra

2083 4314 2275 4369 obruto
2297 4328 2540 4385 corpore,
2569 4312 2820 4369 memoria
2845 4315 2961 4383 ejus
2985 4313 3180 4384 ubique
3203 4315 3592 4371 circumfertur.

2168 4405 2335 4461 Virtus
2356 4423 2505 4477 quam
2534 4406 2728 4478 eﬂicax.
2750 4436 2820 4447 —
2846 4405 2989 4463 Talis
3028 4418 3110 4462 est
3148 4408 3359 4463 virtutis
3384 4412 3616 4480 potentia
3647 4430 3662 4466 :

2084 4515 2191 4555 non
2229 4498 2372 4555 cedit
2417 4499 2660 4570 tempori,
2691 4514 2798 4554 non
2842 4499 3123 4555 marcescit
3157 4498 3521 4558 diuturnitate.
3554 4501 3665 4559 [loc

2082 4604 2260 4647 autem
2288 4589 2348 4645 fit
2381 4599 2588 4660 propter
2622 4590 2849 4648 salutem
2895 4590 3155 4646 malorum
3189 4593 3228 4646 '.
3261 4592 3339 4647 ltli
3377 4596 3523 4649 enim
3558 4611 3663 4656 non

2084 4682 2280 4737 habent
2316 4696 2450 4753 opus
2491 4679 2651 4740 laude
2692 4681 2963 4737 hominum
2996 4700 3012 4739 :
3040 4683 3129 4753 qui
3172 4692 3353 4739 autem
3385 4684 3571 4740 vivunt
3611 4688 3663 4745 in

2080 4776 2348 4847 nequitia,
2376 4776 2480 4832 illis
2506 4785 2664 4847 egent
2708 4775 2966 4835 encomiis
2987 4815 3005 4843 ,
3032 4785 3092 4831 ut
3140 4790 3206 4832 ex
3249 4775 3410 4833 laude
3431 4792 3621 4837 eorum
3643 4822 3660 4847 ,

2145 5022 2178 5084 ι-
2199 5017 2310 5080 Alii,
2334 5017 2767 5084 proptersalutem
2805 5017 3080 5070 multorum.
3118 5019 3349 5084 Sedvox,
3387 5019 3666 5083 malorum,

2054 5079 2481 5146 ‘meliusqiiadrat
2500 5079 2559 5129 ad
2581 5083 2766 5130 seriem
2784 5114 2800 5139 ,
2821 5087 2879 5130 ut
2900 5093 2965 5130 ex
2987 5083 3312 5144 sequentibus
3335 5082 3508 5146 liquet.

2147 5145 2231 5208 (ᾳ),
2251 5142 2497 5208 lacrimo,
2519 5154 2716 5200 ιννοοῦντις
2732 5154 2782 5193 τι
2803 5154 3014 5208 W2-
3033 5142 3168 5202 οἱτοῑςι
3186 5150 3330 5194 Porro
3359 5142 3468 5194 haec
3483 5144 3664 5208 duplici

2074 5201 2230 5264 modo
2246 5202 2476 5273 intelligi_
2495 5211 2693 5273 possunt
2716 5216 2731 5253 :
2757 5201 2870 5273 vel,
2885 5201 3139 5273 cogitantes
3160 5217 3217 5255 ea
3238 5217 3416 5273 quieo
3448 5219 3501 5256 se
3533 5201 3663 5273 facta

2081 5272 2208 5327 sunt,
2226 5272 2287 5314 ut
2298 5262 2728 5330 vertitlnterpres,
2737 5265 2839 5330 vel,
2863 5262 3121 5330 saginantes
3136 5262 3260 5330 qua:
3272 5264 3369 5316 sibi
3381 5301 3402 5330 ,Α
3421 5275 3525 5327 aut,
3533 5262 3662 5330 'erga

2083 5318 2135 5382 se
2157 5318 2286 5392 fricta
2306 5331 2431 5392 sunt.
2457 5318 2623 5392 neque
2644 5318 2783 5392 facile
2804 5318 3068 5392 dicere
3091 5318 3197 5375 utra
3218 5328 3291 5392 sit,
3305 5318 3482 5377 melior
3509 5318 3659 5392 inter.

2113 5384 2308 5439 relatio.
2330 5388 2373 5436 Si
2399 5384 2558 5449 priore
2577 5386 2718 5436 modo
2740 5384 3003 5449 intelligas,
3022 5400 3200 5449 sensus
3223 5390 3320 5438 erit
3343 5398 3470 5439 :.\'on
3495 5390 3658 5439 turba-

2182 5459 2262 5500 tur
2291 5448 2424 5511 gesta
2444 5461 2533 5496 sua
2551 5459 2713 5511 scazon
2736 5448 3026 5510 reputantes,
3049 5448 3190 5511 horia:
3205 5449 3511 5511 conscientia
3532 5448 3658 5503 aesti-

2083 5511 2242 5565 monio
2261 5509 2555 5572 gandetum;
2576 5509 2628 5572 si
2642 5510 2937 5572 posteriore,
2960 5512 3030 5560 sic
3046 5509 3378 5572 accipiendum
3401 5514 3496 5561 erit
3519 5526 3533 5560 :
3562 5520 3657 5568 ,ναι

2040 5612 2047 5619 υ
2083 5569 2795 5647 φηωισὺεθψῑιιέξςορέέειηιςξ,
2809 5569 3008 5647 solitae
3148 5569 3277 5647 e99
3306 5586 3359 5623 ιε
3390 5572 3655 5647 tamen?

2085 5635 2233 5753 cggz,
2256 5646 2322 5684 επ
2342 5630 2556 5705 netivus
2886 5630 3019 5687 ms
3046 5645 3140 5698 ρατ
3159 5624 3255 5688 ιεδε
3275 5647 3464 5697 me
3486 5624 3659 5697 eam
