4062 6208
416 238 488 285 ἰι-ι
1474 223 1824 285 ΕΧΡΟΞΠῙΟ
1859 220 1923 277 'IN
1965 217 2282 275 PSALMUM
2320 217 2456 273 CXI.

382 250 488 305 997

381 376 497 429 quae
526 353 787 429 praeclare
814 355 882 409 ab
924 355 1040 410 aliis
1082 361 1227 424 gesta
1263 357 1403 412 sunt,
1434 347 1561 401 ﬁant
1590 341 1799 398 virtutis
1841 347 1955 394 stu-

379 451 644 506 diosiores
665 489 680 508 ,
707 457 763 503 et
803 446 1089 518 aliquando
1133 445 1420 498 liberentur
1448 453 1476 492 a
1508 437 1656 491 vitio.
1691 431 1789 489 Ubi
1834 437 1956 485 sunt

380 555 508 608 ergo
530 539 619 610 qui
647 537 896 607 sepulcra
925 545 1229 606 sumptuosa
1257 531 1538 593 nidiﬁcant,
1572 528 1816 595 :edesque
1839 538 1956 578 ma-

379 631 600 701 gniﬁcas
621 626 907 682 excitant?
938 625 1164 679 Audiant
1199 619 1320 692 quid
1345 627 1738 675 monumentum
1769 627 1958 685 perpe-

383 731 530 774 tuum
561 717 779 774 efﬁciat.
809 716 924 770 Non
954 712 1183 784 lapidum
1207 710 1497 768 exstructio
1517 750 1530 774 ,
1559 721 1657 762 nec
1683 717 1955 759 murorum

379 811 611 864 ambitus
655 816 711 863 et
740 817 942 867 turres,
972 803 1068 860 sed
1112 803 1368 858 bonorum
1413 813 1628 869 operum
1677 795 1952 850 exhibitio.

381 901 509 955 llaec
551 909 726 953 autem
755 897 901 966 ponit
939 903 1153 964 propter
1198 905 1291 947 eos
1319 891 1406 962 qui
1447 897 1570 942 sunt
1597 886 1750 941 valde
1779 886 1954 938 incre-

378 994 486 1048 duli
509 1033 523 1052 ,
548 1001 603 1047 et
643 990 815 1044 futura
847 1002 948 1041 non
975 983 1285 1049 attendunt,
1322 991 1378 1036 ut
1404 997 1523 1036 cum
1549 995 1578 1034 a
1610 976 1956 1049 prmscntibns

377 1093 432 1140 et
461 1085 524 1138 iis
545 1099 664 1152 qua:
691 1089 946 1149 apparent
971 1093 1065 1134 eos
1088 1072 1628 1142 abduxerit,deducat
1649 1071 1712 1125 ad
1741 1069 1912 1124 lutura
1937 1084 1952 1119 :

378 1186 430 1229 et
458 1173 665 1242 alioqui
693 1169 927 1226 ostendit
953 1169 1222 1232 virtutem,
1255 1174 1308 1220 ut
1332 1181 1472 1234 sa'pc
1498 1163 1626 1225 dixi,
1650 1161 1806 1216 etiam
1834 1168 1956 1212 ante

378 1264 465 1318 illa
511 1261 731 1332 przrmia
759 1300 774 1324 ,
801 1258 998 1312 habere
1029 1257 1082 1311 in
1129 1256 1302 1326 seipsa
1345 1253 1848 1310 remunerationem.
1882 1249 1956 1302 Ab

376 1354 637 1407 auditione
657 1351 790 1404 mala
814 1365 912 1402 non
939 1349 1144 1402 timebit.
1175 1346 1340 1412 Alius,
1370 1345 1619 1398 Nuntium
1649 1342 1835 1396 malum
1855 1356 1958 1394 non

374 1443 582 1496 timebit.
611 1438 1067 1508 Quemadmodum
1094 1451 1197 1491 non
1236 1436 1368 1490 dixit
1389 1434 1634 1504 superius
1660 1473 1674 1499 ,
1701 1447 1822 1487 eum
1851 1447 1958 1486 non

373 1549 494 1588 esse
544 1530 838 1602 petendum
879 1527 1082 1583 insidiis
1107 1568 1123 1594 ,
1155 1526 1247 1582 sed
1287 1525 1494 1580 insidiis
1529 1523 1818 1594 appetitum
1850 1537 1956 1577 non

373 1639 492 1678 esse
529 1619 980 1677 commovendum
1015 1636 1029 1672 :
1061 1618 1129 1671 ita
1159 1616 1244 1671 hic
1285 1617 1443 1670 etiam
1493 1629 1596 1668 non
1641 1612 1803 1678 dicit,
1835 1627 1954 1667 eum

376 1731 478 1768 non
503 1728 628 1768 esse
659 1711 962 1765 auditurum
991 1707 1188 1762 malum
1215 1707 1456 1761 nuntium
1479 1745 1494 1771 ,
1526 1702 1618 1758 sed
1645 1703 1950 1758 audientem

375 1806 592 1859 minime
622 1802 1052 1858 formidaturum.

442 1898 496 1952 5.
520 1897 591 1950 At
617 1895 712 1965 qui
741 1895 850 1957 liet,
875 1901 930 1946 ut
955 1906 1062 1945 non
1089 1888 1374 1945 formidet?
1393 1888 1517 1943 Sive
1544 1885 1738 1942 bellum
1767 1884 1957 1941 viderit

375 1987 703 2050 adventare,
749 1989 866 2039 sive
919 1991 1076 2038 terra:
1104 1989 1304 2035 motum
1337 1980 1528 2050 oppida
1555 1979 1799 2044 diruere,
1838 1982 1956 2033 sive

377 2080 608 2134 latrones
665 2086 719 2132 et
749 2091 1021 2130 murorum
1068 2071 1350 2129 elfossores
1375 2072 1550 2126 omnia
1579 2073 1788 2141 eripere
1806 2112 1821 2137 ,
1844 2071 1956 2124 sive

375 2169 630 2224 barbaros
680 2165 1016 2221 incursiones
1065 2163 1273 2228 facere,
1299 2164 1412 2216 sive
1440 2163 1684 2216 morbum
1729 2169 1954 2216 mortem

375 2259 602 2314 minitari
633 2301 652 2324 ,
683 2259 794 2312 sive
823 2257 952 2311 iram
975 2255 1166 2323 judicis
1193 2297 1207 2320 ,
1239 2255 1352 2308 sive
1373 2253 1744 2323 quodcumque
1773 2251 1954 2318 aliud,

376 2353 590 2408 minime
637 2351 986 2411 extimescet;
1020 2361 1140 2401 suas
1169 2347 1308 2401 enim
1355 2360 1483 2415 opes
1519 2355 1672 2399 antea
1714 2343 1958 2413 deposuit

375 2444 423 2496 in
462 2443 580 2496 loco
621 2441 927 2503 tutissimo,
963 2447 1016 2493 et
1044 2453 1108 2493 ex
1147 2452 1252 2506 quo
1297 2451 1398 2491 non
1449 2444 1668 2505 possunt
1695 2435 1825 2503 eripi
1859 2452 1872 2488 :
1903 2444 1959 2488 et

374 2535 689 2590 imminente
731 2541 900 2587 morte
929 2545 1032 2585 non
1081 2528 1238 2582 modo
1269 2543 1372 2582 non
1403 2528 1589 2581 metuit
1622 2568 1635 2592 ,
1658 2527 1751 2582 sed
1796 2526 1954 2580 etiam

375 2623 582 2679 festinat
605 2623 1006 2694 quamprimum
1039 2620 1089 2672 in
1113 2635 1172 2674 ea
1199 2620 1309 2674 loca
1359 2617 1684 2682 concedere,
1718 2617 1802 2671 ubi
1834 2624 1959 2672 sunt

373 2717 485 2782 ejus
509 2727 750 2769 merces.
777 2711 875 2767 Ubi
900 2721 972 2765 est
997 2711 1135 2765 enim
1159 2711 1421 2762 thesaurus
1451 2708 1700 2771 hominis,
1734 2708 1840 2761 illic
1867 2723 1956 2761 cor

374 2810 481 2880 ejus
509 2807 730 2878 (Matth.
766 2805 820 2860 6.
849 2803 961 2873 2|).
984 2803 1113 2857 Nam
1157 2803 1202 2856 si
1231 2808 1575 2864 mercatores,
1612 2800 1698 2868 qui
1739 2799 1953 2872 domum

374 2898 530 2957 multa
559 2911 735 2952 onera
765 2894 1153 2964 prmmiserunt,
1178 2899 1462 2963 properant
1492 2890 1726 2960 quotidie
1752 2899 1807 2943 ut
1832 2904 1955 2944 snas

376 2989 583 3044 videant
605 2986 866 3043 divitias:
894 2984 1060 3039 multo
1081 2983 1247 3052 magis
1277 2982 1381 3044 hic,
1403 2981 1491 3050 qui
1524 2981 1576 3034 in
1603 2980 1750 3034 cmlis
1769 2995 1957 3035 outues

380 3094 498 3134 suas
520 3077 805 3133 facnlmtes
831 3083 986 3130 antea
1007 3073 1288 3144 deposuit,
1314 3073 1457 3127 volet
1480 3087 1507 3123 a
1531 3072 1690 3128 rebus
1721 3086 1956 3141 prasen-

382 3167 519 3223 tibns
545 3169 768 3222 avulsus
808 3164 878 3219 ad
905 3162 1110 3218 futuras
1157 3161 1432 3216 festinare.
1461 3160 1600 3216 Nihil
1626 3175 1755 3230 ergo
1783 3161 1836 3216 ei
1862 3177 1959 3230 pn-

388 3259 510 3312 terit
549 3260 798 3314 timorem
844 3255 1101 3310 incutere.
1136 3252 1384 3307 Paratum
1407 3268 1496 3306 cor
1525 3253 1634 3323 ejus
1673 3253 1957 3321 sperarent

389 3350 621 3405 Domino.
659 3350 816 3406 Alius
839 3347 1117 3414 {Firmum
1157 3361 1246 3401 cor
1272 3347 1385 3417 ejus
1406 3361 1425 3398 :
1449 3345 1590 3400 idem
1617 3344 1920 3414 signiﬁcans
1937 3385 1954 3410 ,

384 3449 437 3494 et
467 3441 821 3510 interpretans
846 3437 1007 3504 illud,
1042 3435 1302 3490 Paratum.
1327 3431 1477 3501 Quod
1515 3443 1692 3490 autem
1731 3434 1959 3489 dicitest

381 3530 636 3599 ejusmodi
667 3546 682 3583 :
718 3527 859 3582 Nihil
897 3537 981 3581 est
1018 3526 1160 3596 quod
1196 3541 1318 3580 eum
1361 3527 1676 3592 label'aelct,
1705 3533 1758 3580 et
1797 3526 1956 3581 rebus

383 3623 738 3691 prasentibus
761 3619 1000 3673 addicat:
1025 3619 1117 3674 sed
1145 3627 1287 3674 totus
1327 3629 1554 3686 quantus
1579 3627 1682 3682 e-t,
1701 3617 1770 3672 ad
1792 3619 1955 3673 Deum

381 3714 703 3780 extenditur,
727 3722 780 3768 et
807 3727 954 3784 apem
980 3712 1122 3766 illam
1149 3718 1420 3780 exspectat
1438 3751 1452 3774 ,
1485 3718 1538 3764 et
1569 3711 1620 3764 in
1653 3711 1738 3764 illa
1763 3725 1958 3779 exspe-

380 3807 612 3861 ctatione
654 3807 924 3878 perpetuo
958 3803 1226 3874 deligitur,
1257 3817 1355 3857 nec
1393 3802 1462 3856 ab
1491 3801 1594 3856 ulla
1625 3817 1683 3856 re
1713 3803 1956 3870 prmsenti

380 3903 662 3968 mollescit,
691 3900 989 3962 abducitur,
1019 3907 1111 3952 aut
1133 3896 1460 3952 distrahitur.
1485 3895 1646 3950 Tales
1667 3897 1806 3950 enim
1836 3905 1960 3949 sunt

383 3996 718 4064 negotiorum
749 3990 1136 4047 sollicitudines
1169 4007 1182 4042 :
1211 4000 1441 4044 mentem
1469 3988 1744 4052 dividunt,
1773 3997 1828 4042 et
1863 4003 1959 4042 co-

380 4087 691 4154 gitationem
733 4082 1053 4138 distrahunt.
1089 4082 1319 4136 Necesse
1347 4090 1429 4136 est
1469 4081 1629 4149 igitur
1673 4095 1856 4133 rursus
1879 4079 1962 4133 di-

381 4191 503 4231 cere
547 4176 680 4230 illud
727 4175 1089 4244 evangelicum
1116 4191 1128 4226 :
1157 4171 1255 4228 Ubi
1300 4181 1374 4226 est
1401 4171 1664 4224 thesaurus
1691 4169 1956 4234 hominis,

382 4267 486 4320 illic
513 4277 588 4322 est
617 4268 770 4320 etiam
793 4282 880 4319 car
908 4265 1022 4335 ejus
1049 4263 1257 4337 (Matth.
1288 4263 1338 4317 6.
1368 4262 1479 4330 21).
1515 4263 1568 4316 8.
1599 4259 1962 4328 Con/innatum

382 4366 450 4409 est
483 4375 572 4411 cor
599 4358 742 4427 ejus,
771 4373 870 4409 non
895 4355 1298 4408 commovebitur.
1333 4352 1522 4406 Vidisti
1551 4367 1671 4406 eum
1719 4351 1805 4420 qui
1831 4350 1964 4404 mdi-

383 4447 504 4500 iicat
551 4461 715 4515 supra
746 4445 976 4513 petram?
1001 4443 1136 4512 Quid
1166 4444 1306 4496 enim
1341 4451 1510 4511 potest
1542 4441 1728 4495 timere
1763 4441 1850 4510 qui
1881 4449 1964 4504 est

379 4548 433 4591 et
454 4537 630 4591 nudus
661 4544 718 4591 et
741 4538 1028 4600 accinctus,
1057 4535 1362 4604 nulhnnque
1392 4535 1483 4588 ulli
1512 4535 1713 4604 praebet
1738 4533 1964 4588 ansam?

381 4628 508 4697 quid
555 4636 739 4697 potest
783 4628 1001 4694 timere,
1030 4626 1118 4697 qui
1162 4625 1320 4681 habet
1368 4626 1530 4680 Deum
1571 4624 1885 4680 clementem
1909 4632 1968 4680 et

384 4717 720 4785 propitium?
747 4717 814 4771 ita
861 4727 920 4771 ut
947 4717 1194 4785 utrinque
1222 4715 1291 4769 sit
1333 4723 1512 4780 tutus,
1536 4723 1590 4769 et
1627 4729 1690 4768 ex
1733 4727 1966 4784 superno

381 4807 604 4871 auxilio,
634 4816 690 4862 et
714 4821 778 4861 ex
803 4823 888 4874 ea,
921 4807 973 4862 in
1000 4823 1100 4877 qua
1130 4806 1216 4862 hic
1245 4807 1460 4861 inferius
1482 4807 1644 4875 degit,
1673 4806 1927 4860 facilitate
1946 4847 1962 4873 ,

382 4913 482 4954 nec
502 4898 799 4969 quidquam
833 4913 956 4955 eum
985 4899 1300 4955 labefactare
1327 4899 1548 4968 poterit,
1580 4914 1685 4951 non
1712 4897 1965 4952 damnum

384 4994 649 5060 pecuniae,
674 5006 779 5046 non
810 4991 1024 5062 probra,
1050 5007 1152 5047 non
1173 4992 1471 5046 calumniae.
1499 4991 1682 5061 Neque
1710 4993 1852 5046 enim
1879 4990 1967 5045 ha-

384 5083 474 5139 bet
519 5087 572 5138 in
601 5100 714 5155 quo
759 5083 1015 5149 laniatur,
1045 5084 1134 5154 qui
1181 5083 1304 5138 hinc
1341 5084 1392 5137 in
1424 5083 1611 5138 cmlum
1651 5081 1968 5152 commigra-

383 5177 537 5237 verit,
554 5177 608 5229 in
626 5175 904 5246 regionem
921 5175 988 5228 ad
1006 5190 1162 5242 quam
1175 5175 1359 5230 sceleri
1379 5184 1428 5229 et
1449 5175 1653 5229 insidiis
1679 5174 1852 5228 nullus
1873 5187 1969 5244 pa-

381 5278 458 5322 tet
478 5270 682 5324 aditus.
717 5267 935 5330 Nammt
951 5267 1112 5336 probe
1134 5267 1320 5328 nostis.
1338 5282 1524 5320 omnes
1545 5267 1749 5320 insidia:
1780 5281 1970 5335 paran-

382 5367 470 5413 tnr
499 5362 585 5415 vel
615 5361 881 5429 pecuniis,
912 5358 991 5412 vel
1022 5374 1116 5428 pro
1147 5359 1402 5427 pecuniis,
1432 5367 1486 5411 et
1505 5373 1664 5429 omne
1693 5357 1966 5412 hominum

380 5451 620 5504 studium
647 5451 703 5504 in
731 5448 811 5502 his
841 5448 1069 5517 ponitur.
1103 5447 1272 5501 Donec
1301 5449 1539 5517 despiciat
1575 5427 1798 5501 inimicos
1827 5459 1963 5501 suos.

381 5541 511 5604 Quis
541 5550 626 5593 est
646 5539 767 5606 ejus
796 5536 1176 5596 inimicus,nisi
1195 5537 1314 5589 mali
1345 5536 1701 5598 daemones,et
1727 5537 1837 5606 ipse
1855 5535 1969 5590 dia-

379 5629 556 5686 bolus?
573 5628 626 5685 9.
651 5626 929 5694 Dispersit.
955 5624 1086 5679 dedit
1105 5624 1428 5697 pauperibus;
1453 5623 1480 5694 j
1503 5627 1651 5682 Potitia
1677 5627 1780 5694 ejus
1803 5635 1967 5681 manet

3532 225 3638 280 298

2057 335 2110 388 in
2131 335 2389 388 sreculum.
2420 336 2702 402 Postquam
2727 335 3080 408 cleemusynzr.
3108 349 3159 393 et
3186 343 3556 397 commodandi
3581 355 3638 398 et

2059 425 2339 482 miserenili
2365 427 2622 490 meminit;
2641 436 2765 482 stult
2793 437 2968 483 autem
2990 433 3170 486 multa:
3199 448 3463 490 mensuras
3488 437 3637 492 elec-

2059 531 2313 589 mosynar;
2349 516 2434 571 hic
2459 518 2600 571 enim
2623 518 2710 572 dat
2751 519 2926 573 minus
2948 559 2962 581 ,
2993 519 3082 574 ille
3109 537 3235 578 vero
3259 527 3487 595 amplius
3513 543 3528 581 :
3551 530 3634 582 vi-

2058 608 2279 663 deamus
2322 623 2604 680 quemnam
2651 611 2778 665 dicit
2831 611 3227 668 misericordem
3255 657 3268 681 ,
3318 635 3526 678 eumne
3545 625 3636 692 qui

2057 700 2258 768 przebet
2299 715 2362 754 ex
2412 701 2752 768 abundantia,
2799 717 2868 755 an
2903 717 3023 756 eum
3064 703 3154 773 qni
3198 719 3321 762 suas
3361 711 3637 768 iacultatos

2058 793 2322 847 exhaurit.
2367 793 2578 848 Certum
2625 805 2704 848 est
2735 794 2878 864 quod
2921 811 3040 850 eum
3073 798 3162 865 qui
3201 799 3484 865 exhaurit,
3514 820 3635 859 eum

2059 885 2146 952 qui
2178 899 2234 938 re
2264 899 2354 938 sua
2379 885 2597 954 largiter
2623 887 2790 938 utitur
2820 903 2833 938 :
2866 887 3005 959 quod
3037 889 3195 943 etiam
3228 890 3422 947 Paulus
3446 897 3636 963 qua-rit

2059 976 2242 1030 dicens
2273 994 2287 1028 :
2317 975 2416 1042 Qui
2443 978 2654 1030 seminat
2681 979 2731 1030 in
2760 977 3180 1034 benedictionibus
3199 1023 3213 1047 ,
3245 993 3393 1037 metet
3413 977 3557 1038 etiam
3585 989 3638 1040 in

2060 1065 2479 1120 benedictionibus
2511 1067 2582 1136 (2.
2619 1063 2743 1120 Cor.
2774 1068 2828 1122 9.
2875 1068 2953 1137 6).
2984 1068 3114 1124 Vide
3160 1081 3338 1127 autem
3369 1078 3638 1144 qtiotttodo

2063 1155 2318 1226 propheta
2350 1159 2549 1227 optimc
2573 1171 2696 1211 usus
2718 1167 2798 1211 est
2822 1157 3144 1215 dictionibus
3168 1162 3204 1214 ⁸.
3232 1162 3346 1217 Non
3381 1166 3534 1220 enim
3555 1167 3640 1220 di-

2065 1249 2144 1302 xit
2166 1289 2180 1314 ,
2213 1247 2400 1314 Dedit,
2431 1249 2509 1302 vel
2531 1289 2545 1314 ,
2574 1248 2882 1316 Distribuit,
2908 1250 3032 1316 sed,
3065 1249 3311 1323 Dispersit
3333 1297 3346 1318 ,
3374 1254 3540 1312 simul
3581 1267 3638 1313 et

2060 1339 2177 1408 ejus
2205 1338 2292 1408 qui
2323 1339 2522 1406 praebet
2553 1339 2844 1410 largitatem
2877 1342 3182 1406 ostendens,
3214 1352 3266 1397 et
3285 1358 3399 1399 rem
3421 1357 3639 1402 semen-

2063 1440 2170 1486 tem
2201 1431 2498 1484 nominans.
2517 1430 2674 1484 Tales
2699 1431 2838 1484 enim
2866 1442 2990 1486 sunt
3009 1433 3096 1501 qui
3115 1435 3406 1490 seminant:
3432 1436 3639 1506 disper-

2059 1529 2190 1592 gunt
2209 1536 2324 1591 qua:
2347 1531 2470 1576 sunt
2497 1522 2722 1589 reposita
2743 1562 2758 1587 ,
2787 1530 2839 1576 et
2865 1538 2984 1592 qua:
3011 1531 3132 1577 sunt
3153 1525 3428 1581 manifesta
3451 1529 3642 1584 dimit-

2064 1620 2181 1666 tunt
2203 1618 2260 1665 ut
2287 1609 2459 1665 futura
2492 1612 2777 1684 accipiant.
2817 1612 2929 1667 Hoc
2955 1624 3038 1668 est
3065 1613 3378 1672 collectione
3409 1620 3632 1676 melius:

2061 1703 2130 1756 ita
2157 1701 2298 1758 enim
2319 1703 2625 1772 dispergere
2645 1704 2812 1759 multo
2838 1704 3030 1760 melius
3050 1713 3152 1773 est,
3175 1721 3332 1776 quam
3361 1710 3634 1781 colligere.

2065 1793 2450 1864 Disperguntur
2477 1795 2715 1864 pecuniae
2736 1835 2750 1860 ,
2782 1804 2836 1849 et
2864 1795 3134 1866 colligitur
3157 1797 3360 1868 justitia
3395 1801 3640 1872 :disper-

2059 1893 2399 1956 gunturqnzn
2446 1900 2548 1939 non
2593 1897 2842 1954 manent,
2873 1897 2929 1941 ut
2967 1889 3306 1958 acquirautur
3347 1896 3636 1951 manentia.

2062 1977 2175 2033 Hoc
2211 1977 2382 2048 ipsum
2428 1978 2623 2032 faciunt
2665 1979 2822 2034 etiam
2852 1981 3120 2050 agricolas.
3168 1981 3272 2038 Sed
3321 1985 3393 2040 illi
3423 1987 3640 2058 quidem

2063 2085 2156 2139 pro
2195 2070 2413 2155 incertis
2443 2088 2457 2134 ;
2488 2080 2569 2125 est
2597 2072 2737 2126 enim
2770 2081 2908 2126 terra
2936 2090 3056 2143 qua:
3093 2077 3350 2148 suscipit:
3383 2087 3437 2135 tu
3459 2092 3640 2137 autem

2063 2161 2114 2214 in
2144 2177 2299 2216 manu
2333 2162 2445 2226 Dei,
2472 2163 2608 2217 unde
2632 2163 2741 2218 fieri
2770 2179 2874 2218 non
2901 2174 3073 2234 potest
3097 2179 3152 2222 ut
3178 2169 3388 2238 perdas.
3414 2171 3643 2239 Quando

2061 2268 2186 2322 ergo
2214 2254 2408 2308 videris
2439 2269 2624 2308 aurum
2666 2270 2786 2311 esse
2830 2257 3112 2326 pulchrum
3139 2302 3152 2325 ,
3174 2243 3228 2315 et
3252 2263 3451 2319 veritus
3480 2264 3640 2322 fueris

2063 2344 2112 2397 id
2142 2344 2335 2413 ejicere
2355 2388 2369 2411 ,
2402 2347 2617 2401 veniant
2669 2347 2762 2402 tibi
2789 2348 2840 2402 in
2871 2359 3103 2405 mentem
3147 2352 3180 2406 ii
3212 2355 3300 2424 qui
3331 2357 3594 2412 seminam
3621 2401 3637 2422 ,

2063 2433 2094 2487 ii
2125 2435 2212 2502 qui
2253 2432 2602 2503 (teucrantur,
2628 2437 2660 2490 ii
2691 2438 2780 2507 qui
2805 2450 3131 2494 mercaturas
3161 2455 3412 2500 exercent
3438 2487 3451 2509 ,
3481 2447 3568 2517 qui
3608 2465 3639 2502 a

2061 2533 2270 2593 sumptu
2291 2535 2343 2578 et
2372 2525 2625 2594 impensis
2647 2527 2900 2596 incipiunt
2927 2570 2939 2593 ,
2971 2543 3090 2583 cum
3123 2539 3296 2586 tamen
3329 2533 3549 2590 incertis
3577 2551 3644 2591 ea

2061 2613 2220 2668 rebus
2245 2616 2604 2670 committant:
2631 2632 2750 2670 nam
2768 2627 2821 2672 et
2847 2619 3035 2674 fluctus
3061 2631 3114 2674 et
3136 2631 3289 2676 terrae
3307 2624 3474 2690 sinus,
3491 2626 3638 2681 debi-

2061 2711 2342 2775 torumque
2367 2707 2700 2777 syngraphae,
2733 2709 2908 2763 omnia
2938 2722 3059 2765 sunt
3081 2713 3300 2766 incerta.
3320 2714 3472 2786 Smpe
3492 2719 3636 2773 enim

2063 2796 2112 2850 in
2161 2806 2304 2850 sorte
2352 2797 2601 2851 damnum
2655 2809 2974 2869 accept-runt
3011 2801 3403 2859 faeneratores:
3447 2807 3640 2862 uelum

2059 2897 2235 2940 autem
2264 2887 2349 2956 qui
2372 2887 2497 2941 colit
2520 2888 2770 2958 agricola,
2787 2889 2911 2943 nihil
2938 2889 3126 2945 horum
3152 2894 3352 2960 metuit,
3378 2895 3470 2951 scd
3492 2909 3544 2952 et
3570 2897 3641 2954 de

2061 2985 2204 3031 sorte
2224 3019 2240 3042 ,
2271 2986 2325 3032 ct
2352 2977 2419 3032 de
2461 2977 2665 3034 rectiore
2693 2988 2869 3048 potest
2911 2995 3031 3036 esse
3056 2996 3274 3038 securus
3294 3023 3310 3050 ,
3347 2986 3391 3040 si
3419 2986 3521 3042 hoc
3549 2989 3636 3044 di-

2059 3068 2287 3122 cenzlum
2326 3070 2395 3124 sit
2438 3068 2612 3124 fmnus
2650 3079 2706 3126 et
2729 3087 2833 3125 non
2878 3083 3023 3128 sorte
3051 3073 3206 3143 longe
3232 3077 3478 3147 amplius.
3510 3079 3645 3138 Sors

2060 3159 2204 3214 enim
2231 3169 2314 3214 est
2359 3161 2618 3230 pecunia;
2666 3161 2839 3217 {tenus
2875 3172 3051 3218 autem
3097 3180 3316 3236 regnum
3363 3170 3636 3226 ca-lorum.

2065 3249 2251 3304 Vidisti
2296 3259 2534 3305 naturam
2582 3252 2792 3319 mutui,
2842 3255 2983 3324 quod
3025 3253 3184 3311 habet
3228 3260 3457 3315 usuram'
3492 3271 3643 3320 sorte

2063 3340 2216 3411 longe
2261 3341 2562 3412 majOrem?
2590 3342 2657 3398 Et
2686 3343 2800 3400 haec
2837 3345 3051 3415 quidem
3100 3348 3151 3400 in
3183 3349 3360 3405 futuro
3385 3369 3400 3406 :
3423 3353 3473 3407 in
3507 3370 3642 3423 prte-

2060 3435 2194 3488 scnti
2223 3443 2398 3518 autem
2429 3450 2673 3506 magnam
2694 3438 2996 3493 libertatem
3021 3444 3384 3512 consequeris,
3418 3445 3524 3500 eris
3552 3462 3640 3502 re-

2063 3537 2240 3582 motus
2285 3527 2353 3580 ab
2391 3528 2640 3583 omnibus
2685 3529 2890 3584 insidiis
2914 3571 2929 3598 ,
2964 3531 3406 3589 calumniatorum
3431 3543 3485 3590 et
3515 3538 3641 3591 insi-

2061 3621 2325 3678 diatorum
2369 3623 2714 3692 cupiditatem
2760 3624 3104 3695 exstingues;
3135 3626 3280 3681 vives
3311 3643 3498 3684 secure
3530 3638 3640 3684 toto

2035 3737 2040 3740 -
2064 3713 2183 3766 vita:
2217 3721 2476 3782 tempore,
2507 3723 2563 3768 ut
2585 3714 2676 3783 qui
2696 3729 2792 3770 nec
2817 3715 3029 3785 angoris
3058 3717 3416 3774 sollicitudine
3443 3719 3510 3775 de
3537 3721 3640 3776 tuis

2063 3807 2235 3870 bonis,
2255 3816 2309 3861 et
2327 3822 2420 3875 spe
2443 3808 2735 3862 futurorum
2759 3808 3016 3864 bonorum
3053 3810 3292 3880 erigaris.
3323 3811 3494 3867 Cornu
3532 3816 3644 3887 ejus

2063 3899 2361 3952 multabitur
2408 3901 2460 3952 in
2513 3900 2695 3970 gloria.
2726 3900 2877 3965 Quod
2907 3910 2991 3956 est
3033 3903 3260 3958 maxime
3286 3907 3640 3975 expetendum

2065 3990 2386 4053 hominibus,
2405 3990 2506 4046 hoc
2535 3992 2680 4060 ponit
2701 3992 2933 4056 assidue,
2957 3991 3296 4060 splendorem
3318 4005 3371 4050 et
3395 3997 3642 4066 gloriam,

2066 4100 2180 4152 qum
2219 4091 2270 4136 et
2297 4083 2404 4136 illic
2439 4097 2532 4136 eos
2561 4083 2789 4150 excipiet
2809 4123 2823 4145 ,
2851 4089 2905 4138 et
2935 4084 3020 4136 hic
3058 4084 3136 4137 eis
3156 4084 3327 4140 aderit
3352 4088 3561 4144 abunde
3590 4100 3648 4145 et

2062 4177 2298 4243 largiter.
2338 4173 2510 4228 Nemo
2557 4181 2638 4229 est
2663 4173 2803 4227 enim
2834 4173 2970 4229 adeo
2999 4173 3175 4228 clarus
3221 4184 3275 4228 et
3304 4175 3554 4246 insignis,
3584 4190 3654 4235 ut

2067 4279 2388 4318 lttlSCl‘lCOl‘S.

2137 4358 2189 4412 6.
2217 4357 2280 4410 Et
2307 4356 2352 4411 si
2392 4357 2502 4423 vis,
2531 4356 2714 4426 accipe
2755 4369 2849 4410 eos
2875 4356 2962 4427 qui
3004 4355 3055 4411 in
3097 4356 3242 4412 circo
3263 4367 3318 4412 et
3343 4358 3394 4412 in
3422 4359 3642 4418 theatris

2068 4459 2267 4505 temere
2302 4464 2396 4504 sua
2440 4459 2766 4504 consumunt
2798 4466 2812 4504 :
2842 4449 2945 4504 duo
2983 4449 3034 4503 in
3065 4450 3296 4505 medium
3336 4453 3642 4509 misericor-

2067 4543 2189 4597 dem
2211 4583 2226 4606 ,
2257 4550 2311 4596 et
2353 4551 2480 4596 tunc
2508 4539 2712 4594 videbis
2739 4549 2969 4609 quantus
2997 4539 3065 4594 sit
3094 4541 3373 4612 utriusque
3401 4540 3604 4599 fructus
3627 4563 3644 4610 ;

2066 4634 2332 4705 quomodo
2357 4647 2478 4688 eum
2505 4631 2718 4702 quidem
2745 4634 2933 4686 omnes
2959 4639 3215 4701 perpetuo
3244 4631 3456 4687 laudant
3482 4635 3646 4688 etad-

2071 4725 2347 4790 mirantur,
2365 4737 2702 4777 communem
2723 4730 2925 4790 patrem
2942 4730 2997 4776 et
3019 4731 3226 4792 portum
3246 4711 3645 4782 existimantes:

2069 4817 2142 4870 illi
2173 4823 2349 4869 autem
2379 4829 2498 4868 cum
2529 4813 2618 4867 illa
2655 4813 2830 4866 solum
2857 4811 2944 4867 die
2974 4813 3278 4882 importuno
3313 4815 3540 4884 quodam
3590 4828 3645 4872 et

2073 4907 2356 4965 temerario
2403 4909 2603 4975 impetu
2651 4903 3048 4975 applanserint,
3083 4913 3263 4974 postea
3294 4907 3650 4961 criminantur

2071 5013 2121 5053 ιιι
2145 4997 2415 5053 crudelem
2431 5004 2485 5051 et
2505 4995 2871 5060 inhumanum,
2895 5005 2952 5050 ut
2977 4995 3150 5050 inanis
3171 4997 3354 5066 gloria:
3373 4997 3646 5066 cupidum,

2073 5099 2129 5145 ut
2153 5088 2575 5158 intemperantia:
2603 5087 2930 5156 ministrum,
2954 5097 3010 5142 ct
3033 5102 3246 5142 servum
3270 5088 3646 5157 improbitatis.

2071 5181 2174 5238 Sed
2202 5189 2258 5236 et
2301 5180 2347 5234 si
2391 5179 2444 5234 in
2488 5180 2835 5236 conventibus
2865 5178 3183 5248 quandoque
3222 5177 3290 5232 de
3318 5179 3478 5232 rebus
3504 5177 3652 5248 ejus-

2076 5271 2217 5327 modi
2271 5273 2462 5340 agitur,
2492 5271 2704 5326 illorum
2749 5269 2962 5341 quidem
3011 5277 3265 5322 notantur
3291 5279 3570 5338 sumptus,
3598 5281 3653 5326 et

2077 5363 2538 5434 reprehenduntur
2557 5355 2845 5436 impensa};
2881 5363 2979 5416 hos
3007 5368 3183 5416 autem
3213 5374 3373 5415 nemo
3411 5371 3493 5416 est
3519 5361 3654 5416 adeo

2143 5571 2157 5601 ι
2194 5575 2340 5630 θρίξ..
2372 5564 2560 5629 optimis
2592 5577 2704 5615 usus
2735 5567 2805 5613 est
2839 5559 3161 5630 dictionibus:
3197 5559 3286 5610 sed
3325 5560 3498 5613 melior
3526 5560 3656 5617 Editi

2081 5633 2229 5686 lectio
2254 5620 2345 5690 Est,
2370 5620 2655 5693 qhmluaxn
2681 5632 2843 5690 posset
2869 5626 3012 5676 etiam
3037 5620 3116 5675 illa
3139 5630 3287 5702 stare.
