4112 6208
484 245 591 301 29‘!

478 360 760 431 impudens
784 369 837 437 et
861 360 1155 415 sceleratus
1172 403 1188 426 ,
1219 362 1308 432 qui
1338 363 1546 419 etiamsi
1571 364 1640 420 sit
1661 365 1850 441 millies
1869 365 2062 423 crude3

479 454 544 507 lis
567 460 620 509 et
651 451 993 517 inlutmanus,
1024 468 1128 505 non
1161 453 1339 508 laudet
1365 455 1752 525 ctadmirctur.
1787 455 2063 526 Ejusmodi

473 547 620 599 enim
646 558 733 600 res
762 551 846 603 est
871 542 1071 610 virtus,
1099 555 1158 598 ut
1182 545 1346 600 etiam
1369 545 1439 600 ab
1460 546 1525 600 iis
1549 546 1640 614 qui
1670 545 1812 600 illam
1842 562 1947 602 non
1974 560 2062 603 se;

473 646 708 707 qountur
749 636 992 690 laudetur
1018 652 1033 689 :
1063 635 1508 706 quemadmodum
1544 636 1730 692 vitium
1779 638 1847 692 iis
1900 638 2063 693 etiam

471 727 561 796 qui
591 726 640 779 ei
670 735 795 780 sunt
820 725 1022 787 dediti.
1056 727 1128 780 sit
1154 740 1379 781 exosum
1405 734 1461 780 et
1508 726 1925 795 reprehensione
1951 727 2064 797 ple-

473 825 622 870 nttm.
654 815 834 886 itaque
856 817 975 871 illos
993 815 1205 886 quidem
1229 830 1330 871 nec
1356 816 1389 870 ii
1415 816 1506 886 qui
1527 817 1794 886 accipiunt
1814 818 2057 882 laudant,

471 907 821 973 meretrices,
853 907 1064 976 inquam
1090 932 1106 969 ι
1135 907 1333 977 auriga:
1360 948 1376 972 ,
1405 914 1461 961 et
1485 907 1764 963 saltatores
1785 949 1801 975 ,
1843 909 1935 964 sed
1966 924 2061 965 eos

467 1000 630 1054 etiam
656 999 988 1054 insectantur
1017 1015 1031 1051 :
1060 997 1200 1052 lumc
1229 1007 1406 1053 autem
1451 1002 1557 1053 non
1594 998 1768 1052 solum
1798 1014 2058 1070 pauperes

467 1090 557 1159 qui
583 1094 926 1160 acceperunt,
956 1087 1050 1142 sed
1083 1088 1117 1141 ii
1139 1087 1297 1142 etiam
1320 1087 1387 1149 ad
1409 1103 1544 1158 quos
1570 1087 1699 1142 nihil
1722 1089 1877 1142 rediit
1904 1104 1968 1144 ex
1996 1089 2059 1143 li-

470 1180 745 1235 beralitate
770 1192 957 1234 omnes
976 1177 1311 1234 tuiraluntnr
1330 1186 1384 1231 et
1412 1177 1682 1231 amabunt.
1707 1177 1794 1233 10.
1816 1176 2057 1232 Peccator

464 1270 646 1325 videbit
675 1280 722 1326 et
738 1274 994 1331 irascetur
1011 1268 1275 1324 :deutibus
1302 1269 1408 1323 suis
1431 1268 1607 1339 frontet
1634 1278 1681 1323 et
1709 1269 1941 1323 tabescet.
1958 1268 2058 1324 Ta-

465 1349 532 1417 lis
560 1377 646 1416 res
674 1370 760 1416 est
787 1360 991 1414 virtus:
1012 1358 1139 1414 vitio
1163 1358 1336 1429 gravis
1355 1368 1410 1414 et
1440 1359 1680 1413 molesta.
1701 1358 2056 1426 Quemadmo-

378 1510 391 1519 ο
461 1454 589 1506 dum
616 1451 757 1506 enim
788 1450 925 1521 ignis
950 1449 1197 1504 accendit
1228 1448 1432 1520 spinas,
1465 1448 1535 1503 ita
1566 1448 1723 1503 etiam
1756 1449 2053 1519 benignitas

358 1548 365 1559 '
461 1541 668 1600 feroces
692 1541 936 1597 homines
966 1541 1138 1595 irritat
1167 1557 1182 1593 :
1214 1524 1289 1595 ea‘
1306 1539 1448 1593 cnim
1492 1538 1702 1594 illorum
1742 1539 2051 1609 improbita-

461 1647 568 1689 tem
600 1631 944 1703 reprehendit
963 1643 1017 1686 et
1042 1640 1283 1686 accusat;
1312 1629 1418 1685 Sed
1469 1628 1590 1685 vide
1632 1646 1793 1698 eum,
1835 1647 1902 1686 ne
1929 1645 2049 1686 cum

461 1723 658 1778 Invidia
686 1721 902 1793 quidem
938 1721 1230 1776 extabcscit
1255 1761 1271 1787 ,
1299 1719 1496 1775 audere
1533 1735 1787 1776 accusare
1809 1761 1824 1788 ,
1856 1731 1909 1776 et
1935 1721 2050 1776 cla-

461 1814 579 1869 l'um
607 1814 815 1869 virtutis
849 1823 1123 1883 aspectum
1154 1810 1375 1875 intueri,
1403 1811 1498 1867 sed
1525 1812 1712 1867 mente
1739 1811 1953 1882 quidem
1982 1811 2046 1867 li-

460 1920 738 1977 quescere,
765 1914 821 1961 ct
842 1903 1091 1960 dentibus
1119 1902 1359 1959 dolorem
1384 1903 1688 1971 ostendere,
1713 1921 1819 1960 non
1849 1906 2048 1963 audere

458 2011 639 2073 ornem
660 1994 876 2051 verbum
901 1992 1161 2064 proferre,
1174 1994 1269 2050 sed
1301 2003 1502 2050 tantum
1523 1996 1641 2066 angi
1660 2004 1714 2050 et
1731 1997 2045 2053 excruciari;

543 2086 658 2141 l'itii
685 2085 911 2159 peditus;
939 2085 1137 2141 virtutis
1161 2085 1420 2154 splendor.
1443 2115 1515 2126 —
1542 2086 1671 2142 Tale
1697 2095 1780 2143 est
1795 2087 1937 2143 enim
1964 2088 2048 2143 vi-

467 2172 602 2231 lium
630 2176 876 2234 :etiamsi
897 2174 962 2230 ad
991 2175 1102 2245 ipsa
1137 2185 1343 2244 sceptra
1365 2175 1684 2244 ascenderit,
1715 2187 1771 2233 et
1783 2178 1931 2246 juxta
1953 2188 2045 2235 eos

456 2274 484 2324 δ
498 2270 684 2344 βιοιίι,
705 2282 933 2340 quorum
959 2276 1082 2322 sunt
1097 2269 1266 2339 capita
1281 2269 1454 2324 cincta
1478 2269 1797 2335 diademate.
1814 2281 1896 2328 est
1917 2286 2039 2327 om-

455 2361 601 2415 nium
622 2360 1053 2437 altjectissimnm,
1083 2368 1137 2414 et
1157 2360 1385 2416 maxime
1424 2360 1850 2432 formidolosum,
1880 2374 1933 2417 et
1969 2363 2043 2420 si-

454 2449 581 2507 inilc
606 2462 688 2508 est
706 2436 864 2506 alicui
882 2450 1122 2521 strepitni
1146 2465 1209 2506 ac
1225 2450 1490 2514 tumultui,
1508 2459 1564 2506 et
1582 2452 1712 2506 mari
1737 2452 2039 2519 insanienti,

453 2545 662 2601 btiamsi
685 2545 756 2599 sit
774 2545 1007 2599 maxima
1023 2544 1273 2613 stipatum
1294 2542 1529 2614 potentia
1551 2561 1565 2598 :
1588 2544 2036 2615 quemadmodum

454 2634 625 2691 Virtus
666 2650 700 2691 c
742 2635 1029 2691 contrario.
1058 2618 1190 2689 Nam
1237 2634 1361 2690 licet
1389 2634 1455 2689 ad
1496 2644 1789 2691 extremam
1820 2635 2033 2693 redacta

453 2729 524 2782 sit
552 2728 801 2798 inopiam,
836 2737 889 2781 et
913 2727 984 2781 sit
1011 2725 1064 2780 in
1095 2727 1208 2796 ipso
1236 2740 1482 2794 carcere,
1513 2735 1596 2781 est
1624 2727 1837 2797 regibus
1863 2728 2044 2798 splen-

452 2818 650 2886 tlidior,
676 2831 971 2889 magnaque
994 2817 1182 2872 fruitur
1205 2818 1513 2883 securitate,
1535 2832 1599 2872 ac
1622 2817 1773 2871 sedet
1803 2818 1855 2872 in
1886 2828 2039 2888 portu

452 2910 615 2965 nullis
660 2908 858 2980 agitato
888 2908 1163 2973 ductibus;
1196 2923 1303 2961 nou
1360 2907 1518 2960 modo
1554 2907 1686 2963 nihil
1731 2909 1937 2977 patiens
1971 2910 2041 2964 ab

354 3062 363 3070 ,
452 2999 731 3072 improbis,
748 3000 843 3054 sed
864 2999 945 3054 vel
974 2999 1087 3068 ipso
1105 2998 1319 3054 silentio
1342 2996 1522 3052 ulcisci
1538 3008 1724 3068 potens
1742 2996 2035 3067 improbos,

449 3106 505 3148 et
554 3093 625 3148 de
675 3092 1010 3164 improbitate
1057 3101 1327 3145 extremas
1377 3104 1563 3161 pinnas
1614 3089 1852 3161 exigens.
1899 3090 2038 3159 Quid

462 3185 605 3239 enim
636 3163 884 3238 miscrius
912 3163 1126 3236 homine
1154 3196 1276 3236 esse
1319 3186 1528 3250 potest,
1556 3176 1653 3251 qui
1677 3181 1798 3235 vivit
1836 3181 1888 3236 in
1914 3196 2037 3237 sce-

400 3296 405 3301 ’
452 3274 585 3340 lere,
615 3273 827 3344 quando
859 3282 1207 3343 pnetcrqnattt
1230 3270 1371 3341 quod
1408 3269 1608 3326 serbiat
1630 3264 1899 3343 pecuniis,
1931 3287 2038 3327 cte-

450 3374 791 3437 lcrqrnmque
821 3363 1030 3419 laudem
1056 3378 1204 3417 suam
1236 3377 1446 3433 pinnam
1468 3362 1734 3417 existimat
1752 3403 1770 3430 ,
1792 3372 1846 3418 et
1866 3364 1979 3434 ipse
2003 3379 2035 3419 a

450 3458 631 3530 Ieipso
657 3457 847 3526 supplit
864 3456 971 3511 ium
999 3455 1189 3525 exigit,
1218 3469 1369 3508 suam
1391 3453 1769 3509 conscientiam
1792 3453 1996 3508 lanians
2016 3494 2032 3520 ,

449 3558 688 3603 mentem
715 3544 1046 3609 excrucians,
1069 3556 1123 3599 et
1151 3545 1383 3614 seipsum
1414 3543 1516 3599 sibi
1546 3543 1847 3598 carniﬁcem
1878 3545 2031 3600 exhi-

453 3628 634 3693 bens?
662 3637 846 3691 Vidisti
878 3636 1085 3691 virtutis
1113 3635 1482 3690 excellentiam
1511 3642 1565 3691 et
1590 3634 1918 3705 potentiam?
1949 3635 2029 3691 vi-

450 3729 574 3784 disti
600 3722 1012 3784 imbecillitatem
1035 3735 1090 3782 et
1113 3726 1380 3782 miseriam
1407 3725 1695 3797 nequitiae?
1719 3725 1825 3782 Sed
1853 3742 1958 3782 non
1980 3727 2034 3782 in

453 3803 557 3876 hoc
581 3822 697 3877 solo
721 3821 837 3891 ejus
880 3819 1122 3874 consistit
1149 3818 1422 3874 calamitas
1445 3858 1460 3882 ,
1486 3817 1580 3873 sed
1610 3819 1770 3872 etiam
1817 3818 1868 3872 in
1915 3819 2035 3875 aliis

455 3917 731 3987 pluribus:
759 3914 899 3986 quod
938 3915 1108 3984 ipsutu
1147 3926 1356 3984 quoque
1382 3901 1685 3983 signiﬁcans
1722 3911 2032 3981 subiunxit,

452 4009 637 4063 dicens
663 4024 677 4062 :
705 3996 1018 4063 Desiderium
1045 4016 1363 4077 peccatorum
1392 4005 1586 4077 peribit.
1618 4005 1755 4074 Quid
1783 4016 1861 4061 est
1880 4046 1896 4072 ,
1930 4000 2033 4060 De-

450 4100 690 4154 silit-rium
725 4108 1045 4171 peccatorum
1078 4097 1299 4167 peribit?
1322 4096 1641 4167 Numquam,
1668 4096 1854 4166 inquit,
1887 4095 2033 4151 sisti-

454 4199 559 4245 tur.
589 4192 720 4261 Quia
742 4190 884 4246 enim
910 4206 971 4246 ea
1001 4204 1121 4260 qua:
1162 4188 1467 4254 desiderat,
1489 4199 1608 4243 sunt
1640 4186 1780 4242 ﬂuxa
1815 4197 1870 4243 ct
1894 4203 2028 4258 prm-

454 4274 822 4346 terrnrreutia,
844 4279 1166 4336 desiderium
1188 4294 1399 4349 quoque
1426 4293 1511 4333 res
1532 4279 1785 4342 imitatur,
1809 4288 1865 4332 ut
1891 4276 2031 4348 quod

451 4375 816 4444 exstinguatur
854 4380 908 4426 et
949 4378 1167 4440 pereat,
1195 4377 1252 4424 et
1294 4369 1488 4422 nullam
1536 4368 1767 4423 radicem
1818 4367 2029 4422 habeat.

450 4466 604 4537 Qitod
634 4468 677 4521 si
705 4467 822 4521 talis
846 4474 931 4520 est
952 4463 1041 4519 hic
1068 4461 1359 4532 peccatoris
1385 4469 1553 4514 Status
1569 4500 1583 4522 ,
1614 4460 1785 4530 cogita
1802 4473 2032 4530 quonam

454 4559 615 4615 modo
640 4572 699 4613 se
723 4556 938 4612 habebit
967 4557 1019 4610 in
1066 4554 1242 4608 lnturo
1270 4552 1486 4607 scecnlo.
1524 4551 1599 4606 Ne
1637 4550 1752 4605 haec
1780 4565 1907 4623 ergo
1936 4566 1995 4621 pe

454 4651 670 4711 tiamur,
700 4647 838 4702 hanc
867 4647 1005 4700 viam
1036 4643 1334 4715 fugiamus,
1365 4641 1509 4695 illam
1540 4641 1798 4711 eligamus
1823 4681 1837 4708 ,
1865 4641 1916 4694 in
1945 4639 2032 4695 iila

454 4750 711 4811 perpetuo
737 4738 1060 4809 gradiantur,
1092 4745 1200 4791 tuta
1220 4778 1236 4801 ,
1265 4733 1678 4803 inexpugnabili,
1705 4733 1854 4802 plena
1879 4733 2030 4787 volu-

453 4831 636 4904 piatis,
660 4846 779 4901 qua:
821 4828 1015 4885 referta
1043 4838 1123 4883 est
1143 4828 1344 4896 gloria,
1377 4842 1495 4896 qua:
1519 4826 1707 4879 czelum
1750 4824 1905 4878 nobis
1938 4839 2030 4878 ac-

450 4923 638 4995 quirit,
664 4937 779 4992 quae
812 4920 862 4974 in
888 4918 1136 4974 omnibus
1159 4918 1249 4973 Dei
1278 4917 1431 4972 nobis
1457 4917 1876 4973 benevolentiam
1904 4928 2032 4971 con-

450 5015 616 5081 ciiiat,
646 5028 767 5084 qua:
793 5010 918 5067 facit
960 5018 1018 5064 ut
1058 5008 1512 5081 philosophemur,
1545 5024 1660 5077 quae
1691 5019 1764 5061 tot
1807 5019 1860 5063 et
1889 5016 2030 5062 tanta

454 5109 507 5164 in
534 5121 593 5162 se
623 5105 758 5161 bona
784 5103 1017 5159 continet
1036 5144 1051 5167 ,
1081 5112 1274 5172 quanta
1323 5117 1391 5156 ne
1429 5103 1600 5155 oratio
1624 5095 1838 5171 quidem
1864 5102 2031 5170 expli-

448 5213 573 5255 care
594 5199 788 5270 poterit
812 5214 827 5250 :
859 5211 978 5267 qua:
1000 5194 1158 5250 detur
1185 5194 1430 5249 omnibus
1458 5193 1611 5248 nobis
1631 5195 1886 5263 consequi
1911 5208 2031 5264 gra-

449 5299 520 5346 tia
544 5301 601 5346 et
629 5285 1022 5350 misericordia,
1046 5294 1150 5339 etc.
1220 5328 1225 5331 _

552 5471 559 5485 ι
926 5396 992 5453 IN
1032 5388 1351 5452 l'SALMUM
1389 5392 1545 5448 CXlI.

449 5493 499 5550 l.
546 5481 792 5556 Laudate,
825 5490 990 5560 pueri,
1030 5487 1325 5550 Dominum,
1366 5485 1569 5539 laudate
1594 5499 1774 5538 nomen
1802 5481 2025 5538 Domini.

519 5598 569 5659 ζ.
600 5605 737 5659 Laus
783 5603 879 5658 Dei
921 5602 1042 5674 quid
1086 5599 1392 5671 diﬁcaltatis
1422 5596 1635 5662 habeat;
1686 5612 1866 5651 nomen
1921 5595 2028 5650 Do-

450 5694 571 5753 ὣξῆ
619 5710 706 5771 per
753 5697 842 5752 nos
889 5706 941 5749 ut
978 5693 1386 5767 gloriandum.
1447 5721 1515 5733 -
1560 5690 1735 5747 Multa:
1778 5689 1834 5745 in
1872 5687 2020 5747 Scri-

1190 246 1246 304 S.
1286 247 1568 306 JUANNlS
1602 249 2081 313 CHRYSOSTUMI
2118 252 2437 314 ARCiliEPs
2477 256 3018 319 CONSTANTINOP.

1586 332 1640 420 iit
1661 365 1850 441 millies
1869 365 2062 423 crude;
2136 369 2344 443 ‘pturis
2417 370 2718 443 huiusmodi
2788 374 2973 433 laudes
3041 368 3532 448 cqmmemerantnr
3586 398 3599 437 :

3657 274 3762 333 suo

2174 397 2344 439 pturts
2417 397 2718 443 IIUJIISIIIUUI
2788 397 2973 433 tauues
3041 397 3532 448 commemorantur
3586 398 3599 437 2
3651 397 3757 442 tml

2167 469 2251 515 est
2292 462 2434 517 enim
2478 462 2604 534 quid
2657 464 2773 521 leve
2801 507 2816 529 ,
2889 456 2985 523 sed
3057 468 3375 526 sacriﬁcium
3437 475 3704 543 quoddam
3738 508 3754 540 ι

2168 551 2226 607 et
2279 552 2480 637 oblatio
2533 554 2883 628 Deoaccepta
2933 577 2949 612 :
2993 558 3511 628 Sacri/iciuntenim,
3564 566 3755 637 inquit,

2166 639 2337 700 laudis
2387 644 2694 717 gloriﬁcabit
2744 664 2824 704 me
2880 648 3056 720 (Psal.
3106 653 3199 708 ‘49.
3251 640 3366 725 23).-
3424 656 3490 712 Et
3521 672 3752 715 rursus:

2166 733 2408 791 Laudabo
2454 754 2635 793 nomen
2683 737 2778 794 Dei
2821 743 2922 797 mei
2968 759 3086 797 cum
3129 747 3325 801 cantico
3350 788 3366 812 ,
3414 752 3755 821 magniﬁcabo

2162 826 2331 896 ipsum
2359 829 2410 883 in
2441 822 2593 884 laude
2617 847 2637 884 ι
2665 831 2713 885 el
2752 821 2964 901 placebit
2999 833 3111 890 Deo
3150 852 3303 905 super
3333 829 3542 893 vitulum
3579 852 3754 896 novet-

2165 917 2296 982 lum,
2347 934 2543 974 cornua
2581 921 2938 998 producenlem
2976 921 3024 979 ét
3061 926 3281 997 ungulas
3314 929 3342 998 λ
3372 918 3512 983 Psal.
3542 929 3629 985 68.
3658 930 3751 987 διδ

2163 1005 2277 1076 3‘2).
2306 1006 2454 1064 Sacri
2504 1025 2719 1081 quoque
2766 997 2884 1067 libri
2936 1013 2989 1068 id
3032 1015 3175 1085 sape
3217 997 3550 1089 pracipiunt,
3579 1016 3633 1075 ei
3659 1024 3752 1089 qui

2160 1104 2461 1163 servantur,
2506 1114 2603 1169 pro
2646 1100 2852 1172 magnis
2885 1101 3171 1172 gratiarum
3209 1107 3504 1162 ac:io:tihus
3539 1108 3591 1164 id
3617 1112 3751 1168 olle-

2159 1195 2302 1242 runt.
2350 1188 2417 1243 Et
2438 1205 2724 1261 quamnam
2755 1192 2936 1258 habet,
2964 1194 3192 1265 inquies,
3222 1198 3324 1254 hoc
3347 1194 3749 1258 difﬁcultatem?

2156 1280 2241 1334 cui
2271 1289 2447 1334 autem
2476 1282 2559 1336 vel
2595 1281 2812 1338 humilis
2851 1284 3156 1361 etabjecta:
3180 1285 3500 1347 conditionis
3526 1287 3577 1346 id
3610 1299 3748 1363 [ima

2157 1376 2319 1437 stare,
2346 1382 2402 1427 et
2444 1372 2614 1430 Deum
2646 1375 2862 1432 laudare
2888 1392 2995 1433 non
3021 1389 3103 1434 est
3130 1381 3329 1437 facile?
3373 1382 3431 1440 Si
3476 1401 3589 1441 rem
3623 1376 3748 1442 dili-

2154 1469 2343 1531 genter
2373 1467 2428 1518 ιιι
2455 1474 2641 1521 exacte
2682 1465 2954 1530 didiceris,
3000 1468 3206 1526 videbis
3233 1484 3286 1526 et
3310 1472 3543 1529 laborem
3572 1477 3661 1547 qui
3694 1479 3748 1532 in

2154 1567 2214 1606 re
2241 1552 2400 1615 inest,
2441 1563 2495 1608 et
2545 1555 2748 1611 lucrum
2793 1558 2932 1627 quod
2961 1574 3026 1613 ex
3056 1574 3116 1615 ea
3147 1562 3453 1633 percipitur.
3502 1566 3744 1623 Primum

2154 1645 2367 1715 quidem
2405 1645 2518 1702 haec
2543 1637 2659 1703 laus
2685 1663 2713 1701 a
2737 1649 2896 1718 jnstis
2922 1652 3233 1722 requiritur,
3260 1663 3315 1711 et
3340 1664 3554 1727 oportet
3573 1660 3737 1715 vitam

2159 1739 2305 1808 prius
2344 1749 2492 1797 recte
2530 1740 2933 1807 institucutem,
2978 1743 3209 1815 hymnos
3252 1747 3324 1802 ita
3372 1749 3480 1805 Deo
3525 1758 3743 1808 caneret

2154 1827 2277 1884 Non
2306 1839 2381 1886 est
2425 1831 2561 1885 enim
2604 1832 2821 1904 pulchra
2863 1820 2974 1889 laus
3011 1834 3063 1888 in
3099 1852 3186 1891 ore
3216 1841 3493 1908 peccatoris
3532 1832 3737 1915 (Eccli.

2152 1925 2240 1980 15.
2272 1923 2352 1997 9).
2402 1923 2650 1983 Secundo
2675 1942 2779 1983 non
2807 1929 2983 1986 verbis
3006 1930 3203 1998 solum,
3251 1931 3346 1988 sed
3387 1932 3547 1989 etiam
3589 1934 3743 1992 lactis

2150 2015 2367 2074 laudare
2407 2027 2638 2090 oportet,
2689 2028 2744 2075 et
2788 2021 2922 2076 hanc
2967 2021 3175 2078 laudent
3214 2022 3353 2079 Deus
3399 2026 3631 2082 maxime
3659 2041 3744 2082 re-

2147 2109 2330 2180 quirit,
2369 2107 2508 2165 hanc
2549 2110 2772 2181 gloriam
2801 2129 2816 2167 :
2845 2110 3034 2167 Luccat
3071 2113 3237 2180 enim,
3283 2114 3480 2185 inquit,
3526 2117 3618 2171 lux
3657 2134 3740 2173 tte-'-

2147 2211 2254 2256 stra
2290 2217 2463 2257 coram
2495 2201 2801 2270 hominibus,
2845 2213 2898 2256 ut
2937 2203 3138 2260 videant
3177 2221 3331 2276 opera
3377 2216 3539 2261 uestra
3574 2206 3730 2273 bona,

2150 2303 2197 2349 et
2245 2294 2528 2365 gloriﬁcent
2554 2293 2763 2348 Patrem
2812 2304 3032 2350 vestrum
3059 2296 3145 2367 qui
3169 2306 3244 2351 est
3269 2297 3322 2353 in
3350 2298 3487 2353 caelis
3516 2284 3737 2371 (blattis.

2145 2384 2203 2440 5.
2250 2385 2362 2456 16)ι
2408 2384 2483 2441 Ita
2529 2384 2746 2441 laudant
2791 2385 3100 2442 Cherubim.
3147 2387 3409 2455 Quocirca
3473 2390 3736 2460 propheta

2149 2491 2363 2548 quoque
2401 2491 2522 2531 cum
2553 2476 2697 2532 illam
2721 2477 2995 2549 mysticam
3026 2477 3260 2533 audisset
3287 2479 3593 2548 melodiam,
3650 2496 3741 2535 sc-

2144 2568 2315 2637 ipsum
2358 2569 2613 2625 miserum
2670 2569 2922 2640 pradicat
2964 2569 3148 2627 dicens
3197 2586 3212 2625 :
3265 2554 3367 2626 Hei
3407 2572 3553 2640 mihi,
3598 2570 3739 2646 quod

2145 2660 2294 2716 homo
2320 2676 2453 2727 sunt,
2502 2663 2705 2727 impura
2741 2662 2927 2717 habens
2963 2660 3120 2729 labia,
3164 2672 3211 2718 ct
3248 2664 3418 2719 habito
3463 2667 3518 2720 in
3570 2666 3739 2722 medio

2143 2753 2320 2823 populi
2357 2753 2560 2824 impura
2606 2752 2740 2807 labia
2782 2752 3010 2808 habentis
3077 2754 3096 2823 (
3118 2752 3247 2808 Isai.
3276 2754 3329 2809 6.
3357 2754 3453 2828 5).
3508 2757 3575 2811 Et
3616 2756 3738 2814 ideo

2141 2858 2262 2899 cum
2323 2844 2567 2914 pra'cipit
2612 2843 2797 2900 laudes
2840 2844 3056 2911 oﬂ'errc,
3104 2845 3285 2918 incipit
3313 2863 3341 2901 a
3373 2850 3737 2919 superioribus

2150 2935 2524 3004 potestatibus,
2577 2935 2657 2992 sic
2695 2936 2879 2991 dicens
2913 2955 2928 2992 :
2960 2935 3186 2993 Laudate
3228 2939 3503 2994 Dominam
3538 2941 3603 2997 de
3637 2958 3737 2997 ca.“
3782 2996 3801 3003 ,

2140 3026 2225 3092 lis,
2272 3024 2478 3081 laudate
2514 3042 2627 3081 eum
2665 3044 2836 3083 omnes
2864 3016 3034 3100 angeli
3064 3030 3176 3100 ejus
3220 3028 3386 3101 (Psal.
3419 3019 3542 3087 N8.
3573 3033 3624 3087 Ι.
3650 3032 3732 3102 2).

2139 3117 2360 3190 Oportet
2389 3118 2564 3188 itaque
2603 3118 2848 3190 angelum
2892 3119 3029 3187 ﬁeri,
3059 3130 3115 3176 et
3135 3121 3205 3175 ita
3233 3118 3469 3176 laudare.
3494 3122 3573 3179 Ne
3600 3129 3732 3194 ergo

2140 3209 2278 3266 hanc
2310 3208 2520 3265 laudem
2549 3225 2663 3266 rem
2698 3225 2821 3267 esse
2847 3211 3018 3267 levem
3045 3212 3412 3269 existimemus
3442 3231 3458 3270 :
3487 3214 3583 3271 sed
3607 3224 3733 3273 ante

2140 3316 2202 3357 os
2230 3311 2473 3357 nostrum
2502 3302 2610 3356 vita
2635 3311 2817 3358 nostra
2852 3302 3024 3373 ipsam
3066 3308 3244 3371 sonet,
3287 3314 3446 3376 atque
3473 3316 3597 3363 ante
3631 3308 3732 3362 lin-

2138 3406 2294 3462 gnam
2322 3393 2444 3447 vitae
2470 3392 2768 3449 institutum
2795 3393 3011 3449 clamet.
3041 3393 3114 3448 lta
3136 3395 3350 3465 quidem
3380 3398 3461 3452 vel
3492 3405 3730 3455 tacentes

2141 3482 2305 3537 Deum
2351 3481 2569 3538 laudare
2610 3497 2938 3551 possumus:
2972 3484 3040 3538 ita
3085 3485 3245 3540 etiam
3286 3486 3563 3556 loquentes
3602 3491 3732 3547 etle-

2140 3582 2260 3627 ntus
2289 3571 2704 3645 modulationem
2736 3573 2856 3627 vita:
2883 3575 3311 3631 convenientem.
3355 3576 3472 3632 Non
3502 3577 3603 3636 hoe
3631 3594 3729 3635 au-

2139 3673 2247 3719 tem
2293 3663 2465 3719 solum
2509 3675 2576 3719 es
2605 3663 2819 3719 Pssimo
2858 3664 3040 3722 dicere
3083 3683 3389 3738 possumus,
3441 3670 3537 3726 sed
3563 3673 3722 3727 etiam

2138 3755 2280 3827 quod
2310 3770 2498 3812 omnes
2524 3756 2685 3811 ducat
2709 3755 2775 3811 ad
2805 3757 3201 3829 symphoniam,
3247 3770 3302 3815 et
3335 3760 3558 3817 chorum
3589 3763 3727 3819 inte-

2141 3864 2295 3920 grum
2358 3857 2577 3904 statuat;
2650 3848 2765 3904 Non
2814 3850 2955 3905 enim
3004 3867 3166 3908 unum
3208 3862 3409 3909 tantum
3456 3866 3547 3911 aut
3587 3856 3724 3912 duos

2136 3939 2443 4009 alloquitur,
2484 3938 2579 3994 sed
2625 3940 2925 3996 universum
2968 3942 3242 4013 populum.
3284 3943 3345 3998 Et
3370 3947 3719 4014 quemadmo-

2135 4036 2263 4085 dum
2310 4029 2549 4085 Christus
2592 4045 2693 4085 nos
2726 4029 2997 4087 deducens
3044 4031 3113 4088 ad
3160 4034 3435 4089 caritatem
3493 4045 3550 4092 et
3595 4053 3726 4092 eon-

2137 4121 2372 4177 cordiam
2399 4162 2415 4184 ,
2463 4121 2613 4191 jubet
2676 4132 2987 4177 coinmunes
3039 4137 3224 4193 preces
3292 4125 3471 4182 oﬂ‘crri
3497 4165 3512 4190 ,
3547 4137 3603 4182 ct
3657 4129 3723 4181 ab

2139 4212 2387 4266 universa
2439 4211 2671 4266 Ecclesia
2722 4221 2990 4281 tamquam
3047 4210 3115 4268 ab
3154 4230 3255 4269 una
3300 4231 3522 4284 persona
3567 4218 3670 4271 dici
3700 4257 3716 4281 ,

2140 4300 2295 4357 Pater
2342 4311 2510 4356 noster
2552 4317 2574 4358 :
2621 4312 2711 4364 et,
2758 4300 2949 4357 Panem
2992 4310 3219 4367 nostrum
3263 4307 3611 4375 quotidianum
3654 4309 3721 4361 da

2138 4395 2281 4449 nobis
2331 4394 2481 4449 hodie
2509 4410 2527 4447 :
2558 4404 2606 4449 et
2631 4434 2648 4461 ,
2698 4392 2906 4448 Dimitte
2959 4395 3100 4448 nobis
3141 4395 3306 4450 debita
3347 4407 3536 4463 nostra,
3589 4398 3720 4451 sicut

2136 4498 2185 4541 ρο
2229 4501 2319 4539 nos
2357 4484 2651 4539 dimittimus
2679 4500 2699 4540 :
2736 4495 2782 4538 et
2821 4501 2882 4538 ne
2908 4501 2997 4539 nos
3018 4486 3228 4539 inducas
3271 4488 3322 4541 iu
3368 4492 3715 4555 teutatiouem,

2136 4577 2226 4632 sed
2266 4576 2422 4630 libera
2473 4568 2564 4630 nos
2606 4592 2638 4628 a
2675 4574 2811 4630 malo
2840 4575 3050 4647 (Matth.
3096 4576 3150 4633 6.
3193 4575 3247 4631 9.
3292 4580 3374 4632 ll.
3427 4578 3516 4633 12.
3562 4580 3651 4647 l3)
3699 4596 3713 4632 :

2138 4668 2334 4737 ubique
2389 4675 2549 4722 utens
2595 4667 2782 4738 plurali
2828 4669 3070 4732 nomine,
3123 4677 3177 4722 ct
3229 4669 3542 4738 |‘l‘ll‘(‘i|lit‘lls
3598 4672 3717 4725 uui-

2137 4758 2348 4827 eniqne,
2393 4757 2506 4811 sive
2554 4757 2700 4810 solus
2740 4766 2878 4822 oret,
2919 4757 3032 4811 sive
3074 4771 3195 4812 cum
3224 4758 3363 4820 aliis,
3384 4773 3499 4828 _pro
3543 4758 3719 4813 fratri.-

2136 4847 2236 4903 bus
2277 4846 2473 4902 oll'erre
2521 4850 2816 4901 orationem
2857 4862 2872 4901 :
2925 4847 2996 4901 ita
3045 4848 3203 4902 etiam
3265 4848 3520 4918 propheta
3566 4859 3720 4904 vocat

2136 4952 2327 4993 omnes
2354 4937 2510 4992 simul
2539 4937 2604 4991 ad
2633 4948 2948 4992 concentum
2975 4938 3255 5005 orationis,
3287 4949 3341 4995 et
3368 4939 3497 4995 dicit
3538 4957 3551 4993 :
3582 4939 3719 4993 Lau-

2136 5030 2257 5083 date
2280 5043 2460 5081 nomen
2484 5025 2707 5081 Domini.
2728 5027 2864 5092 Quid
2895 5028 3052 5097 igitur
3077 5028 3177 5083 sibi
3206 5030 3315 5084 vult
3346 5029 3460 5086 hiec
3487 5030 3719 5108 adjeclio

2137 5117 2409 5174 nominis?
2452 5116 2676 5172 Maxime
2721 5117 2936 5185 quidem
2968 5119 3200 5184 explicat
3248 5120 3582 5176 ali'ectiouem
3637 5118 3720 5176 di-

2134 5212 2306 5265 centis
2355 5226 2369 5261 :
2417 5207 2680 5277 signiﬁcat
2731 5208 2891 5262 etiam
2942 5208 3140 5279 aliquid
3192 5211 3356 5265 aliud.
3413 5201 3717 5278 Qudnam?

2140 5301 2211 5359 Ut
2256 5317 2449 5356 mmen
2494 5300 2610 5369 ejus
2642 5315 2736 5370 per
2778 5315 2878 5355 nos
2924 5302 3269 5372 glorificetur.
3316 5312 3373 5358 ut
3415 5319 3481 5357 cx
3537 5313 3718 5359 nostra

2139 5408 2350 5464 quoque
2391 5392 2494 5445 vita
2548 5390 2792 5445 videatur
2829 5390 3143 5448 laudabile:
3189 5402 3273 5449 est
3315 5395 3456 5449 enim
3503 5394 3716 5464 quidem

2135 5496 2324 5539 natura
2377 5484 2481 5537 tale
2527 5498 2541 5535 :
2590 5481 2701 5535 vult
2747 5493 2924 5537 autem
2975 5476 3111 5539 hanc
3143 5499 3355 5554 quoque
3384 5482 3591 5538 laudem
3625 5498 3723 5555 per

2137 5586 2334 5632 rectam
2378 5584 2574 5630 nostra:
2617 5574 2740 5629 vitae
2792 5575 3178 5630 institutionem
3208 5575 3479 5629 illustrari.
3551 5570 3616 5629 Et
3663 5582 3722 5629 ut

2135 5667 2273 5724 scias
2322 5664 2392 5720 ita
2440 5678 2583 5732 esse,
2634 5664 2754 5721 vide
2799 5680 2916 5736 qtae
2969 5674 3400 5736 consequuntur;
3448 5664 3723 5737 subiungit
