4112 6208
302 313 402 378 Nil

303 439 443 491 enim
476 449 494 488 :
524 431 580 485 2.
607 430 688 485 Sit
716 443 894 482 nomen
915 419 1120 480 Domini
1147 421 1484 485 benedictum,
1513 437 1574 474 ea:
1602 420 1694 472 Itoc
1721 431 1874 486 nunc,

303 535 350 583 et
379 543 534 596 usque
559 526 612 578 in
641 519 1038 586 swcnlunt.0uiti
1063 517 1238 572 dicis?
1268 531 1372 569 non
1398 514 1497 568 erit
1523 513 1878 576 benedictum,

302 619 404 673 t‘tis;
447 627 502 671 tu
552 623 796 688 pret-atus
845 611 962 665 sis?
1001 608 1165 664 Vides
1214 623 1334 663 eum
1385 621 1488 660 non
1519 604 1698 659 dicere
1723 603 1790 656 de
1816 613 1880 656 ea

301 717 422 780 tina:
465 708 538 761 illi
564 705 716 759 adest
741 701 1134 764 benedictione,
1162 707 1216 752 et
1240 708 1324 753 est
1341 697 1457 765 ejus
1499 704 1701 750 natura:
1725 694 1879 747 attri-

303 803 452 864 buta,
486 797 579 852 sed
607 797 673 850 de
699 809 760 849 ea
788 803 902 862 qua
936 791 992 846 iit
1019 806 1111 860 per
1133 787 1407 842 homines?
1455 785 1648 840 Paulus
1666 796 1878 853 quoque

301 895 368 949 de
398 908 459 947 ea
487 888 728 946 scribens
756 888 886 942 dicit
915 903 929 939 :
965 884 1255 950 Glori/icate
1280 897 1394 934 vero
1416 877 1579 932 Deum
1597 878 1649 930 in
1673 889 1884 945 corpore

301 999 464 1040 uestro
506 992 550 1036 et
575 983 628 1035 in
665 981 846 1051 spiritu
885 987 1043 1030 testro
1083 975 1160 1043 (i.
1201 972 1317 1027 Cor.
1365 971 1418 1026 6.
1443 969 1558 1040 ‘20).
1610 969 1727 1038 ipse
1751 980 1879 1034 ergo

300 1087 386 1132 est
410 1076 567 1138 altus,
598 1082 654 1126 et
682 1085 901 1139 magnus
925 1079 978 1124 et
1008 1059 1283 1121 laudabilis
1312 1077 1407 1132 per
1431 1061 1666 1130 seipsum
1691 1075 1705 1123 ;
1741 1056 1880 1126 apud

303 1169 550 1225 homines
579 1167 756 1218 autem
789 1161 908 1216 talis
932 1172 1142 1230 quoque
1171 1157 1420 1220 efﬁcitur,
1471 1150 1686 1221 ‘luando
1713 1148 1800 1217 qui
1832 1147 1880 1200 ei

302 1259 564 1321 serviunt,
595 1255 752 1310 talem
781 1254 940 1307 vitam
967 1249 1326 1308 ostenderint,
1359 1256 1415 1298 ut
1441 1243 1762 1314 quicumque
1788 1254 1880 1293 eos

305 1351 508 1415 vident,
549 1345 790 1402 laudibus
833 1353 886 1399 et
931 1338 1386 1396 benedictionibus
1438 1334 1718 1388 Dominum
1763 1345 1884 1398 pro-

303 1451 616 1510 sequantur.
659 1438 769 1492 iiut:
817 1437 986 1505 ipsum
1031 1448 1128 1486 nos
1164 1443 1374 1501 quoque
1407 1427 1460 1481 in
1493 1423 1881 1493 precationibus

302 1531 460 1601 jussit
486 1528 740 1584 Dominus
767 1534 980 1594 semper
1017 1523 1196 1577 dicere
1219 1562 1232 1583 ,
1281 1526 1559 1588 precantes
1587 1534 1601 1570 :
1633 1515 1876 1583 Sanctiﬁ-

303 1633 442 1676 τειραν
488 1637 666 1675 nomen
704 1630 847 1671 tuum
899 1609 1109 1687 (Matth.
1140 1611 1174 1668 Β
1221 1612 1279 1678 9)
1311 1629 1324 1666 :
1360 1609 1460 1663 hoc
1490 1615 1590 1670 est,
1641 1607 1742 1661 Per
1785 1620 1880 1658 no-

303 1722 469 1767 stram
533 1717 742 1781 quoque
808 1708 970 1762 vitam
1030 1704 1367 1776 glorificetur.
1419 1697 1876 1767 Quemadmodum

304 1804 448 1858 enim
495 1802 619 1857 dum
658 1799 796 1855 tnaie
835 1798 1078 1858 vivimus,
1110 1794 1442 1849 contumeliis
1468 1800 1521 1846 et
1547 1789 1756 1861 probris
1796 1789 1876 1842 ai-

303 1893 478 1946 iicitur
508 1909 520 1944 :
555 1891 624 1944 ita
654 1889 780 1943 dum
814 1887 1018 1941 virtutis
1053 1897 1235 1941 curam
1259 1884 1513 1955 gerimus,
1557 1882 1722 1952 gloria
1763 1881 1877 1934 alii-

302 1985 461 2054 θεων,
489 1980 841 2043 benedicitur,
873 1987 927 2032 et
950 1975 1330 2032 sanetilicatur.
1375 1974 1526 2040 Quod
1569 1989 1698 2043 ergo
1725 1973 1874 2037 dicit,

301 2082 384 2128 est
427 2071 684 2142 ejusmodi
716 2089 729 2125 :
761 2060 865 2124 Fac
896 2079 952 2123 ιιι
980 2083 1079 2122 nos
1107 2079 1362 2138 perpetuo
1393 2075 1538 2120 recte
1580 2075 1634 2122 et
1679 2080 1744 2119 ex
1774 2065 1879 2117 vir-

301 2173 413 2220 tnte
458 2165 717 2228 vivamus,
781 2170 839 2216 nt
890 2163 959 2215 sit
1008 2174 1200 2214 nomen
1239 2167 1412 2212 tuum-
1439 2172 1535 2226 per
1576 2171 1674 2210 nos
1717 2157 1875 2209 etiam

299 2256 655 2311 benedictum.
711 2255 764 2308 5.
815 2253 859 2306 Α
887 2252 1006 2306 solis
1037 2260 1148 2304 ortu
1175 2263 1330 2319 usque
1357 2251 1422 2301 ad
1445 2265 1710 2313 occasum,
1761 2249 1876 2301 lan-

299 2348 465 2400 riabtie
516 2363 696 2399 nomen
744 2343 965 2396 Domini.
1018 2341 1180 2395 Vides
1230 2355 1356 2394 eum
1403 2353 1594 2392 novam
1645 2339 1878 2393 exordiri

300 2438 701 2506 rempublicam,
751 2444 806 2489 et
845 2435 1053 2504 aperire
1081 2432 1404 2486 nobilitatem
1431 2429 1718 2484 Ecclesiae?
1763 2429 1876 2482 Non

303 2529 528 2598 amplius
572 2529 714 2582 enim
761 2526 812 2578 in
870 2524 1148 2580 Palaestina
1190 2523 1381 2583 solum,
1435 2535 1537 2575 nec
1577 2521 1627 2573 in
1671 2519 1876 2587 .itnltea,

302 2621 396 2675 sed
424 2620 619 2688 ubique
646 2627 926 2672 terrarum.
957 2613 1180 2682 Quando
1213 2621 1389 2666 autem
1421 2612 1536 2665 haec
1563 2620 1876 2674 evenerunt,

302 2714 404 2766 nisi
447 2711 659 2781 quanio
703 2718 879 2763 nostra
906 2699 1180 2762 ﬂoruere?
1232 2704 1372 2760 Olim
1399 2704 1543 2758 enim
1572 2720 1672 2756 non
1705 2703 1878 2757 solum

301 2815 409 2858 non
436 2800 844 2856 benedicebatur
883 2799 934 2853 itt
966 2797 1264 2860 Palaestina,
1318 2796 1410 2849 sed
1441 2795 1598 2849 etiam
1628 2793 1878 2862 blasphe-

300 2893 564 2956 mabatur,
620 2901 673 2946 et
717 2888 1009 2943 maledictis
1044 2886 1406 2942 incessebatur
1431 2893 1646 2954 propter
1667 2883 1880 2940 Iuda-os

300 2985 390 3054 qui
434 2983 484 3036 in
531 2997 594 3036 ea
641 2980 966 3034 habitabant.
999 2976 1220 3048 Propter
1249 2993 1334 3030 vos
1359 2977 1526 3041 enim,
1560 2977 1749 3045 inquit,
1779 2993 1878 3030 no-

301 3087 412 3127 men
460 3087 626 3126 meum
673 3069 1046 3141 biant/tentatur
1088 3069 1217 3121 inter
1265 3075 1433 3137 gentes
1474 3066 1625 3140 (Isai.
1663 3065 1752 3124 52.
1794 3065 1872 3140 5).

300 3166 453 3220 Nu'nc
499 3176 674 3218 autem
714 3163 908 3232 ubique
950 3170 1213 3215 terrarum
1261 3159 1506 3214 laudibus
1553 3160 1875 3215 celebratur.

300 3257 451 3332 Quod
474 3255 685 3328 quidem
712 3255 844 3310 alius
866 3267 1076 3324 quoque
1104 3250 1357 3322 propheta
1383 3251 1704 3322 significans,
1728 3252 1878 3306 dlce-

301 3346 395 3402 bat
435 3364 450 3401 :
497 3345 771 3416 Apparebit
805 3343 1074 3410 Dominus,
1121 3352 1167 3396 ct
1205 3341 1376 3414 perdet
1413 3359 1584 3397 omnes
1612 3343 1730 3396 deos
1757 3353 1880 3413 gen-

301 3437 460 3502 tium,
504 3446 550 3490 et
588 3435 865 3489 adorabunt
892 3449 1009 3487 eum
1034 3433 1370 3502 unusquisque
1389 3433 1442 3485 in
1478 3433 1589 3487 loco
1627 3447 1717 3486 suo
1755 3427 1879 3500 (So-

301 3530 456 3598 phon.
484 3527 540 3581 2.
569 3528 680 3595 ii).
712 3527 778 3581 Et
801 3541 984 3580 rursus
1008 3525 1142 3580 alius
1172 3542 1184 3578 :
1213 3523 1348 3591 Quia
1383 3533 1430 3578 et
1468 3525 1520 3578 in
1559 3524 1702 3579 nobis
1736 3526 1878 3580 clauo

299 3619 479 3673 dentur
519 3626 693 3688 portae,
721 3627 768 3670 et
794 3632 894 3670 non
920 3616 1242 3669 succendetur
1276 3613 1437 3668 altare
1477 3631 1638 3668 meum
1672 3617 1831 3686 gratis
1857 3631 1878 3670 :

301 3711 534 3779 quoniam
559 3710 621 3762 ab
649 3723 764 3763 ortu
791 3709 911 3762 solis
937 3723 1092 3774 usque
1127 3708 1194 3760 ad
1239 3721 1469 3761 occasum
1505 3720 1683 3763 nomen
1711 3717 1880 3764 meum

301 3803 643 3874 glori/iculum
686 3809 758 3856 est
799 3802 852 3854 in
895 3799 1142 3871 gentibus,
1169 3809 1219 3854 et
1262 3800 1316 3853 in
1357 3801 1495 3855 omni
1531 3802 1638 3855 loco
1667 3801 1882 3869 oﬂ'ertur

302 3895 579 3966 thymiama
619 3893 811 3948 nomini
855 3908 986 3956 utea,
1031 3901 1077 3946 et
1121 3907 1306 3961 purum
1354 3892 1660 3961 sacriﬁcium
1701 3892 1876 3964 (Mat.

304 3981 368 4040 t.
407 3985 490 4041 to.
537 3985 646 4054 tt).

372 4097 429 4152 2.
470 4097 633 4152 Vides
660 4092 928 4167 quomodo
953 4107 1040 4148 res
1069 4091 1316 4148 Judaicas
1361 4093 1654 4156 contraxit,
1695 4101 1748 4146 et
1794 4107 1882 4146 re-

308 4189 523 4259 pressit,
569 4197 624 4242 et
669 4187 863 4256 ubique
891 4193 1154 4240 terrarum
1181 4183 1599 4238 ecclesiasticam
1628 4184 1749 4238 vita:
1771 4183 1884 4239 .l'or-

307 4290 449 4336 mam
475 4279 736 4345 dilatavit,
767 4287 823 4334 et
843 4279 1038 4333 cultum
1062 4277 1475 4347 praenuntiavit?
1503 4274 1886 4344 Qttienitttltmc

308 4375 436 4429 dicit
460 4373 736 4444 propheta,
765 4371 860 4426 fuit
884 4380 1003 4442 post
1027 4370 1253 4426 reditum
1275 4385 1339 4425 ex
1366 4368 1633 4440 Babylone
1658 4387 1670 4422 :
1695 4379 1748 4425 et
1767 4370 1885 4425 ideo

309 4466 425 4522 iure
456 4477 580 4522 tunc
601 4465 868 4536 praedixit,
927 4479 993 4518 ne
1035 4463 1274 4518 dicerent
1299 4461 1470 4516 Judmi
1495 4476 1616 4517 eum
1649 4463 1788 4532 loqui
1819 4463 1886 4517 de

309 4559 576 4614 conclusis
611 4557 740 4627 ipsis
792 4570 855 4610 ac
902 4554 1130 4609 desertis
1176 4553 1229 4608 in
1272 4553 1560 4625 Babylone.
1603 4554 1884 4625 Postquam

311 4653 454 4708 Enim
479 4651 573 4706 illa
602 4657 916 4712 cessassent,
942 4646 1108 4716 etipsi
1137 4645 1202 4700 ad
1233 4646 1463 4715 priorem
1487 4647 1684 4702 reversi
1707 4655 1885 4702 essent

311 4741 718 4811 mmpublicam,
747 4755 808 4794 ea
835 4739 962 4793 dicit
982 4737 1224 4808 angelus,
1249 4737 1556 4807 signiﬁcans
1575 4753 1758 4792 eorum
1789 4737 1888 4794 de-

313 4834 659 4888 vastatiunem
682 4845 800 4902 qua:
829 4829 924 4884 fuit
945 4839 1185 4899 tempore
1216 4828 1522 4898 Vespasiani
1549 4837 1603 4883 et
1623 4829 1748 4894 Titi,
1770 4837 1890 4897 post

313 4943 471 4997 quam
509 4941 614 4980 non
643 4924 744 4980 erit
767 4921 1021 4993 deinceps
1047 4921 1267 4976 mutatio
1306 4922 1448 4976 illius
1489 4922 1888 4977 devastationis.

315 5018 466 5073 illam
492 5017 638 5072 enim
661 5025 998 5085 consequuta:
1041 5023 1164 5068 sunt
1205 5027 1292 5069 res
1337 5007 1609 5068 Ecclesia.
1658 5010 1726 5068 Et
1767 5014 1890 5068 ideo

315 5109 466 5171 dicit,
501 5107 746 5179 Magnum
771 5124 951 5161 nomen
972 5120 1132 5160 meum
1156 5105 1208 5159 in
1235 5105 1502 5175 gentibus;
1531 5108 1629 5159 hoc
1654 5115 1754 5170 est,
1785 5105 1881 5160 be-

317 5201 609 5262 nedictum,
630 5215 722 5269 per
740 5200 927 5254 bonam
950 5198 1183 5265 ipsorum
1198 5199 1356 5250 vitam
1375 5197 1642 5251 laudatum
1669 5215 1683 5252 :
1703 5213 1891 5266 quem-
1916 5195 1924 5198 ’

318 5292 602 5348 admodum
647 5292 734 5347 hic
775 5305 986 5362 quoque
1011 5288 1175 5344 dicit:
1207 5287 1528 5344 Benedictum
1572 5305 1754 5343 nomen
1791 5287 1897 5343 Do-

321 5385 470 5440 mini.

393 5499 719 5572 Magniﬁcari
747 5509 833 5551 aut
861 5496 1082 5551 benedici
1109 5495 1270 5550 Deum
1299 5514 1331 5550 a
1363 5498 1503 5552 nobis
1549 5499 1684 5568 quod
1707 5500 1790 5553 sit.
1821 5529 1894 5542 —-

320 5595 376 5650 ὁ.
409 5593 652 5650 Excelsae
675 5609 824 5663 super
849 5608 1021 5646 omnes
1044 5600 1214 5660 gentes
1238 5590 1501 5647 Dominus.
1523 5593 1684 5649 Vides
1714 5610 1900 5651 rursus

317 5699 506 5759 gentes
533 5688 648 5760 ejus
687 5687 886 5744 cultum
925 5685 1212 5755 suscipere,
1261 5691 1314 5741 et
1352 5700 1457 5741 non
1507 5700 1664 5741 uuam
1693 5695 1893 5744 tantum

1435 300 1792 361 EXPOSITIO
1832 290 1894 354 ΙΝ
1927 297 2243 356 i-‘S.\LMUM
2278 300 2441 358 CXII.

3467 317 3568 374 309

1983 431 2074 476 aut
2108 422 2271 488 duas,
2314 433 2406 478 aut
2451 433 2597 490 tres,
2646 426 2738 482 sed
2765 442 3112 499 quaecumque
3161 439 3285 486 sunt
3340 433 3391 486 in
3435 435 3567 490 orbe

1985 517 2284 570 terrarum?
2328 517 2462 585 Quid
2514 528 2596 572 est
2650 517 2748 572 hac
2806 519 3080 587 prOphctia
3139 521 3378 576 clarius?
3419 524 3565 590 Quo-

1983 607 2142 660 modo
2171 617 2347 662 autem
2369 618 2452 664 est
2471 609 2710 663 excelsus
2732 625 2893 678 super
2921 603 3108 665 omnes
3138 615 3370 682 gentes?
3410 616 3564 681 Quo-

1981 699 2126 754 niam
2175 713 2297 754 eum
2329 701 2750 769 tnaguiiicamus,
2783 717 2886 755 non
2936 704 2984 757 ei
3023 705 3253 774 aliquam
3303 707 3561 762 addentes

1980 790 2351 846 aituudincm?
2369 790 2548 844 Absit:
2567 791 2659 846 sed
2677 790 3028 862 dogmatibus,
3047 797 3212 861 cuitu,
3228 797 3560 859 adoratione,

1983 893 2041 938 et
2085 885 2296 937 caeteris
2319 883 2599 947 omnibus;
2631 901 2732 939 non
2766 887 2958 956 aliquid
2995 886 3190 943 humile
3209 899 3263 943 et
3290 889 3556 958 abjectum
3635 951 3640 960 ι

1982 977 2050 1030 de
2077 989 2142 1030 eo
2165 977 2479 1044 cogitantes,
2506 986 2566 1030 ut
2593 975 2782 1042 Judaei,
2810 977 2901 1031 sed
2938 979 3106 1032 multo
3137 979 3334 1047 majora
3379 990 3434 1034 et
3476 981 3559 1034 al~

1987 1070 2144 1122 tiara.
2189 1067 2333 1122 Talis
2358 1079 2436 1122 est
2463 1068 2604 1122 enim
2651 1068 2765 1123 lucc
2795 1079 2973 1123 nostra
2999 1071 3304 1138 reipublicae
3332 1070 3504 1125 forma
3543 1089 3559 1126 :

1985 1167 2185 1227 quanto
2209 1159 2394 1212 crelum
2424 1165 2506 1212 est
2528 1168 2664 1213 terra
2695 1160 2872 1224 altius,
2898 1169 3044 1213 tanto
3075 1161 3188 1214 huic
3203 1161 3357 1215 altior
3373 1164 3558 1217 veteri.

1990 1249 2055 1303 Et
2103 1250 2222 1304 ideo
2245 1250 2374 1304 dicit
2397 1269 2409 1302 :
2439 1245 2683 1305 Excelsus
2707 1267 2860 1318 super
2885 1264 3056 1304 omnes
3081 1261 3247 1322 gentes
3289 1251 3560 1307 Dominus.

1987 1343 2193 1398 Etenim
2215 1354 2333 1397 cum
2355 1356 2475 1396 cum
2505 1356 2598 1410 per
2621 1343 2820 1396 cultum
2846 1341 3136 1396 attollimus
3156 1385 3170 1409 ,
3199 1342 3328 1396 illud
3353 1358 3562 1414 quoque

1986 1435 2205 1498 scimus,
2238 1449 2352 1487 nare
2379 1448 2497 1488 esse
2514 1434 2794 1486 humiliore
2819 1433 2976 1489 modo
3005 1434 3164 1502 dicta,
3189 1443 3244 1488 et
3261 1435 3327 1489 ad
3348 1444 3562 1504 captum

1981 1533 2221 1580 nostrum
2251 1523 2664 1578 accommodata.
2696 1523 2869 1591 Quare
2896 1525 2994 1580 etsi
3022 1525 3128 1580 sint
3155 1527 3206 1578 in
3231 1525 3380 1580 Novo
3405 1543 3561 1594 quam

1983 1619 2035 1672 in
2067 1618 2244 1674 Veteri
2277 1617 2484 1680 altiora,
2515 1625 2638 1672 sunt
2659 1626 2838 1678 tamen
2866 1616 2982 1684 ejus
3009 1617 3262 1687 dignitate
3290 1618 3446 1688 longe
3477 1619 3564 1672 in-

1981 1708 2195 1764 ieriora.
2216 1703 2284 1764 Et
2303 1710 2421 1763 ideo
2441 1709 2636 1763 Paulus
2661 1709 2936 1776 utriusque
2960 1707 3280 1778 cognitionis
3301 1709 3341 1771 ¹,
3371 1716 3423 1763 et
3440 1723 3560 1776 qua:

1982 1815 2123 1856 nunc
2149 1810 2251 1868 est,
2279 1809 2477 1871 etquae
2510 1809 2634 1854 tunc
2663 1801 2714 1854 in
2759 1797 2938 1854 futuro
2964 1800 3160 1854 sreculo
3206 1799 3376 1854 futura
3426 1809 3507 1854 est
3539 1842 3555 1866 ,

1980 1893 2334 1948 differentiam
2363 1891 2652 1946 ostendens
2677 1931 2690 1954 ,
2746 1890 2990 1946 dicebat:
3024 1890 3238 1956 Quando
3266 1907 3404 1944 erant
3433 1907 3557 1957 par-

1981 1985 2144 2049 cuius,
2176 1984 2428 2054 sapiebam
2457 1992 2512 2036 ut
2540 1982 2799 2052 parvulus,
2851 1981 3129 2052 cogitabant
3170 1991 3230 2034 ut
3271 1983 3510 2049 parvulus
3536 1997 3554 2034 :

1983 2078 2185 2146 quando
2214 2085 2380 2128 autem
2414 2075 2576 2144 {actus
2599 2090 2707 2128 sum
2731 2075 2826 2137 oir,
2851 2073 3088 2126 evacuavi
3117 2086 3230 2139 ante
3265 2079 3410 2124 erant
3431 2087 3553 2140 pare

1980 2169 2082 2222 tinti
2108 2168 2125 2237 (
2153 2168 2196 2220 l.
2223 2165 2341 2220 Cor.
2365 2167 2450 2221 i3.
2475 2163 2582 2236 ii).
2612 2165 2677 2219 Et
2703 2175 2907 2227 rursus,
2938 2156 3019 2216 Ex
3033 2172 3176 2232 parte
3189 2163 3554 2231 cognoscimus,

1983 2270 2030 2312 et
2053 2277 2113 2314 ea:
2142 2267 2284 2328 parte
2305 2257 2683 2328 prophetamus.
2732 2255 2798 2309 Et
2839 2255 3064 2308 videatut
3087 2271 3219 2309 nunc
3243 2255 3441 2324 quidem
3469 2271 3560 2324 per

1981 2349 2240 2420 speculum
2266 2348 2318 2401 in
2339 2348 2622 2416 (enigmata,
2650 2355 2766 2398 tunc
2787 2347 2948 2398 autem
2971 2344 3099 2414 facie
3115 2343 3182 2397 ad
3201 2345 3379 2414 facient
3395 2343 3553 2415 (Ibid.

1983 2441 2110 2494 v.9.
2139 2440 2246 2508 12).
2273 2439 2374 2493 Per
2424 2440 2538 2492 haec
2577 2437 2717 2492 enim
2763 2432 2997 2490 ostendit
3037 2434 3175 2489 hanc
3202 2435 3554 2505 cognitionem

1982 2534 2049 2586 ab
2079 2525 2163 2586 illa
2189 2541 2390 2586 tantum
2417 2531 2626 2592 abesse.
2659 2540 2912 2601 quantum
2964 2544 3095 2598 puer
3119 2545 3146 2582 a
3178 2528 3294 2584 viro
3323 2529 3410 2598 qui
3437 2545 3558 2596 per-

1981 2623 2128 2678 venit
2153 2622 2217 2676 ad
2250 2621 2534 2692 perfectam
2561 2629 2794 2675 tetatem.
2842 2619 3010 2690 Super
3049 2617 3200 2672 cwlos
3236 2617 3398 2687 gloria
3423 2618 3554 2687 ejus.

1981 2714 2241 2783 Quoniam
2272 2712 2404 2766 dixit
2440 2711 2510 2766 de
2545 2711 2704 2766 laude
2747 2717 2802 2764 et
2847 2709 3167 2765 exaltatione
3207 2723 3326 2778 qua:
3367 2707 3424 2761 iit
3465 2722 3558 2776 per

1983 2815 2184 2859 rectam
2215 2806 2334 2858 vitae
2362 2804 2610 2857 humana:
2639 2801 3046 2860 institutionem,
3077 2807 3132 2854 ct
3169 2798 3330 2852 [)t'um
3360 2797 3430 2850 ita
3463 2813 3558 2850 cx-

1983 2891 2186 2961 toliere,
2220 2895 2290 2950 ita
2321 2894 2568 2958 laudare,
2611 2893 2684 2946 ita
2721 2891 3059 2970 magniﬁcare
3096 2889 3403 2944 exhortatus
3435 2899 3514 2942 est
3536 2930 3551 2952 ,

1981 2990 2048 3044 ad
2097 2990 2353 3059 majorem
2387 2987 2634 3040 virtutem
2683 2985 2910 3040 incitans
2942 2982 3172 3036 ostendit
3211 2981 3424 3035 ubinam
3455 2979 3559 3034 hoc

1979 3083 2210 3136 maxime
2261 3079 2369 3134 ﬁat.
2401 3070 2627 3135 Ubinam
2672 3092 2800 3147 ergo
2851 3077 2951 3130 hoc
2981 3075 3080 3129 ﬁt?
3128 3074 3181 3127 ltt
3229 3074 3394 3129 caelis.
3446 3073 3558 3130 illic

1981 3176 2122 3229 enim
2151 3181 2234 3228 est
2279 3171 2395 3242 ejus
2437 3167 2622 3241 gloria.
2654 3167 2838 3238 Angeli
2879 3180 3106 3236 namque
3151 3180 3270 3219 eum
3322 3165 3560 3220 maxime

1920 3320 1921 3323 η
1979 3257 2298 3335 glorificant,
2340 3276 2445 3316 non
2484 3273 2548 3315 ex
2593 3273 2686 3315 sua
2732 3266 2914 3313 natura
2942 3257 3136 3318 solum,
3163 3255 3258 3310 sed
3288 3256 3445 3310 etiam
3490 3269 3558 3309 ex

1980 3353 2281 3411 obedientia
2321 3349 2595 3405 hominum
2638 3349 2830 3420 quibus
2859 3347 3199 3410 ministrant,
3231 3344 3558 3398 voluntatem

1980 3455 2037 3503 et
2078 3454 2341 3518 praecepta
2393 3443 2509 3512 ejus
2563 3448 2749 3496 exacte
2805 3439 3159 3508 perficientcs.
3208 3434 3333 3490 Ideo
3380 3435 3554 3500 dicit,

1981 3537 2220 3593 Potentes
2243 3536 2440 3600 virtute,
2470 3533 2707 3604 facientes
2726 3529 2928 3585 verbum
2949 3527 3057 3594 eius
3085 3526 3103 3589 (
3124 3525 3266 3580 Psat.
3296 3524 3417 3580 102.
3437 3524 3556 3593 20).

1982 3631 2270 3700 Propterea
2299 3627 2352 3684 in
2381 3624 2668 3695 evangeliis
2711 3635 2922 3692 quoque
2944 3619 3103 3690 jussit
3131 3618 3374 3674 Christus
3402 3630 3560 3672 orare

1982 3723 2256 3788 etdicere,
2287 3719 2407 3774 Fiat
2434 3718 2664 3772 voluntas
2687 3725 2794 3777 tua,
2827 3715 2954 3768 sicut
2977 3713 3028 3766 in
3051 3711 3196 3776 coelo,
3235 3720 3282 3764 et
3325 3713 3376 3764 in
3423 3719 3560 3762 terra

1984 3813 2206 3886 (Matth.
2237 3807 2424 3881 6.10).
2456 3807 2568 3863 Hoc
2613 3815 2714 3870 eSt,
2746 3801 3194 3874 quemadmodum
3220 3816 3341 3855 eum
3364 3799 3560 3854 sancti-

1983 3907 2142 3962 ﬁcnnt
2163 3903 2356 3974 angeli,
2383 3902 2450 3956 ab
2475 3900 2620 3955 omni
2649 3897 2862 3967 quidem
2892 3895 3020 3948 vitio
3048 3893 3277 3955 liberati,
3309 3892 3559 3946 virtutem

1982 4008 2159 4052 autem
2182 4003 2364 4051 exacte
2391 3998 2811 4061 persequentes:
2849 3987 2918 4038 ita
2946 3986 3104 4038 etiam
3133 3998 3232 4036 nos
3269 3983 3413 4053 digni
3462 3983 3561 4036 ha-

1984 4090 2245 4148 beantur,
2294 4085 2382 4153 qui
2429 4081 2600 4150 ipsum
2645 4075 3056 4132 sanetiiicemus.
3100 4073 3215 4127 iloc
3261 4073 3432 4141 ip-nm
3476 4073 3562 4127 hic

1985 4189 2196 4249 quoque
2223 4173 2545 4244 signiﬁcans,
2569 4167 2869 4235 snhjunxit:
2897 4164 3065 4234 Super
3083 4163 3232 4217 cwlos
3253 4164 3414 4232 gtoria
3430 4180 3558 4233 ejus.

1987 4271 2102 4326 Non
2125 4269 2296 4325 solum
2331 4265 2472 4320 enitn
2502 4262 2554 4315 in
2596 4269 2734 4314 terra
2777 4256 2980 4312 videbis
3013 4254 3108 4309 has
3132 4262 3406 4309 creaturas
3443 4269 3563 4322 qua:

1990 4371 2296 4423 cermmtur,
2326 4369 2425 4411 nec
2449 4351 2866 4425 pulcherrimum
2895 4347 3138 4401 ordinem
3161 4345 3248 4414 qui
3277 4345 3424 4397 estin
3457 4358 3564 4397 Cu:-

1990 4453 2065 4520 io,
2089 4453 2180 4508 sed
2211 4447 2439 4504 ascende
2464 4461 2494 4500 a
2525 4441 2870 4498 sensibilibus
2901 4438 2967 4492 ad
2997 4437 3289 4506 spiritualia
3313 4477 3326 4501 ,
3357 4435 3421 4488 ad
3451 4435 3566 4504 pul-

1989 4543 2341 4602 chritudinem
2381 4537 2589 4593 illarum
2629 4531 3080 4592 substantiarum,
3113 4529 3178 4582 ad
3226 4527 3564 4597 splendorem

1991 4640 2132 4696 illius
2157 4633 2460 4705 reipublicae
2483 4647 2497 4683 :
2521 4636 2577 4684 et
2596 4636 2720 4682 tunc
2747 4625 2886 4681 scies
2911 4621 3178 4694 quomodo
3211 4629 3294 4678 est
3331 4621 3382 4675 in
3421 4621 3568 4676 cazlis

2028 4731 2157 4787 loria
2180 4729 2316 4787 eius.

2031 4744 2157 4787 torta
2180 4745 2208 4782 ο
2234 4744 2316 4784 us.
2971 4745 2976 4748 -

1989 4744 2023 4804 Β
2065 4747 2226 4879 DeusJ
2245 4837 2337 4876 cur
2364 4820 2417 4873 in
2444 4817 2567 4872 creto
2596 4815 2822 4870 habitare
2857 4813 3072 4866 dicatur.
3094 4841 3167 4852 --
3192 4811 3244 4864 5.
3291 4809 3414 4877 Quis
3437 4812 3566 4865 sicut

1994 4917 2242 4974 Dominus
2270 4914 2404 4967 Deus
2430 4918 2616 4975 noster,
2636 4908 2722 4978 qui
2741 4908 2796 4960 in
2815 4905 2931 4958 altis
2961 4903 3168 4967 habitat,
3204 4904 3255 4958 6.
3285 4913 3330 4956 et
3357 4902 3569 4955 humilia

1995 5006 2233 5083 respicit?
2261 5011 2453 5062 Annon
2491 5003 2701 5058 videtur
2741 5013 2989 5070 magnum
3041 5013 3160 5062 esse
3205 4996 3344 5066 quod
3371 4993 3569 5048 dictum

1997 5105 2117 5162 est?
2143 5101 2249 5158 Sed
2280 5097 2490 5168 quando
2513 5091 2936 5149 consideravcris
2960 5089 3027 5144 de
3047 5104 3277 5160 quonam
3303 5085 3354 5139 id
3367 5085 3566 5139 dictum

1999 5199 2088 5261 sit,
2118 5197 2221 5250 hoc
2247 5194 2402 5262 longe
2426 5189 2529 5245 erit
2565 5202 2632 5243 eo
2652 5185 2892 5242 inferius.
2938 5183 3035 5245 ita,
3079 5181 3229 5236 sicuti
3259 5179 3414 5239 dixi,
3467 5189 3573 5228 non

2000 5294 2204 5360 oportet
2233 5286 2286 5340 in
2299 5282 2474 5338 verbis
2491 5279 2620 5336 solis
2642 5279 2853 5344 sistere,
2882 5274 2976 5330 sed
2997 5279 3175 5327 mente
3196 5265 3574 5324 conscendere.

2070 5528 2086 5560 ί
2121 5533 2262 5587 Reg"
2281 5517 2788 5587 Paulusdeciarabat,
2811 5514 2935 5564 hanc
2966 5502 3580 5587 ‘tantttmg

2005 5569 2394 5641 at-be'tEi-ararum
2417 5569 2617 5640 distare,
2642 5569 2873 5644 quantum
3147 5577 3214 5622 est
3238 5569 3580 5644 inferior-viro,

2009 5637 2178 5713 autat
2203 5647 2461 5713 perfectam
2486 5637 2669 5713 devenit
2694 5643 2914 5713 (etatem;
2938 5641 2984 5688 et
3005 5637 3251 5701 utriusth
3283 5637 3578 5700 cognitionis.

2014 5701 2126 5772 Quae
2149 5701 2300 5761 lectio'
2316 5705 2516 5772 quadrat
2537 5703 2596 5756 ad
2620 5701 2817 5753 seriem.
