4112 6208
569 299 675 354 305

564 418 842 482 Quomodo
861 414 1001 468 enim
1031 413 1083 467 in
1108 413 1251 467 cmlis
1275 411 1493 471 habitat.
1525 413 1612 480 qui
1639 412 1824 466 cadum
1851 420 1904 465 et
1939 420 2133 464 terram

477 484 489 493 '
565 504 795 573 implet?
823 505 910 570 qui
941 503 1132 571 ubique
1155 516 1388 570 pra:sens
1410 501 1525 554 est?
1562 503 1650 570 qui
1681 500 1842 554 dicit:
1883 499 2013 552 Deus
2051 515 2144 566 ap-

565 600 907 666 propinquans
935 611 1026 664 ego
1055 609 1167 645 sun'.
1189 633 1204 657 ,
1244 602 1289 646 et
1319 609 1415 645 non
1452 591 1590 660 Deus
1627 593 1805 660 procul
1846 594 1864 662 (
1884 590 1996 645 Jer.
2047 591 2137 646 23.

563 688 681 760 23).
705 690 801 754 Qui
833 703 1029 740 mensus
1072 695 1142 738 est
1181 687 1356 738 cadum
1389 684 1572 751 palmo,
1607 695 1652 736 et
1697 694 1881 736 terram
1918 684 2141 754 pugillo;

562 780 650 849 qui
681 778 898 832 continet
934 777 1172 829 antbitum
1218 785 1364 828 terra:
1406 776 1422 841 (
1458 773 1585 826 Isai.
1614 773 1814 830 40.12.
1844 774 1978 841 29)?
2028 772 2136 828 Sed

568 869 820 939 quoniam
851 867 1162 937 loquebatur
1191 875 1314 919 tunc
1339 880 1457 917 cum
1487 863 1716 927 Judtcis,
1772 875 2047 933 propterea
2077 878 2142 918 eo

564 975 812 1017 sermone
853 975 978 1013 usus
1004 967 1086 1014 est
1105 1001 1118 1021 .
1147 959 1394 1028 paulatim
1417 957 1627 1026 erigens
1648 973 1829 1010 eorum
1861 957 2141 1024 cogitatio-

569 1067 714 1112 nem,
750 1059 804 1104 et
825 1059 1053 1103 mentem
1085 1050 1280 1102 sensim
1303 1048 1560 1101 extollens
1589 1058 1636 1101 et
1661 1046 1914 1101 cvi-hens.
1942 1047 2142 1100 Idcirco

567 1157 671 1194 non
699 1139 832 1193 dixit
857 1139 1212 1201 solummodo,
1250 1138 1348 1202 Qui
1376 1138 1426 1191 in
1456 1138 1572 1190 altis
1601 1138 1809 1201 habitat,
1856 1147 1900 1191 et
1931 1137 2140 1188 hmnilia

563 1232 762 1301 respicit
790 1247 810 1285 :
841 1230 932 1285 sed
963 1245 1082 1284 cum
1127 1231 1271 1297 prius
1311 1230 1554 1295 dixisset,
1588 1231 1710 1296 Quis
1737 1231 1866 1283 sicut
1893 1228 2140 1283 Dominus

565 1319 896 1381 Deusnoster,
916 1329 1024 1373 tum
1041 1319 1328 1387 subjunxit,
1347 1320 1447 1384 Qui
1463 1319 1639 1372 inultis
1655 1319 1861 1382 habitat,
1897 1329 1942 1370 et
1971 1321 2108 1370 humi
2120 1348 2138 1358 -

561 1411 633 1464 lia
648 1411 869 1479 respicit,
889 1401 1413 1477 ostendeuSquanam
1431 1410 1664 1462 decausa
1691 1410 1815 1462 illud
1846 1409 2136 1464 secundum

559 1501 773 1565 dixerit,
789 1516 978 1570 nempe
995 1511 1210 1570 propter
1222 1499 1492 1554 .ludaicam
1510 1501 1916 1554 imbecillitatem
1932 1501 2139 1554 simula-

558 1604 646 1644 cra
666 1598 1051 1660 stupentem,ct
1081 1590 1274 1644 deosin
1292 1589 1708 1659 locisettemplis
1734 1593 2012 1646 conclusos
2046 1593 2138 1646 ad-

561 1692 828 1738 orantem.
857 1681 980 1736 Ideo
1015 1682 1214 1736 inducit
1253 1683 1502 1751 paulatim
1523 1684 1990 1752 comparationem,
2013 1686 2136 1738 licet

564 1772 698 1826 citra
737 1773 1184 1840 comparationem
1225 1773 1362 1827 Deus
1379 1788 1566 1827 omnes
1593 1775 2134 1843 superemineatzsed

565 1863 631 1917 ad
655 1863 1068 1919 imbecillitatem
1097 1865 1392 1918 auditorum
1412 1908 1424 1928 ,
1455 1867 1592 1920 sicut
1621 1867 1726 1920 dixi
1751 1909 1765 1929 ,
1795 1884 1966 1937 neque
1995 1869 2134 1923 enim

562 1955 784 2010 cessabo
807 1955 909 2010 hoc
934 1955 1146 2011 assidue
1173 1957 1372 2018 dicere,
1393 1959 1684 2012 orationem
1711 1961 2012 2014 concinnat.
2034 1960 2137 2016 Ne-

562 2063 667 2118 que
701 2049 840 2103 enim
882 2049 1152 2118 quaerebat
1201 2059 1256 2104 ut
1303 2059 1426 2104 tunc
1454 2049 1653 2105 diceret
1682 2052 1876 2120 aliquid
1919 2053 2132 2122 dignum

563 2138 655 2192 Dei
685 2139 876 2208 gloria,
905 2139 997 2193 scd
1027 2148 1082 2193 ut
1107 2139 1246 2210 quod
1270 2140 1492 2208 diceret,
1515 2142 1582 2195 ab
1602 2141 1680 2196 eis
1706 2145 1821 2211 capi
1849 2155 2046 2212 posset.
2070 2145 2136 2200 Et

559 2228 682 2284 ideo
713 2229 959 2297 paulatim
979 2244 1072 2284 eos
1097 2230 1363 2285 sustollit:
1394 2241 1448 2286 et
1491 2241 1666 2286 tamen
1707 2248 1774 2288 ne
1801 2234 1877 2287 sic
1919 2234 2132 2303 quidem

559 2327 837 2387 permanet
858 2319 907 2372 itt
927 2318 1240 2387 humilitate,
1264 2321 1356 2374 sed
1377 2334 1557 2375 rursus
1583 2323 1752 2390 aperit
1778 2323 2032 2392 quosdam
2051 2324 2135 2378 al-

562 2409 726 2461 tiores
774 2423 983 2462 sensus.
1014 2409 1296 2478 Postquam
1322 2410 1463 2464 enim
1488 2410 1642 2476 dixit,
1677 2410 1778 2476 Qui
1818 2415 1870 2466 in
1897 2415 2014 2468 altis
2039 2414 2131 2468 ha-

557 2499 704 2563 bitat,
731 2515 778 2552 et
803 2499 1012 2552 humilia
1039 2501 1240 2567 respicit
1271 2516 1289 2554 :
1316 2517 1497 2555 rursus
1517 2501 1582 2555 ad
1606 2503 1792 2557 altiora
1834 2506 2129 2560 orationem

561 2593 824 2647 extollens
852 2593 978 2647 dicit
1007 2609 1021 2647 :
1057 2591 1122 2646 In
1146 2594 1268 2646 creto
1297 2603 1344 2645 et
1372 2593 1423 2646 in
1455 2604 1588 2647 terra
1625 2610 1644 2648 :
1679 2596 1966 2650 ostendens
2009 2613 2128 2652 eum

557 2699 678 2740 esse
706 2684 920 2752 ubique,
969 2694 1020 2737 et
1069 2684 1170 2748 hic,
1203 2694 1257 2738 et
1298 2684 1424 2738 illic.
1453 2684 1568 2740 Non
1596 2687 1736 2740 enim
1784 2694 2047 2757 tamquam
2079 2687 2130 2742 in

559 2775 690 2828 cado
713 2774 965 2838 inclusus,
998 2775 1210 2841 respicit
1234 2775 1440 2828 eminus
1461 2791 1579 2845 qua:
1604 2775 1736 2830 liunt
1762 2778 1812 2831 in
1842 2788 2002 2843 terra,
2035 2778 2129 2834 sed

558 2867 754 2936 ubique
782 2881 1015 2935 przesens
1035 2877 1088 2920 et
1110 2868 1357 2921 onmihus
1383 2870 1658 2925 assistens.

628 2960 681 3014 5.
729 2959 911 3013 Vdisti
955 2961 1220 3028 quomodo
1268 2961 1516 3030 paulatim
1553 2973 1785 3018 mentem
1828 2965 2128 3024 auditorum

553 3051 780 3104 sustollit
803 3051 914 3121 (a)?
943 3051 1139 3105 Deinde
1155 3053 1578 3110 cumanditorem
1611 3071 1639 3109 a
1665 3067 1800 3111 terra
1830 3059 2123 3124 extulisset,

552 3153 606 3196 et
636 3144 687 3196 in
717 3144 849 3196 caelo
873 3143 1187 3198 collocasset
1231 3163 1242 3196 :
1287 3160 1472 3200 rursus
1501 3161 1794 3214 procurans
1837 3158 1891 3204 ut
1931 3151 2126 3220 aliquid

562 3235 735 3304 majus
763 3235 941 3288 animo
971 3235 1424 3304 apprehenderet,
1452 3239 1592 3292 venit
1619 3239 1684 3292 ad
1711 3240 1854 3295 aliud
1881 3241 1998 3311 ejus
2031 3259 2127 3312 po.

554 3326 734 3380 lentiae
761 3324 1033 3387 indicium,
1061 3324 1276 3381 dicens:
1309 3327 1362 3379 7.
1392 3326 1657 3383 Suscitans
1684 3325 1715 3383 ἃ
1749 3340 1879 3384 terra
1906 3333 2124 3401 inopem,

555 3428 602 3472 et
627 3416 690 3469 de
713 3424 932 3468 stercore
955 3417 1148 3486 erigens
1173 3432 1467 3486 pauperem.
1488 3417 1686 3487 Magna:
1707 3429 1788 3473 est
1807 3422 1946 3474 enim
1970 3432 2128 3491 atque

552 3509 688 3564 adeo
718 3505 996 3561 incll‘abilis
1032 3509 1311 3574 potenti-.e,
1343 3525 1501 3576 parva
1531 3509 1807 3564 extollere.
1842 3511 1979 3565 Alibi
2028 3529 2124 3566 au.

553 3607 662 3653 tem
692 3597 1012 3652 contrarium
1042 3613 1251 3666 quoque
1275 3600 1415 3666 ponit
1442 3599 1595 3662 alius,
1627 3600 1765 3668 quod
1784 3617 2122 3672 magnaque-

551 3705 654 3757 que
682 3687 962 3756 deprimat,
1007 3689 1084 3742 sic
1127 3690 1308 3743 dicens
1339 3709 1352 3744 :
1393 3689 1634 3745 Dividens
1660 3693 2008 3747 contritionem
2035 3713 2124 3749 su-

552 3796 642 3848 per
667 3779 1034 3850 fortitudinem,
1063 3790 1106 3834 et
1148 3783 1397 3835 miseriam
1443 3800 1598 3852 supra
1623 3786 1984 3840 munimentum
2032 3789 2128 3842 ad.

551 3873 769 3943 iungens
796 3869 971 3941 (Amos
1018 3873 1069 3926 5.
1118 3871 1196 3940 9).
1242 3873 1336 3926 llic
1362 3874 1571 3942 quidem
1603 3884 1749 3930 certe
1777 3875 1973 3931 dictum
2002 3888 2076 3933 est
2105 3921 2122 3946 ,

549 3962 689 4031 quod
722 3961 886 4030 possit
910 3963 1126 4030 pusillos
1152 3963 1374 4032 erigere.
1406 3965 1501 4018 Est
1524 3965 2120 4034 itaquegcneraliSora-

551 4057 646 4108 tio.
677 4054 827 4120 Qttod
854 4055 898 4108 si
929 4055 1049 4122 quis
1073 4055 1184 4108 hec
1210 4057 1368 4110 etiam
1401 4058 1526 4111 velit
1542 4060 1785 4128 accipere
1807 4062 2117 4129 anagogice,

545 4146 745 4200 videbit
770 4147 868 4198 hoc
892 4145 1084 4199 factum
1115 4161 1234 4200 esse
1261 4147 1311 4200 in
1346 4148 1615 4216 gentibus,
1647 4149 1843 4204 videbit
1876 4152 1975 4205 hoc
1994 4168 2121 4204 cve-

547 4237 690 4290 nisse
720 4236 772 4289 in
801 4235 950 4290 nobis
981 4235 1281 4288 ltominibus
1311 4246 1549 4306 tempore
1597 4238 1855 4293 adventus
1901 4241 2118 4294 (Zhristi.

545 4327 680 4394 Quid
706 4328 848 4381 enim
874 4336 986 4380 erat
1017 4336 1194 4379 nostra
1225 4337 1408 4380 natura
1448 4332 1761 4396 pauperins?
1785 4331 1912 4383 Eam
1944 4341 2117 4387 tamen

547 4418 722 4471 erexit
746 4426 801 4471 et
826 4418 1037 4471 sustulit
1073 4417 1123 4470 in
1151 4419 1337 4470 ca'lum
1363 4434 1483 4472 cum
1515 4423 1708 4474 nostris
1736 4424 1983 4489 primitiis
2007 4467 2019 4486 ,
2053 4435 2108 4478 et

547 4508 824 4561 Constituit
851 4507 1126 4562 sedentem
1174 4508 1224 4560 in
1247 4509 1390 4562 c:clis
1417 4509 1468 4562 iu
1502 4510 1694 4562 throno
1726 4511 1915 4565 Patris.
1963 4513 2026 4565 Et
2059 4519 2120 4568 (te

545 4611 760 4653 stercore
780 4601 973 4678 erigens
997 4616 1286 4671 pauperem,
1317 4601 1371 4656 8.
1400 4611 1452 4653 ut
1473 4602 1680 4655 collocat
1707 4621 1820 4657 eum
1848 4622 1958 4658 cunt
1982 4608 2120 4674 prin-

544 4691 759 4760 cipibus,
805 4708 918 4744 cum
957 4692 1265 4762 principibus
1313 4693 1486 4762 populi
1513 4695 1609 4748 sui.
1639 4694 1852 4748 Stercus
1879 4697 1960 4748 hic.
1991 4698 2122 4752 dicit

547 4784 822 4844 vilitatem,
850 4795 924 4848 et,
954 4799 1070 4851 qua:
1093 4801 1154 4836 ex
1183 4801 1240 4834 ea
1277 4785 1354 4846 lit,
1385 4785 1712 4852 repentinam
1743 4788 2112 4851 mutationem,

546 4872 834 4928 ostendens
859 4876 905 4928 ei
951 4889 1070 4928 esse
1112 4876 1286 4927 omnia
1332 4876 1500 4929 laeilia
1527 4888 1580 4930 et
1605 4877 1868 4946 expedita.
1922 4879 2118 4935 Deinde

545 4967 736 5020 transit
762 4966 826 5018 ad
848 4966 986 5020 aliud
1022 4982 1210 5030 ntapts.
1235 4969 1510 5033 Quodnam
1545 4969 1682 5022 hoc?
1711 4971 1859 5038 Quod
1895 4988 1997 5024 non
2027 4989 2117 5025 so-

545 5059 652 5112 lum
682 5067 852 5126 potest
879 5074 963 5112 res
995 5058 1312 5121 transferre,
1341 5069 1392 5114 et
1421 5059 1705 5115 humilibus
1727 5063 1852 5116 dare
1878 5065 2116 5117 anetori-

541 5163 730 5214 tatem,
758 5151 850 5205 sed
877 5153 1040 5222 ipsius
1061 5153 1216 5205 etiam
1250 5162 1450 5205 naturae
1483 5162 1847 5208 transmoverc
1880 5155 2073 5209 limites
2097 5198 2111 5220 ,

543 5258 595 5301 et
636 5261 751 5300 eam
775 5286 789 5308 ,
821 5261 937 5314 qute
981 5254 1095 5298 erat
1120 5245 1333 5303 sterilis.
1368 5255 1587 5298 matrem
1623 5245 1857 5300 efﬁcere.
1908 5247 1970 5300 Et
2000 5247 2118 5300 ideo

545 5338 814 5406 Suhjunxit
845 5355 858 5391 :
890 5338 944 5388 ο.
981 5336 1082 5402 Qui
1103 5335 1330 5388 habitare
1356 5336 1477 5405 facit
1495 5337 1710 5389 sterilem
1734 5337 1783 5388 in
1811 5336 1982 5399 domo,
2007 5355 2118 5392 ma-

542 5439 667 5482 trem
696 5444 844 5495 super
863 5427 984 5494 ﬁliis
1013 5427 1284 5481 latentem.
1313 5424 1464 5491 Quod
1499 5425 1708 5495 quidem
1737 5424 1930 5480 factum
1954 5437 2040 5482 cst
2067 5429 2114 5481 in

603 5538 675 5596 (τι)
711 5545 757 5587 111
802 5545 982 5591 Graeco.
1020 5553 1143 5600 ττιρθῐ
1172 5550 1235 5597 τήν
1259 5545 1418 5600 Seianum
1439 5555 1509 5588 τῶν
1540 5547 1752 5600 uiso-arium.
1781 5539 2119 5600 ιῃζιειήιῖνυιειὶο

543 5603 599 5648 ad
626 5600 823 5648 verbum
848 5609 998 5652 esset.
1023 5598 1112 5648 alis
1129 5599 1318 5649 instruit
1342 5607 1560 5654 mentem,
1583 5599 1738 5654 idest,
1757 5599 1814 5646 ad
1840 5598 2117 5646 sublimiora

542 5659 881 5707 consideranda
908 5661 1127 5710 informat
1152 5660 1470 5721 idoneamque
1503 5660 1693 5720 reddit;
1719 5673 1810 5722 qua
1837 5660 2114 5721 metaphora

542 5723 932 5779 frequentissime
959 5724 1102 5770 utitur
1126 5723 1495 5785 chrysos'tmnus.

1265 295 1322 350 S.
1361 295 1638 350 JOANNIS
1676 293 2156 350 CllRYSUSTOMl
2198 293 2514 347 ARCHIEP.
2555 295 3090 354 CONSTANTINOP.

3723 303 3830 358 5111

2250 411 2422 471 Anna,
2447 409 2586 476 quod
2614 411 2806 464 factum
2841 413 2892 467 in
2921 411 3038 468 aliis
3069 414 3540 470 innumerabilibus
3565 419 3584 485 (
3609 418 3650 471 1.
3690 417 3829 490 Reg.

2249 499 2320 573 1).
2350 499 2532 553 VidiSti
2559 499 2811 570 hymnum
2835 501 3125 569 perfectum
3146 505 3170 557 ’ἶ
3195 505 3366 559 vidisti
3397 495 3822 575 hymnumcom-

2246 590 2484 658 pletnut?
2517 592 2652 645 Dixit
2681 609 2742 646 ea
2764 609 2881 662 qua:
2911 595 3212 649 universum
3237 597 3420 650 orbein
3453 608 3612 652 terra:
3637 614 3823 654 corro-

2245 695 2393 739 ctura
2425 695 2615 746 erant,
2662 686 2929 754 quomodo
2970 699 3080 741 erat
3121 698 3425 744 cessatnrus
3467 690 3777 745 Judaismus
3804 730 3823 757 ,

2245 774 2512 839 quomodo
2538 791 2668 826 nova
2703 775 2952 830 Ecclesire
2976 777 3269 846 respublica
3301 789 3415 832 erat
3461 779 3512 834 in
3563 781 3824 849 splendo-

2249 879 2357 917 rom
2381 866 2606 926 exitura,
2631 867 2898 933 quomodo
2925 878 3036 921 erat
3065 868 3258 934 ubique
3283 869 3613 924 olferendum
3657 874 3828 925 sacri-

2247 951 2442 1005 ficium.
2475 953 2673 1007 Deinde
2697 953 2934 1009 efﬁciens
2961 966 3017 1010 ut
3042 957 3123 1010 vel
3149 959 3503 1012 crassiorihus
3525 960 3628 1015 lide
3658 961 3820 1030 digus

2245 1057 2380 1098 esset
2410 1046 2600 1111 oratio,
2649 1047 2804 1101 exiis
2833 1064 2950 1115 qua:
2974 1049 3083 1116 jam
3122 1050 3272 1114 liunt,
3311 1066 3430 1117 quae
3475 1061 3599 1104 sunt
3647 1052 3824 1107 futura

2245 1139 2544 1191 eoulirmat.
2578 1139 2726 1204 Quod
2759 1151 2932 1194 autem
2964 1141 3107 1204 dicit,
3137 1152 3220 1212 est
3239 1143 3500 1210 ejusmodi
3527 1161 3540 1196 :
3568 1143 3644 1199 Ne
3680 1144 3823 1198 d'lli-

2242 1229 2338 1282 das
2370 1231 2592 1284 futuram
2627 1239 2822 1284 tantam
2854 1234 3219 1298 mutationem,
3263 1243 3318 1288 et
3357 1234 3608 1307 disjectas
3636 1247 3822 1304 gentes

2244 1337 2363 1374 esse
2385 1331 2634 1374 venturas
2673 1323 2953 1375 maximam
2993 1325 3043 1377 itt
3089 1324 3333 1392 gloriam.
3363 1325 3478 1378 Non
3522 1326 3670 1381 vides
3707 1327 3823 1380 haec

2243 1414 2354 1465 tieri
2383 1413 2658 1481 quotidie?
2682 1414 2858 1468 extolli
2879 1413 3128 1479 lmmiles,
3157 1426 3211 1468 et
3230 1416 3423 1470 sedere.
3451 1433 3573 1470 eum
3616 1418 3822 1486 princi-

2244 1505 2430 1572 pihu~?
2458 1521 2560 1557 non
2588 1505 2733 1559 vides
2762 1513 3024 1569 naturam,
3047 1521 3165 1574 qua!
3191 1516 3305 1559 erat
3327 1521 3510 1560 manca
3537 1516 3718 1561 etmut
3744 1507 3817 1573 la,

2241 1597 2452 1665 corrigi,
2485 1597 2695 1650 steriles
2735 1605 2932 1650 matres
2962 1595 3112 1651 fieri?
3146 1595 3272 1650 'l‘ale
3299 1596 3423 1666 quid
3451 1599 3613 1652 etiam
3639 1600 3822 1654 evenit

2243 1687 2292 1739 in
2323 1686 2578 1740 Ecclesia.
2611 1687 2736 1740 Erat
2765 1687 2986 1752 sterilis,
3016 1687 3107 1741 sed
3136 1689 3418 1741 multorum
3443 1689 3668 1743 filiorum
3698 1706 3820 1744 ma-

2243 1783 2322 1829 ter
2347 1775 2482 1829 facta
2514 1786 2615 1828 est.
2667 1774 2927 1842 Quocirca
2972 1777 3097 1830 dicit
3119 1775 3320 1830 Isaias:
3350 1777 3775 1840 Lattare,sterilis
3799 1819 3816 1845 ,

2239 1882 2352 1936 quae
2380 1882 2477 1918 nou
2517 1867 2653 1934 paris
2677 1881 2696 1929 ;
2721 1883 2925 1936 erumpe
2952 1877 2995 1919 et
3025 1867 3209 1930 clama,
3249 1883 3361 1936 quae
3399 1885 3498 1921 non
3541 1871 3766 1937 partui-is
3794 1887 3814 1926 .°

2239 1956 2475 2020 (maniam
2506 1955 2652 2007 multi
2692 1965 2809 2007 sunt
2835 1956 2928 2021 ﬁlii
2958 1955 3166 2010 deserta
3189 1957 3350 2026 magis
3377 1973 3528 2026 quam
3567 1959 3675 2028 ejus
3704 1973 3819 2026 qui:

2240 2045 2384 2098 habet
2419 2045 2578 2098 virum
2619 2044 2637 2114 (
2671 2043 2796 2097 (sai.
2831 2046 2918 2100 54.
2954 2045 3006 2115 1)
3035 2063 3048 2098 :
3085 2046 3186 2100 hoc
3211 2045 3264 2099 in
3295 2047 3529 2101 Ecclesia
3577 2047 3816 2102 futurum
3895 2087 3900 2094 ι

2240 2136 2618 2205 pramumians.
2670 2137 2927 2201 Quocirca
2975 2137 3060 2190 hic
3112 2151 3320 2206 quoque
3369 2139 3665 2192 orationem
3711 2137 3817 2196 hoc

2239 2226 2358 2280 loco
2375 2227 2582 2291 clausit,
2627 2227 2959 2295 prophetiam
2991 2225 3093 2280 lide.
3115 2228 3326 2294 dignam
3369 2228 3493 2290 hinc
3532 2229 3773 2283 efficiens
3795 2267 3814 2293 ,

2237 2333 2300 2372 ex
2329 2319 2412 2381 iis,
2441 2333 2558 2387 quae
2593 2318 2704 2387 jam
2755 2317 2890 2372 facta
2936 2327 3097 2386 sunt,
3129 2319 3194 2373 ab
3240 2316 3356 2388 ejus
3400 2319 3816 2389 magniﬁci-mia.

2237 2410 2593 2478 Qutecumquc
2623 2408 2764 2463 enim
2795 2409 2902 2464 Deo
2932 2409 3101 2463 visum
3132 2407 3346 2474 fuerint,
3392 2421 3515 2464 sunt
3557 2410 3697 2466 factu
3727 2409 3815 2466 fa-

2236 2501 2376 2554 cilia.
2406 2500 2588 2554 Potest
2614 2501 2756 2554 enim
2791 2509 3142 2555 transmutare
3171 2509 3434 2564 naturam,
3459 2511 3513 2556 et
3540 2503 3815 2558 humilita-

2240 2601 2344 2646 tem
2374 2590 2662 2645 transferre
2691 2591 2742 2644 in
2780 2590 3110 2644 altitudinem
3135 2631 3150 2655 ,
3197 2600 3250 2646 et
3299 2607 3475 2646 mores
3518 2592 3814 2662 corrigere.

2235 2683 2366 2737 Cum
2400 2683 2512 2736 haec
2534 2698 2661 2751 ergo
2684 2683 2912 2736 sciamus
2939 2683 3138 2747 omnia,
3165 2698 3285 2751 quae
3315 2695 3493 2737 nostra
3526 2695 3648 2738 sunt
3671 2667 3811 2740 all}:-

2236 2789 2434 2838 ramus,
2487 2784 2542 2828 et
2587 2776 2732 2827 omni
2787 2774 3025 2828 fruemur
3047 2775 3235 2843 gloria,
3285 2786 3334 2830 et
3366 2775 3433 2830 ad
3487 2775 3812 2830 inc-ﬂabilem

2233 2866 2584 2920 ascendemus
2613 2865 2967 2927 altitudinem,
3000 2866 3090 2919 Dei
3116 2867 3312 2920 auxilio
3334 2867 3488 2921 freti:
3519 2868 3600 2922 cui
3637 2867 3812 2937 gloria

2234 2966 2286 3011 et
2339 2957 2592 3025 potentia,
2627 2956 2768 3010 Patri
2815 2965 2868 3009 et
2913 2957 3045 3010 Filio
3073 2967 3126 3010 et
3150 2957 3365 3027 Spiritui
3416 2967 3618 3025 sancto,
3665 2974 3811 3014 nunc

2234 3058 2289 3104 et
2309 3063 2544 3118 semper,
2565 3059 2618 3103 et
2643 3048 2694 3102 in
2719 3048 2909 3102 smcula
2937 3049 3276 3102 szcculorum.
3307 3049 3498 3104 Amen.

2691 3181 2755 3237 IN
2793 3182 3114 3240 PSALMUM
3153 3182 3333 3238 CXlil.

2235 3299 2284 3353 1.
2329 3296 2390 3350 In
2412 3298 2545 3351 exitu
2585 3293 2748 3350 Israel
2767 3296 2830 3350 de
2861 3294 3112 3366 Egypto,
3143 3295 3320 3348 domus
3337 3291 3498 3348 Iacob
3531 3294 3591 3347 de
3619 3295 3807 3364 papula

2302 3390 2536 3452 barbaro,
2564 3385 2617 3442 2.
2648 3391 2781 3458 facta
2808 3398 2879 3442 est
2907 3387 3091 3442 Judtea
3130 3387 3457 3456 sanctiﬁcatio
3483 3387 3609 3456 ejus,
3640 3383 3807 3439 Israel

2302 3492 2516 3554 potestas
2546 3477 2676 3551 ejus.

2305 3596 2356 3648 1.
2397 3593 2635 3662 Magnam
2663 3591 2747 3646 hic
2780 3601 3002 3645 testatur
3044 3591 3133 3645 Dei
3177 3591 3548 3659 benignitatem
3581 3599 3633 3644 et
3657 3605 3806 3644 man-

2231 3683 2583 3736 suetudinem.
2637 3681 2930 3748 Quamuam
2983 3681 3151 3735 hanc?
3201 3680 3348 3748 Quod
3405 3695 3526 3734 cum
3577 3682 3803 3750 pr'muut

2229 3772 2462 3826 ostendit
2488 3772 2804 3839 potentimu;
2835 3780 2958 3825 tunc
2985 3780 3037 3824 ut
3069 3772 3180 3839 ipse
3207 3770 3454 3824 adoretur
3479 3771 3656 3838 esigit.
3692 3769 3804 3824 lloc

2230 3865 2369 3919 enim
2398 3864 2702 3934 signiﬁcans
2726 3863 2934 3917 dicebat
2963 3881 2976 3916 :
3007 3861 3065 3916 In
3111 3865 3246 3916 exitu
3281 3862 3442 3916 lsracl
3462 3863 3524 3915 de
3548 3861 3801 3932 zEgypto,

2231 3960 2365 4027 facta
2391 3966 2461 4009 est
2499 3954 2686 4008 Jndcca
2724 3955 3057 4016 sanctiﬁcatio
3108 3954 3236 4023 ejus.
3285 3954 3434 4007 Tunc
3471 3954 3611 4006 enim
3652 3969 3804 4006 suam

2229 4049 2460 4104 ostendit
2493 4049 2776 4116 potentiam
2814 4062 2906 4114 per
2943 4047 3092 4115 signa
3137 4061 3254 4114 quae
3296 4045 3346 4098 in
3387 4045 3618 4117 Egypto
3668 4044 3803 4097 facta

2227 4153 2369 4206 sum,
2397 4151 2450 4194 et
2482 4155 2574 4208 per
2603 4157 2662 4194 ea
2687 4156 2802 4208 qum
2833 4141 2881 4191 in
2909 4138 3124 4192 deserto
3154 4157 3165 4191 :
3203 4148 3326 4192 tunc
3361 4140 3517 4193 etiam
3553 4135 3802 4206 populum

2225 4234 2322 4286 sibi
2353 4231 2522 4286 cll‘ecit
2547 4231 2878 4284 familiarem.
2903 4230 3013 4283 Hoc
3035 4231 3204 4296 ipsum
3223 4230 3380 4282 etiam
3402 4226 3586 4284 fet-ilio
3613 4229 3800 4282 Adam.

2225 4321 2358 4379 Cum
2389 4324 2528 4376 enim
2555 4323 2702 4392 prius
2732 4321 2982 4374 mundum
3029 4320 3238 4376 fecisset
3259 4363 3272 4383 ,
3305 4331 3356 4376 et
3385 4338 3495 4375 su:c
3525 4322 3799 4391 sapientim

2225 4428 2278 4469 et
2300 4417 2546 4482 potenti:e
2578 4417 2678 4467 vim
2709 4415 3047 4475 ostendisset,
3073 4415 3139 4468 ita
3171 4415 3320 4469 litiin
3343 4412 3632 4480 hominem,
3658 4424 3708 4468 et
3737 4415 3806 4468 ah

2225 4524 2290 4562 eo
2319 4509 2491 4573 exegit
2531 4505 2912 4559 adorationem.
2958 4505 3031 4559 lta
3062 4506 3219 4560 etiam
3263 4506 3561 4574 nuigcnitus
3591 4506 3681 4558 Dei
3713 4504 3803 4557 F.-
3885 4489 3890 4494 ’

2225 4594 2327 4650 iitts
2357 4611 2476 4648 cum
2524 4597 2748 4662 primum
2787 4594 2940 4663 signa‘
2979 4595 3292 4662 prrebuissiet
3331 4595 3490 4648 multa
3536 4605 3584 4650 et
3633 4597 3806 4648 omnis

2224 4687 2452 4757 petieris,
2481 4695 2603 4739 tunc
2633 4685 2787 4738 fidem
2815 4684 3008 4754 exegit.
3033 4686 3287 4750 Quocirca
3312 4685 3373 4738 iis
3398 4685 3606 4754 quidem
3632 4686 3716 4753 qui
3739 4686 3806 4737 ab

2226 4779 2372 4834 initio
2401 4777 2466 4830 ad
2488 4793 2604 4831 eum
2629 4775 2966 4838 aCCcdehant,
3000 4785 3054 4828 ut
3075 4776 3161 4844 qui
3189 4777 3301 4844 ejus
3329 4776 3543 4845 pignora
3574 4791 3676 4826 non
3705 4774 3803 4826 ho-

2224 4867 2426 4931 berent,
2481 4883 2578 4920 nec
2631 4877 2996 4934 argumentum
3040 4866 3370 4929 divinitatis,
3429 4883 3533 4918 non
3571 4861 3800 4928 dicebat,

2223 4959 2468 5020 Creditis,
2503 4974 2586 5013 me
2619 4972 2773 5026 posse
2797 4956 2897 5012 hoc
2934 4957 3144 5010 facere?
3172 4958 3262 5010 sed
3291 4958 3437 5025 signa
3470 4959 3806 5012 Solummodo

2223 5049 2556 5104 ostendebat.
2605 5047 2708 5102 Sed
2756 5057 3030 5116 postquam
3081 5049 3272 5116 ubique
3325 5065 3419 5117 per
3467 5050 3804 5103 Pabestinam

2225 5135 2465 5204 deposuit
2491 5155 2599 5193 sua:
2632 5140 2952 5191 monimenta
2980 5140 3248 5206 potentiae,
3273 5141 3472 5193 mutilis
3492 5143 3805 5210 corporibus

2224 5231 2515 5286 remedium
2547 5231 2791 5292 allisrens,
2821 5231 3002 5283 vitium
3033 5233 3322 5300 expellens,
3349 5233 3416 5286 de
3447 5249 3607 5303 regno
3637 5234 3804 5286 dissr.-
3863 5263 3880 5273 -

2223 5342 2367 5388 rens,
2400 5325 2542 5392 leges
2571 5324 2827 5377 salutares
2855 5325 3128 5386 sanciens,
3173 5339 3298 5380 tunc
3340 5327 3498 5380 etiam
3532 5325 3686 5378 fidem
3714 5341 3808 5380 ev-

2223 5418 2324 5485 egit
2346 5416 2515 5479 abiis,
2544 5415 2629 5482 qui
2652 5414 2990 5469 accedebant.
3010 5416 3262 5471 llomines
3279 5418 3417 5472 enim
3443 5419 3625 5472 volunt
3661 5419 3806 5486 prius

2223 5508 2500 5575 imperium
2525 5507 2786 5569 obtinere,
2819 5517 2870 5560 et
2899 5516 3023 5560 tunc
3046 5509 3422 5577 aggrediuntur
3451 5509 3761 5563 benefacere
3789 5527 3801 5562 :

2225 5599 2365 5653 Deus
2393 5608 2568 5652 autem
2593 5597 2775 5666 incipit
2801 5612 2827 5648 a
2862 5598 3150 5651 beneﬁciis.
3179 5599 3241 5651 Et
3265 5598 3389 5665 quid
3417 5599 3538 5651 dico
3576 5597 3678 5652 alia
3709 5597 3806 5651 hm-

2225 5690 2433 5755 ueticia,
2465 5704 2584 5744 cum
2613 5690 2768 5744 etiam
2789 5704 3000 5744 crucem
3028 5688 3194 5758 ipsam
3219 5689 3564 5756 sustinuerit,
3595 5699 3648 5745 et
3675 5695 3806 5740 tunc
