4112 6208
409 291 518 346 505

414 406 597 462 orbem
653 411 810 458 terrae
866 398 1091 463 vicerit,
1142 410 1298 466 quam
1348 394 1566 466 gerebat
1612 407 1794 447 curam
1843 389 1991 444 tactis

415 496 738 556 ostendens?
766 495 877 550 lloc
905 508 1030 562 ergo
1061 491 1299 546 Psalmus
1320 502 1527 558 quoque
1557 486 1642 542 hic
1669 485 1988 555 signiﬁcans,

417 591 627 646 dicebat
655 605 670 642 :
701 586 764 640 In
799 586 933 640 exitu
964 583 1126 637 Israel
1165 584 1227 635 de
1252 578 1511 650 ngypto,
1539 577 1718 630 domus
1745 573 1904 628 Iacob
1931 573 1994 626 de

416 681 606 756 populo
631 678 866 742 barbaro,
895 676 1031 745 {acta
1059 684 1131 728 est
1158 671 1342 726 Judaza
1369 669 1700 737 sanctificatio
1727 667 1854 738 ejus.
1880 665 1990 720 Hoc

411 784 528 838 est,
554 771 606 825 in
641 770 814 832 exitu,
844 765 896 820 in
928 778 1174 828 recessu,
1205 764 1256 816 in
1295 760 1604 816 liberatione
1639 759 1706 812 ab
1735 757 1985 827 Egypto.

411 864 527 918 Non
557 862 691 916 dixit
730 869 906 914 autem
937 858 1106 913 solum
1137 856 1212 910 De
1240 855 1501 926 .Egypto,
1530 852 1622 908 sed
1644 851 1838 922 adjecit
1869 870 1881 907 :
1909 850 1990 906 De

413 952 604 1026 papula
623 949 834 1004 barbaro
855 966 874 1005 :
889 949 1100 1004 nomine
1118 946 1344 1002 hostium
1363 945 1456 1000 Dei
1477 959 1658 998 curam
1679 941 1986 996 ostendens.

413 1045 495 1098 Ab
524 1043 625 1097 illis
654 1042 794 1096 enim
828 1039 1126 1094 crudelibus
1155 1047 1209 1092 et
1245 1037 1564 1091 immanibus
1590 1033 1856 1106 Egyptiis
1882 1049 1988 1087 non

413 1135 715 1204 potuissent
742 1131 977 1193 liberari,
1011 1130 1108 1183 nisi
1155 1129 1464 1183 habuissent
1493 1139 1707 1180 manum
1755 1123 1986 1187 fortem,

413 1235 468 1282 et
497 1225 767 1280 dexteram
791 1221 1268 1293 inexpugnabilem.
1300 1219 1466 1274 Erant
1490 1219 1632 1272 enim
1660 1216 1784 1272 feris
1804 1217 1992 1270 saevio-

414 1335 524 1384 res,
546 1326 600 1373 et
625 1317 787 1386 petris
807 1315 1050 1370 duriores
1079 1329 1093 1367 :
1125 1313 1213 1383 qui
1233 1328 1352 1367 cum
1372 1321 1446 1368 tot
1466 1311 1764 1379 acciperent
1785 1309 1988 1379 plagas,

415 1410 635 1464 minime
657 1407 932 1463 cederent.
961 1405 1250 1474 Postquam
1280 1417 1407 1473 ergo
1433 1401 1564 1456 dixit
1594 1398 1844 1469 populum
1867 1398 1988 1451 har-

415 1500 624 1565 barum,
655 1499 903 1563 ostendit,
924 1511 1080 1566 quam
1106 1510 1295 1564 magna
1324 1503 1466 1550 esset
1487 1492 1578 1548 Dei
1605 1491 1988 1562 potentia,qn:e

414 1591 548 1648 adeo
577 1591 858 1645 barbarum
881 1629 894 1651 ,
925 1587 1059 1642 adeo
1079 1586 1350 1641 efferatum
1383 1584 1652 1639 hominem
1686 1597 1827 1636 nunc
1868 1582 1986 1650 qui-

421 1681 542 1736 dem
575 1679 854 1749 persuasit,
889 1693 1026 1732 nunc
1052 1691 1176 1730 vero
1204 1673 1286 1730 vel
1325 1675 1542 1728 invitum
1585 1673 1758 1742 coegit
1799 1685 1988 1726 servos

411 1771 699 1834 dimittere,
731 1779 784 1824 et
821 1766 1202 1823 contendentes
1230 1773 1411 1834 postea
1436 1763 1569 1818 mari
1600 1761 1800 1829 obruit,
1831 1771 1885 1817 et
1914 1761 1983 1814 ita

411 1878 564 1919 suum
589 1863 836 1932 populum
864 1858 1131 1914 liberavit.
1629 1858 1634 1865 ‘

483 1954 742 2020 Quomodo
773 1951 958 2006 Judwa
995 1948 1327 2016 sanctificatio
1363 1946 1500 2013 Dei;
1543 1945 1792 2015 quomodo
1821 1943 1987 1998 Israel

406 2047 564 2118 ipsius
595 2053 830 2115 potestas.
856 2072 922 2084 ——-
945 2041 1080 2110 Quid
1127 2047 1210 2094 est
1246 2048 1444 2104 autem,
1472 2037 1634 2092 Facta
1679 2047 1751 2092 est
1797 2035 1986 2090 Indica

407 2137 735 2210 sanctiﬁcatio
763 2137 872 2205 ejus
895 2135 918 2188 ?
941 2133 992 2187 Id
1016 2141 1119 2199 est,
1147 2131 1385 2201 Populus
1406 2129 1454 2186 ei
1495 2130 1732 2186 serviens
1748 2171 1764 2196 ,
1787 2138 1843 2185 et
1863 2145 1983 2184 eum

406 2229 627 2284 colens:
657 2227 880 2296 papulus
901 2225 950 2278 ei
981 2225 1220 2278 addictus
1239 2265 1254 2290 ,
1286 2223 1511 2292 populus
1552 2222 1599 2276 ei
1629 2221 1794 2277 Iactus
1821 2237 1983 2291 pecu-

410 2319 575 2374 liaris.
597 2316 952 2372 Sanctiﬁcatio
968 2324 1142 2368 autem
1169 2315 1380 2384 proprie
1400 2313 1690 2380 dicebatur,
1705 2314 1982 2381 templum,

410 2409 604 2481 adyta,
633 2418 810 2462 sancta
844 2417 1172 2472 sanctorum,
1216 2403 1664 2475 quemadmodum
1705 2404 1986 2459 Zacharias

412 2513 622 2570 quoque
651 2496 939 2552 introducit
976 2496 1178 2564 aliquos
1203 2503 1449 2564 rogantes
1467 2536 1482 2561 ,
1506 2503 1559 2549 et
1582 2495 1818 2550 dicentes
1850 2512 1864 2550 :
1895 2493 1988 2548 In-

409 2609 580 2664 gressa
592 2602 662 2645 est
680 2591 773 2644 huc
793 2589 1142 2658 sanctiﬁcatio,
1164 2604 1229 2642 an
1240 2587 1586 2658 jejunabimus
1603 2587 1618 2618 ¹
1638 2587 1815 2660 (Zach.
1836 2589 1888 2642 7.
1904 2587 1986 2658 5)?

408 2684 478 2738 de
505 2682 676 2737 reditu
713 2696 850 2737 arcze
878 2691 932 2736 et
957 2681 1178 2734 aliorum
1209 2667 1444 2734 omnium
1474 2680 1792 2751 signiﬁcans.
1823 2679 1986 2734 Facta

407 2784 480 2828 est
525 2773 711 2828 Judtca
761 2772 1090 2842 sanctiﬁcatio
1128 2773 1236 2842 ejus
1263 2788 1284 2826 :
1317 2781 1430 2826 erat
1470 2772 1610 2826 enim
1655 2781 1807 2826 antea
1839 2773 1984 2843 regio

409 2865 611 2934 impura
642 2876 694 2920 et
718 2867 1063 2931 exsecranda,
1092 2864 1186 2920 sed
1218 2873 1493 2934 postquam
1523 2880 1770 2920 reversus
1794 2874 1988 2936 estpo-

407 2957 580 3028 pulos,
613 2956 748 3012 facta
795 2967 878 3011 est
927 2956 1113 3012 civitas
1161 2955 1508 3010 sanctiﬁcatio
1559 2955 1676 3026 ejus
1707 2978 1720 3012 :
1752 2956 1852 3012 hoc
1877 2967 1978 3023 est,

407 3045 702 3100 introducta
726 3055 807 3100 est
831 3044 1176 3100 sanctificatio
1203 3060 1296 3114 per
1315 3043 1737 3101 observationem
1759 3044 1858 3118 (a),
1885 3062 1980 3115 per

406 3137 682 3200 sacriﬁcia,
711 3152 804 3206 per
825 3137 1022 3190 cultum
1048 3178 1062 3200 ,
1093 3136 1330 3205 aliosque
1369 3136 1501 3189 ritus
1534 3145 1588 3190 et
1629 3139 1975 3192 ceremonias.

407 3225 575 3284 Israel
609 3237 824 3297 potestas
867 3228 994 3296 ejus.
1024 3226 1158 3293 Quid
1207 3236 1307 3290 est,
1351 3225 1513 3280 Israel
1562 3237 1778 3296 potestas
1823 3229 1980 3298 ejus?

407 3319 517 3374 Sub
545 3319 660 3387 ejus
687 3319 909 3388 imperio
929 3359 944 3385 ,
986 3319 1175 3389 inquit.
1215 3318 1372 3388 Atqui
1399 3320 1676 3374 universus
1699 3319 1844 3376 orbis
1873 3330 1979 3376 ter-

406 3423 480 3462 rae
505 3407 618 3478 ejus
651 3408 874 3477 imperio
900 3407 1134 3476 suberat,
1169 3408 1261 3463 sed
1290 3408 1340 3462 hi
1371 3408 1528 3464 etiam
1561 3411 1807 3479 amplius,
1835 3411 1976 3480 quod

404 3516 496 3557 eos
528 3501 750 3557 haberet
790 3501 1032 3572 proprios
1080 3511 1133 3555 et
1175 3500 1462 3556 familiares
1503 3502 1975 3573 :quaudoquidem

403 3603 458 3646 et
488 3591 794 3661 pmphetias
823 3592 1200 3662 suscipiebant,
1233 3601 1422 3647 etcum
1451 3592 1529 3647 eis
1545 3592 1848 3649 disserebat
1871 3635 1890 3662 ,
1920 3601 1976 3649 et

403 3699 490 3740 res
512 3699 696 3739 eorum
721 3685 944 3753 amplius
964 3683 1384 3738 administrabat.
1414 3683 1712 3750 Quinetiam
1735 3685 1840 3740 alio
1862 3701 1976 3740 mo-

402 3775 472 3830 do
509 3774 802 3846 appellatur
833 3775 946 3843 ejus
977 3775 1217 3845 populus.
1247 3775 1390 3829 lllius
1421 3777 1562 3830 enim
1591 3786 1720 3832 nutu
1744 3793 1887 3848 saepe
1923 3793 1978 3834 et

402 3867 468 3921 ad
495 3867 706 3922 bclluur
721 3866 1096 3937 procedebant,
1123 3875 1176 3921 et
1205 3867 1363 3922 multa
1388 3869 1486 3922 alia
1512 3868 1973 3926 administrabant.

402 3956 553 4013 Cum,
578 3973 671 4014 eos
716 3959 857 4014 enim
902 3973 930 4010 a
962 3957 1252 4012 barbaricis
1293 3957 1556 4024 manibus,
1591 3959 1894 4030 tyrannide,
1922 3969 1977 4015 et

403 4048 656 4103 servitute
677 4088 692 4114 ,
717 4055 771 4102 et
800 4057 1039 4102 extremo
1084 4046 1336 4117 periculo,
1363 4055 1418 4100 et
1441 4058 1619 4102 mente
1649 4049 1807 4118 impia
1839 4050 1975 4104 Iibe-

401 4146 591 4205 rasset,
618 4139 729 4193 Rex
751 4153 935 4192 eorum
977 4137 1144 4192 Iactus
1189 4145 1289 4192 est.
1320 4138 1430 4193 lloc
1475 4138 1644 4207 ipsum
1669 4141 1828 4194 etiam
1852 4141 1975 4196 alibi

401 4243 552 4285 suam
579 4243 790 4296 causam
823 4245 984 4297 agens
1008 4270 1023 4293 ,
1052 4237 1107 4284 et
1143 4229 1429 4284 ostendens
1473 4245 1532 4283 se
1559 4246 1674 4300 (Illi?
1699 4245 1792 4285 sua
1823 4240 1978 4287 erant

402 4321 630 4390 primum
659 4319 989 4388 praestitisse,
1020 4335 1138 4389 quae
1162 4319 1368 4373 illorum
1399 4329 1573 4374 autem
1596 4329 1764 4387 erant,
1797 4323 1976 4393 requi-

399 4425 542 4474 rere,
564 4409 773 4466 dicebat
810 4426 824 4462 :
863 4408 1126 4476 Numquid
1146 4409 1364 4464 solitudo
1385 4411 1460 4481 fui
1489 4411 1661 4466 domui
1687 4411 1868 4478 Israel,
1901 4416 1978 4469 vel

401 4507 536 4556 terra
561 4501 748 4553 inculta
767 4498 896 4568 (Jer.
927 4497 982 4552 2.
1010 4499 1098 4567 51)
1121 4499 1144 4553 ?
1169 4500 1318 4570 Quod
1347 4509 1522 4555 autem
1545 4501 1690 4567 dicit,
1719 4512 1800 4558 est
1827 4505 1972 4573 ejus-

401 4588 546 4643 modi
573 4606 586 4642 :
618 4588 753 4642 Num
796 4588 869 4643 l'ui
914 4589 1065 4644 vobis
1094 4591 1330 4644 inutilis?
1355 4606 1530 4645 annon
1562 4591 1833 4649 innumera
1879 4596 1976 4654 ba-

403 4694 470 4733 na
499 4679 553 4733 in
589 4693 684 4733 vos
719 4679 955 4733 contuli?
1009 4695 1184 4735 annon
1233 4679 1399 4750 ipsam
1453 4691 1691 4737 naturam
1736 4687 1976 4742 mutavit

402 4784 580 4824 annon
629 4770 888 4824 elementa
911 4780 967 4824 nt
991 4771 1139 4826 vobis
1169 4775 1430 4828 servirent
1455 4775 1770 4844 composui?
1795 4792 1972 4833 annon

399 4858 521 4913 dedi
552 4859 701 4915 vobis
753 4859 912 4913 vitam
972 4861 1039 4916 ab
1091 4855 1338 4916 humanis
1386 4862 1656 4917 laboribus
1699 4867 1964 4922 liberam?

400 4945 689 5019 PrOpterea
725 4949 858 5008 dixit
889 4969 902 5004 :
928 4949 1069 5005 Num
1092 4952 1313 5006 solitudo
1332 4953 1408 5022 [ui
1432 4955 1601 5008 domui
1632 4955 1794 5012 Israel
1815 4960 1839 5012 ?
1865 4960 1976 5015 Hoc

402 5050 504 5105 est,
532 5041 718 5094 Annon
743 5042 940 5096 fructus
973 5042 1067 5096 tuli
1096 5043 1546 5100 innumerabiles?
1574 5046 1873 5104 libertatem
1904 5051 1972 5105 ab

400 5128 654 5201 Egypto,
686 5131 1052 5187 liberationem
1079 5133 1446 5201 barbarorum,
1480 5138 1839 5193 ostensionem
1871 5139 1973 5194 nti-

403 5221 726 5288 raculorum,
758 5223 916 5276 vitam
937 5223 988 5276 in
1019 5221 1252 5290 deserto,
1285 5225 1631 5283 hereditatem
1655 5228 1971 5298 Palmstinae,

465 5361 741 5436 {ﬁgentia
762 5361 1090 5436 jejunabir'nus
1132 5367 1190 5428 (ἢ
1221 5369 1590 5436 sperassent“),
1631 5385 1730 5425 non
1769 5381 1886 5426 sunt
1919 5373 1971 5427 in

402 5427 550 5472 textu
569 5423 708 5481 LXX,
735 5423 898 5486 u'edue
919 5427 966 5474 in
994 5423 1220 5488 Hebraeo,
1243 5430 1334 5480 hoc
1358 5423 1480 5482 loco.

460 5493 533 5554 (α)
562 5491 845 5566 1?,m09r
873 5498 1021 5566 ἕνεκα*
1275 5495 1730 5566 “(immanem
1757 5508 1857 5555 aut.
1886 5516 1972 5566 per

393 5552 780 5611 derivationem,
805 5554 852 5602 in
877 5553 1009 5602 cultu
1034 5552 1311 5606 adhibitam.
1345 5559 1428 5606 llic
1453 5552 1641 5608 videtur
1665 5552 1776 5612 esse
1799 5552 1973 5612 sensus

399 5615 602 5684 hujusce
628 5615 755 5684 vocis
777 5615 868 5663 hoc
1053 5612 1190 5666 stulta
1229 5619 1358 5670 enim
1401 5620 1691 5684 inspicienda
1734 5633 1784 5676 et
1807 5627 1972 5678 obser-

405 5675 550 5726 venda
575 5675 777 5728 erantin
803 5677 956 5729 veteri
977 5675 1111 5739 lege.

1505 273 1862 334 EXPOSI'I‘IO
1899 272 1964 328 IN
2004 272 2320 330 PSALMIJM
2359 273 2537 333 CXIII.

3586 285 3687 342 506

2105 389 2488 460 subjectionem
2528 393 2787 464 gentium,
2809 398 3061 454 continua
3097 409 3332 472 tropica,
3375 401 3684 475 I'reqncmes

2099 482 2365 551 victorias,
2409 484 2662 542 miracula
2719 488 3074 555 incredibilia,
3119 493 3370 548 continua
3419 494 3679 565 prodigia,

2101 584 2258 632 terrae
2280 577 2629 645 fertilitatem,
2652 583 2864 649 generis
2887 585 3048 638 vestri
3093 586 3476 644 incrementum
3498 633 3513 656 ,
3533 604 3676 655 eam,

2098 683 2216 738 qua:
2246 669 2553 725 universum
2580 677 3054 730 terrarum'orbem
3097 679 3368 745 pervadit,
3417 681 3677 749 gloriam,

2097 763 2200 816 alia
2228 765 2544 819 innumera?
2571 763 2755 820 Vidisti
2776 766 2978 823 fructus
2998 770 3130 824 Dei?
3152 759 3212 824 Et
3234 771 3352 824 ideo
3369 772 3666 840 subjnnxit:

2100 852 2362 923 Numquid
2386 857 2464 926 {ui
2483 864 2615 910 terra
2633 857 2824 911 inculta
2845 861 2870 913 .’
2891 859 3000 913 Hoc
3025 869 3126 925 est,
3150 864 3339 915 Annon
3367 863 3675 917 innumera-

2097 947 2231 1000 biles
2260 945 2462 1002 fruetus
2489 963 2516 1002 a
2550 964 2633 1003 me
2665 948 3047 1019 decerpsistis?
3071 966 3245 1006 annon
3296 952 3539 1006 benedixi
3595 955 3678 1007 in-

2099 1038 2311 1092 troitum
2339 1048 2392 1093 et
2421 1040 2618 1094 exitum
2652 1051 2884 1094 vestrum
2905 1082 2920 1106 ,
2949 1057 3135 1111 greges
3157 1054 3363 1098 vestros
3384 1055 3434 1097 et
3456 1060 3672 1098 armen-

2099 1137 2149 1183 ta
2172 1138 2367 1194 vestra,
2388 1146 2574 1199 pauent
2595 1140 2852 1195 vestrum,
2883 1142 2934 1186 et
2986 1148 3177 1202 aquam
3207 1135 3474 1187 vestram?
3501 1151 3677 1192 annon

2098 1220 2150 1274 in
2207 1229 2318 1274 luto
2369 1221 2657 1276 collocavi?
2711 1231 2887 1276 annon
2930 1221 3028 1277 feci
3086 1233 3144 1278 ut
3195 1224 3383 1278 essetis
3432 1226 3681 1280 omnibus

2096 1311 2550 1382 inexpugnabiles,
2575 1312 2754 1366 invicti
2783 1323 2837 1367 et
2863 1313 3170 1367 terribiles?
3195 1328 3372 1369 annon
3394 1323 3670 1384 tamquam

2094 1416 2159 1455 ex
2188 1400 2418 1457 fontibus
2439 1403 2612 1456 omnia
2649 1403 2798 1457 vobis
2828 1418 2858 1458 e
2885 1404 3017 1457 caelo
3041 1412 3095 1458 et
3134 1419 3164 1458 e
3187 1411 3325 1458 terra
3355 1405 3680 1460 manabant?

2092 1491 2204 1548 Hoc
2233 1508 2373 1549 enim
2397 1495 2626 1548 maxime
2666 1495 2898 1548 ostendit
2932 1494 3225 1564 principem
3246 1536 3261 1560 ,
3285 1496 3427 1564 quod
3479 1497 3681 1552 scilicet

2093 1599 2311 1640 suorum
2339 1602 2519 1641 curam
2551 1595 2728 1656 gerat,
2753 1587 2935 1655 eisque
2964 1589 3246 1656 provideat
3269 1603 3333 1642 ac
3363 1590 3672 1657 prosliiciat.

2161 1677 2216 1734 2.
2258 1677 2325 1732 Et
2362 1677 2486 1733 ideo
2533 1679 2742 1733 diccbat
2781 1677 3043 1744 Christus,
3092 1677 3283 1734 Pastor
3335 1675 3512 1747 bonus,
3567 1697 3677 1738 non

2089 1765 2246 1835 dixit,
2276 1767 2564 1823 honoratur
2591 1779 2642 1823 et
2669 1770 2877 1833 colitur,
2925 1769 3019 1824 sed
3064 1771 3285 1822 animam
3334 1787 3478 1823 suam
3527 1773 3668 1840 ponit

2091 1873 2184 1928 pro
2225 1858 2398 1912 ovibus
2446 1859 2550 1914 suis
2599 1858 2802 1930 (Joan.
2829 1859 2914 1915 It).
2947 1861 3004 1914 Il
3034 1859 3077 1929 ).
3129 1859 3244 1914 lloc
3288 1871 3367 1914 est
3411 1861 3678 1930 principa-

2091 1957 2196 2012 tus,
2240 1950 2340 2006 hoc
2386 1959 2468 2005 est
2530 1948 2777 2020 pascendi
2833 1951 3074 2016 scientia,
3124 1964 3217 2004 sua
3284 1950 3571 2020 negligere,
3621 1959 3677 2006 et

2089 2057 2274 2097 eorum
2339 2057 2473 2112 quos
2525 2042 2658 2111 regit
2707 2056 2886 2096 curam
2945 2057 3152 2112 gerere.
3201 2041 3352 2106 Quod
3397 2053 3480 2097 est
3533 2044 3677 2098 enim

2090 2132 2348 2198 medicus,
2396 2133 2499 2188 hoc
2553 2142 2636 2188 est
2679 2134 3075 2204 princeps;vel
3126 2133 3307 2204 potius
3357 2134 3473 2204 plus
3517 2151 3674 2205 quant

2089 2224 2346 2280 medicus.
2388 2224 2618 2280 Medicus
2637 2226 2778 2279 enint
2805 2236 2920 2281 arte
2945 2225 3167 2280 salutem
3189 2236 3494 2295 comparat;
3522 2225 3670 2294 prin-

2088 2327 2218 2382 ceps
2271 2322 2448 2369 autem
2495 2314 2654 2370 etiam
2703 2315 2930 2385 propriis
2984 2315 3251 2384 periculis.
3298 2315 3449 2382 Quod
3499 2317 3663 2370 etiam

2090 2401 2217 2459 fecit
2255 2403 2518 2471 Christus,
2565 2404 2729 2474 alapis
2779 2418 3082 2474 percussus,
3137 2404 3453 2470 cruciﬁxus,
3477 2415 3535 2460 et
3569 2406 3672 2458 alia

2089 2496 2493 2553 innumerabilia
2555 2513 2858 2567 perpessus.
2926 2498 3186 2564 Quocirca
3251 2497 3462 2552 diccbat
3531 2497 3672 2552 Pau~

2089 2589 2172 2643 lus
2199 2607 2212 2643 :
2243 2589 2442 2644 Etenim
2486 2589 2710 2646 Christus
2759 2610 2858 2646 non
2895 2593 2990 2648 sibi
3034 2593 3223 2662 placuit
3255 2635 3270 2659 ,
3303 2595 3392 2648 sed
3427 2595 3671 2664 quemad-

2088 2679 2290 2733 modum
2341 2681 2580 2752 scriptum
2639 2693 2748 2748 est,
2785 2681 3070 2751 Opprobria
3129 2685 3534 2754 exprobrantium
3587 2685 3673 2737 tibi

2088 2771 2370 2825 ceciderunt
2421 2788 2574 2840 super
2620 2772 2743 2844 me(
2787 2774 2934 2827 Rom.
2969 2775 3054 2829 15.
3095 2777 3160 2840 5;
3194 2773 3339 2828 Psal.
3398 2775 3486 2829 68.
3539 2775 3602 2829 I0
3628 2773 3669 2847 ).

2088 2860 2204 2916 Duo
2229 2875 2375 2930 ergo,
2399 2862 2682 2916 intorvero
2726 2863 2844 2926 tria,
2895 2873 3057 2934 atque
3100 2863 3234 2918 adeo
3257 2865 3670 2919 innumerabilia

2093 2950 2180 3007 hic
2207 2953 2356 3022 ponit
2382 2952 2657 3022 beneﬁcia,
2687 2954 2829 3024 quod
2881 2956 3137 3026 eripuerit
3161 2971 3191 3010 a
3219 2957 3480 3023 barbaris,
3527 2958 3667 3026 quod

2084 3040 2390 3098 liberaverit
2415 3043 2482 3098 ab
2507 3045 2674 3099 aliena
2699 3054 2858 3112 terra,
2883 3045 3024 3117 quod
3059 3047 3316 3101 exemerit
3335 3061 3364 3100 a
3385 3049 3660 3112 servitute,

2083 3135 2225 3202 quod
2276 3133 2544 3188 laboribus
2590 3142 2644 3190 et
2699 3133 3074 3192 afﬂictionibus
3125 3138 3282 3191 linctn
3334 3138 3666 3208 imposuerit,

2082 3222 2224 3292 quod
2252 3223 2526 3278 innumera
2570 3225 2753 3279 fecerit
2801 3225 3053 3280 miracula
3089 3247 3102 3282 :
3134 3226 3328 3282 deinde
3378 3229 3519 3299 quod
3570 3243 3665 3284 eos

2082 3313 2242 3368 etiam
2291 3329 2410 3370 esse
2460 3315 2685 3370 voluerit
2739 3315 2856 3386 ejus
2907 3317 3402 3386 sanctiﬁcationem,
3451 3329 3505 3375 et
3550 3319 3666 3388 ejus

2082 3418 2200 3460 esse
2223 3405 2366 3459 dicto
2391 3404 2719 3462 obcdientes.
2763 3407 2894 3462 Nam
2935 3408 3036 3462 hoc
3063 3421 3276 3479 quoque
3299 3424 3402 3464 non
3438 3417 3521 3464 est
3548 3424 3668 3479 par-

2081 3511 2204 3550 vum
2251 3510 2418 3566 genus
2447 3495 2710 3564 beneﬁcii,
2731 3497 2930 3554 referre
2951 3513 3044 3553 eos
3074 3500 3127 3552 in
3163 3515 3437 3555 numerum
3454 3499 3700 3568 eorum,‘

2081 3589 2169 3658 qui
2195 3596 2320 3642 sunt
2348 3589 2446 3643 sub
2471 3589 2586 3657 ejus
2611 3589 2832 3644 ditione.
2859 3590 2910 3644 5.
2947 3589 3089 3644 Mare
3112 3592 3252 3654 vidit,
3285 3602 3329 3644 et
3357 3593 3484 3662 fugit
3507 3607 3528 3655 ;
3548 3591 3673 3644 ἰοῖς

2080 3680 2225 3735 donis
2252 3696 2518 3735 conversus
2539 3691 2609 3735 est
2630 3691 2924 3735 retrorsum.
2956 3682 3089 3737 Vide
3142 3683 3435 3737 orationem
3491 3699 3661 3752 exag~

2080 3779 2337 3840 geratam,
2374 3780 2428 3826 et
2455 3773 2830 3841 ampliﬁcatum
2859 3772 3197 3828 beneﬁcium.
3224 3774 3358 3841 Quid
3381 3774 3546 3837 enim,
3581 3775 3664 3827 itt-

2080 3862 2213 3930 quit.
2241 3862 2520 3916 dicendum
2567 3871 2648 3914 est
2673 3861 2740 3916 de
2778 3862 3017 3916 barbaris
3059 3873 3112 3917 et
3135 3865 3402 3932 gentibus,
3449 3862 3663 3932 quando

2081 3951 2241 4005 cessit
2263 3951 2421 4004 etiam
2449 3960 2710 4014 creatura,
2737 3959 2787 4004 et
2811 3951 2981 4004 locum
3013 3952 3178 4018 dedit,
3206 3961 3260 4006 et
3284 3967 3544 4007 conversa
3576 3962 3660 4009 est

2081 4041 2146 4096 ad
2167 4043 2451 4108 contraria,
2477 4041 2767 4111 respiciens
2821 4041 2886 4094 ad
2935 4043 3327 4109 imperatorem,
3373 4051 3428 4096 et
3467 4043 3670 4097 cedens

2082 4133 2200 4186 duci
2227 4133 2404 4202 pepuli
2424 4133 2445 4185 ?
2469 4131 2594 4188 Hmc
2619 4131 2760 4185 enim
2777 4130 2953 4186 omnia
2978 4140 3101 4184 tunc
3125 4131 3437 4185 eveniebant
3459 4132 3658 4200 populo

2083 4221 2446 4286 Hebraeorum,
2479 4229 2536 4276 ut
2585 4220 2781 4275 scirent
2833 4234 2937 4274 non
2990 4219 3152 4274 fuisse
3199 4219 3442 4272 humana:
3469 4231 3693 4274 conse-‘

2079 4313 2310 4382 quentiae
2349 4327 2410 4366 ea
2451 4326 2568 4382 qua:
2592 4311 2928 4376 eveniebant,
2957 4309 3049 4363 sed
3082 4309 3258 4365 omnia
3308 4307 3468 4363 fuisse
3495 4307 3666 4364 mira-

2052 4406 2203 4463 .bilia
2233 4418 2393 4469 opera
2424 4403 2614 4457 divinae
2641 4412 2696 4458 et
2725 4402 3005 4457 ineﬂ'abilis
3029 4403 3299 4472 potentize.
3325 4401 3456 4456 Vide
3483 4408 3662 4456 autem

2077 4496 2371 4566 emphasim
2401 4495 2667 4562 dictionis,
2697 4503 2750 4550 et
2775 4510 2930 4564 quam
2962 4495 3030 4548 sit
3062 4494 3262 4563 Optime
3303 4493 3492 4563 posita.
3538 4492 3654 4552 Non

2079 4591 2210 4644 dixit
2237 4592 2399 4654 enim,
2427 4589 2618 4653 CCSSII,
2649 4599 2756 4652 aut,
2789 4588 3036 4643 Substitit
3062 4605 3075 4642 :
3105 4588 3197 4642 sed
3226 4588 3391 4657 quid?
3411 4587 3556 4642 Mare
3577 4588 3658 4642 ei.

2071 4685 2172 4750 dit,
2201 4692 2246 4737 et
2271 4683 2400 4754 fugit
2425 4697 2444 4736 :
2472 4695 2715 4736 recessus
2741 4681 3064 4735 celeritatem
3095 4679 3212 4749 fuga
3244 4681 3428 4734 volens
3472 4689 3659 4735 osten.

2078 4772 2224 4836 dere,
2275 4772 2686 4841 magnitudinem
2713 4772 3097 4838 adtn7ratitittis,
3144 4781 3197 4826 et
3222 4771 3524 4828 facilitatem
3564 4771 3660 4832 Dei

2079 4865 2420 4934 operationis.

2154 4955 2404 5009 Miracula
2428 4971 2525 5010 non
2568 4965 2748 5010 temere
2780 4959 2936 5026 facta.
2959 4985 3032 4998 -—
3056 4957 3123 5011 Et
3150 4974 3215 5012 ne
3245 4960 3362 5028 quis
3390 4958 3659 5014 existimet

2081 5044 2182 5100 hoc
2207 5055 2354 5100 certo
2384 5046 2637 5114 temporis
2665 5046 2863 5100 ambitu
2888 5056 2978 5101 aut
3019 5049 3234 5102 fortuito
3263 5050 3539 5110 accidisse,
3590 5046 3660 5103 ab

2081 5137 2172 5190 illo
2217 5146 2455 5204 tempore
2503 5152 2606 5190 non
2649 5139 2874 5206 amplius
2923 5138 3115 5198 factum
3168 5147 3271 5204 est,
3320 5139 3414 5192 sed
3467 5138 3656 5206 semel,

2079 5227 2292 5297 quando
2319 5229 2458 5282 Deus
2489 5228 2666 5298 jussit,
2697 5229 2854 5298 idque
2881 5234 3025 5284 varie
3054 5231 3106 5282 in
3137 5229 3362 5282 diversis
3391 5224 3654 5296 personis.

2079 5317 2314 5373 Insolens
2336 5319 2476 5373 enim
2507 5319 2766 5375 undarum
2799 5321 3044 5388 impetus,
3077 5320 3236 5372 veluti
3281 5320 3574 5385 animatus,
3603 5331 3658 5382 et

2081 5410 2286 5464 ratione
2313 5411 2580 5478 praeditus,
2612 5411 2720 5466 Deo
2745 5411 2981 5480 jubente.
3013 5411 3109 5462 hos
3135 5408 3346 5477 quidem
3380 5411 3652 5477 servavit,

2081 5500 2197 5555 illos
2249 5517 2378 5555 vero
2430 5503 2657 5572 perdidit
2709 5503 2727 5569 (
2752 5501 2920 5555 Exod.
2968 5501 3077 5572 II)
3111 5517 3125 5554 :
3157 5502 3274 5556 aliis
3317 5503 3654 5572 sepulcrum,

2079 5591 2196 5645 aliis
2228 5591 2322 5644 fuit
2360 5593 2676 5646 vehiculum.
2708 5591 2818 5644 lloc
2845 5590 3015 5660 ipsum
3044 5593 3204 5646 etiam
3231 5593 3422 5648 videtis
3447 5594 3498 5649 in
3550 5595 3657 5650 Ior-

2083 5696 2212 5739 nnce
2238 5682 2554 5757 Babylonica
2606 5685 2626 5755 (
2659 5679 2794 5739 Dan.
2827 5681 2862 5740 ὅ
2891 5681 2928 5755 ).
2955 5682 3095 5754 Ignis
3124 5685 3264 5743 enim
3307 5687 3399 5760 qui
3450 5697 3648 5749 temere
