4062 6208
518 294 626 351 307

520 420 575 465 et
602 422 727 463 casu
756 405 1044 471 ferebatur,
1078 405 1496 461 moderationem
1522 417 1577 461 et
1599 418 1804 462 certum
1852 405 2090 459 ordinem

522 498 771 562 ostendit,
798 496 1012 567 quattdo
1038 496 1176 552 Deus
1200 498 1470 565 ptaecepit,
1488 512 1584 551 eos
1605 492 1814 567 quidem
1838 498 2098 567 quierant

523 590 685 648 intus,
715 600 1038 641 conservans
1061 605 1076 650 ;
1104 601 1198 641 eos
1227 600 1354 640 vero
1377 587 1467 655 qui
1490 584 1618 641 foris
1646 586 1919 649 sedebant.
1948 587 2095 640 inva-

521 677 656 733 dens
675 688 729 732 et
751 690 1073 735 consumens
1091 674 1251 748 (Dan.
1272 676 1352 745 5).
1378 676 1623 730 Jordanis
1634 693 1896 733 convenas
1918 685 1989 731 est
2016 693 2099 731 re-

520 777 757 825 trorsum.
779 766 961 821 Vidisti
990 776 1040 820 et
1069 766 1118 819 in
1136 765 1361 821 diversis
1391 767 1715 835 temporibus
1737 766 1854 821 etin
1873 767 2096 821 diversis

518 856 649 913 locis
672 855 1154 912 fierimiracula?l)t
1180 856 1319 913 enim
1338 856 1537 910 scirent
1552 856 1642 911 Dei
1672 858 1959 925 potentiam
1982 856 2095 910 ubi.

519 962 621 1014 que
633 960 751 1001 esse
774 956 1067 1007 cxtensam.
1089 959 1141 1001 et
1157 956 1272 1001 loco
1289 962 1394 1002 non
1411 948 1654 1005 concludi
1684 969 1697 1004 :
1720 958 1773 1001 et
1798 948 1849 1001 in
1872 948 2093 1005 harbara

520 1038 753 1108 regione.
773 1048 822 1093 et
845 1039 895 1092 in
912 1038 1215 1106 solitudine,
1237 1049 1290 1094 et
1312 1039 1505 1110 ubique
1529 1039 1698 1095 adfuit
1713 1039 1914 1097 faciens
1931 1040 2092 1097 mira-

518 1130 654 1195 cula,
676 1139 730 1184 et
758 1138 883 1185 tunc
907 1129 1119 1199 quidem
1149 1131 1199 1184 in
1212 1131 1367 1198 mari,
1395 1147 1535 1185 nunc
1552 1140 1728 1186 autem
1744 1132 1796 1187 in
1826 1131 2013 1196 fluviis,
2040 1140 2094 1187 et

517 1227 642 1274 tunc
663 1218 875 1289 quidem
895 1219 994 1275 sub
1015 1219 1178 1287 Mose,
1196 1230 1375 1291 postea
1403 1231 1580 1279 autem
1608 1224 1706 1277 sub
1730 1223 1887 1279 Jesu:
1909 1238 1974 1279 ac
2000 1238 2093 1291 per

515 1310 768 1365 miracula
798 1310 989 1380 ubique
1010 1311 1520 1377 transmittebantur,
1558 1313 1772 1369 utnullo
1784 1329 1941 1369 sensu
1961 1329 2094 1382 pra:-

515 1399 679 1454 ditam
709 1408 965 1466 mentem,
994 1401 1290 1471 duramque
1315 1416 1466 1456 suam
1498 1402 1895 1473 intelligentiam
1926 1402 2091 1456 mira-

511 1491 646 1547 culis
666 1491 978 1558 emollitam,
998 1492 1259 1565 mitiorem
1277 1492 1559 1551 redderent
1582 1502 1636 1551 et
1661 1493 1826 1563 magis
1849 1493 2091 1552 idoneam

511 1580 578 1634 ad
599 1580 988 1649 suscipiendam
1008 1580 1098 1635 Dei
1115 1580 1490 1651 cognitionem.
1513 1582 1567 1637 4.
1588 1581 1785 1641 Montes
1810 1583 2089 1641 exsultave-

511 1682 632 1725 runt
650 1681 704 1724 ut
715 1673 917 1737 arietes,
933 1680 977 1725 et
1004 1670 1156 1725 colles
1181 1671 1311 1726 sicut
1338 1673 1459 1743 agni
1480 1673 1660 1727 ovium.
1683 1672 1780 1728 Hic
1804 1674 1955 1727 nobis
1980 1675 2090 1727 ori-

512 1768 600 1814 tur
635 1774 740 1815 uon
772 1774 932 1829 parva
959 1760 1201 1829 qumstio.
1230 1760 1476 1817 Nonnulli
1514 1762 1654 1818 enim
1679 1763 1977 1819 dubitantes
2004 1765 2089 1821 di-

509 1858 675 1905 cunt:
705 1849 891 1904 Priora
911 1852 1122 1921 quidem
1140 1851 1275 1907 facta
1303 1867 1423 1909 esse
1450 1855 1678 1919 scimus;
1708 1857 1922 1911 historia
1948 1858 2087 1913 enim

512 1938 755 2004 tradidit,
781 1948 833 1995 et
853 1939 1079 1995 divisum
1106 1940 1270 1997 fuisse
1300 1944 1352 1997 in
1395 1946 1541 2001 exitu
1564 1959 1710 2001 mare
1734 1946 2002 2014 Rubrum,
2034 1956 2090 2004 et

509 2029 794 2090 Jnrdanem
818 2030 981 2094 fuisse
1009 2041 1152 2087 retro
1175 2047 1511 2103 conversum,
1533 2036 1745 2107 quando
1766 2055 1885 2094 arca
1918 2050 2088 2100 trans-

508 2120 601 2179 ivit
646 2138 661 2175 :
700 2121 994 2183 exsultasse
1030 2132 1210 2181 autem
1265 2136 1472 2183 montes
1511 2138 1567 2182 et
1601 2130 1800 2195 colles,
1832 2133 1931 2188 hoc
1959 2149 2087 2190 nus-

509 2227 669 2285 quam
695 2214 951 2284 scriptum
972 2230 1093 2271 esse
1119 2216 1375 2281 videmus.
1398 2218 1533 2291 Quid
1555 2219 1655 2279 hoc
1675 2238 1801 2293 ergo
1819 2226 1917 2280 sibi
1942 2226 2087 2293 vult!

508 2300 710 2359 Volcns
738 2302 993 2373 propheta
1022 2304 1255 2365 laetitiam
1285 2317 1340 2367 et
1367 2309 1738 2369 miraculorum
1764 2315 2084 2385 magnitudi-

508 2406 631 2445 nem
660 2390 1000 2463 hyperbolice
1025 2396 1333 2462 ostendere,
1364 2399 1444 2453 vel
1473 2400 1584 2470 ipsa
1612 2401 1897 2460 inauimata
1926 2407 2082 2462 indu-

506 2480 580 2534 cit
613 2479 808 2536 choros
848 2484 1230 2553 pmpemodum
1255 2486 1500 2544 ducentia
1527 2499 1582 2548 et
1609 2493 1900 2551 exsilientia
1918 2537 1935 2563 ,
1962 2512 2083 2575 qua:

505 2569 723 2638 quidem
761 2571 937 2630 solent
973 2574 1089 2632 fieri
1121 2576 1189 2631 ab
1224 2576 1288 2637 iis
1324 2580 1415 2648 qui
1443 2581 1622 2642 Letitia
1647 2569 2082 2651 afficiuntur.on

504 2674 636 2731 ergo
665 2671 870 2730 spectat
911 2664 1140 2733 adjectio
1177 2668 1319 2724 illius
1350 2672 1739 2743 similitudinis,
1777 2677 2078 2750 Utarictes,

503 2760 552 2805 et
578 2760 632 2804 ut
658 2752 777 2823 agni
797 2755 982 2808 ovium.
1012 2754 1103 2817 illa
1129 2759 1268 2814 enim
1290 2762 1536 2823 animalia
1562 2768 1774 2837 quando
1797 2771 2078 2842 ltetantur,

504 2843 679 2899 solent
721 2844 942 2902 saltibus
988 2851 1271 2909 ostendere
1320 2854 1577 2919 laetitiam.
1624 2859 2080 2930 Quemadmodum

506 2949 634 3005 ergo
656 2937 790 2994 alius
815 2939 944 2996 dicit
968 2942 1020 3001 in
1049 2943 1437 3004 Calamilatibus
1470 2951 1675 3007 vineam
1704 2963 1761 3010 et
1786 2957 1964 3014 vinum
1995 2959 2079 3016 lu-

502 3025 680 3118 xisse,
721 3042 827 3084 non
866 3031 1007 3099 quod
1046 3034 1166 3090 vitis
1193 3035 1368 3108 lugeat
1387 3037 1539 3110 (Isai.
1565 3040 1656 3103 24.
1685 3043 1738 3110 7)
1766 3062 1781 3099 :
1811 3050 2079 3118 quomodo

503 3117 645 3172 enim
667 3117 840 3191 lugeat
860 3124 983 3178 vitis
1004 3124 1027 3178 τ
1046 3126 1141 3181 sed
1163 3127 1346 3184 volens
1364 3131 1621 3202 insignem
1646 3117 1929 3196 mcerorem
1949 3156 2079 3199 ocu-

503 3205 572 3262 lis
612 3209 773 3269 veluti
814 3211 1107 3284 subjicere,
1144 3217 1304 3273 etiam
1348 3221 1461 3292 ipsa
1499 3224 1784 3289 inanimato
1804 3246 1925 3289 eum
1950 3247 2077 3295 sen-

502 3298 639 3367 sisse
674 3299 799 3359 dicit
844 3303 1185 3375 hyperbolice
1220 3326 1234 3360 :
1263 3310 1335 3369 ita
1360 3310 1448 3369 hic
1469 3315 1628 3371 etiam
1649 3318 1851 3379 inducit
1871 3336 2080 3380 creato,

500 3402 616 3483 ram
781 3391 978 3449 laetitiae
1001 3398 1330 3469 participem,
1361 3413 1419 3458 ut
1443 3408 1746 3466 ostenderet
1768 3414 1942 3483 gaudii
1967 3432 2080 3472 ma:-

501 3481 854 3548 gnitndinem.
913 3485 988 3542 lta
1037 3489 1199 3546 etiam
1258 3494 1492 3553 solemus
1551 3499 1731 3557 dicere
1756 3481 1790 3570 ,⁷
1821 3519 1943 3576 quae
1990 3507 2077 3566 hic

502 3580 628 3625 sunt
652 3571 772 3627 laeta
803 3574 1040 3635 evasisse
1057 3620 1076 3644 .
1109 3583 1321 3651 quando
1346 3584 1515 3642 virum
1544 3571 1857 3650 honoratum
1879 3596 2077 3655 videri-

502 3676 621 3716 mus
640 3664 929 3722 accessisse
969 3681 985 3727 ;
1026 3667 1313 3740 lmplevisti
1350 3675 1565 3739 domum
1611 3680 1791 3738 laetitia
1825 3702 1969 3743 :non
2007 3690 2079 3748 de

499 3750 792 3818 parietibus
816 3754 1088 3829 loquentes
1107 3801 1124 3825 ,
1154 3763 1247 3819 sed
1277 3765 1484 3837 insigne
1509 3771 1758 3840 gaudium
1784 3777 2075 3840 ostenden-

456 3846 459 3849 λ
501 3850 603 3898 tes.
637 3843 692 3898 5.
727 3844 862 3912 Quid
888 3857 960 3903 est
986 3850 1108 3917 tibi,
1139 3858 1439 3927 mamqttod
1465 3861 1668 3932 fugisti,
1696 3875 1744 3919 et
1772 3876 1856 3933 tu,
1886 3868 2078 3926 Iorda-

499 3937 579 3991 nis
594 3979 610 4003 ,
645 3939 765 4007 quia
786 3955 1051 3999 conversus
1077 3962 1130 4001 es
1189 3961 1459 4006 retrorsum
1475 3954 1502 4008 ?
1536 3956 1588 4010 6.
1626 3955 1825 4016 Montes
1849 3964 2076 4023 multae

496 4032 589 4086 stis
623 4033 754 4089 sicut
788 4036 999 4099 arietes.
1036 4047 1085 4092 et
1118 4041 1272 4096 colles
1335 4044 1465 4099 sicut
1488 4049 1610 4117 agni
1631 4050 1794 4105 ovium
1815 4053 1842 4106 ?
1869 4054 1970 4108 Per
1992 4056 2075 4113 in.

492 4122 908 4192 .terrogationem
952 4126 1156 4196 profert
1192 4127 1517 4200 orationem,
1559 4148 1611 4193 et
1646 4155 1766 4213 cum
1796 4145 2075 4209 elementis

497 4211 757 4282 loquitur,
801 4215 989 4272 eodem
1015 4233 1175 4275 sensu
1194 4261 1210 4286 ,
1237 4237 1342 4293 quo
1364 4215 1427 4278 ea
1456 4225 1588 4286 dixit
1611 4211 1846 4289 exsilire.
1875 4232 2073 4301 Quemv

494 4300 781 4360 admodum
811 4306 953 4361 enim
981 4323 1041 4363 ea
1069 4309 1310 4375 dicebat,
1339 4329 1444 4369 non
1469 4316 1548 4375 eis
1575 4333 1790 4380 sensum
1815 4325 2072 4394 tribuens,

495 4393 588 4448 sed
612 4434 628 4459 ,
672 4404 731 4451 ut
770 4394 875 4464 iam
913 4397 1053 4463 dixi,
1100 4400 1358 4471 insignem
1401 4403 1634 4465 laetitiam
1672 4414 1991 4481 ostendens,

495 4499 675 4541 rerum
715 4496 984 4555 gestarum
1026 4491 1440 4560 magnitudinem
1473 4513 1487 4550 :
1517 4497 1590 4556 ita
1628 4501 1787 4561 etiam
1816 4506 1895 4559 eis
1918 4509 2074 4567 affert

495 4575 961 4647 interrogationem
991 4598 1007 4634 :
1037 4597 1141 4636 non
1174 4591 1231 4637 ut
1255 4600 1374 4655 quas
1403 4590 1727 4657 respondere
1758 4598 1957 4663 rossint
1975 4639 1991 4663 ,
2018 4610 2075 4656 et

494 4678 708 4720 sensum
734 4667 988 4757 habeant,
1018 4671 1113 4726 sed
1139 4674 1353 4744 utquod
1372 4675 1567 4733 dicitur
1587 4678 1784 4749 efficiat
1805 4688 2065 4757 apertius,

488 4764 549 4809 ot
590 4756 836 4811 ostendat
878 4773 990 4813 rem
1033 4761 1586 4837 esse‘admirabilem,
1613 4780 1668 4827 et
1692 4786 1946 4845 superare
1970 4756 2070 4836 ho?

492 4843 694 4898 minum
721 4846 1046 4914 opinionem.

560 4935 614 4990 5.
658 4935 945 5007 Tamquam
990 4949 1167 4997 autem
1208 4958 1296 5000 res
1339 4961 1472 5004 nova
1507 4947 1643 5007 facta
1669 4965 1848 5023 esset,
1874 4966 1930 5015 et
1961 4976 2067 5018 non

486 5040 554 5081 ex
592 5037 847 5084 consueta
882 5034 1089 5087 natura:
1126 5040 1502 5106 consequentia
1528 5044 1822 5112 evenisset,
1849 5049 2068 5118 subjun-

487 5119 560 5185 git
606 5118 1103 5188 interrogationem,
1134 5133 1189 5177 et
1206 5125 1386 5195 adjicit
1414 5133 1836 5200 responsionem.
1860 5136 2067 5211 Quam-

480 5206 656 5263 itam?
716 5211 761 5264 l.
812 5209 857 5265 Α
900 5209 1031 5278 facie
1082 5210 1293 5269 Domini
1341 5227 1476 5272 mota
1524 5232 1598 5275 est
1644 5233 1811 5290 terra,
1860 5206 1892 5279 a
1935 5230 2065 5301 [acie

483 5295 583 5352 Dei
625 5299 806 5355 Jacob.
854 5302 952 5359 Iiic
980 5320 1165 5362 rursus
1205 5307 1332 5364 dicit
1359 5322 1595 5381 motum,
1634 5295 2059 5392 perculsionetn,

481 5389 886 5448 admirationem
902 5435 918 5461 ,
951 5405 1006 5450 ut
1029 5398 1272 5454 ostendat
1297 5416 1477 5461 rerum
1502 5414 1772 5475 gestarum
1796 5389 2058 5481 magnitui-

477 5477 681 5536 dinem.

550 5566 690 5661 Deus
727 5571 900 5661 (Jacob
926 5573 1175 5635 Dominus
1218 5598 1282 5636 ea:
1323 5584 1453 5638 servi
1502 5588 1701 5642 nomine
1749 5591 2054 5661 appellatus.

481 5682 554 5697 ’-
571 5656 772 5720 Deinde
790 5672 1091 5727 monstrans
1114 5684 1309 5752 quanta
1336 5689 1424 5741 res
1449 5677 1519 5739 sit
1542 5679 1696 5744 unius
1727 5656 1829 5739 viri
1853 5683 2044 5761 virtus,

1296 294 1353 349 S.
1395 292 1673 350 JOANNIS
1708 287 2179 351 CHRYSOSTOMI
2218 288 2529 347 ARCHIEP.
2571 290 3099 351 CONSTANTINOP.

3677 297 3778 354 δοῦ

2199 418 2267 456 ex
2311 405 2451 460 servi
2493 407 2707 463 nomine
2748 409 3035 479 appellavit
3064 409 3358 465 Dominum.
3384 409 3540 479 Quod
3562 409 3777 482 quidem

2199 491 2396 547 Paulus
2435 509 2644 565 quoque
2679 498 2809 554 dicit
2836 500 2995 554 fuisse
3024 514 3120 569 pro
3143 500 3379 555 maximo
3410 502 3619 556 honore
3647 517 3779 557 con-

2199 597 2410 639 cessum
2436 585 2542 641 illis
2567 589 2765 642 sanctis
2783 630 2797 653 ,
2828 589 3075 659 quoniam
3104 589 3252 648 liberi
3275 600 3428 653 erant
3446 591 3515 646 ah
3535 592 3780 647 omnibus

2198 688 2316 743 qua:
2342 674 2566 732 adhunc
2584 678 2740 735 vitam
2758 680 3108 747 pertinebant.
3126 679 3238 735 Non
3251 681 3423 741 solum
3444 681 3588 741 enim
3610 685 3778 751 posoit

2179 767 2342 822 illum
2370 766 2658 833 honorem,
2686 769 2782 825 sed
2811 770 2970 829 etiam
2990 771 3185 842 adjecit
3204 787 3419 827 causam
3450 773 3690 837 honoris,
3720 783 3777 830 ιιι

2196 857 2489 915 auditorem
2531 858 2747 915 doceret
2782 861 2945 925 viam,
2997 877 3092 932 per
3135 878 3291 932 quam
3333 873 3512 937 posset
3550 867 3774 941 primum

2200 946 2338 1002 hunc
2380 949 2550 1006 locum
2591 951 2848 1007 obtinere.
2888 950 3227 1019 Quemnam?
3269 952 3337 1010 Ut
3380 971 3447 1017 ex
3489 972 3767 1016 servorum

2198 1037 2412 1105 nomine
2459 1038 2714 1100 Dominus
2752 1050 2990 1097 vocetur.
3039 1041 3295 1109 Quocirca
3341 1043 3550 1100 dicebat
3597 1064 3611 1100 :
3648 1045 3775 1110 Pro-

2196 1138 2305 1195 pter
2337 1145 2489 1199 quam
2522 1146 2724 1191 causam
2751 1148 2850 1186 non
2875 1132 3114 1187 erubescit
3143 1132 3281 1191 Deus
3300 1175 3316 1203 ,
3340 1134 3476 1197 Deus
3500 1153 3672 1200 eorum
3692 1155 3776 1192 oo.

2193 1204 2301 1271 (an
2352 1217 2542 1288 (Hebr.
2596 1221 2682 1275 11.
2732 1220 2841 1292 16).
2888 1221 3164 1290 Quomodo
3219 1225 3585 1297 appellabatur
3638 1227 3771 1288 Deus

2195 1306 2474 1374 ipsorum?
2524 1308 2713 1364 Diccns
2757 1327 2772 1365 :
2820 1309 2929 1386 Ego
2972 1328 3086 1367 sum
3128 1311 3269 1369 Deus
3309 1314 3597 1386 Abraham,
3637 1315 3778 1375 Deus

2193 1396 2377 1467 Isaac,
2424 1410 2471 1454 et
2511 1400 2645 1457 Deus
2681 1401 2839 1463 Iacob
2889 1400 3080 1474 (Exod.
3126 1406 3180 1460 ὅ.
3221 1405 3300 1476 6).
3332 1406 3534 1469 Deinde
3562 1422 3765 1484 ponens

2194 1489 2352 1551 etiam
2397 1493 2641 1560 superius
2674 1508 2886 1554 causam
2916 1496 3035 1558 talis
3060 1499 3385 1565 vocationis,
3416 1500 3550 1557 dixit
3577 1519 3592 1557 :
3623 1501 3692 1556 Et
3725 1503 3774 1567 bi

2194 1595 2363 1641 omnes
2390 1584 2573 1643 mortui
2600 1594 2715 1641 sunt
2738 1627 2754 1647 .
2783 1602 2883 1643 non
2915 1589 3133 1657 acceptis
3152 1592 3566 1660 promissionibus
3585 1636 3601 1660 ,
3627 1596 3716 1649 sed
3737 1613 3771 1658 ιι

2193 1673 2341 1743 longe
2378 1688 2465 1729 eas
2497 1676 2796 1743 aspicientes
2818 1687 2869 1732 et
2893 1678 3199 1748 salutantes,
3234 1695 3281 1736 et
3305 1686 3595 1751 conﬁtentes
3612 1726 3630 1752 ,
3655 1688 3769 1757 quia

2193 1765 2444 1834 peregrini
2465 1776 2581 1820 sunt
2601 1777 2648 1827 et
2659 1767 2880 1839 hospites
2900 1769 3080 1840 (Hebr.
3105 1773 3192 1828 11.
3213 1774 3327 1847 15).
3349 1775 3474 1839 Hmc
3489 1788 3569 1833 est
3589 1794 3763 1850 causa,

2191 1863 2247 1909 et
2289 1856 2407 1911 ideo
2450 1858 2720 1927 subjunxit
2747 1859 3001 1932 :Propter
3027 1869 3158 1926 hanc
3180 1882 3382 1926 causam
3408 1887 3509 1930 non
3533 1872 3769 1927 erubescit

2195 1945 2330 2002 Deus
2349 1950 2515 2003 vocari
2541 1949 2677 2005 Deus
2700 1967 2871 2007 eorum
2900 1953 3063 2025 (Ibid.
3090 1972 3137 2019 υ.
3170 1958 3277 2031 16).
3310 1959 3537 2031 Propter
3574 1966 3767 2035 quam?

2189 2040 2447 2105 Quoniam
2479 2042 2707 2100 confessi
2746 2056 2870 2103 sunt
2892 2063 3012 2105 esse
3036 2066 3096 2106 se
3124 2051 3360 2123 hospites
3383 2066 3436 2112 et
3464 2059 3768 2130 peregrinos

2190 2128 2350 2203 (Ibid.
2377 2149 2424 2186 υ.
2457 2134 2548 2204 15)
2568 2174 2583 2199 ,
2615 2143 2669 2190 et
2692 2135 2825 2191 nihil
2849 2137 3046 2196 habere
3084 2156 3368 2201 commune
3387 2128 3507 2203 cum
3529 2163 3764 2219 przesens

2188 2223 2329 2281 tibus
2360 2242 2375 2288 ;
2404 2225 2498 2286 sed
2535 2225 2760 2296 sejuncti
2797 2228 2866 2286 ab
2905 2230 2972 2285 iis
2997 2246 3117 2302 qua:
3146 2234 3213 2290 ad
3246 2235 3383 2293 hanc
3409 2238 3570 2294 vitam
3602 2242 3767 2312 perti-

2187 2324 2347 2380 nent,
2378 2316 2449 2377 ita
2491 2315 2752 2388 degebant
2792 2320 2846 2376 itt
2882 2321 3056 2380 aliena
3104 2334 3266 2381 terra.
3304 2328 3357 2383 8.
3388 2328 3489 2397 Qui
3527 2334 3767 2401 convertit

2185 2415 2376 2476 petram
2402 2407 2455 2462 in
2478 2417 2657 2481 stagna
2672 2426 2915 2475 aquarum
2933 2454 2950 2480 ,
2976 2423 3024 2467 et
3045 2431 3221 2485 rupem
3243 2417 3297 2471 in
3316 2417 3478 2488 fontes
3495 2438 3765 2492 aquarum.

2183 2494 2511 2568 Quamnam,
2554 2514 2770 2568 quasso,
2811 2503 3018 2568 veniam
3063 2520 3480 2580 consequentur,
3521 2515 3612 2584 qui
3641 2528 3763 2580 sunt

2182 2583 2336 2652 duri,
2365 2596 2419 2642 et
2462 2603 2568 2647 non
2612 2588 2762 2653 facile
2802 2592 3023 2661 cedunt,
3050 2611 3171 2665 eum
3208 2608 3264 2654 et
3304 2612 3450 2678 petra
3498 2583 3556 2658 ct
3606 2621 3767 2677 rupes

2181 2690 2301 2747 quae
2329 2687 2412 2733 est
2437 2675 2568 2733 dura
2594 2691 2649 2735 et
2677 2681 2955 2755 resistens,
2978 2685 3132 2741 cedat
3154 2675 3326 2756 jussui
3352 2692 3580 2759 Domini,
3605 2675 3767 2756 homo

2182 2775 2388 2832 autem,
2431 2768 2521 2847 qui
2562 2779 2642 2825 est
2681 2772 2886 2832 ratione
2920 2785 3141 2841 ornatus
3165 2789 3220 2833 et
3246 2780 3492 2838 omnibus
3518 2799 3765 2842 mansues

2183 2857 2314 2925 tior,
2356 2858 2459 2913 illis
2484 2859 2672 2921 evadat
2695 2861 2916 2925 durior?
2942 2864 3145 2947 Rupem
3173 2868 3315 2924 enim
3346 2870 3431 2927 hic
3456 2871 3620 2941 dicit,
3647 2890 3765 2945 quas

2181 2948 2335 3005 facile
2358 2948 2502 3005 ferro
2521 2965 2625 3009 non
2653 2952 2827 3021 cedit,
2856 2955 2949 3011 sed
2978 2957 3065 3013 vix
3090 2958 3142 3014 in
3171 2960 3366 3028 vertice
3387 2963 3760 3036 confringitnr,

2178 3037 2272 3093 llla
2320 3050 2492 3095 tamen
2539 3042 2592 3096 in
2646 3045 2965 3100 contrariam
3008 3056 3250 3109 naturam
3301 3050 3513 3109 redacta
3558 3064 3680 3122 est,
3709 3065 3765 3113 et

2179 3130 2354 3187 fontes
2392 3147 2648 3203 aquarum
2694 3136 2892 3192 emisit.
2941 3136 3156 3195 Natura:
3195 3142 3338 3205 enim
3374 3140 3563 3213 Opifex
3589 3155 3765 3215 potest

2180 3222 2326 3292 ipsos
2363 3239 2576 3295 quoque
2613 3227 2902 3284 transferre
2936 3229 3225 3299 terminos,
3254 3242 3308 3296 et
3331 3249 3450 3303 qua:
3476 3245 3602 3291 sunt
3628 3252 3763 3293 con-.

2182 3313 2344 3370 traria
2386 3314 2671 3379 ostendere
2718 3335 2734 3373 :
2778 3318 2921 3408 quod
2945 3334 3316 3394 saepenumero
3342 3322 3469 3383 fecit
3496 3326 3551 3382 in
3582 3330 3764 3399 multis

2179 3402 2345 3472 locis,
2392 3406 2679 3471 ostendens
2717 3421 2778 3464 se
2806 3402 2943 3469 'eum
2978 3425 3127 3478 esse,
3162 3415 3252 3486 qui
3276 3428 3342 3479 ex
3372 3415 3437 3477 iis
3460 3457 3476 3484 ,
3506 3433 3630 3489 quae
3659 3436 3765 3486 non

2177 3503 2335 3563 sunt,
2379 3494 2507 3552 fecit
2548 3498 2748 3554 omnia.
2789 3500 3075 3573 Postquam
3112 3518 3240 3577 ergo
3263 3506 3399 3571 dixit
3421 3511 3640 3582 antiqua
3670 3513 3766 3569 be-

2177 3586 2367 3650 neficia
2392 3626 2409 3654 ,
2458 3587 2741 3656 miracula,
2790 3591 3067 3664 prodigia,
3118 3596 3387 3668 quomodo
3435 3599 3683 3659 liberavit
3731 3618 3764 3667 a

2176 3675 2451 3740 barbarica
2491 3681 2781 3751 servitute,
2829 3686 3097 3755 quomodo
3114 3688 3321 3754 reduxit
3340 3690 3391 3747 in
3423 3691 3759 3763 libertatem,

2176 3766 2445 3836 quomodo
2486 3771 2707 3827 mutavit
2742 3773 3037 3849 elementa,
3082 3788 3137 3834 et
3174 3780 3351 3846 omnia
3378 3783 3606 3853 replevit
3632 3784 3762 3853 lani-

2179 3859 2284 3928 tia,
2331 3871 2482 3932 rogat
2518 3865 2676 3923 etiam
2706 3881 2807 3937 pro
2839 3870 3187 3944 prtesentibus
3224 3882 3277 3928 et
3300 3872 3368 3935 ad
3398 3889 3520 3929 eum
3552 3886 3760 3946 portum

2176 3950 2429 4022 confugit,
2477 3951 2676 4019 Deinde
2712 3958 2963 4036 quoniam
3004 3959 3132 4026 illud
3170 3976 3382 4044 quoque
3410 3962 3608 4021 factum
3637 3976 3759 4049 est,

2179 4057 2283 4096 non
2316 4055 2531 4115 propter
2553 4048 2737 4103 merita
2767 4065 2951 4107 eorum
2976 4051 3065 4129 qui
3085 4051 3455 4119 efficiebantur
3477 4048 3759 4124 beneficio,

2176 4134 2271 4190 sed
2309 4146 2527 4207 propter
2563 4137 2657 4195 Dei
2694 4138 3071 4214 benignitatem
3101 4155 3154 4199 et
3183 4145 3517 4212 clementiam
3536 4191 3552 4217 ,
3580 4158 3638 4206 et
3663 4166 3760 4214 no-

2179 4240 2300 4281 men
2331 4227 2446 4301 ejus
2475 4246 2490 4284 :
2518 4229 2656 4300 quod
2679 4230 2892 4301 quidem
2919 4231 3083 4297 dixit:
3113 4232 3183 4300 Ut
3210 4251 3311 4291 non
3338 4238 3636 4307 profanetur
3660 4257 3758 4297 no-

2177 4334 2290 4374 men
2334 4326 2502 4381 nteuni
2545 4319 2756 4392 (Emit.
2795 4322 2884 4390 20.
2917 4322 2971 4396 9)
2994 4366 3009 4390 ,
3039 4325 3133 4381 sed
3161 4327 3332 4381 sciant
3357 4344 3547 4386 omnes
3575 4348 3673 4403 per
3693 4347 3756 4395 es

2176 4425 2295 4480 qua:
2338 4409 2477 4468 facta
2518 4422 2671 4479 sunt,
2717 4413 2833 4484 ejus
2869 4415 3113 4471 virtutem
3137 4425 3192 4472 et
3219 4419 3544 4489 potentiam,
3576 4422 3756 4479 ethoc

2176 4501 2246 4563 sit
2275 4502 2488 4557 occasio
2505 4511 2560 4557 et
2575 4516 2942 4573 argumentum
2966 4505 3244 4574 doctrina,
3272 4510 3408 4567 hanc
3426 4513 3588 4568 etiam
3614 4528 3755 4583 nunc

2174 4590 2330 4646 affert
2367 4592 2662 4658 rationem,
2707 4592 2892 4651 dicens
2933 4614 2947 4651 :
2988 4597 3207 4654 Etiamsi
3252 4614 3350 4656 nos
3375 4603 3479 4657 vita
3502 4603 3749 4677 deficiat,

2175 4698 2274 4737 nec
2318 4680 2607 4739 habeamus
2646 4700 2714 4740 ex
2758 4686 2956 4742 nostris
2990 4698 3135 4744 recte
3177 4689 3329 4747 factis
3356 4690 3602 4750 fiduciam
3626 4733 3646 4775 ρ
3671 4696 3753 4752 fac

2172 4782 2390 4842 propter
2432 4786 2623 4830 nomen
2667 4785 2849 4846 tuum,
2893 4777 3030 4833 sicut
3067 4779 3276 4845 dicebat
3314 4780 3510 4841 Moses.
3538 4785 3638 4842 Cui
3667 4786 3752 4853 b’e

2171 4878 2382 4936 quoque
2419 4864 2602 4932 dicens
2643 4880 3029 4945 consentanea,
3058 4872 3133 4928 ait
3163 4890 3177 4927 :
3206 4875 3262 4941 9.
3293 4872 3418 4933 Non
3442 4860 3617 4947 nobis,
3648 4878 3751 4936 Do-

2170 4955 2304 5015 mine
2321 4996 2337 5020 ,
2368 4972 2467 5017 non
2492 4957 2662 5026 nobis,
2689 4959 2779 5023 sed
2806 4961 2997 5018 nomini
3021 4971 3107 5028 tuo
3129 4965 3198 5025 do
3219 4965 3452 5037 gloriam.
3482 4966 3601 5023 Non
3630 4985 3750 5049 pro.-

2170 5055 2290 5115 pter
2329 5062 2461 5117 nos,
2508 5049 2675 5120 inquit
2697 5091 2712 5114 ,
2756 5066 2928 5122 neque
2963 5062 3022 5109 ut
3065 5069 3164 5121 nos
3199 5056 3390 5120 reddas
3413 5058 3669 5118 clariores
3695 5070 3749 5117 et

2168 5137 2337 5206 magis
2375 5137 2608 5209 insignes
2627 5181 2641 5209 ,
2669 5141 2763 5196 sed
2790 5152 2847 5196 ut
2876 5143 2989 5216 ipse
3018 5145 3214 5217 ubique
3242 5157 3382 5203 tuam
3413 5150 3609 5209 reddas
3635 5167 3748 5208 ma-

2160 5212 2413 5285 nifestam
2459 5232 2767 5299 potentiam.
2803 5212 2996 5289 Verum
3036 5212 3481 5306 quetnadmodum
3510 5242 3629 5313 ejus
3652 5258 3748 5309 no-

2168 5337 2289 5376 men
2334 5322 2499 5391 gloria
2535 5332 2589 5378 et
2633 5323 2836 5381 honore
2876 5326 3137 5398 afficitur,
3178 5332 3300 5387 dum
3328 5334 3443 5403 ipse
3471 5335 3576 5391 fert
3597 5337 3746 5391 auxi-

2164 5409 2293 5465 lium
2342 5429 2356 5465 :
2398 5413 2469 5466 ita
2514 5428 2699 5474 rursus
2738 5416 2906 5486 gloria
2944 5433 3156 5497 quoque
3189 5421 3449 5489 afficitur,
3490 5425 3620 5482 dum
3647 5441 3744 5484 nos

2165 5515 2308 5556 recte
2353 5510 2408 5556 et
2445 5517 2508 5556 ex
2554 5504 2749 5561 virtute
2794 5507 3052 5575 vivimus,
3089 5521 3144 5566 et
3189 5514 3459 5583 praeclaris
3490 5517 3743 5576 institutis

2159 5593 2288 5648 clari
2328 5609 2530 5651 sumus.
2571 5594 2759 5653 Luceat
2830 5601 3002 5665 enim,
3042 5603 3238 5673 inquit,
3266 5604 3357 5659 ius
3383 5617 3546 5663 vestra
3572 5626 3743 5669 coras:

2166 5687 2444 5752 lecticim'bus
2464 5727 2482 5758 ,
2521 5699 2575 5743 ut
2612 5688 2810 5755 videant
2836 5707 2991 5769 opera
3014 5704 3171 5748 uestra
3192 5695 3324 5761 bona
3338 5737 3355 5769 ,
3386 5706 3435 5752 et
3456 5699 3742 5779 gloriﬁcent
