4134 6210
402 275 508 331 sua
1500 251 1857 313 nxrosmo
1897 249 1959 303 IN
2001 243 2319 304 PSALMUM
2359 247 2538 303 CXIII.
3571 244 3675 299 διο

407 367 606 418 Pan-cm
635 370 866 419 rostrum.
896 359 976 429 qui
998 357 1137 414 estin
1165 354 1298 410 actis
1323 351 1532 422 (Matth.
1564 351 1616 403 εἰ.
1649 348 1755 418 lli).
1782 344 1976 410 Quem-
2091 341 2219 396 ﬁunt
2249 342 2299 395 id
2330 339 2645 410 signiﬁcant.
2678 337 2732 393 Si
2756 347 2930 393 autem
2956 353 3060 392 non
3089 339 3156 392 ita
3183 336 3273 394 ﬁat
3301 337 3352 391 in
3377 346 3513 391 terra
3538 377 3554 402 ,
3583 337 3689 406 qui

400 455 682 514 admodum
726 471 854 524 ergo
879 453 1046 524 gloria
1075 451 1143 504 ob
1172 449 1420 502 virtutem
1451 453 1685 499 nostram
1717 438 1974 496 afﬁcitur,
2085 429 2290 506 seipsos
2335 434 2568 490 reddunt
2605 429 2850 502 indignos
2891 431 2942 484 in
2966 445 3124 485 causa
3154 439 3296 485 sunt.
3323 429 3494 485 Porro
3519 429 3677 484 aliter

399 551 468 603 ita
514 521 850 602 contumeliis
886 521 951 600 vet
993 540 1283 596 maledictis
1321 536 1626 598 incessitur,
1669 531 1794 584 dum
1820 529 1977 581 vitam
2086 541 2295 597 quoque
2343 527 2480 580 sumi
2541 534 2715 594 potest
2769 521 2909 593 quod
2953 521 3180 586 dicitur,
3220 529 3412 592 nempe
3459 528 3678 591 propter

401 642 454 695 in
494 641 626 693 vitio
660 636 1020 706 transigimus.
1053 632 1163 687 Hoc
1191 631 1359 702 ipsum
1389 641 1482 695 per
1507 623 1818 694 prophetam
1851 633 1981 686 qun-
2091 621 2184 675 Dei
2226 619 2533 690 patientiam
2573 617 2735 671 multa
2763 631 2883 670 esse
2911 629 3029 686 (pm
3053 614 3286 668 nondum
3307 615 3574 684 accipiunt
3589 614 3677 684 in-

399 747 502 800 que
545 705 889 800 signiﬁcans,
931 725 1140 780 dicebat
1181 739 1198 775 :
1244 720 1442 774 Nomen
1476 733 1640 772 nicum
1669 723 1873 785 propter
1895 727 1980 764 vos
2087 725 2222 770 stam
2267 711 2770 768 remunerationem.
2813 709 2929 777 Quo
2977 707 3033 762 ﬁt
3067 716 3124 760 ut
3145 706 3274 776 justi
3303 707 3584 762 vincantur
3609 705 3680 760 ab

399 792 777 892 blasphematur
800 817 854 870 in
873 792 1102 887 gentibus
1131 811 1278 885 (Isai.
1308 809 1400 865 52.
1426 807 1504 878 5).
1531 805 1665 862 Cum
1686 819 1814 874 ergo
1839 801 1980 855 nulla
2087 806 2342 877 improbis
2369 846 2382 866 ,
2428 804 2553 858 dum
2601 817 2704 857 non
2733 800 2844 855 γυιι
2870 799 3129 871 benignus
3159 798 3298 855 Deus
3325 797 3392 854 de
3422 799 3678 852 uniuscu-
3711 792 3723 827 ’ί

401 915 502 970 alia
531 913 737 968 ratione
764 910 930 981 possit
955 922 1135 964 eorum
1165 917 1376 960 causam
1407 897 1692 956 defendere
1711 936 1727 962 ,
1753 910 1821 951 eo
1849 909 1981 949 con-
2083 897 2278 966 jusque
2301 895 2529 966 peccatis
2554 906 2738 962 pinnas
2766 907 2797 946 ο
2827 891 3047 961 vestigio
3071 905 3283 944 sumere
3313 907 3328 942 ;
3353 903 3476 944 nam
3504 887 3549 942 si
3577 887 3680 943 hoc

403 1005 534 1075 fugit
551 1045 564 1066 ,
587 1003 724 1056 sicut
753 1001 912 1056 etiam
933 999 1123 1054 Moses.

477 1095 634 1151 Salus
678 1093 936 1146 hominum
968 1090 1074 1144 Deo
1101 1089 1260 1160 magis
1289 1096 1360 1142 est
1386 1099 1524 1140 curre
1541 1125 1554 1150 ,
1581 1097 1730 1154 quam
1753 1095 1844 1134 sua
1872 1078 1986 1148 glo-

403 1188 502 1241 ria.
547 1216 618 1226 —
659 1184 762 1240 Sed
804 1199 906 1238 non
942 1183 1081 1238 idem
1109 1195 1323 1251 semper
1350 1177 1475 1233 facit
1503 1177 1643 1232 Deus
1665 1214 1682 1242 ,
1711 1171 1986 1227 homirnam

405 1278 596 1333 salutis
632 1291 812 1332 curam
853 1289 1061 1345 gerens.
1109 1273 1167 1328 Si
1203 1273 1348 1327 enim
1386 1283 1600 1338 semper
1631 1265 1735 1320 hoc
1759 1263 1986 1327 faceret,

407 1371 557 1425 multi
601 1367 852 1424 socordes
897 1365 1454 1426 ﬁerenLdeteriores,
1503 1358 1641 1431 quod
1689 1356 1820 1413 nihil
1864 1355 1988 1409 mali

411 1468 754 1531 paterentur,
786 1459 1074 1513 maximum
1117 1457 1307 1527 pignus
1352 1453 1608 1508 habentes
1629 1490 1644 1516 ,
1679 1463 1738 1504 se
1773 1455 1989 1518 propter

409 1553 526 1622 ejus
571 1551 790 1622 gloriam
835 1567 863 1603 a
909 1549 1064 1604 malis
1104 1554 1361 1618 perpetuo
1406 1540 1696 1598 servandos
1718 1553 1858 1594 esse.
1885 1536 1987 1592 Sed

408 1658 496 1698 res
525 1659 626 1696 non
657 1642 726 1696 ita
749 1655 809 1696 se
831 1641 1005 1695 habet.
1033 1637 1212 1709 Neque
1227 1637 1370 1692 enim
1395 1635 1502 1689 Deo
1522 1647 1615 1686 sua
1636 1628 1804 1701 gloria
1827 1636 1988 1682 tantze

408 1742 492 1788 est
535 1747 676 1788 curm
699 1774 714 1798 ,
759 1739 971 1801 quanta:
1001 1729 1144 1784 salus
1172 1727 1464 1781 hominum.
1487 1722 1546 1778 Si
1572 1722 1713 1776 enim
1746 1718 1989 1773 homines

406 1839 526 1878 eam
565 1829 943 1886 contemnunt,
989 1820 1156 1874 multo
1192 1817 1359 1886 magis
1388 1816 1529 1870 Deus
1552 1854 1566 1879 ,
1595 1812 1684 1884 qui
1715 1811 1863 1866 nullo
1893 1823 1992 1863 no-

405 1923 639 1969 strorum
682 1912 881 1982 indiget
908 1928 922 1964 :
951 1910 1066 1976 sed,
1108 1910 1248 1964 sicut
1273 1907 1418 1972 dixi,
1447 1904 1699 1976 quoniam
1727 1900 1986 1972 prapheta

407 2015 584 2073 partes
622 2003 920 2058 defensoris
960 1999 1214 2070 suscipit,
1264 2011 1358 2053 eos
1385 1995 1453 2049 ab
1479 1997 1543 2048 iis
1565 2035 1580 2060 ,
1612 2008 1674 2048 ex
1703 1991 1896 2062 quibus
1922 1989 1989 2044 li-

406 2109 522 2159 cet,
563 2097 828 2162 defendit,
853 2105 907 2150 et
932 2093 1252 2164 repetitione
1273 2090 1437 2144 utitur
1455 2130 1471 2156 ,
1502 2088 1686 2142 dicens
1711 2104 1729 2140 :
1760 2083 1879 2139 Non
1900 2100 1992 2137 no-

408 2189 482 2241 bis
501 2228 516 2253 ,
553 2186 794 2252 Domine,
828 2203 926 2239 non
957 2185 1096 2238 nobis
1128 2200 1146 2236 :
1171 2180 1458 2237 ostendens
1485 2193 1730 2248 magnam
1761 2171 1991 2246 indigni-

407 2286 569 2331 tatem
615 2290 800 2330 eorum
843 2275 930 2344 qui
973 2283 1250 2328 servantur
1291 2288 1305 2324 :
1346 2270 1434 2324 sed
1463 2269 1650 2322 nomini
1678 2278 1764 2320 tuo
1793 2267 1860 2320 da
1884 2266 1994 2336 glo-

409 2371 560 2422 riam.
603 2369 710 2422 Nos
734 2368 876 2422 enim
903 2380 1090 2420 sumus
1117 2364 1258 2433 digni
1289 2363 1441 2417 malis
1472 2357 1943 2415 innumerabilibus
1975 2372 1991 2424 ;

412 2461 508 2518 sed
543 2477 606 2514 ne
632 2459 944 2530 profanetur
972 2472 1164 2512 nomen
1194 2467 1365 2510 tuum.
1394 2453 1481 2509 10.
1513 2453 1681 2521 Super
1708 2451 1994 2505 misericor-

415 2553 503 2605 dia
523 2563 610 2604 tua
638 2561 681 2604 et
709 2551 914 2605 veritate
932 2559 1039 2602 tua.
1073 2549 1224 2602 Alius
1246 2548 1510 2615 interpres
1527 2543 1605 2616 (a)
1626 2544 1700 2598 ait
1725 2559 1743 2596 :
1775 2541 1996 2611 Propter

414 2641 991 2710 misericordiamltuam.
1023 2637 1187 2692 Vides
1207 2652 1327 2692 eum
1351 2635 1451 2690 hoc
1477 2649 1684 2704 quoque
1709 2633 1865 2703 plane
1888 2632 1994 2687 sci-

413 2735 589 2799 visse,
634 2734 799 2788 Deum
831 2731 883 2786 id
914 2729 1292 2800 despicientem
1311 2713 1522 2792 ,iunum
1546 2725 1718 2780 solum
1745 2723 1845 2778 sibi
1871 2738 1996 2794 pro-

413 2839 634 2894 ponere,
666 2838 856 2893 nempe
895 2830 954 2876 ut
996 2821 1330 2890 corrigantur
1364 2828 1692 2890 peccatores.
1722 2815 1848 2872 ideo
1871 2815 1998 2870 sub-

409 2915 619 2986 iunxit,
670 2914 840 2982 Super
881 2910 1222 2966 misericordia
1267 2918 1353 2962 tua
1404 2917 1451 2962 et
1505 2909 1710 2962 veritate
1747 2917 1854 2960 tua.
1883 2906 1995 2961 Hoc

409 3017 494 3059 est
523 3023 538 3058 :
573 3005 792 3073 Propter
818 3000 1234 3056 misericordiam
1261 3008 1406 3054 tuam
1431 2997 1512 3052 fer
1537 2989 1692 3053 nobis
1710 2996 1987 3062 auxilium,

410 3099 512 3153 etsi
554 3111 658 3151 non
703 3097 771 3148 sit
808 3093 904 3148 tibi
949 3107 1090 3146 cura;
1125 3089 1288 3161 gloria
1315 3089 1587 3144 hominum
1609 3129 1623 3154 ,
1655 3087 1746 3142 sed
1777 3096 1995 3157 prepter

411 3187 833 3244 miscricordiam
874 3193 927 3239 et
952 3185 1225 3237 veritatem
1253 3189 1415 3234 tuam.
1449 3179 1606 3234 Potes
1635 3177 1776 3232 enim
1797 3219 1811 3244 ,
1845 3185 1995 3247 potes

415 3281 573 3335 etiam
621 3277 842 3347 puniens
866 3275 1087 3345 gloriam
1117 3272 1358 3340 accipere
1377 3312 1392 3337 ,
1423 3279 1476 3324 et
1504 3285 1607 3324 non
1633 3269 1802 3324 “solum
1832 3269 1993 3322 mise-

413 3385 558 3426 rens.
601 3368 706 3422 Sed
749 3381 850 3420 non
894 3367 1003 3432 sic,
1041 3362 1237 3434 inquit,
1265 3361 1358 3417 sed
1379 3370 1596 3432 propter
1623 3371 1761 3415 tuam
1789 3360 1996 3415 miseri-

414 3462 672 3518 cordiam.
701 3458 988 3528 Oportebat
1012 3456 1154 3511 enim
1174 3470 1202 3507 a
1234 3454 1388 3508 nobis
1413 3442 1617 3507 nomini
1640 3462 1730 3506 tuo
1749 3451 1862 3506 dari
1884 3451 1996 3521 glo-

412 3557 544 3611 riam
592 3570 686 3624 per
727 3553 920 3608 bonam
956 3551 1079 3605 vita:
1122 3547 1509 3603 institutionem
1555 3561 1571 3600 :
1613 3544 1709 3600 sed
1743 3545 1992 3615 quoniam

413 3647 516 3702 hac
555 3647 608 3700 in
633 3660 692 3700 re
717 3643 890 3698 ofﬁcio
917 3649 1104 3696 nostro
1133 3638 1296 3693 functi
1329 3653 1433 3692 non
1460 3650 1678 3702 sumus,
1709 3634 1791 3689 fac
1816 3634 1867 3689 id
1898 3649 1994 3702 per

413 3749 563 3793 tuum
587 3734 931 3806 patrocinium
959 3773 974 3800 ,
1003 3745 1097 3801 per
1116 3727 1452 3784 clementiam
1472 3733 1528 3781 et
1547 3722 1988 3780 misericordiam.

419 3826 701 3898 Nequando
729 3825 896 3879 dicant
918 3832 1086 3894 gentes
1116 3837 1134 3874 :
1165 3819 1261 3874 Ubi
1290 3828 1361 3872 est
1387 3817 1526 3871 Deus
1546 3833 1715 3871 eorum
1732 3815 1758 3869 ?

485 3893 538 3975 ί.
569 3917 738 3974 Audio
761 3893 959 3971 multos
984 3927 1126 3968 nunc
1153 3925 1362 3981 quoque
1382 3908 1646 3978 precando
1669 3907 1786 3960 luce
1808 3893 1990 3961 dicend-

416 4024 534 4068 tes:
577 4011 686 4066 Sed
726 4003 887 4063 timeo
923 4022 990 4060 ne
1018 4003 1367 4073 nequicquam
1397 3999 1607 4065 dicant,
1639 3997 1737 4052 Ubi
1760 4005 1832 4050 est
1856 3995 1995 4051 Deus

414 4103 630 4158 eorum?
670 4099 880 4172 quando
925 4095 1079 4152 multi
1120 4093 1362 4162 rapiunt,
1400 4100 1455 4145 et
1489 4089 1731 4159 injuriam
1756 4087 1990 4153 faciunt,

415 4207 470 4253 et
493 4195 774 4250 admittunt
805 4192 1005 4246 scelera
1036 4183 1462 4242 innumerabilia.

484 4286 739 4343 Patientia
764 4283 878 4337 Dei.
897 4313 966 4321 —
984 4281 1069 4336 11.
1097 4278 1232 4332 Deus
1266 4286 1432 4330 autent
1464 4283 1631 4328 noster
1655 4274 1708 4328 in
1727 4272 1852 4326 caelo
1871 4280 1916 4326 et
1941 4270 1996 4324 in

414 4391 548 4432 terra
573 4380 589 4410 ³
613 4375 780 4430 omnia
820 4387 1140 4442 quaecumque
1188 4369 1341 4424 uoluit
1399 4367 1535 4439 fecit.
1581 4364 1870 4420 Stultorum
1911 4363 1997 4419 hic

414 4485 651 4525 errorem
696 4466 929 4536 corrigit.
973 4464 1232 4531 Quoniam
1269 4459 1412 4515 enim
1455 4457 1609 4512 multi
1661 4457 1826 4512 Deum
1875 4471 1995 4512 esse

417 4565 691 4633 ignorant,
719 4559 876 4614 talem
915 4570 1097 4611 eorum
1127 4553 1440 4609 sententiam
1477 4551 1749 4621 corrigens
1772 4590 1788 4616 ,
1817 4549 1944 4604 dicit
1978 4568 1992 4604 :

418 4653 553 4707 Dens
570 4661 736 4706 mrtem
753 4660 916 4704 noster
941 4649 993 4701 in
1013 4645 1132 4700 calo
1153 4645 1321 4698 omnia
1339 4657 1662 4717 quwcumque
1679 4640 1836 4694 uoluit
1855 4642 1992 4712 fecit.

416 4748 473 4804 Si
494 4756 669 4802 autem
702 4746 754 4799 in
779 4744 932 4808 caelo,
966 4742 1130 4794 multo
1157 4738 1326 4809 magis
1352 4739 1402 4792 in
1436 4747 1594 4792 terra.
1627 4733 1762 4804 Quid
1789 4743 1871 4789 est
1895 4749 1993 4788 au-

417 4850 546 4906 tem,
566 4838 631 4912 In
648 4837 770 4892 (telo
789 4837 958 4891 omnia
975 4847 1290 4904 quwcwnque
1318 4830 1470 4884 voluit
1501 4829 1618 4900 fecit
1638 4828 1664 4881 .’
1680 4826 1777 4882 Vel
1805 4841 1992 4896 super-

418 4948 514 4987 nas
542 4929 709 5001 inquit
729 4930 970 4992 virtutes,
998 4935 1052 4982 et
1087 4923 1316 4979 infinitas
1343 4922 1460 4976 illas
1491 4929 1690 4975 turmas
1709 4960 1724 4984 ,
1753 4918 1832 4972 vel
1863 4933 1998 4986 pra:-

417 5035 566 5095 cepta
619 5039 737 5092 qua:
785 5037 903 5076 cum
953 5008 1199 5074 facilitate
1247 5021 1591 5095 peraguntur.
1619 5012 1675 5068 Si
1721 5002 1995 5064 autcm'in

421 5129 560 5172 terra
592 5131 778 5188 magna
817 5124 898 5169 est
926 5111 1166 5168 confusio
1191 5091 1900 5178 ordinisque'perturbatio,
1930 5119 1996 5159 ne

418 5213 650 5266 mireris.
679 5211 720 5265 A
753 5207 983 5278 nequitia
1015 5204 1154 5260 enim
1197 5201 1492 5264 hominum,
1513 5207 1568 5254 et
1594 5211 1801 5261 eorum,
1831 5196 1918 5268 qui
1947 5195 1994 5250 id

417 5312 638 5367 curant,
688 5299 1022 5372 improbitate
1043 5337 1056 5358 ,
1105 5309 1209 5348 non
1249 5301 1426 5347 autem
1453 5306 1482 5345 a
1511 5291 1604 5346 Dei
1635 5288 1996 5344 imbecillitate

419 5395 606 5448 oritur.
648 5391 799 5461 Quod
834 5391 975 5444 enim
1017 5387 1086 5442 sit
1126 5384 1276 5440 fortis
1299 5392 1354 5439 et
1383 5391 1571 5454 potens
1591 5424 1606 5450 ,
1639 5393 1757 5452 qua:
1787 5378 1838 5433 in
1865 5385 1994 5432 cmlo

486 5530 500 5560 '
539 5535 620 5576 lla:
638 5538 803 5584 voces,
819 5527 864 5574 et
887 5521 937 5572 in
957 5527 1106 5578 terra,
1131 5518 1308 5568 desunt
1326 5521 1376 5566 In
1395 5516 1534 5572 savil.

482 5611 556 5673 (α)
589 5610 702 5673 Quis
715 5607 786 5673 _sit
822 5605 897 5653 hic
919 5605 1164 5673 interpres
1182 5601 1455 5673 ignoratur;
1497 5597 1610 5673 illud
1635 5610 1778 5670 vero,
1804 5602 1986 5667 propter

421 5660 801 5722 orissi‘icordimn
819 5674 966 5724 mam,
994 5660 1244 5726 prophetia
1265 5669 1481 5710 mentem
1501 5669 1612 5724 apte
1637 5660 1876 5721 exprimit.

2090 991 2322 1057 faceret,
2368 987 2630 1043 sublatum
2672 993 2816 1040 esset
2853 983 2964 1052 jam
2992 980 3195 1052 pridem
3219 989 3458 1036 nostrum
3487 994 3680 1051 genus.

2092 1081 2205 1136 Hoc
2232 1094 2358 1149 ergo
2388 1078 2473 1133 hic
2496 1076 2624 1133 dicit
2657 1093 2671 1129 :
2705 1075 2900 1130 Potens
2925 1071 3140 1142 quidem
3165 1079 3249 1125 est
3275 1079 3328 1124 et
3355 1069 3560 1124 validus
3582 1108 3598 1134 ,
3625 1075 3681 1122 et

2092 1175 2182 1245 qui
2209 1172 2378 1242 possit
2404 1183 2586 1240 pugnas
2603 1181 2852 1231 sumere;
2877 1165 3034 1235 idque
3055 1163 3389 1217 manifestum
3415 1170 3496 1216 est
3517 1177 3586 1216 ex
3612 1161 3680 1215 iis

2093 1282 2213 1338 qua:
2252 1267 2305 1320 in
2347 1263 2490 1319 caelis
2527 1261 2658 1316 ﬁunt
2689 1277 2704 1315 :
2733 1259 2828 1314 sed
2863 1257 2965 1313 hoc
2994 1271 3100 1310 non
3127 1254 3285 1320 facit,
3316 1263 3474 1309 utens
3493 1254 3680 1322 utique

2095 1359 2310 1414 lenitate
2335 1367 2388 1410 et
2409 1353 2657 1425 patientia
2680 1394 2694 1418 ,
2717 1359 2772 1406 ct
2792 1347 3062 1403 attrahens
3083 1345 3148 1400 ad
3172 1344 3536 1414 paenitentiam
3555 1357 3682 1403 eos,

2092 1449 2182 1520 qui
2219 1450 2380 1502 vitam
2425 1445 2721 1514 transigunt
2766 1443 2817 1495 in
2852 1441 3074 1496 scelere.
3119 1438 3205 1493 12.
3239 1437 3532 1492 Simulaera
3557 1452 3686 1507 gen-

2094 1542 2220 1594 tiuut
2243 1547 2504 1610 argentum
2533 1546 2578 1590 et
2608 1551 2790 1588 aurum
2810 1574 2825 1599 ,
2849 1548 3002 1601 opera
3023 1546 3264 1584 manuum
3281 1528 3562 1582 hominum.
3591 1527 3680 1582 15.

2097 1631 2168 1686 Os
2202 1630 2417 1695 habent,
2459 1637 2506 1681 et
2548 1642 2648 1679 non
2683 1624 2947 1693 loquentur
2984 1635 3002 1674 :
3044 1620 3214 1674 oculos
3255 1617 3438 1672 habent
3460 1658 3474 1684 ,
3508 1626 3683 1670 etnon

2093 1723 2326 1779 videbunt
2356 1737 2374 1774 :
2407 1720 2490 1774 14.
2525 1733 2671 1771 aures
2699 1716 2914 1778 habent,
2944 1722 2990 1766 et
3020 1727 3118 1765 non
3139 1709 3343 1762 audient
3368 1723 3387 1762 :
3415 1723 3562 1762 nares
3581 1708 3682 1760 ha-

2094 1817 2240 1880 bent,
2285 1823 2332 1869 et
2375 1828 2476 1866 non
2519 1807 2798 1864 odorabunt
2835 1821 2856 1860 :
2897 1805 2984 1860 15.
3030 1819 3209 1856 manus
3247 1799 3468 1866 habent,
3509 1807 3686 1853 etnon

2095 1908 2373 1980 palpabunt
2413 1918 2432 1958 .'
2472 1902 2622 1974 pedes
2663 1898 2881 1962 habent,
2929 1904 2977 1948 et
3025 1910 3122 1948 non
3166 1889 3492 1945 ambulabunt
3537 1904 3686 1942 :non

2094 2001 2386 2058 clamabunt
2411 1997 2464 2050 in
2503 2005 2704 2068 gutture
2735 2007 2846 2046 suo.
2881 1987 2966 2043 16.
2998 1985 3204 2041 Similes
3233 1983 3304 2037 eis
3331 1983 3456 2051 ﬁant
3486 1983 3576 2051 qui
3601 1983 3684 2050 fa-

2093 2096 2233 2149 ciunt
2259 2108 2336 2146 ea.
2369 2088 2425 2144 in
2451 2087 2660 2143 Psalmo
2690 2081 2978 2139 centesimo
3007 2079 3194 2150 quinto
3211 2090 3398 2131 eorum
3425 2073 3684 2128 insaniam

2095 2198 2339 2248 narrans,
2357 2180 2525 2237 dixit:
2557 2177 2719 2232 Filios
2744 2183 2789 2229 et
2810 2172 2944 2243 [ilius
2966 2186 3085 2225 suas
3109 2168 3461 2236 sacriﬁcarunt
3486 2165 3680 2219 dorma-

2097 2278 2194 2332 m'is
2219 2275 2287 2350 (υ.
2331 2273 2422 2342 37)
2463 2289 2477 2325 :
2516 2271 2568 2325 in
2613 2265 2862 2340 praesenti
2887 2269 3062 2318 autem
3109 2259 3474 2329 stupiditatem
3499 2255 3680 2327 ,qund

2098 2365 2346 2423 inanimis
2391 2360 2628 2418 materiis
2669 2356 2812 2412 affixi
2861 2362 3004 2409 sunt.
3052 2350 3241 2407 Omnia
3288 2357 3464 2402 autem
3495 2362 3681 2402 eorum

2097 2457 2333 2514 membra
2359 2454 2716 2527 persequitur,
2738 2464 2800 2505 ea
2832 2447 2998 2502 fusius
3024 2443 3320 2500 ludillcans.
3337 2441 3539 2496 Deinde
3561 2441 3688 2495 sub-

2095 2555 2322 2622 jungens
2341 2562 2551 2620 quoque
2569 2545 2716 2600 dicit.
2737 2541 2939 2596 Similes
2961 2539 3029 2593 eis
3055 2538 3182 2607 ﬁant
3201 2536 3285 2606 qui
3310 2535 3508 2605 faciunt
3537 2550 3618 2600 ea,
3639 2543 3688 2584 et

2099 2659 2269 2699 onmes
2311 2641 2396 2712 qui
2431 2639 2690 2706 confidunt
2714 2636 2768 2689 in
2793 2635 2886 2688 eis.
2918 2632 3076 2702 Atqui
3103 2630 3271 2684 virtus
3293 2636 3399 2692 est,
3429 2627 3542 2682 Deo
3567 2639 3690 2680 esse.

2101 2735 2327 2790 similem
2381 2749 2394 2786 :
2442 2729 2751 2784 hic'autem
2796 2733 2879 2780 est
2919 2720 3248 2792 imprccatio.
3294 2719 3478 2787 Cogita
3507 2724 3684 2770 autem

2101 2825 2284 2895 quales
2311 2824 2448 2888 sint,
2481 2835 2600 2875 cum
2624 2825 2681 2872 ut
2705 2816 2824 2887 quis
2846 2814 2923 2869 eis
2948 2811 3137 2868 evadat
3162 2809 3370 2873 similis,
3394 2810 3462 2862 sit
3481 2821 3688 2861 summa

2101 2916 2429 2988 imprecatio.
2451 2915 2622 2982 Atque
2651 2907 2946 2965 Orationem
2972 2903 3189 2974 quidem
3215 2901 3290 2955 sic
3313 2899 3530 2969 pulchre
3552 2897 3687 2968 ﬁgu-

2100 3009 2236 3064 ravit
2259 3051 2275 3076 ,
2317 3021 2410 3061 eos
2450 3011 2701 3058 extrema:
2740 2997 2986 3052 amentia:
3017 2991 3360 3056 insimulatis,
3394 2999 3448 3044 ct
3471 3004 3588 3043 esse
3614 2989 3687 3042 ri-

2099 3100 2304 3155 diculos
2327 3095 2637 3152 ostendens.

2170 3191 2434 3245 ldolorum
2455 3185 2788 3258 pernicies.—
2801 3179 3078 3250 Quomodo
3097 3187 3271 3231 autem
3303 3189 3407 3228 non
3437 3181 3538 3238 est,
3561 3171 3646 3226 dic
3663 3213 3678 3234 ,

2100 3297 2303 3356 quaeso,
2321 3279 2620 3343 ridiculum,
2652 3277 2884 3330 vinctum
2915 3270 3081 3326 teneri
3105 3284 3134 3323 a
3162 3276 3354 3332 statua,
3385 3280 3502 3335 quae
3525 3261 3688 3317 habet

2100 3352 2152 3429 in
2183 3389 2240 3428 se
2272 3371 2489 3441 figuram
2528 3380 2748 3421 summae
2775 3359 3156 3432 turpitudinis?
3182 3357 3310 3424 Quis
3367 3353 3507 3410 enim
3559 3352 3687 3407 velit

2102 3465 2291 3519 nudam
2341 3463 2520 3516 videre
2563 3455 2865 3513 mulierem?
2885 3455 3104 3508 Daemon
3129 3458 3307 3504 autem
3352 3447 3508 3502 nuda:
3551 3459 3687 3526 quo-

2100 3571 2202 3626 que
2236 3553 2415 3623 ﬁgurae
2446 3550 2663 3604 assidet.
2693 3547 2758 3601 Et
2790 3559 2929 3599 nunc
2955 3542 3168 3613 quidem
3194 3548 3379 3594 statum
3401 3545 3526 3592 sunt
3549 3536 3684 3590 ima-

2097 3648 2247 3716 gines
2277 3639 2666 3705 fornicationis,
2698 3651 2839 3692 nunc
2867 3633 3037 3690 insani
3072 3633 3124 3686 in
3157 3630 3420 3704 masculos
3463 3628 3683 3683 amoris.

2097 3714 2231 3804 Quid
2261 3735 2402 3790 enim
2430 3731 2530 3786 sibi
2559 3729 2674 3783 vult
2697 3725 2906 3797 aquila?
2932 3722 3057 3794 quid
3077 3737 3206 3777 vero
3223 3718 3560 3791 Ganymedes
3584 3714 3686 3790 (a)?

2098 3827 2225 3898 quid
2255 3824 2485 3894 Apollo,
2538 3821 2630 3890 qui
2654 3817 2910 3887 virginem
2962 3811 3344 3884 persequitur?
3392 3809 3520 3881 quid
3567 3809 3688 3863 aliae

2101 3916 2443 3974 exsecranda:
2472 3911 2692 3981 figurae?
2717 3909 2926 3974 Ubique
2969 3905 3130 3959 libido
3151 3945 3164 3967 ,
3199 3903 3394 3972 ubique
3441 3900 3682 3964 lascivia,

2102 4009 2426 4065 nefariorum
2473 3999 2850 4056 concubituum
2874 4005 2926 4049 et
2951 3995 3254 4048 insanorum
3281 4007 3521 4046 amorum
3559 3999 3687 4046 sunt

2103 4099 2298 4168 ubique
2329 4096 2530 4164 [ἴδω-ω.
2576 4092 2777 4145 Statua:
2801 4085 2965 4150 enim,
3015 4082 3169 4145 festa,
3221 4082 3414 4150 publici
3445 4097 3686 4136 conven—

2100 4199 2210 4255 tus,
2253 4197 2308 4242 et
2333 4184 2478 4241 initia
2508 4198 2570 4236 ac
2593 4178 2867 4250 mysteria,
2899 4174 3318 4244 turpissimarum
3340 4187 3514 4226 rerum
3546 4171 3688 4225 indi-

2102 4283 2183 4338 cia
2204 4287 2346 4345 sunt,
2373 4276 2698 4332 monimenta
2716 4281 2770 4326 et
2789 4271 3124 4325 documenta.
3153 4263 3456 4340 Neeselum
3488 4261 3687 4318 docen-

2103 4382 2189 4428 tur
2222 4387 2308 4427 res
2330 4381 2532 4440 turpes.
2561 4364 2655 4422 sed
2677 4365 2837 4420 etiam
2869 4359 3143 4416 hominum
3167 4357 3342 4414 caedes
3365 4371 3428 4412 ex
3458 4355 3538 4411 eis
3567 4355 3684 4410 edi-

2101 4475 2340 4523 scuntur.
2379 4461 2531 4519 Unde
2570 4459 2732 4524 etiam
2762 4461 3044 4512 versantur
3084 4452 3374 4506 daamones.
3412 4447 3556 4503 Nihil
3605 4456 3689 4508 est

2101 4561 2242 4617 enim
2281 4555 2423 4613 aliud
2466 4553 2606 4626 apud
2647 4551 2788 4618 illos,
2827 4563 2987 4620 quam
3027 4544 3222 4611 libido,
3274 4543 3688 4612 intemperantes

2101 4651 2407 4714 ebrietates,
2435 4644 2741 4707 crudelitas,
2771 4637 3152 4702 inhumanitas,
3181 4644 3235 4690 ct
3278 4632 3492 4698 credes;
3525 4640 3686 4702 atque

2103 4741 2227 4796 hinc
2269 4737 2440 4794 videri
2484 4742 2705 4806 possunt
2731 4729 2956 4787 conflata
2981 4741 3101 4783 esse
3129 4725 3285 4781 festa.
3340 4721 3476 4782 Cum
3507 4723 3687 4792 itaque

2101 4835 2384 4890 simulacra
2429 4829 2581 4884 nullo
2625 4840 2785 4880 sensu
2836 4821 3054 4893 praedita
3080 4861 3094 4885 ,
3124 4828 3180 4874 et
3225 4832 3409 4874 eorum
3450 4817 3540 4886 qui
3583 4814 3688 4870 illis

2103 4923 2378 4980 conﬁdunt
2405 4918 2692 4974 amentiam
2737 4923 2881 4970 esset
2911 4911 3226 4976 ludiﬁcatus,
3271 4909 3337 4964 ad
3359 4908 3451 4964 Dei
3474 4905 3685 4962 laudem

2103 5013 2366 5071 convertit
2409 5009 2728 5066 oratiOnem.
2781 5003 2964 5059 dicens
2995 5018 3009 5054 :
3045 5001 3131 5056 17.
3155 5000 3350 5054 Domus
3376 4995 3539 5050 Israel
3565 5010 3688 5062 spe-

2103 5107 2230 5162 ravit
2251 5105 2302 5158 in
2326 5101 2577 5164 Domino;
2607 5096 2812 5167 adjutor
2835 5110 3006 5149 eorum
3031 5101 3079 5146 et
3105 5098 3356 5162 protector
3381 5099 3557 5142 eorum
3589 5091 3682 5136 est.

2108 5198 2194 5253 18.
2228 5195 2421 5249 Domus
2447 5193 2618 5246 Aaron
2645 5188 2862 5257 speravit
2906 5186 2958 5239 in
2990 5180 3242 5245 Domino;
3281 5176 3486 5246 adjutor
3513 5188 3687 5226 eorum

2106 5301 2152 5344 et
2175 5295 2420 5359 protector
2452 5299 2624 5338 eorum
2644 5289 2734 5336 est.
2767 5279 2856 5336 19.
2893 5278 2990 5346 Qui
3014 5275 3186 5328 timent
3213 5267 3686 5336 Dominumspera—

2105 5387 2283 5434 rerum
2309 5377 2359 5430 in
2392 5374 2651 5440 Domino;
2687 5372 2894 5434 adiutor
2929 5380 3102 5421 eorum
3139 5372 3186 5417 et
3226 5367 3476 5432 protector
3516 5371 3687 5410 eorum

2168 5533 2240 5595 (α)
2277 5529 2503 5595 ξιιῐξωθω
2524 5525 2806 5590 Callimedis
2851 5530 2903 5595 et
2945 5530 3160 5595 “went
3181 5513 3684 5595 Di‘_lii‘{‘£€§__h."-"_‘9S‘_‘P

2106 5585 2255 5645 etiam
2271 5593 2422 5644 hodie
2445 5585 2754 5641 momnnenta
2796 5593 3020 5634 veterum
3057 5593 3168 5644 qua:
3213 5585 3474 5640 sulersunt
3497 5587 3683 5638 repra-

2105 5661 2318 5709 sontant.
