4134 6210
473 322 569 377 ειι

474 451 563 496 ηε.
583 440 690 495 Per
711 439 828 494 bmc
854 439 994 495 enim
1021 446 1076 494 et
1102 438 1195 494 Dei
1227 439 1516 509 potentiam
1542 438 1813 509 prretlicat,
1843 442 1899 492 et
1941 437 2056 506 ejus

475 531 941 602 incomparabilem
974 537 1028 585 et
1073 545 1235 599 super
1271 544 1459 586 omnes
1506 529 1896 585 excellentiam.
1927 527 2057 596 Qum

470 624 610 678 enim
641 621 864 678 Judaico
891 621 1085 691 populo
1110 619 1246 675 facta
1267 629 1391 676 sunt
1417 621 1468 675 in
1502 619 1736 674 medium
1763 618 2053 685 adducens,

470 713 705 768 ostendit
749 712 868 782 ejus
903 711 1130 782 duplex,
1178 713 1286 767 imo
1312 726 1438 766 vero
1481 710 1670 779 triplex
1717 709 2055 766 beneﬁcium.
2094 779 2100 787 ,

472 808 707 862 Primum
746 805 982 876 quidem,
1011 805 1152 877 quod
1175 819 1267 860 eos
1301 804 1604 860 liberaverit
1629 819 1658 856 a
1685 803 2014 858 dmmonibus
2038 819 2052 856 :

469 898 686 964 deinde,
717 897 860 968 quod
889 898 1123 966 seipsum
1150 895 1566 951 manifestaverit
1593 911 1606 947 :
1635 895 1790 950 tertio
1834 904 2011 950 autem
2033 935 2050 961 ,

471 992 609 1060 quod
649 993 727 1046 eis
747 1006 900 1045 suum
923 990 1210 1060 praebuerit
1233 989 1505 1044 auxilium.

542 1083 791 1138 Sacerdos
817 1083 1065 1152 privatum
1091 1082 1238 1152 longe
1260 1090 1484 1151 superat.
1508 1080 1833 1136 Providentia
1849 1089 1893 1134 et
1907 1078 2055 1134 bene;

471 1175 624 1228 dictio
640 1173 739 1228 Dei
759 1191 910 1244 super
921 1172 1086 1227 Israel
1101 1183 1146 1226 et
1171 1175 1306 1247 ipsos
1339 1173 1647 1244 proselytos;
1674 1171 1947 1226 benedictio
1973 1187 2056 1226 vc-

467 1275 546 1318 tus
573 1274 615 1318 et
637 1279 862 1318 nova.--
879 1263 1072 1318 Dividit
1099 1272 1276 1319 autem
1299 1263 1593 1319 orationem
1625 1263 1676 1317 in
1701 1263 1969 1330 lsraelem,
1999 1271 2054 1318 et

465 1373 632 1425 genus
677 1357 1040 1422 sacerdotale,
1079 1365 1131 1412 et
1173 1372 1268 1412 eos
1295 1358 1385 1428 qui
1416 1356 1482 1411 ad
1535 1372 1654 1412 eum
1694 1355 1953 1412 accedunt
1986 1371 2052 1410 ex

466 1449 734 1515 gentibus.
761 1447 876 1502 Non
899 1457 980 1502 est
1005 1447 1147 1504 enim
1177 1447 1530 1503 conferendas
1563 1447 1794 1516 privatus
1823 1462 1941 1500 cum
1969 1461 2053 1500 sa-

468 1542 706 1607 cerdote,
731 1541 826 1595 ‘sed
861 1539 947 1593 hic
977 1556 1098 1594 cum
1120 1540 1274 1608 longe
1313 1549 1527 1607 superat
1556 1554 1571 1591 :
1621 1547 1674 1592 et
1703 1537 1820 1591 ideo
1862 1536 2052 1590 merito

467 1647 582 1686 eam
603 1630 1076 1684 facitdivisionem.
1097 1628 1260 1698 Major
1282 1627 1422 1682 enim
1440 1634 1520 1682 est
1541 1627 1619 1682 eis
1637 1625 1806 1680 honor
1821 1624 2047 1679 habitus.

536 1723 589 1778 5.
633 1721 836 1776 Deinde
874 1719 1163 1774 ostendens
1190 1719 1576 1790 providentiam
1610 1733 1713 1771 non
1751 1731 1868 1770 esse
1890 1717 2051 1770 rebus

467 1823 668 1866 tantmn
691 1811 930 1866 Judaicis
955 1810 1410 1878 circumscriptam
1435 1850 1448 1872 ,
1481 1808 1872 1879 proselylorum
1914 1823 2048 1877 quo-

466 1919 567 1972 que
594 1903 855 1965 meminit,
889 1903 976 1972 qui
1021 1901 1282 1956 accedunt
1307 1915 1370 1956 ex
1393 1900 1660 1969 gentibus,
1695 1899 1949 1960 auxilium
1995 1909 2048 1952 et

467 1994 888 2049 benedictionem
935 1991 1124 2047 factam
1157 1992 1209 2046 in
1236 2007 1420 2046 omnes
1447 2005 1566 2046 esse
1591 1991 1792 2045 dicens.
1821 1989 1912 2045 20.
1943 1987 2053 2042 Do-

464 2086 629 2138 minus
662 2085 853 2138 memor
894 2083 1052 2137 nostri
1078 2124 1092 2148 ,
1129 2082 1378 2136 benedixit
1397 2081 1556 2136 nobis.
1587 2081 1850 2135 Benedixit
1880 2081 2050 2134 domui

468 2177 654 2241 Israel,
673 2175 918 2230 benedixit
936 2175 1108 2230 domui
1127 2174 1322 2239 Aaron;
1338 2174 1426 2229 21.
1443 2174 1689 2228 benedixit
1705 2176 1767 2227 iis
1780 2174 1865 2244 qui
1879 2173 2050 2225 timent

468 2268 758 2324 Dominum.
782 2268 917 2336 Quid
945 2278 1044 2333 est,
1077 2267 1371 2322 Benedixit?
1390 2267 1650 2336 Implevit,
1681 2266 1866 2338 inquit,
1899 2265 2050 2320 bonis

466 2361 960 2418 innumerabilibus.
987 2361 1194 2416 Etenim
1226 2359 1388 2414 homo
1403 2373 1614 2430 quoque
1649 2358 1812 2426 Deum
1830 2358 2050 2413 benedi-

465 2458 556 2521 cit,
587 2455 876 2526 ut'quando
905 2455 1066 2522 dicit,
1115 2452 1338 2510 Benedic
1357 2495 1372 2520 ,
1397 2455 1575 2506 anima
1611 2469 1742 2520 mea,
1771 2450 2050 2505 Dominum

468 2547 637 2620 (Psal.
661 2548 877 2621 102.1).
894 2547 1108 2617 Βεύ-ψιῐ
1129 2547 1294 2602 Deum
1317 2547 1606 2612 benedicit,
1639 2546 1753 2616 ipse
1779 2546 2044 2599 lucratur:

465 2641 702 2709 scipsum
732 2640 872 2695 enim
899 2637 1080 2694 reddit
1095 2637 1396 2700 clariorem,
1431 2637 1502 2690 illi
1538 2644 1714 2690 autem
1738 2633 1864 2689 nihil
1892 2634 2049 2704 largi-

465 2739 570 2795 tur;
595 2732 732 2785 Deus
763 2737 942 2788 antem
969 2729 1312 2792 benedicens,
1333 2744 1430 2784 nos
1448 2727 1618 2784 reddit
1637 2727 1914 2790 clariores;
1937 2727 2048 2796 ipse

463 2831 638 2876 autem
670 2822 796 2876 nihil
825 2821 1034 2890 accipit.
1067 2821 1204 2876 Deus
1233 2819 1374 2874 enim
1393 2819 1531 2875 nulla
1577 2835 1635 2874 re
1677 2819 1876 2889 indiget
1903 2833 1917 2872 :
1948 2819 2046 2872 ita-

463 2931 568 2986 que
601 2915 805 2969 lucrum
836 2914 1082 2984 utrinque
1111 2921 1348 2968 nostrum
1393 2921 1475 2968 est
1503 2929 1517 2965 :
1547 2911 1825 2980 Quomodo
1847 2908 1919 2982 (a)
1955 2925 2052 2964 au-

466 3017 568 3062 tem
599 3023 692 3062 eos
722 3006 1028 3062 benedixit?
1059 3006 1212 3062 Dedit
1257 3007 1335 3062 eis
1388 3021 1577 3076 panem
1609 3020 1639 3060 e
1675 3005 1827 3072 caelo,
1857 3019 2046 3074 aquam

466 3102 597 3171 pluit
636 3117 666 3155 e
699 3110 865 3169 petra,
891 3101 1164 3154 introitum
1200 3115 1384 3154 eorum
1411 3108 1463 3154 et
1493 3099 1690 3154 exitum
1723 3098 2004 3154 custodivit
2029 3137 2046 3166 ,

466 3203 705 3250 armenta
735 3203 788 3248 et
813 3207 1000 3263 greges
1025 3208 1210 3248 eorum
1247 3193 1413 3259 auxit,
1448 3191 1768 3261 peculiarem
1797 3189 2047 3260 populum

465 3285 778 3350 nominavit,
807 3293 860 3338 et
909 3283 1082 3353 regale
1113 3283 1492 3347 sacerdotium,
1524 3283 1694 3353 legem
1732 3282 1897 3348 dedit,
1926 3297 2048 3351 pro-

467 3378 653 3446 phetas
689 3377 852 3430 misit.
901 3375 1026 3456 Haec
1062 3375 1221 3430 etiam
1261 3373 1381 3428 alibi
1416 3373 1708 3444 praedicans
1735 3373 1863 3427 dicit
1889 3389 1902 3424 :
1927 3371 2048 3427 Non

467 3469 581 3537 fecit
621 3467 788 3520 taliter
833 3467 968 3520 onmi
990 3466 1202 3530 nationi,
1250 3474 1297 3519 et
1312 3464 1514 3536 judicia
1558 3481 1653 3518 sua
1690 3481 1790 3517 non
1830 3463 2047 3528 manife-

463 3559 610 3611 stavit
636 3559 706 3610 eis
737 3556 917 3627 (Psal.
944 3558 1064 3611 N7.
1089 3557 1122 3612 9
1173 3554 1287 3630 [ἓο]
1305 3557 1348 3627 ).
1378 3555 1444 3610 Ει
1472 3557 1637 3610 alios:
1663 3555 1903 3622 Quantam
1929 3570 2049 3623 gens

465 3661 536 3705 est
565 3650 689 3703 adeo
718 3651 940 3721 sapiens,
963 3650 1044 3702 cui
1069 3649 1443 3720 appropinquat
1472 3647 1719 3702 Dominus
1739 3647 1917 3701 Deus?
1944 3646 2050 3700 Pu-

465 3743 593 3798 sillis
617 3757 729 3796 cum
763 3741 1040 3810 maioribus
1067 3739 1241 3809 (Deut.
1272 3741 1325 3795 4.
1349 3741 1424 3812 7).
1471 3739 1707 3804 Nullum,
1736 3739 1922 3808 inquit,
1951 3737 2048 3792 fuit

465 3850 633 3907 genus
670 3835 754 3890 cui
802 3833 1031 3890 defuerit
1065 3833 1402 3900 benedictio,
1455 3832 1546 3887 sed
1595 3831 1710 3888 htec
1749 3832 1815 3886 ad
1861 3845 2048 3886 omnes

465 3937 684 3984 extensa
716 3936 856 3984 sunt.
909 3927 1000 3982 22.
1033 3926 1252 3996 Adjiciat
1274 3925 1524 3979 Dominus
1565 3940 1718 3994 super
1738 3939 1858 3990 vos;
1899 3940 2050 3992 super

465 4036 552 4074 eos
572 4063 587 4087 ,
621 4029 666 4074 et
686 4033 836 4091 σιφα-
867 4019 999 4088 ﬁlios
1021 4026 1230 4072 vestros.
1260 4015 1448 4071 Vidisti
1504 4016 1648 4070 aliud
1676 4031 1842 4086 genus
1883 4014 2046 4069 bene-

468 4114 736 4180 dictionis,
765 4125 956 4182 nempe
985 4119 1038 4164 ut
1064 4117 1270 4164 crescat
1297 4109 1500 4179 genus?
1526 4108 1592 4162 Et
1609 4108 1732 4163 ideo
1755 4105 1893 4162 alius
1919 4122 2048 4162 con-

468 4206 689 4260 trarium
721 4219 819 4276 pro
848 4203 1112 4273 supplicio
1151 4201 1401 4266 aﬂ‘crens,
1432 4200 1561 4255 dicit
1587 4217 1602 4252 :
1629 4199 1696 4253 Et
1715 4199 1946 4253 diminuti
1963 4215 2050 4253 su-

467 4314 598 4362 mus,
628 4307 674 4350 et
699 4307 874 4351 sumus
915 4296 1062 4366 pauci
1081 4294 1195 4365 plus
1221 4309 1370 4362 quam
1407 4307 1580 4345 omnes
1593 4291 1680 4358 qui
1706 4290 1930 4348 habitant
1951 4298 2049 4348 ter-

465 4403 574 4441 ram
605 4387 764 4460 (Dan.
792 4387 844 4442 5.
875 4385 986 4457 57).
1013 4385 1121 4439 llac
1142 4383 1511 4439 benedictione
1539 4381 1845 4436 fruebantur
1887 4381 2046 4436 etiam

465 4495 588 4534 cum
613 4487 794 4534 essent
819 4479 872 4533 in
921 4477 1174 4548 Egypto,
1215 4475 1338 4530 licet
1396 4484 1577 4530 essent
1613 4474 1888 4530 innumera
1930 4491 2050 4545 qua:

465 4571 845 4642 prohibebant,
874 4586 1055 4642 opera,
1085 4569 1299 4626 afﬂictio
1323 4578 1378 4624 et
1417 4568 1710 4634 calamitas,
1749 4583 1932 4625 eorum
1959 4570 2048 4640 qui

459 4665 1030 4736 ‘urgebantcrudelitas
1057 4679 1072 4716 ;
1103 4663 1197 4718 sed
1223 4661 1356 4717 nihil
1385 4661 1818 4717 eorum'verbum
1849 4661 1941 4718 Dei
1971 4663 2052 4717 in-

468 4759 718 4828 terrupit,
759 4758 851 4813 sed
892 4772 958 4813 eo
991 4757 1248 4826 processit
1275 4741 1594 4821 benedictib,
1623 4765 1680 4810 ut
1715 4757 1767 4811 in
1809 4756 2052 4812 ducentis

391 4866 412 4876 ο
469 4851 623 4904 annis
647 4851 834 4904 fierent
862 4858 1111 4904 sexcenta
1138 4847 1298 4902 millia
1333 4845 1522 4918 (Ea-od.
1551 4847 1636 4903 12.
1668 4847 1781 4920 57).
1801 4847 1905 4904 Sed
1929 4857 2052 4906 tunc

469 4939 682 5010 quidem
713 4940 768 4993 in
790 4937 871 4994 his
893 4937 1220 4995 consistebat
1247 4937 1566 5004 benedictio,
1600 4955 1743 4994 nunc
1788 4949 1965 4995 autem
1998 4941 2047 4994 in

469 5033 638 5098 Novo,
664 5034 716 5087 in
749 5032 914 5087 multo
943 5032 1271 5087 melioribus.
1301 5029 1369 5086 Et
1399 5031 1518 5087 ideo
1543 5031 1670 5086 dicit
1698 5031 1926 5087 Paulus:
1957 5031 2050 5088 iic-

471 5127 701 5181 nedictus
741 5125 1009 5197 Deus,*qui
1043 5124 1295 5180 benedixit
1331 5139 1422 5179 nos
1448 5125 1501 5179 in
1525 5127 1662 5180 omni
1707 5125 2051 5182 benedictum

467 5216 722 5288 spirituali
747 5219 800 5274 in
819 5213 1168 5271 ctelestibusin
1193 5213 1392 5272 Christo
1422 5216 1633 5289 (Ephes.
1665 5217 1711 5271 1.
1740 5217 1818 5288 5).
1847 5217 1914 5272 Et
1935 5233 2052 5272 rur-

469 5321 559 5363 sus
588 5323 600 5357 :
637 5307 700 5362 Ei
731 5315 895 5361 autem
936 5308 1023 5378 qui
1043 5318 1202 5378 potest
1229 5307 1399 5362 anmia
1425 5307 1590 5377 [acea
1617 5308 1764 5380 longe
1787 5310 2050 5364 abundat»

533 5504 605 5565 (α)
619 5505 710 5574 Hic
725 5510 778 5554 et
799 5517 930 5568 pene
953 5504 1135 5568 ubique
1157 5505 1425 5576 omnia-sus
1443 5503 1608 5568 deque
1629 5512 1882 5554 vertuntur
1899 5506 1947 5554 in
1966 5513 2049 5556 Co-

469 5563 576 5614 dlce
599 5571 748 5616 nemo
765 5579 777 5614 :
795 5566 948 5615 verba
966 5571 1133 5616 textus
1149 5571 1295 5615 Graecr
1319 5577 1367 5614 m
1385 5563 1478 5615 alia
1500 5577 1761 5616 smouvma
1785 5573 2047 5616 mutantur.

469 5577 581 5636 uice
601 5577 748 5628 aegro
765 5579 777 5614 :
795 5577 948 5638 yerna
966 5577 1133 5638 textus
1149 5577 1295 5615 Graec:
1319 5577 1367 5614 m
1385 5577 1478 5615 ana
1500 5577 1761 5638 synonyma
1785 5577 2047 5627 mutantur,

464 5623 712 5697 dictiones
733 5637 1144 5697 _mt_nus‘proprne
1175 5628 1498 5697 inducuntur,
1515 5631 1599 5697 ⁸ιεει
1635 5634 1690 5677 ut
1719 5627 2050 5697 de__industria

467 5685 646 5808 11:35:50
670 5685 888 5736 videatur
904 5685 1150 5740 Graeculus
1168 5689 1422 5752 quispiam,
1445 5685 1527 5752 qui
1551 5688 1680 5739 hunc
1701 5688 1924 5739 codicem
1934 5693 2050 5740 scrt-

1145 319 1207 376 S.
1250 317 1526 375 JOANNIS
1565 305 2040 373 CllRVSOSTOlll
2085 315 2393 371 ARClllEP.
2439 315 2964 372 CONSTAN'l'lNOP.

3633 301 3746 386 sta

3651 405 3667 424 ι

2170 436 2266 489 (ius
2293 453 2440 506 quam
2471 439 2682 506 petimus
2711 439 2788 494 vel
2822 441 3098 512 cogitamus
3123 482 3136 506 ,
3177 443 3221 495 ei
3251 443 3413 512 gloria
3439 446 3490 498 in
3521 445 3748 501 Ecclesia

2164 527 2378 596 (Ephcs.
2407 530 2458 583 5.
2491 529 2578 582 9.0.
2609 530 2724 600 2|).
2754 530 2819 584 Et
2859 531 2976 586 ideo
3001 531 3272 600 proiihetce
3294 549 3505 605 quoque
3523 538 3748 608 antiqui-

2165 630 2249 674 lus
2278 631 2581 688 qumrentes
2615 622 2891 688 beneficia,
2922 623 3232 694 prtebehant
3251 623 3386 679 hanc
3415 628 3744 684 benedictio-

2161 727 2306 766 nem.
2352 712 2609 766 llclisarus
2636 715 2776 767 enim
2807 729 2922 768 eam
2949 756 2964 781 ,
2995 733 3113 785 qum
3149 717 3290 770 illum
3321 721 3555 788 suscepit
3583 761 3598 785 ,
3648 721 3738 776 filii

2160 803 2302 858 dono
2328 814 2695 858 rettutneratus
2717 815 2796 858 est
2819 804 2896 877 (1.
2931 804 3062 876 Reg.
3088 807 3140 859 4.
3174 806 3282 878 lli).
3315 806 3368 861 ln
3399 807 3545 862 Novo
3569 819 3744 864 autem

2163 911 2267 951 non
2298 896 2432 964 lucc,
2477 895 2570 951 sed
2601 898 2765 950 tnulto
2806 897 3030 966 majora.
3061 898 3238 967 Itaque
3284 901 3590 968 purpuraria
3637 915 3743 956 non

2160 986 2274 1041 lure
2305 986 2518 1056 petebat
2548 986 2616 1040 ab
2659 988 2914 1056 apostolis
2935 1029 2950 1054 ,
2995 988 3088 1043 sed
3129 988 3294 1058 quid?
3326 989 3387 1042 Si
3416 1006 3517 1042 non
3533 991 3745 1060 judica-

2157 1079 2247 1132 stis
2272 1094 2351 1130 me
2373 1077 2632 1146 indignam
2673 1077 2912 1144 Domino,
2951 1078 3200 1148 ingressi,
3249 1088 3444 1134 manete
3485 1083 3626 1146 apud
3664 1099 3743 1137 me

2158 1167 2290 1241 (Act.
2312 1169 2400 1226 16.
2420 1167 2530 1242 is).
3425 1153 3430 1160 ’

2229 1259 2362 1317 Νυνὶ
2381 1257 2698 1318 Testamenti
2723 1263 2857 1318 bona
2880 1265 3009 1320 nihil
3025 1265 3216 1320 terreni
3229 1262 3442 1319 habent.
3466 1258 3744 1334 Virginita-

2156 1353 2219 1406 tis
2239 1352 2420 1406 bonum
2446 1355 2696 1422 quomodo
2717 1353 3075 1407 introductum.
3104 1351 3406 1407 Judteorum
3439 1357 3736 1410 carnalitas.

2155 1441 2446 1497 Benedictio
2469 1443 2986 1498 hominum—Vides
3010 1452 3264 1512 quantum
3293 1444 3500 1500 intersit
3524 1453 3578 1500 et
3596 1463 3745 1515 quat.-

2155 1552 2276 1590 nam
2299 1535 2509 1604 quidem
2537 1535 2785 1606 petebant
2814 1535 2900 1605 qni
2931 1545 3084 1590 erant
3105 1537 3156 1591 in
3174 1535 3356 1592 Veteri
3374 1578 3388 1602 ,
3413 1546 3466 1593 et
3495 1554 3740 1608 quamam

2153 1629 2241 1697 qui
2261 1629 2312 1680 in
2331 1625 2517 1681 Novo?
2539 1627 2602 1681 Et
2627 1643 2811 1682 rursus
2827 1625 3102 1682 Christus:
3124 1627 3346 1682 Gaudete
3361 1671 3374 1693 ,
3394 1631 3511 1699 quia
3535 1633 3742 1685 pentina

2153 1727 2314 1773 uestra
2341 1720 2529 1789 scripta
2555 1729 2670 1774 sunt
2705 1721 2758 1774 in
2783 1721 2918 1774 caelis
2947 1719 3113 1793 (Luc.
3145 1721 3231 1776 l0.
3261 1721 3376 1794 20).
3410 1723 3474 1776 Et
3501 1723 3697 1781 Paulus
3723 1742 3736 1776 :

2153 1809 2293 1865 Deus
2315 1820 2480 1864 autem
2513 1812 2719 1883 impleat
2739 1829 2824 1866 vos
2845 1815 2982 1867 omni
3009 1815 3175 1884 gratia
3197 1823 3241 1868 et
3261 1831 3351 1884 spe
3375 1816 3427 1868 in
3467 1817 3738 1880 credendo,

2153 1911 2208 1956 ut
2234 1902 2497 1957 abundetis
2517 1905 2570 1958 in
2597 1920 2702 1974 spe,
2731 1904 2784 1957 in
2807 1905 2984 1958 virtute
3013 1904 3240 1974 Spiritus
3266 1908 3428 1960 sancti
3452 1905 3624 1979 (Rom.
3651 1909 3738 1984 5.

2154 1996 2270 2064 15).
2303 1995 2488 2050 Vidisti
2514 1997 2620 2050 vim
2644 1997 3028 2052 benedictionis
3048 2012 3165 2066 qua:
3194 1997 3330 2052 bona
3359 1999 3579 2070 largitur
3607 2000 3738 2055 inei-

2152 2085 2363 2152 fabilia,
2397 2095 2451 2142 et
2478 2087 2606 2142 nihil
2653 2087 2813 2143 habet
2843 2090 3153 2150 terrenum?
3190 2098 3245 2144 et
3285 2105 3470 2144 rursus
3497 2091 3692 2146 Paulus
3721 2108 3734 2144 :

2153 2176 2292 2231 Deus
2318 2178 2481 2230 autem
2507 2186 2724 2231 conteret
2747 2187 2978 2231 satanam
3005 2177 3096 2232 sub
3139 2178 3345 2249 pedibus
3369 2179 3542 2233 uestris
3566 2181 3738 2234 celeri-

2154 2276 2229 2321 ter
2278 2267 2451 2341 (Rom.
2479 2267 2565 2322 16.
2599 2266 2712 2339 20).
2735 2267 2840 2324 Sed
2875 2269 2926 2321 in
2980 2267 3194 2333 Veteri,
3226 2269 3440 2338 quando
3495 2270 3737 2324 homines

2155 2368 2312 2413 erant
2357 2358 2669 2421 crassiores,
2711 2374 2773 2412 ex
2822 2357 3105 2414 sensilibus
3151 2358 3534 2414 contexebatur
3574 2359 3736 2414 bene.

2153 2449 2333 2514 dictio,
2362 2456 2420 2503 et
2456 2449 2742 2503 multorum
2775 2449 3062 2502 liberorum
3088 2432 3361 2518 susceptio
3389 2448 3737 2504 existimaba-

2155 2548 2240 2593 tur
2268 2554 2386 2593 csse
2419 2555 2503 2594 res
2553 2539 2801 2593 maxima.
2841 2539 3100 2607 Quoniam
3129 2539 3271 2594 enim
3325 2555 3470 2594 mors
3501 2541 3735 2610 ingressa

2156 2641 2271 2684 erat
2314 2645 2376 2684 ex
2411 2637 2648 2698 peccato,
2684 2629 2821 2684 Deus
2846 2644 3014 2700 genus
3037 2629 3340 2696 consolans,
3369 2639 3422 2685 et
3449 2631 3739 2686 ostendens

2152 2739 2268 2780 eam
2297 2739 2400 2776 non
2435 2721 2592 2776 modo
2624 2737 2726 2776 non
2756 2731 3216 2790 consumpturam,
3239 2735 3338 2775 nec
3365 2722 3631 2775 interitum
3661 2723 3738 2774 al-

2157 2813 2404 2876 laturam,
2436 2813 2528 2866 sed
2571 2813 2726 2882 longe
2771 2813 2930 2866 etiam
2958 2813 3133 2881 plures
3161 2827 3317 2883 quam
3345 2822 3468 2866 ante
3497 2811 3700 2866 futuros
3720 2855 3734 2875 ,

2153 2905 2339 2974 inquit,
2363 2903 2594 2967 Crescite,
2614 2912 2657 2956 et
2674 2901 3074 2973 multiplicamini
3097 2902 3244 2974 (Gen.
3270 2902 3324 2956 9.
3351 2904 3424 2973 1).
3451 2903 3735 2972 Postquam

2153 3003 2333 3050 autem
2359 2995 2626 3064 cognitum
2661 2993 2756 3048 fuit
2782 3004 3006 3052 mortem
3033 3009 3151 3048 esse
3176 3009 3444 3060 somnum,
3493 2993 3734 3048 introdu-

2153 3093 2296 3139 ctum
2331 3093 2416 3138 est
2451 3083 2644 3138 bonum
2677 3083 3010 3152 virginitatis.
3043 3083 3106 3141 Et
3131 3083 3250 3137 ideo
3269 3082 3478 3137 dicebat
3509 3083 3732 3138 Paulus:

2162 3175 2290 3231 Volo
2321 3185 2487 3230 autem
2509 3193 2678 3230 omnes
2705 3177 2928 3230 homines
2955 3192 3061 3230 esse
3088 3177 3140 3229 in
3169 3177 3496 3238 continentia,
3522 3179 3648 3230 sicut
3690 3183 3736 3229 et

2150 3268 2416 3337 meipsum.
2450 3267 2518 3322 Et
2542 3282 2724 3322 rursus
2749 3285 2762 3320 :
2790 3267 2991 3320 Bonum
3028 3276 3100 3320 est
3131 3266 3322 3319 homini
3357 3267 3610 3320 mulierem
3636 3283 3737 3320 non

2151 3369 2355 3432 tangere
2381 3359 2456 3434 (l.
2481 3360 2596 3414 Cor.
2619 3361 2670 3414 7.
2693 3360 2839 3430 7).Et
2867 3343 3148 3414 Christus:
3175 3359 3306 3414 Sunt
3323 3359 3558 3425 eunuchi,
3588 3359 3673 3429 qui
3689 3369 3740 3414 se

2155 3463 2441 3508 castrorum
2462 3462 2665 3522 propter
2693 3469 2899 3522 regnum
2929 3453 3167 3507 calorum
3203 3451 3249 3522 (l
3259 3452 3362 3505 bid.
3388 3453 3516 3507 v.1.
3551 3451 3738 3505 Matth.

2152 3545 2238 3600 19.
2271 3545 2384 3615 12).
2405 3544 2731 3612 Quamquam
2757 3542 2953 3613 alioqui
2974 3543 3130 3597 etiam
3159 3542 3208 3595 in
3229 3541 3490 3612 principio
3515 3541 3740 3596 obscure

2151 3635 2470 3706 significavit
2491 3647 2630 3704 opus
2659 3648 2779 3689 esse
2829 3635 3040 3696 virtute,
3084 3647 3188 3687 non
3218 3632 3447 3687 ﬁliorum
3497 3632 3736 3687 multitu-

2152 3725 2299 3782 dine.
2330 3725 2462 3779 Audi
2495 3735 2672 3778 autem
2699 3724 2984 3793 quomodo.
3041 3723 3176 3778 Dicit
3203 3723 3347 3778 enim
3381 3723 3596 3794 quidam
3644 3739 3730 3777 sa-

2152 3818 2305 3887 piens
2330 3833 2343 3869 :
2375 3815 2458 3869 Ne
2474 3816 2701 3870 desidera
2718 3816 3087 3870 multitudinem
3109 3816 3335 3884 ﬁliorum
3361 3816 3634 3880 inutilium,
3659 3817 3738 3868 ni-

2151 3909 2196 3963 si
2221 3908 2286 3960 sit
2313 3907 2464 3961 timor
2486 3907 2578 3960 Dei
2601 3924 2714 3961 cum
2735 3907 2856 3978 ipsis
2874 3924 2896 3958 .·
2917 3904 2990 3978 (a)
3018 3923 3174 3977 neque
3191 3906 3388 3960 attende
3408 3922 3580 3960 eorum
3603 3907 3737 3960 titul-

2152 4000 2432 4053 titudinem.
2479 3998 2660 4056 Melior
2702 4009 2773 4054 est
2807 4000 2939 4054 enim
2979 4016 3108 4053 unus
3136 4015 3287 4068 quam
3329 3997 3496 4064 mille,
3528 4009 3573 4052 et
3614 3997 3741 4052 mori

2155 4090 2263 4144 sine
2287 4089 2429 4158 ﬁliis,
2451 4106 2600 4159 quam
2628 4089 2810 4146 habere
2837 4090 2971 4158 ﬁlios
2990 4089 3172 4160 impios
3199 4103 3220 4143 :
3240 4101 3283 4141 et
3311 4089 3490 4142 melior
3516 4098 3586 4142 est
3613 4104 3742 4141 unus

2153 4183 2344 4252 faciens
2380 4181 2686 4234 voluntatem
2712 4181 2954 4248 Domini,
2983 4197 3134 4250 quam
3176 4180 3566 4233 innumerabiles
3599 4179 3743 4248 impii

2153 4273 2171 4344 (
2205 4273 2367 4327 Eccli.
2399 4273 2485 4328 16.
2517 4273 2635 4328 1-4
2663 4273 2708 4344 ).
2758 4271 2926 4328 Judrci
2967 4282 3142 4326 autem
3183 4271 3328 4324 nullo
3367 4271 3527 4340 plane
3581 4285 3742 4325 sensu

2155 4364 2384 4434 praediti,
2429 4364 2494 4418 ad
2543 4378 2756 4418 carnem
2789 4378 3000 4432 semper
3027 4362 3344 4432 aspirantes,
3392 4369 3445 4416 ct
3486 4361 3734 4414 virtutem

2152 4460 2510 4528 negligentes,
2540 4458 2786 4512 dicebant
2813 4472 2826 4508 :
2857 4455 2990 4523 Quid
3018 4456 3196 4526 quatrit
3226 4454 3366 4509 Deus
3391 4496 3406 4518 ,
3438 4454 3534 4506 nisi
3574 4469 3741 4507 semen

2155 4548 2410 4618 (.llalach.
2437 4549 2490 4602 2.
2524 4549 2608 4618 15)
2632 4549 2654 4600 ?
2679 4548 2770 4602 Eis
2793 4547 3081 4600 ostendens
3129 4562 3186 4600 se
3214 4544 3317 4600 hoc
3338 4560 3444 4599 non
3474 4559 3738 4615 quarrere,

2155 4657 2248 4697 eos
2281 4641 2472 4694 millies
2513 4639 2774 4710 perdidit,
2828 4653 2946 4692 cum
2981 4638 3175 4692 virtute
3224 4642 3491 4690 carerent.
3523 4634 3612 4689 25.
3644 4632 3742 4687 Be-

2155 4734 2336 4789 nedicti
2366 4749 2450 4786 vos
2481 4731 2715 4785 Domino.
2763 4730 2925 4784 Recte
2951 4729 3166 4796 adjecit,
3195 4727 3437 4781 Domino.
3468 4725 3600 4781 Nam
3642 4725 3741 4779 hoc

2155 4826 2492 4896 potissimum
2519 4833 2601 4878 est
2635 4821 2952 4877 benedictio.
2982 4821 3114 4875 Sunt
3139 4819 3280 4874 enim
3310 4819 3466 4872 etiam
3512 4816 3601 4888 qui
3650 4817 3744 4870 be-

2156 4916 2473 4970 nedicuntur
2501 4911 2638 4984 apud
2689 4912 2952 4976 homines,
2985 4909 3076 4964 sed
3121 4919 3245 4963 sunt
3280 4923 3367 4963 res
3397 4906 3608 4961 illorum
3637 4905 3739 4958 hu-

2157 5023 2349 5063 manm.
2380 5007 2504 5062 llmc
2529 5015 2606 5060 est
2639 5014 2816 5058 autem
2862 5002 3089 5056 maxima
3121 4999 3441 5056 benedictio.
3487 4997 3740 5052 llomines

2155 5099 2368 5168 quidem
2401 5095 2740 5157 benedicunt,
2802 5093 2902 5146 hoc
2929 5102 3010 5146 est
3050 5089 3285 5157 laudant,
3331 5088 3602 5144 celebrant
3647 5085 3739 5142 eos

2150 5206 2380 5260 quorum
2414 5203 2618 5257 magna:
2657 5195 2776 5240 sunt
2808 5200 2970 5254 opes,
3014 5181 3180 5253 gloria
3222 5190 3276 5236 ct
3327 5179 3582 5250 potentia.
3635 5177 3738 5232 Sed

2156 5281 2271 5336 lucc
2300 5277 2597 5334 benedictio
2623 5285 2705 5330 est
2733 5285 3096 5342 temporanea,
3154 5271 3263 5325 imo
3308 5269 3520 5340 quando
3566 5267 3738 5330 adest,

2157 5373 2284 5428 nihil
2307 5369 2524 5425 omnino
2549 5366 2708 5422 ail‘ert
2728 5367 2856 5422 lucri
2893 5383 2905 5419 :
2941 5363 3033 5421 Dei
3059 5371 3234 5419 autem
3260 5359 3627 5417 benevolentia
3658 5369 3741 5412 est

2157 5471 2434 5534 perpetua,
2465 5469 2518 5516 et
2546 5461 2600 5514 in
2619 5459 2776 5514 rebus
2797 5457 3042 5513 maximis
3070 5455 3270 5527 praebet
3294 5453 3596 5509 utilitatem.
3642 5449 3741 5517 Qui

2157 5557 2272 5626 fecit
2292 5554 2467 5609 ctelum
2495 5561 2540 5608 et
2562 5561 2762 5604 terram.

2159 5686 2292 5811 ag)
2329 5692 2376 5733 tn
2397 5684 2488 5738 hoc
2521 5682 2834 5734 Ecclesiastici
2879 5680 2988 5731 loco
3026 5677 3178 5730 multa
3209 5674 3498 5738 interposita
3521 5671 3747 5731 praeterit

2281 5756 2534 5797 sostomus.

2281 5756 2534 5797 sostomus.
