4062 6208
522 333 633 392 διδ

593 454 676 518 ς’.
697 443 844 512 Εἶδες
861 449 958 518 ὅση
980 448 1080 518 τῆς
1095 448 1341 516 εὐλογίας
1367 450 1400 518 ἡ
1440 446 1592 518 ἰσχύς
1609 463 1624 511 ;
1641 447 1721 498 T6
1747 445 1854 519 γάρ
1885 449 2104 518 ῥήματα

526 546 693 602 αὐτοῦ
727 545 866 618 ἔργα
887 547 1118 616 γίνεται.
1155 545 1258 598 Τὸν
1279 545 1407 615 γοῦν
1431 544 1661 615 οὐρανὸν
1683 543 1745 597 τὸ
1769 543 1919 615 ῥῆμα
1943 545 2106 598 66:06

528 642 680 717 [501]
712 643 1002 713 πεποίηκε.
1035 639 1118 707 Τῷ
1140 642 1304 712 λόγῳ
1331 641 1461 711 γάρ,
1485 641 1640 711 φησὶ,
1673 638 1898 708 Κυρίου
1922 643 1975 693 οί
2003 641 2105 693 οὐ·

521 739 700 809 ρανοί
728 738 1200 808 ἐστερεώθησαν.
1255 736 1478 807 Ἐκείνῳ
1503 737 1580 806 τῷ
1608 735 1750 806 λόγῳ
1784 753 1842 788 σε
1867 735 2098 803 εύλογεί,

538 835 616 907 τῷ
637 834 874 888 τοσαῦτα
905 833 1206 904 δυναμένῳ.

614 994 678 1046 '0
707 991 962 1060 οὐρανὸς
983 989 1086 1043 τοῦ
1107 987 1366 1056 οὐρανοῦ
1404 987 1483 1051 τῷ
1510 986 1724 1053 Κυρίῳ,
1760 985 1873 1051 τὴν
1897 983 1966 1036 δὲ
1994 982 2110 1052 γῆν

535 1090 718 1144 ἔδωκε
739 1087 865 1152 τοῖς
890 1085 1041 1151 υιοῖς
1069 1083 1188 1138 τῶν
1212 1081 1560 1150 ἀνθρώπων,
1584 1081 1650 1133 Τί
1682 1080 1898 1148 λέγεις;
1930 1077 2106 1143 ἐξελέ-

534 1186 660 1250 ξατο
689 1182 780 1238 τὸν
807 1182 1034 1252 οὐρανὸν
1059 1179 1270 1250 οἴκημα
1297 1178 1497 1247 ἐαυτῷ,
1535 1177 1629 1230 καὶ
1659 1175 1728 1230 τὰ
1761 1173 1987 1245 ύπερὼα
2015 1174 2113 1228 λα-

531 1280 665 1345 ϐὼν,
699 1281 834 1349 ἡμῖν
873 1277 1120 1348 ἀφώρισε
1161 1277 1230 1330 :6
1263 1273 1532 1338 ὲνταῦθας
1562 1274 1776 1340 ΙἈπαγε
1797 1289 1809 1300 ·
1855 1273 1954 1324 ούκ
1997 1269 2112 1322 ζστι

533 1376 719 1444 τοῦτο,
765 1374 904 1429 ἀλλά
935 1371 1394 1442 συγκαταϐάσεως
1435 1371 1464 1422 ὁ
1493 1369 1667 1436 λόγος.
1693 1369 1756 1421 ΕΞ
1803 1367 1913 1438 γὰρ
1955 1364 2113 1419 τοῦτό

533 1472 674 1536 ἐστι,
705 1467 824 1531 πῶς
841 1465 903 1520 τὸ
927 1467 1114 1537 ’ἕτερον
1135 1465 1334 1534 ἕστηκε
1359 1462 1420 1514 τὸ
1441 1459 1592 1532 παρὰ
1609 1460 1701 1513 τοῦ
1719 1459 1853 1512 Θεοῦ
1885 1457 2113 1528 λεγόμε-

532 1582 658 1633 νον;
691 1561 838 1633 Οὐχί
863 1561 978 1616 τὸν
1016 1558 1277 1627 οὐρανὸν
1306 1556 1404 1611 καί
1430 1555 1545 1625 τὴν
1581 1555 1699 1626 ⁴Γῆν
1730 1554 1845 1624 ἐγὼ
1870 1552 2112 1621 πληρῶ;

533 1660 701 1728 λέγει
730 1658 972 1725 Κύριος.
1013 1655 1221 1708 Ἐκεῖνο
1247 1652 1356 1724 γὰρ
1393 1651 1635 1705 ἐναντίον
1663 1649 1857 1720 τούτῳ,
1893 1649 1942 1702 εἰ
1975 1647 2114 1702 κατὰ

533 1756 634 1824 τὴν
668 1753 959 1825 πρόχειρον
992 1750 1124 1804 αὐτὸ
1156 1748 1438 1822 προφορὰν
1481 1746 1850 1817 ἐκδεξώμεθα,
1889 1746 1983 1799 καὶ
2038 1745 2112 1816 μὴ

535 1854 637 1924 τὴν
660 1849 1034 1921 ἀποκειμένην
1062 1850 1247 1910 αὐτοῖς
1273 1849 1640 1918 σκοπήσωμεν
1667 1843 1917 1916 Θεωρίαν.
1935 1842 2000 1895 Τί
2021 1837 2116 1896 οῦν

537 1950 686 2002 ἐστιν
711 1947 740 2000 6
767 1963 932 2016 φησιν
953 1962 968 1977 ο
1005 1945 1066 1997 '0
1097 1945 1356 2011 οὐρανὸς
1373 1942 1477 1997 τοῦ
1502 1941 1766 2009 οὐρανοῦ
1795 1939 1878 2004 τῷ
1901 1939 2114 2006 Κυρίῳ,

537 2043 653 2110 τὴν
673 2041 744 2095 δὲ
763 2041 878 2112 γῆν
895 2040 1081 2094 ἔδωκε
1098 2038 1223 2104 τοῖς
1244 2038 1397 2104 υίοῖς
1421 2037 1538 2091 τῶν
1556 2035 1900 2104 ἀνθρώπων;
1915 2036 2118 2104 Συγκα-

539 2137 820 2209 ταϐατικῷ
857 2136 1122 2208 κέχρηται
1167 2136 1330 2206 λόγῳ,
1367 2135 1467 2188 οὑκ
1495 2133 1802 2188 ἀποκλείων
1837 2133 1894 2185 ἐν
1925 2131 2002 2202 τῷ
2035 2131 2120 2183 o6-

544 2236 692 2310 ρανῷ
710 2237 800 2290 τδν
821 2234 972 2289 Θεόν.
998 2234 1132 2288 Ούδέ
1156 2232 1266 2304 γὰρ
1284 2231 1364 2294 τὺ,
1389 2232 1655 2300 Οὐρανὸς
1678 2232 1890 2299 θρόνος
1907 2228 2116 2292 αὑτοῦ,

541 2333 644 2388 καὶ
686 2334 724 2400 ἡ
754 2329 829 2400 γῆ
859 2329 1195 2384 ὑποπόδιον
1215 2346 1228 2358 ·
1257 2331 1447 2400 ὥσπερ
1474 2327 1596 2380 ούδέ
1620 2326 1703 2390 :6,
1727 2324 2000 2393 Οὐρανὸν
2023 2322 2121 2376 καί

539 2429 658 2498 τὴν
684 2425 799 2499 τῆν
814 2425 930 2497 ἐγὼ
954 2422 1188 2494 π.1ηρῶ,
1220 2422 1388 2488 ἀξίως
1412 2423 1577 2476 66:06
1600 2424 1813 2494 εῐρηται
1833 2439 1846 2453 ο
1875 2419 2011 2474 ἀλλὰ
2030 2420 2122 2474 καὶ

544 2526 677 2580 αὐτὸ
693 2520 1125 2592 συγκατάϐασις.
1145 2519 1331 2573 Πάντα
1349 2521 1457 2590 γὰρ
1474 2519 1636 2582 αύτδς
1652 2517 1923 2590 περιέχει,
1946 2516 2122 2570 πάντα

544 2625 726 2695 φέρει,
759 2621 820 2674 οὐ
854 2618 1109 2689 δεόμενος
1156 2616 1344 2680 τόπου,
1387 2614 1501 2668 ἀλλ’
1550 2614 1714 2677 αὐτὸς
1747 2613 1962 2666 ἅπαντα
1995 2628 2124 2680 συγ-

541 2718 762 2792 κρατῶν
785 2735 797 2748 υ
835 2715 973 2770 6116
997 2713 1215 2782 λέγεται
1236 2713 1265 2764 6
1296 2710 1524 2783 οὐρανὸς
1558 2708 1722 2762 66:06
1758 2704 1927 2772 οἶκος,
1956 2707 2042 2760 διὰ
2064 2706 2125 2760 τὸ

543 2815 788 2886 καθαρὸν
824 2811 966 2868 εἶναι
997 2810 1197 2883 χωρίον
1231 2809 1514 2880 πονηρίας.
1539 2809 1749 2878 Ὠσπερ
1775 2801 1868 2860 οὖν
1891 2803 2125 2860 ἐνταῦθα

544 2917 646 2969 οὐκ
671 2910 870 2981 ἐκλογὴ
890 2911 919 2963 6
938 2906 1167 2980 ούρανός
1185 2924 1198 2937 ·
1222 2905 1394 2971 οὕτως
1420 2904 1542 2960 ούδέ
1570 2906 1697 2959 ὃταν
1723 2905 1874 2976 λέγῃ,
1907 2903 2127 2970 Ἔστη-

546 3027 662 3066 σεν
681 3008 812 3078 ὅρια
833 3005 1027 3064 ἐθνῶν
1051 3005 1201 3060 κατὰ
1218 3003 1468 3075 ἀριθμὸν
1494 3001 1766 3073 ἀγγέλων
1793 2999 2018 3069 Θεοῦ.ἢ
2045 2999 2127 3051 ὅτι

558 3105 916 3174 Ἐξελέξατο
947 3102 1055 3158 τὸν
1093 3099 1266 3157 οἷκον
1306 3100 1530 3156 Ἰακώϐ.
1577 3099 1712 3153 Οὑδέ
1753 3097 1863 3169 γὰρ
1895 3093 2130 3151 ἐνταῦθά

548 3223 684 3278 φησι
711 3202 891 3267 τοῦτο,
923 3201 1006 3254 ὅτι
1027 3201 1077 3252 οί
1098 3199 1198 3270 μὲν
1227 3197 1469 3252 Ἰουδαῖοι
1501 3195 1688 3262 66:06,
1708 3196 1758 3250 οἱ
1785 3194 1841 3248 δέ
1863 3193 2013 3247 ἄλλοι
2038 3193 2130 3246 άν-

550 3307 760 3375 θρωποι
772 3300 872 3354 οὐκ
883 3297 982 3351 ἐτι-
1001 3295 1117 3350 ἀλλ’
1133 3295 1329 3366 ἔρημοι
1339 3293 1438 3363 τῆς
1452 3291 1706 3362 προνοίας
1719 3287 1880 3344 66106
1895 3307 1918 3343 ε
1929 3291 2021 3353 ίσι,
2036 3286 2130 3341 καὶ

551 3401 653 3470 τῆς
685 3391 1049 3466 δημιουργίας
1081 3389 1506 3459 ἀπεστέρηνται.
1531 3387 1727 3449 Κοινὸς
1746 3386 1855 3456 γάρ
1879 3385 2132 3439 ἁπάντων

554 3495 684 3559 Θεός
705 3496 843 3547 ἐστι⁹
862 3490 1128 3561 κέχρηται
1149 3487 1207 3540 δέ
1222 3485 1300 3556 τῷ
1319 3485 1462 3556 λόγῳ
1483 3483 1678 3552 τούτῳ,
1697 3482 1910 3544 δεικνὺς
1930 3480 2019 3534 τὸν
2038 3480 2134 3533 πό-

555 3595 650 3646 θον
672 3589 764 3644 τδν
795 3586 927 3657 περὶ
946 3584 1167 3646 αὐτοὺς,
1195 3581 1385 3649 ἐπειδὴ
1410 3579 1658 3634 ὁπωσοῦν
1676 3577 1784 3630 τῶν
1809 3576 1984 3631 ἀλλων
2021 3575 2135 3630 ἐδό-

557 3705 691 3741 κουν
726 3682 867 3739 εἶναι
894 3681 1175 3752 ἀμείνους.
1201 3679 1324 3731 Ὅτι
1354 3676 1465 3746 γὰρ
1493 3676 1596 3728 οὐκ
1639 3675 1834 3737 αὐτοὺς
1857 3672 2136 3738 ἐξελέξατο

560 3784 788 3857 μόνους,
811 3779 948 3834 6116
965 3776 1180 3832 πάντων
1201 3769 1268 3845 ἧν
1285 3771 1559 3844 κηδεμὼν,
1583 3769 1818 3822 δείκνυσι
1844 3769 1940 3839 μὲν
1961 3768 2052 3820 καὶ
2071 3767 2140 3820 :6

573 3878 684 3952 πρὸ
713 3875 1011 3938 Μωῦσέως,
1035 3872 1134 3926 οὐκ
1159 3870 1375 3924 ἔλαττον
1403 3867 1459 3920 δὲ
1491 3866 1583 3919 καλ.
1603 3864 1673 3918 τὰ
1702 3865 1786 3916 ἐπ’
1817 3863 1982 3917 αὑτοῦ
2005 3881 2016 3893 ·
2043 3863 2138 3916 καὶ

567 3973 714 4048 μετά
761 3970 952 4026 τοῦτον
993 3968 1064 4022 τὰ
1107 3965 1442 4022 καθέκαστον
1488 3962 1764 4031 γινόμενα.
1801 3959 1904 4013 Τόν
1945 3975 2005 4012 τε
2031 3958 2139 4026 γὰρ

561 4083 734 4153 ἥλιον,
755 4077 854 4150 τὴν
891 4075 1018 4146 γῆν,
1039 4073 1140 4143 τὴν
1179 4065 1564 4130 θάλασσαν,τὰ
1601 4063 1736 4119 ἄλλα
1772 4063 1951 4117 πάντα
1989 4063 2140 4132 κοινῇ

564 4183 732 4236 πᾶσιν
771 4177 963 4240 ἔδωκε,
985 4171 1076 4226 τόν
1116 4188 1176 4223 τε
1215 4167 1444 4238 φυσικὸν
1476 4165 1638 4236 νόμον
1659 4165 1820 4218 πᾶσιν
1842 4162 2142 4232 ἐνέσπειρε.

565 4282 672 4336 Τόν
691 4297 752 4333 τε
785 4274 1058 4348 Ἀϐραὰμ,
1080 4271 1298 4343 Πέρσην
1316 4268 1466 4331 ὄντα,
1489 4267 1583 4320 καὶ
1603 4265 1798 4335 ἐφίλει,
1818 4265 1908 4318 καὶ
1933 4262 2144 4334 μετετί-

567 4385 652 4438 θει
673 4399 687 4415 ο
724 4377 851 4440 τούς
870 4393 931 4430 τε
949 4375 1059 4444 γὰρ
1094 4369 1444 4439 Αἰγυπτίους,
1465 4365 1590 4430 τούς
1621 4382 1683 4418 τε
1716 4366 1774 4418 ἐν
1805 4367 1874 4435 τῇ
1906 4362 2143 4427 Χαναὰν,

568 4484 695 4547 τούς
730 4497 791 4534 τε
828 4477 938 4532 ἀπὸ
977 4471 1234 4545 Περσίδος
1275 4466 1527 4529 ἐλθόντας
1565 4465 1631 4518 δι’
1652 4463 1817 4518 66:06
1835 4463 2141 4534 διώρθωσε·

570 4584 736 4638 πάλιν
768 4579 860 4634 διά
895 4595 952 4632 τε
974 4575 1085 4632 ,τοῦ
1132 4571 1320 4636 παιδὸς
1355 4567 1452 4622 τοῦ
1471 4567 1679 4620 ἐκείνου
1702 4565 1796 4620 καὶ
1815 4565 1908 4619 τοῦ
1927 4564 2147 4632 ἐκγόνου

573 4683 802 4745 πολλοὺς
843 4679 949 4733 τῶν
987 4679 1104 4730 ἐκεῖ
1139 4673 1398 4742 γειτόνων
1441 4668 1682 4740 βελτίους
1721 4666 1914 4732 ἐποίει,
1934 4665 1995 4718 τὸ
2023 4663 2151 4734 γοῦν

576 4781 771 4836 ἑαυτοῦ
815 4779 998 4849 μέρος.
1017 4773 1236 4844 Ἐπειδὴ
1273 4772 1329 4824 δὲ
1365 4787 1460 4823 και
1498 4766 1736 4836 Μωῦσῆς
1777 4765 1992 4837 ἐτέχθη,
2017 4763 2155 4834 μετά

576 4881 750 4938 ταῦτα
783 4879 872 4933 διὰ
907 4877 1016 4931 τῶν
1034 4879 1113 4940 είς
1132 4878 1256 4938 τοὺς
1288 4871 1575 4935 Ἰουδαίους
1595 4869 1894 4940 γινομένων
1912 4868 2037 4930 τοὺς
2057 4868 2155 4920 Αί-

578 4981 841 5054 γυπτίους
876 4976 1011 5047 πρὸς
1049 4973 1377 5041 θεογνωσίαν
1418 4968 1802 5042 ἐχειραγώγει,
1824 4968 2068 5030 καὶτοὺς
2099 4967 2157 5018 ἐν

582 5077 939 5150 Παλαιστίνῃ,
960 5074 1055 5129 καὶ
1077 5072 1217 5144 μετά
1233 5072 1406 5125 ταῦτα
1425 5071 1551 5134 τοὺς
1572 5072 1630 5123 ἐν
1650 5068 1952 5122 Βαϐυλῶνι.
1973 5065 2158 5129 Οὕτως

581 5188 710 5239 ὃταν
728 5180 861 5252 λέγῃ
877 5217 892 5244 ,
918 5177 971 5231 '0
999 5173 1253 5242 οὐρανὸς
1274 5171 1379 5226 τοῦ
1398 5170 1659 5239 οὐρανοῦ
1677 5169 1758 5234 τῷ
1777 5169 1990 5237 Κυρίῳ,
2003 5166 2160 5219 τοῦτο

583 5287 754 5354 λέγει,
773 5282 857 5335 ὅτι
893 5277 982 5333 διὰ
1020 5274 1182 5328 τοῦτο
1224 5270 1636 5326 ἐπαναπαύεται
1673 5273 1787 5331 τοῖς
1817 5270 1954 5331 ἐκεῖ,
1974 5263 2159 5335 ἐπειδὴ

587 5385 768 5454 πάσης
801 5381 910 5434 είσὶ
943 5374 1206 5448 πονηρίας
1225 5370 1657 5442 ἀπηλλαγμένοι.
1679 5369 1790 5422 Καὶ
1811 5369 1875 5421 σὺ
1896 5367 1976 5430 δὲ,
1998 5367 2064 5420 ἂν
2084 5364 2160 5435 μὴ

589 5487 658 5554 τῇ
686 5485 758 5553 γῇ
777 5494 802 5522 ι
828 5475 1249 5552 προσηλωμένος
1270 5469 1358 5546 ᾗς,
1399 5469 1514 5523 611‘
1535 5467 1763 5536 ἄγγελος
1781 5467 1932 5536 γένῃ,
1954 5464 2162 5534 ταχέως

591 5586 670 5646 εἰς
709 5582 802 5638 τὸν
843 5579 1067 5652 οὐρανὸν
1101 5576 1197 5630 καὶ
1229 5573 1320 5627 τὸν
1348 5569 1599 5642 πατρῷον
1615 5565 1762 5623 οἷκον
1783 5565 2049 5636 ἀναϐήσῃ,
2073 5564 2165 5617 καὶ

658 5765 676 5790 ⁸
720 5760 829 5814 Ἐὰν
855 5763 918 5824 μή
947 5760 1103 5825 μείνῃς
1120 5759 1360 5824 ἄνθρωπος
1383 5757 1465 5804 καὶ
1485 5759 1542 5818 τῇ
1565 5758 1620 5816 γῇ
1645 5752 1769 5812 Reg.

1229 331 1288 388 S.
1329 329 1615 387 JOANMS
1654 328 2140 384 CIIRYSOSTOMI
2173 324 2500 381 ARCIIIEP.
2541 321 3086 378 CONSTANTINOI’.

3679 320 3778 378 εει

2211 446 2320 516 πρὸ
2339 443 2441 514 τῆς
2460 442 2806 503 ἀναστάσεως
2823 439 2879 492 δέ
2899 437 3148 493 ἐντεῦθεν
3168 439 3265 510 ήδη
3291 436 3580 508 μετέστης,
3601 435 3694 490 καὶ
3724 439 3785 492 τδ

2210 540 2440 610 ἀξίωμα.
2465 537 2626 608 ἔχεις.
2663 533 2921 608 Καθάπερ
2941 533 3050 606 γὰρ
3072 533 3253 587 πολλοὶ
3273 531 3424 604 ιδοε]
3460 531 3573 584 τῶν
3591 533 3671 594 εἰς
3688 531 3783 604 τὴν

2214 635 2456 707 μεγάλην
2479 632 2778 703 σύγκλητον
2796 629 3109 695 τελούντων,
3127 628 3218 682 καὶ
3241 630 3297 681 ἐν
3318 629 3470 700 ἀγρῷ
3489 627 3784 699 διατρίϐον-

2208 748 2301 795 τες
2316 729 2536 799 ἁξίωμα
2576 727 2787 798 ἔχουσι’
2829 724 2971 778 οὕτω
3007 724 3102 776 καὶ
3121 725 3185 776 σὺ
3209 723 3302 777 ἐὰν
3323 722 3589 795 βουληθῇς
3623 725 3680 776 ἐν
3700 725 3757 778 n6
3773 755 3786 766 .

2214 826 2360 900 ρανῷ
2383 822 2781 887 πολιτεύεσθαι,
2803 821 2895 875 καὶ
2915 819 3145 873 ἐνταῦθα
3177 818 3486 890 διατρίϐων,
3507 821 3785 896 ἀπολαύσῃ

2210 923 2309 992 τῆς
2345 918 2501 985 ἀξίας
2539 919 2774 988 ἐκείνης.
2821 917 2967 987 Οὐχὶ
3008 918 3063 970 οι
3091 915 3288 984 νεκροί
3326 914 3644 969 αίνέσουσί
3673 933 3746 970 σε
3767 957 3782 980 ,

2211 1019 2407 1086 Κύριε,
2429 1015 2570 1071 οὐδὲ
2588 1013 2810 1079 πάντες
2827 1017 2881 1068 οί
2899 1012 3354 1078 καταϐαίνοντες
3371 1014 3459 1078 εὶς
3478 1011 3646 1079 ᾅδου.

2297 1271 2447 1325 Ἀλλ’
2467 1268 2638 1339 ἡμεῖς
2677 1270 2730 1321 οἱ
2771 1265 2980 1332 ζῶντες
3006 1265 3422 1335 εὐλογήσομεν
3451 1266 3558 1320 τὸν
3576 1266 3788 1334 Κύριον

2215 1367 2334 1422 ἀπὸ
2373 1366 2481 1421 τοῦ
2517 1364 2636 1420 νῦν
2672 1364 2770 1418 καὶ
2806 1364 2916 1429 ἕως
2943 1363 3048 1417 τοῦ
3068 1362 3298 1429 αἰῶνος.
3323 1364 3568 1433 Νεκροὺς
3587 1364 3648 1416 06
3671 1365 3789 1428 τοὺς

2214 1465 2668 1536 τετελευτηκότας
2703 1461 2888 1533 φησὶν,
2910 1459 3047 1514 6116
3065 1461 3192 1524 τοὺς
3213 1460 3271 1514 ἐν
3290 1459 3564 1523 ἀσεϐείαις
3599 1462 3790 1514 ἐναποο

2217 1562 2499 1628 θανόντας,
2522 1562 2555 1632 ἢ
2576 1543 2703 1624 τοὺς
2724 1563 2783 1614 ἐν
2804 1561 3163 1631 ἁμαρτήμασι
3189 1558 3626 1621 κατασαπέντας.
3643 1559 3791 1611 Ἐπεὶ

2220 1661 2313 1714 καὶ
2335 1657 2587 1728 Ἀϐραὰμ
2605 1655 3010 1726 τετελευτηκὼς
3026 1650 3116 1729 ἦν,
3138 1655 3231 1708 καὶ
3258 1654 3446 1708 Ἰσαὰκ
3466 1655 3557 1708 καὶ
3580 1653 3790 1721 Ἰακὼϐ,

2218 1755 2330 1810 ἀλλ’
2351 1756 2500 1826 ὅμως
2534 1752 2708 1816 οὓτως
2743 1751 2899 1816 ἕξων,
2921 1752 2997 1815 ὡς
3015 1751 3114 1822 τὴν
3134 1750 3356 1804 ἐκείνων
3378 1751 3598 1822 μνήμην
3631 1754 3794 1804 ποιεῖ-

2221 1853 2345 1906 σθαι
2362 1852 2490 1915 τοὺς
2511 1849 2740 1914 ζῶντας.
2758 1847 2820 1903 Ὀ
2837 1847 2967 1917 γοῦν
2985 1847 3227 1918 Μωῦσῆς
3247 1847 3348 1901 ύπέ
3355 1864 3388 1918 ρ
3405 1846 3500 1900 τοῦ
3521 1848 3611 1901 ὑπ’
3632 1848 3792 1902 αύτοῦ

2217 1946 2719 2021 δημαγωγούμενον
2757 1942 2887 1999 λαοῦ
2932 1945 3386 2016 προσευχόμενος,
3408 1945 3474 1999 δι’
3493 1946 3671 2000 αὐτῶν
3702 1947 3792 1999 δυε

2221 2050 2395 2103 σωπεῖ
2413 2050 2503 2099 τὸν
2525 2044 2678 2110 Θεὸν,
2702 2045 2782 2108 είς
2807 2043 3089 2115 ἱκετηρίαν
3111 2043 3306 2108 αὐτοὺς
3326 2044 3671 2115 προσλαϐών.
3691 2046 3796 2100 Καὶ

2219 2147 2269 2199 οί
2309 2147 2458 2216 τρεῖς
2495 2141 2552 2196 δέ
2592 2140 2782 2205 παῖδες
2801 2139 2890 2195 διὰ
2908 2139 3130 2204 τούτους
3151 2138 3362 2204 ἀξιοῦσι
3397 2139 3666 2206 σώζεσθαι
3686 2159 3700 2172 ·
3719 2141 3797 2194 διδ

2222 2245 2316 2298 καὶ
2334 2242 2552 2312 λέγουσι
2568 2253 2581 2266 ·
2601 2237 2697 2308 Μὴ
2718 2237 3079 2306 ἁποστ-ήσῃς
3096 2237 3164 2291 τὸ
3181 2237 3350 2302 ἔλεός
3363 2253 3482 2292 σου
3499 2239 3599 2308 ἀφ’
3613 2238 3796 2308 ἡμῶν,

2223 2340 2295 2393 δι’
2343 2334 2598 2406 Ἀϐραὰμ
2637 2334 2746 2388 τὸν
2785 2333 3181 2404 ἠγαπημένον
3215 2333 3335 2388 ὑπὸ
3377 2334 3516 2404 σοῦ,
3569 2336 3666 2389 καὶ
3706 2335 3801 2390 διὰ

2235 2435 2434 2492 Ἰσαὰκ
2469 2434 2575 2486 τὸν
2610 2431 2839 2484 δοῦλόν
2871 2444 2987 2484 σου
3011 2469 3026 2492 ,
3077 2429 3176 2482 καί
3210 2430 3456 2498 Ἰσραὴλ
3490 2433 3600 2488 τὸν
3635 2433 3802 2502 ἅγιόν

2225 2547 2362 2585 σου.
2387 2528 2450 2582 ΕΞ
2490 2527 2547 2581 δὲ
2588 2523 2856 2596 τοσαύτην
2893 2523 3036 2595 εἶχον
3079 2527 3250 2596 ίσχὺν,
3275 2527 3390 2592 πῶς
3427 2523 3566 2598 ἦσαν
3587 2529 3798 2599 νεκροί;

2226 2628 2338 2681 Καὶ
2378 2621 2602 2680 πάλινό
2634 2621 2902 2694 Χριστός⁶
2947 2622 3122 2690 Ἄφες
3155 2622 3297 2690 τοὺς
3334 2624 3584 2694 νεκροὺς
3623 2624 3801 2693 ϐάψαι

2226 2723 2370 2789 τοὺς
2406 2719 2636 2776 ἑαυτῶν
2668 2720 2938 2787 νεκρούς.
2961 2718 3058 2772 Διὰ
3090 2720 3248 2774 τοῦτο
3267 2721 3478 2785 Παῦλος
3511 2723 3637 2785 τοὺς
3675 2723 3803 2775 61:0-

2229 2818 2512 2881 θανόντας,
2533 2817 2595 2870 06
2633 2813 2862 2886 νεκροὺς
2903 2815 3076 2881 καλεῖ,
3097 2814 3233 2869 ἀλλά
3268 2817 3394 2880 τοὺς
3425 2817 3800 2888 κοιμηθέντας,

2229 2915 2460 2987 γράφων
2484 2927 2498 2940 ·
2536 2913 2618 2965 οὺ
2655 2909 2808 2964 θέλω
2835 2911 2902 2963 δὲ
2930 2909 3085 2980 ὑμᾶς
3103 2911 3364 2980 ἀγνοεῖν,
3386 2913 3656 2982 ἀδελφοί,
3677 2913 3804 2980 περὶ

2229 3013 2348 3069 τῶν
2380 3008 2844 3079 κεκοιμημένων.
2863 3008 2920 3060 '0
2939 3006 3048 3077 γάρ
3065 3007 3268 3072 δίκαιος
3289 3011 3392 3064 κᾶν
3409 3010 3726 3082 τελευτήσῃ,
3749 3011 3808 3062 o6

2229 3110 2512 3181 τέθνηκεν,
2535 3105 2670 3160 6116
2693 3102 2958 3159 καθεύδει.
2976 3105 3034 3157 '0
3053 3103 3162 3176 γὰρ
3187 3106 3393 3176 μέλλων
3413 3110 3492 3170 εἰς
3522 3106 3665 3178 ζωὴν
3695 3107 3811 3177 βελ-

2231 3209 2382 3261 τίονα
2405 3199 2892 3277 παραπέμπεσθαι,
2915 3199 3196 3255 καθεύδει·
3223 3205 3250 3256 6
3269 3202 3325 3256 δὲ
3359 3204 3570 3275 μέλλων
3601 3206 3681 3268 είς
3714 3204 3810 3256 θά-

2234 3320 2394 3358 νατον
2433 3299 2700 3355 ἀθάνατον
2731 3296 3061 3367 ἀπάγεσθαι,
3085 3298 3177 3351 καὶ
3197 3299 3304 3363 ζῶν
3323 3300 3701 3370 τετελεύτηκε,
3722 3300 3812 3351 καὶ

2235 3397 2428 3468 νεκρός
2461 3394 2875 3448 ἐστιν.Ὲκεῖνοι
2914 3394 2994 3456 είς
3030 3391 3162 3464 ᾅδην
3199 3394 3648 3449 καταϐαίνουσιν’
3669 3387 3810 3447 οὗτοι

2239 3499 2317 3560 είς
2357 3493 2587 3566 οὐρανὸν
2623 3491 3009 3560 ἀναϐήσονται,
3032 3491 3127 3546 καὶ
3149 3492 3286 3562 μετά
3305 3490 3542 3563 Χριστοῦ
3583 3491 3809 3544 ἔσονται.

2239 3590 2336 3646 Διά
2354 3591 2418 3661 δὴ
2435 3588 2592 3643 τοῦτο
2610 3587 2704 3642 καὶ
2724 3589 2751 3640 6
2766 3587 3054 3660 Προφήτης
3071 3587 3168 3658 οὐχ
3188 3587 3373 3652 ἁπλῶς
3393 3583 3566 3653 εἶπεν,
3584 3591 3647 3641 Ol
3676 3586 3813 3648 ζῶν-ο

2242 3705 2360 3754 τες,
2397 3685 2536 3749 ἀλλ’,
2569 3683 2759 3754 Ἡμεῖς
2797 3685 2850 3736 οἱ
2877 3681 3107 3749 ζῗυντες,
3127 3684 3221 3736 καὶ
3249 3683 3306 3736 τὸ
3327 3683 3448 3737 καθ’
3470 3684 3662 3738 ἐαυτὸν
3683 3683 3812 3747 θείς.

2241 3785 2354 3840 Καὶ
2391 3783 2480 3837 διὰ
2520 3783 2572 3836 τί
2613 3782 2687 3853 μὴ
2729 3775 2902 3845 εἶπεν,
2926 3783 2992 3834 Ol
3020 3779 3248 3846 ζῶντες,
3287 3781 3424 3836 ἀλλά
3458 3783 3813 3853 προσέθηκεν,

2255 3881 2446 3949 Ἡμεῖς
2469 3897 2486 3945 ;
2507 3882 2628 3934 Ὅτι
2667 3879 2762 3932 καὶ
2796 3876 3007 3941 Παῦλος
3035 3876 3206 3942 οὕτως
3228 3872 3398 3944 εἶπεν,
3422 3879 3501 3933 ὅτι
3534 3879 3736 3949 Ἡμεῖς
3766 3882 3817 3933 οι

2246 3979 2474 4045 ζῶντες,
2513 3981 2567 4032 οί
2611 3977 3122 4046 περιλειπόμενοι,
3157 3976 3230 4028 οὐ
3265 3975 3350 4044 μὴ
3393 3975 3705 4046 φθάσομεν
3739 3979 3821 4042 είς

2247 4076 2361 4143 τὴν
2421 4073 2762 4141 παρουσίαν
2815 4071 2920 4126 τοῦ
2979 4071 3221 4138 Κυρίου.
3265 4069 3531 4141 Καθάπερ
3569 4072 3689 4125 ἐκεῖ
3723 4071 3817 4137 τὸ,

2262 4171 2473 4242 Ἡμεῖς,
2498 4169 2912 4240 προσκείμενον,
2933 4167 3033 4222 οὐκ
3068 4167 3263 4239 ἀφίησι
3283 4166 3344 4220 τὸ
3380 4168 3673 4239 εἰρημένον
3703 4169 3824 4242 περὶ

2251 4271 2472 4325 πάντων
2511 4268 2787 4337 λέγεσθαι,
2808 4265 2944 4322 ἀλλὰ
2986 4265 3110 4338 περὶ
3147 4265 3256 4318 τῶν
3274 4265 3500 4332 πιστῶν,
3524 4266 3623 4320 καὶ
3641 4267 3826 4338 ἐκείνῳ

2251 4367 2394 4422 κατά
2432 4367 2532 4437 τὴν
2577 4363 2848 4419 πολιτείαν
2887 4362 3140 4416 ἐοικότων
3160 4380 3175 4394 ·
3211 4361 3352 4416 οὕτω
3382 4365 3477 4416 καὶ¹
3495 4363 3734 4418 ἐνταῦθα
3749 4363 3827 4428 τὸ,

2263 4461 2457 4532 Ἡμεῖς
2480 4463 2534 4514 οἱ
2556 4459 2789 4524 ζῶντες,
2811 4457 2936 4522 τοὺς
2955 4456 3098 4512 κατά
3112 4457 3203 4510 τὸν
3223 4457 3384 4512 Δαυῒδ
3403 4457 3574 4527 λέγει,
3597 4460 3827 4522 καὶτοὺς

2254 4560 2313 4612 ἐν
2333 4559 2504 4629 ἀρετῇ
2527 4555 2754 4619 ζῶντας.
2773 4552 2907 4608 Ἀπὸ
2925 4552 3031 4606 τοῦ
3049 4552 3166 4608 νῦν
3185 4553 3282 4607 καί
3316 4553 3426 4620 ἕως
3459 4555 3566 4609 τοῦ
3598 4555 3826 4620 αἰῶνος.

2269 4654 2431 4724 Ὁρᾷς
2471 4651 2566 4705 καὶ
2602 4649 2701 4720 τὴν
2743 4647 3038 4719 ἐπαγωγὴν
3077 4646 3236 4701 τοῦτο
3289 4647 3586 4718 δηλοῦσαν;
3627 4650 3826 4713 Τοῦτο,

2257 4753 2438 4809 ποῖον;
2461 4749 2584 4802 ’Ὀτι
2620 4744 2877 4816 περὶτῶν
2907 4745 3029 4800 κατ’
3049 4745 3250 4817 ἀρετὴν
3287 4743 3506 4809 ζώντων
3537 4745 3707 4814 λέγει.
3730 4746 3829 4798 06-

2257 4848 2366 4911 δεὶς
2387 4844 2518 4914 γοῦν
2537 4843 2627 4896 τὸν
2649 4840 2819 4896 αίῶνα
2853 4842 2920 4912 ζῇ
2957 4841 3055 4912 τὴν
3086 4841 3229 4913 ζωὴν
3260 4840 3488 4911 ταύτην,
3509 4841 3625 4895 ἀλλ’
3645 4845 3828 4897 ἐκεῖνοι

2263 4943 2436 5014 μόνοι,
2449 4940 2500 4994 οἳ
2523 4938 2617 4993 καὶ
2634 4937 2924 5002 διαπαντὸς
2945 4935 3078 5002 ζῶσι
3098 4935 3194 5008 τὴν
3219 4935 3355 5008 μετά
3370 4935 3530 5006 δόξης
3550 4936 3716 5010 ζωήν.
3731 4935 3831 4991 Καὶ

2261 5037 2371 5108 γὰρ
2409 5035 2504 5090 καὶ
2543 5036 2593 5088 ot
2634 5032 2948 5104 ἁμαρτωλοὶ
2966 5031 3160 5098 ζῶσιν·
3181 5031 3295 5084 ἀλλ’
3315 5032 3374 5086 ἐν
3407 5030 3632 5085 κολάσει
3650 5033 3742 5086 καὶ
3758 5049 3831 5085 τι-

2266 5134 2468 5206 μωρία,
2493 5133 2587 5186 καὶ
2604 5131 2682 5204 τῷ
2702 5128 2919 5202 βρύκειν
2937 5129 3063 5192 τοὺς
3083 5127 3300 5192 ὀδόντας
3322 5143 3338 5158 ο
3378 5120 3526 5184 οὗτοι
3545 5126 3603 5180 δέ
3624 5128 3683 5181 ἐν
3701 5127 3833 5196 λαμ-

2264 5232 2495 5304 πρότητι
2533 5231 2626 5283 καὶ
2666 5225 3012 5299 περιφανείᾳ,
3035 5224 3195 5296 ἔργον
3214 5222 3429 5294 ἔχοντες
3461 5223 3525 5277 τὸ
3565 5223 3706 5295 μετά
3735 5222 3833 5276 τῶν

2267 5325 2574 5397 ἀσωμάτων
2609 5323 2888 5394 δυνάμεων
2926 5322 3054 5384 τοὺς
3097 5319 3393 5390 μυστικοὺς
3431 5319 3730 5390 ἀναφέρειν
3765 5315 3835 5384 τῷ

2266 5423 2383 5494 Θεῷ
2403 5423 2432 5476 6
2441 5419 2747 5492 μνους.”1να
2764 5413 2858 5472 οὖν
2893 5417 2989 5472 καὶ
3027 5417 3188 5488 ἡμεῖς
3222 5413 3427 5484 ταύτης
3446 5413 3836 5481 ἀπολαύσωμεν

2265 5521 2364 5591 τῆς
2406 5522 2600 5590 χαρᾶς,
2620 5515 2822 5587 ταύτην
2860 5511 3138 5583 διώξωμεν
3175 5512 3273 5580 τὴν
3310 5509 3478 5580 ζωὴν,
3499 5510 3590 5564 ἵνα
3630 5510 3722 5562 καὶ
3756 5503 3836 5560 ἐπ’

2268 5617 2482 5686 ἐκείνην
2503 5615 2744 5685 ῑἑλθωμεν
2781 5613 2878 5684 τὴν
2915 5611 3086 5680 λῆξιν,
3107 5610 3175 5680 ἢν
3211 5607 3333 5661 οὔτε
3354 5607 3535 5675 λόγος,
3559 5605 3680 5659 οὔτε
3700 5603 3835 5664 νοῦς,

2272 5715 2391 5770 οὒτε
2434 5713 2622 5786 ἕτερον
2657 5709 2806 5764 οὐδὲν
2847 5706 3191 5779 παραστῆσαι
3229 5705 3537 5775 δυνήσεται,
3577 5697 3841 5768 ἀλλἀὖῑὴ
