4134 6210
449 273 556 335 Si!
636 334 641 339 ,
1036 326 1095 351 .,

518 396 574 452 6.
613 391 802 449 Vidisti
816 400 1014 463 quanta
1042 390 1115 446 sit
1136 390 1217 447 vis
1240 388 1666 446 benedictionis?
1690 387 1858 445 Verba
1883 386 2025 457 enim

446 487 563 557 ejus
590 485 724 540 fiunt
767 498 950 556 opera.
990 481 1186 537 (larium
1216 479 1429 553 quidem
1459 489 1607 540 certe
1650 479 1867 535 verbum
1910 478 2026 548 ejus

446 576 643 633 ell'ecit.
689 572 881 643 Verbo,
907 574 1099 646 inquit,
1121 571 1329 629 Domini
1348 572 1457 628 ccli
1479 571 1667 641 ﬁrmati
1705 580 1819 626 sunt
1845 568 2022 642 (Psal.

447 670 535 727 52.
566 670 647 742 ϐ).
677 664 774 726 illo
802 668 965 725 verbo
994 677 1045 725 te
1069 667 1364 731 benedicit,
1413 665 1553 737 quod
1585 673 1725 719 tanta
1754 672 1948 734 potest.

520 759 635 827 Quo
662 772 811 816 sensu
828 760 1010 814 cadum
1035 759 1099 814 sit
1121 758 1212 817 Dei
1234 757 1595 813 habitaculum.
1633 755 1771 810 Deus
1790 770 2021 810 commu-

446 853 526 907 nis
564 851 922 905 universorum.
951 847 1130 904 -21.
1175 846 1367 905 Culum
1404 848 1517 903 mli
1558 847 1778 903 Domino
1796 887 1812 913 ,
1841 854 2026 901 terram

443 951 614 995 autem
654 939 788 997 dedit
822 932 943 1009 ﬁliis
971 940 1248 995 hominum.
1288 938 1425 1008 Quid
1463 938 1849 994 dicis?me
1866 937 2028 1008 elegit

446 1031 551 1087 sibi
595 1030 987 1098 habitaculum,
1011 1039 1065 1086 et
1090 1028 1454 1101 superioribus
1497 1027 1729 1098 acceptis
1765 1025 2026 1098 partibus,

449 1121 606 1178 nobis
628 1136 746 1192 quae
773 1121 858 1177 hic
894 1130 1018 1177 sunt
1041 1121 1368 1192 assignavit?
1411 1120 1592 1185 Absit;
1619 1135 1722 1173 non
1745 1118 1820 1173 ita
1843 1116 2025 1183 habet.

447 1212 543 1269 sed
585 1219 667 1269 est
693 1213 863 1268 oratio
889 1227 1008 1283 qua:
1035 1226 1094 1269 se
1115 1211 1344 1268 demittit
1368 1210 1434 1266 ad
1462 1217 1673 1278 captum
1704 1207 2051 1266 auditorum-

445 1304 504 1360 Si
544 1301 685 1359 enim
729 1303 796 1357 ita
832 1301 1075 1371 haberet,
1114 1300 1381 1374 quomodo
1415 1310 1584 1356 staret
1623 1297 1788 1362 aliud,
1830 1297 2028 1369 quoda

453 1392 565 1450 Deo
611 1393 844 1449 dicitur?
890 1389 1076 1447 Nonne
1116 1394 1295 1447 malum
1334 1402 1381 1446 et
1414 1399 1597 1444 terram
1641 1389 1872 1456 impleo?
1906 1388 2028 1443 dicit

452 1480 703 1538 Dominus
732 1476 864 1554 (Ier.
884 1479 973 1538 25.
1001 1480 1116 1554 24).
1151 1480 1281 1536 Illud
1334 1482 1475 1536 enim
1527 1488 1610 1535 est
1658 1478 1781 1534 huic
1817 1487 2029 1534 contra-

449 1574 611 1638 rium,
663 1574 709 1627 si
739 1571 790 1626 id
818 1572 1184 1642 acceperimus
1211 1579 1365 1640 prout
1396 1571 1696 1634 verborum,
1739 1582 1857 1639 qum
1876 1583 1936 1622 se
1958 1566 2026 1622 ad

449 1677 667 1717 manum
704 1661 878 1727 olfert,
925 1669 1082 1716 sonat
1122 1660 1502 1731 pronuntiatio,
1534 1668 1587 1714 et
1636 1674 1743 1715 non
1780 1657 2029 1714 conside-

448 1753 746 1809 raverimus
792 1762 1026 1808 mentem
1052 1767 1170 1822 qua:
1210 1761 1292 1806 est
1336 1751 1390 1805 in
1434 1750 1512 1806 eis
1554 1750 1847 1805 recondita.
1887 1749 2025 1818 Quid

446 1854 531 1901 est
556 1859 686 1915 ergo
707 1843 846 1915 quod
874 1842 1005 1898 dicit
1033 1860 1046 1896 :
1080 1841 1271 1898 Ctelum
1304 1842 1423 1899 eali
1448 1841 1688 1911 Domino,
1718 1853 1902 1897 terram
1933 1859 2028 1898 au-

445 1947 545 1991 tem
586 1935 723 1989 dedit
764 1936 886 2005 ﬁliis
916 1936 1211 1991 hominum?
1248 1935 1385 1993 Usus
1428 1944 1512 1991 est
1535 1936 1777 1991 oratione
1804 1951 1922 2006 quae
1966 1952 2026 1993 se

443 2026 675 2082 demittit
712 2026 779 2083 ad
806 2035 1019 2097 captum
1044 2026 1344 2082 auditorum
1366 2067 1382 2093 ,
1414 2041 1519 2081 non
1567 2027 1730 2082 Deum
1765 2027 1898 2083 cmlo
1940 2027 2026 2082 in-

440 2120 686 2176 cludens.
735 2117 918 2190 Neque
969 2120 1111 2175 enim
1148 2118 1300 2186 illud,
1331 2117 1523 2173 Cwlum
1544 2127 1614 2173 est
1643 2121 1854 2175 thronus
1890 2120 2023 2190 ejus,

443 2221 493 2267 et
536 2216 669 2265 terra
704 2210 976 2265 scabellum
1016 2210 1201 2281 pedum
1246 2212 1355 2279 ejus
1398 2208 1549 2282 (1δαὶ.
1581 2209 1797 2281 66.1):
1837 2227 2025 2282 quem-

446 2301 733 2357 admodum
776 2316 875 2357 nec
902 2301 1052 2369 illud,
1099 2300 1288 2357 Curium
1334 2309 1381 2357 et
1416 2312 1601 2357 terram
1647 2301 1831 2373 impleo
1856 2343 1871 2368 ,
1922 2318 2027 2375 {pro

447 2389 566 2461 ejus
588 2390 844 2462 dignitate
887 2391 1084 2446 dictum
1115 2402 1234 2447 est:
1274 2393 1368 2448 sed
1396 2393 1567 2464 ipsum
1593 2408 1804 2465 quoque
1829 2382 1911 2450 est
1930 2394 2025 2451 de-

449 2484 635 2540 missio
663 2484 729 2539 ad
754 2494 964 2557 captum
1018 2483 1296 2541 auditoris.
1324 2485 1443 2556 ipse
1484 2487 1627 2543 enim
1656 2488 1833 2543 omnia
1852 2488 2028 2544 conti-

450 2584 563 2642 net,
606 2575 783 2630 omnia
825 2573 962 2640 fert,
993 2592 1099 2630 non
1141 2590 1305 2645 egens
1348 2577 1508 2644 loco,
1548 2579 1643 2634 sed
1684 2580 1798 2649 ipse
1847 2581 2028 2636 omnia

449 2668 608 2723 simul
651 2682 843 2739 regens
872 2676 927 2724 et
964 2667 1247 2725 moderans
1278 2687 1292 2724 :
1318 2670 1412 2726 scd
1455 2671 1648 2728 dicitur
1688 2673 1875 2729 caelum
1914 2676 2030 2746 ejus

447 2761 659 2830 domus,
689 2762 828 2833 quod
859 2763 927 2818 sit
956 2764 1103 2819 locus
1134 2779 1295 2835 purus
1321 2780 1353 2820 a
1394 2765 1542 2822 vitio.
1568 2768 2027 2836 Quemadmodum

446 2869 577 2926 ergo
626 2852 712 2909 bic
760 2868 866 2909 non
905 2864 986 2911 est
1013 2855 1205 2911 malum
1235 2856 1384 2912 locus
1430 2856 1497 2913 ab
1539 2873 1605 2914 eo
1644 2859 1920 2916 delectus:
1954 2862 2026 2920 ita

447 2960 546 3001 nec
594 2946 805 3015 quando
830 2947 957 3002 dicit
984 2965 998 3000 :
1031 2946 1220 3004 Statuit
1241 2950 1479 3004 terminos
1504 2953 1728 3022 gentium
1749 2956 2027 3011 secundum

443 3053 707 3093 numerum
741 3040 1035 3110 angelorum
1076 3038 1170 3093 Dei
1193 3038 1370 3109 (Deut.
1416 3039 1506 3098 52.
1537 3042 1631 3113 8),
1685 3045 1801 3113 vel,
1860 3045 2026 3118 Elegit

444 3129 650 3182 domum
671 3126 830 3182 Jucob
861 3127 1029 3201 (Psal.
1061 3129 1183 3185 154.
1212 3129 1289 3200 4).
1319 3130 1501 3203 Neque
1525 3134 1668 3189 enim
1694 3135 1782 3191 hic
1810 3141 1911 3194 hoc
1937 3140 2025 3195 di~

444 3219 539 3284 cit,
587 3217 800 3275 Judaeos
849 3214 1064 3290 quidem
1107 3235 1227 3276 esse
1269 3223 1406 3290 ejus,
1436 3233 1659 3281 creteros
1697 3238 1873 3285 autem
1921 3230 2022 3287 ho-

446 3313 619 3367 mines
642 3327 747 3366 non
782 3313 985 3377 itidem,
1016 3312 1111 3368 sed
1138 3329 1258 3369 esse
1283 3314 1401 3384 ejus
1426 3317 1759 3386 providentia
1788 3331 1842 3377 et
1869 3323 2024 3392 opili-

444 3404 529 3458 cio
573 3403 797 3459 nudatos
842 3413 896 3459 et
937 3404 1189 3475 privatos.
1234 3406 1332 3463 Est
1372 3410 1514 3465 enim
1557 3415 1854 3470 communis
1899 3402 2023 3473 uni—

444 3510 723 3551 versorum
743 3495 925 3551 Deus:
960 3496 1058 3552 hac
1084 3505 1263 3553 autem
1298 3501 1539 3560 oratione
1566 3519 1693 3560 usus
1721 3516 1803 3563 est
1833 3517 2016 3564 osten-

438 3586 575 3644 dens
617 3602 774 3642 suum
805 3588 858 3642 in
888 3603 982 3644 eos
1009 3605 1267 3655 amorem,
1295 3593 1720 3666 quandoquidem
1761 3599 2017 3658 videban-

440 3687 529 3733 tur
555 3677 1050 3750 quomodocumque
1087 3681 1205 3737 aliis
1242 3696 1363 3739 esse
1389 3686 1660 3744 meliores.
1696 3690 1848 3758 Quod
1871 3695 2014 3750 enim

439 3787 546 3826 non
592 3785 686 3826 eos
728 3772 875 3826 solos
902 3772 1162 3843 elegerit,
1192 3774 1287 3829 sed
1335 3776 1571 3833 omnium
1610 3795 1793 3836 curam
1840 3764 2011 3854 gerat,

437 3863 727 3918 ostendunt
744 3873 799 3920 et
822 3876 941 3934 qua:
966 3875 1092 3920 ante
1119 3864 1318 3921 Mosem
1340 3866 1473 3923 facta
1500 3880 1625 3926 sunt
1658 3891 1671 3927 :
1704 3888 1810 3929 non
1838 3878 2017 3932 minus

436 3963 613 4009 autem
642 3954 931 4010 ostendunt
955 3962 1151 4025 etquae
1175 3954 1292 4025 ejus
1313 3963 1550 4028 tempore
1576 3961 1791 4030 llebant,
1817 3973 1873 4019 et
1895 3982 2015 4034 qum

435 4055 559 4116 post
576 4061 697 4101 eum
722 4045 854 4102 fiunt
883 4045 934 4101 iu
956 4047 1195 4117 singulis.
1220 4046 1399 4105 Solem
1417 4050 1580 4117 enim,
1606 4061 1822 4123 terram,
1846 4074 2011 4124 mare,

432 4136 537 4191 alia
565 4136 744 4192 omnia
772 4135 919 4192 dedit
946 4137 1192 4193 omnibus
1215 4139 1591 4211 communiter,
1619 4142 1896 4217 legemque
1917 4164 2014 4204 na-

436 4239 568 4283 tura:
595 4229 841 4284 cronibus
866 4227 1108 4284 inseruit.
1140 4228 1518 4297 Abrahamnm,
1541 4248 1661 4290 cum
1683 4246 1825 4292 esset
1853 4238 2012 4296 Persa

435 4318 533 4390 (α),
552 4325 609 4374 et
634 4320 851 4384 amavit,
877 4328 932 4375 et
954 4334 984 4373 a
1009 4335 1105 4375 sua
1131 4320 1346 4391 regione
1376 4322 1606 4380 traduxit
1633 4324 1785 4397 (Gen.
1814 4329 1899 4385 12.
1936 4332 2008 4403 l):

432 4424 555 4465 nam
586 4417 643 4466 et
668 4407 969 4480 Egyptios,
1000 4419 1055 4465 et
1081 4426 1176 4466 eos
1203 4412 1292 4482 qui
1315 4413 1623 4473 habitabant
1650 4420 1703 4474 in
1736 4420 2007 4488 Chanaan,

430 4510 485 4557 et
516 4499 706 4556 Persas
732 4515 829 4571 per
871 4499 1041 4571 ipsum
1071 4503 1337 4570 correxit;
1370 4513 1426 4560 et
1452 4522 1640 4564 rursus
1668 4527 1763 4580 per
1802 4512 1917 4584 ejus
1945 4515 2009 4570 li-

430 4589 559 4645 lium
612 4598 668 4645 et
697 4600 943 4659 nepotem
970 4590 1164 4647 multos
1210 4607 1274 4648 ex
1321 4595 1509 4652 vicinis
1553 4600 1803 4657 meliores
1830 4605 2009 4661 reddi-

428 4686 527 4753 dit,
558 4683 701 4755 quod
728 4683 941 4754 quidem
980 4684 1045 4739 ad
1073 4700 1193 4741 eum
1235 4688 1463 4744 attinuit.
1492 4688 1592 4749 Ubi
1617 4704 1794 4751 autem
1831 4697 2007 4757 Moses

426 4791 641 4847 quoque
659 4783 819 4859 natus
856 4784 961 4844 est,
989 4785 1109 4847 post
1150 4777 1267 4835 haec
1309 4795 1404 4852 per
1430 4795 1493 4838 ea
1538 4800 1656 4856 qua:
1678 4786 1876 4844 Judaeis
1910 4789 2008 4848 lie-

400 4868 574 4935 ,hant,
604 4866 833 4923 ducebat
869 4864 1144 4939 Egyptios
1175 4870 1242 4927 ad
1290 4872 1383 4928 Dei
1421 4877 1798 4947 cognitionem,
1827 4891 1879 4939 et
1910 4898 2005 4940 eos

423 4959 514 5030 qui
543 4966 695 5013 erant
737 4958 788 5012 in
817 4952 1092 5027 Palaestina
1112 5004 1129 5030 ,
1171 4972 1226 5018 et
1273 4976 1391 5034 post
1435 4966 1549 5023 hmc
1577 4985 1761 5027 rursus
1791 4988 1884 5029 eos
1913 4975 2003 5044 qui

421 5069 577 5114 erant
609 5060 661 5115 in
691 5060 987 5135 Babylone.
1035 5062 1109 5121 Ita
1135 5064 1295 5121 etiam
1342 5068 1556 5136 quando
1598 5069 1761 5139 dicit,
1811 5070 2002 5128 Curium

418 5148 532 5203 creti
559 5148 800 5220 Domino,
826 5152 1086 5223 signiﬁcat
1111 5169 1171 5210 se
1194 5165 1471 5226 propterea
1491 5159 1541 5214 in
1564 5160 1670 5216 illis
1695 5163 1999 5234 requiesce-

420 5254 500 5307 re,
527 5242 649 5312 quia
671 5252 795 5297 sunt
819 5244 887 5299 ab
916 5243 1058 5301 omni
1091 5245 1219 5299 vitio
1238 5245 1410 5302 liberi.
1438 5250 1739 5315 Quinetiam
1786 5261 1838 5307 tu
1860 5270 1996 5325 quo-

418 5344 524 5399 que
570 5331 616 5386 si
647 5346 752 5387 non
785 5341 941 5389 terra:
984 5332 1174 5388 aflixus
1218 5335 1378 5391 fueris
1405 5339 1421 5370 ¹
1443 5379 1459 5404 ,
1488 5339 1581 5395 sed
1629 5342 1849 5411 angelus
1882 5344 2009 5400 efli-'

581 5542 1105 5642 ᾖῇῗδῖξῖᾦιῖξδῆιθω
1121 5569 1507 5642 Chrysostomnm
1516 5577 1761 5642 phaldmos
1773 5588 1826 5630 et
1848 5582 1995 5642 Baby-

414 5625 570 5676 ιοιιιοε
588 5627 995 5680 imliscrintinatiut
1041 5625 1231 5683 vocare“
1255 5641 1440 5685 Persas.
1475 5625 1991 5693 .tbréniiiiitiieiii'éx

414 5680 628 5737 assidam
653 5698 868 5740 venerat.

1543 264 1903 325 EXPOSITIO
1939 262 2013 319 IN
2040 259 2364 319 PSALMUM
2399 259 2582 318 EXHI.

3607 269 3709 325 δη

2136 386 2314 448 ciaris,
2331 386 2639 443 celeriteriu
2654 398 2840 442 ctutum
2857 397 2910 442 et
2924 387 3430 460 domum'paternam
3449 402 3713 445 euiscen-
3748 396 3763 415 ’

2130 475 2227 533 des
2248 492 2267 529 :
2286 474 2444 533 acvel
2454 487 2578 533 ante
2593 479 3038 535 resurrectionem
3053 496 3119 536 ex
3147 480 3248 537 hoc
3259 482 3366 551 jam
3386 481 3505 537 loco
3519 468 3714 550 migra-

2131 569 2222 635 Sli,
2237 581 2400 639 usque
2412 571 2727 626 auctoritate
2738 579 2794 627 et
2805 570 3064 643 dignitate
3080 570 3718 643 pmditus.Qttemadmo-

2129 659 2257 714 dum
2283 660 2427 716 enim
2454 661 2607 716 multi
2637 675 2824 717 eorum
2851 663 2940 733 qui
2966 671 3089 717 sunt
3121 663 3172 716 in
3217 677 3498 717 numerum
3538 661 3712 730 magni

2129 760 2347 808 senatus
2365 753 2539 820 relati,
2564 753 2665 808 etsi
2696 754 2805 808 ruri
2831 753 3090 821 habitent,
3114 753 3310 810 habent
3337 762 3516 810 tamen
3536 753 3713 825 digni-

2132 852 2293 899 tatem
2322 860 2338 898 :
2361 844 2433 899 ita
2473 845 2518 899 si
2563 851 2624 899 tu
2648 841 2861 915 quoque
2887 844 3121 900 volueris
3148 859 3268 900 esse
3297 844 3430 900 civis
3455 844 3711 905 curlestis,

2132 934 2338 989 etiamsi
2366 933 2454 990 hic
2500 933 2739 1000 habites,
2791 933 2878 988 illa
2922 933 3180 1005 dignitate
3230 933 3426 989 fruere.
3457 933 3547 991 25.
3591 931 3714 987 Non

2133 1024 2318 1080 mortui
2340 1024 2619 1083 laudabunt
2639 1035 2705 1092 te,
2736 1025 2977 1092 Domine,
3002 1043 3159 1098 neque
3176 1044 3344 1081 omnes
3384 1027 3469 1097 qui
3509 1025 3716 1081 descen—

2134 1118 2261 1173 dunt
2287 1119 2341 1172 in
2364 1119 2644 1189 infernum.
2694 1108 2701 1113 ’

2207 1208 2352 1265 Mors
2368 1210 2499 1282 justi
2524 1225 2749 1266 somnus.
2784 1242 2855 1253 —
2887 1210 2977 1267 26.
3009 1211 3114 1267 Sed
3142 1227 3233 1264 nos
3256 1209 3345 1281 qui
3379 1209 3607 1275 uiuimus,
3636 1209 3715 1262 bc-

2133 1300 2419 1354 nedicemus
2447 1299 2666 1355 Domino
2690 1317 2752 1356 ea:
2783 1302 2879 1355 hoc
2906 1314 3039 1355 nunc
3080 1310 3129 1355 et
3151 1316 3308 1368 usque
3347 1300 3401 1354 in
3445 1299 3707 1354 suculam.

2132 1390 2372 1446 Mortuus
2396 1389 2525 1446 dicit
2554 1405 2658 1445 non
2684 1405 2801 1456 eos,
2855 1392 2946 1462 qui
2972 1391 3077 1446 vita
3107 1389 3272 1446 functi
3297 1397 3424 1445 sunt
3445 1431 3461 1455 ,
3483 1388 3577 1445 sed
3598 1403 3714 1454 eos,

2130 1481 2219 1552 qui
2251 1482 2445 1536 mortui
2483 1490 2608 1535 sunt
2634 1481 2687 1536 in
2717 1480 3096 1549 impietatibus,
3124 1481 3206 1536 vel
3231 1496 3346 1547 eos,
3393 1480 3483 1551 qui
3508 1479 3561 1534 in
3589 1491 3716 1549 pec-

2131 1572 2267 1628 catis
2293 1573 2405 1627 suis
2431 1583 2793 1628 marcuerunt.
2820 1573 2986 1628 Erant
3013 1574 3157 1627 enim
3201 1571 3394 1627 mortui
3422 1569 3714 1636 Abraham,

2131 1663 2278 1719 Isaac
2296 1671 2348 1719 et
2368 1663 2567 1719 Jacob:
2592 1663 2661 1717 ita
2685 1675 2865 1719 tamen
2891 1663 3159 1727 vivebant,
3190 1672 3246 1717 nt
3273 1663 3482 1718 illorum
3513 1676 3717 1716 tuemu-

2129 1754 2263 1809 riam
2296 1754 2391 1819 illi,
2421 1754 2511 1825 qui
2557 1755 2672 1821 yivi
2714 1762 2889 1821 erant,
2940 1763 3273 1825 peragerent.
3325 1752 3498 1808 Moses
3536 1752 3716 1823 itaque

2129 1860 2289 1901 orans
2318 1860 2415 1916 pro
2444 1846 2641 1915 populo
2668 1861 2825 1916 quem
2853 1845 3094 1917 regebat,
3137 1859 3233 1916 per
3257 1859 3353 1901 eos
3390 1844 3554 1899 Deum
3602 1844 3715 1913 pla-

2128 1945 2235 2004 cat,
2258 1951 2379 1992 cum
2403 1951 2498 1992 eos
2526 1935 2860 1992 adhibuisset
2887 1937 2940 1991 in
2969 1936 3213 2007 precibus
3242 1934 3433 2009 (Exod.
3465 1935 3553 1991 52.
3598 1934 3710 2005 15).

2129 2027 2264 2084 Tres
2289 2042 2500 2099 quoque
2514 2026 2677 2098 pueri
2692 2036 2882 2098 rogant
2909 2037 2965 2082 ut
2980 2034 3197 2098 propter
3220 2041 3315 2082 eos
3339 2038 3638 2092 serventur,
3661 2034 3717 2079 ct

2130 2118 2252 2174 ideo
2275 2117 2496 2172 dicunt:
2532 2115 2614 2172 Ne
2653 2120 2857 2190 auferas
2897 2117 3298 2173 misericordiam
3322 2126 3509 2171 tuatua
3551 2117 3711 2181 nobis,

2130 2216 2337 2282 propter
2355 2207 2610 2262 Abraham
2629 2209 2867 2271 dilectum
2887 2219 3047 2274 tuum,
3067 2220 3117 2262 rt
3128 2218 3332 2281 prapter
3350 2207 3502 2262 Isaac
3521 2225 3714 2264 servum

2131 2310 2296 2368 tuum,
2322 2309 2368 2354 et
2398 2298 2810 2355 Israelsanctum
2839 2314 2980 2355 tuum
3010 2298 3167 2371 (Dan.
3211 2302 3264 2357 5.
3287 2302 3403 2373 55).
3434 2301 3490 2356 Si
3534 2311 3711 2357 autem

2132 2401 2278 2448 tanta
2306 2400 2422 2448 erat
2462 2408 2648 2448 eorum
2693 2394 2952 2464 potentia,
2991 2394 3257 2465 quomodo
3295 2406 3446 2452 erant
3471 2398 3664 2452 mortui
3688 2398 3714 2451 ἲ

2131 2484 2201 2540 Et
2228 2499 2413 2540 rursus
2460 2484 2748 2541 Christus:
2794 2485 2921 2542 Sine
2971 2498 3193 2542 mortuos
3234 2489 3445 2559 sepelire
3487 2498 3713 2543 mortuos

2131 2573 2479 2644 suosUIatth.
2506 2577 2560 2630 8.
2582 2575 2696 2647 22).
2723 2576 2788 2632 Et
2815 2577 2937 2632 ideo
2967 2577 3164 2633 Paulus
3188 2593 3282 2634 eos
3303 2580 3391 2650 qui
3413 2588 3535 2634 sunt
3563 2594 3709 2636 mor-

2131 2666 2231 2734 tui,
2256 2680 2361 2722 non
2391 2679 2547 2722 vocat
2573 2677 2834 2736 mortuos,
2865 2669 2960 2725 sed
2985 2686 3079 2726 eos
3102 2673 3192 2742 qui
3212 2672 3561 2735 dormierunt,
3583 2677 3711 2731 scri-

2132 2756 2265 2813 bens
2303 2775 2318 2811 :
2350 2755 2492 2813 Nolo
2535 2769 2702 2813 autem
2738 2776 2825 2815 uos
2866 2761 3131 2832 ignorare,
3162 2764 3377 2833 fratres,
3419 2765 3482 2817 de
3525 2764 3588 2819 iis
3628 2767 3712 2835 qui

2130 2847 2443 2904 dormth
2469 2849 2546 2921 (1.
2575 2849 2749 2906 Thess.
2771 2852 2828 2906 4.
2861 2851 2976 2926 12).
3007 2853 3191 2909 Justus
3214 2855 3353 2909 enim
3381 2857 3480 2911 etsi
3500 2856 3710 2924 obierit,

2130 2947 2238 2994 non
2288 2948 2529 2996 mortuus
2552 2950 2654 3009 est,
2683 2942 2776 2999 sed
2807 2941 3024 2998 dormit.
3074 2943 3283 3000 Dormit
3311 2945 3475 3014 cutim,
3524 2949 3615 3019 qui
3645 2949 3711 3004 ad

2129 3031 2405 3087 meliorem
2456 3031 2622 3088 vitam
2650 3041 2734 3089 est
2766 3034 3224 3092 transmittendus.
3275 3037 3374 3105 Qui
3418 3048 3595 3097 autem
3643 3040 3709 3097 ad

2127 3123 2482 3181 immortalem
2534 3135 2760 3183 mort-em
2804 3137 2886 3183 est
2926 3128 3296 3196 abducendus,
3352 3131 3511 3186 etiam
3560 3133 3708 3188 vivus

2127 3216 2288 3271 vitam
2310 3218 2498 3284 ﬁnivit,
2523 3227 2578 3274 et
2599 3227 2683 3275 est
2706 3227 2966 3276 mortuus.
2998 3219 3076 3275 Illi
3099 3219 3433 3278 descendunt
3457 3223 3522 3279 ad
3572 3224 3707 3281 infe-

2127 3325 2218 3366 ros
2249 3327 2264 3365 :
2295 3311 2349 3366 hi
2375 3312 2428 3367 in
2474 3311 2661 3367 caelum
2705 3313 3014 3379 ascendent,
3063 3322 3117 3369 et
3144 3325 3300 3370 erunt
3324 3330 3447 3372 cum
3474 3315 3703 3374 Christo.

2125 3402 2194 3459 Et
2212 3402 2339 3459 ideo
2367 3404 2623 3476 propheta
2651 3421 2757 3461 non
2783 3407 2919 3462 dixit
2938 3407 3200 3473 absolute,
3238 3408 3339 3478 Qui
3366 3411 3567 3477 vivunt,
3613 3412 3707 3468 sed

2124 3494 2343 3565 adjecit,
2374 3495 2506 3562 Nos,
2532 3496 2633 3552 hoc
2656 3497 2725 3554 de
2750 3512 2809 3553 se
2831 3498 3037 3578 dicens.
3082 3498 3150 3555 Et
3191 3515 3357 3570 quare
3401 3517 3506 3557 non
3551 3503 3703 3569 dixit,

2120 3587 2220 3655 Qui
2244 3588 2446 3654 vivunt,
2471 3588 2564 3644 sed
2590 3589 2806 3660 adjecit,
2836 3589 2985 3647 Nos?
3003 3591 3261 3660 Quoniam
3282 3593 3475 3650 Paulus
3496 3608 3706 3667 quoque

2119 3681 2196 3736 sic
2216 3680 2384 3736 dixit:
2414 3680 2528 3736 Nos
2551 3684 2636 3753 qui
2660 3683 2887 3748 uiuimus,
2918 3685 3004 3754 qui
3028 3684 3208 3753 reliqui
3232 3701 3427 3749 sumus,
3452 3704 3551 3742 non
3574 3704 3703 3757 pra:-

2118 3774 2371 3826 ueniemus
2389 3774 2443 3827 in
2462 3773 2727 3828 aduentum
2749 3773 2958 3830 Domini
2993 3776 3074 3847 (1.
3099 3777 3277 3834 Thess.
3298 3779 3472 3851 4.16).
3502 3779 3703 3847 Quem-

2118 3861 2404 3916 admodum
2452 3863 2560 3918 illie
2607 3862 2740 3919 illud
2764 3907 2779 3930 ,
2810 3863 2940 3931 Nos,
2969 3867 3111 3936 quod
3138 3868 3402 3939 adjectum
3444 3879 3549 3936 est,
3595 3886 3701 3926 nun

2118 3952 2247 4007 sinit
2270 3952 2321 4007 id
2343 3952 2484 4022 quod
2515 3952 2716 4007 dictum
2737 3964 2821 4009 est
2842 3955 2947 4010 dici
2973 3956 3039 4011 de
3063 3959 3330 4020 omnibus.
3358 3961 3451 4016 sed
3477 3962 3544 4021 de
3569 3963 3702 4017 lide-

2120 4040 2278 4105 libus,
2308 4053 2362 4097 et
2388 4043 2452 4097 iis
2482 4042 2575 4113 qui
2600 4052 2727 4097 sunt
2752 4045 2873 4098 vita:
2895 4046 3148 4101 institutis
3167 4048 3395 4117 similes,
3423 4052 3493 4107 ita
3540 4054 3699 4107 ctiam

2120 4128 2209 4186 hic
2230 4130 2382 4197 illud,
2410 4130 2520 4186 Nos
2544 4132 2630 4212 qui
2657 4132 2882 4200 vivimus,
2908 4133 3038 4189 dicit
3061 4148 3175 4200 eos,
3193 4137 3283 4206 qui
3301 4139 3519 4207 perinde
3544 4149 3701 4212 atquo

2119 4221 2284 4277 David
2309 4222 2360 4277 in
2384 4223 2575 4279 virtute
2598 4210 2761 4279 vitam
2787 4235 2970 4297 agunt.
3015 4227 3098 4283 Ea:
3120 4228 3214 4283 hoc
3239 4246 3372 4284 nunc
3398 4241 3445 4285 et
3466 4210 3631 4303 usque
3646 4236 3701 4290 in

2117 4315 2381 4370 steculum.
2426 4314 2587 4372 Vides
2610 4317 2769 4373 etiam
2799 4319 2901 4376 hoc
2931 4320 3071 4391 quod
3098 4321 3391 4393 subjunxit,
3416 4324 3469 4381 id
3495 4322 3699 4397 signiti-

2116 4405 2279 4463 care?
2326 4405 2638 4476 Quidnam?
2683 4408 2737 4465 ld
2761 4409 2864 4465 dici
2886 4410 2954 4467 de
3002 4413 3066 4467 iis
3090 4413 3181 4483 qui
3222 4414 3388 4470 vitam
3418 4415 3470 4471 in
3501 4422 3697 4474 virtute

2116 4496 2431 4571 transigunt.
2460 4500 2630 4557 Nemo
2656 4502 2797 4558 enim
2827 4503 2913 4559 hic
2957 4505 3083 4560 vivit
3128 4505 3181 4560 in
3209 4507 3484 4576 sucidum,
3516 4509 3613 4566 sed
3660 4511 3697 4565 ii

2113 4590 2212 4647 soli
2234 4591 2325 4662 qui
2351 4601 2605 4663 perpetuo
2629 4594 2788 4649 vitam
2811 4604 2975 4666 agunt
2999 4611 3116 4652 cum
3138 4598 3327 4669 gloria.
3352 4599 3482 4657 Nam
3513 4617 3697 4673 pecea-

2115 4690 2259 4737 tores
2278 4697 2490 4754 quoque
2512 4684 2729 4752 vivunt;
2761 4685 2853 4742 sed
2882 4686 2935 4741 in
2964 4702 3140 4756 poena,
3176 4689 3458 4761 supplicio.
3486 4703 3541 4750 et
3567 4695 3693 4750 stri-

2111 4773 2243 4830 dore
2267 4774 2507 4832 dentium
2538 4795 2550 4832 :
2582 4776 2634 4831 hi
2677 4785 2854 4834 autem
2908 4779 2962 4833 in
3007 4780 3252 4839 claritate
3285 4794 3341 4841 et
3382 4786 3690 4856 splendore,

2064 4873 2068 4878 '
2111 4873 2301 4935 utpote
2326 4882 2550 4936 quorum
2590 4869 2660 4923 sit
2707 4885 2897 4926 munus
2942 4888 3048 4927 una
3072 4888 3193 4929 cum
3232 4876 3559 4949 incorporeis
3603 4898 3691 4954 po-

2111 4957 2389 5013 testatibus
2414 4956 2609 5013 oli'erre
2637 4959 2746 5014 Deo
2774 4958 3000 5032 hymnos
3045 4967 3319 5037 mysticus.
3347 4968 3414 5026 Ut
3438 4986 3566 5041 ergo
3594 4988 3692 5027 nos

2107 5060 2319 5117 quoque
2342 5045 2579 5103 fruamur
2602 5049 2703 5105 hoc
2739 5052 2931 5121 gaudio
2957 5054 2997 5120 ³,
3044 5053 3181 5113 hanc
3224 5057 3385 5121 vitam
3414 5074 3691 5130 persequa-

2109 5151 2249 5201 mur,
2276 5144 2334 5192 ut
2352 5136 2419 5193 ad
2446 5138 2590 5194 illam
2617 5154 2829 5211 quoque
2850 5143 2974 5199 vitae
3002 5145 3364 5201 conditionem
3387 5149 3687 5211 veniamus.

2108 5238 2265 5297 quam
2294 5242 2393 5281 nec
2418 5240 2596 5283 sermo
2616 5230 2907 5300 explicare,
2930 5248 3102 5303 neque
3126 5249 3280 5289 mens
3304 5237 3556 5306 cogitare,
3590 5253 3690 5294 nec

2177 5331 2638 5414 ξὲθςὲλιρς-[εξςρ
2663 5343 2769 5400 (τῆς
2790 5342 2974 5407 ἑορτῆς)
2991 5357 3018 5414 .z
3038 5331 3165 5406 quas
3181 5345 3334 5414 lectio
3357 5361 3473 5414 non.
3500 5349 3690 5414 impro~

2301 5391 2525 5469 Videtur.
2558 5391 2722 5469 llam
2731 5391 3037 5469 quoiquam
3048 5391 3327 5469 Tmargine—
3351 5391 3512 5469 Jué'u'
3672 5452 3685 5466 .

2113 5453 2255 5526 iiain
2266 5463 2405 5526 certe
2431 5453 2778 5521 indeligeudo:
2805 5453 2923 5513 Na'm
2948 5463 3088 5526 illud,
3117 5453 3169 5515 hi
3186 5453 3365 5519 uideni
3382 5453 3689 5526 dimidii;

2111 5515 2659 5597 etgpleudorehutpolf
2696 5537 2902 5597 quorum
2917 5523 2986 5597 sit
3014 5515 3187 5577 munus
3218 5515 3444 5597 aliain};

2112 5581 2212 5658 ralis
2231 5581 2558 5658 potsstatilus'
2579 5581 2757 5658 oﬂeri'e
2777 5587 2878 5635 Ifeo
2908 5584 3113 5658 hymnos
3134 5589 3377 5656 mysticus,
3401 5581 3527 5658 quid
3544 5581 3707 5651 2.13.7.1.

2110 5638 2353 5717 vnit,
2373 5654 2525 5717 quam
2562 5638 2906 5717 sa'netoseum
2943 5638 3151 5717 angelis
3184 5638 3685 5717 Wpéshc‘miki'xiiio}

2109 5704 2346 5761 mi‘Slicos
2369 5704 2477 5757 Deo
2511 5719 2709 5768 canere,
2744 5715 2893 5771 atque
2920 5704 3639 5782 ωεδλιιοθιὼη·ῌωγηε
