4134 6210
494 253 591 315 815
1201 261 1259 318 S.
1299 262 1578 322 JOANNIS
1617 267 2054 328 CIIRYSOSTOM

2165 275 2428 336 ﬂCiilEP.
2471 283 3006 353 ΟΟΝΒΤΑΧΤΙΝΟΡ.

487 367 773 440 quidquam
800 369 942 424 aliud
971 379 1147 441 potest
1173 373 1427 442 indicare,
1477 376 1572 434 sed
1599 379 1713 450 ipsa
1755 382 1868 438 sola
1908 398 2062 453 expe-

484 460 673 518 rientia
701 460 934 514 ostendit
959 462 1076 532 ejus
1102 463 1484 522 beatitudinem
1510 486 1524 521 :
1548 485 1706 540 quam
1728 471 1887 528 detur
1915 475 2067 532 nobis

483 549 731 604 ouiuibus
775 552 988 620 assequi
1014 554 1183 620 gratia
1223 564 1279 616 et
1319 556 1601 613 clementia
1649 560 1859 618 Domini
1898 567 2064 620 nostri

483 642 611 698 Jcsu
639 643 859 712 Christi,
899 647 982 702 cui
1034 646 1202 717 glorja
1230 659 1284 705 et
1308 655 1564 722 potentia,
1597 671 1737 712 nunc
1757 667 1810 712 et
1831 674 2064 730 semper,

480 747 535 790 et
561 737 612 792 in
637 739 832 793 saecula
855 740 1191 795 smeulorum.
1220 745 1411 799 Amen.

943 851 1008 908 IN
1047 851 1171 907 PSA
1180 852 1368 910 LMUM
1405 855 1590 913 CXIV.

651 961 703 1017 1.
732 961 919 1032 Dilexi,
949 965 1184 1035 quoniam
1215 963 1712 1028 exaudiet'Dominus
1739 989 1904 1029 vocem

1078 1061 1322 1114 orationis
1351 1077 1494 1116 mete.

554 1166 605 1218 1.
628 1165 756 1230 Qua:
774 1169 1148 1247 veresintnobis
1167 1173 1520 1229 conducibilia.
1534 1164 1674 1232 4-Et
1690 1181 1934 1250 quisnam
1959 1191 2061 1247 est,

477 1259 799 1336 iuquies,qui
815 1243 944 1318 dum
962 1265 1272 1333 exauditur,
1287 1283 1392 1323 non
1406 1268 1606 1340 diligit?
1618 1243 1762 1326 Multi
1779 1243 2064 1332 saeculares

479 1350 740 1409 homines.
771 1354 968 1410 Nolunt
1001 1357 1144 1411 enim
1167 1359 1352 1414 audire
1377 1375 1442 1416 ea
1471 1377 1590 1432 qua:
1615 1362 1723 1418 illis
1745 1359 2056 1428 conferunt,

477 1445 575 1500 sed
612 1455 801 1516 rogant
821 1448 1036 1518 quidem
1065 1461 1123 1504 ut
1151 1465 1212 1506 ea
1240 1452 1506 1520 eveniant,
1533 1469 1652 1524 qua:
1674 1470 1782 1510 non
1811 1467 1936 1512 sunt
1961 1459 2060 1513 sibi

475 1538 828 1594 conducibilia
849 1557 863 1594 :
881 1539 1075 1596 deinde
1089 1542 1174 1597 ubi
1191 1545 1488 1609 evenerint,
1506 1556 1770 1618 anguntur
1785 1559 1838 1603 et
1852 1551 2060 1606 tristitia

477 1629 796 1684 afficiuntur.
819 1631 892 1684 Ea
919 1633 1060 1686 enim
1088 1643 1211 1688 sunt
1237 1635 1608 1704 conducibilia,
1642 1656 1762 1712 qua:
1795 1642 1936 1699 Deus
1962 1646 2063 1702 scit

475 1720 630 1773 nobis
644 1721 965 1789 conducere,
981 1724 1094 1779 sive
1106 1724 1303 1781 dixeris
1321 1739 1702 1800 paupertatem,
1718 1734 1830 1790 sive
1847 1735 2056 1805 famem,

475 1811 588 1866 sive
615 1813 877 1878 morbum,
907 1816 1020 1871 sive
1047 1818 1416 1890 quodcumque
1435 1823 1578 1878 aliud
1621 1825 1902 1896 ejusmodi.
1932 1830 2061 1898 Quae

476 1911 652 1957 autem
690 1903 828 1959 Deus
855 1913 910 1960 ut
935 1907 1286 1966 conducibilia
1317 1912 1620 1980 probaverit
1664 1928 1717 1971 et
1743 1917 1968 1987 dederit,
1998 1937 2061 1977 ea

475 2007 599 2050 sunt
647 1997 816 2052 utilia.
860 2000 996 2054 Audi
1043 2003 1183 2056 enim
1235 2005 1361 2072 quid
1388 2005 1526 2060 dicat
1555 2007 1720 2064 Paulo
1751 2012 1809 2068 ‘z
1867 2011 2061 2084 Sit/ficit

474 2087 563 2142 tibi
586 2089 750 2157 gratia
775 2106 886 2144 mea
909 2107 927 2145 :
953 2093 1110 2148 virtus
1129 2095 1261 2148 enim
1282 2113 1391 2150 mea
1420 2098 1471 2152 in
1497 2099 1788 2168 inﬁrmitate
1803 2105 2061 2172 per/icitur

473 2179 983 2252 (2.Cor.12.9).Hmc
993 2185 1134 2240 enim
1152 2185 1199 2240 ei
1217 2186 1583 2259 conferebant,
1597 2196 2054 2264 persequutiones,

471 2268 786 2326 afflictiones
811 2314 825 2338 ,
855 2282 908 2327 et
936 2276 1210 2344 angustiae.
1258 2277 1356 2344 Qui
1399 2281 1558 2335 etiam
1600 2297 1721 2338 cum
1768 2286 2060 2344 audivisset

476 2377 539 2416 ea
563 2361 833 2428 conferre,
857 2355 1067 2420 dicebat
1091 2384 1104 2420 :
1141 2369 1459 2440 Quapmpter
1479 2373 1651 2440 placeo
1677 2376 1800 2429 mihi
1824 2377 1876 2430 in
1907 2378 2056 2447 inﬁr-

475 2453 746 2522 mitatibus,
777 2456 829 2508 in
860 2457 1175 2512 contumeliis
1197 2500 1210 2525 ,
1241 2461 1293 2514 in
1319 2465 1781 2533 persequutionibus
1807 2466 1973 2538 (Ibid.
2005 2487 2055 2528 v.

475 2543 588 2613 l0).
615 2543 730 2599 Non
757 2554 838 2601 est
861 2561 988 2618 ergo
1017 2551 1376 2618 quorumlibet
1403 2555 1654 2624 gaudere,
1679 2559 1891 2627 quando
1919 2561 2056 2618 Deus

473 2649 568 2689 eos
593 2636 910 2705 exaudierit,
937 2640 1178 2708 praebens
1205 2658 1324 2712 qua:
1350 2655 1473 2699 sunt
1497 2647 1875 2705 conducibilia.
1905 2652 2055 2709 Multi

471 2724 684 2795 quidem
713 2739 861 2783 certe
887 2729 1073 2784 volunt
1097 2745 1158 2785 ea
1180 2747 1298 2803 qua:
1321 2743 1446 2789 sunt
1469 2736 1695 2804 inutilia,
1725 2749 1780 2794 et
1803 2742 1880 2795 eis
1907 2742 2054 2799 dele-

471 2825 718 2873 ctantur:
751 2820 1010 2891 propheta
1040 2833 1217 2879 autem
1248 2840 1354 2881 non
1383 2828 1481 2892 sic,
1529 2830 1622 2884 sed
1650 2832 1814 2902 quid?
1841 2834 2050 2904 Dilexit,

473 2910 724 2980 quoniam
771 2913 1042 2967 exaudivit
1066 2929 1188 2970 eum
1220 2915 1384 2986 Deus,
1412 2919 1546 2976 dans
1567 2937 1684 2992 qua:
1721 2934 1847 2979 sunt
1882 2926 2052 2982 utilia.

469 3000 525 3053 2.
561 3000 692 3068 Quia
737 3003 996 3058 inclinavit
1024 3022 1195 3060 aurem
1223 3024 1370 3062 suam
1397 3010 1540 3064 mihi.
1580 3011 1837 3070 Humanis
1869 3031 2054 3073 rursus

470 3091 650 3146 verbis
673 3091 764 3147 Dei
808 3101 991 3148 nutum
1021 3097 1272 3152 ostendit.
1299 3098 1367 3153 Et
1403 3101 1546 3156 aliud
1581 3119 1790 3176 quoque
1817 3121 1912 3177 per
1954 3107 2056 3164 hoc

471 3179 629 3235 etiam
654 3183 877 3240 verbum
922 3185 1148 3243 obscure
1181 3189 1470 3259 significat,
1523 3193 1708 3250 dicens
1737 3215 1750 3251 :
1777 3197 1894 3254 Non
1935 3214 2052 3256 sum

470 3270 661 3342 dignus
687 3273 776 3343 qui
815 3275 1094 3344 exaudiar,
1127 3278 1240 3347 ipse
1290 3290 1465 3337 tamen
1510 3283 1788 3342 descendit
1834 3289 1900 3344 ad
1945 3307 2050 3346 me.

473 3361 541 3416 Et
571 3363 621 3417 in
651 3363 824 3418 diebus
846 3367 969 3421 meis
995 3368 1251 3424 invocabo.
1285 3371 1420 3439 Quid
1463 3385 1564 3442 est,
1590 3375 1656 3430 In
1704 3379 1877 3434 diebus
1898 3383 2055 3436 meis?

472 3443 587 3508 Non
625 3456 898 3526 quoniam,
944 3459 1131 3528 inquit,
1177 3463 1458 3520 exauditus
1506 3483 1646 3536 sum,
1693 3471 1962 3538 resiliam,
2001 3483 2055 3529 et

476 3547 697 3603 evadam
737 3551 1089 3622 negligentior
1115 3539 1128 3608 ὲ
1155 3555 1250 3611 sed
1283 3557 1530 3616 omnibus
1556 3560 1743 3618 diebus
1771 3563 1892 3619 vita:
1921 3581 2053 3622 mea:

471 3623 574 3693 hoc
600 3645 792 3695 munus
819 3643 998 3698 obibo.

543 3729 800 3787 Invocalio
824 3733 920 3788 Dei
947 3752 979 3788 a
1013 3737 1160 3791 malis
1191 3737 1384 3794 liberat.
1415 3770 1487 3782 —-
1524 3743 1576 3798 5.
1609 3743 2053 3804 Circumdederunt

469 3839 550 3876 me
563 3823 760 3878 dolores
777 3826 971 3890 mortis,
994 3829 1220 3896 pericula
1240 3829 1424 3902 inferni
1444 3833 1733 3889 invenerunt
1750 3853 1846 3891 me.
1874 3837 2054 3893 Tribu-

470 3915 707 3969 lationem
735 3925 782 3969 et
805 3918 1028 3972 dolorem
1056 3920 1222 3974 inveni
1243 3937 1262 3974 :
1288 3923 1340 3976 4.
1365 3933 1412 3978 et
1456 3942 1634 3980 nomen
1661 3926 1870 3983 Domini
1912 3931 2052 3986 invo-

470 4005 596 4057 cavi.
628 4005 815 4062 Vidisti
841 4023 987 4062 arma
1027 4012 1235 4067 valida?
1265 4013 1439 4070 vidisti
1487 4019 1904 4074 consolationem
1933 4037 2051 4092 qua:

469 4096 627 4150 solvit
665 4113 1014 4171 quaecumque
1055 4113 1179 4158 sunt
1209 4109 1437 4176 gravia?
1469 4109 1645 4165 vidisti
1695 4113 1932 4168 animum
1963 4115 2049 4170 in-

472 4187 795 4244 flammatum
817 4191 1088 4249 desiderio
1116 4197 1366 4252 Domini?
1393 4200 1545 4267 Quod
1575 4213 1750 4259 autem
1793 4205 1938 4272 dicit,
1968 4216 2051 4262 est

469 4280 729 4351 ejusmodi
764 4302 777 4338 :
810 4285 1014 4341 Sufﬁcit
1055 4288 1182 4342 mihi
1235 4289 1301 4344 ad
1345 4291 1442 4347 hoc
1473 4302 1528 4347 ut
1567 4295 1760 4350 liberer
1798 4313 1826 4350 a
1856 4298 2043 4361 malis,

471 4387 591 4442 qua:
641 4389 727 4429 me
752 4375 1113 4443 circumstant,
1171 4379 1332 4434 Deum
1371 4381 1641 4438 invocare.
1675 4385 1938 4452 Quidnam
1969 4395 2052 4442 est

471 4477 600 4533 ergo
628 4463 682 4518 in
724 4479 904 4530 causa,
955 4468 1094 4537 quod
1144 4484 1263 4524 cum
1316 4472 1482 4527 Deum
1533 4490 1675 4544 saepe
1721 4476 2047 4544 invocemus,

471 4551 692 4608 minime
715 4549 890 4610 tamen
919 4572 948 4611 a
972 4559 1126 4613 malis
1149 4560 1474 4616 liberemur?
1494 4563 1752 4631 Quoniam
1779 4582 1883 4622 non
1903 4569 2052 4625 invo-

473 4659 660 4700 camus
686 4639 743 4701 ut
768 4658 976 4718 oportet
1022 4651 1286 4707 invocare.
1316 4653 1447 4708 Nam
1477 4665 1536 4709 ut
1575 4657 1712 4710 scias
1742 4673 1862 4712 eum
1885 4677 2052 4730 para-

475 4745 586 4790 tum
618 4752 738 4794 esse
765 4755 978 4810 semper
1007 4743 1266 4808 praebere,
1299 4747 1419 4800 audi
1448 4749 1572 4817 quid
1621 4748 1761 4804 dicat
1790 4751 1842 4805 in
1872 4753 2050 4808 Evan-

471 4824 660 4894 geliis:
690 4827 815 4894 Quis
835 4838 987 4884 estea:
1008 4833 1162 4896 vobis,
1205 4851 1236 4887 a
1255 4851 1353 4905 quo
1369 4839 1410 4890 si
1437 4839 1629 4908 petierit
1657 4842 1796 4908 [ilius
1830 4845 1937 4915 ejus
1959 4864 2052 4916 pa-

472 4933 607 4983 nem,
641 4935 761 4973 num
792 4919 1012 4988 lapidem
1039 4925 1174 4978 dabit
1202 4928 1284 4980 ei?
1309 4930 1384 4984 vel
1409 4931 1452 4986 si
1473 4933 1668 5000 petierit
1695 4940 1898 5005 piscem,
1931 4955 2051 4994 num

469 5020 748 5080 serpentem
775 5013 912 5066 dabit
940 5015 986 5068 ei
1001 5016 1026 5068 1’
1053 5015 1115 5072 Si
1135 5029 1301 5073 autem
1327 5038 1430 5088 vos,
1457 5041 1569 5078 cum
1596 5028 1710 5104 sitis.
1731 5030 1872 5097 mali,
1907 5034 2049 5087 scitis

475 5101 605 5155 bona
633 5103 767 5158 dona
792 5106 914 5160 dare
935 5109 1056 5177 ﬁliis
1077 5113 1250 5166 vestris
1274 5129 1292 5166 :
1319 5115 1476 5170 multo
1503 5119 1661 5189 magis
1693 5101 1851 5174 Pater
1894 5134 2052 5178 vester

474 5191 558 5264 qui
607 5203 681 5248 est
730 5195 783 5249 in
821 5198 977 5265 oculis,
1009 5200 1147 5255 dabit
1187 5202 1314 5256 bona
1342 5208 1614 5274 petentibus
1665 5226 1720 5264 se
1747 5211 1958 5278 (Matth.
1995 5215 2045 5268 7.

469 5280 502 5335 9
533 5311 552 5322 -
583 5285 697 5354 11).
729 5285 890 5342 Vides
935 5300 1132 5360 quanta
1176 5293 1246 5347 sit
1299 5295 1412 5364 ejus
1437 5298 1666 5368 bonitas,
1697 5316 1818 5355 cum
1867 5315 2048 5359 nostra

474 5387 595 5426 cum
625 5375 712 5430 illa
733 5378 926 5433 collata
951 5381 1191 5438 videatur
1233 5385 1586 5455 improbitas?
1633 5375 1892 5457 Quoniam
1923 5409 2053 5467 ergo

479 5465 598 5519 talis
624 5475 708 5521 est
748 5479 931 5526 noster
983 5474 1260 5544 Dominus,
1289 5477 1353 5531 ad
1385 5493 1505 5533 eum
1545 5495 1758 5554 semper
1780 5465 2053 5558 confugia-

851 5648 904 5690 ει
934 5644 1072 5717 savii.
1128 5646 1230 5700 Alii,
1254 5645 1462 5717 Paulus.
1507 5660 1709 5717 Utraque
1750 5657 1893 5706 lectio
1933 5658 2050 5710 ferri

469 5702 615 5762 [me
637 5699 860 5763 videtur;
881 5706 972 5764 sed
998 5708 1125 5767 prior
1149 5699 1449 5770 praeferenda
1474 5699 1565 5763 est.

3648 319 3753 382 516

2181 427 2319 484 mus,
2352 433 2472 474 eum
2498 422 2796 494 adjutorem
2824 431 2994 489 solum
3037 437 3364 514 invocemus,
3393 447 3448 503 et
3493 461 3613 508 eum
3656 473 3754 527 pa-

2176 515 2350 562 ratum
2394 510 2728 574 inveniemus
2771 521 2838 576 ad
2887 541 2987 581 nos
3031 510 3435 595 servandosaSi
3477 545 3618 600 enim
3656 510 3754 620 qui

2176 599 2352 620 ..Αμει-
2370 603 2412 620 μ’
2545 605 2568 620 ¹’
2913 617 2922 620 ⁸

2175 599 2504 672 naufragim
2544 605 2802 679 fecerunt,
2835 617 2960 672 etin
2994 621 3169 678 tabula
3197 627 3498 700 vehuntur,
3528 645 3622 692 eos
3661 599 3749 712 qui

2176 692 2358 712 νυνι---1
2410 709 2470 712 νλ
2510 705 2524 712 Α
2605 710 2613 712 -
2662 702 2690 712 ··

2176 692 2358 755 procul
2405 705 2530 750 sunt
2570 702 2748 756 statim
2777 720 3050 776 vocantes,
3083 719 3407 783 persuadent
3458 733 3516 779 ut
3566 692 3755 786 hunia-

2173 781 2338 838 nitate
2360 797 2610 847 utantur:
2644 795 2744 848 etsi
2776 797 2904 854 nihil
2951 781 3206 861 interﬁeos
3248 823 3536 872 commune
3579 821 3750 878 inter-

2172 876 2344 943 cedat,
2373 881 2468 936 sed
2502 886 2616 940 sola
2639 889 2940 950 calamitate
2981 900 3092 952 noti
3120 901 3138 931 ²
3162 901 3270 958 sint
3293 949 3308 973 ,
3354 920 3552 978 quanto
3584 917 3753 986 magis

2171 968 2260 1036 qui
2301 981 2382 1026 est
2431 973 2689 1046 benignus
2719 987 2772 1036 et
2813 985 3084 1055 clemens,
3136 1001 3194 1048 et
3233 968 3460 1054 naturali
3510 968 3752 1065 houititjte

2169 1061 2356 1126 utitur,
2391 1061 2483 1120 eos
2513 1069 2699 1138 eripiet
2723 1075 2810 1143 qui
2850 1080 3096 1148 gravibus
3125 1089 3501 1155 opprimuntur
3527 1099 3750 1154 calami-

2173 1145 2385 1220 tatibus,
2415 1157 2458 1211 si
2487 1159 2648 1215 modo
2673 1163 2739 1218 ad
2767 1181 2886 1221 eum
2915 1172 3202 1244 confugere
3227 1181 3508 1247 voluerint.
3533 1198 3587 1244 et
3625 1207 3747 1248 eum

2169 1253 2296 1298 vere
2317 1255 2378 1300 a‘e
2399 1248 2604 1306 sincere
2629 1255 2892 1326 invocare,
2920 1261 3148 1321 humana
3169 1280 3266 1338 spe
3290 1273 3470 1329 relicta
3489 1279 3510 1331 ?
3527 1278 3751 1347 Quando

2169 1341 2297 1404 ergo
2319 1335 2370 1390 in
2403 1338 2732 1409 inopinatum
2755 1348 2966 1419 aliquod
2997 1335 3492 1430 malum—incideris,
3525 1335 3590 1425 Kc
3620 1376 3737 1428 ani-

2169 1437 2313 1478 mum
2345 1423 2592 1498 alijicias,
2627 1437 2720 1490 sed
2753 1447 2900 1495 tuum‘
2931 1433 3106 1500 statim
3157 1452 3399 1519 spiritum
3430 1461 3606 1528 erigas
3629 1505 3642 1527 ,
3695 1477 3750 1520 et

2169 1518 2438 1589 confugias
2467 1524 2532 1577 ad
2567 1523 2910 1598 tranquillum
2946 1541 3173 1605 portum,
3203 1544 3291 1612 qui
3323 1547 3482 1604 nullis
3517 1555 3750 1621 agitatur

2167 1607 2449 1680 ﬂuctibus,
2498 1629 2552 1672 et
2599 1619 2664 1673 ad
2721 1627 2902 1679 turrim
2954 1644 3243 1702 numquam
3291 1617 3736 1715 expugnabilem,

2168 1713 2359 1770 nempe
2387 1705 2476 1760 Dei
2499 1711 2769 1766 auxilium.
2815 1715 2936 1771 Ideo
2960 1721 3100 1775 enim
3143 1729 3382 1793 permisit
3418 1742 3475 1787 ut
3500 1735 3742 1805 caderes,

2168 1797 2227 1844 ut
2253 1802 2303 1846 tu
2331 1807 2450 1849 eum
2475 1797 2768 1857 intvocares.
2803 1805 2906 1862 Sed
2956 1812 3197 1884 plerique
3232 1829 3354 1875 tunc
3393 1827 3623 1884 maxime
3654 1831 3747 1886 de-

2161 1883 2450 1956 jiciuutur,
2503 1899 2555 1946 ct
2595 1910 2709 1950 eam
2741 1913 2840 1968 qua
2880 1905 3084 1971 przcditi
3113 1883 3269 1966 erant
3314 1915 3560 1982 pietatem
3613 1923 3748 1994 abji-

2165 1975 2374 2044 ciunt’,
2413 1996 2530 2036 cum
2555 1995 2738 2042 contra
2760 1991 2829 2046 sit
2858 1993 3174 2054 faciendum.
3203 2002 3463 2070 Quoniam
3483 2011 3620 2067 enim
3648 1975 3746 2072 nos

2164 2063 2317 2176 valde
2369 2081 2530 2140 amat,
2565 2077 2684 2134 ideo
2715 2087 2974 2151 permittit
3002 2097 3061 2144 ut
3089 2063 3406 2165 afﬂigantur,
3453 2113 3512 2156 ut
3545 2105 3592 2160 ei
3625 2123 3743 2176 pcr-

2163 2156 2355 2216 l'ectius
2385 2166 2784 2239 conjungamur.
2817 2173 2948 2232 Nam
2979 2189 3177 2239 matres
3216 2203 3427 2261 quoque
3456 2156 3638 2252 solent.
3658 2199 3745 2254 in-

2163 2257 2396 2314 solentes
2436 2275 2632 2330 pueros
2681 2267 2906 2326 diversis
2939 2275 3098 2332 larvis
3127 2291 3507 2350 perterrentes,
3551 2305 3744 2361 cogere

2163 2359 2278 2413 eos,
2298 2357 2354 2403 ut
2381 2351 2447 2405 ad
2475 2368 2627 2409 suum
2655 2362 2913 2428 gremium
2941 2365 3265 2438 confugiant,
3290 2390 3396 2430 non
3415 2392 3508 2432 eos
3527 2351 3743 2450 quidem

2161 2438 2404 2496 volentes
2429 2445 2670 2502 molestia
2701 2451 2934 2519 afﬂuere,
2987 2459 3078 2512 sed
3112 2459 3211 2516 hoc
3263 2438 3651 2538 excogitatiles,
3685 2484 3744 2530 ut

2162 2529 2260 2599 ipsi
2290 2533 2369 2588 eis
2393 2536 2663 2595 assideant
2689 2559 2703 2594 :
2737 2543 2804 2598 ita
2835 2547 2993 2602 etiam
3024 2549 3161 2607 Deus
3192 2555 3373 2612 volens
3398 2529 3610 2632 semper
3638 2581 3738 2622 nos

2161 2621 2261 2677 sibi
2288 2625 2631 2700 conjungere,
2663 2636 2809 2690 velut
2845 2651 3051 2696 amator
3087 2643 3399 2717 vehemens,
3453 2656 3535 2710 vel
3563 2659 3741 2728 potius

2161 2724 2400 2773 amatore
2429 2725 2617 2790 quovis
2646 2727 3034 2801 vehementior,
3067 2739 3326 2806 permittit
3357 2752 3412 2798 ut
3459 2745 3527 2800 ad
3563 2724 3738 2805 talem

2160 2805 2418 2878 redigaris
2441 2815 2848 2886 necessitatem,
2904 2829 2962 2878 ut
3015 2839 3272 2898 perpetuo
3302 2849 3456 2889 vaces
3486 2841 3734 2905 orationi.

2159 2907 2213 2954 et
2242 2913 2362 2956 eum
2393 2906 2607 2964 assidue
2639 2909 2876 2982 invoces,
2901 2926 2954 2971 et
2981 2919 3100 2974 aliis
3122 2923 3321 2980 relictis
3346 2927 3420 2982 sis
3449 2929 3516 2985 de
3545 2947 3610 2986 eo
3625 2926 3737 2988 soi-

2157 2990 2354 3050 licitus.
2386 2995 2430 3050 ο
2460 2996 2692 3068 Domine,
2727 3005 2882 3060 libera
2909 3012 3132 3066 animam
3155 3017 3338 3071 meam.
3385 3021 3534 3077 Alius
3576 3025 3737 3080 inter-

2157 3097 2300 3154 pres,
2354 3087 2534 3160 Rogo,
2565 3091 2821 3166 Domine,
2873 3103 3007 3172 eripe
3051 3105 3275 3162 animam
3321 3127 3504 3164 meam.
3551 3115 3735 3184 Alius,

2162 3173 2206 3230 0
2234 3174 2470 3250 Domine,
2500 3185 2638 3238 salva
2660 3189 2882 3244 animam
2918 3197 3098 3248 ineant.

2230 3270 2413 3325 Anima
2434 3290 2548 3329 cum
2572 3279 2747 3346 primis
2769 3296 2990 3338 servetur
3014 3289 3272 3342 illa'sa.-—
3301 3291 3487 3350 Vidisti
3519 3314 3576 3352 sa
3587 3299 3736 3368 pien-

2162 3369 2268 3417 tem
2297 3367 2528 3420 animum
2549 3409 2563 3433 ,
2585 3373 2852 3439 quomodo
2879 3377 3074 3433 relictis
3098 3383 3341 3440 omnibus
3363 3403 3483 3457 qua:
3507 3390 3571 3444 ad
3601 3391 3735 3448 hanc

2158 3453 2322 3508 vitam
2353 3459 2636 3526 pertinent,
2671 3471 2831 3519 unum
2865 3471 3064 3523 tantum
3099 3473 3248 3541 petit,
3301 3487 3358 3531 ut
3408 3481 3584 3535 anima
3625 3499 3739 3537 ma-

2157 3556 2280 3599 neat
2308 3547 2466 3602 illcesa
2489 3591 2504 3615 ,
2537 3561 2590 3605 et
2620 3551 2746 3607 nihil
2777 3559 3006 3626 patiatur
3045 3577 3231 3618 eorum
3262 3582 3380 3636 qua:
3425 3569 3498 3625 illi
3544 3590 3734 3632 nocere

2158 3640 2412 3706 possunt?
2433 3641 2486 3697 Si
2517 3644 2656 3699 enim
2685 3646 2822 3703 bene
2847 3649 3057 3719 habeat,
3083 3655 3280 3726 reliqua
3300 3663 3475 3716 omnia
3503 3667 3732 3734 sequen-

2159 3737 2263 3795 tur,
2297 3739 2354 3784 ut
2391 3733 2434 3786 si
2481 3739 2586 3788 non
2640 3738 2777 3793 bene
2823 3737 3050 3824 habeat,
3085 3745 3212 3800 nihil
3243 3764 3338 3803 nos
3356 3749 3503 3819 juva‘t
3533 3733 3730 3826 reliqua

2156 3823 2482 3890 prosperitas
2516 3843 2528 3878 :
2562 3836 2617 3880 et
2646 3825 2765 3884 ideo
2801 3829 2928 3886 nihil
2962 3851 3066 3889 non
3097 3838 3273 3895 dicere
3299 3847 3352 3896 et
3382 3843 3553 3900 facere
3578 3823 3734 3916 Opor-

2158 3919 2251 3978 tet,
2276 3921 2463 3968 uteam
2482 3931 2880 3977 conservemus.
2912 3915 3024 3981 Hoc
3044 3931 3182 3982 enim
3215 3932 3383 3988 innuit
3403 3951 3522 3991 eum
3549 3933 3731 3994 dicit':

2157 4002 2330 4060 Estote
2360 4009 2644 4078 prudentes,
2699 4015 2827 4068 sicut
2876 4025 3127 4089 serpentes
3181 4022 3201 4096 (
3243 4023 3430 4080 Matth.
3466 4027 3552 4085 10.
3599 4023 3661 4086 i6

2157 4093 2612 4158 Quemadmodum
2659 4105 2800 4159 enim
2845 4105 2928 4160 ille
2973 4093 3232 4180 reliquum
3262 4121 3457 4186 corpus
3486 4093 3734 4189 projicit',

2158 4195 2214 4240 ut
2245 4199 2400 4258 caput
2425 4204 2706 4250 conservet
2738 4214 2750 4249 :
2783 4199 2850 4251 ita
2883 4207 3090 4270 oportet
3121 4212 3170 4258 te
3198 4223 3404 4277 quoque
3424 4211 3529 4264 alia
3556 4215 3734 4269 omnia

2156 4278 2283 4336 dare
2307 4297 2401 4352 pro
2445 4285 2611 4341 salute
2641 4289 2851 4344 animre.
2892 4281 3075 4364 Neque
3106 4299 3244 4352 enim
3291 4311 3570 4372 paupertas
3591 4348 3606 4370 ,
3637 4323 3734 4362 uec

2157 4375 2393 4443 morbus,
2426 4391 2525 4432 nec
2555 4381 2695 4449 quod
2725 4373 2931 4438 videtur
2956 4401 3074 4442 esse
3102 4397 3258 4459 caput
3297 4395 3532 4449 omnium
3565 4398 3732 4452 malo-

2155 4479 2272 4518 rum
2299 4507 2314 4532 ,
2367 4481 2513 4523 mors
2545 4473 2734 4540 poterit
2773 4481 2894 4529 eum
2948 4477 3034 4546 qui
3078 4481 3326 4536 ceciderit
3369 4477 3658 4554 oll'eudere,
3689 4491 3733 4544 si

2156 4554 2245 4609 illa
2271 4569 2654 4615 censervetur:
2685 4565 3124 4632 quemadmodum
3171 4586 3266 4626 uec
3309 4575 3371 4628 ex
3411 4575 3514 4630 vita
3535 4579 3730 4648 aliquid

2156 4652 2420 4704 commodi
2452 4657 2733 4724 percipies,
2767 4659 2810 4713 si
2837 4675 2897 4714 ea
2923 4661 3156 4730 perierit,
3191 4675 3512 4738 eorruptave
3547 4669 3727 4727 fuerit.

2157 4735 2278 4796 Ideo
2303 4743 2510 4797 exteris
2549 4746 2743 4800 relictis
2767 4789 2780 4814 ,
2805 4749 2870 4804 de
2899 4765 2959 4804 ea
2985 4753 3142 4808 verba
3184 4753 3337 4825 facit,
3355 4735 3636 4830 rogatque
3678 4752 3750 4818 ut.

2157 4848 2262 4886 non
2290 4835 2448 4890 nimis
2468 4838 2690 4892 acriaah
2715 4857 2775 4894 ea
2801 4843 3041 4913 exigatur
3067 4848 3222 4914 ratio,
3253 4860 3306 4902 ct
3332 4849 3400 4904 ab
3425 4852 3730 4909 intolerabi-

2157 4919 2294 4978 libus
2328 4925 2583 4982 liberetur
2623 4931 2915 4999 suppliciis.
2966 4933 3021 4989 5.
3073 4931 3364 4994 Misericors
3403 4937 3650 4997 Dominus
3686 4953 3732 4998 et

2148 5015 2338 5084 justus,
2371 5027 2416 5069 et
2446 5011 2584 5072 Deus
2609 5031 2776 5074 noster
2801 5024 3076 5077 miseretur.
3110 5025 3268 5081 Vides
3293 5032 3558 5098 quomodo
3579 5032 3728 5086 docet

2158 5108 2453 5165 auditorem
2479 5152 2493 5176 ,
2549 5121 2604 5166 ut
2643 5130 2812 5184 neque
2859 5117 3140 5187 desperet,
3173 5135 3344 5190 neque
3386 5123 3454 5176 sit
3499 5123 3726 5193 ignavim

2159 5202 2211 5255 et
2237 5203 2623 5272 negligentior?
2654 5205 2762 5260 Hoc
2789 5208 2932 5262 cniht
2963 5223 3128 5280 prope
3157 5213 3304 5277 dicit,
3337 5205 3413 5268 Ne
3439 5215 3724 5285 desperes;

2157 5299 2238 5347 est
2285 5297 2424 5348 enim
2492 5296 2626 5350 Deus
2685 5299 2985 5354 misericors
3030 5320 3042 5352 :
3093 5317 3194 5359 nec
3250 5306 3323 5360 sis
3377 5309 3592 5376 ‘segnis;
3653 5318 3728 5362 eSt

2157 5386 2296 5440 enim
2320 5389 2516 5456 justus.
2549 5389 2730 5458 itaque
2760 5391 2908 5446 istius
2937 5396 3197 5450 exscindit
3226 5399 3522 5452 socordiam
3554 5417 3566 5452 :
3595 5399 3736 5453 illius

2224 5480 2240 5543 ε
2275 5479 2347 5528 sic
2369 5487 2514 5543 βμεεά
2537 5488 2587 5530 at
2611 5483 2747 5539 editi,
2770 5483 2870 5534 sola
2887 5485 3156 5539 calamitate
3172 5487 3455 5543 miserandi.

2221 5542 2252 5613 '_
2275 5540 2414 5591 Savil.
2439 5540 2597 5613 rejicit
2619 5545 2678 5594 ad
2700 5549 2969 5609 marginem
2995 5555 3268 5600 membrum
3292 5551 3402 5613 hoc,
3422 5540 3473 5604 et

2156 5600 2761 5688 P’i’ﬁlfffl.“’flié'i’3’_-._--
3076 5681 3129 5688 ,.
3685 5675 3717 5688 ..

2194 5665 2242 5740 ..³
2274 5665 2412 5715 savil.
2441 5669 2490 5716 iu
2509 5671 2761 5730 margine:
2792 5679 2888 5720 Hoc
2912 5673 3037 5722 enim
3060 5681 3130 5724 est
3153 5676 3279 5737 quod
3303 5675 3355 5726 in
3376 5676 3625 5740 Scriptura
3661 5675 3738 5728 di-
