4062 6208
541 271 641 329 517

515 391 770 462 ἀναιρεῖ,
790 387 1130 460 ἑκατέρωθεν
1150 390 1248 463 τὴν
1269 393 1540 464 σωτηρίαν
1559 394 1717 465 ἡμῶν
1736 400 2110 469 πραγματευό-

541 499 719 554 μενος.

607 632 672 711 βξ
686 626 820 688 Εἶτα
839 633 1050 698 δεικνὺς
1070 635 1128 688 τὸ
1139 652 1275 705 προς
1288 637 1386 704 τὴν
1400 637 1808 709 φιλανθρωπίαν
1822 643 1945 714 ἐπιρ
1953 645 2013 716 ρε
2021 644 2109 696 πέ-

534 743 625 779 στε
637 743 746 795 ρον,
769 728 964 795 ἐπάγει
985 726 1144 780 πάλιν
1163 727 1335 795 λέγων
1355 745 1368 758 ·
1391 729 1500 782 Καὶ
1523 732 1557 783 ό
1581 731 1723 796 Θεὸς
1742 731 1910 800 ἡμῶν
1927 734 2102 790 ἐλεεῖ.

534 816 642 868 Καὶ
665 815 846 880 καλῶς
866 811 1018 869 εἶπεν
1039 833 1052 846 ⁸
1087 815 1139 869 '0
1161 815 1304 882 Θεὸς
1325 816 1512 885 ἡμῶν,
1536 819 1672 890 πρὸς
1704 822 2108 898 ἀντιδιαστολὴν

531 903 640 956 τῶν
680 903 836 969 θεῶν,
859 897 932 957 ὧν
970 904 1158 973 πρώην
1192 903 1456 975 ἐμνήσθη.
1485 905 1742 971 Ἐκείνοις
1776 911 1874 980 μέν
1906 910 2013 982 γὰρ
2044 897 2108 965 τὺ

534 996 760 1064 σφάζειν
781 996 872 1048 καὶ
891 996 1150 1065 ἀναιρεῖν,
1177 995 1269 1048 καὶ
1301 997 1586 1068 ἀκήρυκτα
1624 999 1878 1070 πολεμεῖν
1910 1001 2067 1072 ἔργον
2087 1019 2101 1034 ·

527 1085 701 1156 τούτῳ
719 1086 776 1138 δὲ
796 1085 856 1137 τὺ
875 1085 1432 1156 φιλανθρωπεύεσθαι,
1455 1091 1549 1141 καὶ
1572 1091 1986 1160 συγγινώσκειν,
2009 1094 2104 1147 καὶ

529 1177 788 1230 κινδύνων
823 1175 1150 1248 ἐξαρπάζειν
1189 1177 1469 1249 διηνεκῶςο
1509 1182 1544 1233 ἀ
1579 1182 1646 1250 δὴ
1689 1183 1921 1253 μάλιστα
1963 1186 2101 1253 μετά

528 1268 636 1320 τῶν
670 1267 846 1320 ἄλλων
881 1268 1119 1320 δείκνυσι
1153 1270 1279 1332 τοὺς
1301 1272 1398 1339 μὲν
1418 1271 1676 1341 δαίμονας
1696 1273 1854 1337 ὄντας
1876 1277 1969 1327 καὶ
1989 1277 2103 1329 ἀλι-

527 1360 779 1434 τηρίους,
822 1361 912 1412 τὸν
948 1360 1004 1412 δὲ
1037 1361 1308 1431 κηδεμόνα
1348 1363 1443 1415 καὶ
1479 1364 1792 1435 προστάτην
1838 1368 1930 1418 καὶ
1968 1366 2100 1422 Θεὸν

526 1451 776 1523 ἀληθινόν
788 1465 814 1492 ε
825 1493 838 1506 .

594 1607 938 1663 Φυλάσσων
973 1611 1046 1662 τὰ
1087 1609 1276 1675 νήπια
1313 1612 1347 1663 ὁ
1387 1612 1602 1678 Κύριος
1623 1627 1637 1642 ’
1673 1613 2096 1682 ἐταπεινώθην,

523 1697 622 1752 καὶ
656 1696 853 1751 ἔσωσέ
888 1715 982 1765 με.
1003 1699 1264 1753 Ἐνταῦθα
1288 1700 1542 1770 μέγιστον
1560 1699 1696 1765 εἶδος
1720 1705 1975 1774 προνοίας
1996 1707 2095 1758 αὐ-

521 1786 616 1840 τοῦ
647 1787 906 1841 ἀνακινεῖ.
926 1788 1140 1858 Ἐπειδὴ
1161 1789 1272 1860 γὰρ
1291 1786 1442 1844 εἶπεν
1463 1809 1474 1820 ·
1528 1792 1831 1861 Ἐλεήμων
1873 1795 1967 1850 καὶ
2012 1796 2098 1848 δί-

523 1895 713 1944 καιος,
733 1879 832 1932 καὶ
853 1879 1028 1938 ἐλεεῖ.
1049 1879 1309 1950 μεγίστης
1331 1880 1494 1934 αὐτοῦ
1515 1882 1919 1954 φιλανθρωπίας
1940 1884 2097 1956 ἔργον

517 1969 780 2024 δείκνυσι.
804 1971 963 2025 Ποῖον
1000 1971 1064 2042 δὴ
1101 1971 1284 2039 τοῦτο;
1309 1973 1382 2026 T6
1401 1973 1508 2026 τῶν
1527 1975 1753 2044 νηπίων.
1772 1977 1960 2046 Ἡμεῖς
1997 1977 2096 2047 μὲν

519 2061 628 2133 γάρ
666 2063 760 2116 καὶ
793 2062 952 2130 λόγον
992 2062 1185 2133 ἔχομεν
1210 2063 1276 2117 τά
1300 2065 1398 2134 μὲν
1419 2065 1798 2134 φυλάττεσθαι,
1819 2069 1885 2122 τά
1904 2069 1959 2122 δὲ
1979 2069 2096 2122 ἐλέ-

522 2152 647 2206 σθαι
698 2153 1019 2207 παιδεύοντα
1043 2193 1057 2216 ,
1099 2156 1190 2208 καὶ
1230 2155 1297 2208 τὰ
1333 2157 1674 2228 ἐπερχόμενα
1711 2159 2095 2233 διακρούεσθαι

521 2245 688 2311 κακὰ,
711 2247 888 2300 καὶτὰ
910 2247 1148 2318 παρόντα
1167 2247 1434 2313 διαλῦσαι,
1458 2251 1551 2303 καὶ
1577 2253 1727 2321 ἰσχὺν
1754 2253 2092 2323 κεκτήμεθα,

521 2335 620 2390 καὶ
654 2336 846 2407 τέχνας
883 2337 1223 2408 ἐπιστάμεθα
1244 2356 1257 2368 ·
1296 2338 1363 2392 τὰ
1397 2341 1454 2393 δὲ
1488 2341 1675 2394 παιδία
1695 2343 1895 2396 τούτων
1916 2343 2095 2415 ἐρημα

520 2429 759 2497 πάντων,
781 2431 856 2494 ῶς
878 2431 1287 2502 ἀπροστάτευτα
1303 2447 1316 2461 ο
1339 2431 1474 2484 ἀλλά
1509 2432 1597 2485 διὰ
1630 2434 1848 2487 πάντων
1867 2433 1980 2504 ἐχει
1998 2435 2094 2488 τοῦ

519 2521 656 2574 Θεοῦ
675 2521 771 2593 τὴν
795 2521 1068 2592 πρόνοιαν,
1085 2518 1152 2594 ἦς
1175 2523 1222 2574 εί
1245 2522 1320 2594 μὴ
1343 2524 1582 2593 συνεχῶς
1600 2523 1899 2594 ἀπήλαυον,
1919 2526 2095 2579 πάντα

518 2612 585 2666 ἂν
605 2611 891 2666 ἀπολώλει.
915 2614 1024 2666 Καὶ
1056 2615 1165 2684 γὰρ
1202 2615 1296 2666 καὶ
1329 2615 1452 2684 δφις
1471 2613 1537 2668 ἀν
1557 2617 1818 2684 ἠφάνισεν
1839 2620 1895 2670 ἐν
1919 2635 2093 2690 σπαρ⁶

519 2704 704 2771 γάνοις
743 2704 823 2758 ἔτι
860 2703 918 2757 6v
952 2704 1013 2756 τὸ
1057 2705 1284 2772 παιδίον,
1308 2707 1403 2760 καὶ
1441 2707 1765 2771 κατοικίδιος
1801 2708 1970 2778 ὅρνις,
2001 2711 2095 2763 καὶ

518 2795 688 2849 πολλὰ
721 2796 826 2850 τῶν
859 2796 1132 2866 ἑρπόντων
1159 2797 1321 2868 ἕτερα
1340 2798 1448 2851 τῶν
1466 2798 1605 2852 κατά
1623 2799 1722 2862 τάς
1740 2801 1934 2864 οἰκίας.
1960 2801 2094 2854 Οὐδέ

516 2889 626 2961 γὰρ
647 2890 807 2960 ἀρκεῖ
823 2888 944 2942 οὐτε
961 2888 1180 2960 τροφὸς,
1200 2888 1322 2942 οὔτε
1346 2890 1546 2962 μήτηρ,
1569 2889 1690 2944 οὔτε
1710 2891 1892 2963 ἕτερος
1920 2894 2093 2957 οὐδεὶς

517 2981 933 3052 ἀπηρτισμένην
954 2980 1354 3035 ἐπιδείκνυσθαι
1396 2983 1525 3053 περὶ
1563 2983 1702 3036 αὐτά
1725 2984 2003 3055 πρόνοιαν,
2027 2985 2093 3039 ἂν

521 3071 597 3143 μὴ
615 3071 714 3143 τῆς
733 3071 936 3125 ἀνωθεν
955 3070 1201 3144 ἀπολαύῃ
1225 3071 1417 3142 ῥοπῆς.
1440 3072 1595 3136 Τινὲς
1613 3071 1670 3126 δέ
1691 3091 1820 3142 φασι
1842 3075 1936 3128 καὶ
1967 3076 2094 3148 περὶ

515 3161 624 3213 τῶν
645 3160 670 3212 ἐ
678 3159 750 3230 μϐ
759 3159 900 3229 ρύων
919 3159 1013 3212 καὶ
1035 3160 1200 3230 μήπω
1238 3159 1338 3230 τῆς
1375 3161 1611 3232 γαστρὸς
1631 3162 1950 3228 ἐξελθόντων
1970 3165 2087 3218 τοῦο

515 3267 607 3304 τον
639 3251 888 3322 εἰρῆσθαι
925 3250 1014 3303 τὸν
1045 3250 1223 3320 λόγον.
1261 3252 1716 3321 Ἐταπεινώθην,
1762 3255 1858 3308 καὶ
1897 3255 2094 3311 ἔσωσέ

513 3361 610 3415 με.
653 3345 766 3397 Οὐκ
788 3338 940 3396 εἶπεν
965 3343 1112 3396 Ὀὐκ
1149 3342 1331 3397 εἴασεν
1369 3346 1448 3408 είς
1485 3344 1759 3410 κινδύνους
1796 3349 2088 3418 ἐμπεσεῖν·

516 3434 673 3498 ἀλλὰ,
690 3433 845 3486 Μετὰ
862 3433 923 3486 τὸ
941 3436 1194 3504 ἐμπεσεῖν
1213 3434 1486 3490 διέσωσεν.
1505 3436 1721 3508 Ἐπειδὴ
1740 3436 1848 3510 γάρ
1866 3435 1984 3492 εἷπε
1996 3439 2093 3510 τὴν

517 3525 745 3578 καθόλου
766 3523 932 3578 αὐτοῦ
955 3526 1230 3595 πρόνοιαν,
1249 3527 1344 3579 καὶ
1363 3527 1454 3580 ἐπὶ
1467 3527 1562 3581 τοῦ
1581 3529 1782 3582 οἰκείου
1800 3529 2090 3601 προσώπου

520 3617 750 3688 προάγει
782 3616 873 3669 τὸν
892 3615 1069 3684 λόγον,
1090 3618 1223 3689 ὅπερ
1243 3618 1364 3680 ἐθος
1382 3618 1530 3690 αὐτῷ
1550 3621 1658 3674 ἀπό
1677 3639 1734 3674 τε
1755 3623 1862 3675 τῶν
1881 3625 2093 3678 καθολι-

517 3707 651 3772 κῶν,
673 3708 781 3761 ἀπό
813 3725 873 3762 τε
911 3708 1019 3761 τῶν
1059 3711 1298 3780 μερικῶν
1316 3711 1488 3766 ταῦτα
1511 3716 1781 3785 συνιστᾷν.
1806 3715 1896 3788 Μὴ
1915 3716 2092 3772 τοίνυν

519 3797 657 3868 μηδέ
697 3798 761 3851 σύ
797 3797 947 3869 ζήτει
986 3797 1076 3851 τὸν
1116 3798 1299 3864 ἀδείας
1317 3799 1552 3871 γέμοντα
1574 3801 1718 3872 βίονο
1757 3803 1816 3856 οὐ
1848 3805 1955 3875 γάρ
1978 3805 2092 3859 ἐστί

518 3905 602 3942 σοι
622 3888 912 3952 λυσιτελές.
929 3890 989 3942 EE
1009 3889 1116 3960 γάρ
1135 3893 1245 3954 τοῖς
1266 3893 1571 3963 προφήταις
1588 3895 1687 3947 οὐκ
1704 3890 1771 3966 ἦν
1793 3895 2088 3966 συμφέρον,

517 3978 699 4050 πολλῷ
740 3979 938 4051 μᾶλλον
959 3980 1189 4036 σοί.⁶’οτι
1210 3982 1318 4054 γὰρ
1336 3984 1437 4037 οὐκ
1456 3979 1522 4054 ἦν
1545 3986 1840 4056 συμφέρον,
1862 3986 2091 4041 ἄκουσον

514 4073 570 4126 τί
589 4089 782 4143 φησιν·
833 4074 1084 4143 Ἀγαθόν
1111 4093 1232 4144 μοι,
1255 4075 1344 4128 ὅτι
1376 4075 1786 4144 ἐταπείνωσάς
1810 4097 1908 4147 με,
1933 4079 2091 4146 ὅπως

513 4164 594 4218 ἂν
622 4165 788 4234 μάθω
828 4164 900 4218 τὰ
933 4164 1291 4234 δικαιώματά
1327 4182 1464 4220 σου.
1487 4166 1660 4234 Διπλῆ
1700 4170 1733 4238 ἡ
1773 4170 2090 4241 εὐχαριστία

513 4253 768 4319 ἐνταῦθα,
789 4255 871 4308 ὄτι
904 4253 1085 4308 εἴασεν
1126 4257 1387 4325 ἐμπεσεῖν
1424 4257 1504 4319 είς
1547 4256 1843 4320 κινδύνους,
1880 4261 1974 4312 καὶ
2008 4261 2089 4313 ὄτι

520 4346 822 4417 ἐμπεσόντα
839 4345 899 4398 οὐ
918 4345 1226 4398 κατέλιπεν.
1245 4345 1550 4416 ’Δμφότερα
1569 4347 1623 4399 δέ
1644 4365 1757 4410 πως
1774 4350 2090 4419 εὐεργεσίας

513 4430 672 4500 εἶδος,
693 4437 786 4490 καὶ
821 4437 916 4489 τοῦ
943 4437 1192 4508 δευτέρου
1213 4436 1274 4489 τὸ
1293 4437 1554 4508 πρότερον
1573 4441 1671 4492 οὐκ
1691 4439 1928 4502 ἔλαττον,
1951 4443 2086 4508 ἀλλ’,

513 4529 564 4580 εἰ
601 4528 682 4580 δεῖ
719 4545 774 4580 τι
809 4528 903 4580 καὶ
1129 4528 1439 4597 θαυμαστὸν
1459 4531 1651 4592 εἰπεῖν,
1677 4531 1770 4584 καὶ
1791 4533 1992 4602 μεῖζον.
2017 4537 2089 4589 Τὸ

518 4617 616 4688 μὲν
633 4618 746 4688 γὰρ
765 4618 1041 4682 κινδύνους
1060 4618 1290 4682 διέλυσε,
1313 4618 1372 4672 τὸ
1389 4619 1446 4671 δέ
1465 4619 1561 4690 τὴν
1581 4619 1757 4690 ψυχὴν
1790 4623 2089 4693 φιλοσοφω-

512 4711 677 4780 τέραν
712 4712 1024 4781 εἰργάσατο.
1042 4712 1458 4779 Ἐπίστρεψον,
1486 4712 1655 4782 ψυχή
1683 4731 1826 4782 μου,
1846 4718 1932 4781 είς
1975 4716 2090 4786 τὴν

511 4800 863 4854 ἀνάπαυσιν
899 4816 1035 4867 σου,
1074 4802 1162 4856 ὅτι
1205 4804 1420 4871 Κύριος
1452 4806 1817 4873 εὐηργέτησέ
1846 4825 1939 4862 σε.
1961 4810 2089 4864 Ὅτι

511 4892 808 4960 ἐρρύσατο
857 4893 972 4960 τὴν
1030 4894 1242 4963 ψυχήν
1295 4913 1414 4964 μου
1452 4896 1568 4950 ἀπὸ
1607 4897 1866 4952 θανάτου
1892 4943 1906 4964 ,
1947 4901 2088 4968 τοὺς

511 4985 859 5054 ὀφθαλμούς
884 5003 1002 5053 μου
1035 4986 1153 5040 ἀπὸ
1172 4986 1462 5055 δακρύων,
1484 4989 1578 5041 καὶ
1603 4989 1743 5051 τοὺς
1764 4991 1954 5057 πόδας
1965 5011 2085 5062 μου

509 5077 628 5132 ἀπὸ
669 5076 1088 5148 ὀλισθήματος.
1124 5079 1526 5148 Ε’ὺαρεστήσω
1567 5081 1823 5136 ἐνώπιον
1864 5085 2086 5152 Κυρίου

509 5171 582 5223 ἐν
619 5168 778 5240 χώρᾳ
815 5168 1135 5230 (ﬁnem/0
1180 5172 1278 5242 μὲν
1310 5172 1408 5243 τῆς
1449 5173 1684 5244 ἱστορίας
1726 5174 1881 5242 λόγος
1911 5175 2086 5246 δεινὴν

511 5261 830 5334 ἀπαλλαγήν
868 5280 1020 5334 φησι,
1044 5263 1136 5317 καὶ
1174 5262 1357 5317 ἄνεσίν
1385 5280 1508 5318 τινα
1543 5265 1636 5317 καὶ
1668 5263 1998 5334 ἐλευθερίαν.
2025 5265 2087 5318 Εἰ

509 5351 566 5404 δέ
607 5371 689 5418 τις
730 5354 871 5408 κατά
910 5354 1198 5426 ἀναγωγὴν
1229 5355 1388 5408 αὐτὸν
1408 5353 1649 5421 ὲκλάσοι,
1667 5354 1950 5424 δυνήσεται
1987 5354 2085 5423 τὴν

579 5695 604 5722 ⁸
635 5698 783 5748 Sui].
809 5701 886 5747 καὶ
909 5701 1054 5757 ὅντως
1075 5702 1211 5750 Θεό-ι.

1241 275 1298 330 S.
1337 273 1620 332 JOANNIS
1657 276 2140 335 CIIRYSOSTOMI
2190 277 2508 337 ARCHIEP.
2547 279 3086 338 CONSTANTINOP.

3660 293 3760 355 313

2213 402 2458 456 ἐντεῦθεν
2495 402 2802 472 ἀποδημίαν
2839 400 3104 470 λύτρωσιν
3145 397 3336 465 λέγειν,
3358 400 3447 453 καὶ
3464 402 3756 459 ἀνάπαυσιν

2207 493 2407 562 ταύτην
2427 491 2629 545 καλεῖν.
2649 489 2959 560 Ἀπαλλαγὴ
2978 490 3086 560 γάρ
3105 491 3218 542 ἐστι
3237 491 3447 543 πάντων
3466 491 3566 544 τῶν
3582 491 3758 565 ἀδοκήσ

2205 602 2312 639 των
2342 585 2548 642 δεινῶν.
2571 587 2664 639 καὶ
2684 585 2784 637 οὐκ
2805 583 2884 636 ἔτι
2901 585 2970 653 τῇ
2991 582 3182 652 ἀδηλίᾳ
3199 581 3375 634 λοιπὸν
3391 581 3682 645 ὑπόκειται,
3702 586 3760 636 ἐν·

2205 677 2476 748 ἀσφαλείᾳ
2493 675 2751 746 γεγονὼς,
2766 677 2794 729 6
2813 673 2951 746 μετά
2966 673 3206 744 χρηστῆς
3225 672 3522 734 καταλύσας
3539 673 3758 737 ἐλπίδος.

2206 771 2268 823 Et
2306 770 2413 842 γάρ
2447 770 2538 824 καὶ
2576 769 2634 836 ἐξ
2663 767 2936 838 ἁμαρτίας
2958 769 2986 819 6
3004 766 3227 828 θάνατος
3248 765 3628 834 εἰσενήνεκται,
3650 766 3756 819 ἀλλ’

2203 861 2352 932 ὅμως
2387 864 2463 924 εἰς
2494 860 2811 932 εὐεργεσίαν
2829 858 2985 931 ἡμῶν
3006 856 3152 928 αὐτῷ
3169 859 3197 910 6
3217 856 3348 918 Θεὸς
3371 857 3646 926 ἐχρήσατο.
3666 857 3756 910 Διά

2203 950 2266 1022 δὴ
2304 949 2462 1003 τοῦτο
2498 950 2596 1002 οὐκ
2636 948 2784 1019 αὐτῷ
2819 949 2975 1018 μόνον
2995 945 3258 1016 ἠρκέσθη,
3280 944 3415 999 ἀλλὰ
3437 945 3529 997 καὶ
3547 945 3631 997 τὸν
3652 944 3757 1014 βίον

2204 1039 2496 1110 ἐπίμοχθον
2533 1038 2806 1106 ἐποίησεν,
2829 1037 2916 1090 ἵνα
2957 1037 3150 1107 μάθῃς,
3172 1035 3253 1088 ὅτι
3295 1034 3491 1087 οὐδὲτὸ
3511 1036 3756 1105 πρότερον

2205 1129 2578 1202 συνεχώρησεν
2597 1129 2684 1195 ἂν,
2706 1130 2754 1181 εί
2775 1127 2848 1198 μὴ
2872 1126 3073 1198 σφόδρα
3091 1127 3356 1196 χρήσιμον
3390 1122 3457 1196 ἦν
3494 1126 3640 1196 παρά
3667 1127 3758 1198 τὴν

2202 1222 2366 1276 αὐτοῦ
2389 1221 2580 1290 σοφίαν
2599 1220 2756 1273 τοῦτο
2775 1219 3079 1288 γενόμενον.
3104 1217 3204 1270 Διά
3221 1216 3284 1283 δὴ
3303 1216 3459 1270 τοῦτο
3477 1218 3638 1272 εἰπών
3652 1235 3666 1251 ⁸
3683 1214 3758 1291 ’ῌ

2201 1311 2278 1365 ἂν
2297 1310 2486 1380 ἡμέρᾳ
2515 1309 2698 1378 φάγῃ,
2721 1307 2951 1373 θανάτῳ
2971 1305 3268 1374 ἀποθανῇ,
3289 1307 3388 1359 οὐκ
3421 1307 3654 1378 ἠρκέσθη
3686 1308 3758 1378 τῷ

2199 1402 2458 1472 ἐπιτιμίῳ
2475 1418 2489 1432 ο
2531 1400 2588 1454 τὸ
2606 1401 2714 1471 γὰρ
2733 1399 3002 1470 ἐπιτίμιον
3020 1398 3176 1450 τοῦτο
3192 1392 3259 1468 ἦν
3278 1411 3292 1426 ·
3327 1398 3418 1466 1τῆ
3455 1399 3526 1462 εῖ,
3551 1401 3643 1452 καί
3677 1401 3757 1465 εις

2201 1493 2318 1561 γῆν
2350 1493 2691 1560 ἁπελεύσῃο
2732 1490 2827 1545 νῦν
2863 1491 2920 1544 δέ
2956 1489 3050 1543 καὶ
3087 1488 3272 1560 ἕτερον
3309 1489 3546 1543 δείκνυσι
3563 1489 3754 1559 λέγων·

2211 1584 2307 1636 Ἐν
2344 1583 2537 1652 ἱδρῶτι
2574 1583 2680 1637 τοῦ
2715 1580 3039 1651 προσώπου
3090 1595 3206 1634 σου
3255 1579 3417 1651 φάγῃ
3454 1582 3561 1634 τὸν
3589 1582 3758 1650 ἄρτον

2197 1691 2335 1729 σου.
2353 1676 2633 1740 Ἀκάνθας
2669 1675 2766 1728 καὶ
2810 1675 3117 1742 τριϐόλους
3135 1671 3416 1729 ἀνατελεῖ
3427 1689 3554 1727 σοι·
3577 1675 3644 1727 ἐν
3658 1674 3758 1728 λύ-

2199 1787 2337 1838 παις
2372 1772 2531 1841 φάγῃ
2570 1771 2780 1837 αὑτήν.
2804 1772 2912 1825 Καὶ
2931 1774 2995 1842 τῇ
3018 1772 3236 1839 γυναικὶ
3263 1766 3382 1824 εἷπε
3405 1788 3418 1802 ·
3444 1773 3757 1838 Πληθύνων

2199 1863 2484 1931 πληθυνῶ
2504 1861 2608 1928 τὰς
2626 1863 2825 1928 λύπας
2847 1878 2984 1924 σου,
3008 1863 3105 1915 καὶ
3139 1862 3243 1916 τὸν
3275 1865 3612 1933 στεναγμόν
3629 1877 3754 1916 σου.

2211 1953 2308 2004 Ἐν
2323 1955 2544 2016 λύπαις
2567 1950 2708 2018 τέξῃ
2729 1951 2928 2005 τέκνα.
2953 1952 3026 2003 υύ
3048 1950 3154 2022 γὰρ
3179 1951 3359 2004 ίκανδν
3377 1948 3448 2023 ἦν
3468 1953 3637 2005 ἐκεῖνο
3665 1952 3756 2004 αὐ-

2196 2044 2321 2107 τοὺς
2345 2041 2691 2115 σωφρονίσαι,
2713 2039 2945 2102 Πολλοὺς
2963 2039 3092 2108 γοῦν
3111 2041 3326 2111 ὁρῶμεν
3343 2042 3517 2113 ταύτῃ
3541 2041 3759 2112 μάλιστα

2197 2135 2508 2206 γινομένους
2531 2132 2787 2203 βελτίους.
2807 2133 2862 2185 '0
2885 2126 3238 2203 γὰρ’θάνατος
3255 2133 3582 2204 ἀναισθησίᾳ
3597 2151 3759 2204 παραυ

2195 2229 2430 2288 δίδωσιν,
2452 2225 2672 2279 ἐπειδάν
2712 2223 2910 2297 ἐπέλθῃ
2941 2243 2951 2253 ·
2987 2221 3158 2277 ταῦτα
3193 2224 3247 2277 δὲ
3286 2221 3498 2287 ζῶντας
3533 2225 3758 2295 βελτίους

2197 2320 2506 2391 ἐργάζεται.
2526 2317 2590 2371 Εἰ
2611 2316 2668 2369 δέ
2689 2315 2815 2384 φοϐε
2825 2315 2914 2386 96v
2935 2314 2993 2368 τὸ
3013 2316 3245 2387 πρᾶγμα
3271 2309 3414 2368 εἶναι
3432 2316 3596 2376 δοκεῖ,
3620 2317 3760 2388 παρά

2194 2408 2291 2480 τὴν
2324 2406 2603 2460 ἀσθένειαν
2639 2405 2746 2458 τῶν
2783 2402 2924 2458 οὕτω
2961 2404 3337 2474 διακειμένων.
3361 2406 3486 2459 Ὅτι
3524 2407 3628 2478 γάρ
3666 2405 3759 2472 τῆς

2195 2500 2475 2563 ἀσθενείας
2496 2495 2564 2571 ἦν
2584 2500 2611 2552 6
2632 2496 2814 2566 φόϐος,
2839 2496 3065 2552 ἄκουσον
3086 2496 3323 2563 Παύλου,
3346 2499 3448 2551 καλ.
3483 2498 3762 2568 εὐχομένου

2196 2590 2372 2654 τοῦτο,
2396 2589 2488 2644 καὶ
2527 2589 2824 2660 χαίροντος,
2855 2587 2928 2651 ὠς
2965 2588 3091 2640 ὅταν
3126 2587 3288 2659 λέγῃ⁶
3329 2588 3402 2641 Τὸ
3457 2589 3766 2653 ἀναλῦσαι,

2198 2683 2294 2738 καὶ
2335 2684 2456 2738 σὺν
2487 2680 2718 2750 Χριστῷ
2757 2675 2929 2743 εἶναι,
2951 2679 3156 2746 πολλῷ
3187 2679 3446 2748 μᾶλλον
3481 2680 3764 2751 κρεῖττον·

2194 2777 2288 2829 καὶ
2310 2773 2468 2828 πάλιν
2487 2789 2500 2804 ο
2540 2773 2731 2841 Χαίρω
2766 2771 2864 2825 καί
2901 2771 3206 2841 συγχαίρω
3226 2771 3431 2826 πᾶσιν·
3449 2773 3613 2843 ὐμῖνσ
3635 2773 3696 2826 τὸ
3717 2772 3766 2824 δ’

2193 2865 2338 2919 αὐτὸ
2361 2865 2458 2917 καὶ
2478 2863 2645 2932 ὑμεῖς
2666 2864 2901 2930 χαίρετε
2919 2863 3017 2915 καί
3058 2865 3428 2932 συγχαίρετέ
3452 2885 3554 2936 μοι
3578 2887 3590 2898 ·
3615 2867 3698 2919 ἐπὶ
3715 2866 3767 2918 δὲ

2192 2961 2303 3022 τοῖς
2319 2957 2580 3020 ἐναντίοις
2599 2956 2887 3024 ἀλγοῦντος
2907 2975 2920 2988 ο
2947 2959 3029 3010 Οὐ
3043 2958 3236 3025 μόνον
3253 2957 3380 3027 γάρ,
3413 2961 3599 3028 φησὶν.
3619 2959 3766 3012 ἀλλὰ

2194 3049 2291 3104 καὶ
2327 3051 2493 3103 αὐτοὶ
2513 3048 2582 3102 ἐν
2599 3047 2832 3113 ἑαυτοῖς
2852 3045 3229 3117 στενάζομεν,
3253 3048 3576 3102 υἱοθεσίαν
3594 3051 3766 3102 ἀπεκ-

2193 3142 2516 3212 δεχόμενοι,
2559 3139 2672 3208 τὴν
2691 3139 3109 3206 ἀπολύτρωσιν
3141 3139 3246 3193 τοῦ
3267 3139 3556 3208 σώματος
3577 3138 3732 3207 ἡμῶν
3749 3156 3762 3170 ·

2193 3234 2288 3288 καὶ
2308 3233 2488 3286 πάλιν·
2512 3236 2576 3286 οι
2597 3233 2768 3298 ὄντες
2784 3232 2854 3286 ἐν
2868 3229 2946 3297 τῷ
2964 3231 3176 3300 σκήνει
3196 3230 3768 3298 τούτ‹ε›,στενάζομεν

2185 3325 2572 3394 βαρούμενοι.

2268 3478 2330 3550 γ’.
2345 3475 2496 3542 Εἶδες
2513 3477 2674 3532 πόσον
2695 3477 2808 3548 ἐστὶ
2829 3477 3114 3546 φιλοσοφία
3136 3477 3294 3531 καλόν
3315 3494 3330 3542 ;
3365 3480 3446 3532 Ἀ
3471 3487 3586 3546 τοῖς
3604 3479 3768 3540 ἄλλοις

2191 3571 2318 3637 ἀξια
2346 3570 2596 3642 δακρύων
2624 3566 2763 3623 εἶναι
2787 3570 2950 3632 δοκεῖ,
2979 3567 3150 3622 ταῦτα
3178 3569 3353 3639 τούτῳ
3377 3571 3557 3641 εὐχῆς
3579 3587 3592 3601 ⁸
3622 3568 3711 3623 καὶ
3735 3565 3770 3623 δ

2190 3665 2302 3726 τοῖς
2323 3662 2498 3724 ἄλλοις
2519 3661 2644 3728 ἀξια
2672 3661 3006 3732 εὐφροσύνης
3032 3661 3126 3714 καὶ
3152 3660 3361 3730 ἡδονῆς,
3401 3663 3579 3716 ταῦτα
3606 3661 3769 3729 τούτῳ

2193 3753 2532 3823 στεναγμῶν.
2571 3754 2640 3806 Ἦ
2670 3753 2770 3806 οὐκ
2801 3751 2925 3818 ἀξια
2957 3752 2986 3792 δ
3023 3753 3340 3822 στεναγμῶν
3387 3755 3453 3808 τὸ
3488 3756 3579 3808 ἐπ’
3615 3751 3767 3806 ἀλλο·

2189 3846 2346 3918 τρίας
2387 3841 2542 3909 εῖναι,
2567 3845 2660 3898 καὶ
2702 3843 2984 3915 πόρρωθεν
3010 3843 3112 3915 τῆς
3152 3844 3434 3924 ἡμετέρας
3464 3844 3770 3918 ἀπῳκίσθαι

2191 3938 2475 4010 πατρίδοςς
2499 3938 2569 3990 Ἦ
2599 3938 2699 3990 οὐκ
2726 3937 2873 4002 ἀξιον
2903 3936 3238 4008 εὐφροσύνης
3269 3937 3328 3990 τδ
3361 3940 3583 4009 ταχέως
3610 3953 3770 3992 καταο

2190 4031 2416 4102 δραμεῖν
2438 4030 2530 4082 ἐπὶ⁸
2551 4029 2640 4083 τὸν
2661 4029 2832 4084 εὐδιον
2860 4030 3071 4100 λιμένα,
3091 4032 3184 4083 καὶ¹
3209 4029 3516 4083 ἀπολαϐεῖν
3542 4032 3641 4100 τὴν
3665 4031 3771 4084 ἀνω

2193 4123 2366 4185 πόλιν,
2395 4122 2521 4176 ἔνθα
2551 4121 2759 4193 ἀπέδρα
2787 4121 2967 4191 ὀδύνη,
2991 4123 3084 4175 καὶ
3112 4121 3277 4191 λύπη,
3305 4123 3404 4174 καὶ
3432 4121 3767 4191 στεναγμόςς

2190 4213 2300 4266 Καὶ
2341 4213 2392 4266 τί
2426 4213 2562 4284 πρὸς
2608 4213 2726 4282 ἐμὲ,
2759 4213 2912 4284 φησὶ,
2962 4212 3053 4265 τὸν
3087 4212 3451 4282 ἀμαρτωλόν;
3497 4214 3664 4284 Ὁρᾷς
3694 4214 3772 4264 ὅτι

2189 4305 2286 4372 οὐχ
2313 4305 2342 4355 6
2373 4301 2601 4364 θάνατός
2631 4303 2776 4354 ἐστιν
2809 4303 2837 4354 6
2862 4300 3029 4353 ποιῶν
3055 4301 3151 4370 τὴν
3180 4301 3381 4370 λύπην,
3417 4302 3560 4356 ἀλλά
3586 4302 3647 4354 τὸ
3679 4317 3769 4352 πο-

2190 4394 2354 4463 νηρὸν
2389 4391 2662 4456 συνειδός;
2702 4391 2914 4445 Παῦσαι
2965 4387 3057 4445 οῦν
3101 4392 3194 4445 τοῦ
3232 4389 3372 4447 εἶναι
3416 4394 3769 4465 ἁμαρτωλὸς,

2191 4483 2284 4536 καὶ
2318 4482 2469 4535 ἔσται
2502 4500 2582 4534 σοι
2611 4481 2854 4544 ποθεινὸς
2881 4483 2909 4534 6
2937 4481 3182 4546 θάνατος.
3223 4481 3375 4549 Τοὺς
3415 4481 3774 4552 ὀφθαλμούς

2193 4571 2344 4645 [307]
2372 4591 2492 4642 μου
2531 4571 2650 4627 ἀπὸ
2683 4571 2976 4642 δακρύων.
3011 4573 3246 4636 Εἰκότως
3276 4572 3457 4637 οὕτως
3492 4569 3680 4626 εἶπεν·
3717 4570 3775 4624 οὐ

2189 4663 2297 4732 γάρ
2330 4664 2476 4714 ἐστιν
2503 4664 2620 4715 ἐκεῖ
2646 4660 2812 4733 λύπη,
2842 4662 2962 4716 οὐδέ
2993 4661 3218 4733 ἀθυμία,
3248 4663 3367 4716 οὐδέ
3392 4663 3626 4736 θρῆνος.
3665 4661 3774 4714 Καὶ

2190 4753 2331 4820 τοὺς
2351 4753 2541 4820 πόδας
2557 4771 2676 4822 μου
2697 4754 2814 4808 ἀπὸ
2831 4753 3252 4822 ὀλισθήματος.
3269 4753 3446 4807 Τοῦτο
3461 4753 3563 4808 τοῦ
3585 4752 3784 4825 προτέ-

2193 4864 2286 4916 ρου
2310 4847 2511 4917 μεῖζον.
2543 4846 2700 4911 Πῶς;
2732 4848 2854 4899 ’Ὁτι
2871 4846 2930 4900 οὐ
2956 4847 3115 4917 μόνον
3133 4846 3305 4917 λύπης
3328 4847 3505 4917 ἐσμὲν
3529 4845 3760 4915 ἀπηλλα-

2187 4941 2396 5011 γμένοι,
2428 4940 2563 4994 ἀλλά
2583 4941 2676 4992 καὶ
2702 4937 2796 4992 τοῦ
2827 4937 3272 5001 ὑποσκελίζεσθαι
3295 4939 3388 4990 καὶ
3423 4935 3784 4991 ἐπιϐουλεύει-

2189 5030 2330 5083 σθαι.
2363 5031 2482 5082 Ἐπὶ
2515 5029 2615 5099 τῆς
2656 5029 2860 5100 πέτρας
2889 5029 3085 5100 ἐστηκε
3125 5028 3230 5099 γάρ
3261 5029 3290 5080 ὁ
3332 5027 3601 5082 ἀπελθὼν
3645 5025 3779 5096 μετὰ

2188 5119 2658 5190 κατορθωμάτων·
2691 5119 2784 5172 τοῦ
2818 5119 3033 5189 λιμένος
3066 5119 3392 5188 ἐπείληπται
3416 5133 3432 5147 ·
3468 5118 3660 5172 πάντα
3688 5116 3780 5168 ἀν-

2186 5213 2385 5284 ῄρηται
2416 5211 2485 5265 τὰ
2525 5210 2822 5281 κωλύματα
2849 5211 3067 5264 λοιπόν·
3098 5209 3331 5280 οὐδαμοῦ
3363 5207 3638 5279 θόρυϐος,
3664 5207 3780 5261 οὐδὲ

2185 5304 2394 5374 ταραχή
2411 5321 2425 5334 ⁸
2458 5303 2573 5356 ἀλλ’
2595 5305 2654 5356 ἐν
2681 5303 3030 5375 εὐδοκιμήσει
3055 5313 3076 5339 ο
3103 5301 3338 5372 διηνεκεῖ
3361 5301 3528 5368 μένει
3553 5303 3585 5354 ὁ
3611 5299 3783 5360 οὕτως

2247 5572 2276 5611 ³⁸
2299 5573 2447 5646 Sa_vil.
2476 5575 2524 5624 in
2549 5577 2769 5636 margine
2791 5575 2820 5632 ἢ
2848 5575 2934 5623 οῦκ
2959 5575 3102 5642 ἀξιον.
3135 5573 3347 5634 Utraque
3393 5572 3561 5622 leclio
3577 5576 3786 5634 quadrat

2271 5650 2324 5683 se
2407 5651 2470 5684 m.

2186 5637 2272 5727 ωε
2442 5698 2544 5746 ἀλλ’
2565 5699 2611 5746 ἐν
2637 5697 2926 5746 καταστάσει
2961 5696 3127 5746 Ulram
3153 5696 3291 5744 malis
3310 5691 3453 5755 elige
3485 5695 3785 5743 lectionem.
