4134 6210
481 266 583 329 51⁸1

474 419 651 466 autem
690 409 826 465 tollit
866 409 1292 480 desperationem
1317 448 1334 476 ,
1370 411 1592 466 salutem
1622 411 1774 467 nobis
1810 412 2052 481 utrinque

475 515 786 572 procurans.

541 589 596 646 2.
627 591 828 648 Deinde
855 591 1140 647 ostendens
1164 593 1326 648 Deum
1355 609 1472 649 esse
1503 609 1821 664 propensum
1849 593 1913 647 ad
1941 592 2052 648 ele-

473 684 726 738 mentiam
748 723 764 749 ,
795 681 1065 752 subjungit
1089 685 1286 750 dicens,
1319 683 1384 738 Et
1414 684 1548 738 Deus
1578 695 1743 738 noster
1769 685 2046 738 miseretur.

474 775 637 830 Recte
661 783 838 828 autem
864 773 1017 839 dixit,
1041 773 1177 832 Deus
1204 786 1370 830 noster
1394 792 1412 829 :
1444 785 1500 829 ut
1523 790 1643 829 eum
1672 775 1956 844 distinguat
1981 774 2051 831 ab

473 868 538 920 iis
567 866 704 933 diis,
731 881 956 937 quorum
985 867 1140 935 paulo
1165 878 1286 922 ante
1308 868 1566 922 meminit.
1598 867 1734 923 Sunt
1761 867 1902 922 enim
1929 866 2050 920 illo-

473 972 590 1010 rnm
624 964 799 1024 partes
816 957 1078 1020 occidere,
1101 957 1167 1012 de
1193 957 1366 1014 medio
1387 959 1596 1024 tollere,
1620 967 1674 1012 et
1701 957 1836 1012 bella
1860 957 2052 1026 impla-

472 1046 660 1100 cabilia
700 1061 920 1116 gerere;
949 1047 1105 1118 hujus
1141 1056 1317 1104 autem
1343 1089 1357 1112 ,
1388 1051 1460 1103 uti
1500 1049 1779 1104 clementia
1805 1088 1820 1113 ,
1846 1045 2051 1102 condo-

473 1149 624 1200 nare,
651 1142 704 1189 et
723 1135 931 1192 assidue
950 1152 980 1190 a
1011 1138 1258 1207 periculis
1277 1139 1485 1209 eripere
1508 1155 1522 1192 :
1545 1154 1664 1208 quae
1689 1138 1903 1208 quidem
1930 1153 2050 1193 cum

473 1225 593 1280 aliis
619 1226 846 1280 maxime
874 1230 1161 1282 ostendunt
1199 1229 1321 1283 illos
1347 1243 1467 1284 esse
1492 1229 1764 1283 daemones
1788 1236 1842 1284 et
1867 1228 2052 1283 exitio-

473 1330 584 1380 sos,
617 1316 754 1370 hunc
774 1327 950 1372 autem
975 1333 1158 1373 curam
1182 1333 1368 1388 gerere
1389 1328 1442 1374 et
1464 1319 1765 1389 providere,
1789 1329 1842 1374 et
1869 1335 2050 1374 verum

471 1422 592 1463 esse
621 1409 806 1464 Deum.

544 1497 811 1569 quantum
853 1517 912 1554 ac
956 1519 1226 1574 puerorum
1263 1513 1429 1557 custos
1466 1501 1624 1558 Deus.
1651 1502 1908 1558 Securitas
1937 1503 2051 1558 vita:

471 1605 573 1644 non
601 1601 672 1646 est
693 1595 980 1662 querenda.
1007 1593 1148 1648 Mors
1167 1594 1390 1647 liberatio
1419 1604 1464 1647 et
1487 1595 1697 1661 requies.
1729 1593 1840 1647 Vita
1857 1612 1948 1648 cur
1966 1597 2046 1650 la-

471 1684 686 1739 boriosa.
702 1685 836 1740 -ν6.
879 1677 1174 1740 Custodiam
1201 1685 1431 1752 parvulos
1451 1684 1694 1738 Dominus
1716 1703 1736 1740 :
1756 1685 2048 1742 humiliatus

468 1793 599 1841 sum,
621 1787 669 1830 et
691 1777 913 1832 liberavit
942 1794 1039 1831 me.
1084 1776 1180 1830 llic
1208 1785 1384 1832 movet
1426 1777 1712 1830 maximum
1737 1792 1906 1846 genus
1931 1778 2047 1847 ejus

467 1867 831 1936 providentia}.
854 1867 1110 1936 Quoniam
1137 1868 1276 1922 enim
1300 1866 1452 1934 dixit,
1479 1867 1765 1922 Misericors
1788 1877 1835 1922 et
1852 1870 2042 1938 justus,

463 1966 510 2010 et
540 1957 830 2025 miseretur,
859 1955 974 2028 ejus
1012 1958 1257 2012 maxima:
1289 1957 1586 2014 clementia:
1621 1973 1756 2029 opus
1795 1959 2046 2030 deinceps

463 2048 714 2106 ostendit.
741 2047 1062 2116 Quodnam?
1089 2049 1144 2104 ld
1170 2049 1416 2104 videlicet
1447 2066 1552 2120 quo
1587 2053 1752 2105 utitur
1788 2051 1840 2105 in
1872 2052 2044 2106 infan~

465 2149 546 2194 tes
565 2153 626 2193 ac
667 2153 860 2209 pueros
896 2155 910 2193 :
952 2154 1058 2193 non
1105 2139 1244 2194 enim
1287 2138 1546 2195 habemus
1588 2142 1847 2196 rationem
1878 2185 1893 2208 ,
1924 2159 2045 2213 qua:

462 2245 562 2285 nos
601 2231 753 2286 docet
797 2231 911 2285 haec
939 2231 1139 2294 vitare,
1169 2231 1252 2285 illa
1275 2232 1472 2302 eligere
1496 2273 1510 2297 ,
1546 2242 1600 2287 et
1627 2234 1764 2288 mala
1799 2249 1916 2303 quae
1946 2250 2044 2291 nos

467 2322 724 2377 invadunt
753 2323 1062 2392 propulsare
1083 2363 1100 2389 ,
1129 2329 1182 2377 et
1208 2338 1328 2392 qua:
1356 2321 1548 2377 adsunt
1575 2333 1862 2379 excutere:
1895 2335 1948 2380 et
1968 2327 2046 2381 vi-

465 2414 616 2469 ribus
637 2414 912 2482 valemus,
949 2423 1004 2471 et
1040 2425 1184 2470 artes
1219 2415 1454 2480 scimus;
1503 2415 1733 2471 infantes
1759 2428 1936 2473 autem
1980 2434 2043 2474 ac

464 2505 613 2576 pueri
643 2546 660 2573 ,
704 2504 894 2575 quibus
931 2504 1048 2562 haec
1091 2505 1267 2560 omnia
1315 2505 1566 2561 deﬁciunt
1595 2549 1611 2572 ,
1660 2517 1782 2562 sunt
1825 2507 2044 2576 perinde

461 2613 527 2654 ac
563 2601 608 2653 si
642 2614 748 2653 non
793 2597 1048 2652 haberent
1070 2588 1160 2667 qui
1188 2611 1282 2654 eos
1310 2609 1517 2667 regeret
1547 2615 1561 2652 :
1593 2600 1690 2654 sed
1718 2599 1768 2652 in
1799 2601 2044 2656 omnibus

461 2689 662 2745 habent
691 2689 780 2745 Dei
813 2689 1193 2759 providentiam
1219 2730 1236 2757 ,
1265 2704 1371 2760 qua
1410 2689 1513 2744 nisi
1562 2689 1772 2745 assidue
1801 2692 2041 2747 frueren-

460 2787 565 2846 tur,
597 2793 784 2834 omnes
807 2779 1110 2849 periissent.
1149 2778 1278 2832 Nam
1309 2788 1363 2834 et
1399 2793 1621 2848 serpens
1647 2782 1932 2848 perimeret
1964 2783 2044 2837 in-

459 2868 654 2924 fantem
699 2869 990 2923 involutum
1029 2867 1206 2923 fasciis
1225 2910 1240 2934 ,
1271 2879 1324 2924 et
1363 2869 1474 2924 avis
1499 2885 1619 2940 qua:
1647 2871 1792 2940 degit
1821 2872 1876 2925 in
1906 2871 2038 2926 mdi-

457 2961 556 3016 bus
585 2961 680 3033 (a),
709 2969 763 3015 et
804 2960 970 3015 multa
1014 2960 1114 3015 alia
1144 2977 1262 3033 qua:
1302 2970 1494 3030 repunt
1521 2975 1584 3016 ac
1613 2971 1832 3030 serpunt
1860 2963 1910 3016 in
1941 2963 2040 3018 do-

457 3054 651 3109 suibus.
681 3053 862 3123 Neque
881 3055 1024 3107 enim
1049 3053 1245 3116 nutrix,
1278 3068 1377 3108 nec
1402 3060 1592 3120 mater,
1619 3069 1721 3122 nec
1747 3055 1883 3110 nllus
1903 3055 2037 3111 alius

455 3143 653 3199 sufﬁcit
680 3143 747 3198 ad
776 3158 961 3199 eorum
992 3142 1276 3213 perfectam
1306 3144 1590 3214 gerendam
1620 3145 2026 3214 providentiam,

459 3235 561 3289 nisi
585 3249 820 3303 superno
842 3233 1096 3302 juventur
1119 3233 1342 3289 auxilio.
1373 3233 1620 3289 Nonnulli
1651 3246 1826 3290 autem
1855 3235 2038 3292 dicunt

457 3327 559 3382 hoc
581 3327 778 3382 dictum
806 3341 928 3381 esse
951 3323 1023 3381 de
1052 3324 1268 3381 fastibus
1299 3326 1539 3384 nondum
1568 3328 1621 3382 in
1649 3329 1822 3384 lucem
1857 3330 2031 3387 editis.

455 3418 769 3473 Ilumiliatus
797 3433 938 3482 sum,
963 3427 1011 3472 et
1039 3417 1265 3472 liberavit
1294 3434 1390 3472 me.
1417 3418 1534 3473 Non
1565 3419 1732 3486 dixit,
1762 3420 1880 3476 Non
1909 3436 2034 3492 per-

453 3511 596 3566 misit
618 3520 672 3566 ut
697 3510 985 3566 inciderem
1016 3511 1067 3565 in
1095 3509 1329 3580 pericula
1357 3529 1372 3566 :
1400 3510 1519 3578 sed,
1539 3512 1823 3582 Postquam
1847 3513 2028 3581 incidi,

451 3603 702 3658 servavit.
738 3602 1000 3670 Quoniam
1041 3603 1183 3656 enim
1211 3600 1345 3656 dixit
1372 3603 1674 3672 generalem
1709 3601 1824 3672 ejus
1855 3603 2030 3673 provi-

451 3696 704 3760 dentiam,
734 3696 799 3749 ad
827 3709 977 3748 suam
1017 3707 1229 3763 quoque
1257 3707 1536 3763 personam
1567 3693 1802 3750 extendit
1830 3696 2031 3751 oratio-

454 3803 573 3844 nem
595 3828 609 3852 ,
636 3788 774 3843 sicut
800 3802 870 3842 ex
899 3785 1236 3856 generalibus
1260 3795 1315 3841 et
1339 3800 1403 3840 ex
1426 3786 1779 3856 singularibus
1805 3787 1944 3842 solet
1967 3802 2033 3842 ea

451 3881 784 3934 conﬁrmare.
815 3876 893 3932 Ne
921 3891 1050 3946 ergo
1077 3890 1286 3946 quaeras
1316 3877 1474 3930 vitam
1504 3877 1647 3930 omni
1679 3892 1744 3932 ex
1773 3888 1922 3946 parte
1949 3892 2032 3932 se-

450 3987 631 4028 curam
657 3987 672 4036 ;
704 3985 810 4025 non
835 3977 917 4024 est
947 3968 1090 4024 enim
1121 3967 1214 4023 tibi
1254 3966 1606 4021 conducibile.
1648 3965 1706 4020 Si
1735 3969 1878 4021 enim
1925 3982 2030 4020 non

450 4073 564 4118 erat
588 4059 920 4118 conducibile
941 4059 1232 4130 prophetis,
1252 4057 1421 4112 multo
1445 4057 1612 4128 magis
1628 4072 1728 4112 nec
1745 4057 1856 4111 tibi.
1879 4057 2031 4125 Quod

450 4164 624 4209 autem
648 4169 750 4208 non
771 4161 915 4209 esset
941 4150 1294 4217 conducibile,
1319 4149 1443 4205 audi
1467 4150 1592 4220 quid
1621 4149 1764 4204 dicat
1792 4165 1810 4203 :
1832 4147 2033 4204 Bonum

451 4247 602 4310 mihi,
631 4245 750 4315 quia
778 4243 1054 4298 humiliasti
1087 4258 1185 4309 me,
1209 4252 1267 4296 ut
1292 4241 1480 4295 discam
1502 4241 1890 4312 justiﬁcatioues
1918 4249 2032 4295 tuas

451 4338 622 4408 (Psal.
659 4337 781 4394 118.
812 4338 920 4407 71).
951 4335 1150 4405 Duplex
1182 4334 1268 4389 hic
1291 4343 1372 4389 est
1395 4333 1681 4404 gratiarum
1707 4332 1865 4398 actio,
1890 4331 2030 4402 quod

449 4443 504 4488 ct
533 4434 584 4488 in
621 4431 850 4502 pericula
879 4429 1112 4484 incidere
1137 4426 1461 4498 permiserit,
1490 4434 1546 4480 et
1573 4425 1713 4496 quod
1739 4441 1860 4481 cum
1885 4426 2030 4480 ceci-

449 4525 634 4585 disset,
663 4522 880 4576 minime
906 4519 1267 4588 dereliquerit.
1300 4519 1394 4572 Est
1419 4526 1596 4571 autem
1625 4527 1906 4586 utrumque
1931 4516 2031 4571 ali-

447 4615 716 4688 qnomodo
744 4629 911 4684 genus
955 4613 1231 4675 beneﬁcii,
1275 4627 1374 4666 nec
1413 4621 1495 4665 est
1537 4612 1683 4680 prius
1723 4611 1896 4666 minus
1939 4627 2028 4666 se-

447 4711 622 4767 cundo
641 4753 656 4774 ,
697 4710 802 4764 imo
832 4723 960 4762 vero
985 4749 1000 4773 ,
1035 4706 1078 4760 si
1109 4703 1350 4760 mirabile
1377 4703 1574 4773 aliquid
1601 4703 1883 4758 dicendum
1908 4712 2024 4768 est,

446 4805 605 4858 etiam
651 4801 839 4870 majus.
890 4799 1000 4853 lloc
1040 4798 1180 4853 enim
1223 4797 1468 4851 liberavit
1503 4811 1533 4849 a
1577 4795 1855 4864 periculis,
1898 4795 2027 4849 illud

445 4909 574 4948 vero
614 4893 843 4946 animam
885 4890 1010 4946 fecit
1055 4890 1222 4960 magis
1260 4889 1575 4956 sapientem.
1601 4887 1654 4939 7.
1693 4886 2025 4953 Convertere,

444 4988 613 5040 anima
641 5003 749 5040 mea
770 5027 784 5050 ,
820 4987 872 5038 iu
905 4984 1124 5055 requiem
1166 4993 1322 5048 tuam,
1353 4981 1472 5051 quia
1520 4979 1762 5034 Dominus
1790 4980 2028 5050 benefacit

446 5079 554 5133 tibi.
587 5078 640 5134 8.
681 5077 813 5144 Quia
854 5076 1036 5144 eripuit
1075 5075 1296 5128 animam
1340 5088 1501 5147 meum
1541 5071 1603 5124 de
1635 5081 1824 5136 morte,
1857 5072 2028 5125 oculos

445 5187 580 5225 meos
605 5187 636 5224 a
662 5169 916 5240 lacrymis,
947 5167 1094 5237 pedes
1120 5182 1254 5220 meos
1279 5183 1308 5218 η
1329 5168 1495 5236 lapsu.
1527 5164 1580 5220 9.
1620 5163 1832 5219 Placebo
1856 5181 2028 5220 rorant

444 5261 662 5318 Domino
687 5263 739 5316 in
759 5261 960 5330 regione
979 5259 1023 5311 vi
1029 5275 1219 5313 uorum.
1245 5257 1486 5314 llistorirc
1511 5259 1722 5329 quidem
1745 5262 1879 5313 ratio
1900 5259 2028 5314 dicit

503 5415 576 5478 (a)
609 5423 708 5463 Non
728 5413 940 5478 absurde
963 5413 1088 5478 forte
1125 5417 1370 5478 quaeratur
1389 5423 1611 5474 quaenam
1635 5412 1714 5478 illa
1735 5413 1839 5462 avis
1857 5413 2026 5478 dome-

439 5473 578 5536 stica}
595 5488 714 5539 (tua?
725 5474 935 5539 infantes
958 5475 1245 5538 perimeret.
1270 5473 1730 5539 ιιῖεξί,¹)υυ⁵.ιθθθ¹¹ω
1753 5476 1881 5523 θείω
1910 5487 2022 5534 pro-

441 5532 676 5600 spicerét.
697 5537 804 5586 Vox
826 5532 984 5600 Greca
1001 5575 1013 5593 ,
1038 5544 1160 5600 ὅρνις,
1185 5545 1304 5600 quae
1329 5532 1568 5600 lumbricis,
1593 5532 2022 5600 interpretamcst,

455 5593 666 5662 gallinam
691 5611 911 5662 persaepe
933 5593 1189 5660 signiﬁcat.
1204 5593 1272 5645 Ἀι
1295 5595 1371 5644 hic
1394 5593 1486 5644 alia
1509 5595 1634 5647 forte
1659 5593 1763 5646 avis
1784 5595 2022 5646 valentior

527 5662 691 5712 luatur.

1529 272 1882 330 EXPOSlTlU
1920 269 1984 326 IN
2025 269 2345 331 PSALMUM
2383 278 2570 335 CXIV.

2101 1283 2144 1298 ν-

3637 289 3740 346 518

2163 377 2467 457 prmclaram
2487 396 2768 463 quamdam
2785 397 3172 468 liberationem,
3198 405 3434 476 requiem
3453 418 3505 462 et
3528 407 3739 464 liberta-

2161 487 2286 534 tem.
2321 482 2376 536 Si
2405 485 2522 552 quis
2552 493 2728 540 autem
2759 503 2875 542 eam
2905 493 3172 562 acceperit
3197 497 3516 567 anagogice,
3547 509 3742 564 pOterit

2157 583 2434 626 excessum
2464 587 2529 626 ex
2570 574 2670 628 hac
2695 577 2797 631 vita
2838 594 3030 635 vocare
3073 582 3441 641 liberationem
3469 630 3483 648 ,
3513 603 3739 655 eamque

2155 661 2425 728 appellare
2455 663 2711 734 requiem.
2759 667 2852 722 Eat
2882 669 3022 724 enim
3053 673 3119 726 ab
3145 675 3391 730 omnibus
3422 677 3576 732 malis
3604 679 3739 734 libe-

2155 751 2294 804 ratio
2317 793 2331 816 ,
2360 767 2460 807 nec
2485 765 2567 808 est
2591 756 2819 826 amplius
2859 761 3212 818 incertitudini
3243 767 3534 836 obnoxius,
3567 782 3625 827 ut
3648 775 3738 844 qui

2155 840 2226 894 sit
2254 844 2591 899 securitatem
2621 859 2981 919 consequutus
3001 895 3014 918 ,
3043 855 3132 923 qui
3160 871 3280 910 cum
3318 858 3454 914 bona
3489 877 3586 930 spe
3614 840 3740 919 hinc

2157 936 2404 988 excessit.
2434 934 2546 990 Etsi
2582 939 2723 992 enim
2767 956 2912 996 mors
2940 931 3142 999 invecta
3181 959 3261 1002 est
3287 965 3351 1004 ex
3384 965 3634 1020 peccato,
3673 971 3738 1011 ea

2160 1029 2336 1076 tamen
2368 1024 2507 1080 Deus
2533 1042 2658 1082 usus
2680 1040 2760 1084 est
2787 1031 2854 1085 ad
2887 1043 3125 1088 nostrum
3153 1037 3487 1096 beneficium.
3523 1046 3587 1099 Et
3617 1047 3737 1101 ideo

2159 1127 2264 1166 non
2290 1111 2387 1168 fuit
2406 1131 2468 1171 ea
2484 1118 2594 1172 sola
2621 1130 2923 1193 contentus,
2945 1125 3036 1180 sed
3055 1129 3212 1182 etiam
3235 1131 3393 1186 vitam
3415 1135 3641 1190 reddidit
3659 1139 3738 1191 la-

2157 1203 2423 1261 boriosam
2447 1250 2463 1275 ,
2490 1219 2546 1264 ut
2573 1213 2710 1266 scias
2735 1229 2858 1268 eum
2895 1232 2994 1271 nec
3025 1219 3172 1288 prius
3199 1223 3410 1291 quidem
3443 1232 3732 1295 permissu-

2156 1313 2274 1352 rum
2300 1299 2464 1355 fuisse
2493 1342 2508 1367 ,
2541 1304 2642 1357 nisi
2671 1305 2788 1374 ejus
2826 1310 3082 1377 sapientia
3121 1313 3172 1366 id
3203 1313 3356 1370 valde
3383 1318 3508 1372 utile
3540 1319 3734 1377 factum

2155 1402 2314 1445 esset.
2349 1391 2416 1445 Et
2443 1393 2564 1448 ideo
2583 1411 2701 1450 cum
2723 1399 2973 1467 dixisset,
3005 1402 3116 1467 Quo
3142 1405 3225 1458 die
3247 1410 3518 1464 comederis
3539 1454 3552 1474 ,
3581 1425 3742 1468 morte

2117 1484 2121 1489 ’
2152 1483 2380 1536 morieris
2397 1483 2546 1554 (Gen.
2569 1485 2622 1539 2.
2646 1488 2734 1557 17)
2759 1504 2774 1543 :
2805 1505 2910 1544 non
2931 1491 3032 1546 fuit
3054 1509 3210 1562 paena
3227 1509 3556 1570 contentus;
3581 1519 3735 1572 paena

2152 1573 2292 1627 enim
2307 1584 2442 1640 erat,
2472 1575 2626 1631 Terra
2641 1589 2770 1645 es,et
2796 1582 2849 1634 in
2873 1592 3056 1636 terram
3083 1591 3339 1643 reverteris
3363 1590 3520 1660 (Ibid.
3543 1595 3596 1648 5.
3619 1597 3730 1666 19);

2151 1677 2292 1719 nunc
2319 1675 2497 1721 autem
2521 1669 2668 1724 aliud
2696 1687 2907 1742 quoque
2935 1674 3118 1744 adjicit
3142 1720 3156 1743 ,
3200 1679 3382 1737 dicens
3413 1701 3427 1735 :
3459 1684 3522 1739 In
3551 1689 3736 1743 sudore

2149 1754 2317 1808 vultus
2342 1758 2415 1810 tui
2435 1761 2643 1816 vesceris
2666 1779 2796 1833 pauc
2824 1773 2931 1820 tuo.
2960 1765 3150 1836 Spinas
3173 1781 3218 1823 et
3238 1773 3447 1828 tribulos
3473 1781 3731 1845 germina-

2150 1845 2221 1900 bit
2238 1847 2326 1901 tibi
2351 1865 2370 1902 :
2395 1850 2447 1902 in
2473 1851 2726 1909 laboribus
2745 1857 2972 1911 comedas
2993 1875 3055 1914 ea:
3073 1876 3132 1914 ea
3165 1861 3324 1935 (Ibid.
3357 1877 3402 1918 et
3427 1884 3472 1920 v.
3501 1870 3586 1924 18.
3616 1873 3730 1942 17).

2151 1938 2219 1993 Et
2256 1941 2465 1996 mulieri
2503 1943 2638 1998 dixit
2665 1963 2679 1998 :
2710 1945 3058 2018 Multiplicaus
3102 1954 3442 2024 multiplicabo
3473 1938 3731 2016 (erutuuas

2149 2039 2280 2096 tuos,
2310 2041 2355 2086 et
2379 2035 2614 2104 gemitum
2644 2045 2806 2092 tuum.
2839 2038 2904 2094 Iu
2931 2041 3184 2098 doloribus
3215 2048 3380 2112 paries
3407 2047 3540 2116 ﬁlios
3565 2051 3728 2120 (Ibid.

2147 2139 2195 2176 υ.
2227 2126 2295 2180 16
2314 2125 2355 2196 ).
2398 2125 2579 2198 Neque
2615 2131 2757 2184 enim
2789 2132 2918 2186 illud
2947 2123 3075 2188 satis
3109 2145 3224 2190 erat
3251 2138 3316 2192 ad
3348 2153 3440 2194 eos
3469 2145 3731 2214 castigan-

2147 2215 2269 2270 dos.
2296 2218 2487 2273 Multos
2521 2221 2698 2292 itaque
2733 2224 2976 2280 videmus
3001 2242 3062 2282 ea
3101 2231 3308 2286 ratione
3351 2233 3576 2290 eradere
3614 2253 3730 2294 tne-

2147 2307 2330 2364 liores.
2355 2311 2494 2366 Mors
2515 2313 2654 2368 enim
2679 2314 2766 2369 ubi
2793 2317 3088 2388 advenerit,
3119 2323 3315 2379 alienat
3342 2342 3371 2380 a
3392 2341 3553 2383 sensu
3577 2347 3592 2384 :
3613 2330 3728 2386 hac

2146 2411 2322 2454 autem
2363 2402 2513 2457 vivos
2541 2404 2790 2461 meliores
2817 2407 3073 2465 efliciunt.
3111 2411 3262 2479 Quod
3305 2417 3348 2470 si
3393 2419 3600 2473 videtur
3643 2437 3730 2476 res

2147 2505 2266 2546 esse
2293 2494 2580 2560 terribilis,
2626 2496 2679 2552 id
2720 2498 2775 2552 lit
2802 2514 2866 2554 ex
2903 2501 3266 2561 imbecillitate
3295 2521 3478 2563 eorum
3517 2512 3605 2580 qui
3651 2514 3730 2568 sic

2146 2580 2317 2636 affecti
2343 2593 2486 2638 sunt.
2516 2586 2666 2653 Quod
2694 2589 2836 2644 enim
2881 2590 2966 2646 hic
2999 2603 3173 2648 metus
3211 2598 3278 2650 sit
3309 2599 3688 2657 imbecillitatis
3711 2645 3726 2669 ,

2144 2673 2266 2727 audi
2297 2674 2517 2730 Paulum
2548 2693 2665 2732 eam
2695 2688 2964 2749 optantem
2989 2725 3003 2746 ,
3044 2693 3099 2739 et
3134 2685 3204 2742 de
3242 2703 3304 2743 ea
3333 2688 3600 2746 lwtantem
3621 2735 3635 2754 .
3674 2705 3730 2749 ut

2145 2764 2358 2833 quando
2383 2766 2549 2822 dicit:
2581 2768 2814 2837 Ilesolvi,
2853 2782 2899 2826 et
2925 2789 3032 2827 esse
3055 2791 3169 2830 cum
3207 2778 3406 2833 Christo
3425 2821 3440 2847 ,
3471 2793 3541 2835 est
3570 2786 3728 2839 multo

2143 2855 2321 2910 melius
2347 2856 2616 2930 (Philipp.
2651 2863 2702 2916 1.
2732 2861 2840 2935 25)
2865 2880 2880 2931 ;
2912 2875 2967 2920 et
2997 2882 3200 2935 rursus,
3231 2868 3400 2925 Laetor
3427 2882 3478 2928 et
3503 2876 3727 2930 colla'tor

2141 2961 2256 3001 cum
2285 2948 2423 3004 vobis
2451 2951 2710 3020 omnibus;
2737 2955 2908 3011 itidem
2936 2975 3022 3013 vos
3059 2976 3253 3032 quoque
3267 2963 3516 3036 (pltctemiui
3544 2978 3588 3021 et
3617 2970 3726 3022 col-

2143 3043 2378 3099 laetemini
2419 3061 2614 3101 mecum
2652 3047 2825 3120 (Ibid.
2881 3053 2936 3106 2.
2987 3054 3074 3107 17.
3136 3055 3241 3127 18)
3277 3073 3291 3122 ;
3341 3057 3409 3114 de
3446 3061 3726 3118 contrariis

2141 3145 2315 3191 autem
2343 3137 2612 3195 dolentem
2647 3159 2661 3195 :
2696 3141 2819 3198 Non
2847 3145 3010 3198 solum
3045 3147 3210 3214 enim,
3256 3150 3461 3220 inquit,
3500 3155 3588 3207 sed
3627 3154 3726 3222 ipsi

2140 3229 2289 3284 etiam
2316 3231 2369 3284 in
2395 3233 2536 3288 nobis
2563 3234 2687 3302 ipsis
2715 3234 3082 3306 ingemiscimus
3103 3281 3119 3304 ,
3149 3240 3372 3307 ﬁliorum
3402 3243 3722 3312 adoptionem

2140 3330 2501 3388 exspectantes,
2534 3324 2875 3379 liberationem
2899 3329 3122 3397 corporis
3151 3333 3309 3384 nostri
3331 3331 3503 3403 (Rom.
3527 3334 3580 3388 8.
3597 3334 3721 3407 25);

2137 3420 2192 3465 et
2217 3426 2421 3478 rursus,
2451 3413 2550 3480 Qui
2572 3431 2750 3473 sumus
2776 3417 2828 3469 in
2857 3417 2952 3470 hoc
2977 3419 3299 3476 tabernaculo
3314 3463 3328 3487 ,
3352 3423 3724 3492 iugemiscimus

2136 3504 2331 3571 gravati
2359 3504 2435 3575 (2.
2462 3503 2579 3560 Cor.
2607 3507 2660 3562 5.
2691 3508 2785 3578 4).

2207 3595 2260 3649 5.
2284 3595 2486 3660 Quanta
2511 3615 2589 3654 res
2613 3608 2684 3654 est
2714 3601 3034 3672 philosophia
3053 3603 3347 3660 christiana.
3381 3607 3542 3663 Dolor
3565 3628 3664 3664 non
3691 3629 3721 3664 u

2135 3702 2293 3742 morte
2313 3727 2328 3754 ,
2363 3691 2452 3744 sed
2479 3707 2511 3744 a
2539 3694 2674 3747 mala
2697 3695 3019 3750 conscientia.
3047 3728 3116 3737 —
3144 3698 3332 3755 Vidisti
3363 3714 3618 3770 quantum
3649 3706 3719 3758 sit

2135 3779 2334 3834 bonum
2363 3781 2696 3851 phil050phia
2716 3784 2741 3836 ?
2761 3784 2890 3851 Quae
2910 3786 3029 3840 aliis
3053 3787 3302 3843 videntur
3324 3805 3444 3844 esse
3465 3792 3618 3861 digna
3643 3793 3720 3845 la-

2137 3871 2333 3939 crymis
2359 3911 2373 3933 ,
2417 3886 2480 3924 ea
2517 3871 2642 3926 huic
2676 3873 2919 3928 videntur
2956 3891 3076 3930 esse
3104 3879 3333 3946 optanda
3367 3898 3380 3934 :
3409 3890 3463 3935 et
3501 3892 3719 3951 propter

2135 3977 2255 4032 qua:
2279 3962 2370 4016 alii
2398 3977 2457 4017 se
2480 3963 2601 4032 jure
2630 3973 2815 4031 putant
2850 3965 3018 4019 laetari
3056 3977 3110 4021 et
3147 3969 3423 4038 voluptate
3460 3972 3601 4027 allici
3625 4013 3640 4038 ,
3673 3973 3718 4027 is

2137 4062 2357 4122 propter
2375 4067 2437 4107 ea
2459 4052 2726 4107 existimat
2741 4067 2860 4108 esse
2881 4056 3074 4109 merito
3097 4057 3574 4126 inge-miscendum.
3609 4066 3720 4117 An-

2137 4161 2243 4200 non
2288 4153 2370 4200 est
2413 4145 2603 4202 merito
2644 4145 3094 4216 ingemiscendum
3119 4189 3134 4214 ,
3164 4150 3306 4219 quod
3349 4151 3519 4207 simus
3549 4153 3600 4207 in
3633 4170 3720 4208 re-

2125 4240 2292 4310 gione
2329 4239 2500 4294 aliena
2525 4281 2540 4306 ,
2581 4249 2633 4295 et
2675 4239 2726 4294 in
2766 4249 2960 4295 terram
3002 4243 3185 4312 procul
3227 4260 3257 4298 a
3295 4246 3463 4314 patria
3491 4248 3717 4316 positam

2137 4335 2443 4389 amandati?
2478 4335 2668 4390 Annon
2710 4343 2793 4390 est
2828 4335 3060 4391 maxime
3107 4336 3431 4412 laetandum,
3479 4339 3618 4408 quod
3665 4342 3716 4395 in

2136 4426 2472 4498 tranquillum
2513 4437 2723 4498 portum
2765 4443 2886 4482 cum
2928 4427 3156 4482 maxima
3199 4429 3473 4486 celeritate
3502 4446 3716 4486 cursum

2137 4531 2410 4578 teneamus
2434 4562 2449 4585 ,
2487 4531 2541 4576 et
2569 4537 2852 4592 supernam
2876 4521 3145 4577 civitatem
3171 4522 3491 4593 recipiamus
3511 4566 3526 4590 ,
3558 4539 3586 4578 a
3613 4540 3714 4594 qua

2133 4613 2337 4684 aufugit
2379 4613 2551 4678 dolor,
2587 4612 2832 4668 molestia
2857 4653 2871 4676 ,
2901 4622 2955 4667 et
2996 4613 3267 4682 gemitus?
3296 4613 3364 4668 Et
3393 4614 3517 4685 quid
3558 4631 3678 4670 mea
3707 4658 3721 4681 ,

2134 4704 2375 4776 inquies,
2417 4703 2620 4768 refert,
2649 4704 2737 4773 qui
2783 4719 2900 4758 sum
2941 4705 3224 4773 peccator?
3253 4703 3415 4762 Vides
3450 4723 3555 4763 non
3595 4723 3715 4764 esse

2133 4807 2356 4852 mortem
2397 4813 2516 4866 quas
2549 4796 2790 4852 dolorem
2817 4796 3039 4865 afferat,
3072 4798 3165 4852 sed
3197 4800 3389 4856 malam
3427 4803 3711 4858 conscien-

2137 4888 2307 4942 tiam?
2350 4887 2540 4942 Desine
2578 4903 2706 4958 ergo
2748 4903 2970 4958 peccare
2993 4932 3006 4956 ,
3049 4900 3104 4944 et
3141 4891 3244 4946 erit
3286 4893 3380 4947 tibi
3416 4893 3713 4962 expetenda

2134 4994 2298 5032 mors.
2330 4977 2517 5032 Oculos
2554 4995 2689 5036 meos
2725 4995 2757 5032 a
2794 4979 3054 5050 lacrymis.
3085 4980 3269 5036 Merito
3307 4983 3378 5035 ita
3408 4984 3540 5036 dixit
3568 5001 3582 5037 :
3611 4997 3716 5037 non

2133 5078 2213 5125 est
2239 5070 2379 5124 enim
2400 5070 2506 5125 illic
2523 5069 2697 5136 dolor,
2719 5069 2952 5137 tristitia,
2983 5087 3080 5127 nec
3105 5072 3298 5126 luctus.
3323 5071 3390 5124 Et
3413 5073 3561 5139 pedes
3582 5090 3717 5126 uicos

2134 5178 2166 5215 a
2182 5161 2348 5232 lapsu.
2371 5160 2482 5216 Hoc
2497 5169 2578 5216 est
2598 5161 2769 5231 majus
2786 5163 2981 5230 priore.
3006 5157 3320 5230 Quomodo?
3341 5161 3491 5228 Quod
3519 5177 3624 5216 non
3647 5163 3716 5217 si-

2133 5268 2252 5308 mus
2274 5253 2444 5310 solum
2471 5250 2679 5305 liberati
2711 5268 2744 5306 a
2769 5252 2954 5308 dolore
2977 5293 2992 5316 ,
3021 5252 3112 5305 sed
3147 5253 3308 5306 etiam
3343 5266 3372 5304 a
3401 5251 3714 5320 supplanta-

2133 5345 2277 5401 tione
2303 5355 2356 5399 ct
2375 5345 2441 5399 ab
2467 5343 2691 5398 insidiis.
2719 5343 2834 5400 Stat
2855 5344 2996 5398 enim
3027 5357 3188 5410 super
3210 5351 3444 5413 petram,
3471 5341 3562 5412 qui
3590 5357 3712 5399 cum

2133 5444 2278 5495 recte
2314 5437 2465 5492 factis
2503 5435 2762 5490 recessit:
2795 5444 3004 5505 portum
3046 5433 3400 5502 apprehendit
3435 5452 3448 5489 :
3493 5434 3715 5504 impedi.

2132 5538 2308 5586 menta
2350 5527 2529 5584 omnia
2571 5527 2623 5579 in
2671 5535 2940 5595 posterum
2985 5523 3191 5580 sublata
3242 5535 3402 5592 sunt;
3451 5542 3714 5597 nusquam

2133 5623 2282 5680 turba
2303 5664 2317 5690 ,
2353 5636 2449 5676 nec
2481 5619 2735 5674 tumultus
2770 5633 2782 5670 :
2811 5617 2864 5671 in
2894 5617 3180 5687 tranquillo
3209 5626 3347 5674 statu
3381 5629 3557 5674 manet
3589 5635 3712 5690 per-
