4062 6208
513 254 619 312 519

510 392 672 450 petito
697 380 744 434 is
769 379 861 448 qui
889 379 968 434 sic
993 376 1306 434 excesserit.
1340 374 1562 432 Placebo
1589 392 1760 430 coram
1787 372 2008 428 Domino
2033 372 2089 428 in

502 469 707 537 regione
729 471 974 527 visorum.
1002 471 1186 534 Alius,
1218 470 1345 525 Ante
1373 469 1665 523 Dominum.
1695 469 1845 524 Alius
1863 509 1878 534 ,
1908 467 2088 520 Inam-

496 560 702 615 bulubo.
732 561 844 617 Hoc
865 563 1030 617 etiam
1055 562 1249 616 Paulus
1275 561 1507 616 ostendit
1533 560 1717 614 dicens
1748 578 1761 612 ;
1799 558 1862 613 Et
1889 577 1981 614 nos
2007 576 2089 612 ra-

499 656 704 722 pientur
727 653 780 706 in
805 653 1019 706 nubibus
1041 655 1094 706 in
1120 669 1380 706 occursum
1411 651 1615 705 Domini
1640 652 1693 704 in
1720 667 1907 713 aerem,
1941 661 1986 704 et
2016 651 2086 704 ita

499 760 697 813 semper
729 760 844 797 cum
883 743 1102 797 Domino
1138 744 1321 798 erimus
1351 744 1438 811 (1.
1473 740 1646 796 Thess.
1677 741 1729 794 ι.
1765 739 1890 808 16).
1922 739 2085 796 Recte

499 845 678 889 autem
715 834 846 888 dixit
867 876 882 900 ,
913 833 982 887 In
1009 836 1208 904 regione
1242 833 1524 886 ofventiunt.
1561 831 1648 883 Illa
1678 831 1820 884 enim
1849 839 1932 885 est
1961 845 2082 884 vera

500 926 642 991 vita,
670 941 702 980 a
733 936 904 980 morte
934 926 1134 989 libera,
1174 939 1292 992 quae
1335 923 1492 976 habet
1539 922 1673 974 bona
1714 937 1841 989 pura
1882 930 1936 976 ct
1975 935 2079 976 non

499 1021 684 1073 mixta.
719 1017 934 1083 Quando
967 1019 1110 1071 enim
1134 1057 1150 1080 ,
1178 1015 1380 1084 inquit,
1409 1001 1642 1068 deleret-it
1667 1029 1860 1066 carnem
1888 1012 2080 1080 princi-

497 1119 668 1178 patum
691 1147 705 1169 ,
737 1117 781 1160 et
811 1123 1006 1159 omnem
1037 1115 1328 1175 potestatem
1360 1121 1418 1157 ac
1447 1105 1674 1157 virtutem
1697 1145 1712 1168 ,
1743 1105 1945 1157 animus
1975 1102 2076 1155 ini-

494 1201 656 1253 micus
683 1198 925 1253 delabitur
951 1215 1084 1252 mors
1116 1198 1135 1267 (
1155 1199 1203 1252 1.
1236 1197 1354 1252 Cor.
1387 1197 1472 1252 15.
1499 1196 1589 1250 21.
1616 1195 1686 1250 26
1705 1194 1746 1265 ).
1783 1195 1874 1248 His
1897 1205 2074 1250 autem

1255 254 1310 311 S.
1349 253 1628 312 JOA'NNIS
1666 253 2139 311 CllllYSOSTOill
2180 255 2500 312 AlltlllEP.
2533 260 3064 322 CONSTANTINOP.

3671 274 3792 334 πῖθ’»

2198 369 2395 441 optima
2425 371 2650 430 docendi
2689 375 2845 442 ratio,
2895 393 2997 431 non
3043 379 3295 434 orationis
3323 383 3512 436 seriem
3561 400 3766 439 msrtu-

2193 461 2342 528 dere,
2375 479 2473 519 nec
2499 476 2647 535 parte
2673 478 2893 538 accepta
2919 471 2974 523 in
3000 486 3058 524 ea
3088 471 3378 540 immorari,
3423 474 3516 528 sed
3561 476 3629 529 ab
3666 480 3768 530 alto

2191 551 2388 608 dueere
2407 557 2683 610 exordium
2714 560 3051 613 narrationis.
3085 562 3156 616 De
3185 578 3412 633 quonam
3443 579 3571 634 ergo
3605 568 3767 621 disse-

2192 657 2314 696 rens
2345 644 2537 699 Paulus
2567 648 2808 701 meminit
2837 649 2991 720 hujus
3021 652 3165 704 vocis
3192 654 3556 721 prOphetiear?
3589 658 3662 712 De
3689 677 3770 712 re—

2189 735 2539 802 surrectioue,
2569 749 2620 792 et
2648 737 2942 793 futurorum
2972 741 3226 796 bonorum
3255 748 3617 814 perceptione,
3652 766 3770 816 qua:

2188 837 2398 878 clunem
2429 828 2708 895 rationem,
2739 843 3076 902 mentemque
3116 845 3168 888 ct
3196 836 3570 904 cogitationem
3601 855 3756 910 supc-

2186 925 2322 970 rant.
2355 919 2611 984 Quoniam
2641 936 2767 990 ergo
2797 923 2909 978 htec
2954 940 3164 980 omnem
3200 929 3521 996 superabant
3565 933 3760 985 oratio-

2184 1020 2326 1072 nem,
2357 1022 2454 1061 nec
2475 1023 2535 1062 ea
2559 1010 2825 1078 explicare
2851 1023 3074 1082 poterat,
3100 1015 3200 1070 ilde
3225 1027 3402 1070 autem
3424 1019 3491 1072 ad
3512 1034 3573 1074 ea
3600 1023 3762 1074 susci-

2182 1098 2373 1168 pieuda
2425 1115 2558 1170 opus
2601 1111 2684 1158 est
2715 1121 2728 1156 :
2761 1119 2826 1159 ne
2871 1091 3276 1162 conturbaretur
3298 1109 3534 1178 Judteus,
3589 1122 3640 1166 ct
3665 1128 3758 1169 ceu

2179 1203 2311 1242 vana
2339 1204 2432 1258 spe
2459 1190 2668 1246 inﬂatus
2694 1208 2752 1248 se
2777 1192 2936 1249 fuisse
2956 1196 3237 1266 deceptum
3256 1199 3606 1264 existimaret,
3641 1219 3756 1272 pro-

492 1292 682 1346 dclctis
705 1333 720 1356 ,
763 1292 893 1345 nihil
937 1300 1176 1346 remanet
1223 1291 1370 1344 triste
1413 1305 1513 1344 nec
1541 1287 1889 1358 injucundum
1917 1331 1931 1356 ,
1965 1287 2132 1344 non"
2179 1280 2392 1350 Ριιοίῖοο
2417 1281 2559 1335 diu"
2605 1285 2820 1354 οοῖτῖῧίι
2861 1287 2976 1354 eius
3004 1289 3434 1356 Ῐιηβνυάθηίῖτπην
3470 1307 3753 1361 Ιῖτοβοητο·

489 1400 615 1439 cura
634 1426 649 1450 ,
685 1401 788 1440 non
817 1385 1134 1451 sollicitudo,
1161 1401 1266 1440 non
1293 1385 1477 1440 labor:
1509 1394 1661 1439 erunt
1695 1385 1869 1452 itaque
1896 1383 2073 1438 omnia

487 1477 693 1542 la-titia,
715 1477 891 1530 omnia
922 1492 1040 1544 pax,
1067 1476 1244 1530 omnia
1273 1475 1464 1530 caritas
1495 1475 1532 1538 ι,
1561 1475 1739 1530 omnia
1772 1474 2070 1543 tranquilli-

491 1577 592 1633 tas,
620 1569 795 1622 omnia
822 1568 1108 1622 delectatio
1128 1609 1141 1630 ,
1171 1569 1346 1621 omnia
1377 1583 1499 1621 vera
1539 1576 1595 1620 et
1631 1567 1836 1622 sincera
1857 1607 1872 1631 ,
1900 1565 2068 1621 solida

487 1669 540 1711 et
567 1659 796 1712 stabilia.
821 1658 1008 1712 Nullus
1034 1666 1116 1711 est
1143 1658 1282 1710 enim
1314 1657 1421 1711 illic
1444 1655 1705 1724 ejusmodi
1734 1655 1933 1724 lapsus,
1961 1671 2067 1712 non

487 1748 562 1800 ira
580 1789 595 1808 ,
625 1763 730 1800 non
760 1747 970 1800 tristitia
993 1787 1009 1812 ,
1039 1762 1144 1800 non
1173 1761 1322 1799 amor
1351 1747 1616 1814 pecuniae,
1649 1760 1753 1800 non
1781 1761 2065 1814 corporum

485 1837 827 1900 desiderium,
852 1852 956 1890 non
981 1847 1284 1906 paupertas,
1316 1853 1418 1890 nun
1450 1836 1665 1897 divitiae,
1695 1852 1797 1890 non
1829 1836 2061 1901 iuiamia,

483 1944 590 1982 non
631 1927 828 1998 aliquid
869 1926 1010 1981 aliud
1051 1927 1332 1996 ejusmodi.
1376 1927 1520 1982 lianc
1561 1929 1736 1995 itaque
1781 1941 1878 1980 nos
1904 1927 2060 1980 vitam

481 2017 843 2072 desideremus
870 2027 923 2073 et
945 2033 1133 2072 omnes
1162 2017 1397 2074 actiones
1426 2026 1635 2072 nostras
1657 2033 1723 2074 eo
1747 2019 2059 2088 dirigamus.

481 2111 773 2180 Propterea
799 2114 936 2165 enim
967 2111 1212 2180 jubemur
1239 2111 1398 2164 etiam
1424 2111 1602 2166 dicere
1634 2111 1684 2164 in
1716 2112 2018 2178 precatione
2041 2151 2056 2176 ,

477 2202 722 2258 Adveniet
736 2220 942 2274 regnum
963 2214 1102 2257 tuum
1125 2202 1333 2271 (Matth.
1354 2210 1406 2259 6.
1433 2204 1545 2274 l0),
1568 2213 1623 2258 ut
1647 2205 1712 2258 ad
1740 2205 1886 2258 illum
1916 2205 2055 2260 diem

477 2309 690 2364 semper
717 2297 1080 2365 respiciamus.
1115 2297 1212 2363 Qui
1241 2296 1384 2352 enim
1417 2297 1508 2352 illo
1533 2312 1714 2351 amore
1744 2305 2056 2359 tenetur,-ct

475 2382 686 2440 illorum
717 2386 976 2440 bonorum
1005 2402 1098 2456 spe
1125 2388 1302 2452 alitur,
1338 2388 1496 2444 nullis
1525 2388 1678 2442 malis
1707 2389 2054 2457 prtcsentibus

473 2476 746 2542 obruitur,
790 2477 949 2530 nullis
991 2477 1148 2545 hujus
1189 2477 1371 2532 saeculi
1409 2479 1662 2560 aerumnis
1697 2479 2050 2548 deprimitur:

473 2564 565 2616 sed
612 2565 1056 2633 quemadmodum
1101 2567 1192 2634 qui
1241 2567 1306 2620 ad
1353 2567 1548 2636 regiam
1597 2567 1780 2622 urbem
1825 2577 2046 2622 conten-

468 2651 621 2717 dunt,
652 2653 797 2707 nullo
827 2654 964 2723 quod
997 2655 1052 2708 in
1081 2655 1269 2708 itinere
1295 2671 1352 2709 se
1380 2655 1566 2710 oil'crat
1594 2658 1909 2722 retinentur,
1942 2674 2048 2713 nan

470 2745 632 2812 pratis
657 2787 672 2810 ,
702 2761 806 2800 non
845 2746 1012 2801 hortis
1035 2787 1050 2810 ,
1092 2762 1196 2801 non
1234 2748 1455 2802 vallibus
1477 2789 1492 2813 ,
1529 2765 1634 2804 non
1662 2749 1888 2806 desertis
1907 2791 1926 2818 ,
1953 2751 2047 2806 sed

468 2846 812 2906 utrorumque
839 2837 1038 2891 nullam
1067 2841 1325 2893 rationem
1365 2839 1618 2894 ducentes
1636 2882 1650 2905 ,
1675 2841 1740 2894 ad
1769 2858 1928 2895 unum
1953 2857 2044 2896 so-

465 2927 572 2981 lum
599 2927 912 2998 respiciunt,
943 2944 1133 2998 nempe
1161 2929 1224 2984 ad
1246 2932 1469 3000 patriam
1495 2948 1614 3002 qutc
1638 2943 1719 2986 est
1743 2948 1838 2987 eos
1865 2947 2046 2988 susce-

463 3030 660 3089 ptura:
701 3021 771 3075 ita
813 3023 972 3075 etiam
1012 3023 1100 3092 qui
1139 3023 1376 3092 quotidie
1417 3024 1559 3078 illam
1599 3025 1698 3079 sibi
1749 3024 1952 3096 efﬁngit
1989 3034 2044 3081 et

457 3113 711 3182 exprimit
731 3113 998 3168 civitatem
1023 3153 1037 3177 .
1074 3125 1128 3169 et
1147 3114 1262 3184 ejus
1288 3114 1431 3170 fovet
1455 3115 1650 3186 alitque
1676 3117 1998 3174 desiderium
2019 3157 2038 3187 ,

459 3202 590 3258 nihil
627 3218 812 3259 eorum
838 3221 956 3274 qua:
985 3215 1109 3260 sunt
1133 3206 1331 3275 gravia.
1361 3222 1521 3277 grave
1547 3209 1906 3278 existimabit,
1940 3225 2040 3267 nec

457 3310 642 3350 eorum
670 3313 787 3364 qua:
816 3306 940 3351 sunt
962 3297 1194 3366 jucunda
1219 3307 1273 3354 et
1302 3299 1545 3366 illustria,
1571 3300 1863 3369 jucundum
1889 3312 1943 3358 et
1969 3303 2036 3357 il-

456 3385 643 3441 lustre.
669 3387 803 3454 Quid
830 3399 1006 3444 autem
1031 3388 1170 3453 dico,
1203 3407 1307 3444 non
1337 3393 1701 3447 existimabit?
1739 3393 1845 3448 lmo
1873 3411 1932 3450 ea
1968 3411 2034 3454 ne

456 3479 655 3534 videbit
683 3480 894 3549 quidem
921 3524 935 3545 ,
973 3491 1030 3536 ut
1058 3483 1146 3552 qui
1177 3484 1308 3538 alios
1338 3484 1525 3540 habeat
1560 3488 1739 3542 oculos
1759 3531 1774 3556 ,
1820 3501 1871 3542 et
1901 3491 2051 3564 tales

458 3570 641 3638 quales
671 3572 904 3642 prteeipit
940 3572 1134 3627 Paulus
1162 3574 1344 3629 dicens
1385 3593 1399 3629 :
1438 3576 1561 3631 Non
1603 3581 2033 3636 considerantibus

451 3662 592 3737 nobis
627 3679 740 3734 quas
774 3664 1024 3730 videntur,
1063 3668 1153 3720 sed
1189 3685 1301 3740 qua:
1337 3686 1438 3724 non
1478 3670 1739 3738 ridentur;
1766 3691 1877 3741 qua:
1898 3676 2030 3729 enim

451 3756 712 3823 uidentur,
747 3760 1042 3826 (corporalia
1079 3771 1234 3816 sunt:
1270 3779 1384 3830 qua:
1423 3773 1587 3817 autent
1624 3782 1722 3818 non
1767 3767 2026 3835 uidentur,

449 3860 634 3903 wterna
657 3850 674 3917 (
695 3850 748 3904 2.
773 3850 890 3905 Cor.
917 3853 972 3907 4.
999 3854 1122 3921 18).
1159 3853 1339 3910 Vidisti
1367 3857 1635 3925 quomodo
1659 3858 1792 3912 viam
1823 3861 1921 3914 alia
1945 3861 2028 3915 di-

447 3941 624 3996 ctione
663 3942 997 3998 ostenderit?
1041 3945 1130 3999 Illa
1173 3961 1303 4016 ergo
1345 3950 1747 4018 au'tplectamur,
1783 3963 1836 4006 ut
1865 3955 2024 4008 etiam

447 4046 816 4102 assequamur,
838 4043 893 4090 et
915 4036 1019 4090 vita
1049 4037 1116 4090 ab
1141 4041 1283 4093 muni
1313 4041 1525 4096 interitu
1551 4043 1723 4098 aliena
1749 4044 2022 4102 fruamur:

446 4137 603 4192 quam
627 4124 782 4180 detur
808 4127 1054 4182 omnibus
1079 4128 1232 4183 nobis
1269 4133 1522 4200 consequi
1547 4173 1562 4198 ,
1591 4135 1759 4203 gratia
1787 4146 1839 4190 ct
1869 4137 2024 4192 beni-

444 4216 641 4282 gnitate
669 4217 877 4273 Domini
905 4219 1072 4274 nostri
1091 4218 1216 4274 Jcsu
1233 4219 1450 4288 Christi,
1476 4227 1556 4277 cui
1585 4226 1747 4294 gloria
1767 4237 1820 4282 et
1847 4238 2024 4296 poten-

447 4305 536 4364 eia.
571 4321 711 4360 nunc
741 4315 792 4360 et
821 4323 1055 4377 semiper,
1085 4317 1138 4362 et
1161 4309 1214 4362 in
1242 4312 1432 4365 saecula
1461 4315 1798 4372 surculorum.
1830 4320 2018 4376 Amen.

925 4476 994 4532 IN
1030 4476 1152 4532 PSA
1161 4477 1351 4534 LMUM
1387 4479 1548 4536 CXV.

448 4585 500 4638 1.
527 4585 736 4642 Credidi
762 4598 965 4659 propter
991 4590 1129 4658 quod
1151 4590 1383 4658 loquutus
1407 4610 1522 4646 sunt
1550 4612 1570 4648 :
1597 4611 1687 4664 ego
1723 4605 1889 4652 autent
1921 4599 2021 4654 ltu-

969 4681 1188 4734 nu'liatus
1213 4699 1323 4735 sum
1341 4683 1508 4736 nimis.

520 4788 570 4841 1.
603 4788 772 4856 liuius
801 4788 930 4845 dicti
968 4791 1157 4848 beatus
1196 4795 1386 4850 Paulus
1413 4798 1737 4855 molitionem
1775 4801 2018 4876 faciens,

444 4877 618 4934 dicit:
661 4879 916 4936 Habentes
959 4895 1125 4937 autem
1169 4886 1396 4942 eumdem
1445 4891 1695 4958 Spiritum
1738 4896 1858 4961 ﬁdei
1891 4899 2022 4952 sicut

445 4974 684 5042 scriptum
721 4985 789 5028 est
818 4990 836 5028 :
865 4972 1070 5030 Credidi
1108 4989 1312 5048 propter
1353 4982 1486 5050 quod
1523 4984 1757 5053 loquutus
1794 5006 1902 5041 sunt
1931 5007 1950 5044 :
1975 5002 2021 5046 et

445 5079 536 5117 nos
563 5066 830 5130 creditum,
861 5077 1068 5137 propter
1092 5071 1227 5138 quod
1249 5081 1297 5126 et
1320 5073 1679 5147 loquimur-(2.
1702 5077 1820 5133 Cor.
1845 5082 1900 5135 1.
1930 5083 2014 5138 13.

445 5154 570 5227 14).
605 5156 830 5214 Necesse
857 5169 935 5214 est
963 5174 1096 5230 ergo
1131 5162 1356 5230 primum
1399 5166 1610 5232 dicere,
1647 5173 1912 5239 quomodo
1954 5191 2018 5228 eo

443 5260 569 5300 usus
593 5257 676 5302 est
702 5252 996 5322 Apostolus
1015 5296 1030 5320 ,
1053 5260 1106 5306 et
1125 5251 1204 5307 de
1227 5269 1458 5323 quonam
1483 5271 1664 5314 sermo
1691 5272 1834 5317 esset
1857 5263 1923 5319 ab
1951 5282 2017 5321 eo

441 5335 733 5394 institutus.
761 5342 837 5395 Ita
865 5344 1006 5397 enim
1029 5358 1101 5398 eo
1121 5357 1512 5416 cognoscemus
1534 5389 1550 5414 ,
1589 5352 1713 5421 quid
1752 5355 1848 5410 sibi
1889 5357 2017 5412 uelit

443 5429 719 5498 propinet.
1023 5441 1028 5446 '

515 5517 763 5574 Famula
787 5521 1004 5578 docendi
1037 5527 1244 5595 optima.
1271 5557 1346 5568 —-
1371 5529 1581 5600 Alioqui
1612 5549 1739 5589 vero
1787 5536 1898 5591 lucc
1929 5548 2017 5594 est

505 5669 606 5740 tum
633 5669 748 5740 edit.
788 5673 949 5740 Morel.
992 5677 1083 5726 hoc
1102 5677 1262 5734 deest.
1287 5682 1445 5731 omnia
1464 5683 1658 5736 caritas.
1694 5688 1783 5738 Sed
1810 5688 2014 5740 habetur

441 5727 493 5779 in
517 5732 631 5785 Mss.
646 5737 697 5780 ct
721 5732 768 5779 in
782 5733 940 5800 εδει-11η
963 5744 1110 5804 atque
1133 5742 1198 5791 ita
1221 5727 1619 5809 t'égi't'iiéiiéuié'.

2177 1369 2301 1424 dum
2329 1371 2510 1426 dicens
2537 1391 2548 1426 :
2574 1372 2686 1427 Non
2713 1390 2822 1428 rem
2846 1377 3070 1446 aliquam
3097 1395 3285 1432 novam
3309 1382 3543 1450 requiro,
3579 1383 3752 1448 fidem,

2175 1461 2268 1515 sed
2302 1473 2452 1516 vetus
2498 1464 2712 1517 bonum.
2768 1465 2974 1520 Etenim
3018 1469 3094 1523 sic
3137 1469 3345 1538 quidem
3376 1471 3606 1538 Paulus;
3639 1487 3762 1542 pro-

2175 1552 2367 1620 pheta‘
2417 1563 2613 1619 autem,
2670 1571 2791 1610 cum
2832 1557 2944 1626 ipse
2978 1573 3191 1626 quoque
3231 1567 3374 1614 esset
3404 1562 3758 1630 prtedicturus.

2172 1641 2311 1700 bona
2343 1647 2585 1715 qmedam
2612 1659 2868 1703 eventura
2899 1649 3116 1717 Judzris,
3144 1667 3261 1720 quin
3299 1657 3621 1724 superabant
3659 1655 3752 1712 hu-

2171 1753 2386 1791 manum
2419 1755 2592 1792 rerum
2622 1741 2884 1806 ordinem,
2918 1757 2986 1797 ne
3029 1743 3145 1812 quis
3171 1756 3350 1813 posset
3378 1747 3456 1800 eis
3485 1748 3641 1802 tidem
3669 1749 3751 1804 dc-

2168 1845 2378 1899 rogare,
2411 1831 2479 1884 ita
2508 1831 2772 1888 Psalmum
2793 1835 3026 1903 incepit,
3047 1835 3231 1891 dicens
3262 1855 3274 1890 :
3301 1836 3521 1904 Credidi,
3551 1853 3752 1910 propter

2166 1921 2300 1989 quod
2323 1931 2367 1974 et
2398 1921 2632 1990 loquutus
2668 1940 2798 1978 sunt.
2828 1925 3087 1992 Quoniam
3119 1927 3259 1980 enim
3308 1930 3573 1996 perierant
3601 1933 3756 1988 Jeru-

2165 2012 2395 2082 Solyma,
2428 2013 2786 2084 templumque
2833 2014 3004 2069 fuerat
3035 2031 3278 2072 eversum
3315 2027 3371 2074 et
3406 2021 3664 2089 dirutum,
3695 2035 3745 2080 et

2163 2120 2350 2159 Omnes
2399 2107 2595 2176 captivi
2635 2115 2691 2161 et
2719 2108 2882 2162 vineti
2913 2109 3124 2164 abducti
3175 2110 3380 2166 fuerant
3426 2115 3477 2168 in
3515 2115 3740 2171 alienam

2163 2195 2454 2263 regionem,
2487 2195 2693 2250 barbari
2722 2205 2896 2252 autem
2922 2213 3019 2268 pro
3047 2200 3149 2254 illis
3178 2209 3372 2255 terram
3401 2219 3590 2258 eorum
3617 2224 3740 2276 pos-

2161 2286 2424 2352 sidebant,
2456 2297 2508 2341 ct
2535 2288 2714 2342 vineas
2741 2289 2999 2358 plautarc,
3031 2291 3219 2347 domos
3240 2293 3524 2362 aedificare,
3552 2309 3604 2351 et
3633 2315 3742 2351 ma-

2160 2378 2406 2432 trimonia
2458 2380 2774 2435 contrahere
2812 2381 2944 2450 jttssi
2989 2384 3196 2435 fuerant
3237 2384 3396 2440 :hzrc
3449 2387 3740 2444 alit-rebant

2155 2466 2354 2523 Jutl.ris
2393 2468 2838 2538 desperationem,
2887 2479 2940 2526 et
2969 2471 3219 2542 deinceps
3260 2477 3397 2545 apud
3443 2493 3503 2534 se
3541 2483 3740 2551 cogita-

2155 2556 2281 2611 bant
2312 2574 2324 2610 :
2357 2557 2413 2614 Si
2463 2574 2584 2613 cum
2633 2557 2948 2615 haberemus
2992 2563 3280 2632 civitatem,
3329 2582 3499 2634 arma,
3558 2585 3730 2637 arces,

2154 2651 2390 2718 pecuuite
2418 2651 2622 2720 capiam
2657 2659 2876 2717 tantam,
2923 2654 3198 2724 templum,
3228 2657 3416 2723 altare,
3448 2663 3650 2717 cultum
3681 2675 3731 2720 et

2152 2740 2501 2802 ccremonias.
2535 2750 2692 2810 atque
2716 2742 2873 2796 aliam
2905 2757 3118 2800 omnem
3147 2747 3418 2818 religionis
3446 2753 3732 2810 institutio-

2151 2843 2298 2895 nem,
2325 2831 2501 2884 traditi
2543 2840 2595 2886 et
2625 2832 2676 2885 in
2707 2833 3016 2890 servitutem
3043 2845 3200 2906 atque
3238 2841 3598 2908 captivitatem
3637 2847 3727 2901 ab-

2141 2918 2290 2982 ducti
2332 2934 2516 2974 sumus
2544 2938 2557 2972 :
2587 2936 2726 2975 nunc
2769 2937 2890 2977 cum
2925 2925 2977 2978 in
3003 2925 3171 2980 aliena
3212 2929 3428 2998 regione
3453 2932 3724 3003 degamus,

2147 3018 2201 3064 et
2229 3011 2474 3065 omnibus
2513 3011 2746 3080 spoliati,
2789 3013 2916 3068 nudi
2954 3025 3008 3070 et
3055 3018 3193 3071 servi
3236 3020 3426 3086 simus,
3463 3028 3745 3092 quomodo

2147 3103 2437 3172 poterimus
2472 3114 2708 3158 nostram
2738 3106 2976 3176 recipere
3015 3109 3280 3177 patriam?
3313 3113 3574 3178 Quoniam
3601 3134 3724 3188 ergo

2143 3197 2297 3250 multi
2348 3198 2436 3251 ex'
2460 3197 2894 3254 imbecillioribus
2939 3199 3056 3256 haec
3091 3212 3400 3272 reputantes
3430 3210 3718 3264 conturba-

2141 3286 2352 3350 bantur,
2401 3295 2453 3342 et
2495 3302 2598 3340 non
2645 3288 2987 3344 attendebant
3029 3292 3322 3361 prophetis,
3351 3296 3438 3364 qui
3468 3299 3724 3366 pra-dicc-

2137 3377 2265 3432 bant
2312 3377 2583 3432 reditum:
2617 3390 2899 3448 propterea
2949 3381 3026 3435 sic
3066 3382 3217 3448 dixit,
3271 3399 3337 3438 ex
3383 3399 3450 3439 eo
3477 3390 3720 3445 omnibus

2138 3469 2422 3524 ostendens
2452 3485 2584 3538 Opus
2620 3485 2739 3525 esse
2771 3471 2870 3525 fide
2901 3473 2964 3525 ad
2995 3489 3079 3540 ea,
3110 3489 3231 3544 quae
3259 3474 3514 3533 dicuntur
3536 3496 3566 3534 a
3591 3482 3714 3536 Deo.

2138 3559 2246 3614 Eos
2281 3570 2456 3614 autem
2511 3561 2597 3613 alii
2651 3576 2862 3631 quoque
2911 3564 3068 3618 aliter
3105 3565 3468 3636 alloquuntur,
3529 3588 3715 3642 quem-

2135 3651 2418 3704 admodum
2450 3650 2608 3705 Isaias
2653 3652 2730 3706 sic
2758 3652 2940 3708 dicens
2969 3672 2982 3707 :
3019 3654 3270 3726 Respicite
3290 3661 3360 3712 ad
3385 3663 3606 3718 solidam
3628 3683 3715 3735 ρι-

2135 3749 2263 3794 tram
2298 3758 2359 3796 ea:
2381 3759 2478 3813 qua
2509 3743 2662 3797 excisi
2685 3745 2802 3797 estis
2837 3744 2932 3814 (α),
2961 3755 3007 3799 et
3029 3747 3098 3800 ad
3121 3750 3309 3819 fossam
3339 3751 3504 3818 lacus,
3536 3772 3600 3809 ea:
3618 3773 3714 3826 quo

2132 3835 2306 3900 eITossi
2330 3837 2447 3888 estis
2476 3833 2626 3906 (lsai.
2653 3836 2737 3890 51.
2766 3837 2841 3906 1).
2873 3837 2936 3891 Et
2963 3853 3144 3893 rursus
3163 3859 3177 3894 :
3195 3841 3444 3912 Respicite
3465 3847 3534 3899 ad
3557 3849 3714 3902 Abra-

2132 3927 2249 3978 ham
2277 3935 2470 3994 patrem
2510 3936 2746 3992 vestrum,
2803 3938 2847 3981 et
2895 3929 2962 3981 ad
2998 3929 3208 3984 Sarram
3237 3949 3351 4003 quae
3391 3951 3480 3989 vos
3522 3941 3710 4007 peperit

2129 4019 2264 4088 quod
2290 4035 2418 4072 unus
2461 4027 2584 4082 erat,
2627 4028 2673 4072 et
2701 4021 2870 4072 vocavi
2895 4021 3081 4087 ipsum,
3111 4032 3158 4076 et
3181 4025 3493 4094 sanetiﬁcavi
3521 4031 3708 4100 ipsum,

2129 4119 2177 4161 et
2204 4109 2532 4178 multiplicari
2575 4111 2740 4180 ipsum
2783 4110 2942 4180 (Ibid.
2973 4129 3020 4166 υ.
3049 4113 3126 4180 ‘2).
3157 4113 3306 4181 Quod
3335 4127 3514 4172 autem
3557 4122 3706 4187 dicit,

2128 4211 2209 4254 est
2235 4199 2493 4269 ejusmodi
2523 4217 2535 4254 :
2559 4199 2748 4256 Nonne
2775 4210 2890 4256 erat
2912 4203 3179 4258 Abraham
3211 4206 3505 4265 barbarus?
3533 4229 3708 4270 nonne

2127 4292 2338 4346 carebat
2354 4291 2556 4357 liberis,
2575 4304 2630 4347 et
2645 4293 2752 4362 jam
2775 4303 2928 4347 aetate
2951 4297 3319 4364 processerat?
3349 4315 3527 4358 nonne
3550 4305 3708 4359 habe-

2125 4379 2216 4435 bat
2246 4395 2485 4445 uxorem,
2513 4397 2631 4450 quae
2656 4392 2709 4436 ct
2735 4391 2956 4452 propter
2974 4393 3205 4450 tetatmn,
3239 4394 3294 4442 et
3320 4403 3537 4460 propter
3557 4403 3707 4449 natu-

2124 4487 2237 4528 ram
2253 4481 2366 4527 erat
2381 4473 2501 4528 ﬁliis
2520 4475 2860 4542 procreandis
2877 4475 3111 4531 inutilis?
3125 4493 3300 4533 annon
3318 4493 3474 4537 erant
3489 4501 3578 4541 res
3593 4489 3707 4553 ejus

2123 4566 2340 4620 omnino
2355 4564 2676 4634 desperatae?
2690 4566 2823 4633 Quid
2836 4568 2989 4635 ergo?
3000 4583 3175 4623 annon
3191 4585 3256 4624 ex
3272 4588 3376 4628 uno
3393 4575 3511 4631 sine
3529 4578 3708 4634 liberis

2122 4665 2178 4712 et
2193 4665 2453 4726 provectae
2473 4658 2644 4712 relatis
2665 4658 2874 4727 implevi
2895 4659 3075 4713 orbem
3089 4663 3274 4716 terrze?
3293 4664 3429 4732 Quid
3441 4683 3570 4740 ergo
3585 4687 3706 4726 con-

2123 4748 2447 4803 turbamini?
2471 4747 2528 4802 Si
2556 4749 2696 4802 enim
2720 4764 2784 4802 ex
2815 4763 2922 4802 uno
2944 4751 3090 4819 potui
3119 4752 3341 4822 implere
3369 4758 3560 4814 orbem
3593 4772 3706 4818 ter-

2121 4856 2195 4896 ra:
2215 4857 2228 4894 :
2247 4840 2413 4895 multo
2431 4841 2599 4910 magis
2623 4856 2686 4895 ex
2711 4840 2863 4895 vobis
2887 4843 3068 4910 paucis
3092 4844 3324 4914 implebo
3342 4848 3704 4926 Jerosolyma.

2185 4955 2201 4986 ί
2238 4952 2378 5004 Sari].
2405 4955 2454 5002 in
2470 4955 2692 5020 margine
2713 4953 2979 5020 pleniorem
3005 4956 3146 5020 affert
3168 4957 3432 5010 lectionem
3457 4967 3563 5016 sic:
3593 4977 3708 5020 Pro-

2117 5015 2566 5091 παιαῖιῆιρς,
2585 5015 2683 5091 Ἠυξ
2705 5015 3120 5091 ἀπερρίφη.
3139 5021 3238 5090 ,δον
3264 5023 3314 5091 8)
3329 5036 3350 5091 γε
3384 5040 3408 5068 ι
3447 5015 3643 5080 Incerto
3664 5015 3708 5081 ἔτι

2115 5076 2302 5130 occulta
2322 5076 2569 5140 sapientiae
2590 5076 2686 5128 tua:
2701 5076 3012 5140 utanifestasti
3032 5079 3167 5140 mitti,
3179 5099 3200 5127 ν)
3217 5076 3448 5146 qut'tatua
3469 5076 3707 5152 εαρίέτῖιὶἦ

2117 5139 2284 5189 plenus
2305 5145 2425 5189 erat.
2449 5151 2577 5189 etuu.
2604 5145 2698 5188 etc.

2231 5153 2284 5189 us
2305 5145 2425 5195 erat,
2449 5151 2577 5195 611111,
2604 5145 2698 5188 9.1.0.

2117 5153 2284 5204 ptentts
2305 5153 2425 5195 erat,
2449 5153 2577 5198 own,
2604 5153 2698 5188 8L0.

2117 5267 2146 5274 _
2163 5198 2254 5274 te)
2269 5199 2374 5274 ιθιξι
2385 5199 2625 5274 eritis!“
2643 5199 2758 5274 locis
2774 5200 2978 5274 νωίοξυξ
2988 5202 3369 5274 enim.th
3387 5221 3530 5260 usum
3558 5213 3706 5262 ruis.-

2115 5259 2330 5326 Editione
2350 5267 2462 5326 Lttx
2478 5261 2536 5326 ad
2559 5259 2878 5326 Hesaplarem
2894 5259 3116 5326 origeuis
3133 5266 3394 5316 Fditionem
3415 5259 3699 5325 erotundata}

2114 5323 2162 5372 id
2185 5323 2311 5385 quod
2333 5323 2498 5388 etiam
2516 5321 2607 5388 hoc
2639 5321 2746 5388 loco
2776 5323 2852 5372 bis
2880 5321 3281 5386 deprehenditur.
3323 5335 3436 5378 Nam
3478 5321 3704 5388 animi}

2117 5382 2217 5449 qud
2235 5382 2387 5435 excisi
2409 5383 2524 5436 estis
2548 5387 2690 5454 (ἑξῆς
2712 5382 3171 5454 eummissum
3187 5382 3714 5454 Ἰδεοάοιίοηίεέὲίρὶ

2118 5458 2239 5518 vera
2258 5458 2593 5518 germanaeque
2620 5449 2769 5497 lectio
2793 5449 2891 5518 es_t._
2902 5465 2996 5518 tot}
3014 5463 3181 5518 autem
3206 5453 3414 5518 ilebrea
3431 5449 3710 5518 verterant,

2115 5510 2174 5566 ἢν
2200 5509 2718 5580 ἐλατομὴςτατελφιᾳηι
2747 5510 3017 5580 excidisti}.
3049 5513 3228 5580 Verum
3257 5516 3340 5564 hic
3370 5518 3557 5577 passivi
3590 5509 3714 5571 seu-'-

2113 5572 2511 5639 susrequiritur.
2536 5570 2880 5639 §imiliterque
2911 5573 3053 5635 infra,
3087 5575 3169 5625 ubi
3195 5570 3520 5639 septuaginta
3547 5570 3713 5634 Inter-

2116 5631 2587 5708 prefte‘sg‘hanbentﬁs
2611 5631 2818 5708 ὠρύξαγὲ
2847 5631 3047 5708 [βυρριέ
3073 5631 3306 5708 essunt],
3337 5631 3538 5701 {decem
3560 5631 3711 5708 quam

2116 5690 2327 5767 fodinis.
2353 5690 2732 5769 Chrvsostomus
2760 5690 2900 5759 legit,
2917 5690 3044 5769 ἕξίοῦ
3066 5690 3404 5761 ὧρύχθηιὲἑ,ἓ.τ
3423 5690 3714 5769 attegias};

2117 5758 2250 5822 cstis,
2273 5775 2422 5822 quem
2447 5763 2774 5828 signiﬁcatum
2802 5758 3014 5830 requirit
3035 5758 3126 5820 vos
3152 5758 3386 5836 Hebraea,
3413 5758 3628 5830 D1135:-
