4062 6208
321 303 428 362 ἷλἸθ

335 414 568 474 ἐντεῦθεν
617 415 997 486 ἀναχωρήσας.
1046 416 1448 487 Εὑαρεστήσω
1483 417 1739 472 ἐνώπιον
1772 421 1886 471 Ku-

331 503 456 571 ρίου
477 499 548 551 ἐν
574 496 735 565 χώρᾳ
775 497 1024 559 ζώντων.
1059 491 1280 572 ’Έτερος
1295 541 1309 563 ,
1349 503 1734 570 Ἐμπροσθεν
1769 504 1889 554 Κυ-

331 585 475 653 ρίου.
501 581 712 644 Ἄλλος,
758 582 1264 650 Ἐμπεριπατήσω.
1298 583 1465 637 Τοῦτο
1503 585 1598 637 καὶ
1629 587 1658 636 ὁ
1683 583 1892 644 Παῦλος

336 665 557 720 δείκνυσι
589 663 789 730 λέγων’
815 665 924 717 Καὶ
954 666 1126 734 ἡμεῖς
1149 667 1610 735 ἁρπαγησόμεθα
1625 667 1697 721 ἐν
1723 667 1892 736 νεφέ-

333 753 461 814 λαις
485 750 569 812 είς
592 745 936 814 ἀπάντησιν
961 748 1067 802 τοῦ
1085 749 1304 815 Κυρίου
1328 752 1414 815 είς
1431 748 1599 817 άέρα,
1616 749 1712 802 καί
1740 749 1891 803 οὕτω

337 831 576 886 πάντοτε
596 829 719 882 σὺν
735 831 930 896 Κυρίῳ
953 830 1227 898 ἐσόμεθα.
1261 831 1368 884 Καὶ
1393 831 1572 894 καλῶς
1595 828 1766 895 εἶπεν,
1797 833 1892 885 Ἐν

332 913 482 983 χώρᾳ
509 910 748 972 ζώντων.
782 910 992 982 Ἐκείνη
1024 912 1318 984 γὰρδντως
1344 913 1476 984 ζωὴ,
1499 914 1888 986 ἀπηλλαγμένη

333 996 573 1056 θανάτου,
604 993 780 1064 ἀμιγῆ
822 994 892 1046 τὰ
924 995 1106 1063 ἀγαθά
1137 997 1354 1066 ἔχουσα.
1380 997 1568 1050 Ὅταν
1598 997 1890 1068 καταργή-

330 1094 426 1147 σῃ,
460 1078 608 1148 φησὶ,
638 1075 848 1131 πᾶσαν
881 1078 1100 1147 ἀρχὴν,
1124 1078 1222 1132 καὶ
1255 1077 1462 1134 πᾶσαν
1481 1079 1771 1144 ἐξουσίαν
1792 1080 1892 1135 καὶ

327 1162 591 1230 δύναμιν,
614 1157 876 1228 ἔσχατος
901 1160 1117 1229 ἐχθρὸς
1145 1161 1517 1233 καταργεῖται
1547 1165 1580 1216 ό
1615 1162 1888 1228 θάνατος.

327 1243 533 1298 Τούτων
568 1242 628 1295 δὲ
665 1243 1140 1314 καταργηθέντων,
1174 1244 1326 1298 οὐδὲν
1357 1245 1466 1299 τῶν
1511 1245 1768 1318 λυπηρῶν
1798 1247 1894 1318 μέ-

321 1345 420 1391 νει,
455 1326 512 1379 οὑ
549 1325 790 1395 φροντὶς,
817 1325 880 1378 οὑ
915 1325 1077 1391 πόνος
1095 1343 1108 1357 ·
1141 1325 1283 1381 ὥστε
1302 1328 1491 1391 ,πάντα
1521 1328 1688 1404 χαρὰ,
1717 1329 1894 1384 πάντα

321 1413 525 1482 εἰρήνη,
559 1409 736 1463 πάντα
779 1409 968 1480 ἀγάπη
995 1423 1044 1475 ι,
1080 1411 1258 1465 πάντα
1295 1412 1547 1483 εὐθυμία,
1589 1415 1684 1467 καὶ
1715 1413 1892 1467 πάντα

323 1494 644 1567 εὐφροσύνη,
667 1493 843 1548 πάντα
867 1492 1042 1565 ἀληθῆ
1063 1496 1157 1547 καὶ
1178 1495 1442 1568 εἰλικρινῆ
1464 1497 1557 1552 καὶ
1579 1500 1886 1569 πεπηγότα·

321 1577 465 1632 οὐδὲν
491 1577 599 1647 γάρ
643 1579 793 1630 ἐστιν
823 1577 940 1630 ἐκεῖ
975 1577 1084 1632 τῶν
1109 1578 1365 1632 τοιούτων
1396 1580 1791 1651 ὀλισθημάτων,
1827 1582 1888 1636 ού

321 1660 506 1730 θυμὸς,
547 1660 606 1713 ού
642 1659 822 1730 λύπη,
865 1659 926 1712 οὑ
960 1661 1259 1732 χρημάτων
1306 1661 1474 1734 ἔρως,
1520 1665 1580 1716 ού
1624 1665 1892 1735 σωμάτων

325 1743 496 1807 πόθος,
533 1743 594 1796 οὑ
649 1743 827 1805 πενία,
867 1743 928 1795 οὑ
965 1742 1213 1809 πλοῦτος,
1245 1744 1342 1797 οὑκ
1382 1746 1596 1816 ἀτιμία,
1636 1747 1737 1800 οὑκ
1765 1747 1893 1801 ἄλλο

330 1827 422 1880 τῶν
455 1825 710 1880 τοιούτων
761 1825 933 1880 οὑδέν.
977 1825 1194 1897 Ταύτης
1221 1827 1396 1880 τοίνυν
1432 1829 1526 1881 καὶ
1568 1831 1727 1899 ἡμεῖς
1773 1831 1893 1883 ἐπι-

323 1910 574 1982 θυμῶμεν
600 1911 703 1982 τῆς
741 1906 905 1980 ζωῆς,
943 1909 1040 1964 καὶ
1073 1911 1249 1964 πάντα
1279 1910 1416 1982 πρὸς
1453 1910 1611 1964 τοῦτο
1638 1912 1892 1984 πράττω-

327 2013 438 2065 μεν.
466 1994 561 2047 Διά
579 1993 693 2064 γὰρ
717 1993 874 2046 τοῦτο
901 1993 994 2046 καὶ
1012 1994 1070 2047 ἐν
1091 1995 1155 2064 τῇ
1181 1994 1310 2064 εὑχῇ
1335 1994 1670 2066 κελευόμεθα
1688 1995 1890 2064 λέγειν,

333 2077 573 2132 Ἔλθέτω
595 2077 638 2144 ἡ
665 2075 952 2140 ,βασιλεία
979 2092 1114 2141 σου,
1135 2077 1222 2129 ἵνα
1250 2076 1338 2128 ἀεὶ
1372 2077 1504 2148 πρὸς
1533 2077 1745 2150 ἐκείνην
1775 2077 1894 2148 βλέ-

323 2177 502 2228 πωμεν
545 2159 651 2230 τὴν
687 2159 918 2230 ἡμέραν.
967 2158 1024 2212 '0
1076 2158 1185 2228 γὰρ
1219 2159 1410 2230 ἐκείνῳ
1450 2159 1525 2230 τῷ
1558 2159 1720 2232 ἔρωτι
1758 2179 1893 2215 κατ·

310 2242 584 2312 -εχόμενος,
611 2243 714 2298 καὶ
768 2244 888 2305 ταῖς
933 2242 1112 2295 ἐλπίσι
1139 2243 1258 2296 τῶν
1303 2242 1522 2311 ἀγαθῶν
1564 2243 1893 2315 τρεφόμενος

317 2325 567 2390 ἐκείνων,
613 2323 798 2378 οὐδενέ
841 2324 953 2377 τῶν
1000 2325 1282 2396 παρόντων
1323 2324 1642 2395 βαπτίζεται
1683 2326 1892 2390 δεινῶν,

319 2407 406 2460 ὑπ’
429 2408 642 2474 οὐδενὸς
673 2407 784 2461 τῶν
811 2407 1042 2460 ἐνταῦθα
1067 2407 1389 2461 καθέλκεται
1414 2409 1440 2447 δ
1463 2408 1721 2478 λυπηρῶν
1740 2427 1754 2439 ·
1780 2409 1893 2462 ἀλλ’

313 2494 497 2565 ὥσπερ
529 2496 579 2547 οί
611 2493 758 2564 πρὸς
785 2493 938 2546 πόλιν
970 2492 1252 2566 βασιλικὴν
1274 2493 1549 2556 ὁδεύοντες
1578 2495 1753 2547 οὐδενὶ
1788 2495 1896 2549 τῶν

319 2577 460 2648 παρὰ
479 2578 575 2648 τὴν
605 2577 732 2632 ὁδὸν
755 2577 1094 2646 κατέχονται,
1121 2576 1244 2630 οὔτε
1270 2577 1549 2647 λειμῶσιν,
1571 2576 1694 2630 οὔτε
1719 2595 1898 2649 παρα-

314 2661 520 2727 δείσοις,
555 2663 688 2716 οὔτε
723 2661 1014 2733 φάραγξιν,
1065 2660 1188 2715 οὔτε
1233 2661 1510 2732 ἐρημίαις,
1547 2660 1660 2713 ἀλλ’
1701 2661 1896 2716 ἐκατέ-

319 2763 422 2814 ρων
447 2757 468 2784 ε
511 2744 843 2816 ἀλογοῦντες
877 2746 1013 2816 πρὸς
1053 2746 1111 2798 ἓν
1151 2745 1321 2814 μόνον
1366 2745 1531 2816 ὁρῶσι
1560 2745 1656 2815 τὴν
1688 2745 1900 2808 ὲκδεξο-

319 2829 482 2900 μένην
511 2829 718 2893 αὑτοὺς
751 2825 984 2898 πατρίδα
1003 2845 1017 2858 ’
1046 2827 1189 2881 οὑτω
1212 2828 1302 2880 καὶ
1328 2827 1355 2877 6
1389 2821 1506 2880 καθ’
1534 2828 1770 2899 ἑκάστην
1799 2829 1896 2899 τὴν

307 2912 522 2984 ἡμέραν
559 2911 784 2982 ἐκείνην
828 2912 1182 2966 ἀναπλάττων
1232 2909 1411 2982 ἐαυτῷ
1455 2911 1549 2982 τὴν
1583 2911 1764 2974 πόλιν,
1804 2914 1896 2966 καὶ

315 2995 401 3050 τὸν
425 2995 586 3051 πόθον
623 2996 803 3066 αὐτῆς
830 2995 1065 3067 τρέφων,
1097 2996 1250 3050 οὐδὲν
1282 2997 1389 3050 τῶν
1417 2995 1605 3050 δεινῶν
1629 2998 1894 3068 ἡγήσεται

316 3079 501 3145 δεινὸν,
527 3081 654 3135 οὑδὲ
683 3079 792 3134 τῶν
817 3080 1058 3153 φαιδρῶν
1080 3081 1172 3134 καὶ
1209 3081 1524 3152 περιφανῶν
1558 3081 1779 3152 φαιδρὸν
1804 3083 1896 3134 καὶ

319 3164 624 3232 περιφανές.
661 3164 730 3216 Τί
759 3163 924 3232 λέγω,
958 3165 1056 3233 οὑχ
1074 3165 1370 3235 ήγήσεται;
1401 3165 1540 3216 Ἀλλ’
1569 3165 1685 3217 οὑδέ
1707 3165 1895 3234 ὄψεται

302 3247 516 3309 ταῦτα,
577 3248 807 3320 ἐτέρους
863 3247 1141 3318 κτώμενος
1197 3249 1542 3320 ὀφθαλμούς
1592 3249 1896 3316 τοιούτους,

305 3329 462 3391 -οἴους
491 3332 519 3382 6
557 3331 771 3394 Παῦλος
819 3330 1057 3396 ἐκέλευε,
1095 3332 1303 3400 λέγων·
1357 3331 1456 3401 Μὴ
1503 3335 1900 3388 σκοπούντων

322 3411 490 3478 ἡμῶν
521 3414 592 3467 τὰ
611 3415 986 3485 βλεπόμενα,
1015 3415 1176 3469 ἀλλὰ
1205 3416 1277 3469 τὰ
1303 3416 1383 3484 μὴ
1409 3419 1764 3485 βλεπόμενα
1787 3432 1800 3444 ’
1829 3418 1900 3472 τὰ

319 3494 425 3562 γὰρ
451 3496 827 3565 βλεπόμενα,
849 3497 1189 3565 πρόσκαιρα
1209 3516 1220 3530 υ
1237 3498 1312 3552 τὰ
1338 3499 1406 3552 δὲ
1420 3499 1505 3567 μὴ
1527 3499 1896 3568 βλεπόμενα,

313 3578 533 3633 αἰώνια.
559 3577 722 3644 Εἶδες
754 3580 854 3651 τὴν
875 3579 994 3633 ὁδὸν
1019 3581 1135 3645 πῶς
1160 3582 1324 3653 ἑτέρα
1354 3582 1493 3647 λέξει
1523 3583 1895 3654 παρέστησεν;

325 3660 575 3716 Ἐκείνων
597 3664 784 3717 τοί-νυν
806 3662 1178 3733 ἀντεχώμεθα,
1207 3665 1294 3718 ἵνα
1317 3667 1499 3719 αὐτῶν
1524 3665 1896 3736 ἐπιτύχωμεν,

303 3744 404 3798 καὶ
449 3747 550 3818 τῆς
600 3747 888 3818 ἀκηράτου
929 3747 1076 3818 ζωῆς
1113 3749 1542 3820 ἀπολαύσωμενο
1585 3745 1652 3821 ἧς
1689 3749 1900 3817 γένοιτο

309 3829 515 3894 πάντας
533 3833 690 3902 ἡμᾶς
715 3834 1019 3904 ἐπιτυχεῖν,
1043 3833 1224 3904 χάριτι
1242 3834 1335 3887 καὶ
1354 3833 1730 3905 φιλανθρωπίᾳ
1748 3831 1899 3904 [508]

307 3911 402 3964 τοῦ
443 3911 652 3986 Κυρίου
692 3915 854 3987 ἡμῶν
888 3915 1062 3988 Ἰησοῦ
1101 3914 1361 3988 Χριστοῦ,
1402 3909 1510 3987 (In;
1552 3915 1677 3980 δόξα
1711 3917 1804 3968 καὶ
1842 3915 1902 3967 τὸ

303 3996 529 4065 κράτος,
554 3998 654 4052 νῦν
684 3999 785 4053 καὶ
809 3998 919 4065 ἀεὶ,
943 4000 1038 4052 καὶ
1059 3999 1139 4063 είς
1161 4001 1288 4062 τοὺς
1311 3998 1514 4062 αἰῶνας
1539 3997 1648 4051 τῶν
1669 3996 1898 4051 αἰώνων.

331 4081 372 4132 Α
380 4083 514 4152 μήν.

705 4219 820 4272 ΕΙΣ
841 4217 994 4271 -TON
1026 4215 1153 4270 PlE'
1191 4212 1512 4269 ΨΔΛΜΟΝ.

311 4357 704 4420 Ἐπίστευσα
725 4405 741 4428 ,
779 4363 871 4417 διὸ
905 4364 1187 4433 ἐλάλησα
1205 4381 1219 4395 ο
1255 4363 1370 4435 ἐγὼ
1403 4363 1472 4417 δὲ
1505 4360 1906 4430 ἐταπεινώθην

985 4435 1242 4505 σφόδρα.

1407 301 1768 358 EXPOSITIO
1806 298 1874 354 ιΝ
1917 299 2252 360 ΡΞᾹΙΜΙῙΜ
2296 307 2460 364 (.‘XV.

3464 302 3568 358 520

1991 435 2091 482 τας
2129 423 2541 493 προσκαθῆσθαι
2597 425 2810 496 ἐκείνῳ,
2859 427 2974 480 ἀλλ’
3004 429 3208 483 ἄνωθεν
3246 429 3339 483 τοῦ
3367 428 3566 504 διηγῆ-

1991 517 2160 571 ματος
2190 507 2459 559 ποιεῖσθαι
2485 509 2586 578 τὴν
2623 508 2820 579 ἀρχήν.
2853 511 2991 581 Περὶ
3033 513 3180 577 τίνος
3232 513 3412 566 τοίνυν
3444 514 3564 568 δια-

1990 585 2278 655 λεγόμενος
2303 591 2332 640 ὁ
2353 589 2562 653 Παῦλος
2600 591 2804 661 ταύτης
2830 592 3072 663 ἐμνήσθη
3101 594 3200 662 τῆς
3223 595 3568 666 προφητικῇ

1991 669 2210 738 φωνῆςς
2247 671 2384 740 Περὶ
2444 673 2792 735 ἀναστάσεως
2841 673 2935 724 καὶ
2983 674 3080 742 τῆς
3117 675 3226 727 τῶν
3261 677 3566 744 μελλόντων

1989 749 2210 818 ἀγαθῶν
2240 753 2614 820 ἀπολαύσεως,
2643 755 2679 808 ἅ
2706 757 2800 808 καὶ
2830 754 2988 824 λόγον
3016 756 3335 828 ὑπερϐαίνει
3362 758 3566 821 πάντα,

1991 831 2086 884 καὶ
2118 831 2239 886 νοῦν
2277 835 2372 887 καὶ
2408 836 2667 892 διάνοιαν.
2699 838 2854 891 Ἐπεὶ
2901 833 2993 890 οὖν
3031 837 3187 906 λόγον
3241 839 3569 908 ὑπερέϐαινε

1991 914 2186 979 πάντα,
2215 918 2306 970 καὶ
2347 919 2752 990 ἐρμηνευθῆναι
2784 920 2955 974 ταῦτα
2991 921 3090 995 οὑχ
3120 916 3231 972 οἶόν
3265 938 3325 973 τε
3353 917 3441 992 ἦν,
3475 921 3570 972 πί-

1992 1014 2161 1062 στεως
2185 999 2242 1051 δὲ
2269 1001 2404 1071 πρὸς
2424 1001 2484 1053 τὸ
2513 1002 2913 1072 παραδέχεσθαι
2945 1002 3120 1072 χρεία,
3147 1003 3234 1055 ἵνα
3266 1004 3340 1076 μὴ
3367 1001 3570 1074 ταράτ-

1991 1097 2149 1152 τηται
2191 1085 2219 1135 6
2260 1083 2529 1150 Ἰουδαῖος,
2569 1086 2704 1155 μηδέ
2757 1086 3068 1138 ἀπατᾶσθαι
3103 1085 3318 1157 νομίζῃ,
3363 1085 3439 1149 ὼς
3469 1085 3572 1155 ψυ-

1991 1165 2152 1235 χραῖς
2173 1165 2492 1238 φυσώμενος
2521 1167 2723 1233 ἐλπίσι,
2749 1171 3062 1240 προφητικῇ
3085 1171 3240 1239 ρήσει
3269 1168 3368 1240 τὴν
3392 1169 3572 1237 ἀγνω-

1995 1247 2230 1319 μοσύνην
2255 1249 2418 1302 αὑτοῦ
2461 1250 2770 1321 διορθοῦται
2810 1251 3092 1320 μονονουχὶ
3125 1251 3319 1318 λέγων,
3363 1250 3446 1303 ὅτι
3492 1250 3568 1302 οὑ

1959 1331 2176 1384 ἱκαινόν
2223 1348 2274 1385 τι
2318 1334 2551 1404 πρᾶγμα
2597 1334 2872 1402 ἐπιζητῶ,
2911 1334 3124 1397 πίστιν,
3155 1333 3294 1386 ἀλλά
3339 1331 3568 1386 παλαιὸν

1989 1414 2212 1483 ἀγαθόν.
2255 1416 2366 1469 Καὶ
2395 1418 2506 1488 γὰρ
2537 1419 2564 1470 6
2609 1418 2822 1480 Παῦλος
2875 1417 3076 1480 οὑτως·
3119 1419 3147 1468 6
3175 1417 3232 1468 δὲ
3279 1417 3570 1487 προφήτης

1994 1496 2204 1566 μέλλων
2221 1495 2248 1535 ἀ
2273 1498 2364 1550 καὶ
2384 1499 2546 1562 αὑτὸς
2569 1500 2696 1570 περί
2721 1517 2880 1552 τινων
2908 1499 3130 1566 ἀγαθῶν
3153 1499 3210 1551 ἐν
3242 1497 3320 1568 τῷ
3342 1498 3569 1568 παρόντι

1991 1581 2354 1652 προφητεύειν
2383 1587 2496 1646 τοῖς
2543 1583 2816 1644 Ἰουδαίοις
2852 1583 3299 1654 συμϐησομένων,
3348 1582 3440 1634 καὶ
3468 1583 3570 1654 τὴν

1991 1664 2339 1736 ἀνθρωπίνην
2373 1665 2698 1719 ἀκολουθίαν
2730 1665 3199 1735 ὑπερϐαινόντων,
3247 1665 3334 1717 ἴνα
3379 1664 3572 1735 μηδεὶς

1990 1747 2238 1800 ἀπιστεῖν
2267 1749 2390 1820 ἔχῃ,
2445 1747 2616 1810 οὑτως
2655 1747 2936 1818 ἁπήρξατο
2978 1747 3070 1799 τοῦ
3106 1746 3319 1816 ψαλμοῦ
3360 1746 3567 1815 λέγων’

2006 1819 2396 1895 Ἐπίστευσα,
2425 1831 2514 1883 διὸ
2558 1829 2855 1896 ἐλάλησα.
2895 1829 3113 1900 Ἐπειδῂ
3150 1832 3260 1899 γὰρ
3302 1828 3572 1882 ἀπολώλει

1992 1913 2060 1966 τὰ
2099 1914 2467 1985 Ἱεροσόλυμα,
2512 1915 2607 1968 καὶ
2649 1895 2890 1985 ἐρείπιον
2937 1916 2966 1967 6
3001 1895 3128 1978 ναός
3163 1895 3440 1983 ἐγεγόνει,
3476 1920 3574 1968 καὶ

1992 1997 2190 2059 πάντες
2225 1998 2563 2068 αἰχμάλωτοι
2602 1999 2888 2068 γενόμενοι
2927 1999 3022 2051 καὶ
3068 1997 3313 2062 δεθέντες
3349 1999 3430 2062 είς
3473 1998 3574 2070 τὴν

1990 2079 2275 2150 ἀλλοτρίαν
2305 2080 2652 2151 ἀπήχθησαν,
2688 2080 2953 2152 βάρϐαροι.
2986 2080 3044 2134 δὲ
3080 2081 3178 2151 τὴν
3211 2080 3433 2134 ἐκείνων
3467 2080 3574 2151 γῆν

1991 2163 2104 2215 ἀντ’
2137 2164 2360 2216 ἐκείνων
2379 2165 2678 2235 κατέσχον,
2721 2164 3124 2235 ἐκελεύσθησαν
3161 2163 3441 2234 ἀμπέλους
3471 2181 3574 2234 φυ-

1985 2244 2201 2308 τεῦσαι,
2237 2247 2333 2299 καὶ
2361 2233 2535 2310 ὁίκίας
2564 2233 2940 2318 οἰκοδομῆσαι,
2971 2233 3066 2300 καὶ
3087 2233 3298 2317 γάμους
3329 2233 3574 2302 ἐπιτελέ-

1993 2345 2104 2394 σαι,
2131 2330 2304 2384 ταῦτα
2345 2333 2425 2393 είς
2475 2330 2790 2398 ἀπόγνωσιν
2822 2332 2948 2395 τοὺς
2990 2331 3280 2394 Ἰουδαίους
3325 2329 3570 2395 ἐνέϐαλε,

1991 2415 2085 2468 καὶ
2105 2414 2288 2468 λοιπὸν
2307 2413 2608 2481 ἐλογίζοντο
2629 2414 2764 2485 πρὸς
2783 2415 3030 2480 ἑαυτοὺς,
3054 2415 3220 2468 ὅτιιΕί
3241 2414 3397 2467 πόλιν
3419 2414 3574 2486 ἔχον-

1983 2515 2102 2561 τες,
2128 2500 2220 2551 καὶ
2249 2498 2387 2550 ὅπλα
2406 2537 2420 2558 ,
2451 2499 2544 2551 καὶ
2587 2497 2853 2569 πύργους,
2890 2501 2984 2551 καὶ
3024 2497 3324 2569 χρημάτων
3353 2515 3576 2569 περιου⁶

1994 2583 2114 2637 σίαν
2145 2594 2168 2621 θ
2199 2581 2469 2650 τοσαύτην
2497 2582 2589 2636 καὶ
2618 2582 2764 2646 ναὸν,
2794 2583 2888 2636 καὶ
2919 2581 3122 2652 βωμὸν,
3152 2582 3245 2634 καὶ
3269 2581 3571 2648 ἀγιστείαν,

1993 2667 2084 2720 καὶ
2104 2667 2380 2737 λατρείαν,
2413 2667 2508 2718 καὶ
2536 2667 2633 2736 τὴν
2662 2665 2826 2735 ἄλλην
2853 2665 3072 2718 ἅπασαν
3102 2664 3398 2728 πολιτείαν,
3434 2680 3576 2734 παρ⁴

1993 2749 2274 2820 εδόθημεν,
2312 2749 2614 2819 ἐγενόμεθα
2650 2749 3007 2818 αἰχμάλωτοι,
3044 2749 3125 2810 εἰς
3181 2746 3428 2800 δουλείαν
3467 2748 3576 2799 άπ-

1992 2833 2236 2904 αγόμεθα
2257 2849 2270 2862 ·
2297 2831 2391 2884 νῦν
2419 2833 2478 2884 ἐν
2511 2831 2767 2900 ἀλλοτρίᾳ
2795 2831 2946 2893 ὄντες
2977 2830 3070 2882 καὶ
3105 2829 3321 2883 πάντων
3347 2832 3577 2900 ἡρημω-

1997 2917 2168 2988 μένοι,
2199 2915 2393 2985 γυμνοί
2432 2931 2490 2967 τε
2531 2916 2625 2968 καὶ
2655 2914 2831 2966 δοῦλοι
2857 2914 3162 2984 γενόμενοι,
3205 2913 3322 2976 πῶς
3354 2912 3580 2984 δυνησόε

1997 3000 2135 3070 μεθα
2165 3001 2263 3068 τὴν
2316 2998 2522 3052 οἰκείαν
2555 2997 2890 3064 ἀπολαϐεῖν;
2928 2999 3081 3051 Ἐπεὶ
3110 2995 3203 3053 οὖν
3240 2998 3424 3050 πολλοὶ⁵
3469 2997 3577 3052 τῶν

1993 3080 2394 3152 ἀσθενεστέρων
2417 3081 2589 3134 ταῦτα
2612 3081 3056 3152 ἀναλογιζόμενοι
3083 3080 3458 3151 ἐθορυϐοῦντο,
3485 3081 3579 3135 καὶ

1994 3165 2382 3234 ἐταράττοντο,
2431 3165 2526 3217 καὶ
2563 3167 2676 3227 τοῖς
2711 3166 3021 3234 προφήταις
3061 3164 3123 3216 οὑ
3157 3166 3446 3236 προσεῖχον
3477 3163 3578 3233 τὴν

1993 3249 2250 3302 ἐπάνοδον
2271 3248 2486 3316 λέγουσι
2511 3266 2522 3277 ·
2559 3247 2646 3300 διὰ
2666 3248 2824 3300 τοῦτο
2852 3247 3026 3311 οὕτως
3056 3244 3198 3316 εἷπε,
3229 3248 3442 3312 δεικνὺς
3469 3249 3578 3300 πᾶ-

1993 3350 2079 3387 σιν
2098 3332 2364 3396 ἐντεῦθεν,
2391 3332 2470 3383 ὅτι
2497 3330 2732 3394 πίστεως
2760 3330 2918 3400 χρεία
2949 3332 3028 3393 είς
3047 3331 3116 3386 τὰ
3144 3332 3296 3402 παρά
3322 3331 3416 3384 τοῦ
3441 3330 3577 3386 Θεοῦ

1993 3417 2281 3487 λεγόμενα.
2306 3415 2653 3482 Διαλέγονται
2681 3414 2779 3484 μὲν
2799 3411 2894 3466 οὑν
2911 3414 3090 3478 αὐτοῖς
3121 3417 3214 3470 καὶ⁵
3239 3415 3439 3486 ἑτέρως
3462 3415 3580 3468 ἐτε-

1996 3518 2098 3571 ροι,
2121 3496 2230 3552 οἷον
2249 3503 2276 3552 6
2299 3499 2526 3561 Ἡσαΐας
2544 3496 2685 3550 οὕτω
2712 3497 2884 3565 λέγων
2905 3514 2918 3526 ·
2942 3496 3092 3570 [5091|
3110 3499 3475 3568 Ἔμϐλέψατε
3493 3500 3582 3565 εὶς

1995 3585 2110 3652 τὴν
2137 3585 2389 3650 στερεὰν
2427 3581 2672 3650 πέτραν,
2702 3583 2770 3646 ἐξ
2791 3578 2869 3652 ἧς
2901 3583 3330 3652 ἐλατομήθητε,
3360 3584 3461 3637 καί
3492 3585 3583 3650 είς

1998 3671 2101 3722 τὸν
2130 3668 2400 3731 ,ϐόθυνον
2425 3665 2532 3718 τοῦ
2581 3665 2834 3731 λάκκου,
2872 3665 2941 3730 ἐξ
2991 3663 3062 3722 οὗ
3111 3667 3432 3736 ὼρύχθητε.
3474 3666 3584 3719 Καὶ

1997 3751 2156 3805 πάλιν
2177 3767 2190 3780 ο
2225 3749 2592 3818 Ἐμϐλέψατε
2619 3752 2706 3815 είς
2738 3750 2993 3819 Ἀϐραὰμ
3014 3749 3120 3804 τὸν
3149 3750 3375 3820 πατέρα
3392 3749 3582 3820 ὑμῶν,

1997 3835 2096 3889 καὶ
2135 3838 2221 3901 είς
2249 3833 2486 3902 Σάρῥαν
2514 3833 2628 3902 τὴν
2666 3833 3009 3888 ὠδίνουσαν
3035 3834 3212 3904 ὑμᾶς,
3237 3838 3324 3888 ὅτι
3365 3830 3454 3901 εἷς
3483 3831 3582 3906 ἦν,

1999 3920 2098 3973 καί
2132 3918 2396 3972 ἐκάλεσα
2441 3919 2650 3982 αὑτὸν,
2689 3917 2788 3970 καί
2837 3918 3084 3986 ἡγίασα,
3134 3919 3232 3972 καί
3270 3918 3586 3986 ἐπλήθυνα

1998 4003 2206 4057 αὐτόν.
2241 4001 2306 4053 Ὃ
2343 3999 2400 4052 δὲ
2446 3999 2612 4067 λέγει,
2655 3997 2894 4051 τοιοῦτόν
2929 4001 3106 4052 ἐστιν·
3139 4001 3275 4070 Οὐχὶ
3310 4001 3584 4072 βάρϐαρος

1992 4083 2063 4159 ἦν
2093 4087 2122 4138 6
2159 4083 2440 4154 Ἀϐραάμ
2480 4083 2602 4152 ούχὶ
2626 4081 2840 4150 ἄγονος,
2873 4083 2966 4136 καὶ
2999 4085 3065 4152 τῇ
3095 4083 3283 4155 ἡλικίᾳ
3309 4084 3584 4154 προϐεϐη-

2003 4167 2144 4234 κώς;
2181 4167 2300 4237 οὐχὶ
2325 4168 2556 4234 γυναῖκα
2589 4159 2704 4235 εἶχε
2744 4165 2839 4217 καὶ
2867 4163 2954 4217 διὰ
2983 4164 3082 4235 τὴν
3113 4163 3329 4235 ἡλικίαν
3367 4167 3462 4219 καὶ
3497 4167 3586 4220 διὰ

2001 4253 2100 4323 τὴν
2122 4249 2280 4320 φύσιν
2307 4247 2443 4320 πρὸς
2471 4246 2815 4316 παιδογονίαν
2839 4247 3108 4319 ἄχρηστον
3125 4264 3141 4314 ;
3161 4249 3223 4318 οὑ
3250 4250 3585 4320 πανταχόθεν

1995 4334 2322 4404 ,ἀπέγνωστο
2351 4332 2424 4384 τὰ
2451 4333 2568 4385 κατ’
2607 4331 2807 4398 αὑτόν;
2845 4332 2909 4384 Τί
2937 4327 3064 4398 οὑν;
3097 4333 3218 4402 οὐχὶ
3249 4334 3342 4386 ἀπ’
3371 4334 3582 4386 ἐκείνου

2001 4422 2096 4476 τοῦ
2128 4421 2267 4485 ἐνὸς,
2301 4419 2395 4474 τοῦ
2422 4421 2640 4489 ἀγόνου,
2680 4419 2774 4473 τοῦ
2803 4421 3179 4491 γεγηρακότος
3209 4421 3308 4492 τὴν
3333 4420 3588 4488 οἰκουμέ-

2002 4523 2101 4576 νην
2129 4505 2422 4576 ἐπλήρωσα
2453 4505 2634 4558 πᾶσαν
2658 4521 2672 4571 ;
2701 4503 2767 4556 Τί
2796 4504 2976 4558 τοίνυν
3004 4503 3350 4576 θορυϐεῖσθες
3386 4505 3449 4559 Et
3478 4505 3587 4574 γὰρ

361 4561 682 4633 α’.Ταύτης
708 4562 966 4633 μνησθεὶς
979 4562 1080 4631 τῆς
1095 4563 1305 4634 ρἠεως
1328 4562 1458 4616 καὶὸ
1473 4561 1741 4633 μακάριος
1761 4560 1909 4615 Παῦ-

298 4645 411 4709 λος,
450 4646 606 4700 οὕτω
634 4645 761 4710 πῶς
792 4662 986 4718 φησιν·
1027 4648 1315 4716 Ἔχοντες
1345 4645 1414 4700 δὲ
1442 4646 1508 4700 τὸ
1542 4645 1690 4700 αὐτὸ
1719 4643 1908 4699 Πνεῦ-

289 4750 376 4801 μα
423 4731 546 4800 τῆς
592 4733 869 4797 πίστεως
915 4729 1066 4785 κατὰ
1120 4731 1184 4784 τὸ
1234 4729 1673 4801 γεγραμμένον·
1743 4729 1905 4784 Ἐπί-

293 4831 562 4879 στευσα,
602 4816 709 4869 διὸ
737 4811 1042 4884 ἐλάλησα·
1080 4815 1174 4868 καί
1209 4813 1380 4884 ἡμεῖς
1407 4814 1786 4882 πιστεύομεν,
1817 4812 1906 4867 διὸ

294 4898 397 4953 καὶ
449 4899 807 4967 λαλοῦμεν.
869 4899 1188 4966 Ἀναγκαῖον
1237 4898 1415 4951 τοίνυν
1478 4895 1692 4968 πρῶτον
1736 4897 1909 4949 εἰπεῖν

2003 4593 2068 4644 ἐκ
2093 4589 2186 4643 τοῦ
2211 4589 2330 4654 ἐνὺς
2347 4589 2568 4652 δυνατὸς
2599 4588 2868 4660 ἐγενόμην
2890 4589 2988 4659 τὴν
3017 4589 3342 4661 οἰκουμένην
3367 4588 3588 4659 πληρῶ-

2007 4698 2118 4743 σαι,
2154 4679 2334 4750 πολλῷ
2367 4677 2568 4749 μᾶλλον
2611 4677 2670 4744 ἐξ
2708 4676 2862 4748 ὑμῶν
2896 4676 3003 4732 τῶν
3034 4677 3229 4747 ὀλίγων
3261 4678 3330 4732 τὰ
3363 4676 3590 4748 Ἰεροσό-

2005 4768 2154 4838 λυμα
2189 4766 2488 4838 πληρώσω.
2521 4765 2624 4819 Διὰ
2667 4765 2826 4820 τοῦτό
2863 4781 3060 4836 φησιν’
3100 4766 3468 4836 Ἐμϐλέψατε
3502 4769 3592 4831 είς

2006 4855 2122 4922 τὴν
2171 4854 2426 4923 στερεὰν
2462 4853 2688 4922 πέτραν
2709 4894 2724 4917 ,
2764 4853 2835 4918 ἐξ
2888 4849 2965 4923 ἧς
3007 4853 3412 4924 ἐλατομήθητε
3436 4869 3449 4883 ⁸
3503 4855 3592 4908 τὸν

2021 4941 2270 5013 Ἀϐραὰμ
2283 4941 2424 4993 οὔτω
2443 4940 2623 4994 καλῶν
2638 4957 2652 4970 ·
2675 4940 2774 4995 καὶ
2795 4939 2899 4994 τὸν
2913 4941 3185 5006 ,βόθυνον
3204 4942 3312 4998 τοῦ
3332 4943 3591 5008 λάκκου,

2008 5032 2076 5097 ἐξ
2103 5027 2176 5086 οὗ
2192 5031 2520 5100 ὼρύχθητε·
2540 5028 2640 5100 τὴν
2661 5029 2878 5102 Σάρραν
2898 5029 3072 5095 οὑτως
3089 5031 3394 5101 ὀνομάζων.
3411 5031 3594 5085 Καθά-

2013 5137 2120 5190 περ
2147 5121 2254 5191 γὰρ
2279 5123 2308 5173 ὁ
2337 5120 2539 5182 λάκκος
2570 5116 2784 5171 οἴκοθεν
2813 5119 2912 5172 οὑκ
2937 5119 3050 5191 ἔχει
3093 5120 3255 5191 βρύον
3287 5119 3452 5190 ὕδωρ,
3479 5118 3594 5172 ἀλλ’

294 4983 414 5044 πῶς
445 4985 476 5035 6
528 4980 877 5042 ’Λπόστολος
916 4981 1052 5052 αὑτῇ
1082 4981 1372 5051 ἐχρήσατο,
1408 4983 1502 5033 καί
1538 4978 1665 5048 περὶ
1699 4977 1841 5042 τίνος
1883 4981 1912 5033 6

293 5066 456 5134 λόγος
496 5063 572 5136 ἦν
611 5067 796 5135 αύτῳ.
822 5064 984 5121 Οὕτω
1013 5066 1121 5136 γὰρ
1151 5064 1474 5118 άπὸτούτου
1497 5064 1672 5119 καὶτὸ
1704 5082 1914 5136 προφη-

289 5150 454 5204 τικὸν
472 5146 650 5202 ἕσταιί
665 5145 832 5219 δῆλον
859 5149 1012 5216 ἡμῖν.

368 5235 602 5297 Ἀλλως
654 5230 722 5285 δὲ
767 5233 865 5284 καὶ
895 5230 1224 5285 διδασκαλία·
1239 5231 1377 5304 αῦτη
1414 5233 1614 5303 ἀρίστη
1634 5249 1672 5298 ,κ
1695 5233 1768 5304 μὴ
1812 5233 1911 5304 τὴν

291 5319 614 5387 συνάφειαν
649 5315 1016 5386 περικόπτειν
1037 5315 1128 5369 τοῦ
1158 5317 1340 5385 λόγου,
1369 5317 1501 5388 μηδέ
1534 5315 1699 5388 μέρος
1722 5316 1914 5371 λαϐόν-

2014 5211 2078 5262 ὲκ
2114 5206 2221 5260 τῶν
2245 5205 2454 5260 ἄνωθεν
2476 5203 2647 5258 ὑετῶν
2673 5203 2920 5276 δέχεται·
2952 5206 3094 5260 οὑτω
3123 5207 3217 5259 καὶ
3244 5207 3426 5275 ἐκείνη
3457 5204 3595 5275 αὑτὴ

2013 5296 2217 5368 ἕρημος
2247 5290 2380 5349 οὖσα
2407 5294 2692 5364 δυνάμεως
2722 5293 3068 5365 γεννητικῆς,
3101 5293 3307 5348 ἀνωθεν
3337 5291 3438 5364 τὴν
3476 5294 3597 5346 ἐπι-

353 5535 381 5595 f'
407 5533 466 5583 In
497 5535 636 5583 edit.
671 5530 870 5595 Ποῖ-οι..
883 5530 978 5580 hoc
999 5531 1161 5589 deest.
1196 5532 1354 5580 πάντα
1377 5533 1556 5595 ἀγάπη.

348 5594 382 5635 δ
411 5597 548 5658 [διες.
577 5601 640 5644 et
667 5590 834 5658 qui}.
859 5593 908 5658 in
929 5605 1081 5658 τηε-τε.
1105 5598 1412 5658 ταράσσεται.

354 5659 379 5687 ε
407 5655 579 5705 εειῖὶι.
615 5655 837 5718 conﬁcit
866 5655 961 5713 leg.
993 5655 1179 5716 ἐτέρων,
1203 5656 1288 5702 sed
1311 5656 1470 5718 obsta}
1507 5657 1724 5706 omnium
1745 5669 1919 5708 exem-

287 5721 512 5780 plarium
539 5721 594 5767 in
626 5717 885 5776 ἑκατέρων
903 5725 1182 5762 consensus.

2079 5530 2104 5569 ἀ
2126 5532 2239 5594 εον.
2263 5531 2312 5594 iAn
2333 5543 2486 5592 marg.
2501 5531 2778 5592 pleniorem
2797 5531 2942 5580 aﬂ‘ert
2958 5530 3227 5594 lectionem
3245 5532 3342 5579 sic:
3368 5533 3394 5579 ὁ
3415 5532 3465 5580 δὲ
3482 5548 3600 5594 προ-

2017 5594 2165 5657 φήτης
2188 5592 2363 5657 ἐκεῖνος
2383 5594 2408 5640 ὁ
2433 5595 2592 5657 εἰπὼν.
2607 5594 2678 5640 ὅτι
2691 5594 2774 5657 ΔΤὰι
2797 5593 2949 5657 ἄδηλα
2970 5593 3049 5640 καὶ
3069 5595 3128 5640 τὰ
3146 5593 3319 5657 κρύφια
3337 5599 3421 5650 τῆς
3432 5592 3601 5657 σοφίας

2021 5653 2110 5702 σου
2124 5653 2367 5719 ἐδήλωσάς
2392 5670 2490 5715 μοι,
2504 5656 2530 5701 6
2556 5653 2792 5719 τοσαύτης
2805 5655 2972 5716 σοφίας
2995 5653 3379 5719 πεπληρωμένος,
3396 5653 3597 5718 μέλλων.

2091 5731 2113 5757 e
2139 5715 2405 5778 Χρημάτων
2427 5715 2726 5779 περιράνειαν
2749 5715 2876 5780 Heg.
