4062 6208
513 305 606 360 327.1

511 417 826 486 τιςδειίτητα
848 415 1051 483 ταύτην
1072 413 1226 467 ἔλαϐε
1245 430 1259 443 ο
1284 416 1374 468 καὶ
1400 415 1588 484 ῶσπερ
1612 415 1645 484 ἡ
1672 415 1847 484 πέτρα
1870 408 2079 482 καρπὸν

511 508 610 560 οὐκ
637 506 834 578 ἤνεγκέ
868 523 1020 568 ποτε,
1051 505 1222 569 οὕτως
1250 506 1372 559 οὔτε
1401 508 1430 558 ὁ
1465 505 1715 575 Ἀϐραὰμ
1744 500 1854 566 οἷός
1885 520 1945 555 τε
1975 499 2041 573 ἦν
2064 519 2075 530 ·

511 599 625 652 ἀλλ’
666 597 778 666 ἐγὼ
806 599 950 668 ὑμᾶς
981 597 1190 651 ἐκεῖθεν
1231 598 1550 666 ὲξεκόλαψα,
1582 598 1674 650 καὶ
1707 597 1812 649 ἀπὸ
1845 595 1936 650 τοῦ
1965 595 2083 658 ἐνὸς

511 689 779 754 τοσαύτας
806 690 1079 759 ἐνέπλησα
1111 689 1311 760 χώρας.
1348 688 1446 741 Διά
1474 688 1631 741 τοῦτο
1674 690 1768 740 καὶ
1799 689 1888 741 τὸν
1927 688 2080 751 Ἰεζε-

516 781 642 852 κιὴλ
669 784 750 844 εἰς
781 782 840 834 τὸ
866 780 1045 834 πεδίον
1074 781 1278 848 ἐξάγει,
1315 781 1405 832 καὶ
1435 779 1702 833 δείκνυσιν
1731 778 1876 849 αὐτῷ
1910 779 2082 845 σωρὸν

516 873 722 937 ὀστῶν,
763 874 857 927 και
888 869 1244 942 προφητεύων
1280 872 1550 940 ἀνίστησι,
1597 870 1666 923 τά
1716 870 1844 923 ὀστᾶ
1872 869 2083 931 δεικνὺς

517 965 721 1028 αὐτοῖς,
754 964 848 1016 καὶ
868 963 1060 1030 λέγων,
1085 964 1164 1015 ὅτι
1187 963 1253 1014 El
1291 961 1430 1027 τοὺς
1460 961 1708 1028 νεκροὺς
1733 961 1949 1030 ἐγεῖραι
1980 959 2083 1013 δύ-

515 1071 715 1123 ναμαι,
743 1052 949 1118 πολλῷ
975 1050 1216 1121 μᾶλλον
1243 1045 1395 1120 ὑμᾶς
1436 1051 1578 1117 τοὺς
1605 1047 1823 1117 ζῶντας
1862 1053 2083 1118 ἀναγα-

517 1141 662 1210 τεῖν.
731 1141 955 1193 Ἐκεῖνοι
1003 1142 1100 1210 μὲν
1151 1141 1352 1204 οὕτως’
1412 1142 1443 1194 ὁ
1498 1141 1555 1194 δὲ
1600 1142 1880 1211 προφήτης
1931 1135 2084 1204 οὗτος

517 1231 633 1294 πῶς
654 1248 668 1296 ;
688 1233 1073 1290 Ἐπίστευσα.
1095 1231 1187 1284 διὸ
1205 1231 1501 1299 ἐλάλησα.
1523 1231 1780 1284 Τουτέστι
1795 1249 1807 1261 ο
1842 1232 2085 1294 Πίστεως

516 1321 671 1391 χρεία
709 1325 844 1392 πρὸς
874 1322 942 1374 τὰ
979 1322 1424 1391 ἐπαγγελλόμενα
1447 1337 1459 1350 ’
1500 1323 1594 1376 καὶ
1625 1323 1734 1390 γὰρ
1767 1321 1876 1390 ἐγὼ
1911 1321 2087 1376 ταῦτα

517 1413 733 1473 ἐννοῶν,
764 1414 859 1466 καὶ
903 1411 1371 1483 ἀναλογιζόμενος,
1402 1414 1495 1464 καὶ
1527 1413 1624 1482 τὴν
1656 1412 1836 1465 πθστιν
1863 1416 2084 1481 εἰσαγα-

517 1504 649 1569 γὼν,
672 1505 846 1558 πάντα
869 1502 1096 1573 θόρυϐον
1124 1503 1409 1573 ἐξήγαγον.
1438 1503 1496 1554 Ὀ
1512 1503 1688 1556 τοίνυν
1709 1503 1916 1567 Παῦλος
1932 1503 2086 1557 τοῦτό

517 1611 703 1665 φησιν,
732 1597 813 1648 ὅτι
855 1596 948 1648 καὶ
991 1599 1046 1648 ἐν
1081 1597 1195 1656 τοῖς
1225 1595 1512 1665 ἡμετέροις
1538 1596 1652 1657 τοῖς
1691 1597 1966 1667 αἰσθητοῖς
1994 1597 2088 1648 ml

517 1685 811 1755 ὁρωμένοις
839 1685 1062 1753 ἀγαθοῖς
1104 1685 1337 1748 πίστεως
1370 1685 1548 1754 χρεία.
1586 1685 1646 1736 Εἰ
1679 1685 1736 1737 δὲ
1775 1687 1832 1737 ἐν
1860 1687 1970 1747 τοῖς
1999 1687 2086 1736 ai—

521 1773 757 1844 σθητοῖς,
802 1773 980 1840 πολλῷ
1022 1773 1220 1842 μᾶλλον
1253 1776 1310 1825 ὲν
1341 1776 1450 1836 τοῖς
1489 1775 1713 1844 νοεροῖς.
1755 1773 1816 1825 El
1846 1775 1954 1844 γὰρ
2001 1774 2088 1826 ἵνα

519 1864 938 1930 καταδέξωνται,
961 1866 1041 1917 ὅτι
1069 1863 1166 1934 τὴν
1193 1863 1346 1916 πόλιν
1375 1864 1739 1935 ἀπολήψονται
1765 1864 1863 1935 τὴν
1887 1863 2085 1927 αὐτῶν,

522 1952 756 2015 πίστεως
787 1953 968 2015 αὐτοῖς
1000 1952 1185 2023 ἐδέησε
1211 1969 1224 1982 ·
1257 1952 1434 2023 πολλῷ
1467 1952 1665 2024 μᾶλλον
1698 1954 1829 2024 ⁴ἡμῖν
1857 1956 1969 2016 τοῖς
1999 1954 2088 2007 τὸν

520 2042 748 2112 οὐρανὶν
775 2042 1154 2112 ἀναμένουσιν.
1179 2041 1348 2094 Ὅταν
1376 2041 1482 2112 γάρ
1512 2043 1653 2112 μέγα
1681 2059 1732 2094 τι
1767 2039 1824 2114 ᾖ,
1872 2040 1966 2095 καὶ¹
1992 2041 2089 2112 τὴν

520 2133 756 2186 διάνοιαν
783 2131 1126 2203 ὑπερϐαῖνον,
1152 2131 1245 2186 καὶ
1269 2131 1542 2203 λογισμῶν
1569 2132 1857 2203 ἀνώτερον,
1887 2132 2090 2201 ταύτην

520 2223 600 2274 δεῖ
629 2223 843 2294 παραλα
853 2223 1096 2292 μϐἀνειν,
1117 2223 1253 2276 ἀλλά
1279 2224 1354 2294 μὴ
1374 2225 1440 2294 τῇ
1463 2222 1779 2295 ἀνθρωπίνῃ
1801 2221 2092 2292 ἀκολουθίᾳ

519 2313 587 2366 τὰ
610 2314 911 2384 πράγματα
939 2312 1229 2377 ἐξετάζειν.
1256 2313 1319 2366 ’Π
1340 2313 1445 2383 γὰρ
1471 2312 1563 2365 τοῦ
1593 2311 1727 2366 Θεοῦ
1757 2311 2098 2384 θαυματουρ-

521 2405 614 2470 γία
651 2404 864 2458 πάντων
903 2403 1106 2458 τούτων
1153 2403 1418 2475 ἀνωτέρα.
1459 2405 1620 2458 Ὥστε
1675 2404 1768 2457 καὶ
1813 2403 1903 2458 διά
1935 2404 2093 2458 τοῦτο

519 2495 964 2564 ἐπιστομίζοντας
996 2497 1119 2558 τοὺς
1147 2496 1436 2566 λογισμοὺς
1460 2495 1594 2565 πρὸς
1620 2494 1717 2564 τὴν
1750 2495 1930 2548 πίστιν
1959 2497 2092 2550 ἀνα-

518 2586 734 2657 τρέχειν
764 2586 862 2646 δεῖ,
890 2586 984 2640 καὶ
1017 2585 1260 2651 δοξάζειν
1286 2588 1377 2640 τὸν
1405 2587 1555 2639 Θεόν.
1589 2587 1648 2642 ’0
1677 2586 1786 2657 γὰρ
1815 2587 2092 2657 λογισμοῖς

519 2677 839 2745 φιλονεικῶν
875 2677 943 2731 τὰ
981 2678 1192 2730 ἐκείνου
1232 2677 1528 2748 εὑρίσκειν,
1561 2677 1620 2730 οὑ
1658 2676 1870 2741 δοξάζει
1905 2677 2087 2742 αὑτὸν,

517 2771 584 2841 τῇ
613 2770 720 2822 τῶν
758 2770 970 2823 οἰκείων
1013 2769 1288 2839 λογισμῶν
1330 2769 1678 2840 ταπεινότητι
1721 2769 1822 2833 τὰς
1853 2769 2090 2839 ἀφάτους

519 2862 826 2931 οἰκονομίας
845 2861 1007 2914 αὑτοῦ
1037 2860 1324 2915 ὑποϐαλεῖν
1344 2873 1367 2901 ο
1397 2859 1737 2932 βουλόμενος.

684 3043 772 3094 Διὸ
803 3043 926 3111 περὶ
956 3040 1048 3093 τοῦ
1099 3040 1349 3112 Ἀϐραὰμ
1377 3039 1754 3111 διαλεγόμενος
1783 3041 1812 3092 ό
1860 3036 2088 3108 Παῦλος,

513 3136 699 3206 ἐπειδὴ
729 3136 806 3205 μὴ
835 3132 992 3186 τοῦτο
1021 3123 1296 3202 ἐποίησεν,
1327 3131 1439 3183 ἀλλ’
1466 3131 1792 3200 ἐπιτιμήσας
1815 3132 1924 3191 1:07.;
1953 3129 2092 3198 λογιο

515 3230 689 3296 σμοῖς,
741 3225 874 3295 πρὸς
903 3223 999 3293 τὴν
1037 3222 1265 3292 δύναμιν
1298 3217 1404 3274 εἶδε
1439 3220 1530 3274 τοῦ
1573 3219 2045 3290 ἐπαγγειλαμένου
2067 3253 2086 3283 ,

516 3315 763 3387 [51016τι
782 3315 938 3368 τοῦτο
968 3312 1200 3383 μάλιστα
1228 3309 1445 3374 ἐδόξατε
1482 3309 1574 3364 τὸν
1607 3309 1760 3375 Θεὸν,
1795 3310 1964 3378 λέγει·
1986 3310 2088 3375 Είς

515 3408 626 3477 γὰρ
672 3407 786 3473 τὴν
832 3404 1197 3474 ἐπαγγελίαν
1237 3401 1344 3458 τοῦ
1399 3399 1546 3455 θεοῦ
1594 3404 1666 3455 οὐ
1712 3400 1971 3469 διεκρίθη
2014 3398 2088 3467 τῇ

514 3497 786 3563 ἀπιστίᾳ,
807 3495 942 3548 ἀλλ’
959 3493 1376 3562 ἐνεδυναμώθη
1403 3490 1478 3562 τῇ
1498 3493 1717 3556 πίστει,
1739 3490 1883 3557 δοὺς
1902 3490 2090 3556 δόξαν

515 3584 597 3651 τῷ
627 3583 768 3649 Θεῷ,
800 3585 897 3637 καί
933 3583 1427 3652 πληροφορηθεὶς,
1465 3583 1553 3636 ὅτι
1595 3583 1626 3636 ὃ
1671 3583 2085 3652 ἐπηγγείλατο,

515 3677 774 3740 δυνατός
811 3676 939 3728 ἐστι
973 3675 1072 3727 καί
1116 3673 1382 3743 ποιῆσαι.
1414 3673 1478 3725 Τί
1522 3672 1579 3726 δέ
1607 3675 1774 3737 ἐστιν,
1809 3674 2088 3744 Ἔχοντες

516 3768 586 3820 δὲ
620 3768 682 3820 τὸ
709 3766 854 3819 αὐτὸ
880 3765 1122 3834 Πνεῦμα
1144 3764 1253 3834 τῆς
1273 3766 1529 3830 πίστεως
1559 3765 1709 3818 κατὰ
1737 3763 1803 3818 τὸ
1839 3779 2088 3832 γεγραμ-

515 3859 739 3929 μένονυ
783 3859 1176 3922 Ἐπίστευσα,
1235 3855 1326 3909 διὸ
1381 3855 1691 3924 ἐλάλησαο
1761 3855 1860 3908 καί
1920 3856 2089 3924 ἡμεῖς

517 3951 896 4018 πιστεύομεν,
939 3948 1029 4002 διὸ
1058 3948 1155 4004 καί
1187 3948 1531 4017 λαλοῦμεν;

588 4129 747 4195 Μέγα
790 4145 842 4180 τι
894 4128 1188 4198 μυστήριον
1239 4128 1363 4196 ἡμῖν
1408 4126 1638 4178 ἐνταῦθα
1691 4123 2087 4178 ἀποκαλύπτει.

517 4226 674 4279 Ποῖον
700 4225 762 4294 δὴ
789 4225 980 4290 τοῦτος
1016 4225 1136 4276 ’Ὁτι
1171 4223 1264 4274 τοῦ
1301 4221 1463 4276 αὑτοῦ
1501 4221 1812 4292 Πνεύματος
1847 4222 1879 4290 ὴ
1913 4221 2089 4290 Καινὴ

519 4319 615 4371 καὶ
660 4319 694 4386 ἡ
742 4316 972 4378 Παλαιὰ,
1006 4316 1099 4368 καὶ
1147 4316 1205 4367 τὸ
1238 4313 1367 4365 αὐτὸ
1401 4312 1652 4382 Πνεῦμα,
1698 4313 1759 4365 τὸ
1805 4314 1861 4365 ἐν
1907 4312 2090 4384 ἐκείνῃ

522 4407 913 4478 φθεγξάμενον,
948 4407 1042 4460 καὶ
1077 4405 1306 4458 ἐνταῦθα
1335 4404 1582 4475 ἐλάλησε,
1613 4405 1708 4458 καὶ
1733 4406 1813 4458 ὅτι
1843 4405 1875 4469 ἡ
1908 4405 2091 4468 πίστις

522 4502 736 4554 πάντων
758 4501 873 4551 ἐστί
889 4497 1230 4560 διδάσκαλος,
1254 4498 1346 4550 καὶ
1363 4495 1564 4566 ταύτης
1583 4495 1710 4548 ἄνευ
1731 4496 1851 4549 οὐδὲ
1866 4495 2092 4567 λαλῆσαί

519 4605 573 4641 τι
603 4586 897 4657 δυνάμεθα.
924 4586 1030 4642 Kal
1057 4586 1225 4656 ἡμεῖς
1257 4587 1384 4657 γὰρ,
1413 4585 1568 4656 φησὶ,
1589 4586 1970 4655 πιστεύομεν,
2000 4586 2091 4638 διὸ

522 4680 620 4734 καί
637 4679 1071 4748 λαλοῦμεν.“Δν
1088 4678 1197 4748 γὰρ
1225 4676 1427 4747 ταύτην
1452 4677 1664 4746 ἀνέλῃς,
1684 4677 1806 4732 οὑδέ
1833 4677 2090 4744 διανοῖξαι

521 4771 581 4823 τὸ
617 4770 790 4838 στόμα
817 4769 1059 4823 δυνατόν.
1089 4769 1198 4821 Kal
1225 4767 1312 4821 διὰ
1337 4767 1390 4819 τί
1421 4765 1495 4837 μὴ
1536 4762 1716 4832 εἶπεν,
1751 4769 2004 4838 Ἔχοντες
2037 4767 2091 4820 δὲ

522 4862 620 4933 τὴν
641 4861 807 4931 αὐτὴν
831 4861 1032 4924 πίστιν,
1051 4860 1187 4923 ἀλλ’,
1207 4861 1488 4928 Ἔχοντες
1517 4858 1585 4913 δὲ
1604 4859 1672 4913 τό
1690 4859 1833 4914 αὐτὸ
1851 4859 2093 4928 Πνεῦμα

523 4951 634 5018 τῆς
656 4951 944 5014 πίστεως-ς
978 4949 1162 5002 Ταῦτά
1193 4967 1250 5001 τε
1275 4949 1342 5002 τὰ
1368 4949 1630 5021 εἰρημένα
1655 4949 1851 5020 δηλῶν,
1874 4949 1968 5004 καὶ
1986 4950 2094 5003 δειο

523 5045 675 5107 κνὺς,
704 5043 786 5096 ὃτι
817 5042 917 5111 τῆς
945 5041 1036 5094 τοῦ
1075 5041 1391 5111 Πνεύματος
1419 5042 1577 5113 χρεία
1613 5043 1878 5114 χορηγίας
1915 5044 1994 5106 είς
2031 5041 2093 5095 τὸ

523 5135 787 5206 ἀναϐῆναι
817 5133 952 5203 πρὸς
982 5132 1042 5186 τὺ
1075 5131 1208 5202 ὕψος
1239 5135 1338 5203 τῆς
1383 5133 1646 5199 πίστεως,
1685 5136 1779 5188 καὶ
1811 5133 1918 5188 τῶν
1949 5134 2094 5200 λογι-

523 5225 676 5296 σμῶν
725 5224 822 5295 τὴν
860 5222 1140 5276 ἀσθένειαν
1185 5223 1469 5293 ἀτιμάσαι.
1528 5225 1618 5278 Διὸ
1664 5227 1758 5280 καὶ
1791 5225 2023 5294 ἀλλαχοῦ
2065 5225 2095 5278 ὁ

523 5317 684 5379 αὑτός
707 5333 888 5387 φησιν·
935 5313 1197 5380 Ἐκὰστφ
1220 5313 1289 5367 δὲ
1314 5313 1351 5381 ὴ
1378 5315 1709 5384 φανέρωσις
1737 5315 1964 5369 δίδοται
1987 5314 2091 5368 τοῦ

559 5635 587 5664 ⁸
620 5634 766 5682 Savil.
787 5635 1040 5698 ὑπολαϐεῖν
1055 5635 1227 5698 habet;
1260 5635 1347 5682 sed
1366 5636 1798 5698 ili-eplgsnsprircalus
1822 5643 1900 5685 ost
1919 5636 2093 5698 legen-

526 5701 636 5748 dum
657 5708 768 5746 esse
785 5696 1052 5755 ὑποϐαλεῖν,
1076 5704 1122 5742 ιιι
1147 5696 1296 5744 habet
1315 5696 1468 5744 editio
1489 5693 1697 5745 Morem.

1207 299 1266 356 S.
1305 299 1589 356 JOANNlS
1627 289 2124 354 CHRYSOS'IOMI
2158 289 2472 344 ARCIIIEI‘.
2513 288 3055 348 CONSTANTINOP.

3649 288 3749 343 3'22

2192 406 2532 474 Πνεύματος
2560 405 2706 474 πρὸς
2727 405 2794 459 τὸ
2815 406 3144 476 συμφέρον.
3173 401 3243 477 ᾮ
3264 406 3379 475 μὲν
3399 408 3505 476 γὰρ
3525 405 3625 460 διὰ
3649 403 3752 461 τοῦ

2187 496 2530 564 Πνεύματος
2550 495 2776 551 δίδοται
2810 498 2993 566 λόγος
3017 498 3260 566 σοφίας,
3290 497 3467 566 ἑτέρῳ
3489 495 3559 550 δὲ
3577 497 3753 566 λόγος

2189 583 2480 654 γνώσεως,
2501 587 2668 650 ἄλλῳ
2691 585 2760 639 δὲ
2783 587 3012 653 πίστις,
3031 587 3197 653 ἄλλῳ
3224 589 3566 657 χαρίσματα
3588 586 3752 656 ίαμά-

2190 691 2323 730 των.
2368 677 2506 730 Ἀλλ’
2537 676 2667 742 ἴσως
2706 677 2849 731 είποι
2875 695 2961 741 τις
2997 679 3084 744 ἂν,
3114 681 3251 752 ὅπερ
3285 675 3380 733 οὖν
3421 680 3516 734 καὶ
3562 678 3756 749 ἀληθές

2190 767 2356 830 ἐστιν,
2378 768 2458 820 ὅτι
2489 768 2682 839 ἑτέραν
2699 769 2882 823 πίστιν
2900 771 3053 841 φησὶ,
3075 770 3142 823 δι’
3163 768 3230 843 ἦς
3249 769 3504 841 θαύματα
3525 771 3753 839 ἐγίνετο.

2190 853 2320 908 Οἶδα
2354 857 2446 910 καί
2479 855 2610 925 ἐγὼ,
2643 859 2725 911 ὅτι
2752 858 2914 930 ἑτέρα
2940 859 3146 930 ἐκείνη,
3167 861 3295 931 περὶ
3321 857 3389 932 ἦς
3418 861 3512 914 καὶ
3541 861 3592 914 οί
3624 858 3756 913 ἀπό-

2191 943 2365 996 στολοι
2394 944 2598 1014 ἔλεγον·
2623 948 2891 1015 Πρόσθες
2910 947 3055 1016 ἡμῖν
3075 949 3304 1003 πίστιν·
3331 949 3494 1022 ἑτέρα
3515 951 3572 1003 δὲ
3597 951 3755 1022 αῦτη,

2191 1034 2313 1087 καθ’
2337 1035 2406 1106 ἥν
2431 1037 2629 1101 πάντες
2658 1037 2824 1107 ἐσμὲν
2860 1039 3060 1104 πιστοὶ,
3094 1041 3295 1112 σημεῖα
3329 1039 3427 1112 μὲν
3451 1042 3512 1095 οὐ
3545 1041 3760 1095 ποιοῦν-

2189 1140 2300 1190 τες,
2344 1125 2441 1196 τὴν
2467 1126 2523 1179 δὲ
2550 1127 2750 1195 γνῶσιν
2780 1129 2991 1199 ἔχοντες
3024 1131 3123 1202 τῆς
3157 1131 3459 1196 εὐσεϐείας
3499 1131 3639 1187 ἀλλά
3668 1132 3760 1186 καὶ

2192 1216 2423 1271 ἐνταῦθα
2441 1219 2538 1289 τῆς
2571 1220 2663 1274 τοῦ
2685 1221 2994 1292 Πνεύματος
3024 1223 3182 1294 χρεία
3205 1224 3476 1296 βοηθείας.
3507 1225 3621 1280 Καὶ
3653 1227 3760 1298 γάρ

2191 1309 2320 1381 περί
2340 1327 2481 1374 τινος
2509 1313 2538 1364 ό
2574 1311 2786 1375 Λουκᾶς
2811 1314 3030 1385 γράφει,
3059 1315 3142 1369 ὅτι
3177 1316 3449 1385 Διήνοιξε
3476 1316 3592 1385 τὴν
3624 1335 3762 1389 acap-

2191 1402 2330 1456 δίαν
2355 1404 2564 1470 αὐτῆς,
2606 1404 2712 1458 τοῦ
2738 1405 3062 1474 προσέχειν
3106 1407 3230 1474 τοῖς
3268 1408 3614 1478 λεγομένοις
3645 1410 3762 1464 ὑπὸ

2191 1495 2299 1549 τοῦ
2330 1496 2591 1549 Παύλου.
2628 1497 2736 1549 Kal
2771 1498 2800 1548 ὁ
2831 1499 3081 1568 Χριστόςο
3119 1499 3326 1565 Οὐδείς
3353 1501 3588 1569 ἔρχεται
3618 1503 3765 1571 πρός

2187 1603 2286 1654 με,
2318 1587 2427 1640 ἐὰν
2441 1587 2526 1656 μὴ
2562 1591 2595 1642 ὁ
2626 1587 2826 1655 Πατὴρ
2856 1590 3088 1658 ἐλκύσῃ
3112 1593 3314 1645 αὐτόν.
3351 1591 3562 1646 Οὐκοῦν
3594 1597 3643 1646 εί
3671 1594 3764 1650 τοῦ

2193 1676 2328 1729 Θεοῦ
2378 1679 2491 1730 ἐστι
2513 1677 2668 1732 τοῦτο
2689 1719 2702 1742 ,
2753 1680 2805 1732 τί
2861 1680 3263 1751 ἁμαρτάνουσιν
3289 1683 3338 1736 οί
3373 1681 3726 1748 ἀπιστοῦντες
3746 1724 3761 1748 ,

2199 1770 2335 1839 μήτε
2371 1769 2464 1822 τοῦ
2497 1770 2811 1840 Πνεύματος
2842 1771 3192 1842 βοηθοῦντος,
3239 1775 3373 1844 μήτε
3416 1775 3510 1828 τοῦ
3555 1777 3766 1848 Πατρὸς

2196 1857 2463 1921 ἕλκοντος,
2508 1861 2642 1929 μήτε
2675 1859 2766 1913 τοῦ
2801 1861 2931 1914 Υίοῦ
2965 1863 3318 1932 ὀδηγοῦντος;
3354 1867 3463 1919 Kal
3499 1867 3608 1938 γάρ
3642 1869 3768 1940 περὶ

2198 1949 2390 2002 ἑαυτοῦ
2429 1967 2612 2019 φησιν·
2665 1951 2804 2020 Ἐγώ
2838 1955 2956 2023 ειμι
3007 1956 3045 2022 ή
3091 1955 3251 2022 ὁδός.
3294 1955 3464 2010 Τοῦτο
3518 1958 3576 2011 δέ
3623 1958 3766 2028 λέγει

2197 2041 2431 2106 δεικνὺς,
2463 2044 2544 2097 ὅτι
2575 2045 2736 2098 αὑτοῦ
2768 2047 2924 2118 χρεία
2955 2049 3033 2112 είς
3063 2048 3122 2100 τὸ
3152 2051 3528 2124 προσαχθῆναι
3558 2053 3636 2124 τῷ
3657 2056 3770 2110 Πα-

2197 2133 2304 2202 τρί.
2343 2133 2405 2186 El
2431 2134 2608 2188 τοίνυν
2632 2136 2659 2188 ὁ
2692 2137 2878 2210 Πατὴρ
2903 2139 3070 2205 ἕλκει,
3109 2139 3139 2192 ό
3162 2141 3288 2206 Υἱὸς
3331 2149 3681 2214 χειραγωγεῖ,
3707 2147 3769 2201 τὸ

2199 2223 2420 2295 Πνεῦμα
2450 2227 2694 2294 φωτίζει,
2716 2228 2768 2282 τί
2797 2231 3198 2302 ἁμαρτάνουσιν
3222 2235 3273 2286 οί
3308 2235 3444 2304 μήτε
3476 2237 3769 2291 ὲλκυσθέν-

2197 2329 2308 2377 τες,
2343 2315 2480 2386 μήτε
2510 2320 3030 2390 χειραγωγηθέντες,
3056 2323 3191 2393 μήτε
3217 2324 3616 2394 φωτισθέντεςς
3647 2329 3771 2382 Ὀτι
3836 2325 3843 2332 ’

2203 2405 2278 2475 μὴ
2309 2406 2635 2476 παρέχουσιν
2663 2407 2845 2473 ἀξίους
2883 2410 3109 2476 ἑαυτοὺς
3143 2413 3236 2466 τοῦ
3274 2413 3478 2486 ταύτην
3506 2415 3766 2481 δέξασθαι

2198 2496 2298 2567 τὴν
2334 2497 2616 2568 έλλαμψιν.
2645 2500 2785 2570 Ὅρα
2829 2501 2959 2568 γοῦν
3001 2503 3092 2555 ἐπὶ
3134 2503 3228 2559 τοῦ
3270 2505 3570 2576 Κορνηλίου
3613 2507 3772 2562 τοῦτο

2201 2588 2431 2658 συμϐάν·
2459 2591 2521 2642 οὐ
2553 2591 2661 2662 γὰρ
2692 2592 2904 2646 οἴκοθεν
2931 2595 3136 2658 ἐκεῖνος
3171 2594 3331 2648 τοῦτο
3368 2591 3548 2667 εὗρεν,
3590 2597 3702 2652 ἀλλ’
3740 2602 3770 2654 ό

2198 2680 2330 2744 Θεὸς
2354 2681 2515 2736 αὑτὸν
2547 2682 2826 2750 ἐκάλεσεν,
2855 2686 3040 2757 ἐπειδὴ
3069 2685 3378 2760 προλαϐὼν,
3408 2688 3602 2742 ἐαυτὸν
3621 2688 3771 2757 ἀξιον

2200 2771 2596 2841 παρεσκεύασε.
2639 2773 2739 2828 Διὰ
2773 2773 2837 2846 δὴ
2876 2775 3035 2830 τοῦτο
3071 2779 3165 2831 καὶ
3203 2778 3233 2830 ό
3271 2777 3482 2846 Παῦλος
3521 2783 3650 2854 περὶ
3679 2781 3770 2835 πί-

2202 2878 2372 2925 στεως
2404 2863 2779 2934 διαλεγόμενος
2803 2865 2979 2935 ἔλεγε·
3000 2868 3108 2922 Kal
3144 2869 3319 2924 τοῦτο
3342 2872 3454 2925 οὐκ
3482 2871 3553 2937 ἐξ
3582 2872 3768 2942 ὑμῶν,

2203 2953 2350 3007 Θεοῦ
2402 2955 2466 3008 τὸ
2495 2953 2704 3024 δῶρον.
2754 2957 2827 3010 Ού
2871 2958 2970 3028 μὲν
3017 2958 3222 3030 ἔρημόν
3269 2978 3328 3014 σε
3370 2963 3768 3035 καταλιμπάνει

2202 3043 2656 3114 κατορθωμάτων.
2688 3047 2750 3099 EE
2781 3045 2889 3117 γάρ
2922 3047 3084 3101 αὐτοῦ
3116 3051 3231 3104 ἐστι
3282 3050 3344 3104 τὸ
3391 3052 3619 3107 ἑλκύσαι
3673 3055 3769 3108 καὶ

2203 3134 2597 3202 ἐπαγαγέσθαι·
2628 3135 2742 3189 ἀλλ’
2763 3137 2910 3207 ὅμως
2940 3140 3033 3190 καὶ
3052 3138 3228 3211 ψυχὴν
3253 3141 3480 3214 εὐπειθῆ
3500 3143 3766 3214 ἐπιζητεῖ,

2201 3225 2292 3277 καὶ
2323 3227 2440 3278 τότε
2470 3227 2566 3296 τὴν
2596 3227 2722 3298 παρ’
2756 3227 2950 3280 ἑαυτοῦ
2981 3230 3297 3300 συμμαχίαν
3325 3233 3560 3301 εἰσάγει,

2269 3461 2358 3513 Διὸ
2385 3460 2475 3512 καὶ
2503 3459 2736 3530 ἀλλαχοῦ
2761 3479 2832 3531 φη
2843 3478 2891 3513 σι
2912 3461 3143 3526 Παῦλος
3175 3461 3299 3528 Τοῖς
3315 3461 3465 3516 κατὰ
3482 3465 3771 3532 πρόθεσιν

2198 3550 2440 3621 κλητοῖς
2469 3547 2668 3608 οὖσιν.
2703 3554 2779 3607 Οὐ
2815 3552 2923 3624 γὰρ
2949 3553 3014 3625 δὴ
3036 3554 3356 3628 ἠναγκάσθη
3392 3557 3464 3612 τά
3501 3556 3602 3628 τῆς
3638 3559 3768 3630 ἀρε-

2196 3644 2293 3714 τῆς
2321 3644 2413 3696 καὶ
2447 3645 2544 3714 τῆς
2576 3645 2849 3715 σωτηρίας
2881 3645 3032 3717 [511]
3068 3646 3244 3716 ἡμῶν.
3310 3648 3450 3702 Ἀλλ’
3483 3649 3534 3701 εί
3584 3651 3679 3702 καὶ
3709 3650 3769 3702 τὸ

2199 3735 2360 3788 πλέον
2391 3735 2553 3789 αὑτοῦ
2581 3738 2717 3800 ἐστι,
2746 3737 2927 3806 σχεδὸν
2956 3736 3011 3788 δέ
3048 3737 3142 3790 καὶ
3163 3737 3223 3789 τὸ
3251 3739 3378 3800 πᾶν,
3409 3739 3563 3808 ὅμως
3589 3740 3767 3812 ἀφῆκέ

2197 3843 2252 3878 τι
2274 3827 2367 3880 καὶ
2393 3827 2523 3896 ἡμῖν
2552 3828 2766 3897 μικρὸν,
2812 3826 2951 3880 ὥστε
2991 3829 3086 3880 καὶ
3131 3829 3484 3900 εὐπρόσωπον
3517 3831 3768 3898 γενέσθαι

2196 3917 2305 3970 τῶν
2340 3919 2618 3985 στεφάνων
2656 3918 2755 3988 τὴν
2795 3919 3084 3988 πρόφασιν.
3125 3918 3223 3971 Διά
3258 3918 3322 3990 δὴ
3370 3919 3528 3974 τοῦτο
3561 3921 3767 3984 Παῦλος

2198 4007 2385 4062 εἰπών·
2409 4011 2694 4078 Ἔχοντες
2721 4010 2790 4063 δὲ
2821 4009 2886 4062 τὸ
2907 4008 3053 4062 αὑτὸ
3077 4011 3318 4081 Πνεῦμα
3340 4010 3446 4080 τῆς
3476 4012 3736 4079 πίστεως
3752 4052 3766 4076 ,

2198 4103 2478 4164 τουτέστι,
2512 4104 2571 4154 τίι
2617 4103 2711 4155 καὶ
2748 4103 2805 4155 ἐν
2847 4105 2912 4173 τῇ
2945 4103 3156 4175 Παλαιᾷ
3195 4102 3453 4174 λαλῆσαν,
3488 4107 3767 4177 ἐπήγαγε·

2199 4193 2308 4248 Kal
2337 4193 2504 4263 ἡμεῖς
2541 4196 2920 4264 πιστεύομεν,
2953 4194 3045 4248 διὸ
3086 4197 3185 4250 καὶ
3213 4197 3540 4268 λαλοῦμεν.
3585 4199 3769 4271 Πολλῷ

2203 4285 2308 4356 γὰρ
2340 4284 2540 4354 μᾶλλον
2580 4285 2812 4340 ἐνταῦθα
2844 4286 3080 4350 πίστεως
3122 4288 3300 4359 χρεία,
3341 4289 3374 4360 ἢ
3411 4291 3547 4354 ἐκεῖ,
3589 4291 3679 4346 διά
3713 4309 3771 4346 τε

2199 4375 2299 4444 τὴν
2345 4373 2506 4444 φύσιν
2541 4373 2652 4428 τῶν
2697 4376 3036 4444 ἐπαγγελιῶν
3073 4378 3303 4450 ἀόρατόν
3355 4395 3413 4432 τε
3459 4377 3631 4435 οὖσαν
3681 4385 3771 4437 καὶ

2201 4465 2412 4535 νοερὰ-ν,
2442 4466 2531 4519 διά
2559 4483 2617 4519 τε
2654 4467 2752 4538 τὴν
2778 4468 2932 4534 τάξιν
2961 4469 3068 4521 τῶν
3097 4470 3322 4542 καιρῶν.
3363 4473 3436 4526 οὐ
3471 4475 3582 4545 γὰρ
3619 4477 3678 4528 ὲν
3699 4473 3771 4546 τῷ

2201 4557 2434 4626 παρόντι
2483 4559 2602 4630 βίῳ,
2651 4559 2767 4613 ἀλλ’
2803 4561 2861 4612 ἐν
2894 4560 2970 4632 τῷ
3001 4562 3246 4632 μέλλοντι
3293 4559 3359 4636 ἦν
3385 4565 3456 4618 τά
3487 4566 3698 4620 ἔπαθλα
3721 4569 3766 4621 δ.

2200 4646 2416 4701 Μᾶλλον
2453 4647 2509 4700 δέ
2543 4649 2638 4701 καὶ
2671 4651 2810 4722 ὑπὲρ
2850 4651 2960 4705 τῶν
2989 4652 3272 4723 παρόντων
3310 4653 3546 4720 πίστεως
3577 4657 3766 4726 χρείαο

2200 4741 2294 4793 καὶ
2317 4741 2424 4810 γὰρ
2461 4740 2599 4794 αὺτά
2621 4741 2688 4793 τὰ
2714 4742 2964 4813 διδόμενα
3004 4745 3237 4809 πίστεως
3277 4744 3446 4798 ἐδεῖτο
3479 4749 3575 4802 xal
3611 4752 3669 4802 ἐν
3701 4749 3770 4820 τῷ

2200 4830 2459 4894 δίδοσθαι,
2503 4831 2538 4902 ἥ
2585 4847 2644 4884 τε
2695 4831 2804 4886 τῶν
2845 4835 3156 4906 μυστηρίων
3209 4838 3500 4906 κοινωνία,
3563 4841 3660 4896 τοῦ
3717 4858 3770 4895 τε

2203 4919 2574 4991 βαπτίσματος
2600 4924 2633 4992 ἡ
2663 4921 2858 4994 δωρεά.
2882 4923 3038 4978 Οὕτω
3064 4927 3238 4980 πάντα
3261 4927 3418 4996 λόγον
3449 4931 3772 5002 ὑπερέϐαινσ

2200 5015 2308 5068 τῶν
2340 5015 2560 5084 ἀγαθῶν
2590 5019 2624 5089 ἡ
2654 5017 2900 5088 δύναμις.
2925 5019 2988 5072 El
3013 5019 3190 5074 τοίνυν
3219 5021 3277 5074 ἐν
3304 5026 3417 5086 τοῖς
3444 5028 3770 5094 παχυτάτοις

2201 5110 2430 5174 ἐκείνοις
2460 5109 2554 5164 καὶ
2583 5110 2859 5182 αἰσθητοῖς
2891 5111 3126 5176 πίστεως
3171 5112 3310 5176 ἔδει,
3357 5115 3542 5186 πολλῷ
3577 5117 3770 5187 μᾶλλον

2203 5200 2456 5255 ἐνταῦθα.
2503 5202 2637 5254 Ἀλλ’
2678 5205 2712 5274 ἡ
2761 5202 2858 5272 μὲν
2883 5202 3214 5274 ἀποστολικὴ
3253 5204 3398 5271 λέξις
3457 5207 3558 5277 τὴν
3608 5225 3770 5280 προσσ-

2211 5291 2438 5359 ηκουσαν
2465 5290 2756 5360 ἑρμηνείαν
2779 5291 3016 5361 εἴληφενο
3044 5293 3162 5363 ῶρα
3187 5293 3370 5347 λοιπὸν
3385 5296 3548 5350 πάλιν
3569 5299 3662 5350 καὶ
3686 5296 3770 5350 ἐπὶ

2200 5381 2300 5452 τὴν
2331 5382 2670 5453 προφητικὴν
2702 5384 2894 5449 ἐλθεῖν,
2939 5385 3032 5438 καὶ
3068 5387 3242 5437 εἰπεῖν
3272 5386 3324 5438 τί
3351 5403 3517 5456 φησιν
3546 5391 3573 5440 ὁ
3601 5388 3771 5458 μακά-

2264 5697 2294 5738 b
2314 5691 2461 5748 Savil.
2489 5697 2537 5744 in
2560 5697 2779 5758 margine
2803 5696 2901 5744 ἀλλ”
2927 5695 2974 5744 ἐν
2995 5697 3062 5743 τῶ
3083 5695 3294 5756 μᾶλοντί
3317 5697 3407 5744 εἶσι
3431 5698 3492 5746 :a
3521 5698 3703 5750 ἔπαυε,
