4062 6208
309 339 410 394 ὅὲι

316 454 380 508 Et
405 453 525 509 ideo
555 452 689 506 dicit
719 471 732 506 :
766 451 1019 522 Respicite
1041 451 1107 504 ad
1134 449 1344 504 solidam
1373 457 1582 516 petram,
1611 461 1673 499 ea:
1691 459 1787 514 qua
1813 458 1900 495 rx-

316 545 406 597 risi
433 544 572 607 estis,
597 542 874 598 Abraham
894 544 963 596 ita
988 555 1183 596 vocans
1213 559 1226 594 :
1254 549 1299 592 et
1324 540 1510 610 fossam
1532 537 1692 599 lacus,
1723 551 1784 588 ex
1805 548 1901 603 quo

316 633 486 698 e/Tossi
517 633 637 686 estis
660 674 674 694 ,
727 633 947 688 Sarrana
997 633 1064 686 ita
1111 631 1390 685 nominans
1420 627 1513 698 (a).
1541 624 1900 694 Quemadmo-

316 724 448 788 dum
481 723 626 778 enim
663 723 818 778 lacus
843 740 1032 794 aquam
1075 737 1170 792 per
1211 737 1270 776 se
1300 736 1402 774 non
1434 719 1612 784 habet,
1651 717 1746 772 sed
1782 730 1899 770 eam

319 817 546 884 suscipit
576 830 641 869 ex
672 818 918 883 supernis
961 814 1147 884 pluviis
1177 831 1189 866 :
1220 813 1289 866 ita
1313 812 1470 866 etiam
1500 810 1584 863 illa
1609 823 1729 862 cum
1760 815 1902 862 esset

317 907 521 974 privata
550 903 807 961 facultate
851 904 1118 977 gignendi,
1147 919 1176 957 a
1203 903 1448 973 supernis
1483 902 1690 972 accepit
1714 900 1853 954 illam
1883 916 1899 962 ;

311 1007 370 1051 et
401 993 855 1066 quemadmodum
887 1004 1031 1064 petra
1079 1008 1364 1064 numquam
1395 993 1621 1047 fructum
1661 991 1801 1056 tulit,
1831 990 1900 1043 ita

318 1101 418 1141 nec
449 1085 591 1140 ferre
617 1094 826 1156 poterat
852 1085 1120 1139 Abraham
1147 1101 1161 1137 :
1189 1099 1288 1152 ego
1311 1094 1484 1139 tamen
1511 1097 1610 1139 vos
1635 1083 1780 1137 illinc
1803 1097 1902 1136 ex-

315 1177 510 1247 culpsi,
543 1188 597 1232 et
627 1192 692 1232 ex
723 1191 831 1232 uno
872 1185 952 1231 tot
975 1184 1028 1232 et
1071 1185 1246 1231 tantas
1273 1177 1520 1248 regiones
1568 1175 1801 1245 implevi.
1837 1174 1904 1230 Et

320 1270 444 1322 ideo
475 1269 812 1326 Ezechielcm
835 1284 1044 1340 quoque
1067 1269 1118 1321 iu
1148 1283 1396 1338 campum
1424 1267 1620 1332 educit,
1646 1276 1698 1322 et
1724 1275 1908 1322 osten—

315 1345 394 1412 dit
419 1359 465 1412 ci
496 1359 767 1413 cumulum
795 1349 1017 1425 ossium,
1048 1368 1102 1414 et
1145 1358 1472 1428 prepbetans
1519 1372 1640 1412 ossa
1681 1358 1898 1424 excitat,

316 1447 608 1504 ostendens
630 1449 729 1514 eis,
763 1458 815 1504 et
845 1449 1030 1504 dicens
1055 1467 1068 1503 :
1101 1447 1162 1504 Si
1189 1466 1393 1520 possum
1413 1449 1631 1503 excitare
1654 1459 1899 1512 mortuos,

317 1542 478 1595 multo
506 1543 668 1612 magis.
695 1557 800 1606 vos,
829 1541 913 1608 qui
953 1542 1134 1607 vivitis,
1161 1541 1395 1596 reducere
1421 1541 1633 1612 (Exerit.
1666 1541 1752 1596 37.
1789 1542 1900 1608 15).

317 1631 394 1686 Illi
423 1631 637 1702 quidem
669 1632 746 1686 sic
776 1650 787 1684 ε
823 1632 908 1686 hic
935 1639 1111 1688 autem
1141 1632 1396 1702 propheta
1427 1631 1734 1702 quomodo?

390 1744 545 1798 Fidei
591 1747 856 1800 necessitas
881 1746 935 1799 in
965 1744 1397 1816 promissionibus.
1441 1744 1645 1799 Rationi
1670 1745 1906 1798 humana!

322 1854 421 1890 non
449 1837 770 1890 innitendum
797 1838 848 1890 in
888 1838 1036 1892 rebus
1079 1838 1280 1891 divinis.
1333 1866 1404 1879 --
1447 1837 1671 1903 Credidi,
1699 1848 1904 1908 prapter

318 1928 452 1990 quod
504 1928 739 1996 loquutus
784 1944 914 1982 sum.
975 1929 1086 1984 Hoc
1133 1936 1254 1983 est:
1286 1927 1416 1982 Fide
1458 1942 1591 1996 opus
1619 1938 1702 1982 est
1745 1927 1811 1980 ad
1842 1943 1902 1981 ea

321 2034 435 2083 qua:
465 2019 886 2087 promittuntur:
918 2033 1016 2087 ego
1055 2019 1196 2074 enim
1243 2034 1303 2074 ea
1344 2018 1582 2088 cogitans
1625 2029 1679 2073 et
1723 2019 1904 2074 animo

321 2109 626 2174 revolvens,
663 2109 765 2163 ﬁde
813 2109 1112 2165 introducta
1156 2124 1369 2164 omnem
1418 2109 1594 2179 expuli
1621 2109 1903 2178 perturba-

323 2199 540 2254 tionem.
577 2199 687 2254 lloc
717 2214 845 2269 ergo
873 2200 1003 2255 dicit
1034 2199 1250 2266 Paulus,
1303 2200 1354 2253 in
1388 2199 1469 2253 his
1510 2199 1814 2266 sensilibus,
1851 2209 1905 2254 ct

321 2307 436 2358 qua:
470 2291 718 2344 videntur
748 2291 923 2358 bonis,
973 2289 1079 2346 ﬁde
1107 2306 1240 2361 opus
1265 2306 1403 2346 esse.
1437 2291 1588 2359 Quod
1614 2292 1658 2363 si
1689 2291 1740 2345 in
1777 2305 1903 2346 seu-

319 2382 529 2446 silibus,
561 2383 727 2436 multo
749 2383 914 2452 magis
937 2383 987 2436 in
1019 2383 1398 2452 spiritualibtts.
1423 2382 1476 2437 Si
1495 2383 1634 2438 enim
1663 2391 1723 2437 ut
1752 2398 1902 2437 suam

317 2472 590 2526 civitatem
625 2489 684 2526 se
718 2482 1125 2542 recuperaturos
1154 2473 1515 2537 admitterent,
1544 2473 1623 2528 eis
1651 2473 1743 2528 fuit
1769 2488 1903 2542 opus

322 2562 423 2617 ﬁde
454 2579 468 2614 :
503 2562 672 2617 multo
712 2564 881 2634 magis
917 2563 1088 2631 nobis,
1135 2565 1225 2634 qui
1275 2564 1465 2619 cadum
1509 2576 1900 2635 exepectamus.

315 2653 544 2720 Quando
569 2669 697 2724 ergo
723 2664 805 2709 est
839 2654 1036 2724 aliquid
1065 2671 1334 2724 magnum,
1363 2667 1417 2710 et
1445 2656 1588 2726 quod
1623 2655 1902 2726 cogitatio-

319 2763 438 2801 nem
467 2757 524 2802 et
548 2749 808 2802 rationem
848 2757 1088 2817 superat,
1119 2756 1329 2818 oportet
1365 2764 1483 2804 eam
1523 2764 1820 2817 assumere,
1849 2759 1905 2806 et

321 2853 426 2894 non
453 2838 690 2894 lmmano
720 2840 908 2894 ordine
930 2855 1015 2895 res
1035 2842 1361 2896 examinare.
1389 2841 1735 2898 Admirabilia
1759 2845 1900 2898 enim

322 2929 412 2984 Dei
439 2947 602 3002 opera
629 2940 758 2986 sunt
783 2932 847 2986 iis
875 2931 1125 2987 omnibus
1152 2933 1446 3003 superiora.
1475 2933 1698 3003 Oportet
1727 2935 1904 3005 itaque

321 3037 411 3076 ora
459 3024 760 3078 rationibus
804 3024 1148 3080 obstruentes
1188 3025 1252 3080 ad
1304 3025 1463 3080 ﬁdem
1513 3041 1814 3092 accurrere,
1850 3038 1905 3084 et

323 3113 490 3169 Deum
511 3115 685 3184 gloria
714 3113 954 3170 afﬁcere.
987 3115 1084 3183 Qui
1113 3117 1255 3171 enim
1285 3116 1491 3171 ratione
1514 3118 1788 3173 contendit
1817 3134 1905 3174 res

319 3204 386 3258 ad
418 3206 565 3260 illum
588 3213 890 3276 spectantes
922 3207 1180 3272 invenire,
1209 3223 1545 3278 nequaquam
1581 3224 1702 3264 eum
1730 3211 1903 3280 gloria

321 3295 511 3361 afﬁcit,
541 3305 598 3350 ut
621 3299 707 3367 qui
747 3299 1008 3352 ratiocinii
1037 3299 1118 3354 sui
1148 3298 1432 3356 humilitati
1460 3301 1587 3356 velit
1614 3303 1902 3360 inelfabilia

319 3385 444 3454 ejus
470 3389 778 3442 tecouomize
803 3389 1023 3443 consilia
1043 3389 1331 3459 subjicere.

388 3501 441 3553 2.
491 3500 612 3556 ldco
634 3500 697 3556 de
723 3500 992 3556 Abraham
1020 3517 1229 3573 quoque
1261 3504 1484 3575 loquens
1526 3505 1742 3574 Paulus,
1767 3523 1903 3578 quo-

314 3593 458 3647 niam
495 3609 602 3646 non
633 3593 736 3647 hoc
767 3592 927 3660 fecit,
956 3595 1049 3648 sed
1077 3610 1201 3650 suas
1245 3597 1478 3652 rationes
1505 3598 1904 3668 reprehendens

309 3684 556 3751 respexit
574 3683 640 3736 ad
665 3684 954 3752 potentiam
977 3684 1094 3753 ejus
1116 3685 1203 3754 qui
1229 3694 1310 3741 est
1330 3687 1616 3757 pollicitus,
1643 3698 1695 3745 et
1720 3699 1902 3746 ostcn~

307 3773 447 3829 dens
475 3790 602 3829 eum
624 3767 722 3830 hac
745 3775 952 3830 ratione
982 3775 1150 3830 Deum
1179 3778 1406 3832 maxima
1438 3779 1603 3849 gloria
1633 3779 1896 3848 aﬁ‘ecisse,

304 3867 436 3921 dicit
467 3885 480 3921 :
506 3866 578 3921 In
608 3868 940 3938 promissione
966 3871 1098 3922 enim
1126 3867 1224 3924 Dei
1253 3886 1353 3924 non
1383 3869 1633 3926 luesitavit
1659 3873 1898 3929 incredu~

307 3959 471 4026 litate,
503 3961 596 4014 sed
622 3961 821 4014 ualidus
861 3965 1028 4032 factus
1057 3971 1130 4015 est
1154 3963 1285 4032 ﬁde,
1318 3962 1447 4016 dans
1470 3965 1684 4034 gloriam
1709 3965 1836 4030 Deo,
1854 3975 1901 4021 el

300 4063 438 4107 certo
463 4069 772 4118 persuasus,
797 4053 960 4122 ipsum
989 4053 1128 4123 quod
1151 4053 1406 4123 pollicitus
1433 4063 1503 4109 est
1521 4097 1536 4122 ,
1578 4073 1723 4126 posse
1751 4059 1902 4112 etiam

298 4147 477 4212 facere
506 4143 688 4215 (Rom.
725 4145 775 4199 4.
795 4143 885 4199 20.
906 4144 1021 4215 21).
1039 4144 1178 4213 Quid
1206 4161 1365 4214 porro
1392 4157 1494 4213 est,
1521 4147 1770 4204 llubentes
1809 4167 1904 4204 att-

299 4245 399 4288 tcm
430 4237 672 4290 eumdem
703 4236 953 4305 Spiritum
967 4237 1109 4305 ﬁdei,
1127 4240 1255 4291 sicut
1278 4239 1518 4308 scriptum
1543 4250 1615 4294 est
1636 4257 1656 4295 :
1676 4241 1912 4308 Credidi:

298 4337 517 4398 propter
565 4329 704 4399 quod
752 4330 982 4400 loquutus
1023 4345 1133 4384 sum
1156 4345 1175 4384 :
1205 4340 1251 4384 et
1289 4347 1380 4386 nos
1416 4332 1668 4387 credimus
1695 4346 1903 4406 propter

293 4422 437 4489 quod
463 4431 512 4475 et
547 4422 807 4490 loquimur
837 4421 911 4494 (ε.
942 4421 1061 4476 Cor.
1088 4423 1296 4493 4.15)?
1667 4411 1670 4414 ﬁ

366 4532 617 4601 Spiritus
645 4521 784 4586 idem
805 4533 1060 4602 utriusque
1089 4531 1398 4590 Testamenti
1422 4536 1679 4592 conditor.
1710 4537 1888 4592 Gratia

1388 326 1736 387 EXPOSITIO
1774 323 1836 378 ΙΝ
1874 322 2186 379 PSAMIUM
2225 323 2378 380 CXV.

3485 337 3589 393 πὶ

2006 450 2102 492 tem
2152 442 2379 495 eumdem
2428 441 2676 510 Spiritum
2703 444 2870 514 ﬁdei?
2902 447 2962 501 Et
3011 465 3071 504 ea
3103 465 3221 520 quas
3268 451 3407 508 dicta
3465 468 3586 511 sunt

2003 533 2327 601 significans,
2368 547 2420 588 et
2472 535 2761 592 ostendens
2804 551 2940 606 opus
2990 555 3109 596 esse
3163 545 3588 612 suppeditatione

2005 621 2235 691 Spiritus
2264 624 2330 678 ad
2367 626 2834 682 consceudcndum
2880 628 2946 681 ad
2977 630 3307 687 altitudinem
3349 634 3506 703 ﬁdei,
3535 646 3591 692 et

2003 713 2425 782 vilipeudendam
2457 717 2722 772 rationum
2767 718 3210 776 imbecillitatem.
3239 721 3306 776 Et
3327 723 3448 779 ideo
3475 726 3592 795 ipse

2003 821 2214 876 quoque
2246 809 2370 864 alibi
2399 808 2527 863 dicit
2559 827 2573 863 :
2605 809 2886 880 Unicuique
2911 821 3076 865 autem
3101 815 3440 884 manifestatio
3463 815 3592 888 Spi-

2003 899 2130 952 ritus
2155 899 2307 952 datur
2327 901 2395 952 ad
2414 900 2700 955 utilitatem.
2725 901 2828 955 Alii
2859 903 2993 956 enim
3031 920 3120 972 per
3144 902 3401 973 Spiritum
3441 905 3596 960 datur

2004 1005 2168 1043 sermo
2187 991 2558 1059 sapientiw,alii
2579 1001 2744 1046 autem
2756 1008 2919 1046 sermo
2939 993 3184 1056 scientiae,
3203 993 3297 1048 alii
3313 1012 3425 1048 vero
3443 996 3594 1063 ﬁdes.

2005 1079 2095 1134 alii
2114 1090 2279 1135 autent
2301 1082 2436 1136 dona
2463 1084 2782 1138 sanationum
2810 1083 2883 1154 (2.
2915 1083 3032 1138 Cor.
3055 1084 3144 1139 l2.
3173 1085 3330 1156 7-9).
3349 1086 3454 1142 Sed
3486 1089 3594 1141 lur—
3628 1148 3631 1152 ι
3661 1093 3672 1100 ⁸

2009 1180 2150 1228 [asse
2176 1172 2372 1228 dixerit
2399 1175 2681 1244 quispiam,
2708 1175 2850 1245 quod
2878 1176 3038 1230 etiam
3067 1193 3254 1232 verum
3284 1188 3387 1248 est,
3418 1178 3594 1249 ipsum

2006 1265 2164 1319 aliam
2208 1265 2386 1320 dicere
2428 1265 2608 1332 ﬁdem,
2631 1281 2728 1336 per
2756 1282 2914 1337 quam
2934 1267 3131 1322 ﬁebant
3165 1269 3439 1324 miracula.
3467 1268 3594 1326 Scio

2005 1371 2106 1427 ego
2134 1373 2344 1427 quoque
2375 1357 2533 1412 aliam
2561 1373 2681 1414 esse
2705 1357 2886 1424 ﬁdem,
2919 1359 2986 1413 de
3025 1375 3128 1429 qua
3172 1360 3400 1430 apostoli
3448 1360 3595 1416 dice-

2006 1447 2156 1514 bant,
2182 1448 2362 1519 Adjice
2391 1449 2534 1504 nobis
2563 1449 2718 1520 ﬁdem
2749 1449 2897 1521 (Luc.
2924 1452 3012 1506 17.
3042 1452 3096 1521 5)
3125 1470 3138 1507 :
3162 1462 3218 1506 et
3243 1452 3401 1506 aliam
3434 1453 3593 1521 hanc,

2006 1553 2102 1608 per
2149 1554 2308 1608 quam
2353 1555 2541 1594 sumus
2581 1555 2771 1596 omnes
2799 1540 3018 1608 ﬁdeles,
3053 1542 3201 1613 signa
3231 1544 3445 1613 quidem
3491 1561 3595 1600 non

2008 1629 2293 1694 iacientes,
2327 1630 2423 1684 sed
2469 1629 2723 1686 habentes
2761 1631 3120 1700 cognitionem
3163 1633 3372 1702 pietatis
3405 1652 3417 1686 :
3450 1635 3594 1705 atqui

2008 1721 2094 1776 hic
2146 1736 2358 1792 quoque
2387 1730 2470 1777 est
2501 1722 2656 1777 nobis
2684 1738 2818 1792 opus
2845 1724 3044 1778 auxilio
3085 1723 3337 1794 Spiritus.
3382 1725 3593 1781 Etenim

2006 1812 2074 1866 de
2103 1812 2331 1881 quadam
2359 1813 2544 1868 scribit
2563 1813 2754 1878 Lucas,
2788 1815 2998 1882 Aperuit
3023 1830 3110 1868 cor
3130 1816 3238 1885 ejus
3256 1858 3270 1879 ,
3296 1827 3351 1868 ut
3373 1818 3596 1870 attende-

2007 1913 2078 1958 ret
2102 1919 2180 1967 ea,
2208 1919 2324 1970 qua:
2351 1903 2691 1957 dicebautura
2715 1901 2884 1958 Paulo
2913 1905 3053 1974 (Act.
3078 1906 3164 1960 l6.
3201 1907 3311 1976 M).
3346 1908 3410 1961 Et
3439 1907 3596 1961 Chri-

2007 2003 2120 2049 stus
2145 2013 2158 2050 :
2193 1994 2358 2049 Nemo
2387 1997 2519 2050 venit
2544 1995 2612 2050 ad
2633 2012 2730 2063 me,
2755 1997 2852 2051 nisi
2881 1996 3039 2052 Pater
3053 1999 3261 2052 traxerit
3281 2015 3394 2053 eum
3412 1999 3594 2070 (Joau.

2007 2089 2060 2143 6.
2092 2090 2204 2156 44).
2234 2088 2290 2144 Si
2322 2090 2424 2144 hoc
2469 2104 2598 2160 ergo
2643 2090 2736 2144 Dei
2788 2099 2892 2157 est,
2915 2090 3183 2160 quomodo
3230 2103 3453 2162 pecraut
3501 2095 3592 2164 qui

2008 2196 2116 2235 non
2145 2181 2409 2248 credunt,
2442 2196 2562 2236 cum
2595 2196 2694 2236 nec
2721 2182 2952 2252 Spiritus
2979 2198 3132 2253 opem
3160 2183 3324 2249 lerat,
3350 2200 3448 2241 nec
3489 2185 3594 2240 Pa-

2009 2280 2088 2325 ter
2115 2271 2308 2338 trahat,
2327 2286 2427 2327 nec
2449 2272 2499 2324 in
2528 2272 2664 2327 viam
2686 2272 2916 2328 deducat
2936 2274 3139 2329 Filius?
3162 2275 3236 2330 De
3256 2277 3433 2346 seipse
3452 2279 3594 2333 enim

2007 2361 2134 2416 dicit
2162 2380 2174 2415 :
2207 2363 2317 2434 Ego
2345 2379 2457 2417 sum
2485 2365 2563 2417 via
2594 2363 2612 2434 (
2641 2364 2797 2419 Joan.
2830 2367 2915 2421 14.
2944 2365 3044 2437 6).
3095 2366 3207 2422 Hoc
3245 2378 3423 2425 autem
3468 2370 3597 2426 dicit

2008 2455 2299 2510 ostendens
2343 2471 2402 2510 se
2443 2470 2576 2526 opus
2604 2471 2724 2512 esse
2771 2458 2836 2512 ad
2887 2458 2990 2512 hoc
3035 2467 3095 2513 ut
3152 2459 3482 2517 adducantur
3527 2463 3596 2519 ad

2008 2546 2244 2601 Patrem.
2265 2546 2320 2603 Si
2351 2564 2478 2618 ergo
2502 2549 2659 2604 Pater
2685 2550 2866 2619 trahit,
2899 2551 3062 2608 Filius
3091 2551 3336 2620 deducit,
3367 2553 3597 2625 Spiritus

2009 2637 2290 2702 illuminat,
2319 2639 2442 2705 quid
2483 2649 2704 2708 peccant
2732 2641 2820 2710 qui
2851 2656 3024 2711 neque
3052 2643 3207 2698 tracti
3235 2653 3389 2709 sunt,
3419 2657 3592 2714 neque

2007 2727 2254 2794 deducti,
2284 2744 2382 2783 nec
2424 2729 2747 2784 illuminati?
2779 2730 3038 2798 Quoniam
3074 2747 3180 2786 non
3223 2733 3462 2802 praebent
3505 2749 3594 2789 se-

2008 2818 2153 2887 ipsos
2180 2819 2391 2890 dignos,
2417 2830 2473 2873 ut
2495 2835 2612 2874 eam
2637 2820 2932 2890 suscipiant
2974 2821 3438 2878 illuminationem.
3465 2823 3596 2880 Vide

2008 2924 2137 2980 ergo
2193 2910 2294 2964 hoc
2343 2910 2587 2965 evenisse
2632 2911 2916 2966 Cornelio:
2951 2926 3125 2982 neque
3179 2912 3320 2968 enim
3364 2913 3466 2970 hoc
3508 2915 3597 2970 ille

2007 2999 2147 3068 apud
2173 3016 2231 3055 se
2260 3000 2494 3066 invenit,
2521 3001 2614 3056 sed
2643 3017 2763 3056 eum
2796 3002 2936 3057 Deus
2959 3002 3186 3069 vocavit,
3210 3005 3457 3074 quoniam
3483 3005 3597 3075 ipse

2010 3107 2391 3162 prteoccupans
2411 3135 2426 3159 ,
2455 3093 2688 3163 seipsmn
2719 3093 2936 3164 dignum
2969 3093 3196 3150 reddidit
3223 3096 3358 3167 (Act.
3390 3097 3500 3167 10).
3531 3097 3597 3152 Et

2009 3184 2128 3238 ideo
2157 3183 2352 3238 Paulus
2378 3201 2590 3254 quoque
2627 3185 2693 3239 de
2735 3185 2838 3240 ﬁde
2874 3185 3167 3253 disserens,
3198 3187 3367 3242 dixit:
3397 3187 3466 3242 Et
3503 3190 3596 3242 hoc

2009 3293 2107 3330 non
2127 3293 2191 3331 ea:
2217 3276 2371 3339 vobis,
2405 3275 2502 3329 Dei
2528 3286 2598 3330 est
2618 3277 2806 3330 donum
2837 3276 3052 3349 (Ep/tes.
3084 3277 3139 3332 2.
3169 3279 3246 3349 8).
3279 3277 3388 3336 Nec
3418 3288 3596 3335 tamen

2009 3376 2062 3423 te
2085 3369 2336 3438 relinquit
2363 3384 2585 3424 vacuum
2619 3369 2774 3424 bonis
2800 3369 3114 3424 actionibus.
3163 3369 3273 3424 Etsi
3303 3372 3444 3425 enim
3479 3372 3598 3440 ejus

2007 3469 2089 3515 est
2119 3460 2332 3514 trahere
2352 3469 2405 3513 et
2427 3459 2683 3515 inducere
2717 3477 2732 3512 :
2762 3461 2994 3514 animam
3018 3470 3192 3515 tamen
3220 3461 3443 3531 requirit
3471 3478 3592 3532 qua:

2008 3564 2210 3603 morem
2241 3557 2412 3618 gerat,
2439 3558 2491 3602 et
2519 3549 2674 3604 facile
2704 3558 2887 3621 pareat
2919 3567 2932 3604 :
2962 3559 3016 3604 et
3045 3557 3170 3604 tunc
3195 3563 3348 3604 suum
3375 3549 3597 3605 adhibet

2007 3640 2280 3693 auxilium.

2089 3729 2255 3784 Virtus
2277 3739 2322 3786 et
2345 3732 2481 3785 salus
2505 3740 2676 3785 nostra
2705 3730 2987 3785 necessitati
3016 3747 3117 3785 non
3141 3732 3421 3803 subjaceut.
3470 3731 3600 3787 Fide

2008 3823 2170 3892 magis
2199 3840 2324 3893 opus
2355 3827 2535 3878 habent
2566 3822 2842 3878 Christiani
2868 3840 3021 3894 quam
3047 3824 3596 3892 olimJudwi.—Quo-

2006 3915 2144 3969 circa
2172 3916 2294 3969 alibi
2313 3931 2524 3984 quoque
2545 3915 2670 3969 dicit
2688 3916 2881 3969 Paulus
2905 3932 2918 3968 ε
2946 3915 3238 3969 Secundum
3269 3919 3589 3988 propositum

2006 4011 2190 4057 vocans
2207 4004 2560 4074 (llom.8.28).
2580 4004 2760 4072 Neque
2784 4006 2925 4058 enim
2941 4005 3124 4069 virtus,
3143 4021 3242 4062 nec
3258 4007 3399 4062 salus
3417 4017 3596 4062 nostra

2009 4100 2312 4154 necessitati
2331 4097 2723 4168 subjacet.Nam
2743 4098 2844 4153 etsi
2867 4097 3094 4151 maxima
3122 4114 3264 4167 pars,
3282 4111 3438 4169 atque
3455 4101 3591 4152 adeo

2010 4188 2121 4243 l'ere
2138 4199 2301 4242 totum
2321 4187 2437 4258 ejus
2455 4189 2544 4256 sit,
2562 4188 2812 4258 exiguum
2833 4187 2958 4257 quid
2985 4197 3161 4243 tamen
3186 4190 3336 4242 nobis
3357 4189 3589 4258 reliquit,

2009 4289 2067 4335 ut
2094 4280 2283 4335 danda:
2324 4294 2536 4336 coronae
2573 4279 2816 4349 speciosa
2857 4279 2926 4332 sit
2952 4279 3182 4333 occasio.
3231 4277 3296 4332 Et
3328 4279 3445 4333 ideo
3471 4294 3591 4333 cum

2010 4373 2235 4428 dixisset
2277 4371 2516 4426 Paulus:
2555 4370 2808 4424 Habentes
2851 4379 3018 4423 autem
3058 4371 3286 4424 eumdem
3339 4368 3592 4439 Spiritum

2010 4467 2129 4534 ﬁdei
2151 4465 2226 4535 (2.
2259 4464 2377 4520 Cor.
2410 4464 2464 4519 1.
2498 4463 2609 4534 l3),
2634 4462 2736 4518 hoc
2757 4470 2874 4528 est,
2905 4461 2994 4532 qui
3024 4462 3182 4516 etiam
3232 4462 3482 4533 loquutus
3510 4475 3593 4516 est

2010 4557 2064 4611 in
2086 4556 2282 4621 Veteri,
2315 4555 2590 4626 subjunxit
2620 4573 2634 4610 :
2667 4551 2735 4608 Et
2761 4571 2856 4609 nos
2894 4554 3184 4619 credimus,
3217 4563 3424 4623 propter
3457 4554 3596 4622 quod

287 4623 356 4676 ad
376 4624 543 4691 ﬁdem
563 4624 944 4677 necessaria.—
973 4623 1067 4680 llic
1096 4625 1251 4681 nobis
1287 4641 1535 4698 magnum
1557 4628 1761 4684 revelat
1783 4644 1902 4699 my-

2010 4660 2056 4704 et
2078 4649 2351 4717 loquimur.
2393 4648 2555 4703 Multo
2575 4647 2721 4703 enim
2747 4647 2913 4718 magis
2940 4645 3024 4702 hic
3053 4643 3156 4701 ﬁde
3181 4661 3314 4716 Opus
3339 4647 3597 4703 habemus

288 4716 550 4769 stcrium.
578 4713 862 4780 Quodnam
891 4714 1033 4770 hoc?
1055 4716 1303 4786 Ejusdem
1326 4732 1445 4774 esse
1459 4717 1687 4789 Spiritus
1709 4737 1903 4777 novum

2009 4756 2168 4810 quam
2227 4740 2352 4804 illic,
2384 4747 2438 4792 ct
2485 4746 2699 4809 propter
2750 4745 2991 4792 naturam
3038 4739 3446 4806 promissorum,
3476 4755 3595 4809 qua:

2009 4833 2109 4888 sub
2136 4833 2302 4886 visum
2333 4848 2434 4886 nou
2467 4829 2696 4895 cadunt,
2729 4829 2820 4885 sed
2849 4829 2960 4884 sola
2989 4839 3166 4883 mente
3195 4831 3582 4900 percipiuntur;

2010 4933 2064 4977 et
2107 4930 2324 4994 pmptcr
2361 4920 2600 4974 ordinem
2649 4930 2970 4989 temporum.
3025 4918 3140 4972 Non
3195 4921 3339 4974 enim
3389 4920 3441 4974 in
3489 4922 3595 4973 \ita

2014 5014 2295 5084 prxscnti,
2322 5012 2413 5066 sed
2449 5014 2500 5065 in
2535 5010 2714 5066 futuro
2743 5023 2898 5066 erunt
2931 5013 3167 5082 praemia.
3199 5010 3309 5066 lmo
3332 5027 3458 5065 vero
3483 5019 3597 5063 erat

2010 5105 2170 5158 etiam
2201 5118 2334 5173 opus
2355 5103 2457 5156 ﬁde
2485 5117 2580 5170 pro
2603 5103 2955 5170 praesentibus
2986 5119 2998 5153 :
3025 5102 3223 5155 etenim
3252 5116 3312 5154 ea
3343 5101 3454 5168 ipsa
3476 5113 3595 5167 qum

2011 5195 2274 5250 dabantur
2303 5194 2427 5258 ﬁde,
2457 5192 2558 5248 ﬁde
2580 5208 2713 5262 opus
2742 5193 3025 5258 habebant,
3057 5191 3218 5246 etiam
3241 5189 3366 5244 dum
3393 5187 3596 5242 daban-

2015 5298 2121 5351 tur,
2154 5302 2348 5356 nempe
2383 5295 2436 5340 ct
2465 5286 2841 5357 mysteriorum
2890 5284 3194 5338 communio
3217 5324 3230 5344 ,
3256 5290 3309 5335 et
3347 5280 3594 5349 baptismi

2011 5382 2230 5436 donum.
2257 5379 2329 5432 lta
2363 5393 2576 5434 omnem
2602 5379 2865 5434 rationem
2892 5375 3180 5446 superabat
3202 5375 3280 5428 vis
3303 5375 3588 5430 bonorum.

2012 5451 2069 5530 Si
2095 5475 2270 5544 itaque
2299 5473 2352 5527 in
2375 5472 2720 5531 crassissimis
2745 5457 2850 5527 illis
2891 5479 2945 5526 et
2971 5468 3311 5524 sensibilibus
3342 5469 3444 5526 ﬁde
3475 5479 3593 5526 erat

2012 5582 2164 5636 opus,
2200 5567 2368 5620 multo
2385 5563 2563 5635 magis
2586 5563 2696 5619 hic.
2721 5562 2830 5619 Sed
2872 5561 3162 5633 apostolica
3201 5562 3420 5633 quidem
3468 5578 3594 5618 scu-

2015 5659 2177 5712 tcntia
2192 5657 2599 5712 convenientem
2621 5655 2826 5724 accepit
2844 5655 3333 5724 interpretationem
3352 5674 3364 5710 :
3385 5662 3594 5724 tempus

2019 5763 2099 5809 est
2127 5763 2302 5810 autem
2324 5793 2338 5820 ,
2366 5759 2423 5806 ut
2449 5748 2729 5806 redeamus
2772 5748 2838 5803 ad
2879 5747 3210 5820 prophetiam
3232 5792 3245 5817 ,
3277 5759 3326 5805 et
3355 5748 3591 5804 dicamus

287 4814 345 4858 ct
387 4805 565 4860 \‘etus
607 4803 1054 4862 Testamentum:
1102 4816 1156 4863 et
1199 4808 1442 4864 eumdem
1495 4809 1788 4879 Spiritum,
1815 4815 1902 4882 qui

286 4904 366 4948 est
423 4898 480 4949 iu
515 4910 588 4951 eo
644 4896 912 4965 loquutus,
939 4896 1023 4952 hic
1063 4913 1273 4969 quoque
1319 4900 1593 4970 loquutum
1640 4917 1761 4957 esse
1785 4943 1800 4968 ,
1841 4918 1904 4959 ac

287 4984 454 5041 ﬁdem
506 5002 644 5042 esse
689 4986 922 5041 omnium
968 4989 1296 5059 magistram,
1328 5005 1429 5046 nec
1461 4993 1662 5062 absque
1689 5008 1752 5047 ea
1805 5009 1904 5049 nos

283 5079 578 5147 quidpiam
636 5093 812 5148 posse.
866 5075 929 5133 Et
974 5096 1063 5134 nos
1118 5081 1292 5146 enim,
1351 5082 1560 5152 inquit,
1613 5083 1901 5149 credimus,

281 5177 331 5222 et
385 5169 510 5224 ideo
559 5169 846 5239 loquimur.
895 5169 952 5224 Si
1008 5184 1123 5224 eam
1171 5170 1312 5225 enim
1356 5173 1631 5229 sustuleris
1656 5214 1671 5238 ,
1731 5189 1797 5228 ne
1843 5188 1904 5229 os

281 5263 514 5332 quidem
569 5263 792 5332 aperire
843 5278 1145 5334 possumus.
1173 5266 1346 5334 Quare
1384 5276 1561 5324 autem
1609 5283 1715 5323 non
1747 5269 1900 5332 dixit,

280 5359 577 5416 Habentes
629 5367 811 5412 autem
857 5359 1098 5414 eamdem
1152 5359 1760 5430 ﬁdem,sed,llabentes
1805 5379 1901 5418 au-

340 5514 420 5578 (ᾳ)
454 5520 582 5578 sar;
603 5509 817 5578 quidem
837 5508 1016 5578 sterilis
1028 5515 1152 5578 erat,
1167 5511 1419 5578 referente
1435 5515 1688 5578 Scriptura.
1714 5521 1770 5565 Αι
1785 5529 1903 5578 quo-

771 5571 1003 5641 Aln-aliam
1024 5571 1174 5622 fuisse
1194 5574 1433 5641 sterilem,
1455 5584 1507 5624 et
1533 5571 1630 5625 non
1653 5571 1902 5641 magistgi-

273 5637 468 5699 gnendi
498 5631 754 5700 facultate
778 5631 1048 5700 praeditum,
1071 5646 1214 5700 quam
1254 5631 1462 5700 lapidem
1476 5673 1490 5693 ,
1514 5631 1903 5700 quandoquidem

277 5695 390 5760 post
402 5705 552 5809 ἕπε
579 5699 808 5746 mortem
827 5698 972 5742 astate
994 5695 1215 5755 grandior
1232 5695 1322 5746 sex
1346 5695 1470 5747 ﬁlios
1489 5695 1704 5761 suscepit
1722 5695 1790 5750 ex
1813 5709 1902 5754 ce-

277 5769 382 5809 utra
