4062 6208
487 321 593 380 3‘23

487 435 615 507 quid
643 433 770 490 dicit
817 433 902 488 hic
939 433 1145 488 beatus.
1181 428 1325 496 Quid
1356 442 1485 498 ergo
1505 424 1667 479 dicit?
1691 417 1911 479 Credidi,
1945 427 2066 484 pro-

487 536 597 596 pter
620 527 754 594 quod
774 526 1009 596 loquutus
1033 539 1164 577 sum.
1189 520 1348 590 Atqui
1369 518 1502 572 nihil
1533 524 1652 570 erat
1674 513 1848 568 adhuc
1877 513 2065 578 loquu-

489 628 573 669 tus
593 659 610 681 ,
639 617 732 671 sed
763 616 892 670 dicit
917 616 968 669 id
997 614 1137 684 quod
1179 621 1358 667 mente
1399 612 1509 679 jam
1537 624 1567 662 a
1593 623 1651 662 se
1681 607 1878 660 dictum
1927 612 2063 656 erat.

489 708 622 776 Quid
645 718 728 762 est
753 717 930 761 autem
953 706 1094 774 quod
1123 705 1233 773 jam
1255 704 1451 756 dictum
1475 699 1680 753 fuerat?
1707 695 2061 763 Cum,inquit,

488 803 629 855 illam
653 800 1009 854 calamitatem
1045 807 1100 853 et
1125 796 1399 852 Iudaicam
1424 793 1568 848 illam
1601 789 1911 860 tragoediam
1949 789 2067 842 ani-

487 909 573 946 mo
599 895 903 961 agitassem.
937 891 1192 958 illumque
1221 887 1491 940 interit-um
1525 883 1867 938 et-excidium
1895 891 2067 935 estre-

489 999 736 1051 mamque
767 983 1091 1044 vastitatem,
1125 993 1227 1032 nun
1258 976 1536 1044 desperavi
1571 975 1684 1028 fore
1709 1016 1722 1036 ,
1754 983 1808 1027 ut
1835 987 1922 1026 res
1947 988 2066 1025 ιιιιι-

491 1085 693 1129 taretur
719 1078 770 1126 in
803 1073 1031 1125 melius:
1061 1072 1168 1124 imo
1213 1082 1344 1122 vero
1389 1078 1444 1121 et
1481 1065 1688 1134 Spei-ovi
1716 1107 1730 1130 ,
1759 1074 1813 1118 et
1854 1079 2068 1116 annun-

488 1171 633 1231 tiavi,
663 1177 716 1222 et
747 1167 996 1234 loquutus
1021 1178 1158 1217 sum.
1187 1161 1320 1216 Nam
1361 1169 1417 1216 et
1458 1162 1510 1213 in
1543 1159 1810 1229 prioribus
1837 1158 2068 1212 Psalmis

487 1261 650 1314 multa
675 1260 740 1312 de
760 1259 841 1312 his
865 1257 1092 1312 disserui
1119 1273 1132 1321 ;
1167 1256 1417 1325 loquutus
1445 1268 1560 1307 sum
1585 1263 1759 1306 autem
1787 1261 1839 1306 et
1863 1265 2071 1304 annun-

491 1353 614 1406 tiavi
645 1369 673 1405 a
702 1351 806 1405 ﬁde
835 1351 1098 1406 eruditus.

559 1447 614 1499 5.
657 1445 804 1499 Alius
833 1453 1033 1506 autem,
1061 1439 1151 1510 qui
1179 1455 1282 1492 non
1317 1449 1397 1491 est
1429 1438 1495 1490 ab
1516 1451 1580 1490 ea
1612 1433 1767 1486 valde
1788 1433 2029 1487 eruditus
2050 1471 2064 1493 ,

492 1536 617 1591 vide
649 1534 918 1600 quomodo
945 1531 1208 1586 claudicet
1237 1541 1291 1584 et
1317 1528 1675 1598 perturbetur.
1700 1525 1830 1579 Nam
1863 1525 1961 1578 etsi
1985 1523 2068 1576 di-

489 1633 562 1685 cit
611 1631 758 1682 illum
811 1628 1082 1682 Psalmum
1138 1623 1325 1689 David,
1361 1636 1464 1674 non
1509 1629 1683 1672 tamen
1737 1633 1800 1671 ex
1839 1630 2067 1686 persona

492 1723 725 1791 prepria,
751 1719 842 1772 sed
879 1730 1101 1771 narrans
1131 1729 1353 1777 eorum,
1398 1711 1487 1781 qui
1532 1710 1866 1772 claudicant,
1907 1707 2068 1761 animi

494 1815 942 1886 perturbationes,
976 1811 1055 1864 sic
1081 1809 1250 1862 dixit:
1283 1807 1447 1870 Quam
1473 1806 1631 1858 bonus
1658 1803 1792 1859 Deus
1824 1800 1988 1854 Israel
2011 1801 2072 1854 iis

491 1908 574 1976 qui
599 1915 713 1959 sunt
741 1914 870 1957 recto
892 1903 1060 1955 corde.
1095 1899 1196 1953 Mei
1241 1909 1407 1951 autem
1435 1913 1560 1967 pene
1595 1896 1715 1948 moti
1755 1903 1870 1947 sunt
1901 1894 2068 1962 pedes,

498 2015 618 2056 vene
644 1995 788 2062 e/fusi
816 2004 930 2046 sunt
955 2009 1154 2063 gressus
1184 1991 1279 2043 mei
1309 1989 1477 2060 (Psal.
1505 1987 1694 2056 72.2):
1718 2000 1820 2039 non
1851 1986 2074 2054 loquens

493 2089 558 2142 de
579 2089 803 2159 pedibus
827 2095 880 2140 et
903 2086 1192 2156 gressibus,
1212 2081 1304 2138 sed
1333 2081 1399 2136 de
1425 2079 1910 2136 ratiocinationibus
1931 2077 2077 2131 clau-

495 2179 812 2231 dit-antibus.
857 2175 1080 2231 Causam
1129 2185 1304 2229 autem
1349 2171 1620 2241 subjunxit
1669 2171 1898 2224 dicens:
1933 2168 2073 2234 Quo-

496 2268 631 2321 niam
654 2268 808 2322 celavi
837 2278 1044 2339 proyter
1072 2266 1268 2335 iniquos
1285 2263 1443 2336 (Ibid.
1473 2279 1520 2317 υ.
1551 2264 1628 2332 5),
1657 2263 1757 2317 hoc
1779 2270 1863 2316 est
1889 2260 2076 2314 videns

497 2358 1048 2421 ﬁorentesharbaros,
1077 2357 1312 2425 dejectos
1341 2365 1517 2410 autem
1543 2363 1598 2410 et
1627 2354 1820 2409 fractos
1838 2352 2071 2408 Judzcos.

499 2451 559 2506 Et
589 2449 853 2520 quodnam
879 2463 1044 2518 genus
1071 2448 1199 2501 dicit
1225 2446 1659 2501 claudicationis?
1685 2443 1756 2498 Et
1774 2444 1920 2498 dixi:
1945 2443 2080 2498 Fru-

497 2554 602 2599 stra
627 2540 1036 2613 crgo-justiﬁcavi
1063 2557 1150 2593 cor
1173 2555 1361 2604 meum,
1397 2548 1442 2592 et
1485 2539 1584 2592 lavi
1623 2539 1752 2591 inter
1793 2538 2078 2590 innocentes

497 2649 676 2685 manus
699 2648 841 2685 meas
867 2630 968 2701 (Ib.
999 2647 1045 2684 υ.
1081 2630 1192 2700 15).
1221 2629 1286 2682 Ει
1313 2629 1561 2698 quidnam
1589 2629 1758 2698 ipsum
1787 2627 2072 2697 impulerit,

498 2731 558 2778 ut
585 2725 699 2778 haec
742 2723 964 2787 diceret,
993 2721 1123 2776 dicit
1155 2738 1166 2774 :
1200 2721 1448 2786 Quoniam
1472 2736 1584 2774 ecce
1620 2721 1672 2773 hi
1715 2730 1998 2790 peccatores
2032 2727 2079 2774 et

497 2815 732 2883 ﬂorentes
774 2820 826 2865 tn
869 2813 1109 2866 statutum
1135 2810 1451 2865 obtinuerunt
1478 2811 1676 2866 divitias
1699 2810 1858 2882 (Ibid.
1886 2825 1934 2864 ν.
1965 2809 2077 2880 12).

489 2907 703 2961 Deinde
731 2906 848 2961 vide
869 2905 1136 2975 quomodo
1159 2907 1394 2974 seipsum
1415 2919 1598 2959 rursus
1623 2904 1842 2974 colligit.
1866 2903 1928 2958 Si
1947 2903 2083 2957 dice-

500 2997 635 3063 bant,
663 2999 880 3050 narrabo
905 2998 975 3051 sic
1005 2996 1160 3050 :‘Hoc
1187 2997 1328 3049 labor
1353 3005 1448 3062 est,
1479 2995 1668 3064 inquit,
1702 3005 1817 3048 ante
1843 3010 1920 3047 me
1939 3035 1953 3059 ,
1985 2993 2080 3047 do-

505 3105 593 3140 nec
614 3089 866 3158 ingressus
895 3088 1075 3158 fuerim
1121 3088 1172 3138 in
1199 3086 1537 3138 sanctuarium
1569 3084 1683 3148 Dei,
1716 3093 1761 3138 el
1801 3083 2080 3152 intelligam

500 3179 555 3232 in
575 3187 797 3232 extrema
825 3179 1046 3248 ipsorum
1068 3175 1228 3244 (Ibid.
1254 3193 1300 3229 υ.
1328 3176 1533 3245 lii-l7).
1555 3175 1704 3241 Quod
1728 3185 1902 3229 autent
1932 3175 2079 3242 dicit,

503 3277 587 3324 est
638 3268 900 3338 ejusmodi
932 3285 944 3321 :
975 3268 1255 3331 Vexabar,
1307 3267 1578 3336 nmigebar
1627 3268 1678 3321 in
1725 3267 2082 3322 ratiocinatio-

505 3359 681 3415 nibus.
699 3360 830 3414 Tale
855 3359 980 3428 quid
1017 3358 1158 3412 enim
1201 3366 1283 3413 est
1310 3359 1660 3414 ratiocinatio.
1697 3359 1894 3414 Dein‘de
1935 3361 2080 3429 cogi-

503 3452 608 3506 tavi
641 3465 726 3505 me
755 3451 927 3504 facere
949 3465 1061 3503 rem
1086 3449 1422 3504 laboriosam.
1442 3451 1515 3504 De
1538 3451 1600 3505 iis
1620 3451 1764 3506 enim
1788 3451 2080 3521 inquirens,

507 3541 638 3596 nihil
671 3550 854 3610 potero
870 3541 1000 3594 certi
1033 3541 1372 3606 scire,donec
1386 3558 1470 3597 me
1484 3543 1534 3596 in
1560 3544 1780 3612 patriam
1799 3557 2078 3613 recepero.

579 3651 677 3708 Res
706 3651 826 3721 ﬁdei
857 3669 954 3706 non
983 3654 1350 3709 committenda:
1384 3656 1618 3710 Immanis
1641 3658 1940 3714 rationibus.
1991 3661 2086 3714 Fi-

505 3744 592 3798 des
617 3760 760 3798 sacra
791 3759 998 3799 ancora.
1021 3776 1092 3784 —
1119 3744 1276 3800 Vides
1301 3755 1553 3816 quantum
1581 3748 1650 3802 sit
1680 3749 1970 3818 periculum
1997 3767 2083 3806 res

507 3838 630 3892 ﬁdei
659 3839 963 3906 permittere
993 3838 1237 3893 humanis
1267 3841 1559 3896 rati0nihus
1578 3882 1592 3906 ,
1618 3849 1670 3895 et
1697 3857 1802 3896 non
1836 3843 1999 3897 ﬁdei?
2029 3842 2084 3898 Si

507 3929 594 3984 ille
617 3928 758 3983 cnim
790 3927 976 3984 inisset
1005 3929 1188 3984 ﬁrmus
1229 3940 1280 3984 et
1316 3945 1569 3988 constans
1591 3935 1645 3988 in
1677 3934 1779 3989 ﬁde
1800 3975 1815 4000 ,
1839 3951 1942 3990 non
1971 3935 2086 3992 haec

451 4033 460 4040 ·
506 4020 693 4075 fuisset
720 4021 966 4092 loquutus
985 4063 1000 4086 ,
1029 4037 1134 4076 non
1165 4021 1351 4076 fuisset
1380 4024 1716 4093 perturbatus
1745 4044 1758 4079 :
1788 4042 1892 4080 non
1933 4041 2083 4081 com-

509 4112 638 4166 moti
691 4120 870 4167 essent
922 4113 1037 4181 ejus
1083 4112 1276 4183 pedes,
1329 4130 1434 4168 non
1473 4124 1655 4170 essent
1703 4117 2084 4186 propemodum

508 4205 659 4259 effusi
701 4220 914 4273 gressus
952 4205 1086 4275 ejus.
1112 4205 1217 4260 Sed
1269 4224 1372 4261 non
1413 4209 1483 4260 ita
1533 4207 1619 4262 hic
1665 4209 1956 4278 propheta,
1991 4209 2086 4264 sed

506 4311 655 4355 stans
684 4317 841 4371 supra
885 4309 1092 4371 petram
1123 4291 1230 4356 non
1259 4301 1705 4369 conturhahatur,
1735 4303 1826 4357 sed
1870 4318 1955 4356 res
1997 4301 2088 4357 Ju-

512 4391 746 4444 daeorum
779 4391 965 4445 videns
992 4393 1061 4444 ita
1086 4407 1205 4446 esse
1235 4393 1479 4454 aﬁ'ectas,
1513 4409 1600 4449 res
1628 4404 1805 4447 autem
1838 4395 2089 4450 barbaro-

507 4497 624 4535 rum
653 4497 826 4547 secus,
846 4483 912 4536 de
943 4483 1112 4536 reditu
1143 4484 1282 4537 clara
1313 4500 1441 4540 voce
1470 4487 1840 4555 constantique
1862 4496 1915 4542 et
1943 4497 2084 4542 certa

513 4585 691 4626 tuente
723 4576 1026 4644 frequenter
1055 4575 1374 4643 praedicabat
1427 4579 1476 4629 in
1523 4578 1700 4634 multis
1731 4579 1956 4635 Psalmis
1989 4599 2002 4636 :
2034 4591 2087 4636 et

509 4665 660 4716 valde.
689 4665 1003 4728 conlidebat,
1035 4681 1133 4720 nec
1158 4667 1297 4720 vires
1324 4667 1688 4735 barbarorum,
1715 4686 1812 4725 nec
1833 4672 2085 4727 vilitatem

510 4751 812 4805 intimorum
841 4754 1142 4820 attendens,
1174 4757 1268 4810 sed
1299 4757 1392 4811 Dei
1419 4760 1752 4826 potentiam,
1781 4761 1868 4830 qui
1905 4778 1966 4815 ea
2006 4772 2087 4817 est

512 4843 796 4912 pollicitus.
831 4841 892 4896 Et
933 4844 1051 4898 ideo
1080 4846 1234 4912 dicit,
1268 4847 1488 4911 Credidi,
1517 4862 1722 4919 propter
1745 4853 1880 4922 quod
1907 4853 2086 4921 loquu-

511 4945 588 4986 tus
616 4949 726 4986 sum
748 4950 766 4986 :
788 4950 876 5006 ego
905 4945 1071 4988 autem
1097 4937 1386 4992 humiliatus
1412 4957 1524 4993 sum
1551 4941 1714 4995 valde.
1741 4943 1890 4998 Alius
1915 4945 2040 4998 dicit
2069 4963 2080 4998 :

515 5024 622 5095 Ego
649 5026 816 5095 utique
845 5027 1054 5099 amictus
1092 5046 1202 5082 sum
1231 5031 1394 5086 valde.
1426 5031 1478 5085 2.
1515 5031 1624 5103 Ego
1651 5051 1764 5087 vero
1786 5035 1894 5089 dixi
1914 5037 1968 5090 in
1996 5053 2086 5091 ea:-

508 5137 646 5172 eessu
679 5135 784 5174 meo
804 5161 818 5183 ,
852 5119 1031 5176 Omnis
1057 5121 1204 5180 homo
1228 5124 1462 5178 mendax.
1494 5127 1672 5195 Alius,
1707 5128 1771 5182 Et
1801 5130 1908 5184 dixi
1931 5133 2090 5184 animi

508 5213 718 5276 anxius,
756 5211 931 5267 Omnis
959 5214 1106 5266 homo
1128 5216 1384 5270 mentitur.
1425 5216 1518 5272 llic
1541 5217 1660 5272 ﬁdei
1688 5220 1940 5288 splendor
1969 5237 2086 5276 rur-

508 5315 600 5354 sus
629 5302 946 5368 osteuditur,
970 5303 1116 5374 .quod
1153 5321 1220 5360 ne
1267 5308 1572 5376 magnitudo
1613 5310 1824 5378 quidem
1875 5312 2090 5368 calami-

511 5395 631 5446 tatis
649 5409 770 5448 eum
801 5395 1122 5464 prmcipitem
1153 5395 1360 5452 dederit
1381 5398 1436 5454 in
1459 5399 1906 5468 desperationem.
1936 5403 2090 5472 Ejus-

512 5484 652 5538 modi
681 5487 822 5540 enim
854 5503 939 5541 res
969 5497 1049 5541 est
1073 5489 1202 5543 lides
1233 5507 1248 5544 :
1275 5500 1356 5546 est
1397 5489 1636 5554 dumdum
1667 5506 1817 5547 sacra
1856 5508 2048 5548 ancora
2069 5535 2084 5559 ,

509 5590 627 5644 qua:
663 5577 893 5646 undique
923 5591 1184 5634 sustentat
1221 5593 1454 5636 mentem
1495 5599 1612 5652 qua:
1639 5583 1688 5638 ei
1729 5585 1964 5640 adhteret
1993 5604 2010 5641 :
2035 5595 2092 5643 et

512 5673 638 5721 tunc
665 5671 896 5724 maxime
937 5671 1233 5726 ostenditur
1269 5673 1480 5743 quando
1531 5675 1584 5734 in
1631 5677 1858 5732 maxima
1905 5693 2081 5735 rerum

1265 317 1322 372 S.
1361 309 1638 370 JOANNIS
1674 298 2146 362 CIIRYSOSTOMI
2187 295 2502 352 ARCHIEP.
2539 294 3077 351 CONSTANTINOP.

3649 299 3756 354 52L

2173 406 2486 462 difﬁcultate
2530 411 2580 465 ei
2611 407 2928 477 persuadet,
2961 409 3048 478 qui
3097 408 3184 466 illa
3231 424 3312 470 est
3360 413 3654 484 praeditus,
3699 390 3754 470 ut

2172 498 2366 557 bonum
2392 518 2543 573 spem
2573 504 2764 562 haheat
2783 547 2798 572 ,
2826 507 3047 577 expulsa
3079 507 3229 562 turba
3263 509 3749 570 ratiocinationem.

2172 592 2322 659 000d
2353 597 2466 665 ipse
2491 612 2701 668 quoque
2725 601 3032 670 signiﬁcans
3051 641 3066 667 ,
3095 600 3225 654 dicit
3253 618 3265 652 :
3299 601 3408 670 Ego
3435 610 3605 656 autem
3632 603 3754 674 afﬂi-

2171 694 2281 740 ctus
2301 703 2416 741 sum
2441 690 2590 744 nimis
2617 689 2759 744 :ltoe
2785 701 2885 752 est,
2907 691 3071 746 Valde
3096 692 3310 760 quidem
3339 693 3570 750 afﬂictus
3595 708 3711 748 sum
3735 735 3749 756 _.

2171 778 2268 832 sed
2293 795 2402 834 non
2422 780 2721 850 desperavi,
2741 798 2841 836 nec.
2867 784 3102 840 animum
3131 784 3322 852 abjeci.
3354 785 3556 840 Deinde
3576 797 3753 840 osten-

2171 867 2305 924 dens
2330 885 2390 924 se
2411 887 2522 926 .non
2552 871 2714 927 fuisse
2739 873 3073 928 solummodo
3101 875 3354 930 amictum
3375 915 3391 940 ,
3423 875 3518 930 sed
3554 878 3755 944 gravis-

2172 963 2305 1016 sime
2331 951 2586 1018 a-filictuin
2607 1004 2622 1028 ,
2655 965 2929 1034 subiunxit-
2951 965 3138 1019 dicons
3166 964 3318 1036 :Ego
3349 975 3518 1020 autem
3557 967 3667 1021 dixi
3702 969 3754 1019 in

2173 1069 2374 1107 excessu
2401 1071 2509 1108 meo
2529 1071 2548 1108 :
2581 1056 2758 1118 Omnis
2785 1055 2936 1110 homo
2958 1057 3196 1111 mendax.

2243 1143 2498 1220 Excessus
2523 1145 2667 1214 quid.
2727 1145 2892 1200 Homo
2915 1163 3012 1204 cur
3032 1149 3232 1202 dicatur
3255 1147 3491 1202 mendax.
3518 1177 3590 1188 -—-
3617 1147 3748 1210 Quid

2174 1245 2276 1302 est,
2301 1235 2365 1290 In
2394 1253 2600 1292 excessu
2627 1237 2848 1292 ιηθογιη
2881 1253 3108 1306 summa,
3140 1239 3328 1310 inquit,
3355 1237 3675 1305 calamitate,
3700 1248 3754 1294 ct

2174 1327 2371 1396 ingenti
2413 1330 2672 1384 malorum
2721 1332 3102 1400 magnitudine.
3129 1332 3296 1386 Tanta
3349 1333 3527 1397 enim,
3563 1333 3748 1402 inquit,

2175 1434 2263 1476 me
2279 1421 2468 1473 adorta
2495 1431 2575 1474 est
2602 1423 2844 1484 teutatio,
2868 1430 2926 1475 ut
2953 1435 3232 1478 excessum
3273 1433 3328 1476 et
3357 1438 3573 1492 gravem
3600 1438 3754 1492 sepo-

2173 1526 2289 1567 rem
2319 1512 2374 1567 in
2406 1529 2491 1568 me
2517 1514 2776 1584 injiceret.
2809 1515 2948 1568 Dicit
2988 1516 3133 1570 enim
3175 1515 3265 1570 hic
3294 1531 3598 1579 excessum,
3627 1517 3753 1572 alic-

2174 1603 2442 1658 nationem
2469 1619 2498 1658 a
2523 1619 2706 1672 sensu,
2731 1622 2848 1675 qua:
2874 1623 2940 1662 ex
2957 1607 3109 1662 malis
3130 1610 3318 1662 oritur.
3343 1608 3476 1663 Nam
3497 1608 3566 1663 de
3587 1609 3752 1664 Adam

2174 1710 2387 1766 quoque
2413 1697 2629 1765 quando
2655 1698 2850 1752 dicitur
2877 1699 3019 1754 Deus
3060 1700 3345 1754 immisisse
3385 1701 3442 1756 in
3491 1715 3614 1754 eum
3665 1716 3752 1758 ex-

2176 1800 2386 1843 cessum
2410 1788 2560 1861 (Gen.
2585 1789 2640 1844 2.
2666 1787 2758 1860 21)
2781 1831 2796 1856 ,
2830 1791 3004 1845 innuit
3047 1790 3331 1860 quamdam
3358 1807 3390 1845 a
3419 1807 3581 1846 sensu
3622 1793 3751 1847 alica

2177 1880 2473 1934 nationem.
2508 1881 2739 1935 Ecstasis
2767 1882 2932 1947 enim,
2963 1896 3059 1936 seu
3091 1897 3342 1937 excessus
3369 1883 3582 1948 dicitur,
3610 1895 3752 1938 extra

2177 1984 2236 2026 se
2265 1985 2384 2028 esse
2411 1973 2662 2040 positum.
2687 1972 2962 2029 lmmissus
2989 1984 3170 2030 autem
3201 1985 3316 2030 erat
3340 1984 3450 2030 tum
3480 1990 3752 2040 excessus,

2177 2079 2248 2120 ne
2273 2065 2497 2120 sentiret
2533 2081 2653 2126 cum
2681 2065 2979 2122 auferretur
2995 2075 3141 2122 costa
3160 2108 3175 2131 ,
3209 2082 3308 2123 nec
3337 2083 3403 2122 ex
3430 2083 3492 2121 ea
3521 2082 3581 2124 re
3608 2068 3754 2122 dolo-

2178 2175 2292 2216 rem
2315 2168 2570 2228 caperet:
2602 2174 2664 2216 ea
2700 2160 2911 2215 ratione
2935 2161 3074 2216 Deus
3105 2159 3372 2217 sulfurans
3398 2175 3615 2216 sensum
3642 2177 3756 2214 mo-

2179 2253 2367 2318 lestiae,
2401 2267 2469 2308 ne
2493 2261 2716 2321 accepto
2740 2252 2928 2308 dolore
2950 2252 3157 2306 factum
3197 2253 3250 2306 id
3280 2268 3421 2322 :egre
3454 2253 3640 2315 ferret,
3663 2253 3758 2307 im-

2180 2345 2325 2402 misit
2348 2346 2400 2398 in
2431 2359 2552 2398 cum
2577 2358 2878 2404 excessum.
2911 2344 2979 2398 Et
3003 2359 3188 2399 rursus
3216 2345 3338 2400 alibi
3373 2363 3388 2400 :
3415 2345 3640 2412 Cecidit,
3676 2346 3758 2399 in-

2179 2437 2315 2507 quit,
2347 2453 2498 2507 super
2526 2437 2662 2505 ipsos
2680 2452 2910 2490 excessus
2936 2435 3070 2507 (Act.
3097 2436 3189 2492 10.
3217 2437 3328 2507 10).
3355 2437 3629 2507 Signiﬁcat
3655 2437 3763 2493 illic

2181 2546 2398 2600 gravem
2426 2530 2706 2599 quemdam
2736 2543 2982 2599 saporem
3001 2572 3017 2598 ,
3049 2539 3106 2586 et
3130 2545 3162 2586 a
3192 2544 3353 2586 sensu
3383 2531 3758 2590 remotionem.

2183 2625 2446 2680 Excessus
2483 2638 2642 2692 porro
2695 2623 2746 2676 id
2776 2622 2969 2692 ubique
3013 2621 3293 2691 signiﬁcat.
3341 2621 3426 2678 Fit
3467 2630 3645 2676 autem
3669 2624 3770 2678 vel

2185 2718 2296 2774 Deo
2340 2718 2393 2772 id
2428 2719 2676 2784 faciente,
2697 2717 2784 2771 vel
2827 2716 3086 2770 malorum
3134 2715 3503 2784 magnitudine
3546 2730 3762 2783 gravem

2183 2826 2432 2880 soporem
2461 2826 2524 2865 ac
2555 2819 2822 2878 torporem
2839 2807 3116 2864 aﬁ'erente.
3145 2806 3294 2867 Solet
3314 2807 3460 2862 enim
3487 2807 3764 2864 calamitas

2183 2920 2303 2960 esse
2331 2919 2487 2959 causa
2518 2917 2769 2958 excessus
2795 2909 2850 2957 et
2870 2901 3100 2969 soporis.
3133 2900 3228 2961 llic
3250 2916 3379 2970 ergo
3407 2900 3537 2957 dicit
3577 2915 3766 2974 exces-

2183 3015 2346 3064 sum,
2397 2996 2815 3068 magnitudinem
2861 2995 3122 3050 malorum
3179 3009 3297 3064 quae
3347 3010 3470 3051 cum
3525 3009 3759 3064 occupa-

2185 3090 2493 3157 runt..Quid
2523 3100 2603 3143 est
2625 3097 2800 3144 autem
2830 3087 2970 3156 quod
2999 3085 3163 3152 dicit,
3205 3087 3382 3142 Omnis
3429 3088 3578 3140 homo
3623 3103 3765 3140 men-

2184 3184 2290 3238 dax
2311 3185 2336 3237 .9
2363 3182 2600 3237 Nemone
2629 3196 2789 3236 verax
2811 3179 3132 3247 ?.Quomodo
3162 3193 3290 3249 ergo
3333 3178 3434 3235 Job
3469 3179 3766 3248 descriptus

2187 3285 2271 3332 est
2305 3275 2396 3330 Vir
2420 3291 2590 3340 uerax,
2630 3277 2818 3345 justus,
2847 3274 3111 3344 religiosus
3139 3271 3257 3344 (Job
3283 3274 3335 3326 1.
3357 3272 3410 3341 l)
3431 3272 3453 3326 ?
3477 3271 3613 3338 Quid
3640 3287 3767 3326 vero

2187 3368 2426 3422 dicemus
2451 3365 2517 3420 de
2545 3364 2860 3434 prophetis?
2887 3363 2948 3418 Si
2993 3363 3066 3418 illi
3105 3363 3248 3418 enim
3293 3362 3600 3428 mendaces,
3632 3371 3688 3417 et
3716 3363 3766 3416 iu

2189 3459 2254 3516 iis
2273 3474 2393 3528 quae
2418 3457 2672 3512 dixerunt
2703 3455 2820 3517 falsi
2847 3463 2990 3520 sunt,
3015 3455 3193 3510 omnia
3217 3464 3464 3525 pereunt.
3483 3455 3620 3522 Quid
3643 3469 3768 3510 vero

2188 3551 2496 3606 Abraham?
2524 3548 2648 3618 quid
2674 3548 2800 3618 justi
2831 3547 3055 3602 omnes?
3083 3547 3520 3616 Videsquantum
3551 3545 3622 3600 sit
3660 3561 3770 3606 ma-

2189 3641 2320 3704 lum,
2347 3641 2390 3694 si
2421 3640 2580 3695 dictio
2605 3639 2779 3694 solum
2807 3639 3128 3708 accipiatur,
3162 3645 3216 3692 et
3241 3652 3348 3690 non
3378 3652 3570 3700 sensus
3594 3637 3770 3694 cousi-

2190 3733 2440 3788 deretur?
2467 3730 2600 3799 Quid
2632 3739 2715 3784 est
2743 3745 2868 3801 ergo
2895 3729 3036 3799 quod
3075 3728 3226 3793 dixit,
3247 3725 3424 3782 Omnis
3453 3728 3604 3784 homo
3635 3745 3772 3784 nien-

2192 3826 2338 3880 dux?
2370 3824 2424 3878 Id
2447 3823 2586 3893 quod
2617 3824 2731 3894 ipse
2771 3822 2900 3876 dicit
2927 3821 3056 3876 alibi
3085 3837 3100 3875 :
3135 3818 3302 3872 Homo
3343 3819 3554 3872 uatzitati
3593 3819 3771 3872 similis

2191 3922 2355 3989 [actus
2381 3927 2453 3970 est
2481 3915 2654 3985 (Psal.
2689 3916 2809 3970 “'5.
2854 3915 2930 3986 ὅ).
2955 3912 3106 3981 Quod
3148 3913 3305 3968 etiam
3350 3912 3487 3966 alius
3514 3913 3770 3980 propheta

2183 4009 2362 4070 dixit:
2397 4006 2573 4062 Omnis
2619 4024 2736 4070 caro
2784 4011 3006 4077 finitum,
3057 4014 3106 4058 et
3147 4005 3311 4058 omnis
3345 4002 3514 4074 gloria
3555 4004 3774 4058 hominis

2191 4101 2334 4172 quasi
2380 4100 2630 4169 ﬂosfwui
2653 4097 2802 4168 (Isai.
2829 4097 2922 4150 .40.
2941 4096 2996 4165 6)
3025 4113 3040 4148 :
3073 4095 3176 4152 hoc
3223 4104 3323 4156 cst,
3352 4109 3440 4148 res
3491 4093 3771 4156 vilissima,

2193 4189 2592 4260 praeterﬂuens,
2621 4187 2808 4244 similis
2834 4185 3034 4242 umbrat
3054 4225 3070 4250 ,
3102 4185 3310 4238 somnio
3332 4193 3424 4248 ,.et
3447 4185 3606 4240 alicui
3639 4186 3772 4240 ima-

2177 4281 2321 4351 gini.

2273 4372 2324 4426 4.
2356 4371 2421 4424 Ει
2453 4380 2509 4423 ιιι
2551 4370 2689 4424 scias
2733 4383 2815 4422 me
2855 4382 2962 4421 non
3003 4365 3439 4434 leviconjectura
3485 4365 3775 4420 adductum

2195 4463 2308 4517 Itatc
2349 4463 2545 4527 dicere,
2579 4462 2714 4515 alius
2757 4461 3016 4528 interpres
3053 4459 3206 4523 dixit,
3257 4457 3467 4511 Falsum
3504 4459 3604 4529 (η),
3641 4459 3776 4511 alius

2192 4565 2390 4616 autem,
2434 4552 2696 4614 Mentitur,
2725 4551 2878 4615 alius,
2926 4549 3167 4614 Fallitur,
3219 4549 3373 4613 alius,
3423 4548 3628 4618 Deﬁcit.
3663 4549 3776 4604 lloc

2193 4654 2369 4720 autem
2415 4643 2636 4698 multum
2677 4643 2742 4696 ab
2789 4643 2876 4695 illo
2913 4641 3106 4696 diﬁ‘crt.
3138 4640 3345 4700 Mentiri
3375 4642 3520 4694 enim
3547 4650 3630 4694 Erl
3665 4640 3774 4693 vitii

2193 4734 2331 4805 quod
2361 4733 2411 4787 in
2439 4733 2616 4788 animo
2643 4735 2802 4788 situm
2829 4741 2910 4787 est
2943 4749 2955 4784 :
2990 4731 3218 4786 deﬁcere
3248 4739 3448 4798 autem,
3471 4742 3525 4785 et
3557 4742 3780 4799 pra-ter-

2193 4827 2377 4893 ﬁuere,
2406 4835 2460 4880 et
2493 4841 2612 4881 esse
2661 4825 2946 4888 somnium,
2978 4823 3216 4880 umbram
3244 4833 3297 4877 et
3327 4821 3536 4889 ﬂorem,
3573 4825 3777 4892 signiti-

2192 4928 2275 4971 cat
2316 4927 2516 4970 natura:
2564 4917 2838 4969 vilitatem.
2882 4914 3024 4968 ldem
3069 4922 3150 4967 est
3193 4912 3414 4967 enimid
3445 4914 3588 4982 quod
3645 4914 3778 4967 dixit

2193 5000 2466 5071 alius,Ego
2482 5016 2594 5054 sum
2617 5009 2748 5052 terra
2766 5009 2810 5051 et
2840 4998 2964 5050 cinis
2989 4995 3364 5068 (Gen.l8.2'l):
3394 5006 3446 5049 et
3475 4997 3778 5063 alios,Quid

2192 5091 2413 5162 superbit
2459 5105 2592 5144 terra
2634 5099 2680 5142 et
2731 5089 2855 5142 cinis
2898 5087 3082 5149 (Ficeli.
3131 5088 3216 5143 l0.
3259 5088 3358 5158 9)?
3396 5095 3450 5141 et
3487 5103 3678 5141 rursus
3726 5099 3781 5138 ttt

2193 5184 2403 5254 quando
2428 5182 2555 5237 dicit
2582 5181 2666 5235 hic
2698 5180 2974 5250 propheta,
3008 5179 3142 5246 Quid
3176 5188 3247 5234 est
3274 5179 3442 5243 homo,
3485 5179 3629 5248 quod
3671 5195 3777 5230 me-

2193 5291 2304 5328 mor
2328 5291 2379 5328 es
2407 5275 2516 5344 ejus
2543 5271 2710 5344 (Psal.
2744 5273 2796 5326 8.
2831 5271 2912 5342 5)?
2941 5271 3132 5340 ubique
3161 5280 3363 5324 natura:
3393 5269 3677 5333 vilitatem,
3727 5276 3780 5318 et

2192 5380 2308 5420 eam
2345 5365 2474 5418 nihil
2522 5379 2642 5419 esse
2687 5363 3011 5433 signiﬁcans.
3043 5362 3116 5415 De
3159 5359 3428 5429 segetibus
3459 5360 3606 5414 enim
3642 5358 3778 5413 dici-

2268 5564 2340 5628 (a)
2368 5565 2470 5615 Vox
2491 5565 2732 5615 Hebraica
2765 5572 2860 5622 est,
2884 5567 3007 5628 31:,
3045 5577 3196 5628 quam,
3222 5565 3499 5628 διάψῳσμα
3533 5566 3788 5626 interpre-

2203 5625 2338 5737 διήιξε
2368 5629 2565 5692 Διυὶἰεη
2600 5629 2919 5692 διαψεύδεται,
2959 5625 3280 5688 Symmachus
3301 5625 3323 5686 ;“
3349 5625 3583 5689 ἐκλείπει,
3615 5625 3786 5677 Theo-

2237 5699 2280 5737 01
2345 5728 2354 5738 .
