4062 6208
449 192 557 248 ὅὶὅ

453 319 571 362 mus
599 321 612 357 :
643 301 925 358 Ementit'e
949 311 1075 360 sunt
1101 313 1332 376 segetes,
1363 303 1465 364 hoc
1489 311 1590 368 est,
1619 289 1768 372 spem
1792 308 2030 356 nostram

451 395 778 460 fefellerunt,
809 409 910 448 nec
941 404 998 450 ut
1026 395 1396 464 sperabamus,
1431 396 1666 450 tulerunt
1697 411 1713 451 :
1745 401 1818 458 et,
1851 393 2036 447 Annus

455 494 538 543 est
557 485 866 550 ementitus,
893 484 998 540 hoc
1017 501 1204 542 rursus
1227 486 1605 557 signiﬁcantes.
1633 484 1892 552 Quoniam
1909 497 2038 553 ergo

455 578 616 634 homo
665 591 754 634 res
800 584 886 632 est
932 579 1072 642 vilis,
1122 587 1281 648 atque
1311 578 1445 633 adeo
1485 577 1684 643 nihili;
1719 581 1818 632 hac
1861 585 2037 630 autem

456 669 793 741 philosophia
843 670 1081 726 solemus
1137 671 1210 726 uti
1260 671 1490 728 maxime
1533 671 1587 725 in
1635 671 1957 733 calamitate,
1987 677 2044 724 et

453 775 610 827 quam
633 759 705 814 sit
733 756 944 814 inﬁrma
973 769 1158 814 natura
1186 759 1527 816 considerare
1557 776 1571 817 :
1601 760 1724 815 ideo
1752 759 1869 830 ipse
1907 776 2042 830 quo-

452 866 558 922 que
598 865 722 906 cum
763 859 908 905 esset
945 851 1107 905 animi
1135 851 1343 914 anxius,
1373 862 1429 906 et
1479 851 1686 906 videret
1712 851 1860 920 argui
1889 859 2037 904 natu-

454 957 566 996 ram
599 983 614 1008 ,
662 950 716 996 et
739 957 898 1012 quam
927 942 1048 996 vilis
1071 952 1214 998 esset
1241 953 1292 998 et
1325 941 1476 996 nihili
1504 943 1648 998 omni
1677 956 1742 998 ex
1773 951 1932 1014 parte
1957 957 2038 997 os-

455 1035 639 1100 tendit,
674 1035 873 1100 Omnis,
909 1035 1098 1105 inquit,
1133 1035 1282 1090 homo
1314 1035 1534 1090 mendax
1559 1051 1578 1090 :
1605 1034 1707 1089 hoc
1733 1044 1835 1101 est,
1867 1034 2042 1088 llomo

455 1126 604 1181 nihili
650 1135 756 1181 est.
801 1125 1060 1194 Quocirca
1106 1126 1218 1196 ipse
1241 1141 1452 1196 quoque
1491 1125 1616 1180 alibi
1645 1126 1900 1181 dicebat:
1939 1124 2038 1178 Ve-

453 1231 732 1273 rumtamen
770 1219 826 1272 in
866 1219 1086 1289 imagine
1136 1225 1408 1286 pertransit
1450 1219 1602 1272 homo
1633 1217 1804 1291 (Psal.
1836 1218 1924 1272 '58.
1958 1217 2038 1287 7).

455 1312 508 1367 3.
539 1310 674 1378 Quid
700 1310 968 1364 retribuam
1007 1309 1227 1364 Domino
1257 1326 1348 1380 pro
1389 1311 1618 1365 omnibus
1657 1327 1772 1380 qua:
1813 1311 2042 1364 retribuit

454 1405 579 1459 mihi
605 1404 631 1458 .’
659 1402 795 1460 Vide
837 1403 1108 1474 quomodo
1148 1405 1382 1461 ostendit
1422 1421 1672 1476 magnum
1719 1404 2039 1461 beneﬁcium

460 1511 566 1553 non
591 1496 740 1553 exiis
759 1497 930 1552 solum
955 1513 1076 1567 quae
1103 1497 1240 1554 facta
1267 1507 1410 1563 sunt,
1433 1499 1526 1553 sed
1544 1497 1704 1554 etiam
1727 1512 1792 1552 es
1815 1512 1880 1552 eo
1900 1496 2042 1566 quod

455 1589 592 1644 facta
643 1589 749 1644 sint
789 1589 840 1644 in
885 1603 1008 1644 eum
1053 1591 1144 1660 qui
1185 1599 1327 1645 esset
1356 1589 1640 1660 ejusmodi,
1671 1589 1791 1644 aliis
1825 1588 2041 1658 quidem

457 1681 655 1748 verbis,
702 1681 796 1738 sed
836 1681 1026 1737 eodem
1070 1697 1232 1737 sensu
1277 1698 1341 1738 ea
1386 1696 1628 1745 narrans,
1660 1697 1780 1751 qua:
1821 1689 1946 1735 sunt
1987 1681 2041 1736 in

457 1775 685 1832 Psalmo.
715 1773 1176 1841 Quemadmodum
1206 1775 1348 1831 enim
1377 1775 1484 1830 illic
1508 1774 1718 1829 dicebat
1757 1789 1774 1829 :
1807 1772 1943 1840 Quid
1964 1784 2036 1829 est

455 1867 606 1921 homo
627 1866 762 1937 quod
793 1883 982 1920 memor
1011 1883 1064 1920 es
1081 1868 1215 1937 ejus,
1243 1876 1331 1920 aut
1356 1865 1495 1935 ﬁlius
1533 1865 1772 1932 hominis,
1800 1866 2041 1936 quoniam

454 1960 623 2015 uisitas
647 1976 760 2014 eum
781 1958 958 2030 (Psal.
992 1959 1043 2014 8.
1079 1959 1164 2028 5)?
1194 1959 1263 2012 ita
1297 1958 1383 2012 hic
1411 1957 1592 2012 etiam.

523 2051 776 2119 Beneﬁcia
796 2062 848 2106 ut
870 2051 1222 2122 duplicentur;
1243 2050 1493 2121 quomodo
1529 2065 1626 2104 vos:
1647 2089 1662 2114 ,
1699 2048 1938 2113 calicem,
1963 2049 2043 2103 in-

454 2143 721 2214 lcllt'genda
748 2143 847 2208 sit,
875 2143 928 2196 in
955 2159 1099 2196 versu
1125 2141 1366 2211 sequenti.
1389 2170 1460 2182 ——
1483 2141 1634 2196 Tunc
1659 2151 1836 2195 autem
1863 2149 2043 2196 Osten-

453 2235 650 2290 duntur
666 2235 898 2306 duplicia
926 2249 1048 2289 esse
1077 2233 1357 2298 beneﬁcia,
1382 2233 1595 2303 quando
1621 2241 1676 2288 et
1704 2240 1896 2288 natura
1919 2248 2036 2287 nta-

453 2342 552 2395 gna
598 2337 742 2389 sunt,
786 2333 842 2381 et
864 2325 1078 2396 quando
1105 2325 1450 2379 conferuntur
1479 2325 1532 2378 in
1563 2339 1687 2379 eum
1729 2323 1819 2394 qui
1857 2333 1939 2378 est
1966 2323 2039 2377 ni-

456 2417 543 2472 hili
575 2435 593 2476 ;
619 2417 761 2489 quod
787 2418 1001 2488 quidem
1031 2417 1348 2473 beneﬁcium
1377 2426 1430 2472 et
1463 2417 1687 2487 gratiam
1725 2417 2036 2488 ampliﬁcat.

455 2510 566 2563 lloc
607 2508 780 2578 ipsum
809 2508 991 2563 volens
1031 2507 1335 2572 ostendere,
1385 2507 1512 2562 dicit
1539 2523 1555 2564 ;
1587 2507 1724 2574 Quid
1763 2508 2042 2562 retribuam

455 2597 715 2653 Domino?
739 2597 1042 2668 signiﬁcans
1090 2597 1262 2667 ipsum
1299 2595 1566 2652 hominem
1592 2639 1608 2663 ,
1653 2597 1743 2668 qui
1789 2608 1871 2652 est
1892 2613 2042 2652 men-

454 2688 684 2756 dacium,
722 2689 812 2758 qui
843 2699 927 2744 est
949 2687 1069 2742 vilis
1095 2697 1255 2758 atque
1279 2687 1414 2742 adeo
1442 2687 1612 2752 nihili,
1635 2687 1854 2758 dignum
1893 2697 2038 2744 tanta

453 2781 722 2836 censuisse
747 2780 937 2850 gratia.
973 2778 1080 2834 Pro
1107 2777 1339 2833 omnibus
1363 2793 1478 2848 qua:
1494 2778 1726 2833 retribuit
1756 2779 1903 2832 mihi.
1925 2779 2040 2835 Hoc

453 2879 534 2926 est
569 2871 704 2942 grati
726 2871 909 2935 animi,
941 2869 1189 2934 circuire,
1218 2879 1275 2925 et
1303 2885 1400 2940 pro
1423 2870 1488 2924 iis
1515 2886 1633 2940 qua:
1655 2869 1862 2940 accepit
1886 2870 2043 2926 bene-

454 2961 586 3016 ﬁciis
621 2976 864 3032 quaerere
895 2959 1218 3017 benefactori
1259 2960 1488 3031 aliquam
1529 2961 1733 3018 referre
1759 2961 1988 3032 gratiam
2019 2978 2033 3017 :

453 3063 654 3110 etcum
679 3051 856 3108 omnia
887 3052 1208 3116 exsolverit,
1239 3061 1428 3120 putare
1454 3067 1514 3108 se
1540 3053 1672 3107 nihil
1702 3052 1851 3107 dare.
1881 3053 2034 3120 Quod

453 3162 570 3201 cum
598 3161 661 3200 ex
697 3145 1062 3200 retributionis
1095 3144 1355 3214 principio
1383 3144 1773 3200 subindicasset
1802 3187 1817 3213 ,
1849 3161 2037 3215 proce-

453 3238 584 3304 deus
610 3236 866 3307 signiﬁcat
895 3251 956 3291 se
992 3236 1042 3292 id
1069 3236 1464 3291 exsoluturum.
1493 3235 1740 3291 Ostendit
1773 3239 1915 3292 enim
1942 3237 2042 3292 du-

458 3331 644 3399 plicem
675 3329 964 3398 gratiarum
989 3329 1277 3392 actionem,
1320 3337 1374 3382 et
1406 3329 1549 3398 quod
1579 3343 1641 3384 ea
1667 3329 1777 3393 det,
1807 3345 1926 3399 qua:
1953 3346 2040 3399 po-

460 3433 578 3486 test,
612 3422 824 3491 etquod
866 3437 988 3478 cum
1017 3437 1080 3476 ea
1106 3421 1216 3484 det,
1244 3436 1305 3476 se
1334 3420 1467 3475 nihil
1505 3421 1723 3492 dignum
1753 3421 1883 3477 dare
1920 3423 2039 3476 exi-

454 3515 648 3569 stimet.
670 3514 804 3582 Quid
825 3522 908 3569 est
930 3528 1058 3583 ergo
1081 3514 1222 3584 quod
1249 3521 1331 3568 est
1353 3513 1609 3569 daturus?
1635 3514 1768 3569 Audi
1798 3530 1919 3570 eum
1947 3513 2036 3569 di-

452 3617 687 3673 centem;
718 3607 1144 3676 subjungitenim
1173 3608 1260 3661 τι.
1284 3605 1502 3662 Calicem
1517 3608 2036 3678 salutarisaccipiam,

453 3707 495 3753 et
519 3715 702 3753 nomen
717 3698 922 3753 Domini
939 3699 1199 3754 invocabo.
1222 3699 1321 3767 Qui
1342 3700 1483 3770 quod
1503 3700 1704 3756 dictum
1722 3710 1804 3755 est
1823 3709 2041 3755 sumunt

451 3793 764 3862 anagogice,
792 3793 978 3848 dicunt
1005 3807 1126 3848 esse
1163 3795 1596 3848 communionem
1638 3794 2035 3865 mysteriorum.

453 3884 558 3940 Nos
573 3895 749 3940 autem
766 3883 1041 3939 historiam
1059 3893 1364 3954 sequentes,
1384 3885 1610 3940 dicimus
1620 3901 1741 3940 eum
1757 3885 1844 3941 hic
1859 3885 2038 3942 dicere

452 3975 699 4032 libamina
743 3985 796 4030 et
825 3974 1103 4038 sacriﬁcia,
1129 3984 1186 4031 et
1207 3975 1434 4046 hymnos
1462 3977 1752 4046 gratiarum
1784 3976 2031 4030 actionis.

453 4069 619 4122 Erant
637 4068 832 4138 quippe
859 4067 1152 4138 antiquitus
1183 4067 1400 4123 diversa
1427 4067 1686 4122 sacriﬁcia
1711 4085 1724 4121 :
1754 4076 1871 4122 erat
1891 4068 2032 4122 enim

452 4159 770 4215 sacriﬁcium
818 4159 1008 4224 laudis,
1049 4159 1432 4228 pro.peccatis,
1466 4157 1799 4222 holocausta,
1835 4173 1928 4226 pro
1954 4174 2040 4211 sa-

453 4249 578 4315 lute,
617 4259 674 4304 et
692 4249 932 4318 paciﬁca,
965 4258 1016 4304 et
1043 4250 1194 4318 plura
1217 4249 1342 4304 alia.
1373 4249 1488 4304 lloc
1513 4257 1596 4304 est
1623 4263 1754 4319 ergo
1779 4248 1923 4318 quod
1951 4247 2036 4302 di-

453 4340 525 4394 cit
559 4355 574 4392 :
613 4339 728 4394 l‘on
775 4355 989 4410 possum
1035 4340 1250 4410 quidem
1294 4339 1435 4410 quod
1473 4339 1692 4408 dignum
1733 4349 1818 4395 cst
1844 4340 2040 4409 persol-

452 4447 598 4499 vere,
630 4433 780 4488 solvo
816 4445 993 4488 autem
1038 4433 1178 4501 quod
1209 4447 1443 4502 possum.
1476 4431 1706 4488 Olferam
1743 4432 1886 4487 enim
1929 4431 2038 4487 Deo

452 4524 771 4581 sacriﬁcium
817 4526 1109 4595 gratiarum
1159 4525 1406 4589 actionis,
1443 4535 1497 4580 et
1525 4525 1714 4580 salutis
1741 4539 1863 4580 eum
1890 4539 2039 4579 com-

454 4617 821 4673 monefaciam.
852 4618 909 4673 5.
943 4615 1073 4674 Vota
1087 4634 1197 4672 mea
1222 4616 1442 4672 Domino
1461 4617 1670 4672 reddam
1698 4633 1872 4672 coram
1899 4619 2040 4674 omni

454 4709 640 4778 populo
663 4709 790 4778 ejus.
830 4708 960 4763 Vota
991 4709 1077 4762 hic
1098 4708 1226 4764 dicit
1250 4709 1511 4779 promissa
1535 4718 1588 4763 et
1607 4708 2038 4777 pollicitationes.

455 4801 509 4856 In
533 4801 614 4856 his
635 4801 776 4856 enim
806 4802 1059 4858 arumnis
1071 4801 1137 4856 ad
1163 4801 1328 4856 Deum
1352 4801 1710 4872 confugiebat.
1736 4809 1790 4860 et
1814 4815 1873 4858 se
1891 4802 2040 4858 debi-

455 4901 622 4948 torem
652 4893 1080 4967 ei‘constituebat
1107 4935 1123 4958 ,
1153 4892 1413 4963 pollicens
1438 4893 1480 4948 si
1507 4909 1570 4948 ea
1597 4893 1737 4948 mala
1757 4893 2036 4964 effugeret,

454 4995 513 5037 se
545 4981 659 5038 haec
696 4983 1063 5040 exsoluturum
1091 4999 1212 5040 esse
1257 4985 1542 5040 sacriﬁcia.
1578 4984 1840 5054 Quoniam
1887 5001 2044 5056 ergo,

455 5075 646 5145 inquit,
671 5075 902 5132 cessavit
934 5077 1231 5142 calamitas,
1266 5075 1396 5132 Vota
1434 5094 1544 5132 mea
1570 5077 1782 5134 reddam
1821 5076 2040 5134 Domino

454 5181 622 5221 coram
641 5167 779 5221 omni
793 5170 983 5238 populo
998 5169 1124 5236 ejus.
1145 5167 1198 5224 6.
1222 5166 1455 5222 Pretium
1469 5169 1522 5222 in
1543 5177 1810 5239 conspectu
1831 5167 2040 5222 Domini

455 5272 589 5310 mors
613 5267 905 5310 sanctorum
941 5273 1074 5328 ejus.
1101 5259 1276 5322 Alius,
1309 5256 1575 5312 Honorata
1601 5274 1772 5314 comit
1797 5257 2036 5312 Domino.

454 5347 706 5412 Quasnam
748 5357 831 5401 est
864 5355 1042 5401 autem
1089 5348 1204 5403 haec
1225 5350 1620 5418 consequentia,
1645 5359 1699 5404 et
1721 5349 1846 5419 quid
1881 5349 2042 5404 habet

455 5438 593 5507 quod
633 5454 753 5492 cum
794 5439 1059 5509 prioribus
1097 5441 1424 5494 conveniat?
1461 5441 1516 5496 Si
1566 5443 1687 5512 quis
1717 5441 1768 5496 id
1796 5454 2040 5498 accurate

451 5529 859 5593 examinaverit,
904 5531 1188 5585 maximam
1215 5530 1455 5588 inveniet
1485 5534 1874 5603 cognationem.
1904 5535 2038 5602 Quia

455 5609 596 5676 enim
642 5621 869 5687 dixerat,
915 5620 1051 5687 Quid
1095 5621 1366 5675 retribuam
1414 5621 1630 5679 Domino
1673 5642 1768 5694 pro
1807 5627 2037 5682 omnibus

1582 183 1938 244 EXPOSITIO
1977 181 2042 237 IN
2082 181 2402 242 PSALMUM
2440 181 2598 240 CXV.

3631 195 3738 251 3'26

2141 313 2258 367 ante
2275 300 2503 355 retribuit
2523 300 2648 354 mihi
2663 301 2688 354 ν
2713 304 3000 360 ostendens
3028 305 3144 377 ejus
3170 308 3450 374 beneﬁcia,
3478 309 3606 368 dicit
3623 329 3733 372 non

2141 388 2316 444 solum
2344 391 2529 455 vitam,
2559 391 2651 445 sed
2683 393 2842 446 etiam
2876 404 3102 450 inertem
3137 408 3444 456 sanctorum
3477 400 3584 457 Deo
3613 419 3734 461 esse

2143 493 2307 545 eum,
2346 493 2452 534 non
2487 495 2604 534 eam
2631 482 2800 535 solum
2846 499 2968 552 quas
3001 483 3116 556 lege
3144 499 3351 546 natura:
3377 491 3612 561 advenit,
3639 498 3733 551 sed

2143 571 2303 626 etiam
2343 588 2463 642 quae
2504 572 2622 642 ejus
2666 573 2942 630 voluntate
2979 580 3283 648 Suscipitur.
3341 585 3532 641 Annon
3579 588 3734 644 audis

2146 664 2365 718 Paulum
2390 665 2656 721 dicentem
2689 684 2702 720 :
2736 665 2801 721 In
2829 684 2982 724 carne
3015 679 3182 726 autem
3208 691 3428 743 manere,
3459 681 3619 752 magis
3647 699 3736 736 ne-

2144 757 2418 812 cessarium
2437 768 2640 830 propter
2656 774 2760 826 vos,
2787 769 2833 814 et
2857 777 2914 816 eo
2933 762 3114 830 fretus,
3143 765 3247 818 scio
3268 769 3404 836 quod
3433 774 3660 837 manebo,
3687 784 3734 826 ct

2145 847 2442 919 permanebo
2483 865 2584 902 una
2621 849 2872 904 vobiscum
2903 850 3128 924 (Philip.
3174 855 3222 909 l.
3247 855 3337 910 24.
3361 857 3474 928 25).
3503 861 3567 914 Et
3607 863 3733 933 quid

2147 939 2358 993 miraris
2383 939 2429 993 si
2455 954 2620 1006 mors,
2643 955 2765 996 cum
2804 957 2903 996 nec
2929 945 3204 1014 generatio
3237 948 3616 1005 nonnullorum
3637 968 3730 1006 na-

2147 1036 2278 1083 turae
2307 1029 2422 1100 lege
2445 1040 2656 1099 peracta
2681 1030 2768 1096 sit,
2794 1033 3246 1102 quemadmodum
3274 1040 3546 1108 generatio
3570 1040 3733 1098 lsaat-i

2143 1128 2199 1174 et
2221 1121 2496 1191 generatio
2532 1121 2796 1180 Samuelis
2837 1122 2988 1196 (Gen.
3033 1141 3081 1178 ε.
3107 1125 3197 1180 27.
3227 1135 3275 1182 et
3320 1130 3492 1197 c.18;
3524 1133 3574 1186 1.
3603 1132 3732 1205 Reg.

2129 1211 2200 1266 ~5.
2221 1213 2312 1280 20)
2338 1212 2362 1265 ‘l
2405 1213 2663 1280 Quocirca
2703 1230 2802 1270 nec
2822 1217 2997 1272 carnis
3037 1219 3249 1288 quidem
3279 1235 3373 1275 eos
3394 1232 3546 1278 vocat
3573 1221 3734 1292 ﬁlios,

2147 1302 2240 1357 sed
2288 1304 2427 1359 ﬁlios
2463 1305 2832 1374 promissionis
2868 1307 3046 1376 (Rom.
3070 1307 3122 1364 9.
3153 1310 3233 1378 8).
3261 1310 3337 1365 Ita
3371 1314 3530 1368 etiam
3556 1315 3735 1372 Moses

2145 1407 2252 1448 non
2281 1404 2365 1449 est
2388 1395 2709 1466 simpliciter
2741 1407 2795 1452 et
2823 1398 3067 1454 absolute
3106 1401 3347 1458 mortuus
3377 1403 3611 1472 (Denter.
3640 1408 3730 1464 39..

2153 1483 2242 1539 b9.
2275 1482 2389 1557 50);
2416 1485 2510 1542 sed
2536 1501 2657 1542 eum
2681 1487 2820 1542 Deus
2835 1488 3081 1558 jussisset
3110 1508 3124 1544 :
3152 1507 3326 1562 neque
3353 1495 3615 1564 Joannes,
3640 1501 3733 1554 sed

2139 1589 2264 1632 cum
2297 1578 2411 1648 ipse
2443 1580 2793 1649 permisisset.
2827 1583 2983 1652 Atqui
3013 1584 3111 1639 fuit
3155 1602 3363 1643 tttcrces
3392 1592 3691 1648 meretricis
3719 1611 3732 1656 ;

2143 1667 2245 1723 fuit
2276 1676 2453 1724 tamen
2492 1671 2661 1726 nihilo
2689 1673 2863 1728 secius
2893 1673 3175 1731 honorata.
3207 1677 3319 1734 Hoc
3349 1679 3520 1751 ipsum
3551 1695 3740 1757 autem

2143 1769 2227 1814 est
2251 1759 2587 1828 admirabile,
2611 1763 2753 1832 quod
2781 1765 2865 1819 vel
2893 1765 2970 1820 sic
2998 1778 3239 1822 mortuus
3264 1768 3560 1826 honoratus
3585 1772 3685 1828 fuit
3717 1793 3731 1835 ;

2142 1853 2406 1923 siquidem
2434 1870 2530 1924 pro
2559 1857 2781 1912 veritate
2804 1859 2961 1912 vitam
3003 1858 3208 1928 ﬁnivit,
3242 1869 3494 1934 tantoque
3525 1865 3738 1922 habitus

2147 1953 2231 2000 est
2257 1946 2311 2000 in
2354 1945 2578 2010 honore.
2610 1960 2666 2003 ut
2687 1950 2800 2020 ipse
2825 1953 2984 2007 etiam
3009 1955 3100 2024 qui
3121 1971 3244 2010 eum
3271 1957 3631 2026 interfecerat,
3657 1961 3738 2030 ip-

2143 2052 2263 2098 sum
2293 2039 2524 2096 timeret.
2552 2041 2706 2110 Quod
2732 2055 2910 2100 autem
2944 2048 3178 2114 timeret,
3206 2051 3328 2104 audi
3356 2051 3480 2121 quid
3511 2069 3728 2126 evange-

2143 2129 2266 2185 lista
2287 2131 2429 2187 dicat
2474 2133 2541 2189 de
2579 2135 2792 2192 Herode
2819 2155 2831 2191 :
2856 2138 3066 2194 Dicebat
3092 2142 3246 2210 enim,
3275 2144 3411 2212 quod
3431 2145 3538 2216 ipse
3575 2164 3736 2202 resur-

2141 2222 2274 2276 rexit
2301 2235 2346 2276 a'
2363 2225 2595 2291 mortuis,
2634 2237 2678 2280 et
2719 2239 2986 2298 propterea
3006 2233 3212 2288 virtutes
3245 2248 3522 2303 aperantur
3542 2237 3595 2292 in
3622 2239 3734 2309 ipso

2145 2312 2335 2382 (Marc.
2367 2314 2419 2368 6.
2455 2315 2568 2384 14).
2595 2315 2724 2372 \‘ide
2745 2321 3014 2388 quomodo
3032 2323 3189 2378 etiam
3215 2326 3266 2379 in
3292 2327 3424 2382 Abel
3454 2338 3570 2382 erat
3591 2346 3735 2384 mors

2147 2404 2378 2472 pretiosa
2421 2414 2475 2461 et
2517 2407 2798 2466 honorata.
2843 2411 2940 2466 Ubi
2963 2423 3035 2468 est
3063 2415 3188 2471 Abel
3223 2420 3384 2489 frater
3425 2430 3539 2476 tuus
3565 2423 3591 2476 .9
3630 2422 3736 2478 Vox

2143 2496 2404 2566 sanguinis
2424 2500 2602 2568 fratris
2625 2503 2698 2554 tui
2731 2503 2917 2558 clamat
2937 2506 3005 2559 ad
3031 2524 3108 2561 me
3137 2507 3288 2580 (Gen.
3318 2511 3372 2570 4.
3397 2513 3449 2568 9.
3477 2513 3590 2587 10).

2215 2587 2270 2642 5.
2302 2588 2551 2660 Sepulcra
2578 2604 2859 2664 martyrum
2887 2597 3220 2655 honorabilia.
3244 2632 3316 2642 —
3338 2603 3467 2659 \‘ide
3493 2607 3651 2660 etiam
3680 2608 3732 2663 in

2143 2677 2348 2734 Lazaro
2367 2721 2382 2745 ,
2413 2684 2682 2752 quomodo
2711 2695 2830 2754 post
2859 2687 2976 2758 ejus
3006 2700 3232 2746 mortem
3263 2696 3438 2766 angeli
3471 2713 3590 2751 eum
3641 2699 3738 2754 dc-

2145 2770 2414 2828 tlucebant
2439 2773 2604 2847 (Luc.
2633 2776 2720 2832 16.
2743 2776 2872 2851 2'2).
2893 2780 3276 2852 .(Jontemplare
3303 2788 3461 2841 etiam
3491 2790 3734 2846 civitates

2143 2862 2212 2918 ad
2240 2874 2534 2937 martyrum
2579 2869 2823 2938 sepulcra
2867 2886 3280 2944 concurrentes,
3311 2887 3364 2933 et
3391 2881 3612 2952 populos
3641 2899 3734 2939 eo-

2143 2969 2260 3013 rum
2299 2971 2484 3013 amore
2512 2957 2889 3018 inﬂammatos.
2935 2964 3049 3021 Hoc
3087 2975 3171 3022 est
3215 2985 3344 3041 ergo
3385 2973 3526 3042 quod
3563 2974 3728 3030 dicit:

2145 3045 2284 3102 Deus
2311 3063 2554 3119 magnam
2579 3051 2990 3111 sollicitudinem
3018 3066 3066 3112 ct
3090 3073 3271 3114 curam
3297 3063 3435 3132 gerit
3456 3065 3536 3119 vel
3562 3064 3734 3136 ipsius

2147 3139 2335 3195 mortis
2361 3152 2692 3198 sanctorum.
2729 3144 2911 3216 Neque
2935 3149 3076 3203 enim
3105 3153 3602 3226 quomodocumque
3631 3173 3730 3214 nec

2145 3231 2364 3288 fortuito
2383 3234 2701 3298 moriuntur,
2725 3237 2818 3292 sed
2842 3239 3056 3308 quando
3078 3242 3190 3312 ipse
3219 3243 3268 3298 id
3290 3260 3355 3300 ex
3384 3262 3494 3301 sua:
3515 3248 3730 3321 dispen-

2145 3323 2367 3378 sationis
2392 3326 2618 3380 consilio
2647 3329 2968 3397 permiserit.
3001 3332 3066 3386 Et
3097 3334 3214 3388 ideo
3243 3335 3455 3392 dicebat
3474 3381 3488 3404 ,
3521 3337 3586 3394 In
3610 3357 3731 3395 cou-

2143 3426 2315 3485 spectu
2343 3415 2586 3486 Domini,
2631 3419 2734 3476 hoc
2759 3423 2944 3478 volens
2985 3428 3268 3484 ostendere
3287 3471 3301 3495 ,
3335 3431 3386 3485 τ.
3421 3432 3466 3486 0
3494 3432 3728 3496 Domine.

2144 3526 2236 3581 ego
2259 3527 2429 3566 servus
2455 3522 2570 3567 tuus
2588 3554 2603 3579 ,
2645 3531 2735 3585 ego
2764 3533 2932 3572 seram
2959 3529 3075 3573 tuus
3094 3561 3109 3586 ,
3141 3530 3189 3574 et
3218 3522 3356 3591 ﬁlius
3381 3526 3582 3581 ancilla:
3608 3538 3725 3582 tua'.

2142 3602 2259 3660 Non
2283 3605 2408 3660 dicit
2431 3622 2771 3663 communem
2794 3612 3126 3676 servitutem,
3159 3615 3252 3669 sed
3279 3631 3394 3670 eam
3421 3634 3539 3688 qua!
3561 3620 3732 3674 oritur

2143 3711 2210 3752 ex
2241 3712 2433 3770 magno
2458 3716 2642 3756 amore
2670 3710 2724 3756 et
2753 3702 3061 3772 affectione,
3096 3722 3288 3778 magno
3317 3709 3562 3765 incensus
3589 3711 3732 3768 desi-

2144 3788 2316 3858 derio,
2343 3793 2484 3862 quod
2513 3803 2596 3849 est
2621 3809 2818 3850 corona
2851 3799 3079 3852 maxima
3097 3841 3112 3865 ,
3141 3809 3192 3854 et
3219 3803 3409 3870 quovis
3433 3802 3732 3860 diademate

2144 3883 2466 3952 prmelarius.
2502 3886 2761 3954 Quocirca
2793 3889 2931 3944 Deus
2957 3905 3168 3960 quoque
3195 3893 3246 3947 id
3275 3896 3449 3963 posuit
3483 3910 3583 3965 pro
3620 3911 3734 3950 ma-

2144 3973 2286 4027 xima
2315 3973 2470 4029 laude
2493 4015 2507 4039 ,
2551 3975 2737 4031 dicens
2757 4016 2772 4042 ,
2811 3976 2977 4032 Moses
3015 3995 3185 4034 servus
3213 3998 3352 4036 meus
3382 3995 3606 4038 mortuus
3635 3998 3728 4039 cst.

2143 4063 2212 4118 Et
2239 4066 2376 4134 [ilius
2404 4067 2606 4120 ancilla:
2634 4078 2735 4122 tute
2761 4067 2949 4140 (Iosue
2994 4071 3044 4124 1.
3067 4071 3158 4139 2).
3194 4073 3306 4128 Hoc
3335 4087 3444 4138 est,
3477 4078 3521 4130 Λ
3551 4078 3730 4132 multis

2144 4166 2286 4212 retro
2327 4158 2571 4222 swculis,
2610 4173 2640 4212 a
2686 4167 2926 4227 tempore
2955 4160 3216 4230 majorum
3256 4178 3495 4218 meorum
3533 4165 3730 4221 addicti

2143 4262 2328 4302 snnms
2372 4257 2476 4303 tua:
2518 4250 2777 4304 servituti.
2826 4249 2982 4318 Quod
3025 4252 3185 4307 etiam
3220 4253 3415 4309 Paulus
3458 4257 3634 4324 posuit
3677 4260 3728 4310 in

2143 4338 2426 4394 Timotheo
2455 4355 2550 4409 pro
2575 4342 2806 4395 maximo
2833 4352 3150 4396 ornamento
3169 4383 3182 4409 ,
3211 4343 3395 4400 dicens
3426 4363 3438 4398 :
3463 4345 3725 4400 Recorda.

2145 4433 2330 4486 tionem
2357 4433 2544 4486 habens
2569 4433 2688 4503 ﬁdei
2712 4450 2828 4506 qua:
2854 4444 2927 4488 est
2951 4436 3002 4489 in
3030 4446 3077 4489 te
3102 4452 3202 4490 non
3231 4437 3366 4503 ﬁcta,
3396 4454 3510 4506 qua:
3532 4438 3732 4494 habita-

2143 4523 2210 4577 vit
2241 4524 2458 4592 primum
2500 4524 2550 4577 in
2595 4525 2708 4577 avia
2750 4539 2836 4578 tua
2874 4525 3032 4579 Laide
3055 4567 3070 4592 ,
3113 4537 3160 4581 et
3199 4539 3360 4581 matre
3397 4538 3484 4582 tua
3513 4527 3728 4584 Eunice.

2149 4615 2454 4670 Persuasum
2483 4625 2653 4670 autem
2695 4615 2852 4670 habeo
2877 4617 3011 4687 quod
3036 4627 3082 4671 et
3121 4618 3172 4672 in
3203 4628 3279 4684 te,
3324 4630 3368 4672 et
3394 4621 3529 4688 quod
3556 4622 3619 4674 ab
3647 4622 3730 4676 iu.

2147 4710 2308 4780 fantia
2346 4709 2568 4764 didicisti
2611 4725 2781 4763 sacras
2827 4708 2997 4763 literas
3023 4713 3040 4779 (
3056 4709 3109 4764 2.
3133 4710 3268 4766 Tim.
3294 4713 3345 4766 1.
3371 4713 3426 4767 5.
3452 4723 3497 4766 et
3519 4714 3570 4769 5.
3604 4715 3668 4767 15
3687 4715 3729 4784 ).

2147 4799 2213 4852 Et
2250 4815 2437 4854 rursus
2461 4799 2530 4855 de
2569 4800 2746 4870 seipse
2775 4813 2791 4852 :
2822 4798 3067 4855 Hebrants
3105 4818 3168 4856 ea:
3201 4801 3428 4858 Hebraeis
3454 4803 3470 4872 (
3497 4804 3728 4875 Philipp.

2145 4891 2197 4946 ’5.
2228 4891 2320 4960 5).
2356 4892 2421 4945 Et
2447 4905 2652 4957 rursus,
2685 4890 2888 4947 Πειθνωὶ
2912 4903 3060 4959 sunt,
3089 4903 3135 4947 et
3159 4911 3250 4966 ego
3274 4910 3292 4949 :
3316 4893 3571 4950 Israe'litw
3595 4907 3729 4964 sunt,

2144 4993 2191 5036 et
2220 4999 2311 5054 ego
2343 4983 2418 5052 (Ξ.
2443 4982 2562 5036 Cor.
2590 4985 2674 5037 11.
2703 4983 2775 5038 22
2791 4985 2832 5055 ).
2863 4987 3105 5054 Amplius
3133 4987 3274 5041 enim
3298 4987 3544 5058 quiddam
3573 4987 3734 5041 habe-

2144 5076 2292 5142 bant,
2314 5091 2472 5146 quam
2497 5076 2768 5148 proselyti,
2793 5078 2881 5146 qui
2905 5094 2935 5132 a
2957 5080 3069 5133 suis
3089 5081 3381 5148 majoribus
3404 5080 3534 5133 tales
3557 5087 3732 5132 erant.

2147 5171 2214 5226 Et
2243 5169 2363 5226 ideo
2390 5169 2475 5225 hic
2499 5185 2709 5241 quoque
2736 5170 2901 5226 dicit:
2928 5172 2992 5226 Et
3021 5172 3162 5242 ﬁlius
3188 5173 3389 5226 ancilla!
3413 5183 3530 5224 tum.

2219 5259 2351 5315 Sunt
2387 5259 2518 5314 bona
2544 5269 2592 5314 et
2631 5259 2766 5314 mala
2795 5261 3038 5326 vincula;
3075 5273 3248 5334 gratus
3287 5262 3485 5314 animus
3515 5261 3733 5314 niaxime

2146 5352 2254 5406 Deo
2279 5353 2533 5421 plaeet.—
2560 5351 2812 5422 Dirupisti
2849 5353 3049 5408 vincula
3094 5370 3222 5407 mea.
3264 5352 3377 5407 Non
3399 5353 3548 5414 dixit.
3591 5351 3734 5408 Con-

2143 5446 2376 5508 cussisti,
2408 5444 2522 5510 sed,
2551 5445 2798 5514 Dirupisti
2818 5489 2832 5513 ,
2862 5447 3167 5517 signiﬁcans
3191 5462 3253 5501 ca
3285 5448 3352 5501 ita
3384 5448 3542 5502 etiam
3571 5446 3731 5513 facta,

2145 5548 2204 5592 ut
2230 5543 2409 5591 essent
2433 5537 2656 5591 inutilia.
2680 5536 2898 5592 Vincula
2929 5547 3105 5592 autem
3135 5536 3221 5594 hic
3245 5537 3370 5593 dicit
3397 5538 3731 5602 :tlﬂictiones,

2149 5629 2488 5696 tentationes,
2521 5627 2776 5699 pericula.
2805 5627 2898 5682 Est
2923 5628 3063 5684 enim
3093 5629 3287 5684 bonum
3309 5629 3597 5697 vinculum,
3625 5645 3733 5702 quo
