4134 6210
415 145 518 200 527

417 257 652 330 optabile
675 265 761 315 est
789 259 1068 331 adstringi,
1098 269 1156 316 ut
1184 261 1398 332 quando
1419 261 1571 330 dicit,
1601 260 1668 316 In
1692 261 1890 317 uinculo
1917 262 2000 318 di-

415 352 642 406 lectionis
675 350 904 425 (Ephes.
929 352 984 407 4.
1013 349 1082 424 3)
1111 370 1126 408 :
1152 361 1242 418 et,
1287 352 1436 418 Quod
1464 362 1538 408 est
1562 354 1815 409 vinculum
1839 359 2010 428 perfe-

413 444 596 497 ctionis
621 442 842 514 (Coloss.
870 444 924 498 5.
958 442 1068 515 Ib).
1100 444 1194 502 Est
1221 445 1383 500 etiam
1413 445 1683 501 vinculum
1723 446 1847 503 huic
1869 463 2004 503 con-

415 536 668 601 trarium,
701 545 756 590 ut
783 535 998 606 quando
1023 537 1185 602 dicit,
1224 536 1429 593 Catenis
1458 535 1777 607 peccatorum
1799 557 2004 596 suorum

412 627 757 697 unusquisque
801 626 1138 700 adstringitur
1169 627 1368 700 (Prov.
1409 629 1464 684 5.
1499 629 1634 700 22).
1679 631 1735 685 Id
1765 631 2005 688 Christus

411 733 625 789 quoque
651 719 901 786 innuens,
925 719 1144 774 Abrahae
1164 727 1350 784 autem,
1380 719 1668 790 inquiebat,
1692 722 1852 791 ﬁliam
1873 723 2005 778 hanc

411 825 444 863 a
471 818 654 864 satana
691 810 901 880 ligatam
934 827 1046 864 non
1091 809 1350 882 oportebat
1387 812 1516 866 solui
1545 811 1705 883 (Luc.
1732 814 1826 870 15.
1857 814 1960 887 16)
1985 831 2000 882 ;

415 909 473 955 ct
503 901 668 958 Isaias
695 900 762 956 de
785 900 999 957 Christo
1022 943 1038 968 ,
1063 899 1206 956 .Dedi
1229 911 1277 955 te
1299 903 1354 956 in
1381 909 1728 958 testamentum
1755 907 2001 976 gentium,

413 995 660 1048 dicentem
687 994 750 1048 iis
778 996 865 1064 qui
888 1003 1003 1049 sunt
1027 994 1080 1048 in
1105 993 1335 1058 uinculis,
1371 993 1688 1066 Egredimini
1716 995 1882 1067 (Isai.
1909 997 1998 1052 49.

409 1085 465 1142 8.
499 1087 594 1154 9).
643 1085 772 1142 Haec
813 1101 942 1157 ergo
969 1086 1176 1142 vincula
1229 1087 1465 1158 dirupit,
1515 1103 1625 1144 non
1667 1090 1868 1144 solvit:
1901 1089 2005 1147 hoc

409 1179 552 1234 enim
579 1186 661 1234 est
687 1178 785 1234 illo
809 1179 1062 1248 amplius.
1105 1177 1259 1247 Quod
1307 1181 1353 1235 si
1397 1180 1519 1251 quis
1545 1181 1860 1238 etiam‘velit
1887 1183 2003 1240 huic

407 1282 624 1324 sumere
649 1268 970 1340 anagogice,
1000 1268 1184 1324 dicens
1213 1269 1332 1325 haec
1369 1285 1489 1327 esse
1518 1271 1726 1327 vincula
1758 1283 2004 1342 peccato-

407 1373 550 1426 rum,
573 1366 629 1414 et
649 1367 816 1414 totum
837 1367 1073 1415 veterem
1097 1358 1392 1426 hominem,
1417 1360 1636 1418 minimc
1654 1363 1999 1420 aberraverit.

410 1450 510 1506 Est
539 1449 682 1506 aliud
709 1464 922 1521 quoque
943 1450 1212 1506 vinculum
1244 1449 1679 1520 pulcherrimum,
1703 1453 1843 1524 quod
1867 1453 2004 1510 Pau-

407 1544 492 1600 lus
514 1559 730 1614 semper
754 1543 1136 1600 circumferens
1159 1543 1373 1599 dicebat
1397 1561 1412 1598 :
1438 1541 1639 1600 Paulus
1653 1545 1852 1601 uinctus
1871 1545 1999 1602 Iesu

407 1637 596 1692 Christi
633 1635 864 1710 (Ephes.
896 1637 948 1693 ὃ.
981 1637 1034 1692 1.
1067 1647 1114 1691 et
1141 1636 1194 1692 ϐ.
1221 1636 1350 1706 20).
1393 1636 1462 1691 Et
1501 1652 1687 1692 rursus
1709 1679 1725 1701 ,
1759 1637 1874 1693 Pro
1901 1655 2001 1710 quo

407 1729 560 1782 etiam
587 1729 783 1782 uinctus
809 1743 922 1782 sum
947 1727 1002 1781 in
1029 1736 1209 1781 catena
1240 1725 1388 1798 (Act.
1417 1726 1508 1783 28.
1531 1725 1660 1800 20).
1691 1727 1744 1783 8.
1776 1727 1885 1782 Tibi
1911 1745 2000 1782 sa-

407 1819 650 1890 criﬁcabo
679 1817 896 1874 hostiam
925 1819 1112 1874 laudis.
1156 1818 1290 1875 Vide
1317 1818 1585 1890 quomodo
1623 1821 1902 1891 superius,
1947 1831 2002 1879 et

409 1909 666 1977 inferius,
694 1918 748 1964 et
773 1910 971 1982 ubique
1010 1910 1241 1966 exsolvit
1282 1911 1522 1966 eamdem
1555 1911 1665 1967 Deo
1691 1913 2000 1969 retributio-

407 2017 534 2058 nem
563 2019 578 2056 :
610 2001 856 2072 superius
885 2001 1101 2067 dicens,
1131 2000 1351 2057 Calicem
1375 2002 1614 2058 salutaris
1641 2005 1923 2075 accipiam,
1954 2019 2001 2061 et

407 2109 588 2148 nomen
622 2091 841 2148 Domini
865 2092 1149 2158 invocabo;
1177 2091 1292 2159 hic,
1324 2093 1436 2147 Tibi
1463 2095 1759 2164 sacriﬁcabo
1783 2096 2000 2152 hostiam

407 2185 576 2244 laudis
595 2227 610 2253 ,
643 2183 762 2242 hoc
786 2195 870 2242 est
891 2227 906 2250 ,
945 2185 1165 2241 Gratias
1191 2201 1342 2256 agam
1361 2227 1377 2252 ,
1409 2185 1686 2241 Laudabo.
1719 2187 1786 2241 Et
1819 2205 2001 2244 nomen

405 2277 614 2331 Domini
641 2277 902 2332 invocabo.
935 2276 1097 2332 Vides
1125 2276 1392 2348 quomodo
1420 2287 1504 2333 cst
1531 2278 1850 2336 sacriﬁcium
1883 2279 1998 2336 lau-

407 2369 532 2424 dis?
555 2369 618 2426 .9.
651 2369 782 2426 Vota
806 2386 918 2424 mea
939 2368 1160 2424 Domino
1189 2369 1402 2424 reddam
1427 2371 1481 2424 in
1521 2382 1795 2442 conspectu
1837 2374 2000 2428 omnis

407 2463 586 2533 pepuli
601 2464 760 2534 ejus,
794 2462 880 2518 10.
913 2462 967 2516 in
993 2463 1136 2517 atriis
1162 2463 1342 2517 domus
1355 2461 1576 2518 Domini
1596 2505 1611 2528 ,
1652 2465 1706 2518 in
1734 2465 1898 2520 medio
1927 2467 2000 2520 tui

402 2552 714 2608 Jerusalem.
744 2553 855 2608 lloc
883 2561 1060 2608 autem
1091 2551 1349 2618 faciebat,
1383 2569 1488 2608 non
1515 2564 1572 2608 ut
1597 2569 1657 2610 se
1683 2565 1994 2624 ostentaret,

401 2658 504 2700 nec
532 2653 589 2700 ut
611 2643 838 2715 gloriam
865 2652 1124 2715 captaret,
1151 2644 1245 2700 sed
1274 2660 1462 2700 omnes
1488 2644 1554 2700 ad
1583 2661 1736 2702 suam
1765 2647 1996 2703 invitans

401 2737 753 2794 imitationem
774 2779 788 2804 ,
821 2745 877 2793 et
903 2737 1086 2792 volens
1111 2753 1221 2794 eos
1249 2737 1448 2793 habere
1488 2739 1666 2794 socios
1699 2740 1990 2810 gratiarum

399 2833 647 2890 actionis.
677 2831 827 2902 Quod
853 2830 1298 2903 quidemfaciunt
1328 2847 1516 2888 omnes
1539 2834 1732 2901 sancti,
1761 2849 1866 2888 non
1898 2833 1995 2888 ho-

401 2925 576 2980 mines
602 2924 773 2980 solum
792 2964 808 2990 ,
839 2922 934 2979 sed
976 2923 1135 2979 etiam
1169 2938 1381 2978 onmem
1411 2933 1750 2989 creaturam,
1781 2925 1997 2995 quando

400 3015 647 3074 beneﬁcii
673 3015 876 3086 aliquid
903 3015 1231 3086 acceperint,
1271 3023 1524 3073 vocantes
1551 3017 1618 3072 ad
1648 3017 1818 3073 laudis
1844 3032 1995 3073 com—

397 3108 728 3164 munionem.
757 3106 902 3162 Nihil
931 3107 1187 3164 est-enim
1208 3148 1224 3174 ,
1251 3107 1394 3178 quod
1426 3108 1565 3164 Deus
1591 3109 1794 3178 majore
1817 3109 1996 3166 studio

398 3199 802 3269 complectatur,
831 3213 988 3270 quam
1013 3208 1390 3267 esse-gratum,
1407 3214 1523 3254 non
1546 3200 1720 3257 solum
1735 3201 1802 3256 lin
1827 3201 1994 3258 rebus

397 3291 682 3359 secundis,
713 3290 808 3347 sed
843 3290 1006 3347 etiam
1035 3289 1090 3345 in
1135 3290 1396 3370 adversis.
1445 3289 1556 3346 Hoc
1594 3299 1680 3347 est
1724 3293 1990 3364 praecipue

399 3383 612 3452 hostia,
644 3383 748 3439 hoc
775 3383 1007 3438 axima
1053 3381 1274 3438 oblatio.
1307 3382 1398 3438 illa
1440 3383 1543 3439 Job
1567 3383 1988 3455 praedicabatur,

396 3477 470 3533 ita
494 3477 708 3542 Paulus,
732 3477 802 3532 ita
823 3475 988 3532 Iacob
1011 3475 1124 3531 :-.ita
1151 3475 1510 3547 unusquisque
1529 3476 1818 3548 iustorum,
1845 3479 1990 3550 pium

398 3584 554 3624 suum
580 3577 632 3624 et
655 3575 864 3639 gratum
891 3567 946 3622 in
976 3567 1142 3622 Deum
1179 3567 1416 3624 animum
1443 3570 1675 3626 maxime
1701 3571 1754 3624 in
1785 3582 1992 3642 tempo-

396 3676 517 3716 rum
539 3659 850 3716 difﬁcultate
871 3658 1179 3714 ostendens.
1199 3658 1442 3730 Idipsum
1465 3674 1566 3714 nos
1591 3676 1804 3732 quoque
1830 3662 1990 3718 iacia-

399 3770 542 3820 mus,
565 3762 622 3810 et
641 3753 836 3824 gratias
856 3760 1116 3824 perpetuo
1135 3767 1295 3824 agere
1318 3767 1742 3822 perseveremus,
1771 3763 1829 3810 ut
1848 3754 1988 3810 bona

398 3849 559 3908 etiam
589 3854 788 3906 acterna
827 3859 1257 3916 consequamur:
1289 3861 1408 3915 qua:
1433 3845 1590 3901 detur
1629 3846 1783 3902 nobis
1804 3848 1987 3904 omni-

399 3945 498 3998 lms
519 3941 794 4014 consequi,
813 3940 982 4012 gratia
1008 3949 1063 3996 et
1083 3940 1409 4010 benignitate
1433 3939 1644 3995 Domini
1672 3940 1839 3996 nostri
1859 3941 1985 3998 Iesu

397 4036 631 4103 Christi,
661 4035 744 4091 cui
773 4034 942 4106 gloria
970 4041 1026 4089 et
1053 4033 1333 4104 imperium
1355 4074 1370 4100 ,
1393 4048 1541 4089 nunc
1579 4040 1636 4088 et
1661 4047 1902 4103 semper,
1931 4043 1987 4090 et

396 4131 452 4186 in
481 4127 676 4186 stncula
704 4126 1048 4184 saeculorum.
1077 4125 1272 4180 Amen.

861 4257 929 4314 IN
966 4255 1288 4314 PSALMUM
1335 4251 1516 4310 CXVI.

395 4373 447 4428 1.
479 4369 706 4426 Laudate
730 4367 1008 4423 Dominum
1026 4406 1040 4430 ,
1067 4381 1238 4419 omnes
1261 4373 1430 4435 gentes
1453 4403 1470 4429 ,
1499 4365 1703 4419 laudate
1728 4381 1842 4418 eum
1867 4381 1980 4419 om-

465 4479 553 4517 nes
599 4460 796 4532 populi.
839 4457 894 4512 2.
939 4456 1191 4524 Quoniam
1235 4455 1535 4522 conﬁrmata
1583 4463 1655 4508 est
1695 4471 1847 4524 super
1889 4473 1980 4512 nos

466 4552 813 4609 misericordia
838 4553 949 4623 ejus
966 4592 982 4620 ,
1019 4559 1069 4605 et
1097 4549 1278 4604 veritas
1303 4546 1513 4602 Domini
1544 4557 1711 4602 manet
1740 4548 1794 4603 in
1828 4558 1978 4604 teter-

345 4703 350 4708 _
460 4663 602 4702 num.

343 4745 348 4750 ’
464 4756 646 4812 Cuivis
677 4756 880 4810 clarum
919 4763 1034 4822 est,
1077 4753 1193 4809 lucc
1219 4769 1338 4825 qua:
1375 4753 1514 4808 dicta
1551 4760 1676 4808 sunt
1701 4767 1821 4808 esse
1851 4768 1975 4824 pro.

391 4849 627 4922 phetiam
655 4846 911 4902 Ecclesia:
939 4845 1270 4901 credentium
1291 4886 1308 4912 ,
1336 4854 1392 4901 et
1415 4843 1816 4916 prtedictionem
1842 4861 1979 4916 pra:-

387 4939 672 4996 dicationis
717 4952 838 5008 quae
879 4937 1184 4993 universum
1232 4936 1418 4992 orbem
1468 4945 1627 4991 terra:
1673 4938 1970 5007 occupavit.

386 5034 571 5105 Neque
596 5032 740 5088 enim
767 5043 924 5084 unam
943 5068 961 5096 ,
993 5028 1129 5084 duas
1153 5037 1244 5084 aut
1271 5038 1380 5084 tres
1404 5027 1740 5084 solummodo
1766 5041 1972 5098 gentes,

387 5126 484 5183 sed
512 5135 730 5192 terram,
760 5131 814 5180 et
837 5122 1146 5180 universum
1176 5131 1500 5178 mare.vocat
1525 5121 1790 5177 Psalmus.
1821 5121 1974 5189 Quod

384 5220 545 5276 etiam
591 5217 809 5282 evenit,
837 5214 1050 5287 quando
1086 5213 1284 5270 Christi
1319 5213 1577 5269 adventus
1619 5212 1968 5283 reSplenduit.

387 5309 595 5368 Deinde
639 5309 769 5367 dicit
794 5307 956 5364 etiam
995 5319 1210 5362 causam
1251 5304 1439 5361 salutis
1461 5345 1477 5373 ,
1507 5317 1603 5360 eos
1645 5318 1838 5371 nempe
1866 5318 1969 5360 non

384 5418 451 5461 ex
485 5402 721 5474 propriis
754 5396 942 5467 lactis,
975 5415 1076 5456 nec
1114 5414 1180 5456 ex
1208 5398 1316 5454 vita
1337 5439 1353 5466 ,
1382 5411 1483 5453 nec
1509 5412 1574 5453 ex
1620 5395 1809 5452 ﬁducia
1827 5436 1845 5464 ,
1875 5397 1970 5452 sed

387 5509 454 5552 es
497 5493 608 5548 sola
646 5491 740 5548 Dei
773 5490 1060 5548 clementia
1103 5497 1342 5547 servatos
1387 5501 1528 5545 esse.
1556 5485 1872 5556 Conﬁrmata
1898 5496 1970 5542 est

387 5585 530 5644 enim
556 5625 572 5655 ,
615 5583 806 5654 inquit,
851 5599 1000 5656 super
1023 5599 1116 5641 nos
1155 5580 1506 5663 misericordia
1543 5579 1698 5652 ejus:
1741 5577 1844 5637 hoc
1865 5588 1968 5643 est,

1120 144 1177 202 S.
1215 142 1492 202 .IOANNIS
1526 145 2000 206 CHRYSOSTOMI
2038 149 2354 208 ARCIIIEP.
2391 148 2926 210 CONS'I‘ANTINOP.

3591 155 3695 211 328

2117 275 2300 320 coacta
2315 272 2412 320 est
2437 273 2491 319 et
2515 265 2734 332 coaluit,
2765 249 3022 335 firmaque
3052 265 3304 322 ac=solida
3327 265 3470 324 facta
3500 280 3615 336 est,
3645 283 3700 328 et

2116 364 2266 426 petra
2294 354 2555 411 stabilior.
2601 356 2988 411 lncrementum
3012 358 3154 412 enim
3183 357 3421 428 quotidie
3454 361 3696 429 suscipit.

2115 445 2182 501 Et
2207 448 2390 502 veritas
2428 447 2539 515 ejus
2567 457 2742 500 manet
2784 447 2836 500 in
2866 457 3128 502 mternum.
3154 447 3304 503 Tunc
3329 449 3472 503 enim
3502 451 3698 507 veritas

2114 540 2344 596 maxime
2370 539 2716 610 resplenduit.
2758 539 2882 594 Ideo
2919 550 3095 595 autem
3139 540 3217 594 sic
3242 539 3416 608 dixit,
3442 543 3695 611 quoniam

2113 639 2294 686 vetera
2347 631 2434 685 illa
2477 639 2630 686 erant
2671 639 2904 702 typuset
2938 631 3125 700 ﬁgura.
3171 629 3282 684 Hoc
3318 630 3489 701 ipsum
3533 631 3700 702 signi-

2113 724 2283 778 ﬁcans
2307 738 2520 794 quoque
2548 723 2895 793 evangelista,
2925 723 3137 778 dicebat
3168 740 3181 776 :
3211 723 3325 776 Leu:
3347 740 3438 794 per
3464 723 3695 796 Moysem

2111 816 2234 869 data
2261 824 2357 882 est,
2389 817 2554 886 gratia
2578 825 2623 870 et
2660 816 2842 870 veritas
2867 833 2956 887 per
2978 814 3156 870 Iesum
3183 813 3438 870 Christum
3457 820 3600 888 'facta
3622 829 3697 873 est

2113 906 2292 981 (Joan.
2328 910 2380 964 I.
2409 907 2522 980 17).

2569 1040 2638 1098 ΙΝ
2675 1041 2995 1099 PSALMUM
3031 1040 3239 1100 CXVII.

2111 1157 2165 1212 I.
2188 1154 2510 1228 Confitemini
2533 1157 2756 1214 Domino
2781 1161 3017 1230 quoniam
3043 1161 3222 1230 bonus,
3244 1162 3484 1233 quoniam
3507 1162 3561 1218 in
3593 1179 3691 1219 sc-

2550 1251 2721 1306 culum
2746 1254 3093 1308 misericordia
3121 1255 3250 1325 ejus.

2172 1361 2233 1415 1.
2275 1359 2484 1418 Dictum
2512 1362 2728 1434 quidem
2759 1364 2954 1420 Psalmi
2985 1366 3125 1436 quod
3164 1368 3440 1424 consuevit
3469 1371 3694 1441 populus

2109 1451 2394 1510 succinere
2421 1455 2521 1526 (a),
2551 1454 2652 1509 hoc
2675 1463 2758 1510 est
2782 1473 2796 1509 :
2828 1455 2954 1510 Haec
2977 1465 3050 1510 est
3072 1455 3178 1511 dies
3199 1473 3353 1528 quam
3377 1459 3493 1531 fecit
3517 1459 3693 1516 Domi.

2107 1557 2223 1606 nus,
2248 1545 2555 1600 ecsitltemus
2585 1555 2635 1600 et
2671 1546 2900 1601 lretemur
2925 1546 2978 1601 in
3006 1563 3066 1601 ea
3091 1563 3110 1600 :
3130 1547 3271 1617 quod
3290 1557 3356 1605 et
3381 1552 3577 1607 multos
3602 1567 3688 1608 ex-

2106 1633 2270 1701 citat,
2300 1644 2369 1691 et
2399 1635 2500 1693 hoc
2527 1639 2768 1694 maxime
2793 1639 2934 1694 solet
2967 1638 3203 1710 populus
3229 1639 3330 1694 illo
3356 1641 3615 1711 spirituali
3639 1651 3697 1699 et

2105 1725 2306 1782 caelesti
2350 1725 2487 1783 festo
2526 1728 2825 1786 succinere.
2868 1729 2976 1785 Nos
3001 1739 3216 1796 autem,
3247 1731 3290 1786 si
3316 1746 3412 1786 vos
3437 1732 3596 1788 vultis
3618 1775 3633 1799 ,
3667 1745 3699 1784 a

2104 1818 2280 1888 capite
2309 1827 2364 1874 et
2389 1818 2459 1875 ab
2485 1820 2636 1876 initio
2661 1830 2828 1877 totum
2860 1821 3130 1876 Psalmum
3158 1837 3561 1894 persequamur,
3587 1841 3690 1881 non

2105 1922 2135 1961 a
2167 1923 2324 1964 versu
2352 1910 2442 1980 qui
2473 1912 2798 1975 succinitur,
2841 1912 2936 1968 sed
2965 1912 3035 1968 ab
3061 1914 3176 1983 ipso
3218 1915 3441 1970 exordio
3477 1917 3690 1987 exposi-

2107 1999 2306 2056 tionem
2352 2001 2683 2059 inchoantes.
2729 2003 2953 2060 Versum
2983 2007 3124 2061 enim
3157 2006 3339 2062 Patres
3383 2009 3586 2074 nostri,
3637 2021 3692 2064 ut

2105 2093 2194 2164 qui
2225 2104 2368 2151 esset
2391 2110 2636 2162 sonoros,
2667 2105 2722 2152 et
2745 2097 2970 2154 sublime
2995 2098 3206 2170 aliquod
3231 2099 3423 2170 dogma
3453 2101 3692 2157 contine-

2106 2194 2221 2250 ret,
2261 2186 2520 2256 populum
2565 2188 2846 2244 succinere
2890 2199 3222 2256 sanxerunt,
3263 2191 3690 2261 quandoquidem

2107 2283 2275 2330 totum
2303 2276 2574 2332 Psalmum
2599 2277 2912 2348 ignorabat,
2942 2288 2999 2334 ut
3023 2278 3106 2333 vel
3135 2278 3258 2334 hinc
3281 2279 3566 2349 perfectam
3591 2281 3691 2336 do-

2105 2370 2328 2424 ctrinam
2367 2371 2694 2441 acciperent.
2743 2370 2908 2427 Nobis
2951 2382 3128 2426 autem
3167 2386 3394 2428 necesse
3437 2382 3521 2428 est
3563 2387 3688 2430 eum

2105 2470 2274 2518 totum
2308 2463 2567 2534 persequi
2589 2505 2602 2527 ,
2633 2463 2732 2519 etsi
2761 2479 2880 2533 qua:
2908 2473 3031 2519 sunt
3055 2464 3114 2518 in
3144 2464 3320 2520 medio
3349 2465 3485 2534 ejus,
3513 2466 3690 2520 maxi-

2101 2568 2244 2608 mam
2280 2552 2508 2610 habeant
2547 2555 2898 2624 prophetiam.
2930 2554 3028 2610 IIic
3052 2555 3194 2610 enim
3219 2555 3419 2610 dictum
3441 2566 3530 2612 est
3552 2573 3565 2609 :
3587 2555 3689 2610 La-

2102 2645 2445 2717 pidem-quem
2469 2646 2859 2718 reprobarerunt
2886 2647 3215 2716 aediﬁcantes,
3243 2646 3325 2700 hic
3348 2647 3516 2716 factus
3542 2659 3614 2703 est
3639 2649 3689 2703 in

2099 2748 2252 2808 caput
2280 2739 2456 2811 anguli
2483 2739 2566 2808 (υ.
2599 2736 2730 2810 22).
2771 2738 2923 2807 Quod
2949 2738 3162 2809 quidem
3191 2736 3438 2794 Christus
3475 2754 3688 2811 quoque

2100 2830 2233 2887 dixit
2252 2830 2449 2887 Iudaeis
2473 2830 2694 2903 (Matth.
2718 2831 2808 2886 21.
2831 2831 2956 2901 42),
2985 2831 3144 2901 paulo
3169 2830 3384 2901 quidem
3409 2831 3692 2887 obscurius

2101 2923 2298 2994 (adhuc
2325 2923 2469 2978 enim
2497 2924 2572 2977 ira
2617 2923 2924 2989 fervebant,
2965 2923 3081 2994 ipse
3119 2931 3294 2978 autem
3317 2938 3443 2979 eam
3475 2923 3687 2979 nolebat

2099 3015 2395 3072 accendere
2426 3034 2440 3070 :
2469 3014 2733 3070 Calamam
2747 3016 2901 3070 enim
2928 3015 3196 3068 contritum
3238 3030 3340 3068 non
3373 3016 3685 3086 confringet,

2097 3119 2146 3164 et
2173 3110 2335 3165 linum
2361 3109 2618 3181 fumigans
2643 3124 2746 3162 non
2771 3108 3049 3178 exstinguat
3079 3105 3242 3180 [Isai.
3269 3107 3359 3162 42.
3388 3106 3455 3181 ὃ]
3473 3107 3492 3179 )
3509 3150 3523 3173 ,
3555 3108 3688 3164 dixit

2099 3208 2298 3255 tamen.
2328 3198 2714 3270 Aggrediamur
2732 3213 2860 3269 ergo
2882 3197 3148 3252 Psalmum
3169 3197 3238 3252 ab
3258 3197 3374 3267 ipso
3400 3200 3682 3268 protemin,

2096 3290 2253 3346 sicuti
2273 3290 2384 3360 jam
2410 3289 2659 3344 diximus.
2687 3288 2840 3356 Quod
2868 3297 2948 3344 est
2987 3303 3114 3359 ergo
3156 3289 3515 3359 praemium?
3552 3289 3688 3345 Con-

2096 3383 2310 3452 ﬁtemini
2329 3381 2574 3449 Domino,
2605 3379 3026 3452 quoniambonus
3045 3422 3060 3447 ,
3085 3380 3323 3450 quoniam
3354 3383 3408 3435 in
3442 3385 3686 3437 saeuiunt

2096 3475 2442 3530 misericordia
2457 3476 2596 3546 ejus.
2623 3473 2755 3529 Nam
2783 3488 2903 3528 cum
2930 3481 3111 3528 mente
3137 3473 3388 3544 agitasset
3425 3477 3684 3548 propheta

2094 3565 2243 3622 orbis
2287 3575 2444 3622 terrae
2483 3563 2838 3629 beneﬁcium,
2879 3572 2936 3620 et
2975 3577 3263 3634 perennem
3301 3563 3681 3636 benignitatem

2093 3675 2158 3717 ac
2181 3659 2520 3718 clementiam
2549 3673 2709 3730 quam
2753 3657 2811 3712 in
2852 3655 3099 3712 omnibus
3140 3656 3373 3712 ostendit
3403 3657 3679 3725 Dominus,

2095 3761 2254 3807 vocat
2282 3749 2443 3806 simul
2483 3762 2674 3806 omnes
2699 3746 2766 3803 ad
2795 3746 3038 3818 agendas
3064 3747 3260 3817 gratias
3281 3789 3298 3813 ,
3327 3748 3560 3802 maximo
3587 3765 3680 3804 ca-

2095 3846 2206 3916 pite
2251 3845 2512 3899 bonorum
2553 3841 2668 3912 ejus
2710 3843 2765 3896 in
2809 3839 2988 3895 medio
3033 3840 3224 3910 posito.
3272 3839 3326 3896 2.
3360 3839 3510 3894 Dicat
3547 3857 3682 3896 nunc

2091 3940 2274 3994 domus
2303 3937 2508 4003 Israel,
2550 3939 2788 4010 quoniam
2818 3937 2989 3992 bonus
3013 3978 3026 4000 ,
3072 3937 3312 4007 quoniam
3344 3937 3398 3990 in
3435 3937 3679 3991 steculum

2090 4032 2434 4088 misericordia
2461 4031 2593 4102 ejus.
2623 4029 2761 4098 Quid
2789 4028 2966 4084 dicis?
2994 4027 3189 4082 Domus
3214 4025 3400 4095 Israel,
3433 4043 3552 4098 qua:
3577 4043 3671 4082 ca-

2089 4123 2359 4195 ptivitates
2383 4135 2632 4193 perpessa
2663 4130 2746 4176 est
2775 4119 3209 4183 innumerabiles,
3231 4133 3350 4188 quae
3375 4121 3425 4173 in
3443 4116 3678 4189 Egypto

2089 4217 2328 4281 servivit,
2361 4229 2481 4285 quae
2507 4215 2558 4268 in
2586 4213 2733 4269 orbis
2763 4221 3023 4268 terrarum
3053 4221 3293 4266 extrema
3315 4209 3540 4266 abducta
3569 4220 3671 4276 est,

2087 4324 2206 4380 quae
2231 4308 2284 4362 in
2303 4306 2592 4362 ‘Palazstiua
2620 4304 2768 4360 mille
2807 4303 3052 4358 toleravit
3092 4301 3451 4358 al’lllctiones?
3492 4302 3671 4369 Certe,

2087 4403 2278 4472 inquit.
2311 4401 2349 4456 Ii
2377 4402 2517 4456 enim
2549 4407 2673 4454 sunt
2699 4399 2815 4468 ejus
2841 4395 3101 4451 bonorum
3129 4395 3316 4466 optimi
3346 4403 3530 4461 testes,
3561 4411 3676 4448 ma-

2079 4495 2305 4564 joraque
2330 4500 2384 4548 et
2409 4491 2664 4561 ampliora
2695 4495 3016 4559 acceperunt
3041 4501 3197 4556 quam
3227 4487 3340 4542 alii.
3367 4486 3669 4552 Quinetiam

2083 4589 2187 4645 hoc
2217 4589 2388 4660 ipsum
2414 4584 2556 4656 quod
2587 4583 2726 4654 passi
2769 4591 2921 4646 sunt,
2954 4587 3038 4635 est
3077 4587 3448 4650 argumentum
3493 4579 3671 4649 magni

2081 4684 2346 4741 beneﬁcii.
2373 4681 2429 4737 Si
2449 4681 2568 4752 quis
2588 4688 2764 4734 autem
2786 4677 3068 4746 diligenter
3083 4672 3486 4735 examinaverit,
3507 4673 3668 4726 etiam

2080 4792 2179 4848 pro
2214 4774 2410 4832 Christi
2439 4772 2668 4828 adventu
2707 4778 3122 4825 consentaneum
3151 4774 3235 4820 est
3275 4779 3370 4819 eos
3407 4764 3669 4818 maximas

2081 4884 2240 4941 agere
2265 4867 2484 4938 gratias.
2513 4865 2623 4920 Etsi
2652 4863 2794 4918 enim
2818 4860 3043 4916 adversa
3068 4857 3207 4928 passi
3233 4865 3378 4922 sunt,
3407 4855 3460 4911 id
3487 4864 3666 4911 tamen

2081 4981 2185 5020 non
2215 4963 2285 5018 ab
2309 4977 2376 5017 eo
2401 4961 2492 5029 qui
2520 4958 2694 5024 venit,
2733 4954 2825 5012 sed
2856 4954 2924 5008 ab
2953 4967 3139 5008 eorum
3177 4949 3516 5020 improbitate
3545 4964 3673 5016 pro-

2080 5058 2276 5114 fectum
2303 5066 2403 5112 est.
2438 5055 2557 5124 Ipse
2583 5049 2726 5106 enim
2755 5047 2822 5102 ad
2849 5060 2945 5102 eos
2973 5043 3251 5110 veniebat,
3280 5052 3336 5097 et
3360 5041 3670 5111 frequenter

2077 5150 2288 5207 dicebat
2319 5163 2334 5201 :
2373 5144 2498 5200 Non
2525 5143 2708 5198 missus
2750 5155 2862 5194 sum
2901 5137 2999 5191 nisi
3034 5135 3102 5188 ad
3130 5149 3244 5188 oves
3270 5147 3386 5205 qua
3411 5131 3670 5202 perierunt

2078 5245 2259 5300 domus
2288 5237 2456 5296 Israel
2480 5234 2697 5309 (Matth.
2721 5233 2808 5289 15.
2835 5230 2943 5301 24)
2967 5246 2984 5298 ;
3011 5236 3067 5286 et
3091 5225 3367 5299 discipulis
3397 5241 3414 5280 :
3438 5221 3506 5280 In
3531 5222 3672 5281 siam
3705 5243 3708 5248 ·

2151 5397 2223 5459 ta)
2248 5393 2377 5456 Quid
2403 5391 2486 5446 sit.
2509 5390 2756 5456 psalmum
2781 5373 3027 5442 succmere
3058 5386 3412 5459 (ὑτεοψάλλιιν),
3437 5383 3658 5434 diximus

2152 5472 2234 5497 nm
2263 5457 2312 5497 in
2353 5454 2540 5497 Manilo
2562 5454 2622 5497 ad
2649 5453 2776 5497 Psal.
2807 5452 2881 5497 11.
2907 5450 3067 5497 luitur
3091 5451 3171 5497 hic
3201 5461 3408 5497 versus.
3449 5445 3554 5497 htec
3583 5450 3656 5496 est

2088 5450 2237 5528 supra
2261 5450 2314 5508 in
2353 5450 2540 5505 Monitb
2562 5454 2622 5503 ad
2648 5453 2776 5502 Psal.
2807 5452 2881 5501 11.
2907 5450 3074 5514 Igitur
3091 5450 3171 5499 hic
3189 5450 3380 5516 versus
3449 5450 3554 5497 luet:
3583 5450 3656 5517 est

2089 5519 2213 5580 dies,
2257 5526 2378 5579 etc.,
2414 5521 2525 5567 erat
2558 5525 2862 5580 responsum,
2903 5512 3036 5578 quod
3087 5515 3200 5575 post
3241 5483 3468 5574 singulos
3505 5507 3660 5571 huius

2093 5577 2271 5634 Ρωῐωὶ
2296 5577 2468 5634 versus
2491 5577 2832 5641 repetebatur.
