4062 6208
335 421 434 479 523

335 537 552 607 gentium
582 553 646 591 ne
673 537 900 592 abun-itis
919 553 939 594 :
961 539 1028 592 ite
1055 539 1222 606 potius
1261 536 1327 590 ad
1360 551 1472 588 oves
1507 550 1622 605 qua:
1657 533 1905 604 perierunt

336 632 509 686 domus
535 628 704 686 Israel
733 629 954 699 (Matth.
983 629 1068 684 l0.
1096 627 1202 699 5);
1231 636 1284 682 et
1313 626 1622 681 Chaunum
1649 640 1662 676 :
1689 621 1810 676 Non
1837 631 1908 675 est

339 724 517 776 bonum
539 721 771 789 accipere
795 737 974 790 panem
1001 721 1224 786 ﬁliorum
1249 728 1294 772 et
1316 717 1439 771 dare
1465 717 1670 770 canibus
1695 713 1903 785 (Matth.

340 813 422 867 15.
451 811 564 882 26).
592 810 788 866 Omnia
817 810 960 866 enim
996 811 1183 880 agebat
1215 817 1270 864 et
1313 807 1625 877 procumbat
1665 820 1762 874 pro
1788 805 1905 858 illo-

338 917 448 956 rum
479 903 670 957 salute.
714 901 866 970 Quod
892 901 936 955 si
961 901 1062 954 visi
1090 907 1216 954 sunt
1248 897 1442 966 indigni
1472 895 1731 952 beneﬂcio
1751 935 1766 960 ,
1797 894 1907 950 suis

341 993 625 1047 sceleribus
673 993 973 1061 imputent,
1017 997 1073 1044 et
1111 1003 1321 1044 summo
1367 1001 1464 1041 suo
1509 986 1699 1056 ingrati
1745 983 1912 1038 animi

337 1083 562 1137 crimini.

405 1172 687 1228 Sacerdotii
715 1171 956 1242 dignitas.
979 1199 1051 1210 —
1074 1169 1128 1224 3.
1181 1167 1324 1222 Dicat
1347 1167 1528 1222 domus
1568 1164 1738 1219 Aaron
1782 1178 1905 1231 quo-

339 1264 469 1316 niam
508 1261 699 1328 bonus,
727 1263 967 1333 quoniam
1011 1261 1064 1314 in
1113 1259 1354 1313 siccatum
1396 1255 1738 1310 misericordia
1773 1255 1904 1324 ejus.

339 1355 428 1408 llic
459 1363 612 1409 Vocat
648 1353 951 1408 sacerdotes
995 1352 1280 1422 separatim
1320 1351 1386 1406 ad
1414 1347 1596 1404 laudes
1620 1347 1904 1411 cauendus,

337 1447 618 1502 ostendens
645 1460 802 1516 quam
838 1444 907 1498 sit
945 1444 1216 1499 excellens
1243 1440 1615 1496 sacerdotium.
1642 1437 1772 1494 Nam
1801 1452 1908 1508 quo

336 1549 486 1592 erant
509 1537 625 1592 aliis
671 1537 901 1605 majores
920 1575 935 1598 ,
965 1549 1032 1589 eo
1059 1536 1315 1601 majorem
1343 1549 1371 1584 a
1401 1532 1512 1587 Deo
1539 1531 1756 1601 gloriam
1782 1544 1908 1584 cou-

336 1629 539 1699 sequuti
565 1637 708 1690 sunt,
737 1642 843 1682 nou
869 1627 1039 1681 solum
1067 1624 1205 1696 quod
1231 1623 1298 1678 ad
1324 1621 1677 1677 sacerdotiqu
1697 1620 1902 1685 attinet,

336 1719 425 1773 sed
449 1718 609 1772 etiam
641 1717 781 1787 quod
816 1716 884 1770 ad
907 1715 1007 1770 alia
1047 1715 1244 1769 omnia.
1291 1713 1500 1768 Etenim
1525 1710 1736 1782 quando
1774 1709 1908 1780 ignis

333 1810 593 1864 demissus
611 1818 714 1874 est,
739 1818 952 1880 propter
971 1822 1064 1862 eos
1087 1807 1346 1862 demissus
1365 1815 1468 1870 est,
1489 1815 1541 1860 et
1566 1814 1701 1858 terra
1725 1812 1904 1873 aperta

333 1909 434 1962 est.
466 1910 519 1955 et
541 1900 686 1970 virga
713 1900 1029 1970 germinavit
1055 1897 1196 1968 (Lev.
1225 1898 1310 1952 10.
1337 1896 1374 1950 2
1397 1912 1411 1962 ;
1445 1895 1604 1950 Num.
1631 1895 1718 1950 16.
1746 1895 1832 1950 52.
1860 1905 1906 1948 et

335 1995 422 2046 l7.
448 1990 559 2063 18),
587 2002 641 2046 et
665 1992 762 2044 alia
791 1992 1065 2044 innumera
1095 1997 1307 2058 prepler
1332 1989 1494 2056 ipsos,
1527 1987 1632 2041 into
1659 2001 1785 2039 vero
1811 2001 1906 2054 pro

336 2085 461 2152 ipsis
486 2082 738 2136 miracula
763 2085 902 2140 facta
930 2088 1073 2132 sunt.
1115 2079 1167 2134 6.
1202 2076 1386 2131 Dicant
1415 2092 1585 2130 omnes
1619 2077 1707 2145 qui
1733 2075 1908 2128 timent

336 2173 639 2236 Dominum,
671 2171 910 2240 quoniam
937 2172 1092 2224 bonus
1112 2210 1127 2233 ,
1157 2169 1392 2238 quoniam
1417 2168 1470 2220 in
1494 2167 1733 2222 arculum
1759 2166 1908 2218 mise-

329 2264 551 2316 ricordia
577 2263 706 2332 ejus.
738 2262 779 2315 li
805 2261 945 2316 cnim
972 2269 1096 2314 sunt
1121 2261 1208 2328 qui
1235 2259 1461 2312 maxime
1483 2267 1701 2327 possunt
1726 2257 1907 2312 videre

332 2355 447 2424 ejus
490 2355 867 2425 benignitatem
890 2395 904 2420 ,
943 2362 998 2408 et
1024 2367 1120 2423 per
1153 2351 1329 2406 omnia
1355 2351 1560 2406 discere
1593 2349 1903 2405 bonitatem.

331 2447 464 2514 Quid
506 2456 588 2501 est
629 2456 806 2500 autem
828 2484 846 2510 ,
896 2444 1144 2512 Quoniam
1188 2448 1240 2496 in
1283 2441 1521 2498 socculum
1564 2439 1910 2495 misericordia

330 2539 440 2606 ejus
459 2537 486 2592 ?
516 2537 798 2606 Perpetua,
825 2536 1022 2606 inquit,
1056 2551 1162 2589 non
1191 2536 1506 2603 interrupta,
1535 2533 1627 2588 sed
1652 2533 1704 2587 iu
1731 2533 1906 2585 omni-

333 2628 428 2681 bus
453 2637 505 2684 et
531 2643 629 2698 per
653 2627 830 2681 omnia
857 2626 1199 2695 resplendens
1216 2667 1230 2688 ,
1255 2634 1310 2680 et
1335 2640 1394 2678 se
1418 2623 1723 2679 ostendens.
1755 2622 1905 2691 Quod

333 2720 376 2773 si
404 2720 550 2772 multi
582 2733 700 2774 eam
728 2734 839 2774 non
871 2727 1131 2781 cernunt,
1165 2725 1382 2787 prepter
1407 2715 1666 2770 ratiocinii
1692 2715 1773 2768 sui
1803 2715 1903 2768 im-

331 2810 671 2864 becillitatem
699 2826 804 2864 non
829 2819 1074 2864 cernunt.
1119 2807 1252 2863 Nam
1282 2806 1318 2862 ii
1344 2807 1502 2862 etiam
1532 2820 1755 2878 quorum
1779 2804 1904 2875 aegri

331 2911 454 2954 sunt
482 2901 618 2955 oculi
644 2941 660 2964 ,
702 2916 764 2956 ea
791 2901 1021 2954 maxime
1049 2899 1117 2953 de
1146 2913 1307 2953 causa
1346 2899 1509 2962 solem
1541 2912 1647 2950 non
1684 2895 1862 2951 vident
1887 2911 1902 2950 :

333 2992 775 3061 quemadmodum
814 3008 913 3047 nec
955 2992 1041 3062 qui
1080 2991 1194 3046 sani
1237 2999 1399 3057 sunt,
1442 3003 1657 3058 semper
1685 2996 1906 3058 possunt

332 3102 448 3138 eum
471 3085 637 3140 oculis
663 3083 875 3152 intueri,
905 3092 1121 3155 pmpter
1147 3098 1414 3137 summum
1438 3082 1810 3151 splendorem:
1834 3082 1904 3134 ita

333 3192 430 3232 nec
471 3178 714 3232 universa
757 3177 850 3232 Dei
892 3176 1220 3247 providentia
1262 3177 1494 3246 perfecte
1540 3174 1662 3230 sciri
1710 3182 1901 3244 potest,

331 3269 470 3341 quod
491 3285 699 3325 omnem
724 3271 741 3302 ⁸
767 3270 1050 3325 humanam
1079 3270 1336 3324 rationem
1363 3268 1516 3339 longe
1535 3277 1748 3337 superet
1769 3267 1908 3323 illius

333 3359 628 3430 prudentia:
655 3368 709 3414 et
737 3360 1010 3430 sapientiai
1039 3357 1364 3427 magnitudo.

405 3450 700 3517 Alfectiones
737 3452 934 3504 oculum
969 3452 1146 3504 mentis
1169 3460 1469 3506 cremantes
1509 3460 1626 3520 quot
1673 3459 1804 3503 sunt.
1837 3479 1908 3490 —

332 3541 465 3596 Sunt
481 3543 637 3596 etiam
655 3541 834 3624 mulae
851 3541 1175 3604 atl'ectiones,
1188 3556 1305 3611 qum
1320 3541 1496 3596 stultis
1510 3555 1652 3611 saepe
1662 3540 1907 3595 tenebras

331 3633 626 3698 olTundunt,
647 3642 700 3688 et
719 3633 1036 3687 efﬁciunt-ut
1052 3648 1168 3688 eam
1186 3634 1402 3688 omnino
1422 3633 1598 3688 videre
1620 3642 1901 3703 nequeant.

333 3723 563 3778 Primum
604 3722 816 3794 quidem
872 3739 1024 3777 amor
1069 3723 1354 3792 voluptatis
1401 3740 1415 3775 :
1453 3722 1702 3793 quocirca
1747 3724 1905 3778 etiam

332 3829 447 3882 qua:
467 3823 590 3868 sunt
609 3813 854 3869 omnibus
883 3812 1160 3868 manifesta
1189 3824 1537 3883 przetcreunt.
1558 3813 1756 3868 Deinde
1785 3829 1903 3867 cum

335 3906 396 3959 iis
420 3913 504 3962 est
530 3905 844 3976 ignorantia,
872 3914 928 3960 et
952 3907 1144 3960 mentis
1171 3905 1505 3974 perversitas.
1534 3906 1722 3960 Annon
1753 3905 1910 3975 igitur

331 3995 616 4050 absurdum
645 4005 746 4060 est,
778 3996 821 4050 si
845 3995 1028 4050 videas
1056 3995 1267 4066 quidem
1295 4003 1497 4065 patrem
1525 3993 1688 4048 tilium
1717 3993 1907 4048 verbe-

333 4096 558 4155 rantem,
585 4086 636 4142 id
665 4087 888 4156 probare
915 4095 970 4142 et
995 4087 1229 4150 laudare,
1257 4095 1312 4141 et
1339 4086 1422 4140 vel
1447 4101 1511 4140 eo
1545 4087 1772 4140 maxime
1805 4101 1907 4138 no-

335 4179 474 4232 mine
504 4188 705 4248 patrem
736 4179 1040 4234 exiStimare
1080 4197 1094 4233 :
1139 4179 1181 4232 si
1226 4178 1364 4232 Deus
1389 4186 1562 4232 autem
1591 4176 1716 4231 velit
1744 4176 1811 4230 de
1843 4177 1908 4233 iis

333 4284 450 4339 qua:
491 4267 623 4322 facta
665 4277 788 4322 sunt
813 4309 829 4334 ,
877 4283 1065 4339 poenas
1114 4283 1345 4332 sumere,
1395 4267 1649 4336 indignari
1680 4275 1734 4322 et
1768 4283 1910 4337 aegre

335 4359 510 4414 ferre?
535 4359 669 4427 Quid
697 4369 873 4416 autem
910 4359 1074 4430 possit
1103 4374 1222 4415 esse
1259 4358 1359 4412 hac
1387 4357 1731 4430 perversitate
1757 4357 1907 4413 dete—

334 4452 462 4516 rius,
491 4467 612 4506 eum
643 4468 704 4508 ea
747 4468 865 4520 qua:
907 4462 1030 4524 sunt
1065 4453 1204 4507 inter
1231 4467 1290 4507 se
1317 4451 1604 4516 contraria,
1649 4465 1790 4521 aegre
1832 4449 1912 4505 fe-

337 4550 472 4603 rant,
502 4557 642 4596 nunc
682 4542 894 4614 quidem
922 4541 1183 4604 dolentes,
1215 4541 1353 4611 quod
1381 4540 1634 4611 supplicia
1669 4556 1772 4594 non
1799 4541 1912 4595 exi-

335 4641 440 4698 gat,
473 4649 612 4687 nunc
632 4643 831 4699 autem,
859 4633 1000 4704 quod
1025 4633 1238 4706 exigat?
1261 4633 1484 4701 Quando
1511 4633 1651 4688 enim
1683 4633 1911 4687 viderint

335 4724 538 4794 aliquos
567 4725 851 4794 rapientes,
879 4734 930 4779 et
959 4724 1009 4780 iu
1041 4724 1176 4779 bona
1203 4724 1423 4779 aliorum
1457 4723 1784 4790 invadentes,
1816 4739 1912 4777 vo-

335 4811 448 4866 lunt
473 4830 564 4867 eos
587 4813 715 4868 dare
741 4808 957 4884 ptetﬁs;
985 4815 1196 4885 quando
1218 4830 1344 4868 vero
1372 4816 1577 4885 seipsos
1606 4825 1906 4884 peccantes,

337 4904 550 4959 minime
581 4923 594 4959 :
621 4906 762 4973 quod
797 4906 1008 4977 quidem
1037 4917 1119 4962 est
1146 4907 1413 4976 depravati
1442 4917 1495 4960 et
1519 4907 1754 4977 corrupti
1793 4907 1913 4960 aui-

339 4997 428 5049 mi.
457 4998 679 5052 Accedit
718 4997 798 5051 his
825 4998 1060 5063 tertium,
1093 4997 1230 5066 quod
1270 4997 1508 5052 nesciant
1541 4996 1665 5066 quid
1710 4997 1779 5051 sit
1823 4999 1915 5052 bo-

339 5101 484 5147 num.
515 5086 641 5157 quid
667 5088 737 5140 sit
778 5087 994 5153 malum,
1021 5087 1114 5142 sed
1144 5089 1196 5141 in
1225 5103 1400 5142 rerum
1423 5087 1622 5156 judicio
1650 5089 1914 5154 labantur,

337 5179 475 5246 quod
521 5179 661 5233 malo
703 5179 1053 5247 delectentur,
1086 5189 1140 5234 et
1181 5181 1287 5234 sint
1322 5180 1574 5250 propensi
1604 5178 1669 5233 ad
1709 5180 1913 5236 vitium.

339 5272 630 5337 Quartum,
677 5271 819 5341 quod
864 5287 1082 5327 suorum
1135 5281 1470 5340 peccatorum
1513 5271 1770 5325 rationem
1813 5287 1918 5324 non

342 5353 543 5418 incunt.
588 5363 882 5429 Quintum,
932 5362 1074 5432 quod
1117 5372 1324 5420 vastum
1377 5363 1448 5418 sit
1493 5371 1548 5418 et
1602 5365 1919 5417 immensum

341 5451 413 5519 id,
441 5453 582 5524 quod
613 5455 755 5508 inter
783 5455 946 5507 Deum
977 5465 1031 5508 et
1061 5453 1300 5506 homines
1339 5451 1637 5507 intercedit.
1678 5452 1917 5516 Sextum,

341 5546 480 5614 quod
525 5560 631 5600 non
661 5543 791 5598 velit
832 5544 972 5598 Deus
1013 5545 1187 5597 omnia
1232 5544 1428 5613 ubique
1464 5543 1766 5609 ostendere,
1798 5543 1920 5614 quia

344 5650 532 5706 nempe
560 5634 836 5689 sufficiunt
861 5650 978 5702 qme
1002 5633 1135 5688 ﬂuut
1157 5634 1446 5705 sigillatim.

411 5729 465 5782 2.
495 5727 589 5783 Dei
612 5725 979 5780 administratio
996 5735 1048 5779 ut
1066 5735 1258 5779 contem
1264 5725 1454 5795 ptanda
1471 5735 1517 5781 et
1542 5725 1886 5798 investiganda
1903 5743 1922 5791 ;

411 5842 427 5872 '
450 5848 550 5898 νοτ
597 5850 804 5898 intutam,
817 5838 960 5889 deest
978 5844 1028 5890 'm
1047 5837 1187 5895 SaviJ.

1425 419 1778 475 EXPUSlTlO
1817 417 1880 472 IN
1919 415 2236 476 PSALMUM
2271 418 2480 478 CXVII.

3479 435 3582 490 330

2013 529 2151 586 Deus
2175 545 2361 602 quanto
2380 532 2665 590 hominibus
2687 536 3010 603 denuntiat;
3031 541 3340 610 amictionem
3358 560 3449 601 cur
3469 561 3586 616 per-

2011 619 2173 676 mittat
2202 623 2354 678 Deus.
2383 654 2454 665 —
2471 624 2585 680 Non
2612 635 2820 694 oportet
2847 643 2972 697 ergo
2998 629 3213 686 nimium
3235 635 3582 700 eotttetidcre.

2011 721 2068 766 ut
2095 711 2148 767 in
2179 715 2424 770 omnibus
2461 716 2634 772 discas
2665 718 2757 773 Dei
2777 717 3282 778 administrationem
3305 725 3396 795 (de
3425 728 3586 782 rebus

2010 803 2150 856 enim
2192 805 2462 862 itnmcosis
2485 808 2876 874 contendimus,
2903 819 2956 866 et
2978 825 3098 880 qua:
3122 823 3352 872 creatam
3372 832 3586 874 omnem
3643 829 3650 836 ‘

2010 901 2252 948 naturam
2305 895 2460 965 longe
2502 907 2778 968 superant)
2816 917 2832 956 :
2875 915 2969 956 eos
3011 911 3190 960 autem
3233 905 3322 975 qui
3358 919 3478 964 eam
3502 911 3586 966 vel

2009 985 2184 1053 aliqua
2215 1002 2284 1041 ex
2307 997 2458 1056 parte
2493 997 2618 1044 sunt
2663 991 2947 1060 cognituri,
2975 1003 3188 1062 oportet
3231 1009 3352 1054 esse
3389 997 3589 1056 liberos

2011 1073 2080 1127 ab
2104 1075 2167 1130 iis
2195 1091 2326 1145 quas
2349 1077 2458 1146 jam
2497 1078 2729 1145 diximus
2755 1080 3142 1150 auectionibus,
3193 1098 3251 1145 et
3283 1103 3405 1144 eam
3432 1089 3584 1147 vide-

2009 1165 2141 1221 buut
2167 1169 2281 1226 sole
2299 1169 2516 1237 clarius,
2542 1171 2666 1228 licet
2697 1189 2810 1230 non
2829 1190 3040 1232 munem
3077 1196 3092 1235 :
3126 1189 3186 1238 et
3213 1195 3337 1238 cum
3361 1197 3478 1239 eam
3517 1199 3584 1240 ex

2011 1265 2161 1324 parte
2205 1257 2508 1325 didicerint,
2553 1276 2652 1330 pro
2693 1265 2938 1322 universa
2976 1279 3134 1338 agent
3164 1273 3382 1340 gratias.
3415 1274 3470 1330 5.
3507 1273 3589 1330 De

2011 1348 2331 1404 tribulatione
2354 1354 2578 1408 inuocaui
2608 1355 2900 1424 Dominum,
2929 1370 2976 1414 et
3013 1364 3266 1420 exaudivit
3289 1381 3368 1421 nte
3391 1366 3444 1422 in
3469 1368 3586 1423 lati-

2009 1439 2200 1508 tudine.
2233 1439 2421 1495 Vidisti
2459 1442 2748 1500 bonitatem
2791 1457 2845 1502 et
2871 1449 3247 1508 clementiam?
3285 1455 3400 1510 Non
3427 1457 3582 1524 dixit,

2014 1530 2169 1586 Eram
2194 1532 2417 1604 dignus;
2447 1551 2552 1592 non
2573 1537 2722 1602 dixit,
2743 1537 2854 1594 Mea
2877 1551 3020 1598 recte
3047 1542 3180 1600 facta
3199 1548 3405 1602 ostendi
3429 1567 3444 1613 ;
3465 1550 3583 1614 sed.

2009 1621 2266 1690 Inuocaui,
2289 1627 2480 1692 solum,
2509 1638 2563 1682 et
2600 1631 2728 1684 satis
2755 1630 2850 1686 fuit
2871 1633 3042 1690 oratio
3065 1651 3180 1690 mea
3208 1637 3274 1692 ad
3297 1639 3584 1696 tollendam

2009 1715 2381 1772 calamitatem.
2418 1717 2567 1784 Quod
2609 1720 2766 1774 etiam
2807 1721 2933 1785 dicit
2975 1723 3027 1778 in
3059 1724 3366 1796 Egyptiis:
3401 1727 3587 1786 Videas

2009 1804 2112 1858 vidi
2134 1805 2445 1875 afﬂictionem
2485 1809 2662 1879 papuli
2703 1812 2821 1877 mei,
2869 1821 2916 1867 et
2962 1814 3195 1870 descendi
3238 1827 3293 1873 ut
3341 1820 3584 1888 eriperem

2009 1911 2094 1950 cos
2139 1895 2331 1968 (Exod.
2359 1900 2415 1954 5.
2461 1901 2539 1970 7).
2584 1900 2697 1956 Non
2745 1904 2914 1959 dixit:
2948 1906 3064 1960 Vidi
3112 1908 3358 1964 virtutem
3403 1914 3584 1981 populi

2011 1991 2134 2051 mei,
2163 1991 2245 2045 vel
2266 1991 2381 2060 ejus
2403 1995 2746 2052 mutationem
2776 1997 2842 2052 ad
2863 1999 2915 2054 id
2941 2000 3080 2069 quod
3105 2009 3188 2056 est
3214 2004 3440 2058 melius:
3465 2005 3583 2071 sed.

2009 2079 2380 2148 Afﬂictiouem,
2405 2093 2661 2140 eteorum
2688 2087 2976 2146 clamorem
3003 2091 3263 2147 exaudivi.
3299 2091 3454 2149 Vides
3488 2111 3585 2164 pa-

2012 2180 2142 2227 trem
2175 2173 2458 2243 benignum
2475 2187 2528 2232 et
2547 2179 2968 2247 misericordem,
2995 2183 3083 2252 qui
3105 2183 3276 2239 solum
3301 2182 3403 2240 fert
3428 2202 3584 2256 opem

2011 2273 2226 2332 propter
2248 2266 2606 2321 calamitates?
2633 2271 2788 2340 Atqui
2817 2287 2916 2328 nec
2944 2274 3079 2343 apud
3107 2274 3348 2332 homines
3371 2279 3586 2348 quidem

2009 2355 2329 2426 quicumque
2357 2357 2627 2428 afﬂigitur,
2669 2361 2859 2430 dignus
2903 2371 2984 2418 est
3025 2367 3114 2434 qui
3149 2378 3414 2422 servetur.
3451 2371 3583 2426 Cum

2011 2445 2205 2500 multos
2230 2447 2406 2518 itaque
2426 2449 2666 2504 videmus
2688 2450 2910 2508 famulos
2943 2453 3122 2524 ﬂagris
3150 2458 3281 2510 cmdi
3307 2467 3360 2518 et
3391 2475 3580 2516 excru-

2008 2536 2158 2602 ciari,
2188 2553 2280 2592 eos
2323 2553 2428 2593 non
2473 2534 2807 2614 dimittimus,
2845 2544 3244 2602 considerantes
3284 2564 3438 2616 quam
3468 2567 3588 2620 gra-

2010 2626 2148 2682 viter
2195 2630 2464 2698 peccarint
2493 2647 2507 2684 :
2541 2631 2679 2686 Deus
2721 2642 2897 2687 autem
2945 2650 3012 2689 ex
3053 2638 3166 2691 sola
3197 2638 3488 2694 afﬂictione
3508 2641 3588 2694 di-

2011 2717 2190 2773 misit:
2220 2734 2391 2788 neque
2413 2736 2480 2775 ex
2517 2720 2804 2778 afﬂictione
2839 2727 3204 2782 tantummodo
3227 2729 3457 2798 eripuit,
3489 2731 3583 2786 sed

2011 2821 2251 2876 magnam
2282 2810 2440 2863 etiam
2485 2811 2820 2866 securitatem
2858 2813 3132 2881 impertiit.
3181 2815 3474 2882 Exaudiuit,
3505 2819 3584 2874 in-

2008 2897 2143 2965 quit,
2182 2914 2260 2953 me
2305 2899 2358 2954 in
2395 2899 2676 2955 latitudine.
2725 2901 3020 2967 Quinetiam
3065 2904 3284 2962 afﬂictio
3327 2906 3449 2963 ideo
3487 2909 3586 2964 fuit

2008 3003 2283 3056 concessa,
2311 2999 2368 3047 ut
2405 3007 2498 3047 eos
2527 2993 2615 3062 qui
2645 2992 2948 3064 afﬂiguntur
2973 2995 3221 3053 meliores
3261 2998 3504 3058 redderet
3532 3010 3585 3056 et

2007 3081 2355 3150 sapientiores
2383 3083 2423 3136 ί.
2453 3082 2506 3138 ϐ.
2549 3081 2799 3138 Dominus
2842 3084 2964 3138 mihi
2991 3086 3216 3158 adjutor,
3259 3105 3359 3144 non
3404 3089 3584 3144 timebo

1965 3241 1969 3248 |
2007 3173 2126 3241 quid
2145 3173 2298 3242 faciat
2323 3175 2445 3229 milii
2476 3176 2644 3230 homo.
2680 3176 2862 3232 Vidisti
2894 3179 3084 3234 mentis
3107 3179 3477 3236 altitudinem?
3501 3182 3582 3238 vi-

2008 3265 2130 3320 disti
2152 3281 2396 3337 magnum
2422 3269 2686 3337 spiritum,
2710 3271 2797 3341 qui
2826 3271 2894 3326 ita
2915 3288 3070 3342 supra
3093 3271 3372 3330 humanam
3391 3290 3584 3332 ascen-

2008 3355 2084 3409 dit
2113 3356 2546 3425 imbecillitatem,
2569 3369 2626 3415 ut
2645 3376 2857 3416 omnem
2884 3373 3124 3418 naturam
3151 3363 3440 3434 despiciat?
3461 3366 3585 3424 llaec

2010 3465 2114 3503 non
2141 3450 2311 3505 solum
2341 3453 2674 3507 succinamus
2706 3452 2798 3525 (α),
2841 3453 2933 3510 sed
2964 3453 3115 3510 factis
3147 3456 3305 3512 etiam
3329 3459 3584 3516 ostenda-

2011 3556 2148 3596 mus.
2179 3541 2294 3596 Non
2323 3542 2472 3608 dixit,
2497 3543 2578 3598 Nil
2607 3545 2812 3614 patiar:
2843 3545 2956 3609 sed.
3003 3545 3126 3602 Non
3155 3547 3334 3603 timebo
3357 3550 3478 3619 quid
3514 3552 3589 3622 fa-

2009 3632 2110 3685 eiut
2138 3633 2260 3687 mihi
2281 3632 2450 3688 homo.
2474 3633 2585 3690 lloc
2603 3644 2704 3700 est,
2734 3635 2950 3692 Etiamsi
2981 3639 3172 3706 patiar,
3199 3653 3304 3692 non
3333 3639 3531 3696 timebo
3563 3658 3577 3694 :

2012 3723 2060 3778 id
2087 3725 2258 3795 ipsum
2280 3724 2462 3780 dicens
2483 3727 2624 3796 quod
2650 3727 2845 3782 Paulus
2873 3745 2885 3780 :
2919 3726 2979 3781 Si
3008 3727 3147 3782 Deus
3172 3745 3264 3800 pro
3294 3730 3454 3796 nobis,
3476 3731 3588 3803 quis

2008 3826 2184 3869 contra
2206 3833 2296 3870 nos
2316 3817 2492 3887 (Rom.
2519 3816 2573 3872 8.
2604 3817 2693 3888 5|)
2715 3819 2740 3871 ἳ
2769 3817 2926 3886 Atqui
2951 3828 3132 3874 contra
3160 3820 3303 3888 ipsos
3327 3831 3479 3878 erant
3505 3822 3588 3878 in—

2011 3905 2386 3972 numerabiles,
2416 3905 2508 3960 sed
2535 3920 2628 3960 eos
2652 3905 2783 3962 nihil
2811 3906 3128 3962 offendebat.
3147 3907 3422 3974 Quomodo
3442 3911 3584 3966 enim

2012 4011 2115 4050 non
2139 3995 2296 4050 fuerit
2320 3995 2482 4049 animi
2507 3995 2658 4049 valde
2684 3996 2858 4064 pusilli
2896 4007 2948 4050 et
2974 3996 3186 4066 abjecti,
3218 4008 3274 4054 ut
3314 4001 3400 4070 qui
3429 4000 3590 4056 habet

2015 4087 2292 4140 Dominum
2323 4085 2605 4155 prepitium
2635 4099 2696 4138 ac
2727 4085 3074 4152 benevolum,
3103 4102 3388 4144 conservos
3420 4092 3584 4160 pcrti-

2014 4176 2244 4232 mescat?
2271 4175 2375 4232 Sed
2415 4175 2498 4230 hic
2524 4189 2630 4230 non
2659 4183 2740 4230 est
2771 4175 3066 4244 ejusmodi;
3093 4177 3188 4231 sed
3225 4187 3306 4233 est
3339 4180 3586 4235 omnibus

2011 4268 2270 4338 ejusmodi
2293 4267 2568 4322 timoribus
2595 4269 2738 4322 omni
2782 4283 2849 4324 ex
2875 4279 3023 4337 parte
3061 4269 3321 4339 superior.
3357 4269 3464 4322 lloc
3501 4270 3582 4340 ip-

2012 4373 2128 4412 sum
2182 4373 2279 4413 nos
2305 4372 2514 4428 quoque
2555 4356 2848 4424 faciamus,
2897 4372 2966 4414 ne
2995 4373 3092 4412 nos
3139 4359 3344 4414 Domini
3389 4361 3585 4414 auxilio

2015 4449 2299 4519 privemus,
2327 4447 2468 4518 quod
2510 4446 2737 4502 humana
2768 4447 3132 4504 formidemus.
3175 4447 3284 4503 lloc
3328 4457 3410 4504 est
3444 4451 3584 4503 enim

2014 4554 2199 4596 eorum
2229 4541 2318 4609 qui
2368 4539 2459 4596 Dei
2504 4539 2756 4594 auxilium
2784 4537 3100 4594 contumelia
3142 4538 3394 4594 alliciunt.
3442 4539 3590 4606 Quo-

2014 4631 2156 4686 circa
2176 4630 2368 4686 dicitur
2409 4628 2664 4684 Ezechias
2711 4642 2897 4698 passus
2943 4642 3063 4684 esse
3099 4644 3220 4699 qua:
3261 4645 3446 4700 passus
3486 4641 3586 4698 est,

2015 4724 2155 4796 quod
2195 4739 2317 4779 cum
2359 4723 2439 4780 sol
2482 4721 2759 4780 resiliisset
2805 4729 2859 4777 et
2903 4723 3299 4778 retrocessisset
3341 4723 3592 4795 gradibus

2080 4857 2103 4924 ξ
2113 4861 2235 4924 ηοω,
2245 4853 2570 4924 Memini—ai,
2580 4850 2858 4924 additsavll.
2870 4851 2918 4924 In
2929 4854 3235 4924 marg.,quod
3243 4853 3388 4905 etiam
3397 4856 3594 4908 accidit.

2081 4917 2154 4979 (α)
2174 4925 2237 4981 tu
2259 4913 2380 4981 haec
2385 4916 2554 4981 verba,
2577 4923 2694 4964 meo
2713 4926 2808 4964 non
2828 4913 2982 4981 solum
3001 4913 3319 4981 sticciuuntus,
3347 4927 3461 4978 etc.,
3482 4933 3596 4981 gra-

2113 4973 2266 5048 q'ritur
2286 4973 2556 5048 difficultas.
2577 4981 2692 5048 tiam
2706 4986 2837 5048 _qu:e
2861 4973 2942 5024 ille
2968 4975 3070 5048 vult
3092 4973 3317 5048 populum
3343 4973 3596 5048 succidere

2019 5039 2111 5110 hoc
2126 5039 2254 5110 loco,
2275 5039 2564 5110 suntverba
2576 5034 2675 5110 illa,
2699 5034 2923 5110 Dominus
2944 5036 3067 5110 mitti
3079 5034 3294 5110 adiutor,
3309 5052 3403 5088 non
3425 5039 3599 5088 timebo

2019 5103 2135 5161 quid
2153 5097 2299 5164 faciat
2320 5097 2609 5164 mihittomo.
2632 5097 2764 5164 Unde
2777 5098 2924 5160 sequi
2945 5097 3491 5164 videturbtmc'versum
3517 5113 3597 5148 es-

2019 5158 2385 5224 sere'sponsum
2417 5161 2562 5224 hujus
2585 5158 2771 5216 Psalmi,
2799 5158 2868 5208 et‘
2885 5167 2991 5220 post
3020 5160 3240 5224 singulos
3264 5159 3434 5224 versus
3455 5173 3491 5224 _a
3513 5174 3602 5222 po-

2020 5223 2136 5288 pulo
2159 5217 2308 5288 fuisse
2331 5217 2646 5288 recitandum,
2671 5227 2726 5270 ut
2766 5217 2913 5270 antea
2933 5217 3207 5270 notavimus
3223 5223 3271 5270 in
3287 5217 3601 5288 Expositione

2025 5283 2299 5354 psalmi_l.x_l
2328 5297 2355 5354 εῖν
2373 5284 2504 5354 atqui
2529 5283 2672 5354 hujus
2693 5295 2866 5354 versus
2884 5294 3170 5354 resmnsutn
3204 5288 3326 5354 erat,
3349 5290 3464 5332 Hac
3497 5283 3600 5332 dies

2023 5343 2167 5409 quam
2188 5345 2298 5409 fecit
2327 5343 2568 5409 Dominus,
2594 5343 2690 5394 etc.
2715 5345 2833 5409 Hine
2863 5356 2980 5392 vero
2993 5344 3214 5402 sequitur
3237 5343 3364 5409 hunc
3387 5356 3600 5409 versum.

2027 5403 2255 5458 Domitius
2275 5405 2394 5456 mihi
2409 5407 2619 5468 udjutor,
2637 5417 2734 5454 non
2755 5404 2907 5468 iusisse
2928 5415 3213 5468 restnnsum
3237 5404 3380 5468 hujus
3403 5403 3598 5468 Psalmi:

2025 5482 2190 5530 neque
2215 5469 2343 5517 enim
2366 5465 2844 5530 boc'Cbrysostomus
2863 5465 2997 5522 dicit,
3023 5476 3186 5524 neque
3208 5465 3336 5514 aliud
3358 5466 3604 5530 quidpiam

2027 5485 2090 5518 nc
2125 5485 2190 5518 lle
2215 5485 2343 5517 enim
2366 5485 2458 5517 uoc
2485 5485 2844 5530 υυῐῖδοδιυιιωδ
2863 5485 2997 5522 υιυιι,
3023 5485 3186 5524 noque
3208 5485 3336 5514 διιιια
3358 5485 3604 5530 qutuptatn

2027 5485 2154 5582 unde
2179 5529 2270 5592 hoc
2291 5530 2442 5592 possit
2484 5528 2673 5592 induci;
2705 5538 2875 5592 verum
2913 5537 3124 5592 auguror
3156 5540 3443 5588 responsum
3466 5527 3606 5592 hujus

2027 5592 2196 5660 psahnl
2217 5587 2386 5660 fuisse,
2403 5587 2803 5660 {ttecdieaquod
2829 5595 2935 5656 post
2955 5587 3176 5660 singulos
3195 5587 3368 5660 versus
3386 5602 3415 5638 a
3436 5587 3607 5660 .9..an

2028 5651 2386 5712 succinebatur;
2411 5651 2525 5700 illud
2545 5664 2681 5710 vero,
2704 5651 2930 5700 Dominus
2951 5651 3072 5699 mitti
3090 5651 3306 5712 adjutor,
3329 5664 3421 5702 non
3437 5651 3610 5704 timebo

2029 5715 2146 5779 quid
2170 5714 2316 5778 faciat
2341 5711 2469 5779 mihi
2487 5713 2653 5768 homo,
2683 5713 2793 5779 quia
2826 5711 2884 5760 ad
2915 5711 3179 5779 institutum
3203 5715 3314 5762 vitae
3337 5713 3608 5779 christiana

2029 5773 2485 5842 opportunissimum
2501 5783 2620 5830 erat,
2635 5773 2790 5823 semel
2812 5776 3076 5842 repetitum
3099 5773 3248 5825 fuisse
3270 5789 3296 5822 a
3320 5774 3493 5838 pqmlu
3507 5787 3609 5824 suo

2037 5837 2252 5893 cinente.
2279 5842 2325 5889 td
2347 5840 2637 5903 conjecturae
2660 5844 2841 5887 tantum
2867 5837 2970 5886 loco
2987 5840 3067 5887 sit.
