  <div class='ocr_page' id='page_1' title='image "/cluster/home/n/w/nwhite01/storage/ocr_20150623/55/hvd.32044054086814/328.png"; bbox 0 0 4062 6208; ppageno 0'>
   <div class='ocr_carea' id='block_1_1' title="bbox 385 384 2452 464">
    <p class='ocr_par' dir='ltr' id='par_1_1' title="bbox 385 384 2452 464">
     <span class='ocr_line' id='line_1_1' title="bbox 385 384 2452 464; baseline 0.002 -4"><span class='ocrx_word' id='word_1_1' title='bbox 385 403 448 460; x_wconf 70' lang='grc' dir='ltr'>τι</span> <span class='ocrx_word' id='word_1_2' title='bbox 1373 397 1737 459; x_wconf 85' lang='lat' dir='ltr'>EXPOSITIO</span> <span class='ocrx_word' id='word_1_3' title='bbox 1775 399 1845 456; x_wconf 82' lang='lat' dir='ltr'>IN</span> <span class='ocrx_word' id='word_1_4' title='bbox 1878 384 2208 460; x_wconf 65' lang='lat' dir='ltr'>pSALMUXa</span> <span class='ocrx_word' id='word_1_5' title='bbox 2244 405 2452 464; x_wconf 82' lang='lat' dir='ltr'>cxvn.</span> 
     </span>
    </p>
   </div>
   <div class='ocr_carea' id='block_1_2' title="bbox 347 515 1912 590">
    <p class='ocr_par' dir='ltr' id='par_1_2' title="bbox 347 515 1912 590">
     <span class='ocr_line' id='line_1_2' title="bbox 347 515 1912 590; baseline 0.001 -19"><span class='ocrx_word' id='word_1_6' title='bbox 347 523 450 576; x_wconf 85' lang='grc' dir='ltr'>τῶν</span> <span class='ocrx_word' id='word_1_7' title='bbox 484 516 635 589; x_wconf 86' lang='grc' dir='ltr'>παρά</span> <span class='ocrx_word' id='word_1_8' title='bbox 662 515 758 571; x_wconf 88' lang='grc' dir='ltr'>τοῦ</span> <span class='ocrx_word' id='word_1_9' title='bbox 785 515 920 570; x_wconf 84' lang='grc' dir='ltr'>Θεοῦ</span> <span class='ocrx_word' id='word_1_10' title='bbox 943 516 1281 588; x_wconf 87' lang='grc' dir='ltr'>συμϐάντων,</span> <span class='ocrx_word' id='word_1_11' title='bbox 1307 517 1419 574; x_wconf 84' lang='grc' dir='ltr'>ἀλλ’</span> <span class='ocrx_word' id='word_1_12' title='bbox 1441 518 1548 572; x_wconf 77' lang='grc' dir='ltr'>ἀπὸ</span> <span class='ocrx_word' id='word_1_13' title='bbox 1572 519 1680 572; x_wconf 89' lang='grc' dir='ltr'>τῶν</span> <span class='ocrx_word' id='word_1_14' title='bbox 1705 517 1912 590; x_wconf 82' lang='grc' dir='ltr'>ἀνθρω⁸</span> 
     </span>
    </p>
   </div>
   <div class='ocr_carea' id='block_1_3' title="bbox 349 612 1918 685">
    <p class='ocr_par' dir='ltr' id='par_1_3' title="bbox 349 612 1918 685">
     <span class='ocr_line' id='line_1_3' title="bbox 349 612 1918 685; baseline -0.003 -15"><span class='ocrx_word' id='word_1_15' title='bbox 349 617 516 670; x_wconf 89' lang='grc' dir='ltr'>πίνων</span> <span class='ocrx_word' id='word_1_16' title='bbox 568 612 911 685; x_wconf 72' lang='grc' dir='ltr'>καταπλῆξαι</span> <span class='ocrx_word' id='word_1_17' title='bbox 966 613 1216 668; x_wconf 91' lang='grc' dir='ltr'>ἐϐούλετο</span> <span class='ocrx_word' id='word_1_18' title='bbox 1237 655 1252 679; x_wconf 90' lang='grc'><strong>,</strong></span> <span class='ocrx_word' id='word_1_19' title='bbox 1290 612 1542 678; x_wconf 85' lang='grc' dir='ltr'>δεδοικὼς</span> <span class='ocrx_word' id='word_1_20' title='bbox 1593 614 1770 668; x_wconf 88' lang='grc' dir='ltr'>αὑτῶν</span> <span class='ocrx_word' id='word_1_21' title='bbox 1819 613 1918 685; x_wconf 81' lang='grc' dir='ltr'>τὴν</span> 
     </span>
    </p>
   </div>
   <div class='ocr_carea' id='block_1_4' title="bbox 350 708 1918 785">
    <p class='ocr_par' dir='ltr' id='par_1_4' title="bbox 350 708 1918 785">
     <span class='ocr_line' id='line_1_4' title="bbox 350 708 1918 785; baseline -0.005 -17"><span class='ocrx_word' id='word_1_22' title='bbox 350 713 531 785; x_wconf 69' lang='grc' dir='ltr'>ἔφοδον</span> <span class='ocrx_word' id='word_1_23' title='bbox 553 727 570 744; x_wconf 88' lang='grc'><strong>·</strong></span> <span class='ocrx_word' id='word_1_24' title='bbox 603 711 684 765; x_wconf 83' lang='grc' dir='ltr'>διὸ</span> <span class='ocrx_word' id='word_1_25' title='bbox 724 710 814 764; x_wconf 73' lang='grc' dir='ltr'>καί</span> <span class='ocrx_word' id='word_1_26' title='bbox 845 710 1306 783; x_wconf 39' lang='grc' dir='ltr'>τοὺς-,θησαυροὺς</span> <span class='ocrx_word' id='word_1_27' title='bbox 1335 710 1516 772; x_wconf 86' lang='grc' dir='ltr'>αὑτοῖς</span> <span class='ocrx_word' id='word_1_28' title='bbox 1547 708 1833 772; x_wconf 89' lang='grc' dir='ltr'>ἐδείκνυεν,</span> <span class='ocrx_word' id='word_1_29' title='bbox 1860 710 1918 761; x_wconf 85' lang='grc' dir='ltr'>ἐν</span> 
     </span>
    </p>
   </div>
   <div class='ocr_carea' id='block_1_5' title="bbox 345 805 1919 882">
    <p class='ocr_par' dir='ltr' id='par_1_5' title="bbox 345 805 1919 882">
     <span class='ocr_line' id='line_1_5' title="bbox 345 805 1919 882; baseline -0.006 -16"><span class='ocrx_word' id='word_1_30' title='bbox 345 816 456 875; x_wconf 81' lang='grc' dir='ltr'>τοῖς</span> <span class='ocrx_word' id='word_1_31' title='bbox 477 811 771 882; x_wconf 83' lang='grc' dir='ltr'>θησαυροῖς</span> <span class='ocrx_word' id='word_1_32' title='bbox 790 811 888 872; x_wconf 90' lang='grc' dir='ltr'>τάς</span> <span class='ocrx_word' id='word_1_33' title='bbox 925 808 1144 871; x_wconf 85' lang='grc' dir='ltr'>ἐλπίδας</span> <span class='ocrx_word' id='word_1_34' title='bbox 1182 807 1341 877; x_wconf 76' lang='grc' dir='ltr'>ἔχων.</span> <span class='ocrx_word' id='word_1_35' title='bbox 1372 806 1463 859; x_wconf 82' lang='grc' dir='ltr'>Διὸ</span> <span class='ocrx_word' id='word_1_36' title='bbox 1492 805 1555 876; x_wconf 74' lang='grc' dir='ltr'>δὴ</span> <span class='ocrx_word' id='word_1_37' title='bbox 1583 807 1679 860; x_wconf 77' lang='grc' dir='ltr'>καὶ</span> <span class='ocrx_word' id='word_1_38' title='bbox 1720 807 1749 858; x_wconf 99' lang='lat'>6</span> <span class='ocrx_word' id='word_1_39' title='bbox 1786 805 1919 869; x_wconf 79' lang='grc' dir='ltr'>Θεὸς</span> 
     </span>
    </p>
   </div>
   <div class='ocr_carea' id='block_1_6' title="bbox 348 901 1972 980">
    <p class='ocr_par' dir='ltr' id='par_1_6' title="bbox 348 901 1972 980">
     <span class='ocr_line' id='line_1_6' title="bbox 348 901 1972 980; baseline -0.006 -18"><span class='ocrx_word' id='word_1_40' title='bbox 348 906 701 980; x_wconf 82' lang='grc' dir='ltr'>παροξυνθείς</span> <span class='ocrx_word' id='word_1_41' title='bbox 732 921 895 974; x_wconf 84' lang='grc' dir='ltr'>φησι,</span> <span class='ocrx_word' id='word_1_42' title='bbox 928 903 1237 972; x_wconf 75' lang='grc' dir='ltr'>Λήψονται</span> <span class='ocrx_word' id='word_1_43' title='bbox 1271 901 1456 955; x_wconf 74' lang='grc' dir='ltr'>ταῦτα</span> <span class='ocrx_word' id='word_1_44' title='bbox 1501 903 1724 955; x_wconf 82' lang='grc' dir='ltr'>πάντα·</span> <span class='ocrx_word' id='word_1_45' title='bbox 1765 918 1919 955; x_wconf 87' lang='grc' dir='ltr'>τουτ-</span> <span class='ocrx_word' id='word_1_46' title='bbox 1953 927 1972 934; x_wconf 83' lang='lat'><strong>-</strong></span> 
     </span>
    </p>
   </div>
   <div class='ocr_carea' id='block_1_7' title="bbox 347 993 1919 1074">
    <p class='ocr_par' dir='ltr' id='par_1_7' title="bbox 347 993 1919 1074">
     <span class='ocr_line' id='line_1_7' title="bbox 347 993 1919 1074; baseline -0.008 -12"><span class='ocrx_word' id='word_1_47' title='bbox 347 1008 490 1069; x_wconf 83' lang='grc' dir='ltr'>ἐστι,</span> <span class='ocrx_word' id='word_1_48' title='bbox 532 1003 672 1074; x_wconf 68' lang='grc' dir='ltr'>[παρ’</span> <span class='ocrx_word' id='word_1_49' title='bbox 702 997 783 1066; x_wconf 78' lang='grc' dir='ltr'>οἷς</span> <span class='ocrx_word' id='word_1_50' title='bbox 822 1001 1094 1072; x_wconf 82' lang='grc' dir='ltr'>ήλπισας,</span> <span class='ocrx_word' id='word_1_51' title='bbox 1134 993 1216 1062; x_wconf 75' lang='grc' dir='ltr'>οἷς</span> <span class='ocrx_word' id='word_1_52' title='bbox 1259 997 1499 1070; x_wconf 77' lang='grc' dir='ltr'>θαρρεῖς.</span> <span class='ocrx_word' id='word_1_53' title='bbox 1541 997 1712 1053; x_wconf 88' lang='grc' dir='ltr'>Τοῦτο</span> <span class='ocrx_word' id='word_1_54' title='bbox 1760 998 1855 1051; x_wconf 74' lang='grc' dir='ltr'>καὶ</span> <span class='ocrx_word' id='word_1_55' title='bbox 1889 999 1919 1051; x_wconf 86' lang='grc' dir='ltr'>ὁ</span> 
     </span>
    </p>
   </div>
   <div class='ocr_carea' id='block_1_8' title="bbox 359 1093 1918 1174">
    <p class='ocr_par' dir='ltr' id='par_1_8' title="bbox 359 1093 1918 1174">
     <span class='ocr_line' id='line_1_8' title="bbox 359 1093 1918 1174; baseline -0.007 -17"><span class='ocrx_word' id='word_1_56' title='bbox 359 1102 574 1174; x_wconf 76' lang='grc' dir='ltr'>Ἰσραὴλ</span> <span class='ocrx_word' id='word_1_57' title='bbox 624 1098 965 1168; x_wconf 75' lang='grc' dir='ltr'>ἐγκαλεῖται,</span> <span class='ocrx_word' id='word_1_58' title='bbox 999 1096 1082 1148; x_wconf 84' lang='grc' dir='ltr'>δτι</span> <span class='ocrx_word' id='word_1_59' title='bbox 1120 1095 1184 1166; x_wconf 84' lang='grc' dir='ltr'>δὴ</span> <span class='ocrx_word' id='word_1_60' title='bbox 1217 1095 1466 1165; x_wconf 83' lang='grc' dir='ltr'>χρήμασι</span> <span class='ocrx_word' id='word_1_61' title='bbox 1511 1094 1777 1166; x_wconf 77' lang='grc' dir='ltr'>ἐθάρρουν</span> <span class='ocrx_word' id='word_1_62' title='bbox 1823 1093 1918 1147; x_wconf 75' lang='grc' dir='ltr'>καὶ</span> 
     </span>
    </p>
   </div>
   <div class='ocr_carea' id='block_1_9' title="bbox 349 1190 1918 1264">
    <p class='ocr_par' dir='ltr' id='par_1_9' title="bbox 349 1190 1918 1264">
     <span class='ocr_line' id='line_1_9' title="bbox 349 1190 1918 1264; baseline -0.012 -12"><span class='ocrx_word' id='word_1_63' title='bbox 349 1199 553 1262; x_wconf 76' lang='grc' dir='ltr'>ἵπποις.</span> <span class='ocrx_word' id='word_1_64' title='bbox 585 1194 676 1250; x_wconf 86' lang='grc' dir='ltr'>Διδ</span> <span class='ocrx_word' id='word_1_65' title='bbox 714 1195 807 1248; x_wconf 75' lang='grc' dir='ltr'>καὶ</span> <span class='ocrx_word' id='word_1_66' title='bbox 832 1193 1062 1264; x_wconf 79' lang='grc' dir='ltr'>παρῄνει</span> <span class='ocrx_word' id='word_1_67' title='bbox 1092 1191 1275 1254; x_wconf 78' lang='grc' dir='ltr'>αὐτοῖς</span> <span class='ocrx_word' id='word_1_68' title='bbox 1301 1192 1330 1243; x_wconf 89' lang='lat'>6</span> <span class='ocrx_word' id='word_1_69' title='bbox 1355 1193 1658 1262; x_wconf 80' lang='grc' dir='ltr'>προφήτης,</span> <span class='ocrx_word' id='word_1_70' title='bbox 1697 1192 1809 1252; x_wconf 82' lang='grc' dir='ltr'>τοῖς</span> <span class='ocrx_word' id='word_1_71' title='bbox 1832 1190 1918 1243; x_wconf 79' lang='grc' dir='ltr'>ὲν-</span> 
     </span>
    </p>
   </div>
   <div class='ocr_carea' id='block_1_10' title="bbox 348 1288 1918 1358">
    <p class='ocr_par' dir='ltr' id='par_1_10' title="bbox 348 1288 1918 1358">
     <span class='ocr_line' id='line_1_10' title="bbox 348 1288 1918 1358; baseline -0.006 -9"><span class='ocrx_word' id='word_1_72' title='bbox 348 1293 544 1356; x_wconf 88' lang='grc' dir='ltr'>αντίοις</span> <span class='ocrx_word' id='word_1_73' title='bbox 569 1289 900 1358; x_wconf 80' lang='grc' dir='ltr'>ἐξιλεοῦσθαι</span> <span class='ocrx_word' id='word_1_74' title='bbox 922 1289 1013 1342; x_wconf 84' lang='grc' dir='ltr'>τὸν</span> <span class='ocrx_word' id='word_1_75' title='bbox 1037 1288 1189 1353; x_wconf 76' lang='grc' dir='ltr'>Θεὸν,</span> <span class='ocrx_word' id='word_1_76' title='bbox 1214 1288 1306 1341; x_wconf 75' lang='grc' dir='ltr'>καὶ</span> <span class='ocrx_word' id='word_1_77' title='bbox 1329 1288 1506 1356; x_wconf 86' lang='grc' dir='ltr'>λέγειν</span> <span class='ocrx_word' id='word_1_78' title='bbox 1523 1306 1534 1319; x_wconf 89' lang='grc'><strong>·</strong></span> <span class='ocrx_word' id='word_1_79' title='bbox 1713 1288 1918 1352; x_wconf 77' lang='grc' dir='ltr'>ἵπποις</span> 
     </span>
    </p>
   </div>
   <div class='ocr_carea' id='block_1_11' title="bbox 283 1367 1916 1455">
    <p class='ocr_par' dir='ltr' id='par_1_11' title="bbox 283 1367 1916 1455">
     <span class='ocr_line' id='line_1_11' title="bbox 283 1367 1916 1455; baseline -0.007 -10"><span class='ocrx_word' id='word_1_80' title='bbox 283 1367 296 1381; x_wconf 29' lang='grc' dir='ltr'>χ</span> <span class='ocrx_word' id='word_1_81' title='bbox 347 1392 456 1444; x_wconf 86' lang='grc' dir='ltr'>οὐκ</span> <span class='ocrx_word' id='word_1_82' title='bbox 501 1387 940 1455; x_wconf 79' lang='grc' dir='ltr'>ἀναϐησόμεθα.</span> <span class='ocrx_word' id='word_1_83' title='bbox 969 1381 1030 1438; x_wconf 88' lang='grc' dir='ltr'>Ὀ</span> <span class='ocrx_word' id='word_1_84' title='bbox 1057 1383 1188 1447; x_wconf 87' lang='grc' dir='ltr'>Θεός</span> <span class='ocrx_word' id='word_1_85' title='bbox 1219 1401 1277 1437; x_wconf 92' lang='grc' dir='ltr'>σε</span> <span class='ocrx_word' id='word_1_86' title='bbox 1309 1385 1461 1454; x_wconf 82' lang='grc' dir='ltr'>τιμᾷ,</span> <span class='ocrx_word' id='word_1_87' title='bbox 1500 1383 1594 1437; x_wconf 77' lang='grc' dir='ltr'>καὶ</span> <span class='ocrx_word' id='word_1_88' title='bbox 1628 1385 1692 1436; x_wconf 80' lang='grc' dir='ltr'>σὺ</span> <span class='ocrx_word' id='word_1_89' title='bbox 1727 1382 1916 1436; x_wconf 76' lang='grc' dir='ltr'>σαυτὸν</span> 
     </span>
    </p>
   </div>
   <div class='ocr_carea' id='block_1_12' title="bbox 347 1480 1917 1556">
    <p class='ocr_par' dir='ltr' id='par_1_12' title="bbox 347 1480 1917 1556">
     <span class='ocr_line' id='line_1_12' title="bbox 347 1480 1917 1556; baseline -0.006 -15"><span class='ocrx_word' id='word_1_90' title='bbox 347 1487 660 1556; x_wconf 80' lang='grc' dir='ltr'>ἀτιμάζεις;</span> <span class='ocrx_word' id='word_1_91' title='bbox 693 1485 722 1536; x_wconf 93' lang='lat'>6</span> <span class='ocrx_word' id='word_1_92' title='bbox 755 1482 886 1544; x_wconf 88' lang='grc' dir='ltr'>Θεός</span> <span class='ocrx_word' id='word_1_93' title='bbox 921 1499 980 1534; x_wconf 91' lang='grc' dir='ltr'>σε</span> <span class='ocrx_word' id='word_1_94' title='bbox 1016 1482 1168 1552; x_wconf 83' lang='grc' dir='ltr'><strong>τιμᾷ,</strong></span> <span class='ocrx_word' id='word_1_95' title='bbox 1196 1481 1294 1552; x_wconf 85' lang='grc' dir='ltr'>τὴν</span> <span class='ocrx_word' id='word_1_96' title='bbox 1335 1481 1463 1551; x_wconf 86' lang='grc' dir='ltr'>παρ’</span> <span class='ocrx_word' id='word_1_97' title='bbox 1497 1480 1660 1534; x_wconf 86' lang='grc' dir='ltr'>αὑτοῦ</span> <span class='ocrx_word' id='word_1_98' title='bbox 1694 1497 1917 1548; x_wconf 86' lang='grc' dir='ltr'>συμμα-</span> 
     </span>
    </p>
   </div>
   <div class='ocr_carea' id='block_1_13' title="bbox 346 1575 1918 1653">
    <p class='ocr_par' dir='ltr' id='par_1_13' title="bbox 346 1575 1918 1653">
     <span class='ocr_line' id='line_1_13' title="bbox 346 1575 1918 1653; baseline -0.004 -19"><span class='ocrx_word' id='word_1_99' title='bbox 346 1582 468 1653; x_wconf 87' lang='grc' dir='ltr'>χίαν</span> <span class='ocrx_word' id='word_1_100' title='bbox 505 1577 956 1648; x_wconf 85' lang='grc' dir='ltr'>ὑπισχνούμενος,</span> <span class='ocrx_word' id='word_1_101' title='bbox 990 1577 1084 1630; x_wconf 60' lang='grc' dir='ltr'>καὶ⁵</span> <span class='ocrx_word' id='word_1_102' title='bbox 1113 1577 1176 1629; x_wconf 84' lang='grc' dir='ltr'>σὺ</span> <span class='ocrx_word' id='word_1_103' title='bbox 1217 1575 1352 1646; x_wconf 78' lang='grc' dir='ltr'>πρὸς</span> <span class='ocrx_word' id='word_1_104' title='bbox 1380 1576 1723 1646; x_wconf 79' lang='grc' dir='ltr'>ἀνθρωπίνας</span> <span class='ocrx_word' id='word_1_105' title='bbox 1757 1593 1918 1629; x_wconf 90' lang='grc' dir='ltr'>κατα-</span> 
     </span>
    </p>
   </div>
   <div class='ocr_carea' id='block_1_14' title="bbox 349 1670 1918 1746">
    <p class='ocr_par' dir='ltr' id='par_1_14' title="bbox 349 1670 1918 1746">
     <span class='ocr_line' id='line_1_14' title="bbox 349 1670 1918 1746; baseline -0.003 -18"><span class='ocrx_word' id='word_1_106' title='bbox 349 1676 566 1746; x_wconf 85' lang='grc' dir='ltr'>φεύγεις</span> <span class='ocrx_word' id='word_1_107' title='bbox 593 1674 832 1739; x_wconf 90' lang='grc' dir='ltr'>ἐλπίδας,</span> <span class='ocrx_word' id='word_1_108' title='bbox 875 1674 970 1726; x_wconf 62' lang='grc' dir='ltr'>καδ⁹</span> <span class='ocrx_word' id='word_1_109' title='bbox 1005 1671 1195 1742; x_wconf 76' lang='grc' dir='ltr'>ἀψύχῳ</span> <span class='ocrx_word' id='word_1_110' title='bbox 1229 1672 1332 1743; x_wconf 83' lang='grc' dir='ltr'>ῦλῃ</span> <span class='ocrx_word' id='word_1_111' title='bbox 1371 1675 1481 1734; x_wconf 82' lang='grc' dir='ltr'>τοῖς</span> <span class='ocrx_word' id='word_1_112' title='bbox 1532 1673 1776 1743; x_wconf 89' lang='grc' dir='ltr'>χρήμασι</span> <span class='ocrx_word' id='word_1_113' title='bbox 1819 1670 1918 1740; x_wconf 82' lang='grc' dir='ltr'>τὴν</span> 
     </span>
    </p>
   </div>
   <div class='ocr_carea' id='block_1_15' title="bbox 347 1766 1919 1840">
    <p class='ocr_par' dir='ltr' id='par_1_15' title="bbox 347 1766 1919 1840">
     <span class='ocr_line' id='line_1_15' title="bbox 347 1766 1919 1840; baseline -0.008 -17"><span class='ocrx_word' id='word_1_114' title='bbox 347 1771 533 1825; x_wconf 82' lang='grc' dir='ltr'>ἐλπίδα</span> <span class='ocrx_word' id='word_1_115' title='bbox 564 1787 658 1824; x_wconf 93' lang='grc' dir='ltr'>σου</span> <span class='ocrx_word' id='word_1_116' title='bbox 691 1771 790 1840; x_wconf 86' lang='grc' dir='ltr'>τῆς</span> <span class='ocrx_word' id='word_1_117' title='bbox 825 1769 1096 1838; x_wconf 77' lang='grc' dir='ltr'>σωτηρίας</span> <span class='ocrx_word' id='word_1_118' title='bbox 1127 1768 1435 1830; x_wconf 89' lang='grc' dir='ltr'>πιστεύεις;</span> <span class='ocrx_word' id='word_1_119' title='bbox 1463 1767 1536 1818; x_wconf 88' lang='grc' dir='ltr'>Οὑ</span> <span class='ocrx_word' id='word_1_120' title='bbox 1571 1766 1680 1838; x_wconf 85' lang='grc' dir='ltr'>γὰρ</span> <span class='ocrx_word' id='word_1_121' title='bbox 1715 1766 1779 1838; x_wconf 82' lang='grc' dir='ltr'>δὴ</span> <span class='ocrx_word' id='word_1_122' title='bbox 1818 1769 1919 1820; x_wconf 87' lang='grc' dir='ltr'><strong>σῶ.</strong></span> 
     </span>
    </p>
   </div>
   <div class='ocr_carea' id='block_1_16' title="bbox 350 1862 1912 1940">
    <p class='ocr_par' dir='ltr' id='par_1_16' title="bbox 350 1862 1912 1940">
     <span class='ocr_line' id='line_1_16' title="bbox 350 1862 1912 1940; baseline -0.004 -17"><span class='ocrx_word' id='word_1_123' title='bbox 350 1888 436 1923; x_wconf 89' lang='grc' dir='ltr'>σαι</span> <span class='ocrx_word' id='word_1_124' title='bbox 465 1870 619 1940; x_wconf 78' lang='grc' dir='ltr'>ζητεῖ</span> <span class='ocrx_word' id='word_1_125' title='bbox 665 1868 845 1939; x_wconf 88' lang='grc' dir='ltr'>μόνον,</span> <span class='ocrx_word' id='word_1_126' title='bbox 890 1864 1025 1918; x_wconf 90' lang='grc' dir='ltr'>ἀλλά</span> <span class='ocrx_word' id='word_1_127' title='bbox 1053 1865 1146 1917; x_wconf 78' lang='grc' dir='ltr'>καὶ</span> <span class='ocrx_word' id='word_1_128' title='bbox 1194 1863 1430 1930; x_wconf 80' lang='grc' dir='ltr'>ἐντίμως</span> <span class='ocrx_word' id='word_1_129' title='bbox 1473 1862 1631 1916; x_wconf 87' lang='grc' dir='ltr'>τοῦτο</span> <span class='ocrx_word' id='word_1_130' title='bbox 1669 1865 1912 1936; x_wconf 80' lang='grc' dir='ltr'>ποιῆσαι.</span> 
     </span>
    </p>
   </div>
   <div class='ocr_carea' id='block_1_17' title="bbox 349 1959 1913 2038">
    <p class='ocr_par' dir='ltr' id='par_1_17' title="bbox 349 1959 1913 2038">
     <span class='ocr_line' id='line_1_17' title="bbox 349 1959 1913 2038; baseline -0.005 -17"><span class='ocrx_word' id='word_1_131' title='bbox 349 1969 559 2038; x_wconf 78' lang='grc' dir='ltr'>Σφόδρα</span> <span class='ocrx_word' id='word_1_132' title='bbox 586 1983 645 2018; x_wconf 90' lang='grc' dir='ltr'>σε</span> <span class='ocrx_word' id='word_1_133' title='bbox 691 1964 854 2034; x_wconf 84' lang='grc' dir='ltr'>φιλεῖ,</span> <span class='ocrx_word' id='word_1_134' title='bbox 894 1963 987 2015; x_wconf 76' lang='grc' dir='ltr'>καὶ</span> <span class='ocrx_word' id='word_1_135' title='bbox 1016 1960 1102 2015; x_wconf 83' lang='grc' dir='ltr'>διά</span> <span class='ocrx_word' id='word_1_136' title='bbox 1128 1959 1284 2013; x_wconf 88' lang='grc' dir='ltr'>τοῦτό</span> <span class='ocrx_word' id='word_1_137' title='bbox 1317 1977 1375 2012; x_wconf 86' lang='grc' dir='ltr'>σε</span> <span class='ocrx_word' id='word_1_138' title='bbox 1415 1959 1631 2014; x_wconf 88' lang='grc' dir='ltr'>πάντων</span> <span class='ocrx_word' id='word_1_139' title='bbox 1662 1959 1913 2028; x_wconf 83' lang='grc' dir='ltr'>ἀπάγων,</span> 
     </span>
    </p>
   </div>
   <div class='ocr_carea' id='block_1_18' title="bbox 347 2058 1916 2136">
    <p class='ocr_par' dir='ltr' id='par_1_18' title="bbox 347 2058 1916 2136">
     <span class='ocr_line' id='line_1_18' title="bbox 347 2058 1916 2136; baseline -0.006 -14"><span class='ocrx_word' id='word_1_140' title='bbox 347 2067 524 2136; x_wconf 80' lang='grc' dir='ltr'>ἐαυτῷ</span> <span class='ocrx_word' id='word_1_141' title='bbox 544 2063 824 2136; x_wconf 85' lang='grc' dir='ltr'>προσηλοῖ,</span> <span class='ocrx_word' id='word_1_142' title='bbox 849 2061 942 2113; x_wconf 79' lang='grc' dir='ltr'>καὶ</span> <span class='ocrx_word' id='word_1_143' title='bbox 966 2059 1143 2112; x_wconf 86' lang='grc' dir='ltr'>πάντα</span> <span class='ocrx_word' id='word_1_144' title='bbox 1169 2058 1535 2129; x_wconf 76' lang='grc' dir='ltr'>περικόπτων,</span> <span class='ocrx_word' id='word_1_145' title='bbox 1566 2058 1702 2131; x_wconf 83' lang='grc' dir='ltr'>πρὸς</span> <span class='ocrx_word' id='word_1_146' title='bbox 1725 2058 1916 2112; x_wconf 84' lang='grc' dir='ltr'>ἐαυτὸν</span> 
     </span>
    </p>
   </div>
   <div class='ocr_carea' id='block_1_19' title="bbox 347 2147 1914 2232">
    <p class='ocr_par' dir='ltr' id='par_1_19' title="bbox 347 2147 1914 2232">
     <span class='ocr_line' id='line_1_19' title="bbox 347 2147 1914 2232; baseline -0.006 -15"><span class='ocrx_word' id='word_1_147' title='bbox 347 2166 488 2232; x_wconf 74' lang='grc' dir='ltr'>ἄγει,</span> <span class='ocrx_word' id='word_1_148' title='bbox 536 2157 819 2231; x_wconf 78' lang='grc' dir='ltr'>μονονουχὶ</span> <span class='ocrx_word' id='word_1_149' title='bbox 863 2155 1019 2208; x_wconf 83' lang='grc' dir='ltr'>τοῦτο</span> <span class='ocrx_word' id='word_1_150' title='bbox 1069 2154 1241 2223; x_wconf 88' lang='grc' dir='ltr'>λέγων</span> <span class='ocrx_word' id='word_1_151' title='bbox 1271 2154 1337 2206; x_wconf 84' lang='grc' dir='ltr'>δι’</span> <span class='ocrx_word' id='word_1_152' title='bbox 1370 2147 1446 2207; x_wconf 83' lang='grc' dir='ltr'>ὧν</span> <span class='ocrx_word' id='word_1_153' title='bbox 1469 2155 1628 2206; x_wconf 75' lang='grc' dir='ltr'>ποιεῖ’</span> <span class='ocrx_word' id='word_1_154' title='bbox 1675 2154 1762 2206; x_wconf 86' lang='grc' dir='ltr'>Ἑν</span> <span class='ocrx_word' id='word_1_155' title='bbox 1789 2153 1914 2224; x_wconf 58' lang='grc' dir='ltr'>ἐμοὶ⁵</span> 
     </span>
    </p>
   </div>
   <div class='ocr_carea' id='block_1_20' title="bbox 346 2251 1915 2338">
    <p class='ocr_par' dir='ltr' id='par_1_20' title="bbox 346 2251 1915 2338">
     <span class='ocr_line' id='line_1_20' title="bbox 346 2251 1915 2338; baseline -0.006 -24"><span class='ocrx_word' id='word_1_156' title='bbox 346 2263 442 2324; x_wconf 70' lang='grc' dir='ltr'>τὰς</span> <span class='ocrx_word' id='word_1_157' title='bbox 469 2258 689 2319; x_wconf 76' lang='grc' dir='ltr'>ἐλπίδας</span> <span class='ocrx_word' id='word_1_158' title='bbox 712 2256 823 2325; x_wconf 80' lang='grc' dir='ltr'>ἔχε,</span> <span class='ocrx_word' id='word_1_159' title='bbox 856 2253 951 2306; x_wconf 70' lang='grc' dir='ltr'>καὶ</span> <span class='ocrx_word' id='word_1_160' title='bbox 980 2254 1102 2322; x_wconf 75' lang='grc' dir='ltr'>ἐμοὶ</span> <span class='ocrx_word' id='word_1_161' title='bbox 1128 2252 1359 2322; x_wconf 82' lang='grc' dir='ltr'>πρόσεχε</span> <span class='ocrx_word' id='word_1_162' title='bbox 1391 2251 1672 2322; x_wconf 83' lang='grc' dir='ltr'>διηνεκῶς.</span> <span class='ocrx_word' id='word_1_163' title='bbox 1700 2253 1915 2338; x_wconf 75' lang='grc' dir='ltr'>Κύριος</span> 
     </span>
    </p>
   </div>
   <div class='ocr_carea' id='block_1_21' title="bbox 345 2347 1910 2428">
    <p class='ocr_par' dir='ltr' id='par_1_21' title="bbox 345 2347 1910 2428">
     <span class='ocr_line' id='line_1_21' title="bbox 345 2347 1910 2428; baseline -0.008 -14"><span class='ocrx_word' id='word_1_164' title='bbox 345 2358 472 2428; x_wconf 81' lang='grc' dir='ltr'>ἐμοί</span> <span class='ocrx_word' id='word_1_165' title='bbox 503 2355 752 2425; x_wconf 81' lang='grc' dir='ltr'>βοηθὸς,</span> <span class='ocrx_word' id='word_1_166' title='bbox 784 2352 944 2420; x_wconf 78' lang='grc' dir='ltr'>κάγὼ</span> <span class='ocrx_word' id='word_1_167' title='bbox 972 2350 1267 2418; x_wconf 68' lang='grc' dir='ltr'>ἐπόψομαι</span> <span class='ocrx_word' id='word_1_168' title='bbox 1317 2347 1459 2414; x_wconf 81' lang='grc' dir='ltr'>τοὺς</span> <span class='ocrx_word' id='word_1_169' title='bbox 1489 2349 1739 2417; x_wconf 82' lang='grc' dir='ltr'>ἐχθρούς</span> <span class='ocrx_word' id='word_1_170' title='bbox 1769 2365 1910 2417; x_wconf 81' lang='grc' dir='ltr'>μου.</span> 
     </span>
    </p>
   </div>
   <div class='ocr_carea' id='block_1_22' title="bbox 355 2446 1914 2529">
    <p class='ocr_par' dir='ltr' id='par_1_22' title="bbox 355 2446 1914 2529">
     <span class='ocr_line' id='line_1_22' title="bbox 355 2446 1914 2529; baseline -0.007 -18"><span class='ocrx_word' id='word_1_171' title='bbox 355 2457 516 2529; x_wconf 76' lang='grc' dir='ltr'>Ὁρᾷς</span> <span class='ocrx_word' id='word_1_172' title='bbox 537 2455 636 2508; x_wconf 83' lang='grc' dir='ltr'>οὑκ</span> <span class='ocrx_word' id='word_1_173' title='bbox 655 2451 816 2506; x_wconf 83' lang='grc' dir='ltr'>αὑτὸν</span> <span class='ocrx_word' id='word_1_174' title='bbox 847 2448 1214 2520; x_wconf 78' lang='grc' dir='ltr'>ἀμυνόμενον,</span> <span class='ocrx_word' id='word_1_175' title='bbox 1233 2446 1353 2499; x_wconf 80' lang='grc' dir='ltr'>οὐδὲ</span> <span class='ocrx_word' id='word_1_176' title='bbox 1373 2447 1747 2512; x_wconf 80' lang='grc' dir='ltr'>ἐπεξελθόντα,</span> <span class='ocrx_word' id='word_1_177' title='bbox 1778 2446 1914 2500; x_wconf 88' lang='grc' dir='ltr'>ἀλλά</span> 
     </span>
    </p>
   </div>
   <div class='ocr_carea' id='block_1_23' title="bbox 345 2542 1807 2626">
    <p class='ocr_par' dir='ltr' id='par_1_23' title="bbox 345 2542 1807 2626">
     <span class='ocr_line' id='line_1_23' title="bbox 345 2542 1807 2626; baseline -0.015 -17"><span class='ocrx_word' id='word_1_178' title='bbox 345 2555 421 2626; x_wconf 82' lang='grc' dir='ltr'>τῷ</span> <span class='ocrx_word' id='word_1_179' title='bbox 449 2550 568 2622; x_wconf 78' lang='grc' dir='ltr'>Θεῷ</span> <span class='ocrx_word' id='word_1_180' title='bbox 599 2546 905 2620; x_wconf 84' lang='grc' dir='ltr'>ἀμύνασθαι</span> <span class='ocrx_word' id='word_1_181' title='bbox 935 2543 1366 2615; x_wconf 83' lang='grc' dir='ltr'>παραχωροῦντα</span> <span class='ocrx_word' id='word_1_182' title='bbox 1402 2545 1525 2606; x_wconf 70' lang='grc' dir='ltr'>τοὺς</span> <span class='ocrx_word' id='word_1_183' title='bbox 1551 2542 1807 2614; x_wconf 53' lang='grc' dir='ltr'>ἐχθρούς</span> 
     </span>
    </p>
   </div>
   <div class='ocr_carea' id='block_1_24' title="bbox 429 2641 1914 2721">
    <p class='ocr_par' dir='ltr' id='par_1_24' title="bbox 429 2641 1914 2721">
     <span class='ocr_line' id='line_1_24' title="bbox 429 2641 1914 2721; baseline 0.004 -22"><span class='ocrx_word' id='word_1_184' title='bbox 429 2648 664 2721; x_wconf 73' lang='grc' dir='ltr'>Ἀγαθὸν</span> <span class='ocrx_word' id='word_1_185' title='bbox 698 2643 1038 2699; x_wconf 79' lang='grc' dir='ltr'>πεποιθέναι</span> <span class='ocrx_word' id='word_1_186' title='bbox 1069 2641 1169 2696; x_wconf 78' lang='grc' dir='ltr'>ἐπὶ</span> <span class='ocrx_word' id='word_1_187' title='bbox 1207 2643 1428 2709; x_wconf 79' lang='grc' dir='ltr'>Κύριον</span> <span class='ocrx_word' id='word_1_188' title='bbox 1447 2682 1462 2706; x_wconf 90' lang='grc'>,</span> <span class='ocrx_word' id='word_1_189' title='bbox 1501 2643 1538 2710; x_wconf 78' lang='grc' dir='ltr'><strong>ἢ</strong></span> <span class='ocrx_word' id='word_1_190' title='bbox 1568 2641 1914 2697; x_wconf 75' lang='grc' dir='ltr'>πεποιθέναι</span> 
     </span>
    </p>
   </div>
   <div class='ocr_carea' id='block_1_25' title="bbox 345 2735 1911 2812">
    <p class='ocr_par' dir='ltr' id='par_1_25' title="bbox 345 2735 1911 2812">
     <span class='ocr_line' id='line_1_25' title="bbox 345 2735 1911 2812; baseline -0.009 -10"><span class='ocrx_word' id='word_1_191' title='bbox 345 2747 436 2801; x_wconf 78' lang='grc' dir='ltr'>ἐπ’</span> <span class='ocrx_word' id='word_1_192' title='bbox 478 2745 810 2812; x_wconf 79' lang='grc' dir='ltr'>ἄνθρωπον.</span> <span class='ocrx_word' id='word_1_193' title='bbox 852 2738 1090 2809; x_wconf 74' lang='grc' dir='ltr'>Ἀγαθὸν</span> <span class='ocrx_word' id='word_1_194' title='bbox 1138 2735 1400 2798; x_wconf 77' lang='grc' dir='ltr'>ἐλπίζειν</span> <span class='ocrx_word' id='word_1_195' title='bbox 1445 2738 1543 2790; x_wconf 81' lang='grc' dir='ltr'>ἐπί</span> <span class='ocrx_word' id='word_1_196' title='bbox 1587 2739 1836 2805; x_wconf 84' lang='grc' dir='ltr'>Κύριον,</span> <span class='ocrx_word' id='word_1_197' title='bbox 1872 2739 1911 2807; x_wconf 77' lang='grc' dir='ltr'><strong>ἢ</strong></span> 
     </span>
    </p>
   </div>
   <div class='ocr_carea' id='block_1_26' title="bbox 346 2835 1914 2909">
    <p class='ocr_par' dir='ltr' id='par_1_26' title="bbox 346 2835 1914 2909">
     <span class='ocr_line' id='line_1_26' title="bbox 346 2835 1914 2909; baseline -0.015 -8"><span class='ocrx_word' id='word_1_198' title='bbox 346 2845 600 2906; x_wconf 68' lang='grc' dir='ltr'>ἐλπίζειν</span> <span class='ocrx_word' id='word_1_199' title='bbox 644 2841 737 2896; x_wconf 83' lang='grc' dir='ltr'>ἐπ’</span> <span class='ocrx_word' id='word_1_200' title='bbox 775 2839 1090 2909; x_wconf 69' lang='grc' dir='ltr'>ἄρχουσιν,</span> <span class='ocrx_word' id='word_1_201' title='bbox 1125 2837 1199 2890; x_wconf 81' lang='grc' dir='ltr'>Οὐ</span> <span class='ocrx_word' id='word_1_202' title='bbox 1244 2836 1385 2890; x_wconf 83' lang='grc' dir='ltr'>κατὰ</span> <span class='ocrx_word' id='word_1_203' title='bbox 1426 2835 1711 2907; x_wconf 79' lang='grc' dir='ltr'>σύγκρισιν</span> <span class='ocrx_word' id='word_1_204' title='bbox 1741 2835 1914 2890; x_wconf 76' lang='grc' dir='ltr'>ταῦτα</span> 
     </span>
    </p>
   </div>
   <div class='ocr_carea' id='block_1_27' title="bbox 346 2931 1915 3012">
    <p class='ocr_par' dir='ltr' id='par_1_27' title="bbox 346 2931 1915 3012">
     <span class='ocr_line' id='line_1_27' title="bbox 346 2931 1915 3012; baseline 0.007 -18"><span class='ocrx_word' id='word_1_205' title='bbox 346 2942 606 3012; x_wconf 82' lang='grc' dir='ltr'>προάγει,</span> <span class='ocrx_word' id='word_1_206' title='bbox 647 2937 762 2992; x_wconf 84' lang='grc' dir='ltr'>ἀλλ’</span> <span class='ocrx_word' id='word_1_207' title='bbox 793 2935 914 2998; x_wconf 67' lang='lat' dir='ltr'>eeo;</span> <span class='ocrx_word' id='word_1_208' title='bbox 956 2935 1020 3005; x_wconf 79' lang='grc' dir='ltr'>τῇ</span> <span class='ocrx_word' id='word_1_209' title='bbox 1053 2933 1242 3005; x_wconf 81' lang='grc' dir='ltr'>Γραφῇ</span> <span class='ocrx_word' id='word_1_210' title='bbox 1284 2931 1457 3003; x_wconf 77' lang='grc' dir='ltr'>τούτῳ</span> <span class='ocrx_word' id='word_1_211' title='bbox 1492 2932 1792 3004; x_wconf 78' lang='grc' dir='ltr'>κεχρῆσθαι</span> <span class='ocrx_word' id='word_1_212' title='bbox 1836 2933 1915 3005; x_wconf 77' lang='grc' dir='ltr'>τῷ</span> 
     </span>
    </p>
   </div>
   <div class='ocr_carea' id='block_1_28' title="bbox 345 3029 1914 3110">
    <p class='ocr_par' dir='ltr' id='par_1_28' title="bbox 345 3029 1914 3110">
     <span class='ocr_line' id='line_1_28' title="bbox 345 3029 1914 3110; baseline -0.006 -16"><span class='ocrx_word' id='word_1_213' title='bbox 345 3041 528 3110; x_wconf 85' lang='grc' dir='ltr'>τρόπῳ</span> <span class='ocrx_word' id='word_1_214' title='bbox 561 3038 653 3092; x_wconf 69' lang='grc' dir='ltr'>καὶ</span> <span class='ocrx_word' id='word_1_215' title='bbox 690 3035 784 3088; x_wconf 78' lang='grc' dir='ltr'>ἐπὶ</span> <span class='ocrx_word' id='word_1_216' title='bbox 823 3033 932 3086; x_wconf 90' lang='grc' dir='ltr'>τῶν</span> <span class='ocrx_word' id='word_1_217' title='bbox 984 3031 1329 3100; x_wconf 83' lang='grc' dir='ltr'>ἀσυγκρίτων</span> <span class='ocrx_word' id='word_1_218' title='bbox 1361 3029 1448 3084; x_wconf 88' lang='grc' dir='ltr'>διά</span> <span class='ocrx_word' id='word_1_219' title='bbox 1486 3033 1584 3101; x_wconf 79' lang='grc' dir='ltr'>τὴν</span> <span class='ocrx_word' id='word_1_220' title='bbox 1632 3030 1914 3085; x_wconf 85' lang='grc' dir='ltr'>ἀσθένειαν</span> 
     </span>
    </p>
   </div>
   <div class='ocr_carea' id='block_1_29' title="bbox 345 3128 1915 3200">
    <p class='ocr_par' dir='ltr' id='par_1_29' title="bbox 345 3128 1915 3200">
     <span class='ocr_line' id='line_1_29' title="bbox 345 3128 1915 3200; baseline -0.014 -7"><span class='ocrx_word' id='word_1_221' title='bbox 345 3139 451 3193; x_wconf 87' lang='grc' dir='ltr'>τῶν</span> <span class='ocrx_word' id='word_1_222' title='bbox 475 3138 595 3191; x_wconf 90' lang='grc' dir='ltr'>τότε</span> <span class='ocrx_word' id='word_1_223' title='bbox 635 3133 963 3189; x_wconf 89' lang='grc' dir='ltr'>ἀκουόντων.</span> <span class='ocrx_word' id='word_1_224' title='bbox 987 3130 1098 3183; x_wconf 76' lang='grc' dir='ltr'>Οὐκ</span> <span class='ocrx_word' id='word_1_225' title='bbox 1144 3129 1254 3198; x_wconf 89' lang='grc' dir='ltr'>ἀρα</span> <span class='ocrx_word' id='word_1_226' title='bbox 1284 3128 1586 3198; x_wconf 80' lang='grc' dir='ltr'>συγκρίνων</span> <span class='ocrx_word' id='word_1_227' title='bbox 1618 3128 1775 3182; x_wconf 91' lang='grc' dir='ltr'>τοῦτό</span> <span class='ocrx_word' id='word_1_228' title='bbox 1810 3146 1915 3200; x_wconf 80' lang='grc' dir='ltr'>φη-</span> 
     </span>
    </p>
   </div>
   <div class='ocr_carea' id='block_1_30' title="bbox 351 3223 1913 3298">
    <p class='ocr_par' dir='ltr' id='par_1_30' title="bbox 351 3223 1913 3298">
     <span class='ocr_line' id='line_1_30' title="bbox 351 3223 1913 3298; baseline -0.005 -11"><span class='ocrx_word' id='word_1_229' title='bbox 351 3252 456 3298; x_wconf 90' lang='grc' dir='ltr'>σιν,</span> <span class='ocrx_word' id='word_1_230' title='bbox 484 3232 618 3286; x_wconf 92' lang='grc' dir='ltr'>ἀλλά</span> <span class='ocrx_word' id='word_1_231' title='bbox 641 3226 1091 3296; x_wconf 89' lang='grc' dir='ltr'>συγκαταϐαίνων</span> <span class='ocrx_word' id='word_1_232' title='bbox 1123 3223 1370 3286; x_wconf 88' lang='grc' dir='ltr'>ἐκείνοις.</span> <span class='ocrx_word' id='word_1_233' title='bbox 1404 3223 1501 3276; x_wconf 87' lang='grc' dir='ltr'>Διά</span> <span class='ocrx_word' id='word_1_234' title='bbox 1533 3224 1595 3296; x_wconf 77' lang='grc' dir='ltr'>δὴ</span> <span class='ocrx_word' id='word_1_235' title='bbox 1625 3224 1783 3279; x_wconf 92' lang='grc' dir='ltr'>τοῦτο</span> <span class='ocrx_word' id='word_1_236' title='bbox 1820 3227 1913 3279; x_wconf 80' lang='grc' dir='ltr'>καὶ</span> 
     </span>
    </p>
   </div>
   <div class='ocr_carea' id='block_1_31' title="bbox 349 3319 1916 3400">
    <p class='ocr_par' dir='ltr' id='par_1_31' title="bbox 349 3319 1916 3400">
     <span class='ocr_line' id='line_1_31' title="bbox 349 3319 1916 3400; baseline -0.013 -17"><span class='ocrx_word' id='word_1_237' title='bbox 349 3331 533 3400; x_wconf 81' lang='grc' dir='ltr'>ἐτερος</span> <span class='ocrx_word' id='word_1_238' title='bbox 559 3329 836 3398; x_wconf 81' lang='grc' dir='ltr'>προφήτης</span> <span class='ocrx_word' id='word_1_239' title='bbox 864 3323 1076 3391; x_wconf 77' lang='grc' dir='ltr'>ἔλεγεν·</span> <span class='ocrx_word' id='word_1_240' title='bbox 1124 3319 1580 3388; x_wconf 81' lang='grc' dir='ltr'>Ἐπικατάρατος</span> <span class='ocrx_word' id='word_1_241' title='bbox 1607 3319 1726 3386; x_wconf 82' lang='grc' dir='ltr'>πᾶς</span> <span class='ocrx_word' id='word_1_242' title='bbox 1758 3325 1791 3376; x_wconf 78' lang='grc' dir='ltr'>δ</span> <span class='ocrx_word' id='word_1_243' title='bbox 1815 3323 1916 3376; x_wconf 74' lang='grc' dir='ltr'>ὲλ-</span> 
     </span>
    </p>
   </div>
   <div class='ocr_carea' id='block_1_32' title="bbox 349 3415 1915 3489">
    <p class='ocr_par' dir='ltr' id='par_1_32' title="bbox 349 3415 1915 3489">
     <span class='ocr_line' id='line_1_32' title="bbox 349 3415 1915 3489; baseline -0.006 -8"><span class='ocrx_word' id='word_1_244' title='bbox 349 3425 525 3487; x_wconf 57' lang='lat' dir='ltr'>altior</span> <span class='ocrx_word' id='word_1_245' title='bbox 550 3425 642 3478; x_wconf 77' lang='grc' dir='ltr'>ἐπ’</span> <span class='ocrx_word' id='word_1_246' title='bbox 676 3423 1023 3489; x_wconf 77' lang='grc' dir='ltr'>ἅνθρωπονο</span> <span class='ocrx_word' id='word_1_247' title='bbox 1058 3417 1209 3470; x_wconf 84' lang='grc' dir='ltr'>οὐδὲν</span> <span class='ocrx_word' id='word_1_248' title='bbox 1239 3416 1348 3488; x_wconf 82' lang='grc' dir='ltr'>γάρ</span> <span class='ocrx_word' id='word_1_249' title='bbox 1378 3415 1581 3488; x_wconf 86' lang='grc' dir='ltr'>ταύτης</span> <span class='ocrx_word' id='word_1_250' title='bbox 1610 3417 1915 3472; x_wconf 80' lang='grc' dir='ltr'>εὐτελέστεο</span> 
     </span>
    </p>
   </div>
   <div class='ocr_carea' id='block_1_33' title="bbox 349 3513 1916 3594">
    <p class='ocr_par' dir='ltr' id='par_1_33' title="bbox 349 3513 1916 3594">
     <span class='ocr_line' id='line_1_33' title="bbox 349 3513 1916 3594; baseline -0.008 -18"><span class='ocrx_word' id='word_1_251' title='bbox 349 3540 439 3594; x_wconf 85' lang='grc' dir='ltr'>ρον</span> <span class='ocrx_word' id='word_1_252' title='bbox 489 3523 585 3591; x_wconf 78' lang='grc' dir='ltr'>τῆς</span> <span class='ocrx_word' id='word_1_253' title='bbox 629 3517 869 3580; x_wconf 81' lang='grc' dir='ltr'>ἐλπίδος’</span> <span class='ocrx_word' id='word_1_254' title='bbox 906 3515 997 3566; x_wconf 70' lang='grc' dir='ltr'>καὶ</span> <span class='ocrx_word' id='word_1_255' title='bbox 1035 3513 1144 3584; x_wconf 80' lang='grc' dir='ltr'>γὰρ</span> <span class='ocrx_word' id='word_1_256' title='bbox 1182 3514 1278 3566; x_wconf 71' lang='grc' dir='ltr'>καὶ</span> <span class='ocrx_word' id='word_1_257' title='bbox 1325 3513 1493 3583; x_wconf 81' lang='grc' dir='ltr'>αὐτῆς</span> <span class='ocrx_word' id='word_1_258' title='bbox 1528 3513 1627 3584; x_wconf 78' lang='grc' dir='ltr'>τῆς</span> <span class='ocrx_word' id='word_1_259' title='bbox 1673 3514 1916 3584; x_wconf 78' lang='grc' dir='ltr'>ἀράχνης</span> 
     </span>
    </p>
   </div>
   <div class='ocr_carea' id='block_1_34' title="bbox 347 3610 1914 3688">
    <p class='ocr_par' dir='ltr' id='par_1_34' title="bbox 347 3610 1914 3688">
     <span class='ocr_line' id='line_1_34' title="bbox 347 3610 1914 3688; baseline -0.004 -16"><span class='ocrx_word' id='word_1_260' title='bbox 347 3616 698 3688; x_wconf 82' lang='grc' dir='ltr'>εὐτελεστέρα</span> <span class='ocrx_word' id='word_1_261' title='bbox 727 3613 873 3666; x_wconf 78' lang='grc' dir='ltr'>ἐστί’</span> <span class='ocrx_word' id='word_1_262' title='bbox 898 3610 1169 3682; x_wconf 79' lang='grc' dir='ltr'>μᾶλλονδὲ</span> <span class='ocrx_word' id='word_1_263' title='bbox 1198 3611 1297 3664; x_wconf 82' lang='grc' dir='ltr'>οὐκ</span> <span class='ocrx_word' id='word_1_264' title='bbox 1318 3610 1548 3682; x_wconf 82' lang='grc' dir='ltr'>ἀσθενὴς</span> <span class='ocrx_word' id='word_1_265' title='bbox 1573 3610 1752 3681; x_wconf 88' lang='grc' dir='ltr'>μόνον,</span> <span class='ocrx_word' id='word_1_266' title='bbox 1780 3611 1914 3666; x_wconf 87' lang='grc' dir='ltr'>ἀλλά</span> 
     </span>
    </p>
   </div>
   <div class='ocr_carea' id='block_1_35' title="bbox 346 3707 1914 3783">
    <p class='ocr_par' dir='ltr' id='par_1_35' title="bbox 346 3707 1914 3783">
     <span class='ocr_line' id='line_1_35' title="bbox 346 3707 1914 3783; baseline -0.007 -13"><span class='ocrx_word' id='word_1_267' title='bbox 346 3723 438 3771; x_wconf 83' lang='grc' dir='ltr'>και</span> <span class='ocrx_word' id='word_1_268' title='bbox 466 3713 794 3783; x_wconf 83' lang='grc' dir='ltr'>ἐπισφαλής.</span> <span class='ocrx_word' id='word_1_269' title='bbox 832 3710 943 3763; x_wconf 74' lang='grc' dir='ltr'>Καὶ</span> <span class='ocrx_word' id='word_1_270' title='bbox 969 3710 1145 3762; x_wconf 78' lang='grc' dir='ltr'>ίσασιν</span> <span class='ocrx_word' id='word_1_271' title='bbox 1166 3708 1280 3761; x_wconf 77' lang='grc' dir='ltr'>ὅσοι</span> <span class='ocrx_word' id='word_1_272' title='bbox 1317 3708 1572 3771; x_wconf 81' lang='grc' dir='ltr'>πολλάκις</span> <span class='ocrx_word' id='word_1_273' title='bbox 1596 3708 1682 3761; x_wconf 79' lang='grc' dir='ltr'>ἐπ’</span> <span class='ocrx_word' id='word_1_274' title='bbox 1701 3707 1914 3780; x_wconf 84' lang='grc' dir='ltr'>ἀνθρὼ-</span> 
     </span>
    </p>
   </div>
   <div class='ocr_carea' id='block_1_36' title="bbox 349 3804 1911 3882">
    <p class='ocr_par' dir='ltr' id='par_1_36' title="bbox 349 3804 1911 3882">
     <span class='ocr_line' id='line_1_36' title="bbox 349 3804 1911 3882; baseline -0.006 -14"><span class='ocrx_word' id='word_1_275' title='bbox 349 3831 467 3877; x_wconf 85' lang='grc' dir='ltr'>ποις</span> <span class='ocrx_word' id='word_1_276' title='bbox 490 3811 883 3882; x_wconf 71' lang='grc' dir='ltr'>θαρρήσαντες,</span> <span class='ocrx_word' id='word_1_277' title='bbox 913 3807 1098 3868; x_wconf 86' lang='grc' dir='ltr'>αὑτοῖς</span> <span class='ocrx_word' id='word_1_278' title='bbox 1125 3804 1352 3866; x_wconf 84' lang='grc' dir='ltr'>ἐκείνοις</span> <span class='ocrx_word' id='word_1_279' title='bbox 1375 3805 1911 3876; x_wconf 87' lang='grc' dir='ltr'>συγκατηνέχθησαν.</span> 
     </span>
    </p>
   </div>
   <div class='ocr_carea' id='block_1_37' title="bbox 356 3900 1916 3971">
    <p class='ocr_par' dir='ltr' id='par_1_37' title="bbox 356 3900 1916 3971">
     <span class='ocr_line' id='line_1_37' title="bbox 356 3900 1916 3971; baseline -0.004 -7"><span class='ocrx_word' id='word_1_280' title='bbox 356 3912 420 3964; x_wconf 81' lang='lat' dir='ltr'>&#39;ﬂ</span> <span class='ocrx_word' id='word_1_281' title='bbox 449 3911 504 3963; x_wconf 79' lang='grc' dir='ltr'>δέ</span> <span class='ocrx_word' id='word_1_282' title='bbox 536 3910 615 3971; x_wconf 85' lang='grc' dir='ltr'>είς</span> <span class='ocrx_word' id='word_1_283' title='bbox 639 3906 731 3959; x_wconf 81' lang='grc' dir='ltr'>τὸν</span> <span class='ocrx_word' id='word_1_284' title='bbox 754 3903 886 3958; x_wconf 81' lang='grc' dir='ltr'>Θεὸν</span> <span class='ocrx_word' id='word_1_285' title='bbox 906 3903 1059 3966; x_wconf 74' lang='grc' dir='ltr'>ἐλπὶς</span> <span class='ocrx_word' id='word_1_286' title='bbox 1083 3901 1183 3954; x_wconf 85' lang='grc' dir='ltr'>οὐκ</span> <span class='ocrx_word' id='word_1_287' title='bbox 1215 3900 1410 3970; x_wconf 88' lang='grc' dir='ltr'>ἰσχυρά</span> <span class='ocrx_word' id='word_1_288' title='bbox 1436 3901 1594 3970; x_wconf 87' lang='grc' dir='ltr'>μόνον</span> <span class='ocrx_word' id='word_1_289' title='bbox 1623 3903 1759 3968; x_wconf 71' lang='grc' dir='ltr'>ἐστὶ,</span> <span class='ocrx_word' id='word_1_290' title='bbox 1778 3903 1916 3958; x_wconf 90' lang='grc' dir='ltr'>ἀλλά</span> 
     </span>
    </p>
   </div>
   <div class='ocr_carea' id='block_1_38' title="bbox 347 3995 1917 4074">
    <p class='ocr_par' dir='ltr' id='par_1_38' title="bbox 347 3995 1917 4074">
     <span class='ocr_line' id='line_1_38' title="bbox 347 3995 1917 4074; baseline -0.005 -13"><span class='ocrx_word' id='word_1_291' title='bbox 347 4007 440 4061; x_wconf 77' lang='grc' dir='ltr'>καὶ</span> <span class='ocrx_word' id='word_1_292' title='bbox 471 4003 739 4074; x_wconf 82' lang='grc' dir='ltr'>ἀσφαλὴς,</span> <span class='ocrx_word' id='word_1_293' title='bbox 769 4001 870 4056; x_wconf 84' lang='grc' dir='ltr'>οὑκ</span> <span class='ocrx_word' id='word_1_294' title='bbox 899 3998 1099 4070; x_wconf 84' lang='grc' dir='ltr'>ἐχουσά</span> <span class='ocrx_word' id='word_1_295' title='bbox 1129 4013 1251 4051; x_wconf 91' lang='grc' dir='ltr'>τινα</span> <span class='ocrx_word' id='word_1_296' title='bbox 1283 3995 1606 4067; x_wconf 89' lang='grc' dir='ltr'>μεταϐολήν.</span> <span class='ocrx_word' id='word_1_297' title='bbox 1647 3998 1738 4051; x_wconf 83' lang='grc' dir='ltr'>Διὸ</span> <span class='ocrx_word' id='word_1_298' title='bbox 1764 4000 1858 4052; x_wconf 74' lang='grc' dir='ltr'>καὶ</span> <span class='ocrx_word' id='word_1_299' title='bbox 1887 4002 1917 4054; x_wconf 92' lang='lat'>6</span> 
     </span>
    </p>
   </div>
   <div class='ocr_carea' id='block_1_39' title="bbox 346 4091 1918 4165">
    <p class='ocr_par' dir='ltr' id='par_1_39' title="bbox 346 4091 1918 4165">
     <span class='ocr_line' id='line_1_39' title="bbox 346 4091 1918 4165; baseline -0.005 -10"><span class='ocrx_word' id='word_1_300' title='bbox 346 4100 557 4164; x_wconf 81' lang='grc' dir='ltr'>Παῦλος</span> <span class='ocrx_word' id='word_1_301' title='bbox 589 4098 770 4165; x_wconf 70' lang='grc' dir='ltr'>ἔλεγεν</span> <span class='ocrx_word' id='word_1_302' title='bbox 789 4113 804 4128; x_wconf 88' lang='grc'><strong>·</strong></span> <span class='ocrx_word' id='word_1_303' title='bbox 831 4095 903 4149; x_wconf 84' lang='grc' dir='ltr'><em>Ἠ</em></span> <span class='ocrx_word' id='word_1_304' title='bbox 938 4093 1006 4147; x_wconf 83' lang='grc' dir='ltr'>δὲ</span> <span class='ocrx_word' id='word_1_305' title='bbox 1032 4091 1209 4158; x_wconf 77' lang='grc' dir='ltr'>ἐλπὶς</span> <span class='ocrx_word' id='word_1_306' title='bbox 1232 4093 1304 4145; x_wconf 85' lang='grc' dir='ltr'>οὐ</span> <span class='ocrx_word' id='word_1_307' title='bbox 1333 4093 1740 4162; x_wconf 82' lang='grc' dir='ltr'>καταισχύνει.</span> <span class='ocrx_word' id='word_1_308' title='bbox 1759 4095 1918 4147; x_wconf 87' lang='grc' dir='ltr'>’Έτε-</span> 
     </span>
    </p>
   </div>
   <div class='ocr_carea' id='block_1_40' title="bbox 349 4187 1916 4266">
    <p class='ocr_par' dir='ltr' id='par_1_40' title="bbox 349 4187 1916 4266">
     <span class='ocr_line' id='line_1_40' title="bbox 349 4187 1916 4266; baseline -0.008 -17"><span class='ocrx_word' id='word_1_309' title='bbox 349 4214 436 4266; x_wconf 84' lang='grc' dir='ltr'>ρος</span> <span class='ocrx_word' id='word_1_310' title='bbox 463 4194 520 4248; x_wconf 82' lang='grc' dir='ltr'>δέ</span> <span class='ocrx_word' id='word_1_311' title='bbox 559 4210 640 4256; x_wconf 87' lang='grc' dir='ltr'>τις</span> <span class='ocrx_word' id='word_1_312' title='bbox 676 4191 859 4261; x_wconf 82' lang='grc' dir='ltr'>σοφὸς,</span> <span class='ocrx_word' id='word_1_313' title='bbox 908 4187 1298 4257; x_wconf 66' lang='grc' dir='ltr'>Ἐμὸλέψατε,</span> <span class='ocrx_word' id='word_1_314' title='bbox 1338 4187 1519 4258; x_wconf 74' lang='grc' dir='ltr'>φησιν,</span> <span class='ocrx_word' id='word_1_315' title='bbox 1550 4190 1637 4253; x_wconf 87' lang='grc' dir='ltr'>είς</span> <span class='ocrx_word' id='word_1_316' title='bbox 1666 4188 1916 4257; x_wconf 78' lang='grc' dir='ltr'>ἀρχαίας</span> 
     </span>
    </p>
   </div>
   <div class='ocr_carea' id='block_1_41' title="bbox 346 4281 1914 4362">
    <p class='ocr_par' dir='ltr' id='par_1_41' title="bbox 346 4281 1914 4362">
     <span class='ocr_line' id='line_1_41' title="bbox 346 4281 1914 4362; baseline -0.005 -16"><span class='ocrx_word' id='word_1_317' title='bbox 346 4291 574 4362; x_wconf 74' lang='grc' dir='ltr'>γενεὰς,</span> <span class='ocrx_word' id='word_1_318' title='bbox 619 4289 715 4344; x_wconf 74' lang='grc' dir='ltr'>καὶ</span> <span class='ocrx_word' id='word_1_319' title='bbox 752 4287 926 4350; x_wconf 80' lang='grc' dir='ltr'>ἴδετε,</span> <span class='ocrx_word' id='word_1_320' title='bbox 955 4287 1048 4352; x_wconf 81' lang='grc' dir='ltr'>τίς</span> <span class='ocrx_word' id='word_1_321' title='bbox 1088 4283 1354 4352; x_wconf 75' lang='grc' dir='ltr'>ἤλπισεν</span> <span class='ocrx_word' id='word_1_322' title='bbox 1387 4281 1485 4336; x_wconf 80' lang='grc' dir='ltr'>ἐπί</span> <span class='ocrx_word' id='word_1_323' title='bbox 1529 4284 1782 4351; x_wconf 82' lang='grc' dir='ltr'>Κύριον,</span> <span class='ocrx_word' id='word_1_324' title='bbox 1815 4283 1914 4338; x_wconf 76' lang='grc' dir='ltr'>καὶ</span> 
     </span>
    </p>
   </div>
   <div class='ocr_carea' id='block_1_42' title="bbox 347 4377 1916 4456">
    <p class='ocr_par' dir='ltr' id='par_1_42' title="bbox 347 4377 1916 4456">
     <span class='ocr_line' id='line_1_42' title="bbox 347 4377 1916 4456; baseline -0.014 -14"><span class='ocrx_word' id='word_1_325' title='bbox 347 4385 760 4456; x_wconf 76' lang='grc' dir='ltr'>κατῃσχύνθη.</span> <span class='ocrx_word' id='word_1_326' title='bbox 799 4382 932 4436; x_wconf 77' lang='grc' dir='ltr'>Ἀλλ’</span> <span class='ocrx_word' id='word_1_327' title='bbox 964 4380 1104 4450; x_wconf 88' lang='grc' dir='ltr'>ἐγὼ,</span> <span class='ocrx_word' id='word_1_328' title='bbox 1153 4377 1350 4449; x_wconf 73' lang='grc' dir='ltr'>φησὶν,</span> <span class='ocrx_word' id='word_1_329' title='bbox 1387 4378 1611 4448; x_wconf 77' lang='grc' dir='ltr'>ήλπισα,</span> <span class='ocrx_word' id='word_1_330' title='bbox 1656 4379 1749 4434; x_wconf 70' lang='grc' dir='ltr'>καὶ</span> <span class='ocrx_word' id='word_1_331' title='bbox 1783 4396 1916 4432; x_wconf 88' lang='grc' dir='ltr'>κατ-</span> 
     </span>
    </p>
   </div>
   <div class='ocr_carea' id='block_1_43' title="bbox 346 4473 1918 4558">
    <p class='ocr_par' dir='ltr' id='par_1_43' title="bbox 346 4473 1918 4558">
     <span class='ocr_line' id='line_1_43' title="bbox 346 4473 1918 4558; baseline -0.006 -21"><span class='ocrx_word' id='word_1_332' title='bbox 346 4483 637 4558; x_wconf 70' lang='grc' dir='ltr'>⁴ῃσχύνθην.</span> <span class='ocrx_word' id='word_1_333' title='bbox 658 4481 927 4549; x_wconf 83' lang='grc' dir='ltr'>Εὐφήμει,</span> <span class='ocrx_word' id='word_1_334' title='bbox 947 4477 1221 4546; x_wconf 75' lang='grc' dir='ltr'>ἄνθρωπε,</span> <span class='ocrx_word' id='word_1_335' title='bbox 1239 4475 1313 4546; x_wconf 84' lang='grc' dir='ltr'>μὴ</span> <span class='ocrx_word' id='word_1_336' title='bbox 1331 4473 1689 4544; x_wconf 81' lang='grc' dir='ltr'>ἀντιφθέγγου</span> <span class='ocrx_word' id='word_1_337' title='bbox 1710 4478 1774 4546; x_wconf 79' lang='grc' dir='ltr'>τῇ</span> <span class='ocrx_word' id='word_1_338' title='bbox 1797 4475 1918 4548; x_wconf 75' lang='grc' dir='ltr'>θείᾳ</span> 
     </span>
    </p>
   </div>
   <div class='ocr_carea' id='block_1_44' title="bbox 345 4571 1915 4653">
    <p class='ocr_par' dir='ltr' id='par_1_44' title="bbox 345 4571 1915 4653">
     <span class='ocr_line' id='line_1_44' title="bbox 345 4571 1915 4653; baseline 0 -25"><span class='ocrx_word' id='word_1_339' title='bbox 345 4582 558 4653; x_wconf 77' lang='grc' dir='ltr'>Γραφῇ·</span> <span class='ocrx_word' id='word_1_340' title='bbox 594 4579 641 4632; x_wconf 84' lang='grc' dir='ltr'>εί</span> <span class='ocrx_word' id='word_1_341' title='bbox 684 4577 774 4630; x_wconf 69' lang='grc' dir='ltr'>καὶ</span> <span class='ocrx_word' id='word_1_342' title='bbox 807 4572 1184 4647; x_wconf 80' lang='grc' dir='ltr'>κατῃσχύνθης</span> <span class='ocrx_word' id='word_1_343' title='bbox 1207 4583 1258 4635; x_wconf 83' lang='grc'>⁸,</span> <span class='ocrx_word' id='word_1_344' title='bbox 1305 4573 1370 4624; x_wconf 82' lang='grc' dir='ltr'>ἐκ</span> <span class='ocrx_word' id='word_1_345' title='bbox 1406 4571 1500 4624; x_wconf 88' lang='grc' dir='ltr'>τοῦ</span> <span class='ocrx_word' id='word_1_346' title='bbox 1535 4572 1611 4643; x_wconf 85' lang='grc' dir='ltr'>μὴ</span> <span class='ocrx_word' id='word_1_347' title='bbox 1644 4572 1719 4638; x_wconf 84' lang='grc' dir='ltr'>ὡς</span> <span class='ocrx_word' id='word_1_348' title='bbox 1750 4575 1915 4646; x_wconf 79' lang='grc' dir='ltr'>ἐχρῆν</span> 
     </span>
    </p>
   </div>
   <div class='ocr_carea' id='block_1_45' title="bbox 347 4668 1917 4742">
    <p class='ocr_par' dir='ltr' id='par_1_45' title="bbox 347 4668 1917 4742">
     <span class='ocr_line' id='line_1_45' title="bbox 347 4668 1917 4742; baseline -0.006 -9"><span class='ocrx_word' id='word_1_349' title='bbox 347 4681 596 4742; x_wconf 83' lang='grc' dir='ltr'>ἐλπίσαι,</span> <span class='ocrx_word' id='word_1_350' title='bbox 647 4678 711 4729; x_wconf 87' lang='grc' dir='ltr'>ἐκ</span> <span class='ocrx_word' id='word_1_351' title='bbox 743 4674 837 4728; x_wconf 90' lang='grc' dir='ltr'>τοῦ</span> <span class='ocrx_word' id='word_1_352' title='bbox 875 4671 1152 4736; x_wconf 86' lang='grc' dir='ltr'>ἐνδοῦναι,</span> <span class='ocrx_word' id='word_1_353' title='bbox 1189 4671 1254 4724; x_wconf 89' lang='grc' dir='ltr'>ἐκ</span> <span class='ocrx_word' id='word_1_354' title='bbox 1289 4668 1383 4722; x_wconf 92' lang='grc' dir='ltr'>τοῦ</span> <span class='ocrx_word' id='word_1_355' title='bbox 1421 4669 1497 4740; x_wconf 83' lang='grc' dir='ltr'>μὴ</span> <span class='ocrx_word' id='word_1_356' title='bbox 1538 4670 1825 4738; x_wconf 83' lang='grc' dir='ltr'>ἀναμεῖναι</span> <span class='ocrx_word' id='word_1_357' title='bbox 1855 4672 1917 4724; x_wconf 90' lang='lat'>16</span> 
     </span>
    </p>
   </div>
   <div class='ocr_carea' id='block_1_46' title="bbox 344 4764 1914 4842">
    <p class='ocr_par' dir='ltr' id='par_1_46' title="bbox 344 4764 1914 4842">
     <span class='ocr_line' id='line_1_46' title="bbox 344 4764 1914 4842; baseline -0.008 -11"><span class='ocrx_word' id='word_1_358' title='bbox 344 4776 514 4840; x_wconf 80' lang='grc' dir='ltr'>τέλος,</span> <span class='ocrx_word' id='word_1_359' title='bbox 554 4777 618 4828; x_wconf 87' lang='grc' dir='ltr'>ἐκ</span> <span class='ocrx_word' id='word_1_360' title='bbox 649 4772 744 4827; x_wconf 88' lang='grc' dir='ltr'>τοῦ</span> <span class='ocrx_word' id='word_1_361' title='bbox 783 4767 1203 4842; x_wconf 47' lang='grc' dir='ltr'>μικρῴυχῆσαι.</span> <span class='ocrx_word' id='word_1_362' title='bbox 1242 4764 1402 4818; x_wconf 84' lang='grc' dir='ltr'>Ἀλλά</span> <span class='ocrx_word' id='word_1_363' title='bbox 1436 4765 1511 4837; x_wconf 85' lang='grc' dir='ltr'>μὴ</span> <span class='ocrx_word' id='word_1_364' title='bbox 1549 4765 1704 4820; x_wconf 90' lang='grc' dir='ltr'>τοῦτο</span> <span class='ocrx_word' id='word_1_365' title='bbox 1737 4767 1914 4820; x_wconf 86' lang='grc' dir='ltr'>ποίει·</span> 
     </span>
    </p>
   </div>
   <div class='ocr_carea' id='block_1_47' title="bbox 347 4861 1912 4942">
    <p class='ocr_par' dir='ltr' id='par_1_47' title="bbox 347 4861 1912 4942">
     <span class='ocr_line' id='line_1_47' title="bbox 347 4861 1912 4942; baseline -0.008 -17"><span class='ocrx_word' id='word_1_366' title='bbox 347 4873 458 4925; x_wconf 81' lang='grc' dir='ltr'>ἀλλ’</span> <span class='ocrx_word' id='word_1_367' title='bbox 485 4873 612 4925; x_wconf 81' lang='grc' dir='ltr'>ὅταν</span> <span class='ocrx_word' id='word_1_368' title='bbox 639 4870 753 4942; x_wconf 79' lang='grc' dir='ltr'>ἴδῃς</span> <span class='ocrx_word' id='word_1_369' title='bbox 781 4867 847 4920; x_wconf 85' lang='grc' dir='ltr'>τὰ</span> <span class='ocrx_word' id='word_1_370' title='bbox 870 4865 1020 4918; x_wconf 87' lang='grc' dir='ltr'>δεινά</span> <span class='ocrx_word' id='word_1_371' title='bbox 1044 4862 1383 4932; x_wconf 86' lang='grc' dir='ltr'>ἐπικείμενα,</span> <span class='ocrx_word' id='word_1_372' title='bbox 1420 4861 1495 4932; x_wconf 86' lang='grc' dir='ltr'>μὴ</span> <span class='ocrx_word' id='word_1_373' title='bbox 1524 4862 1837 4934; x_wconf 74' lang='grc' dir='ltr'>καταπέσῃς</span> <span class='ocrx_word' id='word_1_374' title='bbox 1862 4871 1912 4918; x_wconf 80' lang='lat' dir='ltr'>b.</span> 
     </span>
    </p>
   </div>
   <div class='ocr_carea' id='block_1_48' title="bbox 347 4957 1995 5037">
    <p class='ocr_par' dir='ltr' id='par_1_48' title="bbox 347 4957 1995 5037">
     <span class='ocr_line' id='line_1_48' title="bbox 347 4957 1995 5037; baseline -0.007 -16"><span class='ocrx_word' id='word_1_375' title='bbox 347 4968 516 5021; x_wconf 81' lang='grc' dir='ltr'>Τοῦτο</span> <span class='ocrx_word' id='word_1_376' title='bbox 542 4966 652 5037; x_wconf 87' lang='grc' dir='ltr'>γάρ</span> <span class='ocrx_word' id='word_1_377' title='bbox 683 4962 918 5035; x_wconf 83' lang='grc' dir='ltr'>μάλιστά</span> <span class='ocrx_word' id='word_1_378' title='bbox 945 4963 1090 5014; x_wconf 88' lang='grc' dir='ltr'>ἐστιν</span> <span class='ocrx_word' id='word_1_379' title='bbox 1114 4959 1352 5024; x_wconf 81' lang='grc' dir='ltr'>ἐλπίσαι,</span> <span class='ocrx_word' id='word_1_380' title='bbox 1385 4957 1447 5013; x_wconf 84' lang='lat'>16</span> <span class='ocrx_word' id='word_1_381' title='bbox 1479 4961 1537 5013; x_wconf 86' lang='grc' dir='ltr'>ἐν</span> <span class='ocrx_word' id='word_1_382' title='bbox 1565 4959 1716 5031; x_wconf 84' lang='grc' dir='ltr'>μέσῳ</span> <span class='ocrx_word' id='word_1_383' title='bbox 1748 4959 1914 5030; x_wconf 84' lang='grc' dir='ltr'>ἐμϐε-</span> <span class='ocrx_word' id='word_1_384' title='bbox 1991 4993 1995 4998; x_wconf 91' lang='grc'><strong><em>-</em></strong></span> 
     </span>
    </p>
   </div>
   <div class='ocr_carea' id='block_1_49' title="bbox 348 5061 1313 5134">
    <p class='ocr_par' dir='ltr' id='par_1_49' title="bbox 348 5061 1313 5134">
     <span class='ocr_line' id='line_1_49' title="bbox 348 5061 1313 5134; baseline 0 -18"><span class='ocrx_word' id='word_1_385' title='bbox 348 5065 554 5134; x_wconf 84' lang='grc' dir='ltr'>ϐηκότα</span> <span class='ocrx_word' id='word_1_386' title='bbox 586 5066 698 5126; x_wconf 81' lang='grc' dir='ltr'>τοῖς</span> <span class='ocrx_word' id='word_1_387' title='bbox 721 5062 977 5133; x_wconf 83' lang='grc' dir='ltr'>χαλεποῖς</span> <span class='ocrx_word' id='word_1_388' title='bbox 1002 5061 1313 5133; x_wconf 83' lang='grc' dir='ltr'>ὀρθοῦσθαι.</span> 
     </span>
    </p>
   </div>
   <div class='ocr_carea' id='block_1_50' title="bbox 413 5155 1915 5229">
    <p class='ocr_par' dir='ltr' id='par_1_50' title="bbox 413 5155 1915 5229">
     <span class='ocr_line' id='line_1_50' title="bbox 413 5155 1915 5229; baseline -0.001 -18"><span class='ocrx_word' id='word_1_389' title='bbox 413 5163 476 5226; x_wconf 83' lang='grc' dir='ltr'>γ’.</span> <span class='ocrx_word' id='word_1_390' title='bbox 511 5159 575 5210; x_wconf 95' lang='grc' dir='ltr'>Τί</span> <span class='ocrx_word' id='word_1_391' title='bbox 606 5157 712 5210; x_wconf 88' lang='grc' dir='ltr'>τῶν</span> <span class='ocrx_word' id='word_1_392' title='bbox 736 5157 1024 5229; x_wconf 79' lang='grc' dir='ltr'>βαρϐάρων</span> <span class='ocrx_word' id='word_1_393' title='bbox 1042 5157 1284 5220; x_wconf 76' lang='grc' dir='ltr'>ἐκείνοιν,</span> <span class='ocrx_word' id='word_1_394' title='bbox 1304 5156 1408 5210; x_wconf 90' lang='grc' dir='ltr'>τῶν</span> <span class='ocrx_word' id='word_1_395' title='bbox 1439 5155 1732 5210; x_wconf 83' lang='grc' dir='ltr'>Νινευῖτῶν</span> <span class='ocrx_word' id='word_1_396' title='bbox 1751 5155 1915 5224; x_wconf 88' lang='grc' dir='ltr'>λέγω,</span> 
     </span>
    </p>
   </div>
   <div class='ocr_carea' id='block_1_51' title="bbox 343 5241 1917 5323">
    <p class='ocr_par' dir='ltr' id='par_1_51' title="bbox 343 5241 1917 5323">
     <span class='ocr_line' id='line_1_51' title="bbox 343 5241 1917 5323; baseline 0 -20"><span class='ocrx_word' id='word_1_397' title='bbox 343 5241 671 5323; x_wconf 83' lang='grc' dir='ltr'>ἀθλιώτερον</span> <span class='ocrx_word' id='word_1_398' title='bbox 712 5247 810 5322; x_wconf 78' lang='grc' dir='ltr'>ἦν;</span> <span class='ocrx_word' id='word_1_399' title='bbox 845 5251 958 5304; x_wconf 84' lang='grc' dir='ltr'>ἀλλ’</span> <span class='ocrx_word' id='word_1_400' title='bbox 985 5253 1134 5320; x_wconf 85' lang='grc' dir='ltr'>ὅμως</span> <span class='ocrx_word' id='word_1_401' title='bbox 1181 5254 1238 5307; x_wconf 84' lang='grc' dir='ltr'>ἐν</span> <span class='ocrx_word' id='word_1_402' title='bbox 1266 5253 1401 5323; x_wconf 80' lang='grc' dir='ltr'>αὐτῇ</span> <span class='ocrx_word' id='word_1_403' title='bbox 1441 5253 1674 5314; x_wconf 79' lang='grc' dir='ltr'>ἑστῶτες</span> <span class='ocrx_word' id='word_1_404' title='bbox 1709 5253 1778 5322; x_wconf 85' lang='grc' dir='ltr'>τῇ</span> <span class='ocrx_word' id='word_1_405' title='bbox 1814 5268 1917 5303; x_wconf 87' lang='grc' dir='ltr'>πα-</span> 
     </span>
    </p>
   </div>
   <div class='ocr_carea' id='block_1_52' title="bbox 343 5347 1913 5420">
    <p class='ocr_par' dir='ltr' id='par_1_52' title="bbox 343 5347 1913 5420">
     <span class='ocr_line' id='line_1_52' title="bbox 343 5347 1913 5420; baseline -0.001 -21"><span class='ocrx_word' id='word_1_406' title='bbox 343 5348 470 5415; x_wconf 85' lang='grc' dir='ltr'>γίδι,</span> <span class='ocrx_word' id='word_1_407' title='bbox 495 5347 648 5420; x_wconf 70' lang='grc'>[521]</span> <span class='ocrx_word' id='word_1_408' title='bbox 688 5349 780 5400; x_wconf 75' lang='grc' dir='ltr'>καὶ</span> <span class='ocrx_word' id='word_1_409' title='bbox 815 5347 1239 5418; x_wconf 83' lang='grc' dir='ltr'>προσδοκῶντες,</span> <span class='ocrx_word' id='word_1_410' title='bbox 1280 5349 1363 5402; x_wconf 81' lang='grc' dir='ltr'>ότι</span> <span class='ocrx_word' id='word_1_411' title='bbox 1391 5351 1634 5402; x_wconf 87' lang='grc' dir='ltr'>πεσεῖται</span> <span class='ocrx_word' id='word_1_412' title='bbox 1669 5351 1702 5418; x_wconf 88' lang='grc' dir='ltr'>ή</span> <span class='ocrx_word' id='word_1_413' title='bbox 1739 5347 1913 5410; x_wconf 84' lang='grc' dir='ltr'>πόλις,</span> 
     </span>
    </p>
   </div>
   <div class='ocr_carea' id='block_1_53' title="bbox 343 5445 1916 5516">
    <p class='ocr_par' dir='ltr' id='par_1_53' title="bbox 343 5445 1916 5516">
     <span class='ocr_line' id='line_1_53' title="bbox 343 5445 1916 5516; baseline 0.001 -20"><span class='ocrx_word' id='word_1_414' title='bbox 343 5445 459 5498; x_wconf 82' lang='grc' dir='ltr'>οὑδέ</span> <span class='ocrx_word' id='word_1_415' title='bbox 502 5445 674 5508; x_wconf 78' lang='grc' dir='ltr'>οὕτως</span> <span class='ocrx_word' id='word_1_416' title='bbox 703 5445 1050 5512; x_wconf 81' lang='grc' dir='ltr'>ἀπέγνωσαν,</span> <span class='ocrx_word' id='word_1_417' title='bbox 1085 5445 1220 5500; x_wconf 90' lang='grc' dir='ltr'>ἀλλά</span> <span class='ocrx_word' id='word_1_418' title='bbox 1259 5446 1546 5516; x_wconf 84' lang='grc' dir='ltr'>μετάνοιαν</span> <span class='ocrx_word' id='word_1_419' title='bbox 1577 5445 1916 5510; x_wconf 79' lang='grc' dir='ltr'>ἐπεδείξαντο</span> 
     </span>
    </p>
   </div>
   <div class='ocr_carea' id='block_1_54' title="bbox 342 5539 1917 5613">
    <p class='ocr_par' dir='ltr' id='par_1_54' title="bbox 342 5539 1917 5613">
     <span class='ocr_line' id='line_1_54' title="bbox 342 5539 1917 5613; baseline 0.003 -21"><span class='ocrx_word' id='word_1_420' title='bbox 342 5540 439 5611; x_wconf 78' lang='grc' dir='ltr'>τὴν</span> <span class='ocrx_word' id='word_1_421' title='bbox 460 5541 665 5613; x_wconf 80' lang='grc' dir='ltr'>ἀκριϐῆ</span> <span class='ocrx_word' id='word_1_422' title='bbox 683 5557 697 5571; x_wconf 74' lang='grc'><strong><em>⁸</em></strong></span> <span class='ocrx_word' id='word_1_423' title='bbox 719 5540 800 5594; x_wconf 85' lang='grc' dir='ltr'>διὸ</span> <span class='ocrx_word' id='word_1_424' title='bbox 825 5541 918 5593; x_wconf 68' lang='grc' dir='ltr'>καὶ</span> <span class='ocrx_word' id='word_1_425' title='bbox 939 5539 1032 5592; x_wconf 89' lang='grc' dir='ltr'>τοῦ</span> <span class='ocrx_word' id='word_1_426' title='bbox 1063 5539 1198 5594; x_wconf 88' lang='grc' dir='ltr'>Θεοῦ</span> <span class='ocrx_word' id='word_1_427' title='bbox 1220 5542 1317 5612; x_wconf 83' lang='grc' dir='ltr'>τὴν</span> <span class='ocrx_word' id='word_1_428' title='bbox 1340 5543 1608 5613; x_wconf 83' lang='grc' dir='ltr'>ἀπόφασιν</span> <span class='ocrx_word' id='word_1_429' title='bbox 1630 5545 1710 5606; x_wconf 89' lang='grc' dir='ltr'>εἰς</span> <span class='ocrx_word' id='word_1_430' title='bbox 1732 5542 1793 5596; x_wconf 87' lang='lat'>16</span> <span class='ocrx_word' id='word_1_431' title='bbox 1817 5542 1917 5596; x_wconf 88' lang='grc' dir='ltr'>πά-</span> 
     </span>
    </p>
   </div>
   <div class='ocr_carea' id='block_1_55' title="bbox 405 5688 1917 5753">
    <p class='ocr_par' dir='ltr' id='par_1_55' title="bbox 405 5688 1917 5753">
     <span class='ocr_line' id='line_1_55' title="bbox 405 5688 1917 5753; baseline 0.003 -16"><span class='ocrx_word' id='word_1_432' title='bbox 405 5691 434 5720; x_wconf 73' lang='grc' dir='ltr'>ι</span> <span class='ocrx_word' id='word_1_433' title='bbox 457 5691 538 5737; x_wconf 61' lang='lat' dir='ltr'>Sic</span> <span class='ocrx_word' id='word_1_434' title='bbox 564 5689 714 5737; x_wconf 80' lang='lat' dir='ltr'><strong>Savii.</strong></span> <span class='ocrx_word' id='word_1_435' title='bbox 758 5688 1108 5753; x_wconf 67' lang='lat' dir='ltr'>recte._l_!or_el.</span> <span class='ocrx_word' id='word_1_436' title='bbox 1135 5691 1174 5753; x_wconf 72' lang='grc' dir='ltr'>εί</span> <span class='ocrx_word' id='word_1_437' title='bbox 1195 5691 1246 5738; x_wconf 75' lang='grc' dir='ltr'>δὲ</span> <span class='ocrx_word' id='word_1_438' title='bbox 1283 5692 1364 5739; x_wconf 84' lang='grc' dir='ltr'>καὶ</span> <span class='ocrx_word' id='word_1_439' title='bbox 1382 5706 1512 5751; x_wconf 84' lang='grc' dir='ltr'>κατ.,</span> <span class='ocrx_word' id='word_1_440' title='bbox 1553 5703 1662 5753; x_wconf 67' lang='lat' dir='ltr'><strong>qua&quot;:</strong></span> <span class='ocrx_word' id='word_1_441' title='bbox 1684 5691 1917 5752; x_wconf 73' lang='lat' dir='ltr'><strong>particula</strong></span> 
     </span>
    </p>
   </div>
   <div class='ocr_carea' id='block_1_56' title="bbox 341 5747 1246 5800">
    <p class='ocr_par' dir='ltr' id='par_1_56' title="bbox 341 5747 1246 5800">
     <span class='ocr_line' id='line_1_56' title="bbox 341 5747 1246 5800; baseline 0.008 -6"><span class='ocrx_word' id='word_1_442' title='bbox 341 5747 388 5794; x_wconf 72' lang='grc' dir='ltr'>δέ</span> <span class='ocrx_word' id='word_1_443' title='bbox 415 5756 565 5798; x_wconf 75' lang='lat' dir='ltr'><strong>totum</strong></span> <span class='ocrx_word' id='word_1_444' title='bbox 593 5752 888 5797; x_wconf 74' lang='lat' dir='ltr'>sententiam</span> <span class='ocrx_word' id='word_1_445' title='bbox 914 5749 1246 5800; x_wconf 58' lang='lat' dir='ltr'>labefi&#39;miabat.</span> 
     </span>
    </p>
   </div>
   <div class='ocr_carea' id='block_1_57' title="bbox 405 5811 1153 5871">
    <p class='ocr_par' dir='ltr' id='par_1_57' title="bbox 405 5811 1153 5871">
     <span class='ocr_line' id='line_1_57' title="bbox 405 5811 1153 5871; baseline -0.003 -11"><span class='ocrx_word' id='word_1_446' title='bbox 405 5811 432 5852; x_wconf 73' lang='grc'>1³</span> <span class='ocrx_word' id='word_1_447' title='bbox 458 5812 613 5862; x_wconf 76' lang='lat' dir='ltr'><strong>Savil.</strong></span> <span class='ocrx_word' id='word_1_448' title='bbox 641 5811 751 5858; x_wconf 83' lang='grc' dir='ltr'>τότε</span> <span class='ocrx_word' id='word_1_449' title='bbox 776 5827 839 5864; x_wconf 76' lang='grc' dir='ltr'>μη</span> <span class='ocrx_word' id='word_1_450' title='bbox 863 5813 1153 5871; x_wconf 66' lang='grc' dir='ltr'>καταπέσῃς.</span> 
     </span>
    </p>
   </div>
   <div class='ocr_carea' id='block_1_58' title="bbox 3476 417 3588 474">
    <p class='ocr_par' dir='ltr' id='par_1_58' title="bbox 3476 417 3588 474">
     <span class='ocr_line' id='line_1_58' title="bbox 3476 417 3588 474; baseline -0.018 0"><span class='ocrx_word' id='word_1_451' title='bbox 3476 417 3588 474; x_wconf 67' lang='grc' dir='ltr'>δὸιὶ</span> 
     </span>
    </p>
   </div>
   <div class='ocr_carea' id='block_1_59' title="bbox 2020 491 3588 602">
    <p class='ocr_par' dir='ltr' id='par_1_59' title="bbox 2020 491 3588 602">
     <span class='ocr_line' id='line_1_59' title="bbox 2020 491 3588 602; baseline 0.012 -33"><span class='ocrx_word' id='word_1_452' title='bbox 2020 516 2104 571; x_wconf 89' lang='grc' dir='ltr'>λιν</span> <span class='ocrx_word' id='word_1_453' title='bbox 2126 519 2460 594; x_wconf 79' lang='grc' dir='ltr'>ὑποστρέψαι</span> <span class='ocrx_word' id='word_1_454' title='bbox 2477 520 2915 595; x_wconf 84' lang='grc' dir='ltr'>παρεσκεύασαν.</span> <span class='ocrx_word' id='word_1_455' title='bbox 2933 521 3082 590; x_wconf 68' lang='grc' dir='ltr'>Εἶδες</span> <span class='ocrx_word' id='word_1_456' title='bbox 3099 491 3237 601; x_wconf 82' lang='grc' dir='ltr'>πόση</span> <span class='ocrx_word' id='word_1_457' title='bbox 3257 529 3356 602; x_wconf 79' lang='grc' dir='ltr'>τῆς</span> <span class='ocrx_word' id='word_1_458' title='bbox 3375 531 3588 601; x_wconf 88' lang='grc' dir='ltr'>ἐλπίδος</span> 
     </span>
    </p>
   </div>
   <div class='ocr_carea' id='block_1_60' title="bbox 2019 613 3588 701">
    <p class='ocr_par' dir='ltr' id='par_1_60' title="bbox 2019 613 3588 701">
     <span class='ocr_line' id='line_1_60' title="bbox 2019 613 3588 701; baseline 0.009 -32"><span class='ocrx_word' id='word_1_459' title='bbox 2019 613 2054 683; x_wconf 77' lang='grc' dir='ltr'><strong>ἠ</strong></span> <span class='ocrx_word' id='word_1_460' title='bbox 2094 616 2279 686; x_wconf 86' lang='grc' dir='ltr'>ίσχύς;</span> <span class='ocrx_word' id='word_1_461' title='bbox 2302 619 2367 672; x_wconf 87' lang='grc' dir='ltr'>Τί</span> <span class='ocrx_word' id='word_1_462' title='bbox 2390 619 2447 672; x_wconf 86' lang='grc' dir='ltr'>δὲ</span> <span class='ocrx_word' id='word_1_463' title='bbox 2485 619 2694 683; x_wconf 84' lang='grc' dir='ltr'>αύτδςὸ</span> <span class='ocrx_word' id='word_1_464' title='bbox 2730 620 3048 691; x_wconf 81' lang='grc' dir='ltr'>προφήτης;</span> <span class='ocrx_word' id='word_1_465' title='bbox 3087 623 3184 676; x_wconf 84' lang='grc' dir='ltr'>οὐκ</span> <span class='ocrx_word' id='word_1_466' title='bbox 3218 628 3275 678; x_wconf 88' lang='grc' dir='ltr'>ἐν</span> <span class='ocrx_word' id='word_1_467' title='bbox 3302 631 3369 698; x_wconf 81' lang='grc' dir='ltr'>τῇ</span> <span class='ocrx_word' id='word_1_468' title='bbox 3407 629 3588 701; x_wconf 80' lang='grc' dir='ltr'>κοιλίᾳ</span> 
     </span>
    </p>
   </div>
   <div class='ocr_carea' id='block_1_61' title="bbox 2018 710 3696 792">
    <p class='ocr_par' dir='ltr' id='par_1_61' title="bbox 2018 710 3696 792">
     <span class='ocr_line' id='line_1_61' title="bbox 2018 710 3696 792; baseline 0.008 -28"><span class='ocrx_word' id='word_1_469' title='bbox 2018 710 2112 764; x_wconf 90' lang='grc' dir='ltr'>τοῦ</span> <span class='ocrx_word' id='word_1_470' title='bbox 2148 714 2345 782; x_wconf 89' lang='grc' dir='ltr'>κήτους</span> <span class='ocrx_word' id='word_1_471' title='bbox 2373 714 2470 779; x_wconf 85' lang='grc' dir='ltr'>ὢν,</span> <span class='ocrx_word' id='word_1_472' title='bbox 2497 713 2590 767; x_wconf 89' lang='grc' dir='ltr'>τοῦ</span> <span class='ocrx_word' id='word_1_473' title='bbox 2624 713 2752 768; x_wconf 88' lang='grc' dir='ltr'>ναοῦ</span> <span class='ocrx_word' id='word_1_474' title='bbox 2783 716 2876 768; x_wconf 78' lang='grc' dir='ltr'>καὶ</span> <span class='ocrx_word' id='word_1_475' title='bbox 2908 715 3002 785; x_wconf 77' lang='grc' dir='ltr'>τῆς</span> <span class='ocrx_word' id='word_1_476' title='bbox 3029 716 3108 778; x_wconf 81' lang='grc' dir='ltr'>είς</span> <span class='ocrx_word' id='word_1_477' title='bbox 3139 717 3208 769; x_wconf 90' lang='lat'>16</span> <span class='ocrx_word' id='word_1_478' title='bbox 3241 715 3590 792; x_wconf 82' lang='grc' dir='ltr'>Ἰεροσόλυμα</span> <span class='ocrx_word' id='word_1_479' title='bbox 3687 767 3696 778; x_wconf 54' lang='grc' dir='ltr'><strong>ς</strong></span> 
     </span>
    </p>
   </div>
   <div class='ocr_carea' id='block_1_62' title="bbox 2019 807 3589 880">
    <p class='ocr_par' dir='ltr' id='par_1_62' title="bbox 2019 807 3589 880">
     <span class='ocr_line' id='line_1_62' title="bbox 2019 807 3589 880; baseline 0.007 -22"><span class='ocrx_word' id='word_1_480' title='bbox 2019 807 2279 861; x_wconf 75' lang='grc' dir='ltr'>ἐπανόδου</span> <span class='ocrx_word' id='word_1_481' title='bbox 2325 809 2635 880; x_wconf 79' lang='grc' dir='ltr'>ἐμέμνητος</span> <span class='ocrx_word' id='word_1_482' title='bbox 2680 810 2788 864; x_wconf 75' lang='grc' dir='ltr'>Καὶ</span> <span class='ocrx_word' id='word_1_483' title='bbox 2827 811 2891 864; x_wconf 83' lang='grc' dir='ltr'>σὺ</span> <span class='ocrx_word' id='word_1_484' title='bbox 2925 810 3125 876; x_wconf 88' lang='grc' dir='ltr'>τοίνυν,</span> <span class='ocrx_word' id='word_1_485' title='bbox 3170 811 3274 865; x_wconf 82' lang='grc' dir='ltr'>κᾶν</span> <span class='ocrx_word' id='word_1_486' title='bbox 3307 815 3386 876; x_wconf 83' lang='grc' dir='ltr'>είς</span> <span class='ocrx_word' id='word_1_487' title='bbox 3426 815 3589 868; x_wconf 76' lang='grc' dir='ltr'>αὑτὸν</span> 
     </span>
    </p>
   </div>
   <div class='ocr_carea' id='block_1_63' title="bbox 2018 900 3594 978">
    <p class='ocr_par' dir='ltr' id='par_1_63' title="bbox 2018 900 3594 978">
     <span class='ocr_line' id='line_1_63' title="bbox 2018 900 3594 978; baseline 0.006 -26"><span class='ocrx_word' id='word_1_488' title='bbox 2018 900 2194 972; x_wconf 81' lang='grc' dir='ltr'>ἐμϐῇς</span> <span class='ocrx_word' id='word_1_489' title='bbox 2219 903 2312 956; x_wconf 82' lang='grc' dir='ltr'>τὸν</span> <span class='ocrx_word' id='word_1_490' title='bbox 2339 902 2585 967; x_wconf 88' lang='grc' dir='ltr'>θάνατον,</span> <span class='ocrx_word' id='word_1_491' title='bbox 2603 906 2697 958; x_wconf 82' lang='grc' dir='ltr'>καὶ</span> <span class='ocrx_word' id='word_1_492' title='bbox 2723 906 2991 958; x_wconf 87' lang='grc' dir='ltr'>τοσούτων</span> <span class='ocrx_word' id='word_1_493' title='bbox 3012 907 3390 978; x_wconf 79' lang='grc' dir='ltr'>ἐπικρεμασθῇ</span> <span class='ocrx_word' id='word_1_494' title='bbox 3416 909 3594 962; x_wconf 86' lang='grc' dir='ltr'>κινδύ-</span> 
     </span>
    </p>
   </div>
   <div class='ocr_carea' id='block_1_64' title="bbox 2018 995 3591 1073">
    <p class='ocr_par' dir='ltr' id='par_1_64' title="bbox 2018 995 3591 1073">
     <span class='ocr_line' id='line_1_64' title="bbox 2018 995 3591 1073; baseline 0.006 -26"><span class='ocrx_word' id='word_1_495' title='bbox 2018 1012 2126 1049; x_wconf 90' lang='grc' dir='ltr'>νων</span> <span class='ocrx_word' id='word_1_496' title='bbox 2156 995 2404 1065; x_wconf 84' lang='grc' dir='ltr'>μέγεθος,</span> <span class='ocrx_word' id='word_1_497' title='bbox 2441 999 2514 1070; x_wconf 82' lang='grc' dir='ltr'>μὴ</span> <span class='ocrx_word' id='word_1_498' title='bbox 2544 999 2816 1070; x_wconf 83' lang='grc' dir='ltr'>άπογνῷς.</span> <span class='ocrx_word' id='word_1_499' title='bbox 2840 1000 3073 1053; x_wconf 87' lang='grc' dir='ltr'>Δυνατὸν</span> <span class='ocrx_word' id='word_1_500' title='bbox 3105 1002 3212 1073; x_wconf 85' lang='grc' dir='ltr'>γὰρ</span> <span class='ocrx_word' id='word_1_501' title='bbox 3243 1001 3320 1071; x_wconf 83' lang='grc' dir='ltr'>τῷ</span> <span class='ocrx_word' id='word_1_502' title='bbox 3351 1003 3468 1073; x_wconf 86' lang='grc' dir='ltr'>Θεῷ</span> <span class='ocrx_word' id='word_1_503' title='bbox 3493 1005 3591 1057; x_wconf 74' lang='grc' dir='ltr'>καὶ</span> 
     </span>
    </p>
   </div>
   <div class='ocr_carea' id='block_1_65' title="bbox 2025 1090 3588 1167">
    <p class='ocr_par' dir='ltr' id='par_1_65' title="bbox 2025 1090 3588 1167">
     <span class='ocr_line' id='line_1_65' title="bbox 2025 1090 3588 1167; baseline 0.006 -24"><span class='ocrx_word' id='word_1_504' title='bbox 2025 1090 2084 1157; x_wconf 80' lang='grc' dir='ltr'>ἐξ</span> <span class='ocrx_word' id='word_1_505' title='bbox 2122 1092 2344 1163; x_wconf 87' lang='grc' dir='ltr'>ἀπόρων</span> <span class='ocrx_word' id='word_1_506' title='bbox 2374 1093 2539 1163; x_wconf 88' lang='grc' dir='ltr'>πόρον</span> <span class='ocrx_word' id='word_1_507' title='bbox 2579 1095 2783 1165; x_wconf 86' lang='grc' dir='ltr'>εὑρεῖν.</span> <span class='ocrx_word' id='word_1_508' title='bbox 2807 1094 2896 1147; x_wconf 84' lang='grc' dir='ltr'>Διὸ</span> <span class='ocrx_word' id='word_1_509' title='bbox 2929 1095 3025 1149; x_wconf 86' lang='grc' dir='ltr'>καί</span> <span class='ocrx_word' id='word_1_510' title='bbox 3049 1113 3134 1160; x_wconf 89' lang='grc' dir='ltr'>τις</span> <span class='ocrx_word' id='word_1_511' title='bbox 3169 1097 3330 1166; x_wconf 79' lang='grc' dir='ltr'>σοφὸς</span> <span class='ocrx_word' id='word_1_512' title='bbox 3368 1097 3588 1167; x_wconf 84' lang='grc' dir='ltr'>ἐλεγεν⁶</span> 
     </span>
    </p>
   </div>
   <div class='ocr_carea' id='block_1_66' title="bbox 2029 1185 3591 1258">
    <p class='ocr_par' dir='ltr' id='par_1_66' title="bbox 2029 1185 3591 1258">
     <span class='ocr_line' id='line_1_66' title="bbox 2029 1185 3591 1258; baseline 0.001 -16"><span class='ocrx_word' id='word_1_513' title='bbox 2029 1185 2164 1242; x_wconf 75' lang='grc' dir='ltr'>Ἀπὸ</span> <span class='ocrx_word' id='word_1_514' title='bbox 2189 1189 2342 1254; x_wconf 82' lang='grc' dir='ltr'>πρωΐ</span> <span class='ocrx_word' id='word_1_515' title='bbox 2357 1197 2378 1226; x_wconf 75' lang='grc' dir='ltr'>ε</span> <span class='ocrx_word' id='word_1_516' title='bbox 2401 1187 2512 1252; x_wconf 80' lang='grc' dir='ltr'>ἕως</span> <span class='ocrx_word' id='word_1_517' title='bbox 2531 1189 2646 1256; x_wconf 75' lang='grc' dir='ltr'>ὀψὲ</span> <span class='ocrx_word' id='word_1_518' title='bbox 2660 1189 2983 1258; x_wconf 79' lang='grc' dir='ltr'>μεταϐολαὶ</span> <span class='ocrx_word' id='word_1_519' title='bbox 3003 1192 3250 1252; x_wconf 76' lang='grc' dir='ltr'>πολλαὶ,</span> <span class='ocrx_word' id='word_1_520' title='bbox 3267 1193 3362 1245; x_wconf 82' lang='grc' dir='ltr'>καί</span> <span class='ocrx_word' id='word_1_521' title='bbox 3392 1193 3591 1247; x_wconf 77' lang='grc' dir='ltr'>πάντα</span> 
     </span>
    </p>
   </div>
   <div class='ocr_carea' id='block_1_67' title="bbox 2017 1281 3588 1359">
    <p class='ocr_par' dir='ltr' id='par_1_67' title="bbox 2017 1281 3588 1359">
     <span class='ocr_line' id='line_1_67' title="bbox 2017 1281 3588 1359; baseline 0.006 -26"><span class='ocrx_word' id='word_1_522' title='bbox 2017 1283 2230 1349; x_wconf 79' lang='grc' dir='ltr'>ταχινὰ</span> <span class='ocrx_word' id='word_1_523' title='bbox 2251 1282 2509 1338; x_wconf 81' lang='grc' dir='ltr'>ἐνώπιον</span> <span class='ocrx_word' id='word_1_524' title='bbox 2526 1283 2732 1338; x_wconf 87' lang='grc' dir='ltr'>αὑτοῦ.</span> <span class='ocrx_word' id='word_1_525' title='bbox 2751 1284 2863 1338; x_wconf 84' lang='grc' dir='ltr'>Οὐκ</span> <span class='ocrx_word' id='word_1_526' title='bbox 2885 1281 3022 1348; x_wconf 78' lang='grc' dir='ltr'>εἶδες</span> <span class='ocrx_word' id='word_1_527' title='bbox 3046 1286 3136 1339; x_wconf 82' lang='grc' dir='ltr'>τὸν</span> <span class='ocrx_word' id='word_1_528' title='bbox 3171 1288 3502 1359; x_wconf 85' lang='grc' dir='ltr'>περιστάτην</span> <span class='ocrx_word' id='word_1_529' title='bbox 3529 1289 3588 1341; x_wconf 91' lang='grc' dir='ltr'>ἐν</span> 
     </span>
    </p>
   </div>
   <div class='ocr_carea' id='block_1_68' title="bbox 2017 1375 3591 1455">
    <p class='ocr_par' dir='ltr' id='par_1_68' title="bbox 2017 1375 3591 1455">
     <span class='ocr_line' id='line_1_68' title="bbox 2017 1375 3591 1455; baseline 0.005 -26"><span class='ocrx_word' id='word_1_530' title='bbox 2017 1376 2246 1448; x_wconf 80' lang='grc' dir='ltr'>ἀφθονίᾳ</span> <span class='ocrx_word' id='word_1_531' title='bbox 2275 1377 2647 1449; x_wconf 83' lang='grc' dir='ltr'>λιμώττοντα;</span> <span class='ocrx_word' id='word_1_532' title='bbox 2684 1379 2784 1433; x_wconf 83' lang='grc' dir='ltr'>οὐκ</span> <span class='ocrx_word' id='word_1_533' title='bbox 2825 1375 2964 1444; x_wconf 83' lang='grc' dir='ltr'>εῐδες</span> <span class='ocrx_word' id='word_1_534' title='bbox 3002 1380 3102 1452; x_wconf 81' lang='grc' dir='ltr'>τὴν</span> <span class='ocrx_word' id='word_1_535' title='bbox 3131 1382 3299 1452; x_wconf 88' lang='grc' dir='ltr'>χήραν</span> <span class='ocrx_word' id='word_1_536' title='bbox 3331 1382 3474 1455; x_wconf 87' lang='grc' dir='ltr'>λιμῷ</span> <span class='ocrx_word' id='word_1_537' title='bbox 3497 1384 3591 1437; x_wconf 79' lang='grc' dir='ltr'>εὑ-</span> 
     </span>
    </p>
   </div>
   <div class='ocr_carea' id='block_1_69' title="bbox 2017 1472 3592 1550">
    <p class='ocr_par' dir='ltr' id='par_1_69' title="bbox 2017 1472 3592 1550">
     <span class='ocr_line' id='line_1_69' title="bbox 2017 1472 3592 1550; baseline 0.005 -25"><span class='ocrx_word' id='word_1_538' title='bbox 2017 1472 2388 1544; x_wconf 85' lang='grc' dir='ltr'>θηνουμένην;</span> <span class='ocrx_word' id='word_1_539' title='bbox 2421 1475 2592 1528; x_wconf 86' lang='grc' dir='ltr'>Ὅταν</span> <span class='ocrx_word' id='word_1_540' title='bbox 2621 1475 2701 1537; x_wconf 83' lang='grc' dir='ltr'>εἰς</span> <span class='ocrx_word' id='word_1_541' title='bbox 2720 1474 2952 1544; x_wconf 89' lang='grc' dir='ltr'>ἀπορίαν</span> <span class='ocrx_word' id='word_1_542' title='bbox 2977 1475 3046 1528; x_wconf 82' lang='grc' dir='ltr'>τά</span> <span class='ocrx_word' id='word_1_543' title='bbox 3079 1477 3382 1548; x_wconf 86' lang='grc' dir='ltr'>πράγματα</span> <span class='ocrx_word' id='word_1_544' title='bbox 3413 1479 3592 1550; x_wconf 79' lang='grc' dir='ltr'>ἐμπέ-</span> 
     </span>
    </p>
   </div>
   <div class='ocr_carea' id='block_1_70' title="bbox 2021 1569 3589 1642">
    <p class='ocr_par' dir='ltr' id='par_1_70' title="bbox 2021 1569 3589 1642">
     <span class='ocr_line' id='line_1_70' title="bbox 2021 1569 3589 1642; baseline 0.006 -22"><span class='ocrx_word' id='word_1_545' title='bbox 2021 1583 2109 1640; x_wconf 82' lang='grc' dir='ltr'>σῃ,</span> <span class='ocrx_word' id='word_1_546' title='bbox 2135 1569 2254 1621; x_wconf 87' lang='grc' dir='ltr'>τότε</span> <span class='ocrx_word' id='word_1_547' title='bbox 2291 1569 2526 1640; x_wconf 85' lang='grc' dir='ltr'>μάλιστα</span> <span class='ocrx_word' id='word_1_548' title='bbox 2574 1569 2782 1633; x_wconf 77' lang='grc' dir='ltr'>ἔλπιζε.</span> <span class='ocrx_word' id='word_1_549' title='bbox 2813 1570 2947 1624; x_wconf 86' lang='grc' dir='ltr'>Τότε</span> <span class='ocrx_word' id='word_1_550' title='bbox 2975 1571 3086 1642; x_wconf 84' lang='grc' dir='ltr'>γὰρ</span> <span class='ocrx_word' id='word_1_551' title='bbox 3127 1573 3361 1642; x_wconf 89' lang='grc' dir='ltr'>μάλιστα</span> <span class='ocrx_word' id='word_1_552' title='bbox 3396 1577 3427 1629; x_wconf 89' lang='lat'>6</span> <span class='ocrx_word' id='word_1_553' title='bbox 3455 1574 3589 1640; x_wconf 79' lang='grc' dir='ltr'>Θεὸς</span> 
     </span>
    </p>
   </div>
   <div class='ocr_carea' id='block_1_71' title="bbox 2017 1665 3586 1743">
    <p class='ocr_par' dir='ltr' id='par_1_71' title="bbox 2017 1665 3586 1743">
     <span class='ocr_line' id='line_1_71' title="bbox 2017 1665 3586 1743; baseline 0.006 -27"><span class='ocrx_word' id='word_1_554' title='bbox 2017 1665 2383 1720; x_wconf 87' lang='grc' dir='ltr'>ἐπιδείκνυται</span> <span class='ocrx_word' id='word_1_555' title='bbox 2421 1666 2521 1738; x_wconf 82' lang='grc' dir='ltr'>τὴν</span> <span class='ocrx_word' id='word_1_556' title='bbox 2550 1667 2745 1720; x_wconf 81' lang='grc' dir='ltr'>ἑαυτοῦ</span> <span class='ocrx_word' id='word_1_557' title='bbox 2772 1667 3020 1740; x_wconf 89' lang='grc' dir='ltr'>δύναμιν,</span> <span class='ocrx_word' id='word_1_558' title='bbox 3043 1669 3143 1723; x_wconf 80' lang='grc' dir='ltr'>οὑκ</span> <span class='ocrx_word' id='word_1_559' title='bbox 3167 1671 3232 1723; x_wconf 87' lang='grc' dir='ltr'>ἐκ</span> <span class='ocrx_word' id='word_1_560' title='bbox 3265 1671 3586 1743; x_wconf 87' lang='grc' dir='ltr'>προοιμίων,</span> 
     </span>
    </p>
   </div>
   <div class='ocr_carea' id='block_1_72' title="bbox 2016 1760 3589 1837">
    <p class='ocr_par' dir='ltr' id='par_1_72' title="bbox 2016 1760 3589 1837">
     <span class='ocr_line' id='line_1_72' title="bbox 2016 1760 3589 1837; baseline 0.004 -25"><span class='ocrx_word' id='word_1_561' title='bbox 2016 1760 2132 1813; x_wconf 79' lang='grc' dir='ltr'>ἀλλ’</span> <span class='ocrx_word' id='word_1_562' title='bbox 2157 1761 2285 1814; x_wconf 83' lang='grc' dir='ltr'>ὅταν</span> <span class='ocrx_word' id='word_1_563' title='bbox 2309 1762 2376 1814; x_wconf 84' lang='grc' dir='ltr'>τὰ</span> <span class='ocrx_word' id='word_1_564' title='bbox 2405 1763 2558 1836; x_wconf 83' lang='grc' dir='ltr'>παρά</span> <span class='ocrx_word' id='word_1_565' title='bbox 2583 1762 2693 1816; x_wconf 91' lang='grc' dir='ltr'>τῶν</span> <span class='ocrx_word' id='word_1_566' title='bbox 2722 1760 3024 1835; x_wconf 84' lang='grc' dir='ltr'>ἀνθρώπων</span> <span class='ocrx_word' id='word_1_567' title='bbox 3052 1765 3400 1837; x_wconf 79' lang='grc' dir='ltr'>ἀπογνωσθῇ.</span> <span class='ocrx_word' id='word_1_568' title='bbox 3419 1760 3589 1830; x_wconf 75' lang='grc' dir='ltr'>Οὗτος</span> 
     </span>
    </p>
   </div>
   <div class='ocr_carea' id='block_1_73' title="bbox 2019 1853 3592 1933">
    <p class='ocr_par' dir='ltr' id='par_1_73' title="bbox 2019 1853 3592 1933">
     <span class='ocr_line' id='line_1_73' title="bbox 2019 1853 3592 1933; baseline 0.003 -24"><span class='ocrx_word' id='word_1_569' title='bbox 2019 1856 2128 1928; x_wconf 84' lang='grc' dir='ltr'>γὰρ</span> <span class='ocrx_word' id='word_1_570' title='bbox 2153 1853 2263 1928; x_wconf 76' lang='grc' dir='ltr'>τῆς</span> <span class='ocrx_word' id='word_1_571' title='bbox 2293 1856 2387 1910; x_wconf 91' lang='grc' dir='ltr'>τοῦ</span> <span class='ocrx_word' id='word_1_572' title='bbox 2417 1857 2552 1910; x_wconf 88' lang='grc' dir='ltr'>Θεοῦ</span> <span class='ocrx_word' id='word_1_573' title='bbox 2600 1858 2849 1929; x_wconf 85' lang='grc' dir='ltr'>βοηθείας</span> <span class='ocrx_word' id='word_1_574' title='bbox 2877 1859 2906 1912; x_wconf 92' lang='lat'>6</span> <span class='ocrx_word' id='word_1_575' title='bbox 2938 1860 3146 1931; x_wconf 86' lang='grc' dir='ltr'>καιρός.</span> <span class='ocrx_word' id='word_1_576' title='bbox 3193 1861 3291 1915; x_wconf 90' lang='grc' dir='ltr'>Διά</span> <span class='ocrx_word' id='word_1_577' title='bbox 3333 1860 3396 1933; x_wconf 80' lang='grc' dir='ltr'>δὴ</span> <span class='ocrx_word' id='word_1_578' title='bbox 3434 1860 3592 1915; x_wconf 90' lang='grc' dir='ltr'>τοῦτο</span> 
     </span>
    </p>
   </div>
   <div class='ocr_carea' id='block_1_74' title="bbox 2015 1951 3590 2027">
    <p class='ocr_par' dir='ltr' id='par_1_74' title="bbox 2015 1951 3590 2027">
     <span class='ocr_line' id='line_1_74' title="bbox 2015 1951 3590 2027; baseline 0.004 -24"><span class='ocrx_word' id='word_1_579' title='bbox 2015 1951 2138 2004; x_wconf 79' lang='grc' dir='ltr'>οὔτε</span> <span class='ocrx_word' id='word_1_580' title='bbox 2174 1953 2298 2016; x_wconf 79' lang='grc' dir='ltr'>τοὺς</span> <span class='ocrx_word' id='word_1_581' title='bbox 2336 1953 2528 2018; x_wconf 87' lang='grc' dir='ltr'>παῖδας</span> <span class='ocrx_word' id='word_1_582' title='bbox 2565 1954 2629 2006; x_wconf 87' lang='grc' dir='ltr'>ἐκ</span> <span class='ocrx_word' id='word_1_583' title='bbox 2672 1953 2968 2024; x_wconf 88' lang='grc' dir='ltr'>προοιμίων</span> <span class='ocrx_word' id='word_1_584' title='bbox 3005 1957 3274 2026; x_wconf 72' lang='grc' dir='ltr'>ἣρπασεν,</span> <span class='ocrx_word' id='word_1_585' title='bbox 3295 1957 3429 2010; x_wconf 89' lang='grc' dir='ltr'>ἀλλά</span> <span class='ocrx_word' id='word_1_586' title='bbox 3450 1957 3590 2027; x_wconf 87' lang='grc' dir='ltr'>μετά</span> 
     </span>
    </p>
   </div>
   <div class='ocr_carea' id='block_1_75' title="bbox 2013 2046 3590 2121">
    <p class='ocr_par' dir='ltr' id='par_1_75' title="bbox 2013 2046 3590 2121">
     <span class='ocr_line' id='line_1_75' title="bbox 2013 2046 3590 2121; baseline 0.004 -23"><span class='ocrx_word' id='word_1_587' title='bbox 2013 2047 2113 2117; x_wconf 79' lang='grc' dir='ltr'>τήν</span> <span class='ocrx_word' id='word_1_588' title='bbox 2148 2047 2374 2116; x_wconf 81' lang='grc' dir='ltr'>κάμινον</span> <span class='ocrx_word' id='word_1_589' title='bbox 2395 2063 2410 2077; x_wconf 87' lang='grc'><strong>·</strong></span> <span class='ocrx_word' id='word_1_590' title='bbox 2447 2046 2571 2101; x_wconf 79' lang='grc' dir='ltr'>οὔτε</span> <span class='ocrx_word' id='word_1_591' title='bbox 2605 2049 2696 2102; x_wconf 83' lang='grc' dir='ltr'>τὸν</span> <span class='ocrx_word' id='word_1_592' title='bbox 2735 2049 2932 2119; x_wconf 82' lang='grc' dir='ltr'>Δανιὴλ</span> <span class='ocrx_word' id='word_1_593' title='bbox 2951 2051 3130 2121; x_wconf 73' lang='grc' dir='ltr'>πρὶνή</span> <span class='ocrx_word' id='word_1_594' title='bbox 3153 2053 3430 2121; x_wconf 84' lang='grc' dir='ltr'>ἐμπεσεῖν,</span> <span class='ocrx_word' id='word_1_595' title='bbox 3452 2051 3590 2104; x_wconf 87' lang='grc' dir='ltr'>ἀλλά</span> 
     </span>
    </p>
   </div>
   <div class='ocr_carea' id='block_1_76' title="bbox 2018 2143 3591 2217">
    <p class='ocr_par' dir='ltr' id='par_1_76' title="bbox 2018 2143 3591 2217">
     <span class='ocr_line' id='line_1_76' title="bbox 2018 2143 3591 2217; baseline 0.003 -22"><span class='ocrx_word' id='word_1_596' title='bbox 2018 2143 2156 2212; x_wconf 87' lang='grc' dir='ltr'>μετά</span> <span class='ocrx_word' id='word_1_597' title='bbox 2193 2143 2290 2210; x_wconf 82' lang='grc' dir='ltr'>τὰς</span> <span class='ocrx_word' id='word_1_598' title='bbox 2327 2144 2468 2198; x_wconf 80' lang='grc' dir='ltr'>ἑπτὰ</span> <span class='ocrx_word' id='word_1_599' title='bbox 2507 2146 2740 2217; x_wconf 82' lang='grc' dir='ltr'>ἡμέρας.</span> <span class='ocrx_word' id='word_1_600' title='bbox 2762 2145 2852 2214; x_wconf 85' lang='grc' dir='ltr'>Μὴ</span> <span class='ocrx_word' id='word_1_601' title='bbox 2885 2146 2948 2216; x_wconf 82' lang='grc' dir='ltr'>δὴ</span> <span class='ocrx_word' id='word_1_602' title='bbox 2969 2147 3198 2217; x_wconf 85' lang='grc' dir='ltr'>πρόσεχε</span> <span class='ocrx_word' id='word_1_603' title='bbox 3217 2149 3281 2217; x_wconf 77' lang='grc' dir='ltr'>τῇ</span> <span class='ocrx_word' id='word_1_604' title='bbox 3304 2147 3591 2215; x_wconf 85' lang='grc' dir='ltr'>φύσειτῶν</span> 
     </span>
    </p>
   </div>
   <div class='ocr_carea' id='block_1_77' title="bbox 2016 2239 3591 2315">
    <p class='ocr_par' dir='ltr' id='par_1_77' title="bbox 2016 2239 3591 2315">
     <span class='ocr_line' id='line_1_77' title="bbox 2016 2239 3591 2315; baseline 0.006 -25"><span class='ocrx_word' id='word_1_605' title='bbox 2016 2239 2356 2308; x_wconf 83' lang='grc' dir='ltr'>πραγμάτων</span> <span class='ocrx_word' id='word_1_606' title='bbox 2393 2241 2472 2303; x_wconf 83' lang='grc' dir='ltr'>εἰς</span> <span class='ocrx_word' id='word_1_607' title='bbox 2509 2242 2816 2309; x_wconf 88' lang='grc' dir='ltr'>ἀπόγνωσιν</span> <span class='ocrx_word' id='word_1_608' title='bbox 2837 2242 3232 2312; x_wconf 87' lang='grc' dir='ltr'>ἐμϐαλλόντων,</span> <span class='ocrx_word' id='word_1_609' title='bbox 3259 2243 3394 2297; x_wconf 89' lang='grc' dir='ltr'>ἀλλά</span> <span class='ocrx_word' id='word_1_610' title='bbox 3411 2248 3478 2315; x_wconf 83' lang='grc' dir='ltr'>τῇ</span> <span class='ocrx_word' id='word_1_611' title='bbox 3497 2244 3591 2299; x_wconf 89' lang='grc' dir='ltr'>δυ-</span> 
     </span>
    </p>
   </div>
   <div class='ocr_carea' id='block_1_78' title="bbox 2014 2333 3590 2416">
    <p class='ocr_par' dir='ltr' id='par_1_78' title="bbox 2014 2333 3590 2416">
     <span class='ocr_line' id='line_1_78' title="bbox 2014 2333 3590 2416; baseline 0.007 -32"><span class='ocrx_word' id='word_1_612' title='bbox 2014 2333 2183 2402; x_wconf 78' lang='grc' dir='ltr'>νάμει</span> <span class='ocrx_word' id='word_1_613' title='bbox 2196 2333 2289 2387; x_wconf 88' lang='grc' dir='ltr'>τοῦ</span> <span class='ocrx_word' id='word_1_614' title='bbox 2309 2334 2442 2388; x_wconf 86' lang='grc' dir='ltr'>Θεοῦ</span> <span class='ocrx_word' id='word_1_615' title='bbox 2461 2338 2527 2407; x_wconf 79' lang='grc' dir='ltr'>τῇ</span> <span class='ocrx_word' id='word_1_616' title='bbox 2549 2336 2616 2390; x_wconf 92' lang='grc' dir='ltr'>τά</span> <span class='ocrx_word' id='word_1_617' title='bbox 2635 2337 3031 2408; x_wconf 85' lang='grc' dir='ltr'>ἀπεγνωσμένα</span> <span class='ocrx_word' id='word_1_618' title='bbox 3050 2341 3130 2402; x_wconf 87' lang='grc' dir='ltr'>είς</span> <span class='ocrx_word' id='word_1_619' title='bbox 3148 2338 3365 2403; x_wconf 89' lang='grc' dir='ltr'>ἐλπίδας</span> <span class='ocrx_word' id='word_1_620' title='bbox 3381 2339 3590 2416; x_wconf 81' lang='grc' dir='ltr'>ἀγούσῃ</span> 
     </span>
    </p>
   </div>
   <div class='ocr_carea' id='block_1_79' title="bbox 2015 2429 3588 2504">
    <p class='ocr_par' dir='ltr' id='par_1_79' title="bbox 2015 2429 3588 2504">
     <span class='ocr_line' id='line_1_79' title="bbox 2015 2429 3588 2504; baseline 0.003 -22"><span class='ocrx_word' id='word_1_621' title='bbox 2015 2429 2275 2497; x_wconf 83' lang='grc' dir='ltr'>χρηστάς.</span> <span class='ocrx_word' id='word_1_622' title='bbox 2297 2429 2468 2483; x_wconf 88' lang='grc' dir='ltr'>Τοῦτο</span> <span class='ocrx_word' id='word_1_623' title='bbox 2485 2431 2549 2502; x_wconf 83' lang='grc' dir='ltr'>δὴ</span> <span class='ocrx_word' id='word_1_624' title='bbox 2570 2430 3009 2504; x_wconf 74' lang='grc' dir='ltr'>καὶόΨαλμῳδὸς</span> <span class='ocrx_word' id='word_1_625' title='bbox 3027 2434 3258 2498; x_wconf 81' lang='grc' dir='ltr'>δεικνὺς,</span> <span class='ocrx_word' id='word_1_626' title='bbox 3282 2434 3377 2488; x_wconf 56' lang='grc' dir='ltr'>καὶ⁹</span> <span class='ocrx_word' id='word_1_627' title='bbox 3416 2436 3477 2488; x_wconf 87' lang='grc' dir='ltr'>τὸ</span> <span class='ocrx_word' id='word_1_628' title='bbox 3495 2434 3588 2488; x_wconf 81' lang='grc' dir='ltr'>εῦ-</span> 
     </span>
    </p>
   </div>
   <div class='ocr_carea' id='block_1_80' title="bbox 2016 2525 3588 2600">
    <p class='ocr_par' dir='ltr' id='par_1_80' title="bbox 2016 2525 3588 2600">
     <span class='ocr_line' id='line_1_80' title="bbox 2016 2525 3588 2600; baseline 0.006 -25"><span class='ocrx_word' id='word_1_629' title='bbox 2016 2539 2182 2594; x_wconf 88' lang='grc' dir='ltr'>πορον</span> <span class='ocrx_word' id='word_1_630' title='bbox 2214 2525 2314 2596; x_wconf 81' lang='grc' dir='ltr'>τῆς</span> <span class='ocrx_word' id='word_1_631' title='bbox 2345 2525 2436 2578; x_wconf 91' lang='grc' dir='ltr'>τοῦ</span> <span class='ocrx_word' id='word_1_632' title='bbox 2458 2526 2591 2579; x_wconf 83' lang='grc' dir='ltr'>Θεοῦ</span> <span class='ocrx_word' id='word_1_633' title='bbox 2621 2527 2902 2599; x_wconf 87' lang='grc' dir='ltr'>δυνάμεως</span> <span class='ocrx_word' id='word_1_634' title='bbox 2925 2529 3272 2600; x_wconf 84' lang='grc' dir='ltr'>παραστῆσαι</span> <span class='ocrx_word' id='word_1_635' title='bbox 3294 2530 3480 2595; x_wconf 84' lang='grc' dir='ltr'>θέλων,</span> <span class='ocrx_word' id='word_1_636' title='bbox 3503 2533 3588 2585; x_wconf 83' lang='grc' dir='ltr'>ὅτι</span> 
     </span>
    </p>
   </div>
   <div class='ocr_carea' id='block_1_81' title="bbox 2016 2622 3588 2696">
    <p class='ocr_par' dir='ltr' id='par_1_81' title="bbox 2016 2622 3588 2696">
     <span class='ocr_line' id='line_1_81' title="bbox 2016 2622 3588 2696; baseline 0.004 -22"><span class='ocrx_word' id='word_1_637' title='bbox 2016 2622 2109 2674; x_wconf 65' lang='grc' dir='ltr'>καὶ⁵</span> <span class='ocrx_word' id='word_1_638' title='bbox 2146 2623 2226 2686; x_wconf 85' lang='grc' dir='ltr'>εἰς</span> <span class='ocrx_word' id='word_1_639' title='bbox 2263 2623 2402 2676; x_wconf 86' lang='grc' dir='ltr'>αύτά</span> <span class='ocrx_word' id='word_1_640' title='bbox 2421 2624 2488 2676; x_wconf 79' lang='grc' dir='ltr'>τὰ</span> <span class='ocrx_word' id='word_1_641' title='bbox 2505 2624 2651 2678; x_wconf 88' lang='grc' dir='ltr'>δεινά</span> <span class='ocrx_word' id='word_1_642' title='bbox 2672 2627 3026 2696; x_wconf 85' lang='grc' dir='ltr'>ἐμπεσόντας,</span> <span class='ocrx_word' id='word_1_643' title='bbox 3049 2629 3142 2680; x_wconf 77' lang='grc' dir='ltr'>καὶ</span> <span class='ocrx_word' id='word_1_644' title='bbox 3182 2629 3588 2692; x_wconf 85' lang='grc' dir='ltr'>καταποθέντας</span> 
     </span>
    </p>
   </div>
   <div class='ocr_carea' id='block_1_82' title="bbox 2015 2717 3586 2792">
    <p class='ocr_par' dir='ltr' id='par_1_82' title="bbox 2015 2717 3586 2792">
     <span class='ocr_line' id='line_1_82' title="bbox 2015 2717 3586 2792; baseline 0.004 -24"><span class='ocrx_word' id='word_1_645' title='bbox 2015 2717 2386 2787; x_wconf 85' lang='grc' dir='ltr'>ἀνιμήσασθαι</span> <span class='ocrx_word' id='word_1_646' title='bbox 2404 2717 2644 2782; x_wconf 88' lang='grc' dir='ltr'>δύναται,</span> <span class='ocrx_word' id='word_1_647' title='bbox 2667 2721 2767 2772; x_wconf 86' lang='grc' dir='ltr'>οὐκ</span> <span class='ocrx_word' id='word_1_648' title='bbox 2800 2723 2864 2774; x_wconf 88' lang='grc' dir='ltr'>ἐκ</span> <span class='ocrx_word' id='word_1_649' title='bbox 2897 2722 3193 2792; x_wconf 84' lang='grc' dir='ltr'>προοιμίων</span> <span class='ocrx_word' id='word_1_650' title='bbox 3215 2723 3398 2792; x_wconf 90' lang='grc' dir='ltr'>μόνον,</span> <span class='ocrx_word' id='word_1_651' title='bbox 3419 2722 3586 2775; x_wconf 80' lang='grc' dir='ltr'>ἀκου-</span> 
     </span>
    </p>
   </div>
   <div class='ocr_carea' id='block_1_83' title="bbox 2017 2811 3588 2885">
    <p class='ocr_par' dir='ltr' id='par_1_83' title="bbox 2017 2811 3588 2885">
     <span class='ocr_line' id='line_1_83' title="bbox 2017 2811 3588 2885; baseline 0.004 -23"><span class='ocrx_word' id='word_1_652' title='bbox 2017 2827 2108 2863; x_wconf 91' lang='grc' dir='ltr'>σον</span> <span class='ocrx_word' id='word_1_653' title='bbox 2141 2812 2194 2864; x_wconf 90' lang='grc' dir='ltr'>τί</span> <span class='ocrx_word' id='word_1_654' title='bbox 2227 2813 2470 2882; x_wconf 88' lang='grc' dir='ltr'>ἐπήγαγε</span> <span class='ocrx_word' id='word_1_655' title='bbox 2493 2831 2506 2844; x_wconf 86' lang='grc'><strong>·</strong></span> <span class='ocrx_word' id='word_1_656' title='bbox 2529 2812 2730 2866; x_wconf 83' lang='grc' dir='ltr'>Πάντα</span> <span class='ocrx_word' id='word_1_657' title='bbox 2749 2815 2818 2867; x_wconf 82' lang='grc' dir='ltr'>τὰ</span> <span class='ocrx_word' id='word_1_658' title='bbox 2838 2814 2980 2881; x_wconf 78' lang='grc' dir='ltr'>ἔθνη</span> <span class='ocrx_word' id='word_1_659' title='bbox 3003 2815 3359 2868; x_wconf 74' lang='grc' dir='ltr'>ἐκύκλωσὰν</span> <span class='ocrx_word' id='word_1_660' title='bbox 3373 2833 3469 2885; x_wconf 76' lang='grc' dir='ltr'>με.</span> <span class='ocrx_word' id='word_1_661' title='bbox 3493 2811 3588 2868; x_wconf 80' lang='grc' dir='ltr'>Εἷ-</span> 
     </span>
    </p>
   </div>
   <div class='ocr_carea' id='block_1_84' title="bbox 2013 2906 3584 2982">
    <p class='ocr_par' dir='ltr' id='par_1_84' title="bbox 2013 2906 3584 2982">
     <span class='ocr_line' id='line_1_84' title="bbox 2013 2906 3584 2982; baseline 0.002 -23"><span class='ocrx_word' id='word_1_662' title='bbox 2013 2906 2098 2969; x_wconf 83' lang='grc' dir='ltr'>δες</span> <span class='ocrx_word' id='word_1_663' title='bbox 2134 2906 2399 2976; x_wconf 84' lang='grc' dir='ltr'>ἀφευκτον</span> <span class='ocrx_word' id='word_1_664' title='bbox 2441 2907 2716 2974; x_wconf 86' lang='grc' dir='ltr'>κίνδυνον;</span> <span class='ocrx_word' id='word_1_665' title='bbox 2754 2910 2828 2963; x_wconf 85' lang='grc' dir='ltr'>Οὑ</span> <span class='ocrx_word' id='word_1_666' title='bbox 2866 2909 2973 2980; x_wconf 87' lang='grc' dir='ltr'>γὰρ</span> <span class='ocrx_word' id='word_1_667' title='bbox 2993 2911 3057 2963; x_wconf 88' lang='grc' dir='ltr'>ἐκ</span> <span class='ocrx_word' id='word_1_668' title='bbox 3077 2911 3433 2979; x_wconf 81' lang='grc' dir='ltr'>παρατάξεως</span> <span class='ocrx_word' id='word_1_669' title='bbox 3464 2907 3584 2982; x_wconf 82' lang='grc' dir='ltr'>ἧνή</span> 
     </span>
    </p>
   </div>
   <div class='ocr_carea' id='block_1_85' title="bbox 2017 3002 3584 3076">
    <p class='ocr_par' dir='ltr' id='par_1_85' title="bbox 2017 3002 3584 3076">
     <span class='ocr_line' id='line_1_85' title="bbox 2017 3002 3584 3076; baseline 0.001 -20"><span class='ocrx_word' id='word_1_670' title='bbox 2017 3003 2186 3073; x_wconf 84' lang='grc' dir='ltr'>μάχη,</span> <span class='ocrx_word' id='word_1_671' title='bbox 2206 3003 2324 3056; x_wconf 86' lang='grc' dir='ltr'>ούδέ</span> <span class='ocrx_word' id='word_1_672' title='bbox 2344 3003 2403 3067; x_wconf 83' lang='grc' dir='ltr'>ἐξ</span> <span class='ocrx_word' id='word_1_673' title='bbox 2423 3002 2635 3066; x_wconf 84' lang='grc' dir='ltr'>εὐθείας</span> <span class='ocrx_word' id='word_1_674' title='bbox 2665 3002 2930 3065; x_wconf 82' lang='grc' dir='ltr'>ἑστώτων,</span> <span class='ocrx_word' id='word_1_675' title='bbox 2951 3005 3066 3058; x_wconf 80' lang='grc' dir='ltr'>ἀλλ’</span> <span class='ocrx_word' id='word_1_676' title='bbox 3085 3006 3230 3059; x_wconf 86' lang='grc' dir='ltr'>ἐνδον</span> <span class='ocrx_word' id='word_1_677' title='bbox 3261 3005 3584 3076; x_wconf 86' lang='grc' dir='ltr'>ἀπείληπτο,</span> 
     </span>
    </p>
   </div>
   <div class='ocr_carea' id='block_1_86' title="bbox 2015 3098 3587 3172">
    <p class='ocr_par' dir='ltr' id='par_1_86' title="bbox 2015 3098 3587 3172">
     <span class='ocr_line' id='line_1_86' title="bbox 2015 3098 3587 3172; baseline 0.002 -21"><span class='ocrx_word' id='word_1_678' title='bbox 2015 3100 2106 3151; x_wconf 79' lang='grc' dir='ltr'>καὶ</span> <span class='ocrx_word' id='word_1_679' title='bbox 2122 3099 2196 3162; x_wconf 83' lang='grc' dir='ltr'>ὡς</span> <span class='ocrx_word' id='word_1_680' title='bbox 2217 3101 2423 3170; x_wconf 82' lang='grc' dir='ltr'>σαγήνῃ</span> <span class='ocrx_word' id='word_1_681' title='bbox 2453 3099 2557 3151; x_wconf 77' lang='grc' dir='ltr'>τινὶ</span> <span class='ocrx_word' id='word_1_682' title='bbox 2593 3098 2996 3171; x_wconf 79' lang='grc' dir='ltr'>περιεϐέϐλητο,</span> <span class='ocrx_word' id='word_1_683' title='bbox 3019 3102 3112 3155; x_wconf 76' lang='grc' dir='ltr'>καὶ</span> <span class='ocrx_word' id='word_1_684' title='bbox 3144 3101 3332 3172; x_wconf 86' lang='grc' dir='ltr'>ὥσπερ</span> <span class='ocrx_word' id='word_1_685' title='bbox 3370 3103 3474 3156; x_wconf 87' lang='grc' dir='ltr'>ὑπὸ</span> <span class='ocrx_word' id='word_1_686' title='bbox 3509 3103 3587 3155; x_wconf 88' lang='grc' dir='ltr'>δι-</span> 
     </span>
    </p>
   </div>
   <div class='ocr_carea' id='block_1_87' title="bbox 2015 3193 3585 3268">
    <p class='ocr_par' dir='ltr' id='par_1_87' title="bbox 2015 3193 3585 3268">
     <span class='ocr_line' id='line_1_87' title="bbox 2015 3193 3585 3268; baseline 0.004 -22"><span class='ocrx_word' id='word_1_687' title='bbox 2015 3193 2190 3247; x_wconf 87' lang='grc' dir='ltr'>κτύων</span> <span class='ocrx_word' id='word_1_688' title='bbox 2213 3195 2502 3265; x_wconf 88' lang='grc' dir='ltr'>συνείχετο,</span> <span class='ocrx_word' id='word_1_689' title='bbox 2524 3195 2621 3265; x_wconf 86' lang='grc' dir='ltr'>οὑχ</span> <span class='ocrx_word' id='word_1_690' title='bbox 2641 3196 2728 3264; x_wconf 86' lang='grc' dir='ltr'>ὑφ’</span> <span class='ocrx_word' id='word_1_691' title='bbox 2745 3196 2883 3260; x_wconf 79' lang='grc' dir='ltr'>ἐνὸς,</span> <span class='ocrx_word' id='word_1_692' title='bbox 2904 3196 3128 3262; x_wconf 76' lang='grc' dir='ltr'>καὶδύο,</span> <span class='ocrx_word' id='word_1_693' title='bbox 3147 3198 3241 3252; x_wconf 74' lang='grc' dir='ltr'>καὶ</span> <span class='ocrx_word' id='word_1_694' title='bbox 3257 3199 3446 3268; x_wconf 87' lang='grc' dir='ltr'>τριῶν,</span> <span class='ocrx_word' id='word_1_695' title='bbox 3469 3199 3585 3253; x_wconf 78' lang='grc' dir='ltr'>ἀλλ’</span> 
     </span>
    </p>
   </div>
   <div class='ocr_carea' id='block_1_88' title="bbox 2014 3289 3586 3367">
    <p class='ocr_par' dir='ltr' id='par_1_88' title="bbox 2014 3289 3586 3367">
     <span class='ocr_line' id='line_1_88' title="bbox 2014 3289 3586 3367; baseline 0.004 -25"><span class='ocrx_word' id='word_1_696' title='bbox 2014 3289 2118 3343; x_wconf 84' lang='grc' dir='ltr'>ὑπὸ</span> <span class='ocrx_word' id='word_1_697' title='bbox 2137 3291 2244 3343; x_wconf 87' lang='grc' dir='ltr'>τῶν</span> <span class='ocrx_word' id='word_1_698' title='bbox 2265 3292 2432 3345; x_wconf 83' lang='grc' dir='ltr'>ἐθνῶν</span> <span class='ocrx_word' id='word_1_699' title='bbox 2453 3293 2706 3346; x_wconf 84' lang='grc' dir='ltr'>ἁπάντων</span> <span class='ocrx_word' id='word_1_700' title='bbox 2727 3310 2740 3322; x_wconf 72' lang='grc' dir='ltr'>ο</span> <span class='ocrx_word' id='word_1_701' title='bbox 2763 3293 2876 3347; x_wconf 79' lang='grc' dir='ltr'>ἀλλ’</span> <span class='ocrx_word' id='word_1_702' title='bbox 2897 3294 3044 3364; x_wconf 85' lang='grc' dir='ltr'>ὅμως</span> <span class='ocrx_word' id='word_1_703' title='bbox 3067 3295 3242 3348; x_wconf 91' lang='grc' dir='ltr'>πάντα</span> <span class='ocrx_word' id='word_1_704' title='bbox 3263 3294 3586 3367; x_wconf 76' lang='grc' dir='ltr'>διερρήγνυ-</span> 
     </span>
    </p>
   </div>
   <div class='ocr_carea' id='block_1_89' title="bbox 2013 3385 3588 3460">
    <p class='ocr_par' dir='ltr' id='par_1_89' title="bbox 2013 3385 3588 3460">
     <span class='ocr_line' id='line_1_89' title="bbox 2013 3385 3588 3460; baseline 0.005 -22"><span class='ocrx_word' id='word_1_705' title='bbox 2013 3403 2074 3440; x_wconf 90' lang='grc' dir='ltr'>το</span> <span class='ocrx_word' id='word_1_706' title='bbox 2093 3385 2159 3440; x_wconf 87' lang='grc' dir='ltr'>τά</span> <span class='ocrx_word' id='word_1_707' title='bbox 2178 3387 2350 3458; x_wconf 86' lang='grc' dir='ltr'>δεσμά</span> <span class='ocrx_word' id='word_1_708' title='bbox 2368 3387 2540 3440; x_wconf 89' lang='grc' dir='ltr'>ταῦτα</span> <span class='ocrx_word' id='word_1_709' title='bbox 2558 3390 2623 3458; x_wconf 84' lang='grc' dir='ltr'>τῇ</span> <span class='ocrx_word' id='word_1_710' title='bbox 2645 3391 2724 3452; x_wconf 85' lang='grc' dir='ltr'>είς</span> <span class='ocrx_word' id='word_1_711' title='bbox 2743 3390 2874 3442; x_wconf 80' lang='grc' dir='ltr'>Θεὸν</span> <span class='ocrx_word' id='word_1_712' title='bbox 2894 3389 3086 3444; x_wconf 87' lang='grc' dir='ltr'>ἐλπίδι.</span> <span class='ocrx_word' id='word_1_713' title='bbox 3111 3390 3219 3444; x_wconf 84' lang='grc' dir='ltr'>Καί</span> <span class='ocrx_word' id='word_1_714' title='bbox 3239 3389 3320 3456; x_wconf 82' lang='grc' dir='ltr'>τῷ</span> <span class='ocrx_word' id='word_1_715' title='bbox 3343 3392 3588 3460; x_wconf 83' lang='grc' dir='ltr'>ὀνόματι</span> 
     </span>
    </p>
   </div>
   <div class='ocr_carea' id='block_1_90' title="bbox 2015 3482 3586 3552">
    <p class='ocr_par' dir='ltr' id='par_1_90' title="bbox 2015 3482 3586 3552">
     <span class='ocr_line' id='line_1_90' title="bbox 2015 3482 3586 3552; baseline 0.003 -15"><span class='ocrx_word' id='word_1_716' title='bbox 2015 3483 2234 3549; x_wconf 80' lang='grc' dir='ltr'>Κυρίου</span> <span class='ocrx_word' id='word_1_717' title='bbox 2253 3482 2575 3552; x_wconf 75' lang='grc' dir='ltr'>ἠμυνάμην</span> <span class='ocrx_word' id='word_1_718' title='bbox 2606 3485 2844 3550; x_wconf 85' lang='grc' dir='ltr'>αὐτούς.</span> <span class='ocrx_word' id='word_1_719' title='bbox 2864 3484 3303 3551; x_wconf 74' lang='grc' dir='ltr'>Κυκλώσαντες</span> <span class='ocrx_word' id='word_1_720' title='bbox 3321 3487 3586 3541; x_wconf 72' lang='grc' dir='ltr'>ἐκύκλω-</span> 
     </span>
    </p>
   </div>
   <div class='ocr_carea' id='block_1_91' title="bbox 2015 3577 3583 3651">
    <p class='ocr_par' dir='ltr' id='par_1_91' title="bbox 2015 3577 3583 3651">
     <span class='ocr_line' id='line_1_91' title="bbox 2015 3577 3583 3651; baseline 0.004 -21"><span class='ocrx_word' id='word_1_721' title='bbox 2015 3577 2136 3630; x_wconf 84' lang='grc' dir='ltr'>σάν</span> <span class='ocrx_word' id='word_1_722' title='bbox 2149 3595 2244 3646; x_wconf 82' lang='grc' dir='ltr'>με,</span> <span class='ocrx_word' id='word_1_723' title='bbox 2271 3577 2369 3631; x_wconf 76' lang='grc' dir='ltr'>καὶ</span> <span class='ocrx_word' id='word_1_724' title='bbox 2394 3577 2473 3644; x_wconf 85' lang='grc' dir='ltr'>τῷ</span> <span class='ocrx_word' id='word_1_725' title='bbox 2497 3580 2737 3648; x_wconf 84' lang='grc' dir='ltr'>ὀνόματι</span> <span class='ocrx_word' id='word_1_726' title='bbox 2766 3581 2986 3648; x_wconf 85' lang='grc' dir='ltr'>Κυρίου</span> <span class='ocrx_word' id='word_1_727' title='bbox 3004 3581 3325 3651; x_wconf 77' lang='grc' dir='ltr'>ἠμυνάμην</span> <span class='ocrx_word' id='word_1_728' title='bbox 3345 3583 3583 3648; x_wconf 86' lang='grc' dir='ltr'>αὐτούς,</span> 
     </span>
    </p>
   </div>
   <div class='ocr_carea' id='block_1_92' title="bbox 2028 3672 3591 3744">
    <p class='ocr_par' dir='ltr' id='par_1_92' title="bbox 2028 3672 3591 3744">
     <span class='ocr_line' id='line_1_92' title="bbox 2028 3672 3591 3744; baseline 0.004 -19"><span class='ocrx_word' id='word_1_729' title='bbox 2028 3672 2410 3726; x_wconf 76' lang='grc' dir='ltr'>Ἐκύκλωσὰν</span> <span class='ocrx_word' id='word_1_730' title='bbox 2424 3691 2499 3744; x_wconf 81' lang='grc' dir='ltr'>με</span> <span class='ocrx_word' id='word_1_731' title='bbox 2517 3675 2657 3728; x_wconf 82' lang='grc' dir='ltr'>ὡσεί</span> <span class='ocrx_word' id='word_1_732' title='bbox 2674 3675 2965 3744; x_wconf 72' lang='grc' dir='ltr'>μέλισσαι</span> <span class='ocrx_word' id='word_1_733' title='bbox 2989 3678 3216 3744; x_wconf 80' lang='grc' dir='ltr'>κηρίον,</span> <span class='ocrx_word' id='word_1_734' title='bbox 3232 3676 3329 3730; x_wconf 76' lang='grc' dir='ltr'>καί</span> <span class='ocrx_word' id='word_1_735' title='bbox 3349 3678 3591 3741; x_wconf 81' lang='grc' dir='ltr'>ἐξεκαύ-</span> 
     </span>
    </p>
   </div>
   <div class='ocr_carea' id='block_1_93' title="bbox 2015 3771 3588 3844">
    <p class='ocr_par' dir='ltr' id='par_1_93' title="bbox 2015 3771 3588 3844">
     <span class='ocr_line' id='line_1_93' title="bbox 2015 3771 3588 3844; baseline 0.003 -20"><span class='ocrx_word' id='word_1_736' title='bbox 2015 3773 2213 3836; x_wconf 83' lang='grc' dir='ltr'>θησαν</span> <span class='ocrx_word' id='word_1_737' title='bbox 2232 3771 2312 3836; x_wconf 84' lang='grc' dir='ltr'>ὠς</span> <span class='ocrx_word' id='word_1_738' title='bbox 2332 3771 2449 3838; x_wconf 78' lang='grc' dir='ltr'>πῦρ</span> <span class='ocrx_word' id='word_1_739' title='bbox 2470 3771 2539 3823; x_wconf 85' lang='grc' dir='ltr'>ἐν</span> <span class='ocrx_word' id='word_1_740' title='bbox 2559 3772 2836 3838; x_wconf 77' lang='grc' dir='ltr'>ἀκάνθαις</span> <span class='ocrx_word' id='word_1_741' title='bbox 2851 3813 2866 3838; x_wconf 93' lang='grc'>,</span> <span class='ocrx_word' id='word_1_742' title='bbox 2891 3772 2985 3826; x_wconf 80' lang='grc' dir='ltr'>καὶ</span> <span class='ocrx_word' id='word_1_743' title='bbox 3009 3772 3086 3838; x_wconf 84' lang='grc' dir='ltr'>τῷ</span> <span class='ocrx_word' id='word_1_744' title='bbox 3107 3775 3347 3844; x_wconf 83' lang='grc' dir='ltr'>ὀνόματι</span> <span class='ocrx_word' id='word_1_745' title='bbox 3365 3775 3588 3844; x_wconf 82' lang='grc' dir='ltr'>Κυρίου</span> 
     </span>
    </p>
   </div>
   <div class='ocr_carea' id='block_1_94' title="bbox 2013 3859 3588 3937">
    <p class='ocr_par' dir='ltr' id='par_1_94' title="bbox 2013 3859 3588 3937">
     <span class='ocr_line' id='line_1_94' title="bbox 2013 3859 3588 3937; baseline 0.003 -19"><span class='ocrx_word' id='word_1_746' title='bbox 2013 3859 2589 3937; x_wconf 76' lang='grc' dir='ltr'>ἠμυνάμηναὺτούς.</span> <span class='ocrx_word' id='word_1_747' title='bbox 2617 3863 2764 3931; x_wconf 83' lang='grc' dir='ltr'>Εἶδες</span> <span class='ocrx_word' id='word_1_748' title='bbox 2786 3867 2901 3931; x_wconf 87' lang='grc' dir='ltr'>πῶς</span> <span class='ocrx_word' id='word_1_749' title='bbox 2939 3867 3224 3937; x_wconf 58' lang='grc' dir='ltr'>διαγράφει</span> <span class='ocrx_word' id='word_1_750' title='bbox 3259 3869 3364 3922; x_wconf 89' lang='grc' dir='ltr'>τῶν</span> <span class='ocrx_word' id='word_1_751' title='bbox 3397 3868 3588 3922; x_wconf 86' lang='grc' dir='ltr'>δεινῶν</span> 
     </span>
    </p>
   </div>
   <div class='ocr_carea' id='block_1_95' title="bbox 2015 3957 3586 4032">
    <p class='ocr_par' dir='ltr' id='par_1_95' title="bbox 2015 3957 3586 4032">
     <span class='ocr_line' id='line_1_95' title="bbox 2015 3957 3586 4032; baseline 0.003 -18"><span class='ocrx_word' id='word_1_752' title='bbox 2015 3961 2076 4014; x_wconf 85' lang='lat'>16</span> <span class='ocrx_word' id='word_1_753' title='bbox 2099 3961 2325 4031; x_wconf 81' lang='grc' dir='ltr'>μέγεθος</span> <span class='ocrx_word' id='word_1_754' title='bbox 2345 3979 2360 4028; x_wconf 87' lang='grc'><strong>;</strong></span> <span class='ocrx_word' id='word_1_755' title='bbox 2395 3963 2467 4013; x_wconf 80' lang='grc' dir='ltr'>Οὐ</span> <span class='ocrx_word' id='word_1_756' title='bbox 2502 3965 2608 4032; x_wconf 79' lang='grc' dir='ltr'>γὰρ</span> <span class='ocrx_word' id='word_1_757' title='bbox 2629 3961 2812 4024; x_wconf 85' lang='grc' dir='ltr'>ἁπλῶς</span> <span class='ocrx_word' id='word_1_758' title='bbox 2833 3957 3004 4024; x_wconf 81' lang='grc' dir='ltr'>εἶπεν,</span> <span class='ocrx_word' id='word_1_759' title='bbox 3024 3963 3425 4028; x_wconf 71' lang='grc' dir='ltr'>Ἐκύκλωσαν,</span> <span class='ocrx_word' id='word_1_760' title='bbox 3447 3965 3586 4031; x_wconf 82' lang='grc' dir='ltr'>ἀλλ’,</span> 
     </span>
    </p>
   </div>
   <div class='ocr_carea' id='block_1_96' title="bbox 2027 4055 3589 4133">
    <p class='ocr_par' dir='ltr' id='par_1_96' title="bbox 2027 4055 3589 4133">
     <span class='ocr_line' id='line_1_96' title="bbox 2027 4055 3589 4133; baseline 0.003 -24"><span class='ocrx_word' id='word_1_761' title='bbox 2027 4055 2182 4110; x_wconf 80' lang='grc' dir='ltr'>Ὠσεὶ</span> <span class='ocrx_word' id='word_1_762' title='bbox 2212 4057 2524 4126; x_wconf 77' lang='grc' dir='ltr'>μέλισσαι,</span> <span class='ocrx_word' id='word_1_763' title='bbox 2547 4056 2646 4109; x_wconf 80' lang='grc' dir='ltr'>καί</span> <span class='ocrx_word' id='word_1_764' title='bbox 2681 4057 2761 4121; x_wconf 87' lang='grc' dir='ltr'>ὡς</span> <span class='ocrx_word' id='word_1_765' title='bbox 2796 4057 2916 4124; x_wconf 86' lang='grc' dir='ltr'>πῦρ</span> <span class='ocrx_word' id='word_1_766' title='bbox 2938 4057 3008 4110; x_wconf 80' lang='grc' dir='ltr'>ἐν</span> <span class='ocrx_word' id='word_1_767' title='bbox 3029 4058 3319 4124; x_wconf 75' lang='grc' dir='ltr'>ἀκάνθαις</span> <span class='ocrx_word' id='word_1_768' title='bbox 3337 4077 3351 4090; x_wconf 75' lang='grc' dir='ltr'><strong>ο</strong></span> <span class='ocrx_word' id='word_1_769' title='bbox 3379 4061 3468 4114; x_wconf 87' lang='grc' dir='ltr'>διά</span> <span class='ocrx_word' id='word_1_770' title='bbox 3488 4062 3589 4133; x_wconf 77' lang='grc' dir='ltr'>μὲν</span> 
     </span>
    </p>
   </div>
   <div class='ocr_carea' id='block_1_97' title="bbox 2014 4151 3588 4225">
    <p class='ocr_par' dir='ltr' id='par_1_97' title="bbox 2014 4151 3588 4225">
     <span class='ocr_line' id='line_1_97' title="bbox 2014 4151 3588 4225; baseline 0.003 -18"><span class='ocrx_word' id='word_1_771' title='bbox 2014 4153 2124 4207; x_wconf 92' lang='grc' dir='ltr'>τῶν</span> <span class='ocrx_word' id='word_1_772' title='bbox 2159 4153 2426 4224; x_wconf 87' lang='grc' dir='ltr'>μελισσῶν</span> <span class='ocrx_word' id='word_1_773' title='bbox 2456 4152 2516 4205; x_wconf 87' lang='lat'>16</span> <span class='ocrx_word' id='word_1_774' title='bbox 2549 4151 2776 4222; x_wconf 80' lang='grc' dir='ltr'>σφοδρὸν</span> <span class='ocrx_word' id='word_1_775' title='bbox 2807 4153 2907 4222; x_wconf 81' lang='grc' dir='ltr'>τῆς</span> <span class='ocrx_word' id='word_1_776' title='bbox 2945 4154 3272 4225; x_wconf 87' lang='grc' dir='ltr'>προθυμίας,</span> <span class='ocrx_word' id='word_1_777' title='bbox 3291 4156 3378 4208; x_wconf 86' lang='grc' dir='ltr'>διὰ</span> <span class='ocrx_word' id='word_1_778' title='bbox 3403 4158 3460 4210; x_wconf 85' lang='grc' dir='ltr'>δὲ</span> <span class='ocrx_word' id='word_1_779' title='bbox 3480 4157 3588 4212; x_wconf 88' lang='grc' dir='ltr'>τῶν</span> 
     </span>
    </p>
   </div>
   <div class='ocr_carea' id='block_1_98' title="bbox 2017 4247 3589 4326">
    <p class='ocr_par' dir='ltr' id='par_1_98' title="bbox 2017 4247 3589 4326">
     <span class='ocr_line' id='line_1_98' title="bbox 2017 4247 3589 4326; baseline 0 -23"><span class='ocrx_word' id='word_1_780' title='bbox 2017 4249 2264 4304; x_wconf 90' lang='grc' dir='ltr'>ἀκανθῶν</span> <span class='ocrx_word' id='word_1_781' title='bbox 2284 4248 2344 4302; x_wconf 90' lang='lat'>16</span> <span class='ocrx_word' id='word_1_782' title='bbox 2362 4248 2629 4319; x_wconf 78' lang='grc' dir='ltr'>ἀφόρητον</span> <span class='ocrx_word' id='word_1_783' title='bbox 2648 4247 2742 4302; x_wconf 88' lang='grc' dir='ltr'>τοῦ</span> <span class='ocrx_word' id='word_1_784' title='bbox 2765 4247 2959 4320; x_wconf 88' lang='grc' dir='ltr'>θυμοῦ,</span> <span class='ocrx_word' id='word_1_785' title='bbox 2983 4250 3078 4302; x_wconf 70' lang='grc' dir='ltr'>καὶ</span> <span class='ocrx_word' id='word_1_786' title='bbox 3113 4250 3176 4304; x_wconf 87' lang='lat'>16</span> <span class='ocrx_word' id='word_1_787' title='bbox 3206 4251 3469 4306; x_wconf 80' lang='grc' dir='ltr'>ἄσϐεστον</span> <span class='ocrx_word' id='word_1_788' title='bbox 3489 4254 3589 4326; x_wconf 83' lang='grc' dir='ltr'>τῆς</span> 
     </span>
    </p>
   </div>
   <div class='ocr_carea' id='block_1_99' title="bbox 2018 4345 3587 4420">
    <p class='ocr_par' dir='ltr' id='par_1_99' title="bbox 2018 4345 3587 4420">
     <span class='ocr_line' id='line_1_99' title="bbox 2018 4345 3587 4420; baseline 0.001 -21"><span class='ocrx_word' id='word_1_789' title='bbox 2018 4347 2184 4416; x_wconf 84' lang='grc' dir='ltr'>ὀργῆς</span> <span class='ocrx_word' id='word_1_790' title='bbox 2204 4347 2585 4416; x_wconf 77' lang='grc' dir='ltr'>αἰνιττόμενος.</span> <span class='ocrx_word' id='word_1_791' title='bbox 2610 4345 2704 4410; x_wconf 87' lang='grc' dir='ltr'>Τίς</span> <span class='ocrx_word' id='word_1_792' title='bbox 2723 4345 2830 4417; x_wconf 90' lang='grc' dir='ltr'>γάρ</span> <span class='ocrx_word' id='word_1_793' title='bbox 2852 4345 3032 4415; x_wconf 82' lang='grc' dir='ltr'>ὑφέξει</span> <span class='ocrx_word' id='word_1_794' title='bbox 3054 4346 3164 4418; x_wconf 89' lang='grc' dir='ltr'>πῦρ</span> <span class='ocrx_word' id='word_1_795' title='bbox 3193 4347 3452 4411; x_wconf 88' lang='grc' dir='ltr'>ἀκάνθαις</span> <span class='ocrx_word' id='word_1_796' title='bbox 3485 4351 3587 4420; x_wconf 80' lang='grc' dir='ltr'>ἐμ-</span> 
     </span>
    </p>
   </div>
   <div class='ocr_carea' id='block_1_100' title="bbox 2019 4441 3589 4515">
    <p class='ocr_par' dir='ltr' id='par_1_100' title="bbox 2019 4441 3589 4515">
     <span class='ocr_line' id='line_1_100' title="bbox 2019 4441 3589 4515; baseline 0.002 -20"><span class='ocrx_word' id='word_1_797' title='bbox 2019 4442 2213 4508; x_wconf 86' lang='grc' dir='ltr'>πεσόν;</span> <span class='ocrx_word' id='word_1_798' title='bbox 2245 4441 2384 4495; x_wconf 80' lang='grc' dir='ltr'>Ἀλλ’</span> <span class='ocrx_word' id='word_1_799' title='bbox 2401 4444 2568 4514; x_wconf 85' lang='grc' dir='ltr'>ὅμως,</span> <span class='ocrx_word' id='word_1_800' title='bbox 2583 4442 2767 4513; x_wconf 67' lang='grc' dir='ltr'>φησιν,</span> <span class='ocrx_word' id='word_1_801' title='bbox 2784 4441 2924 4496; x_wconf 77' lang='grc' dir='ltr'>οὕτω</span> <span class='ocrx_word' id='word_1_802' title='bbox 2943 4442 3208 4514; x_wconf 84' lang='grc' dir='ltr'>σφοδρῶς,</span> <span class='ocrx_word' id='word_1_803' title='bbox 3221 4442 3362 4496; x_wconf 75' lang='grc' dir='ltr'>οὕτω</span> <span class='ocrx_word' id='word_1_804' title='bbox 3381 4445 3589 4515; x_wconf 82' lang='grc' dir='ltr'>ταχέως</span> 
     </span>
    </p>
   </div>
   <div class='ocr_carea' id='block_1_101' title="bbox 2017 4537 3592 4611">
    <p class='ocr_par' dir='ltr' id='par_1_101' title="bbox 2017 4537 3592 4611">
     <span class='ocr_line' id='line_1_101' title="bbox 2017 4537 3592 4611; baseline 0.001 -18"><span class='ocrx_word' id='word_1_805' title='bbox 2017 4537 2353 4608; x_wconf 85' lang='grc' dir='ltr'>ἀναφθέντας</span> <span class='ocrx_word' id='word_1_806' title='bbox 2392 4539 2486 4592; x_wconf 75' lang='grc' dir='ltr'>καὶ</span> <span class='ocrx_word' id='word_1_807' title='bbox 2523 4540 2581 4592; x_wconf 88' lang='grc' dir='ltr'>ἐν</span> <span class='ocrx_word' id='word_1_808' title='bbox 2621 4537 2771 4610; x_wconf 83' lang='grc' dir='ltr'>μέσῳ</span> <span class='ocrx_word' id='word_1_809' title='bbox 2803 4538 3230 4610; x_wconf 83' lang='grc' dir='ltr'>περιλαϐόνταςά</span> <span class='ocrx_word' id='word_1_810' title='bbox 3253 4540 3312 4592; x_wconf 83' lang='grc' dir='ltr'>οὐ</span> <span class='ocrx_word' id='word_1_811' title='bbox 3339 4541 3497 4611; x_wconf 89' lang='grc' dir='ltr'>μόνον</span> <span class='ocrx_word' id='word_1_812' title='bbox 3517 4540 3592 4594; x_wconf 84' lang='grc' dir='ltr'>δι-</span> 
     </span>
    </p>
   </div>
   <div class='ocr_carea' id='block_1_102' title="bbox 2018 4633 3590 4708">
    <p class='ocr_par' dir='ltr' id='par_1_102' title="bbox 2018 4633 3590 4708">
     <span class='ocr_line' id='line_1_102' title="bbox 2018 4633 3590 4708; baseline 0.001 -20"><span class='ocrx_word' id='word_1_813' title='bbox 2018 4635 2238 4704; x_wconf 83' lang='grc' dir='ltr'>έφυγον,</span> <span class='ocrx_word' id='word_1_814' title='bbox 2259 4634 2395 4687; x_wconf 71' lang='grc' dir='ltr'>ἀλλὰ</span> <span class='ocrx_word' id='word_1_815' title='bbox 2435 4635 2527 4687; x_wconf 78' lang='grc' dir='ltr'>καὶ</span> <span class='ocrx_word' id='word_1_816' title='bbox 2565 4633 2878 4704; x_wconf 74' lang='grc' dir='ltr'>ήμυνάμην.</span> <span class='ocrx_word' id='word_1_817' title='bbox 2900 4633 3070 4686; x_wconf 89' lang='grc' dir='ltr'>Τοῦτο</span> <span class='ocrx_word' id='word_1_818' title='bbox 3094 4634 3197 4704; x_wconf 82' lang='grc' dir='ltr'>δρα</span> <span class='ocrx_word' id='word_1_819' title='bbox 3229 4637 3324 4689; x_wconf 79' lang='grc' dir='ltr'>καὶ</span> <span class='ocrx_word' id='word_1_820' title='bbox 3359 4637 3454 4690; x_wconf 79' lang='grc' dir='ltr'>ἐπὶ</span> <span class='ocrx_word' id='word_1_821' title='bbox 3486 4636 3590 4708; x_wconf 84' lang='grc' dir='ltr'>τῆς</span> 
     </span>
    </p>
   </div>
   <div class='ocr_carea' id='block_1_103' title="bbox 2019 4729 3591 4801">
    <p class='ocr_par' dir='ltr' id='par_1_103' title="bbox 2019 4729 3591 4801">
     <span class='ocr_line' id='line_1_103' title="bbox 2019 4729 3591 4801; baseline 0.002 -18"><span class='ocrx_word' id='word_1_822' title='bbox 2019 4729 2150 4801; x_wconf 74' lang='grc' dir='ltr'>ὕλης</span> <span class='ocrx_word' id='word_1_823' title='bbox 2186 4730 2357 4798; x_wconf 76' lang='grc' dir='ltr'>αὑτῆς</span> <span class='ocrx_word' id='word_1_824' title='bbox 2394 4731 2696 4799; x_wconf 84' lang='grc' dir='ltr'>γινόμενον.</span> <span class='ocrx_word' id='word_1_825' title='bbox 2719 4730 2826 4782; x_wconf 71' lang='grc' dir='ltr'>Καὶ</span> <span class='ocrx_word' id='word_1_826' title='bbox 2851 4729 2958 4800; x_wconf 86' lang='grc' dir='ltr'>γάρ</span> <span class='ocrx_word' id='word_1_827' title='bbox 2994 4729 3103 4801; x_wconf 89' lang='grc' dir='ltr'>πῦρ</span> <span class='ocrx_word' id='word_1_828' title='bbox 3126 4731 3287 4800; x_wconf 86' lang='grc' dir='ltr'>βάτον</span> <span class='ocrx_word' id='word_1_829' title='bbox 3305 4731 3473 4797; x_wconf 85' lang='grc' dir='ltr'>ἐκαιε,</span> <span class='ocrx_word' id='word_1_830' title='bbox 3494 4735 3591 4786; x_wconf 77' lang='grc' dir='ltr'>καὶ</span> 
     </span>
    </p>
   </div>
   <div class='ocr_carea' id='block_1_104' title="bbox 2016 4823 3587 4896">
    <p class='ocr_par' dir='ltr' id='par_1_104' title="bbox 2016 4823 3587 4896">
     <span class='ocr_line' id='line_1_104' title="bbox 2016 4823 3587 4896; baseline 0.003 -19"><span class='ocrx_word' id='word_1_831' title='bbox 2016 4824 2140 4877; x_wconf 76' lang='grc' dir='ltr'>οὔτε</span> <span class='ocrx_word' id='word_1_832' title='bbox 2159 4826 2193 4896; x_wconf 90' lang='grc' dir='ltr'>ή</span> <span class='ocrx_word' id='word_1_833' title='bbox 2215 4824 2373 4894; x_wconf 86' lang='grc' dir='ltr'>βάτος</span> <span class='ocrx_word' id='word_1_834' title='bbox 2395 4823 2543 4895; x_wconf 71' lang='lat'>[522]</span> <span class='ocrx_word' id='word_1_835' title='bbox 2563 4823 2796 4888; x_wconf 88' lang='grc' dir='ltr'>ἐκαίετο,</span> <span class='ocrx_word' id='word_1_836' title='bbox 2813 4823 2936 4877; x_wconf 83' lang='grc' dir='ltr'>οὔτε</span> <span class='ocrx_word' id='word_1_837' title='bbox 2955 4827 3132 4879; x_wconf 83' lang='grc' dir='ltr'>ἐκεῖνο</span> <span class='ocrx_word' id='word_1_838' title='bbox 3151 4827 3453 4890; x_wconf 86' lang='grc' dir='ltr'>ἐσϐέννυτο,</span> <span class='ocrx_word' id='word_1_839' title='bbox 3473 4829 3587 4882; x_wconf 82' lang='grc' dir='ltr'>ἀλλ’</span> 
     </span>
    </p>
   </div>
   <div class='ocr_carea' id='block_1_105' title="bbox 2016 4918 3590 4994">
    <p class='ocr_par' dir='ltr' id='par_1_105' title="bbox 2016 4918 3590 4994">
     <span class='ocr_line' id='line_1_105' title="bbox 2016 4918 3590 4994; baseline -0.005 -19"><span class='ocrx_word' id='word_1_840' title='bbox 2016 4921 2303 4991; x_wconf 83' lang='grc' dir='ltr'>ἀμφότερα</span> <span class='ocrx_word' id='word_1_841' title='bbox 2318 4920 2343 4972; x_wconf 84' lang='grc' dir='ltr'>ἐ</span> <span class='ocrx_word' id='word_1_842' title='bbox 2349 4937 2412 4990; x_wconf 91' lang='grc' dir='ltr'>με</span> <span class='ocrx_word' id='word_1_843' title='bbox 2422 4918 2576 4992; x_wconf 79' lang='grc' dir='ltr'>[ι]νεν</span> <span class='ocrx_word' id='word_1_844' title='bbox 2594 4920 2882 4990; x_wconf 85' lang='grc' dir='ltr'>ὁμιλοῦντα</span> <span class='ocrx_word' id='word_1_845' title='bbox 2899 4922 3166 4994; x_wconf 86' lang='grc' dir='ltr'>ἀλλήλοις,</span> <span class='ocrx_word' id='word_1_846' title='bbox 3186 4927 3279 4980; x_wconf 74' lang='grc' dir='ltr'>καὶ</span> <span class='ocrx_word' id='word_1_847' title='bbox 3293 4928 3392 4980; x_wconf 78' lang='grc' dir='ltr'>οὐχ</span> <span class='ocrx_word' id='word_1_848' title='bbox 3406 4926 3590 4980; x_wconf 70' lang='grc' dir='ltr'>ἀναλι-</span> 
     </span>
    </p>
   </div>
   <div class='ocr_carea' id='block_1_106' title="bbox 2020 5015 3588 5090">
    <p class='ocr_par' dir='ltr' id='par_1_106' title="bbox 2020 5015 3588 5090">
     <span class='ocr_line' id='line_1_106' title="bbox 2020 5015 3588 5090; baseline 0.001 -19"><span class='ocrx_word' id='word_1_849' title='bbox 2020 5017 2279 5087; x_wconf 89' lang='grc' dir='ltr'>σκόμενα.</span> <span class='ocrx_word' id='word_1_850' title='bbox 2308 5015 2500 5069; x_wconf 83' lang='grc' dir='ltr'>Καίτοι</span> <span class='ocrx_word' id='word_1_851' title='bbox 2541 5015 2594 5070; x_wconf 89' lang='grc' dir='ltr'>τί</span> <span class='ocrx_word' id='word_1_852' title='bbox 2637 5016 2958 5088; x_wconf 89' lang='grc' dir='ltr'>σαθρότερον</span> <span class='ocrx_word' id='word_1_853' title='bbox 3001 5020 3194 5090; x_wconf 86' lang='grc' dir='ltr'>βάτου;</span> <span class='ocrx_word' id='word_1_854' title='bbox 3233 5023 3286 5074; x_wconf 92' lang='grc' dir='ltr'>τί</span> <span class='ocrx_word' id='word_1_855' title='bbox 3320 5023 3376 5074; x_wconf 82' lang='grc' dir='ltr'>δὲ</span> <span class='ocrx_word' id='word_1_856' title='bbox 3418 5021 3588 5090; x_wconf 84' lang='grc' dir='ltr'>πυρὸς</span> 
     </span>
    </p>
   </div>
   <div class='ocr_carea' id='block_1_107' title="bbox 2017 5113 3586 5186">
    <p class='ocr_par' dir='ltr' id='par_1_107' title="bbox 2017 5113 3586 5186">
     <span class='ocr_line' id='line_1_107' title="bbox 2017 5113 3586 5186; baseline 0 -18"><span class='ocrx_word' id='word_1_857' title='bbox 2017 5113 2352 5168; x_wconf 83' lang='grc' dir='ltr'>καυστικώτε</span> <span class='ocrx_word' id='word_1_858' title='bbox 2361 5129 2450 5185; x_wconf 92' lang='grc' dir='ltr'>ρον</span> <span class='ocrx_word' id='word_1_859' title='bbox 2469 5129 2484 5179; x_wconf 89' lang='grc'>;</span> <span class='ocrx_word' id='word_1_860' title='bbox 2531 5113 2668 5167; x_wconf 88' lang='grc' dir='ltr'>Ἀλλ’</span> <span class='ocrx_word' id='word_1_861' title='bbox 2688 5115 2836 5185; x_wconf 86' lang='grc' dir='ltr'>ὅμως</span> <span class='ocrx_word' id='word_1_862' title='bbox 2857 5117 2890 5186; x_wconf 81' lang='grc' dir='ltr'>ἡ</span> <span class='ocrx_word' id='word_1_863' title='bbox 2911 5115 3321 5186; x_wconf 77' lang='grc' dir='ltr'>θαυματουργὸς</span> <span class='ocrx_word' id='word_1_864' title='bbox 3341 5115 3430 5184; x_wconf 69' lang='grc' dir='ltr'>τοῦ</span> <span class='ocrx_word' id='word_1_865' title='bbox 3451 5114 3586 5168; x_wconf 85' lang='grc' dir='ltr'>Θεοῦ</span> 
     </span>
    </p>
   </div>
   <div class='ocr_carea' id='block_1_108' title="bbox 2081 5369 3586 5432">
    <p class='ocr_par' dir='ltr' id='par_1_108' title="bbox 2081 5369 3586 5432">
     <span class='ocr_line' id='line_1_108' title="bbox 2081 5369 3586 5432; baseline 0.001 -12"><span class='ocrx_word' id='word_1_866' title='bbox 2081 5373 2104 5402; x_wconf 72' lang='grc' dir='ltr'><strong>ε</strong></span> <span class='ocrx_word' id='word_1_867' title='bbox 2133 5372 2184 5420; x_wconf 89' lang='lat' dir='ltr'>In</span> <span class='ocrx_word' id='word_1_868' title='bbox 2207 5369 2428 5419; x_wconf 71' lang='lat' dir='ltr'>editione</span> <span class='ocrx_word' id='word_1_869' title='bbox 2449 5370 2662 5419; x_wconf 77' lang='lat' dir='ltr'><strong>Romana</strong></span> <span class='ocrx_word' id='word_1_870' title='bbox 2685 5370 2872 5432; x_wconf 78' lang='lat' dir='ltr'><strong>legitur</strong></span> <span class='ocrx_word' id='word_1_871' title='bbox 2887 5370 2981 5418; x_wconf 78' lang='grc' dir='ltr'>ἀπὸ</span> <span class='ocrx_word' id='word_1_872' title='bbox 2998 5369 3218 5432; x_wconf 79' lang='grc' dir='ltr'>πρωίθεν,</span> <span class='ocrx_word' id='word_1_873' title='bbox 3244 5375 3294 5417; x_wconf 76' lang='grc' dir='ltr'>ει</span> <span class='ocrx_word' id='word_1_874' title='bbox 3322 5376 3492 5432; x_wconf 67' lang='grc' dir='ltr'>βοείου</span> <span class='ocrx_word' id='word_1_875' title='bbox 3504 5375 3586 5422; x_wconf 81' lang='grc' dir='ltr'>καὶ</span> 
     </span>
    </p>
   </div>
   <div class='ocr_carea' id='block_1_109' title="bbox 2016 5431 3582 5494">
    <p class='ocr_par' dir='ltr' id='par_1_109' title="bbox 2016 5431 3582 5494">
     <span class='ocr_line' id='line_1_109' title="bbox 2016 5431 3582 5494; baseline 0 -11"><span class='ocrx_word' id='word_1_876' title='bbox 2016 5435 2168 5483; x_wconf 75' lang='grc' dir='ltr'>πάντα</span> <span class='ocrx_word' id='word_1_877' title='bbox 2188 5433 2289 5480; x_wconf 80' lang='grc' dir='ltr'>ἐστὶ</span> <span class='ocrx_word' id='word_1_878' title='bbox 2311 5436 2476 5494; x_wconf 84' lang='grc' dir='ltr'>ταχινά</span> <span class='ocrx_word' id='word_1_879' title='bbox 2495 5434 2644 5480; x_wconf 75' lang='grc' dir='ltr'>ἔναντι</span> <span class='ocrx_word' id='word_1_880' title='bbox 2679 5431 2868 5494; x_wconf 68' lang='grc' dir='ltr'>κυρίου.</span> <span class='ocrx_word' id='word_1_881' title='bbox 2897 5432 3001 5494; x_wconf 59' lang='lat' dir='ltr'>Mox</span> <span class='ocrx_word' id='word_1_882' title='bbox 3026 5431 3106 5478; x_wconf 88' lang='grc' dir='ltr'>τὸν</span> <span class='ocrx_word' id='word_1_883' title='bbox 3139 5434 3392 5494; x_wconf 76' lang='grc' dir='ltr'>τριστάτῃν</span> <span class='ocrx_word' id='word_1_884' title='bbox 3431 5431 3582 5484; x_wconf 80' lang='lat' dir='ltr'>Savil.</span> 
     </span>
    </p>
   </div>
   <div class='ocr_carea' id='block_1_110' title="bbox 2018 5493 3586 5561">
    <p class='ocr_par' dir='ltr' id='par_1_110' title="bbox 2018 5493 3586 5561">
     <span class='ocr_line' id='line_1_110' title="bbox 2018 5493 3586 5561; baseline 0.001 -17"><span class='ocrx_word' id='word_1_885' title='bbox 2018 5498 2067 5545; x_wconf 84' lang='lat' dir='ltr'>in</span> <span class='ocrx_word' id='word_1_886' title='bbox 2088 5507 2248 5561; x_wconf 56' lang='lat' dir='ltr'>marg:</span> <span class='ocrx_word' id='word_1_887' title='bbox 2288 5493 2370 5541; x_wconf 86' lang='lat' dir='ltr'><em>16v</em></span> <span class='ocrx_word' id='word_1_888' title='bbox 2390 5495 2679 5561; x_wconf 78' lang='grc' dir='ltr'>προστάτην,</span> <span class='ocrx_word' id='word_1_889' title='bbox 2706 5493 2765 5561; x_wconf 62' lang='grc' dir='ltr'>οι</span> <span class='ocrx_word' id='word_1_890' title='bbox 2798 5495 2869 5561; x_wconf 79' lang='lat' dir='ltr'>sic</span> <span class='ocrx_word' id='word_1_891' title='bbox 2904 5493 3085 5554; x_wconf 75' lang='lat' dir='ltr'>legisse</span> <span class='ocrx_word' id='word_1_892' title='bbox 3113 5493 3310 5561; x_wconf 41' lang='lat' dir='ltr'>{idemi-</span> <span class='ocrx_word' id='word_1_893' title='bbox 3339 5493 3586 5561; x_wconf 64' lang='grc' dir='ltr'>Ηοιςνοιιιι</span> 
     </span>
    </p>
   </div>
   <div class='ocr_carea' id='block_1_111' title="bbox 2015 5552 3584 5620">
    <p class='ocr_par' dir='ltr' id='par_1_111' title="bbox 2015 5552 3584 5620">
     <span class='ocr_line' id='line_1_111' title="bbox 2015 5552 3584 5620; baseline 0.001 -14"><span class='ocrx_word' id='word_1_894' title='bbox 2015 5552 2291 5620; x_wconf 69' lang='lat' dir='ltr'><strong>quiveﬂit,</strong></span> <span class='ocrx_word' id='word_1_895' title='bbox 2313 5552 2614 5619; x_wconf 72' lang='lat' dir='ltr'>prwfectum,</span> <span class='ocrx_word' id='word_1_896' title='bbox 2646 5552 2742 5603; x_wconf 78' lang='lat' dir='ltr'>etsi</span> <span class='ocrx_word' id='word_1_897' title='bbox 2763 5552 3082 5602; x_wconf 62' lang='lat' dir='ltr'>certum&#39;nun</span> <span class='ocrx_word' id='word_1_898' title='bbox 3103 5552 3170 5604; x_wconf 70' lang='lat' dir='ltr'>sit</span> <span class='ocrx_word' id='word_1_899' title='bbox 3188 5560 3298 5602; x_wconf 69' lang='lat' dir='ltr'>utro</span> <span class='ocrx_word' id='word_1_900' title='bbox 3329 5555 3474 5604; x_wconf 88' lang='lat' dir='ltr'>modo</span> <span class='ocrx_word' id='word_1_901' title='bbox 3507 5557 3584 5606; x_wconf 82' lang='lat' dir='ltr'>le—</span> 
     </span>
    </p>
   </div>
   <div class='ocr_carea' id='block_1_112' title="bbox 2049 5618 2162 5667">
    <p class='ocr_par' dir='ltr' id='par_1_112' title="bbox 2049 5618 2162 5667">
     <span class='ocr_line' id='line_1_112' title="bbox 2049 5618 2162 5667; baseline -0.027 0"><span class='ocrx_word' id='word_1_902' title='bbox 2049 5618 2162 5667; x_wconf 75' lang='lat' dir='ltr'><strong>erit.</strong></span> 
     </span>
    </p>
   </div>
   <div class='ocr_carea' id='block_1_113' title="bbox 2013 5633 3582 5754">
    <p class='ocr_par' dir='ltr' id='par_1_113' title="bbox 2013 5633 3582 5754">
     <span class='ocr_line' id='line_1_113' title="bbox 2013 5633 3582 5754; baseline 0.008 -23"><span class='ocrx_word' id='word_1_903' title='bbox 2013 5633 2278 5742; x_wconf 47' lang='lat' dir='ltr'>geggavn,</span> <span class='ocrx_word' id='word_1_904' title='bbox 2303 5691 2636 5754; x_wconf 36' lang='lat' dir='ltr'>laeév-rant</span> <span class='ocrx_word' id='word_1_905' title='bbox 2655 5692 2704 5740; x_wconf 86' lang='lat' dir='ltr'>in</span> <span class='ocrx_word' id='word_1_906' title='bbox 2729 5703 2880 5754; x_wconf 76' lang='lat' dir='ltr'>marg.</span> <span class='ocrx_word' id='word_1_907' title='bbox 2905 5691 3255 5754; x_wconf 80' lang='grc' dir='ltr'>περιλαϐόντας.</span> <span class='ocrx_word' id='word_1_908' title='bbox 3279 5690 3400 5738; x_wconf 78' lang='lat' dir='ltr'>Infra</span> <span class='ocrx_word' id='word_1_909' title='bbox 3427 5689 3582 5754; x_wconf 74' lang='lat' dir='ltr'><strong>Savil.</strong></span> 
     </span>
    </p>
   </div>
   <div class='ocr_carea' id='block_1_114' title="bbox 2015 5753 3582 5818">
    <p class='ocr_par' dir='ltr' id='par_1_114' title="bbox 2015 5753 3582 5818">
     <span class='ocr_line' id='line_1_114' title="bbox 2015 5753 3582 5818; baseline 0.001 -15"><span class='ocrx_word' id='word_1_910' title='bbox 2015 5759 2046 5812; x_wconf 84' lang='grc' dir='ltr'>ἡ</span> <span class='ocrx_word' id='word_1_911' title='bbox 2075 5757 2216 5818; x_wconf 84' lang='grc' dir='ltr'>βάτος</span> <span class='ocrx_word' id='word_1_912' title='bbox 2233 5753 2660 5818; x_wconf 17' lang='grc' dir='ltr'>κατεκαίετο.γΜυκ</span> <span class='ocrx_word' id='word_1_913' title='bbox 2706 5753 2875 5804; x_wconf 79' lang='lat' dir='ltr'>Morel.</span> <span class='ocrx_word' id='word_1_914' title='bbox 2903 5753 3005 5802; x_wconf 82' lang='grc' dir='ltr'>ἀλλ’</span> <span class='ocrx_word' id='word_1_915' title='bbox 3045 5754 3172 5816; x_wconf 83' lang='grc' dir='ltr'>ὅμως</span> <span class='ocrx_word' id='word_1_916' title='bbox 3194 5754 3302 5802; x_wconf 74' lang='grc' dir='ltr'>τότε</span> <span class='ocrx_word' id='word_1_917' title='bbox 3324 5753 3582 5818; x_wconf 63' lang='grc' dir='ltr'>ἀμφότεραι·</span> 
     </span>
    </p>
   </div>
   <div class='ocr_carea' id='block_1_115' title="bbox 2019 5817 2781 5880">
    <p class='ocr_par' dir='ltr' id='par_1_115' title="bbox 2019 5817 2781 5880">
     <span class='ocr_line' id='line_1_115' title="bbox 2019 5817 2781 5880; baseline -0.001 -12"><span class='ocrx_word' id='word_1_918' title='bbox 2019 5817 2104 5869; x_wconf 60' lang='grc' dir='ltr'>δτι</span> <span class='ocrx_word' id='word_1_919' title='bbox 2119 5820 2170 5866; x_wconf 88' lang='lat' dir='ltr'>il.</span> <span class='ocrx_word' id='word_1_920' title='bbox 2206 5817 2384 5866; x_wconf 80' lang='lat' dir='ltr'><strong>melius</strong></span> <span class='ocrx_word' id='word_1_921' title='bbox 2403 5817 2506 5864; x_wconf 81' lang='grc' dir='ltr'>ἀλλ’</span> <span class='ocrx_word' id='word_1_922' title='bbox 2524 5817 2781 5880; x_wconf 76' lang='grc' dir='ltr'>ἀμφότερα.</span> 
     </span>
    </p>
   </div>
  </div>
