4134 6210
469 349 571 404 $33

463 469 688 535 δύναμις
709 481 782 516 πα
791 460 1208 534 ραδοξοποιοῦσα
1228 467 1510 538 ἀμφότερα
1529 469 1676 522 εῖασε
1699 471 1897 546 μένειν.
1914 469 2045 538 Ton-5

463 552 618 604 οῦτον
657 549 708 602 δέ
735 565 786 600 τι
810 549 1109 620 παράδοξον
1128 551 1220 603 καὶ
1238 551 1358 604 τότε
1381 553 1679 607 συνέϐαινε.
1697 555 1786 617 Ὠς
1805 553 1913 625 πῦρ
1933 554 2040 625 γάρ

463 633 788 703 ἐπέδραμον,
810 632 885 694 ὡς
908 631 1155 702 μέλισσαι
1179 635 1315 704 μετά
1337 635 1642 706 προθυμίας
1664 637 1934 700 ἐπέθεντο,
1956 637 2041 690 ἐν-

461 715 550 767 δον
577 711 721 784 εἰχον
742 714 1166 785 ἀπειλημμένον,
1193 717 1284 770 καὶ
1302 718 1452 770 οὐδὲν
1473 720 1694 788 ποιῆσαι
1716 719 2044 789 ίσχυσαν.’ῐ’ὺ

463 798 569 868 γάρ
591 798 752 851 ὅπλον
771 798 831 850 τὸ
851 799 1163 872 ἀχείρωτον,
1186 800 1219 872 ή
1241 801 1522 870 συμμαχία
1543 803 1574 872 ή
1598 803 2037 873 ἀκαταμάχητος,

460 881 556 934 τοῦ
595 881 728 935 Θεοῦ
763 882 823 936 16
857 884 1026 951 ὄνομα
1061 884 1266 946 πάντας
1285 886 1476 948 αὐτοὺς
1499 885 2041 956 ἀπήλασεν.Ὠσθείς

463 965 811 1033 ἀνετρὰπην
850 968 956 1020 τοῦ
990 967 1219 1030 πεσεῖν,
1241 969 1339 1022 καὶ
1380 971 1414 1021 ό
1450 969 1663 1036 Κύριος
1683 967 2040 1024 ἀντελάϐετό

457 1066 594 1119 μου.
613 1046 745 1102 Εῐπε
764 1050 824 1102 τὸ
846 1050 1072 1121 μέγεθος
1086 1051 1194 1105 τῶν
1210 1051 1414 1116 δεινῶν,
1429 1052 1537 1104 ἀπὸ
1553 1052 1644 1106 τοῦ
1663 1052 1916 1122 πλήθους,
1932 1053 2040 1106 ἀπὸ

462 1131 556 1183 τοῦ
589 1133 884 1202 σχήματος,
907 1134 1013 1186 ἀπὸ
1033 1135 1132 1203 τῆς
1153 1135 1479 1207 προθυμίας,
1501 1137 1607 1188 ἀπὸ
1625 1136 1724 1205 τῆς
1741 1136 1914 1207 ὀργῆς
1931 1136 2042 1188 τῶν

462 1215 724 1269 ἐπιόντων
748 1233 761 1245 ·
801 1217 946 1283 λέγει
987 1217 1080 1271 καὶ
1117 1219 1209 1288 ἀφ’
1230 1213 1304 1272 ὧν
1338 1220 1498 1284 αὐτὸς
1517 1221 1737 1277 ἔπαθεν.
1759 1222 1912 1273 υῦτω
1935 1238 2036 1291 μου

385 1302 392 1306 ’
461 1298 802 1369 ἐπεκράτησε
823 1301 891 1352 τὰ
910 1301 1076 1358 δεινά,
1101 1302 1286 1370 φησὶν,
1308 1301 1382 1364 ὡς
1403 1303 1496 1357 καὶ
1519 1303 1715 1374 μικροῦ
1744 1305 1909 1372 ἐγγὺς
1942 1319 2037 1370 γε-

463 1380 648 1434 νέσθαι
671 1381 763 1436 τοῦ
786 1387 970 1436 πεσεῖν
992 1383 1084 1436 καὶ
1104 1385 1678 1454 κατενεχθῆναι.οῦτω
1697 1386 1802 1456 γὰρ
1818 1386 2038 1456 ἀνετρά-

460 1482 569 1534 πην
590 1465 804 1528 ὠσθεὶς.
825 1466 902 1528 ὼς
937 1467 1150 1537 μέλλειν
1183 1471 1546 1522 καταπίπτειν
1566 1486 1578 1498 ο
1603 1469 1717 1522 ἀλλ’
1736 1471 1822 1522 ὅτε
1851 1469 2035 1523 λοιπὸν

459 1547 683 1617 ἔμελλον
722 1550 816 1602 ἐπὶ
852 1549 982 1616 γόνυ
1022 1551 1300 1620 φέρεσθαι,
1324 1554 1417 1604 καὶ
1435 1553 1851 1606 κατακλίνεσθαι
1870 1565 1918 1616 ι,
1941 1553 2034 1606 καὶ

460 1631 641 1684 πάντα
692 1633 1009 1700 ἀπέγνωστο
1044 1634 1110 1687 τὰ
1147 1633 1457 1705 ἀνθρώπινα
1479 1676 1494 1700 ,
1541 1636 1663 1689 τότε
1701 1636 1804 1705 τὴν
1841 1634 2030 1688 ἐαυτοῦ

462 1714 780 1786 συμμαχίαν
801 1715 1127 1783 ἐπεδείξατο.
1153 1718 1304 1770 Ποιεῖ
1333 1718 1390 1770 δέ
1423 1718 1579 1772 τοῦτο
1598 1721 1626 1772 6
1645 1719 1795 1781 Θεὸς,
1817 1719 1904 1771 ἵνα
1926 1737 2030 1789 μη-

459 1794 570 1857 δε¹ις
606 1796 702 1866 τὴν
745 1798 936 1850 ἑαυτοῦ
973 1799 1126 1863 δόξαν
1165 1800 1502 1871 νοσφίζηται.
1534 1801 1708 1854 Τοῦτο
1735 1802 1828 1855 καὶ
1864 1803 1923 1855 ἐν
1964 1805 2030 1872 τῇ

463 1879 674 1950 ἱστορίᾳ
691 1881 798 1932 τῶν
821 1880 1032 1950 Κριτῶν
1056 1883 1144 1936 ἐπὶ
1163 1884 1254 1937 τοῦ
1275 1885 1480 1937 Γεδεὼν
1501 1885 1741 1953 ἐποίησε.
1759 1885 1856 1938 Διά
1876 1886 2031 1938 τοῦτο

461 1961 556 2014 καὶ
577 1963 670 2014 ἐπὶ
703 1963 794 2016 τοῦ
827 1965 1088 2029 Ἐζεκίου,
1109 1969 1297 2030 νυκτὸς
1314 1967 1500 2038 οῦσης,
1523 1968 1582 2021 16
1599 1970 1857 2038 τρόπαιον
1876 1968 2032 2040 έστη-

462 2061 571 2097 σεν.
595 2046 657 2098 Εἰ
690 2047 798 2118 γὰρ
835 2048 929 2100 καί
965 2049 1127 2119 μηδὲν
1157 2051 1478 2114 συντελέσας
1496 2053 1574 2115 εἰς
1591 2053 1691 2122 τὴν
1709 2053 1864 2122 νίκην
1885 2053 2028 2105 ἐκεῖ-

458 2144 548 2190 νος
568 2129 772 2182 καὶτὸν
796 2131 1043 2200 πόλεμον,
1063 2135 1210 2204 ὅμως
1243 2136 1519 2206 ἀπενοήθη
1539 2152 1553 2165 ·
1575 2139 1623 2190 εἰ
1655 2137 1900 2207 παρέστη
1937 2136 2034 2206 μό-

459 2229 548 2265 νον
583 2214 650 2282 τῇ
688 2215 1011 2281 παρατάξει,
1034 2219 1082 2269 εἰ
1116 2217 1409 2282 πίπτοντας
1430 2216 1537 2272 εἶδε
1556 2221 1681 2281 τοὺς
1700 2220 2029 2290 ἀναιρουμέ-

459 2311 603 2359 νους,
631 2297 732 2349 ούκ
770 2295 837 2349 ἂν
881 2299 1139 2366 μειζόνως
1178 2301 1332 2354 τοῦτο
1368 2302 1602 2367 ἐπαθεν;
1648 2303 1814 2356 Ὅταν
1852 2303 2029 2356 τοίνυν

457 2379 784 2451 ἀπογνωσθῇ
808 2380 865 2446 ἐξ
884 2381 1227 2454 ἀνθρωπίνης
1246 2385 1454 2448 ἐλπίδος
1472 2387 1539 2439 τὰ
1560 2386 1876 2456 πράγματα,
1909 2387 2028 2439 τότε

458 2463 652 2529 ἐπάγει
672 2463 769 2532 τὴν
789 2465 919 2534 παρ’
941 2466 1132 2518 ἑαυτοῦ
1155 2485 1216 2518 συ
1225 2469 1484 2538 μμαχίαν.
1510 2469 1677 2522 Τοῦτο
1706 2473 1797 2523 καί
1821 2473 1910 2524 ἐπὶ
1934 2471 2026 2525 τοῦ

463 2546 650 2598 Ιόλιάθ
673 2547 894 2618 ἐποίησε
912 2564 925 2577 °
947 2548 1103 2602 10610
1122 2551 1213 2603 καὶ
1237 2553 1328 2604 ἐπὶ
1348 2555 1452 2605 τῶν
1475 2555 1801 2608 ἀποστόλων.
1827 2556 1916 2608 Διὸ
1938 2557 2027 2609 καὶ

456 2631 485 2681 6
524 2629 730 2692 Παῦλος
765 2631 982 2699 ἐλεγενο
1017 2633 1363 2686 Ἀλλάὑτο)
1402 2635 1472 2687 ἐν
1509 2635 1742 2702 ἑαυτοῖς
1778 2639 1842 2690 τὸ
1881 2640 2028 2692 ἀπό-

455 2729 632 2782 κριμα
663 2713 769 2766 τοῦ
802 2712 1061 2768 θανάτου
1079 2716 1442 2784 ἐσχήκαμεν,
1466 2719 1565 2771 ἵνα
1585 2719 1664 2786 μὴ
1685 2724 2030 2788 πεποιθότες

453 2791 611 2864 ὦμεν
643 2795 735 2864 ἐφ’
766 2795 1020 2862 ἑαυτοῖς,
1053 2797 1192 2850 ἀλλ’
1223 2799 1320 2851 ἐπὶ
1357 2798 1436 2864 τῷ
1475 2800 1596 2866 Θεῷ
1631 2802 1712 2866 τῷ
1745 2803 2030 2870 ἐγείροντι

455 2878 597 2944 τοὺς
617 2879 890 2946 νεκρούς.
909 2879 1102 2948 Ἰσχύς
1116 2898 1255 2948 μου,
1277 2882 1373 2935 καί
1406 2883 1667 2952 ὕμνησίς
1688 2903 1808 2953 μου
1848 2888 1881 2938 ὁ
1913 2888 2032 2940 Κύ-

453 2977 600 3026 ριος,
623 2961 721 3014 καὶ
750 2962 988 3030 ἐγένετό
995 2980 1098 3032 μοι
1113 2966 1194 3030 εἰς
1218 2967 1536 3032 σωτηρίαν.
1571 2966 1714 3020 Ὠσεὶ
1734 2967 1908 3037 ἔλεγε⁸
1929 2967 2032 3021 Δύ-

453 3043 616 3114 ναμίς
639 3061 739 3115 μου
760 3046 920 3109 αὐτὸς
941 3048 1154 3114 ἐγένετο
1174 3049 1266 3101 καί
1287 3049 1525 3120 βοήθεια.
1550 3049 1614 3100 Τί
1633 3049 1687 3102 δέ
1709 3052 1854 3104 ἐστιν
1872 3051 1900 3103 ὃ
1922 3068 2028 3120 φη-

456 3127 856 3198 σιν,Ὓμνησίς
868 3147 1012 3198 μου;
1045 3131 1106 3182 ’Π
1127 3131 1250 3196 δόξα
1273 3149 1395 3202 μου,
1417 3135 1444 3186 6
1465 3129 1611 3196 αἰνός
1635 3151 1756 3203 μου,
1779 3135 1807 3186 6
1827 3133 2029 3206 κόσμος

458 3228 582 3281 μου,
604 3215 637 3283 ή
675 3213 1000 3284 περιφάνειά
1041 3231 1161 3284 μου.
1184 3213 1259 3267 O6
1282 3214 1390 3286 γὰρ
1407 3215 1469 3288 δὴ
1503 3215 1660 3286 μόνον
1696 3217 2026 3273 ἀπαλλάττει

453 3295 563 3347 τῶν
603 3296 883 3359 κινδύνων,
905 3295 1041 3349 ἀλλά
1074 3297 1168 3350 καὶ
1200 3297 1484 3368 λαμπροὺς
1518 3302 1663 3352 ποιεῖ
1680 3301 1773 3353 καὶ
1796 3319 2028 3373 περιφα-

453 3382 564 3440 νεῖς
586 3395 600 3410 ·
623 3381 716 3433 καὶ
750 3380 1022 3450 πανταχοῦ
1057 3379 1215 3433 τοῦτο
1247 3380 1393 3434 ἔστιν
1429 3381 1574 3445 ἰδεῖν,
1601 3383 1738 3452 μετὰ
1755 3384 1912 3456 δόξης
1927 3387 2028 3458 τὴν

455 3463 728 3532 σωτηρίαν
747 3461 1049 3532 διδομένην.
1068 3464 1176 3516 Καὶ
1193 3463 1380 3535 ἓτερον
1399 3463 1453 3517 δέ
1473 3482 1524 3517 τι
1543 3465 1632 3518 διὰ
1651 3467 1838 3520 τούτου
1859 3469 2029 3521 αἰνίτ-

453 3560 626 3596 τεται.
650 3545 806 3597 Ποῖον
823 3544 1087 3609 δὲτοῦτο;
1129 3547 1250 3599 Ὅτι
1271 3543 1430 3600 τοῦτό
1467 3565 1576 3616 μοι,
1600 3549 1752 3617 φησὶ.
1775 3549 2030 3622 διηνεκὴς

453 3625 582 3696 ᾠδὴ,
607 3625 762 3678 τοῦτό
802 3643 893 3697 μοι
928 3627 1178 3699 διηνεκὴς
1217 3629 1624 3700 φωνὴ,ὁῦμνος
1662 3633 1690 3683 6
1727 3633 1805 3695 εἰς
1843 3633 2025 3701 αὑτὸν,

452 3709 613 3762 τοῦτὸ
635 3727 724 3780 μοι
746 3710 924 3780 ἔργον,
946 3710 1208 3782 διηνεκῶς
1228 3713 1390 3765 αὑτὸν
1409 3714 1686 3782 ἀνυμνεῖν.

525 3795 584 3849 δ’.
633 3795 999 3848 Ἀκουέτωσαν
1037 3797 1087 3847 οἰ
1131 3797 1248 3857 ταῖς
1283 3799 1599 3860 σατανικαῖς
1632 3795 1793 3867 ᾠδαῖς
1834 3815 2029 3852 κατασο

452 3880 854 3952 ηπόμενοι,οῖαν
866 3879 1189 3950 ὑπομένουσι
1202 3879 1577 3952 βλάϐην,ποίας
1589 3882 1632 3934 δ’
1642 3881 1708 3935 ἂν
1719 3884 1809 3936 καὶ
1819 3884 2029 3955 τύχοιεν

456 3964 807 4034 συγγνώμης,
828 3963 1018 4017 τούτου
1052 3965 1315 4034 διηνεκῶς
1352 3965 1442 4019 τὸν
1475 3967 1695 4037 σωτῆρα
1728 3968 2028 4038 ἀνυμνοῦν-

451 4066 545 4112 τος
567 4051 616 4113 δ,
638 4051 833 4102 ἐκεῖνοι
872 4041 1135 4118 διηνεκῶς
1173 4052 1230 4102 ἐν
1267 4053 1388 4113 ταῖς
1423 4050 1532 4104 τῶν
1560 4050 1829 4122 δαιμόνων
1861 4053 2028 4123 ᾠδαῖς

453 4135 946 4206 ἐγκαλινδούμενοι.
967 4135 1139 4200 Φωνὴ
1173 4135 1587 4204 ἀγαλλιάσεως
1615 4136 1712 4190 καί
1731 4138 2027 4205 σωτηρίας

450 4221 520 4271 ἐν
555 4218 808 4286 σκηναῖς
847 4218 1283 4272 δικαίων.⁶’οταν
1304 4217 1412 4288 γάρ
1429 4219 1457 4270 6
1478 4217 1609 4281 Θεὸς
1627 4219 1944 4290 κατορθώσῃ
1965 4219 2025 4272 16

454 4304 584 4365 πᾶν,
605 4304 654 4355 οἰ
673 4303 770 4371 τῆς
792 4302 947 4371 νίκης
967 4300 1327 4362 ἀπολαύοντες
1347 4299 1613 4370 χαίρουσι,
1639 4299 1918 4370 σκιρτῶσι,
1946 4301 2023 4354 δι-

454 4387 560 4457 πλῇ
575 4385 738 4454 γαννύ
747 4403 917 4455 μενοι,
936 4384 1027 4437 καί
1039 4382 1114 4452 τῷ
1130 4382 1388 4452 σωθῆναι,
1403 4381 1648 4454 καί[525]
1662 4384 1740 4453 τῷ
1750 4383 1836 4436 διὰ
1848 4384 1980 4436 Θεοῦ
1997 4395 2019 4423 ε

455 4469 714 4538 σωθῆναι.
740 4468 908 4520 Τοῦτο
948 4467 1174 4518 ποιεῖται
1211 4463 1570 4534 εὐφροσύνην,
1605 4466 1633 4516 6
1669 4466 1730 4517 16
1767 4466 2024 4537 τρόπαιον

455 4555 675 4622 στήσας.
700 4548 830 4604 Εἶτα
865 4550 1076 4611 δεικνὺς
1095 4549 1185 4601 καὶ
1205 4551 1304 4618 τῆς
1324 4547 1635 4618 συμμαχίας
1652 4549 1753 4617 τῆς
1770 4550 2024 4621 τοιαύτης

451 4635 549 4704 τὴν
577 4635 852 4703 ἀφορμὴν,
873 4634 1178 4702 ἐπήγαγενο
1214 4633 1316 4684 Ἐν
1350 4631 1606 4697 σκηναῖς
1623 4630 1886 4685 δικαίων.
1909 4635 2024 4687 Οὐκ

450 4713 623 4772 εἶπεν.
639 4716 730 4768 Ἐν
747 4715 966 4778 οἰκίαις,
983 4713 1118 4776 ἀλλ’,
1137 4716 1238 4767 Ἐν
1254 4713 1529 4779 σκηναῖς,
1541 4712 1602 4765 τὸ
1613 4713 2022 4784 ἐσχεδιασμένον

450 4801 548 4870 τῆς
570 4799 835 4868 οἰκήσεως
852 4797 1029 4850 αὐτῶν
1053 4799 1396 4868 παραστῆσαι
1423 4796 1760 4866 βουλόμενος.
1785 4798 2019 4867 Τοιαύτη

448 4879 516 4952 ἦν
539 4883 571 4952 ή
595 4880 766 4952 σκηνὴ
784 4879 878 4932 τοῦ
903 4879 1168 4949 Ἁϐραάμ,
1187 4881 1274 4932 ὅτε
1302 4879 1590 4951 ἐπανῆλθε,
1606 4879 1715 4935 τῶν
1732 4882 2022 4954 βαρϐάρων

452 4966 888 5038 περιγενόμενος,
911 4963 1159 5034 λαμπρὸς
1190 4965 1298 5018 ἀπὸ
1334 4963 1440 5018 τῶν
1469 4964 1910 5036 κατορθωμάτων
1930 4985 2022 5036 γε-

447 5048 638 5118 γονώς.
663 5047 897 5119 Τοιαύτη
929 5043 997 5119 ἦν
1034 5049 1066 5120 ή
1106 5049 1278 5119 σκηνὴ
1307 5047 1400 5101 τοῦ
1434 5049 1668 5115 Παύλου,
1690 5051 1776 5103 ὅτε
1798 5052 2020 5124 ἐπανῄει

447 5135 555 5187 τῶν
590 5133 857 5202 δαιμόνων
892 5131 1330 5202 περιγενόμενος,
1349 5131 1444 5184 καὶ
1476 5133 1574 5202 τὴν
1613 5133 1818 5205 πλάνην
1851 5153 2020 5190 κατα-

445 5217 608 5281 λύων,
628 5217 722 5269 καὶ
749 5216 819 5269 τά
854 5213 1249 5286 κατορθώματα
1281 5213 1652 5286 διηγούμενος.
1691 5217 1864 5281 Δεξιὰ
1901 5224 2018 5274 Κν-

447 5301 579 5369 ρίου
619 5299 870 5368 ἐποίησε
909 5297 1186 5368 δύναμιν,
1213 5297 1381 5362 δεξιὰ
1410 5298 1632 5367 Kvplov
1679 5299 1886 5368 ὕψωσέ
1920 5321 2014 5374 με.

509 5407 536 5434 ⁸
583 5405 734 5453 Savil.
782 5405 864 5452 καὶ
902 5403 1156 5452 κλίνεσθαι·
1193 5403 1282 5452 sed
1324 5401 1374 5452 in
1407 5401 1627 5465 margine
1658 5405 2018 5456 κατακλίνεσθαι

447 5473 582 5515 nom
615 5473 667 5513 ut
694 5469 901 5514 alteram
928 5467 1208 5515 lectionem.

509 5525 537 5566 δ
559 5526 712 5576 Savil.
730 5529 812 5575 16v
835 5534 1030 5590 σωτῆρα
1054 5525 1326 5588 ὑμνοῦντος,
1350 5531 1404 5574 el.
1423 5524 1546 5575 infra
1571 5524 1699 5576 idem
1725 5528 2020 5589 ῖγκυλινδούο

512 5622 713 5720 ένῖςένὶἰ.
745 5650 797 5717 ig
817 5662 968 5720 marg.
995 5648 1508 5720 alteramjoqliogeq
1526 5649 1686 5720 οπο-τι,
1705 5653 1785 5699 καὶ
1810 5650 1894 5720 τοῦ
1916 5669 2017 5720 σῳ.

448 5711 600 5777 θῆναι,
621 5710 701 5754 καὶ
718 5710 802 5777 τοῦ
823 5718 897 5777 δια
921 5710 1064 5777 Θερῦ,
1087 5711 1318 5777 elc._lb_id
1369 5710 1532 5777 _Savil._
1553 5710 1694 5760 τοῦτο
1713 5714 1915 5762 ποιεῖται
1939 5713 2015 5761 s6-

453 5769 700 5826 εοοσύνην»
728 5767 900 5818 Morel.
925 5770 1067 5820 τοῦτο
1086 5773 1312 5830 ποιεῖτὴν
1337 5773 1638 5833 εὐφροσύνην.

1195 349 1253 405 8.
1293 349 1578 407 JOANNIS
1605 350 2099 412 CHRYSOSTOMI
2135 353 2453 412 ARCHIEP.
2489 352 3043 412 CONSTANTINOP.

2151 471 2292 541 Ὅρα
2329 472 2431 542 τῆς
2466 472 2836 542 ἀγαλλιάσεως
2871 471 2969 543 τὴν
2999 468 3272 524 ὑπόθεσιν.
3297 467 3466 522 Τοῦτο
3497 470 3599 541 γάρ
3617 472 3724 526 καὶ

2147 557 2240 610 νῦν
2281 557 2447 626 λέγει,
2471 559 2617 628 ὅπερ.
2645 557 2948 629 ἔμπροσθεν
2981 555 3154 622 ἔλεγε,
3188 555 3398 617 δεικνὺς
3435 554 3559 606 ὅτιὸ
3581 556 3722 616 Θεὸς

2145 639 2319 694 ταῦτα
2357 640 2738 713 κατώρθωσεν.
2765 641 2946 712 Ὁρᾷς,
2983 639 3086 691 ούκ
3122 636 3220 691 ἐνά
3245 637 3526 708 ἀπαλλαγῇ
3555 640 3721 708 μόνον

2145 723 2252 776 τῶν
2271 725 2477 789 δεινῶν,
2501 724 2635 778 ἀλλά
2654 725 2747 777 καὶ
2767 727 2824 777 ἐν
2847 724 3032 793 κτήσει
3053 720 3405 792 περιφανείας
3425 721 3719 792 γινομένην

2145 805 2311 858 αὐτοῦ
2348 807 2447 877 τὴν
2488 806 2830 877 εὐεργεσίανο
2885 803 3070 858 Εἰπὼν
3105 804 3243 874 γάρ·
3283 803 3455 866 Δεξιὰ
3492 805 3718 870 Κυρίου

2145 888 2395 956 ἐποίησε
2427 889 2701 958 δύναμιν,
2724 888 2971 958 ἐπήγαγε
2990 904 3005 920 ο
3038 885 3213 950 Δεξιὰ
3249 886 3471 954 Κυρίου
3503 885 3720 954 ὕψωσέ

2140 988 2237 1040 με.
2263 972 2350 1024 ῖνα
2383 970 2482 1041 τὴν
2513 970 2662 1040 αὐτῷ
2687 981 2711 1009 ο
2730 971 3027 1039 γενομένην
3045 967 3202 1032 δόξαν
3220 966 3454 1038 δηλώσῃ.
3478 967 3556 1020 T6
3569 967 3678 1038 γὰρ
3693 1007 3712 1034 ,

2147 1055 2383 1122 Ὕψωσέ
2398 1071 2496 1123 με,
2518 1054 2638 1108 ἀντί
2673 1052 2788 1119 τοῦ,
2829 1053 3094 1118 ἐδόξασεν,
3122 1051 3287 1104 ἐστίν.
3311 1051 3385 1103 Οὐ
3406 1051 3514 1122 γὰρ
3555 1051 3713 1122 μόνον

2144 1136 2400 1198 δυνατοὺς
2421 1136 2694 1206 ἐποίησεν,
2715 1133 2850 1187 ἀλλὰ
2871 1135 2964 1188 καὶ
2981 1133 3240 1198 ἐνδόξους.

2216 1223 2335 1274 Οὐκ
2357 1219 2787 1287 ἀποθανοῦμαι,
2811 1217 2971 1272 ἀλλὰ
3002 1215 3270 1286 ζήσομαι,
3305 1215 3402 1270 καί
3425 1215 3709 1284 διηγήσοο

2136 1319 2242 1370 μαι
2278 1302 2350 1355 τὰ
2385 1301 2530 1371 ἔργα
2558 1302 2796 1370 Κυρίου.
2819 1301 2882 1352 Οἰ
2919 1301 3017 1371 μὲν
3036 1300 3288 1362 κίνδυνοι,
3309 1299 3460 1369 φησι,
3483 1297 3710 1352 θάνατον

2140 1383 2414 1452 ἠπείλουν·
2439 1383 2548 1452 ἐγὼ
2565 1383 2646 1448 δὲ,
2669 1385 2788 1437 Οὐκ
2809 1382 3236 1450 ἀποθανοῦμαι,
3257 1381 3416 1436 ἀλλά
3437 1378 3706 1450 ζήσομαι.

2140 1468 2418 1530 Τουτέστι,
2439 1467 2658 1538 τοιαύτη
2681 1469 2714 1537 ή
2731 1466 2825 1519 τοῦ
2853 1465 3122 1518 Δεσπότου
3158 1464 3596 1536 παραδοξοποιία,
3626 1466 3710 1517 ὅτι

2141 1551 2236 1603 καί
2257 1551 2316 1615 ἐξ
2336 1552 2515 1604 αὐτῶν
2534 1552 2750 1622 ἥρπασε
2769 1549 2876 1602 τῶν
2897 1548 3162 1614 θανάτων,
3181 1550 3276 1603 καὶ
3294 1548 3400 1620 πρὸ
3435 1551 3534 1618 τῆς
3574 1551 3711 1602 Και-

2138 1634 2236 1702 νῆς
2269 1637 2329 1688 ἐν
2367 1637 2474 1698 τοῖς
2507 1633 2828 1706 παραδόξοις
2848 1633 3111 1696 κινδύνοις
3128 1635 3227 1704 τῆς
3245 1633 3592 1696 ἀναστάσεως
3608 1635 3708 1704 τὴν

2138 1717 2323 1770 εἰκόνα
2366 1717 3022 1788 προδιαγράφων.Ἔδωκε
3053 1717 3162 1787 γὰρ
3192 1719 3324 1786 ήμῖν
3345 1717 3438 1770 καί
3457 1716 3514 1782 ἐξ
3534 1717 3714 1787 ἀρχῆς
3785 1777 3796 1790 ι

2137 1801 2450 1870 αἰνίγματα,
2464 1801 2552 1854 ὅτε
2571 1800 2662 1853 τὸν
2684 1799 2851 1871 Ἑνὼχ
2874 1800 3218 1872 μετέστησεν.
3236 1801 3297 1853 Εἰ
3315 1799 3423 1872 γὰρ
3439 1801 3704 1864 ἀπιστεῖς,

2135 1884 2216 1936 ὅτι
2249 1885 2307 1937 06
2342 1885 2568 1939 δυνατὸν
2586 1885 2932 1956 διαναστῆναι
2956 1885 2975 1922 τ
3003 1883 3250 1954 σώματα,
3274 1885 3382 1938 ἀπὸ
3400 1884 3590 1937 τούτου
3612 1884 3705 1936 πί-

2138 1984 2313 2021 στευε.
2336 1966 2461 2030 Πῶς
2497 1967 2604 2038 γάρ
2640 1969 2868 2038 ἤρκεσεν
2886 1969 2967 2030 εἰς
2985 1969 3170 2038 χρόνον
3201 1966 3452 2021 τοσοῦτον
3470 1967 3530 2020 16
3549 1966 3714 2036 σῶμα·

2136 2053 2308 2104 ἐκεῖνο
2325 2066 2340 2114 ;
2357 2051 2430 2104 06
2447 2050 2556 2120 γάρ
2570 2052 2716 2104 ἐστιν
2735 2050 2847 2105 ῖσον
2864 2051 3040 2104 οἰκία»
3056 2050 3454 2121 διεφθαρμένην
3465 2051 3706 2122 ἀναστῆο

2139 2151 2249 2199 σαι,
2273 2135 2368 2188 καὶ
2405 2136 2502 2204 τὴν
2541 2133 2745 2204 σαθρὰν
2782 2135 2876 2188 καὶ
2910 2133 3143 2187 παλαιὰν
3161 2130 3325 2187 οὖσαν
3344 2133 3706 2206 διακρατῆσαι

2135 2219 2228 2271 ἐπὶ
2259 2218 2448 2288 χρόνον
2482 2217 2750 2270 τοσοῦτον.
2779 2217 2891 2271 Οὐκ
2921 2218 3119 2280 ἐννοεῖς
3137 2217 3218 2270 ὅτι
3236 2217 3335 2269 ούκ
3353 2216 3482 2270 ὄντα
3514 2218 3706 2288 ἐποίη-

2137 2319 2260 2367 σεν;
2299 2301 2507 2355 Οὐκοῦν
2535 2301 2714 2370 πολλῷ
2738 2301 2934 2371 μᾶλλον
2953 2301 3251 2371 ἀναστῆσαι
3269 2301 3706 2372 δύναται.Ἐχεις

2135 2385 2229 2438 καὶ
2265 2384 2452 2456 ἑτέραν
2489 2385 2669 2437 εἰκόνα
2687 2383 2786 2454 τῆς
2816 2383 3180 2448 ἀναστάσεως,
3217 2383 3361 2452 λέγω
3394 2382 3493 2453 τὴν
3523 2383 3704 2437 Ἡλίου

2135 2468 2415 2540 ἁρπαγὴν,
2435 2468 2492 2531 ὃς
2527 2468 2735 2520 οὐδέπω
2776 2468 2868 2520 καὶ
2902 2468 3140 2537 τήμερον
3160 2466 3498 2535 ἐτελεύτησε.
3519 2467 3706 2522 Πάντα

2137 2551 2294 2622 ῥᾴδια
2335 2551 2427 2603 καὶ
2463 2549 2656 2602 εὔκολα
2693 2549 2771 2620 τῷ
2807 2549 2943 2620 Θεῷ.
2970 2551 3090 2602 Οὐκ
3128 2548 3513 2614 ἀδυνατήσει,
3549 2550 3703 2618 φησὶ,

2135 2633 2292 2701 παρὰ
2328 2632 2408 2697 τῷ
2446 2632 2568 2698 Θεῷ
2603 2632 2724 2688 πᾶν
2750 2631 2932 2702 ῥῆμα.
2956 2633 3065 2686 Καὶ
3100 2633 3128 2684 6
3160 2632 3482 2704 Προφήτης·
3505 2633 3708 2688 Πάντα

2136 2716 2252 2770 ὅσα
2277 2716 2599 2783 ἠθέλησεν,
2619 2716 2927 2783 ἐποίησεν.
2951 2717 3060 2786 Οὐχ
3078 2718 3210 2786 ὁρᾷς
3245 2715 3326 2768 δτι
3368 2717 3460 2768 καὶ
3481 2717 3561 2768 σοὶ
3579 2715 3716 2769 δύσ-

2135 2801 2266 2854 κολα
2303 2802 2371 2853 τά
2401 2800 2495 2853 τοῦ
2529 2801 2773 2862 τέκτονος
2810 2800 2978 2871 ἔργα;
3018 2799 3156 2852 Ἀλλ’
3190 2799 3338 2870 ὅμως
3360 2801 3708 2870 παραχωρεῖς

2133 2886 2198 2952 τῇ
2219 2884 2400 2956 τέχνῃ.
2426 2878 2557 2935 Εἶτα
2592 2885 2658 2952 τῇ
2701 2881 2800 2952 μὲν
2835 2880 3115 2935 συνδούλου
3134 2881 3299 2952 τέχνῃ
3319 2883 3663 2952 παραχωρεῖς
3687 2897 3700 2909 ·

2133 2965 2228 3018 τοῦ
2247 2966 2303 3017 δὲ
2323 2965 2594 3018 Δεσπότου
2615 2965 2712 3035 τὴν
2735 2964 2926 3032 σοφίαν
2945 2963 3174 3026 εὐθύνας
3193 2965 3442 3025 ἀπαιτεῖς
3458 2971 3506 3024 σ,
3531 2963 3621 3015 καὶ
3639 2963 3706 3014 o6

2135 3047 2405 3120 καταδέχῃ
2443 3050 2507 3118 τῇ
2551 3047 2729 3100 πίστει
2770 3047 2826 3099 τὸ
2864 3047 3179 3119 γινόμειιοκ
3215 3047 3324 3100 Καὶ
3343 3046 3512 3116 πόσης
3528 3045 3702 3098 ταῦτα

2135 3132 2258 3198 ἄξια
2297 3131 2508 3195 ἀνοίας;
2551 3132 2672 3184 Οὐκ
2705 3127 3136 3198 ἀποθανοῦμαι,
3158 3129 3316 3185 ἀλλὰ
3347 3127 3610 3198 ζήσομαι.
3636 3129 3706 3182 Et

2133 3231 2213 3276 τις
2231 3215 2323 3267 καὶ
2340 3214 2480 3266 κατά
2498 3213 2786 3282 ἀναγωγὴν
2799 3213 3018 3266 ἐκλάόοι
3028 3213 3088 3265 16
3103 3212 3409 3282 εἰρημένον,
3421 3212 3517 3281 οὺχ
3531 3213 3706 3281 ἀμαρ-

2133 3299 2377 3366 τήσεται.
2401 3296 2463 3348 Εἰ
2495 3296 2605 3365 γὰρ
2635 3296 2726 3348 καὶ
2747 3298 2872 3365 περί
2894 3295 2990 3365 τῆς
3012 3295 3360 3358 ἀναστάσεως
3379 3293 3536 3347 τοῦτο
3555 3296 3706 3364 εἰρη-

2132 3397 2222 3434 ται
2254 3378 2347 3450 (τὸ
2367 3379 2494 3450 γὰρ,
2535 3380 2655 3432 Οὐκ
2675 3378 3107 3446 ἀποθανοῦμαι,
3129 3376 3416 3448 δηλοῦντός
3435 3379 3602 3440 ἐστιν,
3623 3377 3704 3430 ὅτι

2133 3462 2254 3516 ούδέ
2263 3463 2292 3514 6
2305 3462 2532 3524 θάνατος
2547 3460 2817 3530 θάνατος),
2831 3461 2942 3514 ἀλλ’
2959 3460 3107 3534 [524]
3119 3463 3266 3532 ὅμως
3279 3463 3373 3515 καὶ
3386 3462 3508 3515 καθ’
3521 3461 3606 3514 ἐτε
3613 3478 3702 3532 ρον

2132 3545 2332 3616 τρόπον
2378 3547 2588 3598 νοεῖται.
2615 3547 2734 3598 Οὐκ
2775 3544 3184 3613 ἀποθανοῦμαι
3221 3543 3363 3616 γὰρ,
3406 3544 3574 3615 φησὶ,
3612 3543 3704 3596 τὸν

2134 3629 2317 3698 ἕτερον
2339 3627 2586 3691 θάνατον,
2607 3627 2666 3680 ὃν
2686 3627 2779 3680 καὶ
2804 3628 2831 3680 6
2849 3628 3081 3698 Χριστὸς
3098 3627 3462 3698 αἰνιττόμενος
3484 3626 3667 3694 ἔλεγεν
3685 3641 3700 3656 ο

2145 3711 2199 3762 ’0
2237 3711 2536 3764 πιστεύων
2569 3711 2656 3775 εἰς
2691 3709 2816 3778 ἐμὲ,
2854 3709 2970 3762 κᾶν
2997 3709 3288 3777 ἀποθάνῃ,
3311 3708 3549 3774 ζήσεται
3569 3725 3583 3739 ·
3604 3708 3708 3762 καί

2133 3792 2253 3860 πᾶς
2288 3797 2321 3848 ό
2357 3791 2470 3854 ζῶν
2503 3792 2598 3846 καί
2631 3793 2930 3846 πιστεύων
2956 3795 3043 3858 εἰς
3061 3791 3183 3861 ἐμὲ,
3213 3791 3386 3860 οὐμὴ
3405 3791 3702 3861 ἀποθάνῃ.

2132 3878 2244 3931 Kal
2291 3875 2647 3946 διηγήσομαι
2681 3874 2754 3929 τὰ
2794 3875 2938 3946 ἔργα
2977 3875 3218 3943 Κυρίου.
3259 3874 3428 3929 Τοῦτο
3470 3876 3706 3946 μάλιστα

2134 3951 2268 4030 ζωή,
2289 3958 2349 4013 16
2368 3963 2464 4014 καὶ
2483 3959 2643 4013 αὑτὸν
2662 3961 2851 4020 αἰνεῖν,
2873 3957 2968 4012 καὶ
2985 3959 3066 4022 εἰς
3084 3958 3328 4022 ἅπαντας
3359 3957 3703 4027 ἐξαγγέλλειν

2132 4042 2202 4095 τὰ
2241 4042 2493 4112 θαύματα
2532 4041 2718 4097 αὑτοῦ.
2753 4043 2889 4096 Ποῖα
2927 4041 3096 4113 ἐργα;
3134 4041 3256 4094 εἰπέ
3297 4059 3407 4110 μοι.
3447 4041 3630 4095 Ταῦτα
3665 4042 3702 4097 ἃ

2135 4125 2316 4193 μέλλει
2357 4125 2696 4195 διηγεῖσθαι,
2733 4124 2989 4193 ἐπάγων’
3031 4123 3331 4177 Παιδεύων
3379 4124 3704 4179 ἐπαίδευσέ

2125 4225 2202 4277 με
2221 4213 2252 4263 ὀ
2274 4211 2506 4277 Κύριος,
2527 4209 2624 4265 καὶ
2660 4207 2741 4274 τῷ
2773 4206 3004 4276 θανάτῳ
3021 4209 3093 4262 οὐ
3115 4206 3417 4276 παρέδωκέ
3429 4225 3524 4276 με.
3547 4203 3702 4271 Εἶδες

2129 4292 2228 4360 τὴν
2272 4291 2761 4361 παραδοξοποιίαν;
2801 4286 2939 4354 εἶδες
2974 4290 3037 4343 16
3076 4292 3373 4361 χρήσιμον;
3415 4291 3488 4343 Οὐ
3508 4290 3617 4361 γάρ
3634 4291 3699 4362 δὴ

2134 4373 2292 4444 μόνον
2328 4375 2407 4426 ὅτι
2451 4373 2737 4444 ἀπηλλάγη
2775 4375 3104 4444 εὐχαριστεῖ,
3128 4374 3342 4427 ἀλλ’ὅτι
3364 4374 3457 4427 καὶ
3477 4373 3700 4426 ἐνέπεσε

2130 4459 2288 4528 χάριν
2324 4454 2430 4510 οἶδε
2472 4459 2756 4528 μεγίστην,
2778 4458 2871 4509 καὶ
2890 4457 3036 4524 λέγει
3061 4457 3124 4509 16
3155 4453 3344 4527 κέρδος
3377 4456 3471 4510 τοῦ
3507 4473 3701 4526 πειρα-

2131 4539 2290 4608 σμοῦ.
2313 4541 2473 4593 Ποῖον
2489 4540 2552 4611 δὴ
2571 4539 2761 4603 10610;
2784 4539 3085 4593 Παιδεύων
3101 4538 3425 4593 ἐπαίδευσέ
3439 4557 3516 4607 με
3533 4542 3566 4592 ό
3589 4540 3704 4592 Κύ-

2120 4641 2272 4691 ριος,
2296 4621 2447 4692 φησί.
2483 4623 2652 4676 Τοῦτο
2687 4623 2794 4675 τῶν
2814 4620 3074 4675 κινδύνων
3088 4621 3148 4674 16
3168 4623 3453 4692 χρήσιμον,
3475 4622 3555 4675 ὅτι
3579 4620 3701 4690 βελ-

2128 4707 2276 4759 τίονα
2297 4705 2608 4775 εἰργάσατο.
2628 4700 2782 4768 Εἶδες
2801 4704 3138 4776 ἑκατέρωθεν
3153 4703 3316 4758 αὐτοῦ
3335 4705 3432 4776 τὴν
3447 4704 3700 4773 δύναμιν.

2129 4788 2223 4841 καὶ
2260 4787 2356 4860 τὴν
2395 4787 2739 4858 κηδεμονίαν,
2775 4789 2869 4841 καὶ
2903 4787 2963 4839 16
3006 4789 3220 4856 ἀφεῖναι
3258 4786 3700 4856 ἐναποληφθῆναι

2126 4874 2239 4935 τοῖς
2275 4872 2467 4936 δεινοῖς
2483 4872 2532 4934 ιι,
2556 4870 2650 4924 καὶ
2669 4870 2728 4922 16
2749 4870 2908 4923 πάλιν
2929 4870 3231 4935 ἀπαλλάξαι
3254 4887 3267 4935 ;
3295 4869 3378 4934 Τῷ
3396 4869 3503 4940 γὰρ
3521 4868 3700 4922 θανά-

2126 4955 2224 5020 τῷ,
2247 4974 2318 5026 φη
2327 4957 2429 5017 σίν,
2451 4957 2522 5008 οὑ
2555 4953 2856 5022 παρέδωκέ
2892 4971 2987 5024 με.
3009 4955 3117 5007 Καὶ
3143 4953 3321 5018 καλῶς
3343 4950 3493 5006 εἶπεν
3515 4952 3599 5005 ἕτε
3610 4968 3698 5021 ρος

2127 5041 2464 5111 ἑρμηνευτής
2485 5056 2496 5068 ·
2525 5039 2608 5103 Τῷ
2626 5038 2694 5091 δὲ
2712 5037 2942 5102 θανάτῳ
2959 5041 3070 5093 οὐκ
3090 5038 3273 5092 ἔδωκέ
3289 5056 3383 5108 με,
3403 5038 3490 5091 ῖνα
3523 5035 3698 5106 δηλώ-

2187 5220 2214 5260 d
2239 5223 2308 5272 lla
2325 5221 2476 5270 Savil.
2500 5221 2566 5270 Αι
2587 5219 2758 5282 more}:
2785 5221 2896 5282 ὁρᾷς
2919 5220 2992 5267 ὅτι
3013 5218 3102 5267 οὐκ
3124 5218 3190 5266 ιν.

2187 5297 2213 5324 ι’
2242 5286 2391 5334 Savil.
2417 5286 2494 5332 ἵνα
2511 5284 2596 5339 τὴν
2618 5279 2783 5330 αὑτοῦ.

2195 5345 2213 5384 ι’
2243 5347 2392 5395 Savil.
2414 5345 2494 5392 καὶ
2517 5337 2804 5401 εἰ-ἀπιστεῖς,
2829 5343 2901 5389 ὅτι
2922 5341 2977 5389 o6
3016 5341 3210 5389 δυνατὸν
3246 5341 3521 5398 ἀναστῆναι.
3567 5337 3695 5388 Infra

2123 5409 2280 5475 διῇξε
2299 5407 2450 5475 οἰκίαν
2473 5404 2578 5468 [μὴ]
2606 5402 3033 5475 διειξθαρμένην..ίῐι
3055 5403 3225 5475 Mqrel.
3263 5403 3326 5464 μή
3349 5403 3508 5450 deest.

2188 5471 2213 5508 ε
2239 5467 2408 5517 Morel.
2434 5465 2753 5529 προαπαιτεῖς.
2771 5465 2930 5529 δεινῇ.
2953 5465 3180 5529 ἀπαιτεῖς.

2184 5531 2214 5570 δ
2248 5529 2453 5592 Ἀφεῖναι
2475 5523 2745 5592 περιπεσεῖν
2763 5527 2864 5592 τοῖς
2878 5526 3043 5592 δεινιῇς
3063 5527 3184 5592 “pg.
3209 5524 3318 5592 610x
3347 5531 3459 5592 post
3477 5523 3696 5592 ἀπαλλά-

2124 5594 2195 5648 ξαι
2217 5587 2347 5640 {Addit
2370 5592 2418 5637 in
2445 5587 2597 5650 mafg.
2618 5589 2767 5636 88V“.
2790 5589 2870 5636 καὶ
2889 5589 3046 5641 καλῶς
3066 5587 3196 5650 ἓῖπςν
3219 5587 3373 5650 ξτερος
3392 5587 3691 5650 ἑρμηνξντήςε

2122 5647 2178 5704 ac
2201 5655 2240 5702 si
2267 5653 2349 5700 illa
2376 5647 2676 5709 verbafqua
2699 5657 2992 5710 sequunlur,
3031 5647 3099 5710 τῷ
3117 5649 3207 5709 γὰρ
3229 5647 3414 5709 θανάτῳ
3431 5647 3518 5694 οὐκ
3542 5647 3691 5694 ἐδωτέ

2124 5732 2200 5775 με,
2227 5715 2323 5761 sint
2348 5712 3010 5775 a’leriusjnlcrprclﬁs‘nnn
3027 5709 3373 5775 (Zhyysoglomi.
3395 5709 3496 5758 Sed
3523 5716 3690 5756 lcuus

2125 5769 2291 5826 ὂνῦςίῑ
2318 5777 2365 5824 iu
2391 5775 2541 5823 Savil.
2569 5769 2798 5833 beneQue
2823 5771 2970 5819 habet
3001 5771 3048 5817 in
3091 5769 3260 5820 Morel.
