4062 6208
328 421 432 478 533

331 539 670 604 superantes,
699 530 944 601 permisit
964 537 1017 584 ut
1039 537 1259 598 utraque
1281 534 1574 581 manerent.
1598 517 1907 591 Huiusmodi

331 640 542 696 quoque
572 633 700 679 tunc
735 622 927 679 accidit
950 622 1284 675 miraculum.
1315 617 1462 672 Sicut
1489 615 1624 685 ignis
1647 615 1788 668 enim
1818 627 1912 666 ac-

330 716 640 779 currebant,
670 713 808 768 sicut
836 726 965 780 apes
983 726 1104 766 cum
1142 723 1328 778 magna
1353 707 1511 760 animi
1537 705 1808 760 alacritate
1835 704 1915 757 in-

331 810 617 870 vadebant,
645 807 785 860 intus
803 806 1149 874 interceptum
1179 801 1446 858 tenebant,
1469 813 1568 853 nec
1591 797 1784 868 aliquid
1817 811 1912 866 po-

334 909 546 956 tuerunt
575 899 769 953 lacere.
812 897 971 951 Arma
996 894 1136 950 enim
1165 893 1377 957 invicta,
1409 889 1665 944 auxilium
1694 890 1915 957 inexpu-

330 991 562 1062 gnabile,
591 989 684 1042 Dei
709 1002 899 1041 nomen
922 987 1064 1054 ipsos
1078 997 1264 1039 omnes
1284 981 1500 1051 expulit.
1521 981 1606 1034 15.
1632 971 1910 1049 Impulsus,

331 1100 531 1139 eversus
552 1099 668 1136 sum
695 1089 750 1134 ut
777 1081 1026 1143 caderem,
1054 1087 1100 1133 et
1126 1076 1372 1130 Dominus
1408 1075 1625 1142 suscepit
1648 1090 1747 1126 me.
1779 1073 1918 1127 Dixit

333 1175 598 1228 malorum
630 1170 1040 1240 magnitudinem
1069 1183 1099 1221 a
1138 1166 1506 1230 multitudine,
1541 1180 1571 1219 a
1617 1165 1813 1233 ﬁgura,
1850 1163 1917 1218 ab

332 1264 492 1318 animi
523 1263 820 1323 alacritate,
851 1259 919 1313 ab
963 1259 1040 1314 ira
1085 1273 1270 1313 eorum
1321 1257 1412 1326 qui
1455 1255 1711 1310 invadunt
1744 1272 1758 1308 :
1789 1254 1917 1308 dicit

329 1355 490 1410 etiam
523 1354 593 1408 ab
615 1353 681 1407 iis
708 1368 827 1422 quae
852 1353 966 1420 ipse
988 1365 1174 1419 passus
1196 1358 1296 1404 est.
1323 1350 1416 1410 ita,
1450 1349 1636 1418 inquit,
1667 1362 1752 1401 me
1781 1347 1915 1400 mala

331 1445 516 1498 adorta
547 1451 696 1507 sunt,
730 1451 786 1495 ut
825 1456 1011 1510 parum
1046 1439 1292 1497 abfuerit.
1320 1437 1444 1508 quin
1472 1438 1716 1491 caderem
1741 1446 1795 1490 et
1823 1435 1918 1490 de-

335 1535 600 1590 turbarer.
635 1534 898 1603 impulsus
922 1532 1086 1597 enim,
1133 1531 1203 1585 ita
1247 1529 1324 1584 fui
1371 1545 1605 1594 eversus,
1636 1539 1696 1583 ut
1743 1543 1916 1584 essent

333 1629 491 1683 etiam
522 1642 786 1681 casurus:
815 1625 909 1680 sed
937 1640 1059 1679 cum
1096 1624 1204 1694 jam
1235 1639 1406 1677 essem
1447 1625 1495 1676 in
1525 1637 1696 1692 genua
1738 1622 1918 1691 lapsu-

333 1733 441 1779 rus,
471 1727 525 1771 et
553 1717 862 1781 inclinarer,
903 1723 956 1768 et
990 1729 1170 1769 rerum
1217 1714 1564 1768 humanarum
1605 1713 1748 1767 nulla
1774 1721 1918 1766 esset

329 1823 449 1876 spes
479 1809 694 1872 relicta,
723 1817 846 1860 tunc
869 1821 1024 1860 suum
1050 1804 1283 1859 ostendit
1305 1804 1577 1858 auxilium.
1606 1801 1718 1857 Hoc
1739 1811 1915 1856 autem

331 1899 453 1953 facit
488 1898 674 1963 Deus,
705 1912 773 1952 ne
806 1897 943 1951 ullus
979 1896 1094 1964 ejus
1121 1896 1220 1950 sibi
1263 1895 1483 1965 gloriam
1525 1895 1770 1949 vindicet.
1807 1894 1918 1948 Hoc

331 1990 488 2044 etiam
519 1990 583 2044 in
609 1989 825 2042 historia
846 1987 1086 2043 Judicum
1119 1987 1241 2042 fecit
1267 1987 1318 2040 in
1346 1986 1595 2042 Gedeone
1613 1984 1805 2057 (ludio.
1835 1985 1914 2054 7).

335 2080 629 2150 Propterea
655 2087 909 2150 regnante
933 2094 1143 2147 quoque
1171 2077 1392 2132 Ezecliia
1417 2079 1591 2131 erexit
1627 2086 1784 2132 noctu
1809 2085 1919 2131 tro-

333 2185 502 2238 paeum
544 2171 622 2237 (4.
655 2169 781 2238 Reg.
808 2168 892 2223 19.
922 2168 1030 2240 ὣ).
1055 2168 1109 2222 Si
1134 2171 1277 2222 enim
1307 2168 1398 2222 ille
1423 2181 1544 2221 cum
1575 2168 1705 2221 nihil
1732 2167 1795 2220 ad
1830 2167 1916 2220 vi-

336 2269 586 2324 ctoriam,
611 2261 744 2315 nihil
769 2261 832 2315 ad
865 2262 1058 2316 bellum
1094 2261 1421 2323 contulisset,
1451 2259 1709 2329 superbus
1737 2270 1916 2315 tamen

337 2362 390 2404 et
413 2366 675 2421 arrogans
701 2350 870 2404 factus
895 2361 979 2405 est
1010 2367 1024 2403 :
1061 2351 1103 2404 si
1131 2351 1312 2420 praelia
1340 2359 1544 2404 tantum
1571 2349 1914 2412 interfuisset,

339 2443 382 2495 si
423 2443 679 2496 cadentes
713 2443 932 2496 vidisset
969 2457 1061 2496 eos
1101 2443 1190 2512 qui
1242 2443 1706 2507 interﬁciebantur,
1737 2457 1917 2497 annon

342 2533 440 2588 hoc
461 2535 517 2589 ei
565 2534 732 2588 multo
759 2535 926 2604 magis
961 2534 1282 2588 accidisset?
1321 2532 1548 2600 Quando
1572 2548 1700 2602 ergo
1727 2533 1795 2585 ab
1822 2532 1918 2586 hu-

342 2642 496 2682 mana
523 2641 618 2695 spe
648 2642 735 2680 res
761 2637 883 2681 sunt
911 2626 1218 2694 deploratae,
1249 2640 1403 2679 smnu
1431 2635 1556 2678 tunc
1584 2625 1736 2678 affert
1761 2625 1911 2678 ausi-

345 2717 496 2770 lium.
529 2717 641 2771 Hoc
683 2717 808 2772 fecit
850 2719 901 2770 in
936 2716 1147 2773 Golith
1187 2718 1267 2783 (i.
1298 2715 1424 2786 Reg.
1461 2717 1548 2783 17)
1579 2734 1590 2766 :
1627 2715 1728 2770 hoc
1752 2715 1914 2770 etiam

343 2809 462 2862 fecit
492 2809 542 2862 in
568 2810 841 2878 apostolis.
870 2810 936 2863 Et
976 2809 1096 2863 ideo
1127 2809 1333 2863 dicebat
1355 2810 1548 2863 Paulus
1571 2828 1584 2862 :
1610 2809 1714 2863 Sed
1740 2811 1836 2878 ipsi
1863 2810 1916 2862 in

346 2899 608 2968 uobisipsis
643 2915 934 2968 responsum
961 2901 1137 2953 mortis
1168 2899 1436 2953 habuimus
1465 2902 1564 2968 (τι),
1587 2911 1642 2952 ut
1667 2917 1767 2954 non
1798 2916 1918 2952 con-

348 2991 615 3057 ﬁderemus
632 2991 686 3044 in
715 2990 995 3060 nobisipsis,
1029 2993 1119 3046 sed
1147 2994 1200 3046 in
1227 2991 1336 3045 Deo
1372 2993 1458 3062 qui
1483 2995 1668 3046 excitat
1696 2999 1918 3045 ntortuos

348 3080 423 3150 (2.
455 3081 574 3136 Cor.
607 3085 656 3136 1.
689 3082 767 3154 9).
794 3083 880 3136 14.
913 3081 1183 3137 Fortitudo
1221 3099 1351 3148 mea,
1382 3093 1428 3138 et
1457 3083 1568 3137 laus
1609 3099 1718 3137 mea
1743 3083 1920 3137 Domi-

349 3189 462 3234 nus,
487 3183 532 3226 et
561 3177 725 3244 factus
749 3184 818 3228 est
839 3174 965 3226 mihi
989 3176 1042 3227 in
1079 3175 1312 3229 salutem.
1352 3175 1512 3242 Quasi
1539 3175 1760 3240 diceret,
1798 3175 1916 3230 Fuit

349 3263 478 3317 mihi
525 3264 638 3330 ipse
673 3266 834 3319 virtus
859 3274 914 3319 et
940 3265 1215 3320 auxilium.
1259 3265 1394 3334 Quid
1439 3275 1522 3320 est
1556 3275 1732 3322 autem
1777 3268 1916 3338 quod

351 3353 503 3420 dicit,
555 3355 689 3408 Laus
733 3357 877 3409 mea?
917 3356 1094 3412 Gloria
1138 3372 1292 3422 mea,
1347 3358 1738 3412 commendatio
1777 3375 1914 3424 mea,

350 3444 506 3500 decus
533 3461 729 3511 meum,
755 3462 903 3502 meus
939 3448 1210 3517 splendor.
1243 3448 1356 3502 Non
1376 3451 1548 3504 solum
1569 3451 1708 3504 enim
1731 3450 1918 3505 liberat

346 3551 376 3589 a
405 3538 668 3606 periculis,
705 3539 797 3592 sed
822 3541 995 3594 claros
1019 3542 1179 3595 etiam
1206 3539 1330 3596 facit
1353 3551 1408 3596 et
1443 3542 1710 3609 illustres;
1736 3552 1792 3598 et
1819 3542 1918 3598 hoc

347 3630 538 3699 ubique
566 3630 729 3684 videri
760 3641 951 3700 potest,
977 3632 1094 3686 dari
1121 3648 1240 3688 cum
1269 3634 1431 3702 gloria
1457 3636 1705 3691 salutem.
1752 3635 1918 3689 Porro

345 3721 484 3774 aliud
510 3737 722 3791 quoque
755 3738 852 3791 per
875 3723 975 3777 hoc
1002 3724 1228 3779 obscure
1266 3727 1608 3796 signilicatur.
1639 3727 1916 3794 Quodnam

346 3810 483 3866 hoc?
509 3813 620 3867 lloc
638 3825 739 3875 est,
769 3814 952 3884 inquit,
982 3816 1110 3870 mihi
1142 3827 1449 3886 perpetuum
1475 3819 1772 3884 canticum,
1820 3819 1921 3874 hoc

345 3912 427 3956 est
456 3904 584 3958 mihi
611 3920 712 3958 vox
757 3917 1042 3975 perpetua,
1094 3908 1322 3978 hymnus
1351 3910 1438 3980 qui
1481 3909 1548 3965 de
1591 3925 1656 3965 eo
1692 3912 1918 3978 canitur,

345 3991 448 4048 hoc
473 4006 555 4048 est
579 3995 706 4049 mihi
740 4007 1050 4066 perpetuum
1089 4013 1300 4063 manus,
1325 4014 1445 4054 eum
1473 4001 1707 4056 laudare.

414 4086 469 4140 4.
515 4087 746 4141 Audiant
791 4091 880 4158 qui
932 4090 1182 4144 samnicis
1220 4087 1439 4146 canticis
1480 4104 1915 4162 corrumpuntur,

343 4185 597 4244 quantum
627 4178 805 4233 damni
850 4179 1070 4246 faciant,
1093 4191 1345 4251 quantum
1389 4182 1495 4238 sint
1525 4184 1718 4253 indigni
1745 4186 1917 4251 venia,

347 4281 488 4331 cum,
523 4269 625 4323 isto
662 4281 987 4326 servatorem
1018 4283 1274 4342 perpetuo
1301 4273 1582 4339 laudante,
1611 4276 1685 4332 illi
1717 4277 1768 4330 in
1811 4277 1922 4348 dte-

345 4373 561 4414 monum
587 4362 805 4416 cimicis
836 4373 1089 4433 perpetuo
1111 4367 1429 4420 volutentur.
1457 4367 1543 4422 15.
1577 4366 1683 4421 Voa:
1702 4369 1924 4422 exsulta-

347 4451 496 4505 tionis
524 4464 570 4506 et
597 4456 774 4508 salutis
801 4456 855 4509 in
888 4458 1221 4512 tabernaculis
1236 4459 1510 4528 justorum.
1535 4459 1757 4528 Quando
1779 4461 1919 4514 enim

347 4557 438 4597 res
465 4546 710 4602 universa
739 4563 766 4600 a
793 4549 902 4601 Deo
921 4551 1174 4618 praeclare
1197 4560 1344 4620 gesta
1368 4551 1554 4606 fuerit:
1583 4551 1670 4621 qui
1703 4553 1920 4607 victoria

349 4635 610 4703 fruuntur,
633 4639 883 4706 gaudent,
901 4642 1190 4705 exsultant,
1209 4642 1402 4712 duplici
1430 4643 1608 4696 laetitia
1634 4641 1828 4708 allecti,
1858 4652 1913 4698 et

345 4727 486 4794 quod
515 4731 712 4784 servati
742 4741 881 4796 sunt,
903 4740 956 4786 et
975 4734 1114 4803 quod
1145 4750 1239 4802 per
1265 4737 1426 4790 Deum
1451 4738 1669 4790 servati.
1701 4736 1922 4792 Latitiae

347 4819 424 4873 eis
447 4837 602 4877 causa
645 4835 723 4880 est
771 4827 836 4892 is,
865 4829 953 4897 qui
1000 4839 1255 4898 tropieum
1285 4833 1470 4886 erexit.
1503 4831 1704 4886 Deinde
1743 4842 1925 4886 osten-

347 4912 478 4967 dens
505 4916 756 4986 quidnam
797 4935 917 4974 eum
941 4921 1209 4990 impulerit
1242 4922 1306 4976 ad
1337 4922 1437 4976 hoc
1472 4923 1746 4977 ferendum
1777 4924 1928 4977 auxi-

351 5006 498 5072 lium,
521 5010 813 5079 suitjunxit,
849 5011 911 5068 In
939 5016 1272 5069 tabernaculis
1301 5017 1570 5086 justorum.
1611 5015 1727 5070 Non
1771 5015 1922 5081 dixit,

352 5097 404 5153 in
453 5101 720 5172 domibus,
749 5107 876 5172 sed,
912 5107 978 5160 In
1022 5109 1388 5175 tabernaculis,
1415 5109 1600 5163 volens
1643 5109 1926 5165 ostendere

353 5200 767 5268 extemporalem
799 5212 1034 5270 paratam
1067 5202 1466 5256 habitationem.
1515 5201 1643 5257 Tale
1688 5211 1798 5257 erat
1844 5210 1926 5256 la-

354 5287 694 5345 bernaculum
730 5292 978 5358 Abrahae,
1005 5294 1216 5361 quando
1248 5293 1474 5358 redibat,
1505 5293 1766 5362 superatis
1789 5295 1927 5363 regi-

357 5379 474 5444 hus,
523 5396 766 5454 magnam
809 5397 875 5435 ex
914 5382 1073 5437 rebus
1101 5384 1263 5450 gestis
1307 5384 1526 5453 gloriam
1569 5394 1928 5454 consequutus

354 5469 507 5536 (Gen.
540 5473 624 5526 H.
651 5472 768 5542 £6).
794 5473 921 5528 Tale
949 5483 1065 5527 erat
1101 5474 1244 5528 Pauli
1279 5475 1694 5542 tabernaculum,
1715 5475 1928 5547 quando

355 5562 728 5618 revertebatur
750 5567 1008 5632 superatis
1030 5564 1380 5631 daemonibus,
1408 5581 1642 5622 errorem
1665 5567 1733 5623 de
1753 5568 1928 5623 medio

358 5654 580 5721 tollens,
612 5657 937 5724 etprarciara
989 5657 1229 5713 referens
1284 5655 1538 5713 facinora.
1589 5659 1676 5715 lli.
1711 5659 1929 5713 Dextera

415 5786 489 5852 (α)
522 5789 605 5852 llic
637 5789 772 5841 locus
811 5792 1129 5852 exilicahitur
1170 5793 1216 5843 in
1254 5789 1466 5842 llomlliis
1504 5792 1553 5840 in
1576 5790 1833 5841 Secundam
1871 5792 1930 5842 ad

355 5849 642 5901 liorinthios.
669 5862 776 5904 5am
792 5857 854 5908 de
878 5849 1006 5909 illius
1027 5856 1371 5920 Significatione
1385 5855 1576 5918 quidam
1592 5852 1924 5913 digladiantur.

1447 403 1804 466 EXPOSlTlO
1841 403 1907 459 iN
1946 401 2263 461 PSALMUM
2294 405 2498 464 CXVII.

3492 421 3597 476 3M

2019 519 2226 575 Domini
2245 525 2358 594 fecit
2373 526 2616 589 uirtutem,
2636 525 2840 580 dextera
2868 526 3070 582 Domini
3097 533 3326 585 rmiltauit
3364 534 3602 589 me.\lide

2019 614 2350 667 occasionem
2372 615 2760 671 exsultationis.
2795 616 2934 671 Idem
2957 620 3097 672 enim
3121 636 3260 677 nunc
3286 624 3432 688 dicit,
3457 624 3598 694 quod

2019 713 2175 759 antea
2197 703 2428 773 diccbat,
2456 709 2744 763 ostendens
2784 708 2900 762 huic
2923 725 2953 762 a
2985 709 3093 763 Deo
3121 709 3284 766 fuisse
3320 725 3487 780 gesta.
3513 715 3602 768 Vi-

2020 795 2115 851 des
2141 811 2246 852 non
2287 800 2457 853 solum
2492 798 2544 852 in
2575 800 2887 854 liberatione
2931 816 2958 854 a
3003 801 3188 864 malis,
3235 803 3330 856 sed
3357 805 3516 858 etiam
3548 806 3598 857 iu

2021 889 2368 956 acquisitioue
2397 891 2581 959 gloria:
2609 900 2663 945 et
2696 891 2996 959 splendoris
3039 893 3334 947 consistere
3357 897 3473 963 ejus
3505 895 3599 948 be-

2024 980 2315 1036 neﬁcium?
2347 982 2478 1036 Cum
2507 983 2648 1037 enim
2696 983 2918 1038 dixisset
2947 1001 2961 1038 :
3000 984 3220 1040 Dextera
3265 986 3465 1040 Domini
3484 988 3603 1054 fecit

2021 1071 2276 1134 virtutem,
2306 1073 2599 1140 subiunxit,
2640 1071 2861 1126 Dextera
2891 1074 3101 1128 Domini
3132 1079 3371 1130 exultavit
3413 1095 3510 1141 me,
3535 1086 3597 1130 ut.

2023 1163 2330 1217 ostenderet
2378 1161 2599 1230 gloriam
2637 1179 2754 1232 qua:
2781 1165 2846 1217 ad
2886 1179 2944 1218 se
2973 1173 3309 1234 pervenerat.
3341 1165 3606 1222 Exaltarit

2031 1255 2163 1307 enim
2205 1271 2317 1315 me,
2366 1254 2662 1324 signiﬁcat,
2693 1255 2774 1308 Me
2824 1256 2986 1324 gloria
3031 1255 3224 1310 alfecit.
3274 1257 3390 1313 Non
3426 1259 3597 1313 solum

2022 1346 2164 1399 enim
2192 1343 2319 1401 fecit
2348 1356 2610 1415 potentes,
2635 1348 2726 1400 sed
2755 1349 2911 1401 etiam
2943 1348 3116 1402 claros
3137 1357 3188 1402 et
3218 1348 3468 1403 illustres.

2099 1437 2499 1491 Rcsurrectionis
2525 1439 2727 1508 imago;
2757 1439 3044 1492 tentationis
3071 1450 3119 1492 et
3147 1441 3489 1510 castigationis
3515 1441 3601 1494 lu-

2023 1543 2272 1580 crum.-——
2301 1528 2388 1582 17.
2427 1527 2550 1582 Non
2591 1530 2799 1592 moriar,
2835 1529 2922 1583 sed
2940 1530 3120 1594 vivam,
3144 1540 3191 1584 et
3210 1532 3424 1586 narrabo
3445 1549 3600 1601 opera

2023 1617 2248 1673 Domini.
2304 1619 2538 1674 Pericula
2587 1620 2842 1689 quidem,
2911 1623 3112 1691 inquit,
3155 1633 3379 1677 mortem
3426 1625 3598 1677 mina-

2021 1709 2213 1763 bantur
2241 1727 2254 1763 :
2283 1724 2382 1779 ego
2408 1718 2584 1764 autem
2619 1709 2740 1764 Non
2770 1712 2980 1774 moriar,
3009 1712 3098 1765 sed
3122 1713 3306 1765 vivam.
3339 1713 3451 1767 Hoc
3493 1724 3597 1779 est,

2024 1801 2152 1856 Tam
2179 1817 2368 1871 magna
2399 1812 2452 1856 et
2493 1803 2824 1858 admirabilia
2853 1803 2978 1857 fecit
3009 1805 3267 1859 Dominus
3293 1845 3308 1866 ,
3341 1814 3400 1858 ut
3425 1807 3504 1860 vel
3533 1806 3602 1860 ab

2022 1893 2134 1961 ipsa
2180 1904 2348 1946 morte
2371 1894 2665 1962 eripuerit,
2693 1895 2852 1948 etiam
2887 1903 3014 1948 ante
3053 1895 3256 1950 Novum
3287 1896 3602 1951 Testamen-

2024 1994 2134 2038 tum
2188 1985 2241 2038 in
2291 1986 2539 2052 periculis
2591 1977 2894 2054 Opinionem
2927 2001 3143 2040 omnem
3192 1988 3600 2055 superantibus,

2021 2080 2430 2134 resurrectionis
2482 2080 2761 2148 imaginem
2831 2079 3196 2149 pra-ﬁgurans.
3260 2080 3414 2133 Dedit
3458 2081 3601 2135 enim

2022 2173 2176 2226 nobis
2197 2171 2278 2225 vel
2309 2187 2336 2223 a
2368 2172 2624 2240 principio
2649 2173 2948 2241 aenigmata,
2970 2171 3184 2240 quando
3210 2171 3389 2226 Enoch
3422 2180 3601 2225 trans-

2023 2264 2142 2317 tulit
2174 2264 2190 2334 (
2221 2262 2346 2316 Gen.
2379 2264 2428 2318 5-
2463 2263 2534 2317 24
2560 2263 2600 2331 ).
2643 2263 2697 2316 Si
2728 2262 2870 2316 enim
2911 2279 3016 2316 non
3055 2263 3232 2318 credis
3277 2262 3390 2316 ﬁeri
3441 2277 3602 2331 posse

2025 2364 2082 2408 ut
2108 2369 2330 2422 Cttrpttt'a
2376 2362 2688 2422 resurgant,
2721 2368 2790 2406 ex
2838 2367 2903 2404 eo
2930 2353 3110 2407 crede.
3142 2351 3422 2419 Quomodo
3457 2353 3600 2408 enim

2023 2454 2170 2500 tanto
2213 2457 2453 2515 tempore
2494 2444 2786 2514 permansit
2847 2443 2977 2498 illud
3027 2443 3269 2510 corpus?
3310 2443 3425 2498 Non
3477 2451 3603 2498 sunt

2021 2539 2163 2592 enim
2189 2538 2430 2607 mqualia,
2469 2537 2684 2591 domum
2729 2553 2847 2608 qtue
2878 2536 3074 2590 interiit
3105 2547 3158 2590 et
3187 2545 3268 2589 est
3296 2536 3469 2590 diruta
3501 2551 3599 2590 ex-

2021 2631 2224 2686 citare:
2274 2638 2330 2684 et
2375 2641 2606 2683 veterem
2659 2644 2722 2682 ac
2767 2629 3118 2683 coliabcntem
3163 2636 3312 2681 tanto
3351 2637 3590 2695 tempore

2023 2737 2361 2777 conservare.
2395 2723 2584 2774 Annon
2611 2720 2919 2774 consideras
2945 2735 3068 2773 eum
3092 2720 3238 2772 illum
3266 2718 3478 2780 fecisse,
3503 2719 3599 2787 qui

2024 2829 2128 2866 non
2159 2821 2274 2866 erat
2299 2811 2324 2864 ‘i
2354 2811 2516 2865 Multo
2545 2811 2713 2879 magis
2741 2823 2870 2878 ergo
2895 2809 3042 2861 illum
3070 2808 3328 2861 suscitare
3353 2816 3408 2861 et
3437 2808 3598 2861 resti-

2025 2913 2175 2957 tuere
2229 2902 2440 2970 poterit.
2487 2901 2659 2955 Habes
2695 2901 2854 2953 etiam
2899 2899 3056 2953 aliam
3106 2899 3388 2967 imaginem
3420 2913 3600 2952 resur-

2023 2994 2296 3055 rectionis,
2324 3008 2514 3061 nempe
2541 2991 2704 3046 Helia:
2721 3001 2950 3060 raptum,
2974 2991 3062 3058 qui
3088 3005 3184 3042 nec
3206 2989 3256 3042 in
3285 2989 3597 3045 hodiernum

2025 3100 2190 3148 usque
2210 3085 2350 3138 diem
2372 3093 2454 3138 est
2481 3092 2720 3137 mortuus
2751 3084 2825 3150 (1.
2859 3081 2985 3151 Reg.
3016 3081 3072 3134 2.
3107 3082 3164 3135 11
3189 3080 3228 3153 ).
3257 3082 3446 3135 Omnia
3477 3089 3600 3135 sunt

2023 3175 2268 3244 expedita
2299 3175 2410 3230 Deo
2432 3185 2486 3229 et
2512 3175 2710 3229 facilia.
2741 3173 2863 3228 Non
2891 3175 2984 3228 erit
3010 3214 3024 3238 ,
3055 3175 3223 3242 inquit
3247 3215 3262 3236 ,
3292 3173 3601 3243 impossibile

2022 3267 2163 3333 apud
2190 3267 2353 3321 Deum
2373 3283 2519 3320 lmine
2536 3266 2733 3320 verbum
2759 3268 2777 3336 (
2803 3264 2926 3318 an.
2959 3267 3010 3319 1.
3050 3266 3117 3319 37
3151 3271 3188 3333 ).
3223 3265 3285 3319 Et
3315 3263 3596 3335 propheta,

2027 3359 2362 3426 Quaecumque
2405 3359 2600 3421 uoluit,
2637 3359 2752 3428 fecit
2804 3356 2824 3430 (
2869 3357 3020 3411 Psal.
3054 3357 3176 3410 115.
3225 3357 3312 3410 il.
3341 3357 3375 3410 5
3401 3357 3438 3423 ).
3483 3353 3600 3408 Non

2027 3453 2178 3506 vides
2201 3451 2336 3506 fabri
2376 3467 2537 3521 opera
2570 3465 2690 3505 esse
2720 3450 2814 3504 tibi
2846 3448 3080 3502 difficilia
3110 3448 3133 3500 Ἰ
3174 3446 3267 3500 sed
3299 3457 3474 3499 tamen
3500 3445 3602 3499 arti

2023 3546 2192 3601 cedis.
2235 3545 2380 3599 Itane
2413 3543 2657 3598 conservi
2679 3542 2891 3612 quidem
2924 3541 2996 3595 tui
3027 3523 3134 3594 arti
3155 3555 3261 3593 non
3304 3538 3556 3592 concedis
3583 3555 3598 3590 :

2023 3651 2054 3689 a
2085 3635 2290 3690 Domini
2310 3643 2485 3688 autem
2516 3633 2774 3701 sapientia
2802 3632 3060 3685 rationem
3088 3631 3276 3699 exigis,
3307 3639 3360 3682 et
3387 3628 3436 3681 id
3459 3628 3600 3696 quod

2025 3727 2083 3780 fit
2114 3726 2216 3780 ﬁde
2242 3740 2346 3780 non
2375 3723 2656 3778 admittis?
2703 3723 2924 3790 Quanta:
2969 3729 3092 3774 sunt
3138 3719 3252 3773 iure
3287 3717 3604 3772 dementiae?

2027 3817 2148 3872 Non
2173 3819 2382 3882 moriar,
2410 3816 2500 3872 sed
2525 3817 2708 3870 vivam.
2754 3814 2812 3869 Si
2839 3815 2958 3882 quis
3005 3812 3056 3866 id
3086 3812 3228 3882 quod
3278 3810 3473 3866 dictum
3519 3817 3602 3863 est

2026 3910 2254 3964 voluerit
2303 3909 2464 3963 etiam
2494 3921 2707 3960 sumere
2743 3906 3063 3974 anagogice,
3097 3921 3201 3958 non
3229 3903 3448 3958 errabit.
3489 3901 3604 3956 Etsi

2028 3999 2129 4052 huc
2156 3999 2300 4052 enim
2330 3997 2398 4052 de
2423 3995 2818 4052 resurrectione
2843 3995 3041 4048 dictum
3066 4006 3147 4048 est
3183 3993 3200 4062 (
3234 3994 3362 4048 illud
3415 3994 3556 4048 enim
3587 4031 3602 4055 ,

2029 4090 2151 4145 Non
2182 4089 2389 4152 moriar,
2419 4096 2501 4142 est
2537 4085 2886 4156 significantis
2926 4094 3150 4138 mortem
3185 4099 3287 4137 non
3313 4099 3434 4139 esse
3464 4097 3608 4137 mor-

2029 4197 2131 4239 tem
2157 4182 2198 4254 ),
2231 4181 2338 4236 alio
2389 4189 2564 4234 tamen
2591 4178 2751 4233 etiam
2783 4176 2942 4231 modo
2988 4175 3319 4244 intelligitur.
3351 4173 3473 4226 Non
3497 4189 3606 4226 mo-

2026 4275 2132 4328 riar
2157 4273 2321 4337 enim,
2353 4271 2522 4341 inquit
2540 4311 2555 4336 ,
2577 4268 2747 4322 altera
2777 4276 2948 4322 morte
2975 4283 2988 4319 :
3016 4280 3173 4336 quam
3200 4263 3441 4319 Christus
3469 4277 3607 4332 quo-

2027 4381 2131 4434 que
2168 4364 2470 4433 signiﬁcans
2493 4402 2510 4427 ,
2557 4359 2766 4414 dicebat
2797 4375 2810 4411 :
2843 4357 2942 4425 Qui
2989 4357 3148 4409 credit
3195 4355 3248 4409 in
3287 4369 3384 4416 me,
3415 4355 3604 4422 inquit,

2029 4456 2221 4510 etiamsi
2243 4463 2470 4507 mortuus
2499 4452 2672 4522 fuerit,
2692 4451 2816 4504 uiuet
2841 4465 2858 4504 :
2883 4457 2926 4501 et
2957 4447 3117 4502 omnis
3133 4447 3218 4515 qui
3243 4447 3356 4499 vivit
3371 4457 3418 4498 et
3447 4445 3608 4498 credit

2029 4552 2082 4604 in
2109 4565 2188 4603 me
2209 4587 2224 4611 ,
2248 4563 2349 4602 non
2379 4547 2622 4600 morietur
2645 4545 2662 4611 (
2683 4543 2839 4597 Joan.
2870 4543 2958 4598 11.
2987 4540 3078 4595 23.
3107 4539 3179 4594 26
3208 4539 3248 4610 ).
3292 4538 3359 4592 Et
3389 4540 3606 4592 narrabo

2029 4661 2180 4716 opera
2211 4643 2433 4698 Domini.
2467 4641 2580 4697 lloc
2608 4649 2689 4694 est
2715 4639 2941 4693 maxime
2967 4637 3092 4700 vita,
3121 4651 3242 4688 eum
3269 4634 3484 4688 laudare
3506 4673 3522 4698 ,
3553 4640 3608 4687 et

2029 4740 2146 4807 ejus
2174 4735 2427 4791 miracula
2472 4733 2718 4788 omnibus
2746 4729 3080 4784 annuntiare.
3113 4727 3364 4795 Quaenam
3392 4739 3551 4794 opera
3573 4727 3599 4778 ‘.'

2029 4830 2137 4896 dic,
2165 4843 2366 4897 quaso.
2397 4825 2470 4882 Ea
2493 4841 2612 4896 quae
2640 4833 2723 4880 est
2751 4833 3085 4887 narraturus,
3115 4821 3440 4889 subjungens
3464 4857 3482 4883 ,
3513 4818 3601 4872 18.

2031 4923 2291 4992 Castigans
2318 4919 2575 4988 castigavit
2603 4933 2683 4969 me
2712 4915 2978 4978 Dominus,
3011 4921 3058 4966 et
3087 4914 3235 4964 morti
3276 4927 3375 4964 non
3399 4910 3610 4963 tradidit

2036 5029 2134 5065 me.
2166 5010 2354 5064 Vidisti
2382 5023 2538 5076 quam
2566 5005 2893 5059 admirabilia
2924 5005 3106 5057 fecerit
3127 5005 3152 5054 ‘t
3180 5002 3356 5054 vidisti
3389 5013 3510 5068 qtae
3539 5013 3605 5052 ex

2033 5102 2112 5157 eis
2137 5102 2342 5169 capitur
2360 5098 2596 5152 utilitas?
2617 5096 2730 5150 Non
2757 5096 2930 5149 solum
2955 5095 3094 5146 enim
3117 5094 3223 5155 agit
3249 5093 3445 5161 gratias
3463 5089 3603 5157 quod

2037 5193 2193 5247 fuerit
2220 5191 2492 5251 liberatus,
2521 5187 2613 5242 sed
2643 5187 2803 5242 etiam
2831 5185 2968 5254 quod
2995 5184 3281 5242 ceciderit,
3315 5180 3602 5232 maximum

2035 5285 2273 5355 agnoscit
2301 5282 2616 5338 beneﬁcium
2643 5322 2656 5344 ,
2684 5289 2738 5334 et
2763 5287 3022 5332 memorat
3045 5277 3246 5328 lucrutn
3279 5271 3602 5324 lentationis.

2035 5379 2310 5448 Quodnam
2343 5376 2486 5430 hoc?
2509 5375 2769 5444 Castigans
2816 5368 3075 5438 castigavit
3116 5381 3196 5418 me
3224 5405 3239 5427 ,
3271 5365 3468 5432 inquit,
3500 5362 3610 5416 Do-

2039 5474 2220 5524 minus.
2259 5469 2384 5523 Haec
2419 5476 2501 5521 est
2529 5465 2728 5519 utilitas
2753 5461 3108 5532 periculorum
3128 5499 3142 5517 ,
3175 5455 3316 5524 quod
3343 5472 3464 5510 eum
3491 5471 3607 5508 me-

2038 5565 2225 5618 liorem
2281 5560 2522 5614 iecerint.
2587 5557 2773 5610 Vidisti
2845 5553 3092 5618 utrinque
3153 5552 3272 5614 ejus
3323 5547 3608 5616 potentiam

2037 5666 2091 5710 et
2155 5650 2523 5708 curationem?
2587 5648 2652 5702 Et
2705 5643 2945 5714 permisit
2992 5651 3050 5696 ut
3108 5639 3602 5708 apprehenderetur

2037 5761 2066 5802 a
2094 5745 2268 5805 malis,
2297 5747 2353 5795 et
2379 5755 2500 5796 eum
2522 5736 2984 5794 rursusliberavit.
3016 5732 3177 5787 Morti
3211 5731 3378 5790 enim,
3411 5729 3599 5797 inquit,

2041 5859 2139 5897 non
2209 5835 2414 5906 tradidit
2471 5849 2570 5888 nte.
2628 5833 2695 5888 Et
2739 5840 2882 5888 recte
2946 5829 3078 5884 dixit
3134 5825 3270 5879 alius
3325 5821 3610 5887 interpres,
