4062 6208
419 377 526 432 335

425 487 587 543 Morti
614 495 786 543 autem
814 502 914 542 non
940 484 1077 540 dedit
1113 500 1213 551 me,
1244 492 1304 540 ut
1344 481 1652 539 ostenderet
1676 479 1859 534 omnia
1878 493 2001 533 esse

423 579 524 633 sita
551 579 603 634 in
633 577 751 647 ejus
781 585 1062 647 potestate.
1089 575 1446 642 Quamobrem
1471 571 1736 642 duplicem
1767 570 2011 624 lucratus

427 679 510 725 cst
531 670 778 734 salutem,
821 683 1014 738 nempe
1055 667 1421 722 liberationem
1448 679 1480 718 a
1528 663 1713 728 malis,
1729 669 1784 717 et
1811 661 2004 717 libera-

437 761 636 816 tionem
690 775 720 813 a
761 758 907 814 vitio.
953 759 1212 826 Quocirca
1261 757 1472 812 dicebat
1526 754 1730 810 Paulus
1765 753 2012 809 scribens

432 851 667 906 Hebraeis
691 869 704 904 :
734 848 797 906 Si
821 859 987 903 autem
1027 859 1172 904 extra
1197 847 1517 916 disciplinam
1552 847 1668 900 satis
1688 887 1702 909 ,
1729 845 2012 898 adulterini

423 962 543 1015 ergo
563 947 700 1011 estis,
714 958 758 1000 et
779 961 879 999 non
895 945 990 1013 ﬁlii
1010 942 1164 1012 (Heb.
1181 943 1266 997 12.
1285 939 1360 1012 8).
1378 941 1467 997 19.
1483 941 1684 1010 Aperite
1699 940 2009 1008 mihiportas

425 1037 638 1108 iustitia
662 1054 682 1102 ;
707 1038 959 1107 ingressus
985 1037 1037 1089 in
1065 1051 1149 1089 eas
1171 1032 1445 1102 conﬁtebor
1464 1031 1704 1086 Domino.
1729 1029 1794 1084 lis
1815 1029 1903 1100 qui
1925 1043 2010 1083 ca-

428 1127 692 1196 stigantur
715 1137 883 1198 portae
911 1126 1240 1204 aperiuntur,
1265 1125 1330 1178 iis
1351 1123 1444 1194 qui
1469 1131 1681 1192 peccata
1710 1121 2003 1190 deponunt.

502 1217 560 1271 5.
611 1217 712 1283 Qui
761 1216 1094 1285 disciplinam
1149 1214 1423 1284 suscepit,
1465 1221 1639 1282 potest
1679 1211 2010 1267 contidenter

425 1309 607 1365 dicere
637 1326 650 1362 :
682 1308 886 1380 Aperite
914 1311 1038 1365 mihi
1061 1321 1232 1382 portas
1244 1311 1484 1383 justitite.
1506 1311 1620 1365 lloc
1641 1310 1840 1365 dictum
1865 1313 2010 1364 enim

429 1394 863 1456 sumendum'est
905 1404 1225 1472 anagogice,
1273 1412 1329 1456 et
1382 1401 1634 1457 caelorum
1673 1409 1840 1469 portae
1882 1407 2010 1454 sunt

429 1493 787 1564 intelligenda:
811 1535 826 1560 ,
854 1510 975 1564 qua:
1027 1502 1151 1549 sunt
1193 1495 1391 1548 clausae
1433 1495 1714 1562 improbis,
1742 1507 1862 1562 quae
1884 1500 2012 1546 sunt

433 1584 704 1650 pulsanda:
733 1599 828 1654 per
855 1587 1124 1646 virtutem,
1156 1599 1251 1653 per
1273 1585 1666 1655 eleemosynam
1696 1625 1711 1648 ,
1741 1597 1834 1652 per
1857 1583 2012 1652 justi-

335 1685 344 1696 '
431 1676 582 1728 tiam.
612 1673 705 1728 20.
747 1672 875 1729 Illuc
902 1683 1048 1745 porta
1075 1673 1279 1728 Domini
1305 1691 1325 1739 ,°
1359 1675 1488 1744 justi
1515 1676 1769 1728 intrabunt
1797 1675 1849 1729 in
1875 1690 2009 1728 eam.

431 1766 570 1820 Sunt
593 1773 756 1835 portae
783 1767 992 1832 mortis,
1018 1775 1148 1823 sunt
1176 1777 1342 1836 porta:
1368 1769 1611 1823 interitus
1633 1809 1651 1836 ,
1690 1779 1814 1824 sunt
1841 1779 2008 1839 porta:

431 1859 578 1922 vitae,
627 1868 750 1913 sunt
794 1869 962 1929 portat
1011 1870 1173 1915 arctaa
1199 1868 1254 1914 et
1297 1870 1556 1932 angustae.
1586 1862 1844 1930 Quoniam
1881 1877 2009 1931 ergo

430 1959 553 2004 sunt
575 1951 773 2016 multae,
791 1951 917 2005 dicit
945 1951 1152 2024 insigne
1165 1953 1394 2009 civitatis
1417 1954 1647 2020 Domini,
1663 1954 2008 2025 subjungens:

444 2038 570 2095 Ηωσ
611 2051 756 2111 porta
801 2040 1030 2097 Domini.
1087 2042 1194 2098 Illa:
1234 2044 1377 2099 enim
1427 2060 1537 2099 non
1592 2056 1718 2102 sunt
1775 2047 2008 2101 Domini.

431 2132 711 2199 Quodnam
738 2143 822 2190 est
861 2143 1036 2190 autem
1077 2136 1192 2207 ejus
1237 2138 1486 2208 insigne?
1513 2140 1664 2208 Quod
1709 2141 1805 2209 qui
1846 2143 2008 2194 casti-

440 2234 668 2293 gantur,
699 2226 788 2295 qui
827 2225 1167 2297 afﬂiguntur,
1213 2244 1310 2300 per
1336 2245 1455 2286 eam
1491 2233 1879 2302 ingrediuntur.
1916 2234 2011 2288 Est

441 2315 584 2370 enim
608 2326 756 2371 arcta
783 2327 838 2372 et
858 2326 1078 2388 angusta
1109 2336 1123 2374 :
1150 2320 1197 2375 si
1228 2331 1406 2378 autem
1447 2335 1529 2378 est
1553 2335 1733 2390 arcta,
1759 2327 1849 2395 qui
1886 2335 2012 2380 sunt

434 2407 620 2462 amicti
641 2417 696 2463 et
739 2411 978 2479 Oppressi
1005 2451 1020 2477 ,
1052 2427 1148 2482 per
1173 2429 1290 2468 eam
1317 2415 1716 2485 ingrcdientur:
1749 2418 2007 2486 quemad-

439 2497 654 2552 modum
675 2515 794 2568 qua:
817 2500 962 2556 ducit
981 2501 1047 2556 ad
1089 2503 1358 2559 interitum
1382 2547 1396 2570 ,
1430 2507 1533 2562 lata
1567 2515 1650 2562 est
1675 2516 1730 2563 et
1753 2509 2006 2577 spatiosa.

505 2588 794 2643 Gratiarum
827 2592 958 2644 actio
983 2593 1257 2648 maximum
1275 2597 1608 2666 sacriﬁcium;
1633 2601 1910 2670 prophetia
1921 2617 2014 2655 cur

434 2679 723 2748 plerumque
765 2681 1020 2747 obscura;
1071 2683 1298 2741 Christus
1335 2687 1466 2758 lapis
1509 2691 1794 2760 angularia.
1819 2721 1889 2731 —
1915 2691 2004 2746 21.

434 2768 721 2837 Conﬁtebor
747 2773 834 2828 tibi
867 2777 1102 2844 quoniam
1131 2777 1383 2833 exaudiui
1417 2795 1516 2844 me,
1564 2790 1611 2834 et
1629 2785 1794 2852 factus
1814 2799 1872 2836 es
1889 2784 2012 2838 mihi

434 2861 486 2914 in
517 2862 745 2916 salutem.
790 2864 903 2919 Non
939 2865 1067 2921 dicit
1089 2867 1442 2935 solummodo,
1461 2869 1750 2935 Exaudisti,
1776 2874 1868 2928 sed
1890 2889 2010 2930 cum

435 2953 580 3019 prius
594 2955 904 3024 castigasset
923 2965 978 3012 et
997 2959 1268 3013 meliorem
1293 2961 1520 3016 fecisset.
1542 2962 1607 3016 Et
1631 2964 1750 3017 ideo
1770 2965 1875 3034 agit
1893 2980 2015 3035 gra-

437 3044 537 3098 tias
559 3085 574 3110 ,
607 3061 714 3100 non
742 3047 912 3102 solum
945 3049 1085 3118 quod
1113 3051 1182 3104 sit
1210 3052 1488 3107 exauditus
1511 3095 1526 3120 ,
1558 3054 1652 3109 sed
1685 3054 1844 3110 etiam
1870 3056 2009 3124 (ιιιοά

437 3135 595 3192 fuerit
617 3139 922 3210 castigatus.
953 3141 1076 3196 ideo
1103 3158 1332 3213 namque
1356 3143 1453 3198 fuit
1477 3146 1754 3202 exauditus
1778 3159 1862 3202 :et
1893 3147 2011 3202 ubi-

437 3242 540 3294 que
580 3243 826 3299 magnum
867 3238 950 3285 est
985 3231 1124 3300 apud
1163 3233 1333 3302 ipsum
1377 3234 1480 3289 hoc
1523 3251 1690 3306 genus
1727 3239 2011 3308 gratiarum

437 3319 678 3373 actionis.
719 3320 1172 3388 Quemadmodum
1201 3325 1342 3380 enim
1372 3325 1514 3391 dixi,
1557 3343 1654 3382 nec
1681 3328 1898 3383 cessabo
1925 3329 2010 3382 di-

437 3424 580 3473 cere,
599 3409 698 3465 hoc
715 3421 796 3464 est
813 3413 1099 3467 maximum
1117 3414 1432 3470 sacriﬁcium
1460 3427 1514 3471 et
1537 3417 1754 3474 oblatio.
1783 3418 1870 3472 22.
1905 3419 2010 3473 La-

439 3500 608 3568 pidem
629 3518 772 3570 quem
797 3503 1185 3572 reprobaverunt
1211 3506 1538 3572 ludiﬁcantes,
1565 3508 1646 3561 hic
1673 3512 1835 3578 factus
1860 3519 1930 3563 est
1958 3510 2012 3564 in

437 3599 588 3660 caput
613 3591 806 3662 anguli.
830 3593 980 3660 Quod
1005 3594 1104 3670 hoc
1136 3595 1204 3651 de
1223 3582 1436 3652 Christo
1455 3599 1652 3652 dictum
1685 3601 1774 3666 sit,
1802 3609 1885 3655 est
1901 3601 2014 3655 cui-

437 3680 518 3734 vis
547 3681 898 3737 manifestum.
933 3682 1048 3754 Ipse
1079 3685 1218 3740 enim
1246 3687 1298 3740 in
1313 3687 1608 3758 Erangeliis
1639 3687 1854 3746 adducit
1876 3689 2010 3748 hanc

442 3771 797 3840 prephetiam,
820 3773 1002 3830 dicens
1025 3793 1038 3828 τ
1070 3774 1360 3846 Numquam
1385 3777 1842 3848 legistis,Lapidem
1862 3798 2009 3852 quem

435 3860 821 3930 reprobaverunt
840 3865 1167 3933 aediﬁcantes,
1195 3867 1277 3920 hic
1303 3871 1468 3938 factus
1487 3878 1559 3922 est
1581 3869 1635 3923 in
1654 3881 1807 3939 caput
1833 3873 2009 3942 anguli

436 3952 648 4019 (Matth.
674 3955 762 4010 21.
788 3956 887 4021 42;
916 3955 1040 4012 an.
1067 3958 1156 4014 20.
1192 3953 1326 4024 t7)?
1349 3958 1404 4014 Si
1433 3969 1610 4016 autem
1639 3961 1780 4032 quod
1809 3961 2006 4018 dictum

433 4055 550 4109 est,
586 4061 690 4102 non
717 4048 925 4104 videtur
951 4049 1182 4118 pendere
1222 4065 1290 4106 ex
1329 4049 1566 4119 historia,
1597 4053 1689 4108 sed
1719 4054 1892 4109 media
1923 4055 2008 4110 in-

433 4146 669 4208 terrupta
695 4153 876 4196 rerum
905 4143 1042 4196 serie
1069 4142 1300 4212 ingressa
1329 4158 1448 4198 esse
1477 4145 1774 4216 prophetia,
1797 4162 1902 4202 non
1923 4156 2008 4204 est

432 4229 645 4295 mirum,
669 4247 770 4287 nec
791 4248 1016 4288 novum:
1038 4235 1294 4304 siquidem
1322 4236 1588 4308 pleraque
1613 4239 1692 4294 sic
1720 4241 2006 4296 enuntiata:

431 4328 558 4373 sunt
583 4319 634 4374 in
665 4319 842 4376 Veteri
868 4322 1209 4380 Testamento
1234 4325 1547 4395 prophetiae,
1564 4329 1706 4398 quod
1734 4340 2007 4396 oporteret

430 4417 559 4465 tunc
585 4413 839 4480 temporis
867 4413 936 4466 ita
958 4399 1169 4484 obtegi,
1198 4423 1256 4469 ut
1283 4430 1387 4469 non
1416 4417 1574 4470 etiam
1603 4418 1701 4487 ipsi
1727 4419 1846 4474 libri
1873 4421 2004 4476 abo-

430 4498 681 4556 lerentur.
715 4501 793 4556 De
817 4501 930 4571 ejus
954 4505 1094 4559 enim
1122 4515 1240 4559 ortu
1266 4505 1540 4576 prophetia
1556 4507 1766 4564 videtur
1789 4511 2003 4582 quidem

432 4590 663 4656 pendere
689 4591 755 4646 ab
783 4591 1027 4658 historia,
1055 4594 1186 4650 nihil
1212 4606 1388 4652 autem
1412 4595 1570 4653 habet
1587 4612 1866 4655 commune
1882 4617 2003 4658 cum

431 4678 540 4742 illa,
569 4689 627 4734 ut
648 4681 797 4758 illud,
828 4681 957 4737 Ecce
981 4685 1118 4754 uirgo
1138 4685 1190 4740 in
1219 4694 1361 4740 utero
1387 4688 1653 4758 concipiet,
1682 4701 1731 4743 et
1753 4692 1914 4760 pariet
1938 4695 2001 4761 [i-

431 4767 574 4830 linm,
597 4781 645 4824 et
663 4773 945 4825 uocabunt‘
981 4790 1160 4829 nomen
1189 4777 1297 4840 eius
1322 4775 1623 4834 Emmanuel
1649 4778 1798 4850 (lsai.
1819 4782 2002 4853 7.14),

431 4859 571 4928 quod
618 4869 702 4915 est
743 4861 1179 4932 interpretatum,
1224 4866 1508 4923 Nobiscum
1552 4869 1712 4926 Deus.
1759 4870 2006 4942 Lapidem

429 4967 581 5019 quem
602 4953 990 5021 reprobarerunt
1015 4959 1320 5026 aediﬁcantes
1350 4961 1562 5028 (Matth.
1587 4964 1636 5018 1.
1666 4963 1780 5036 25).
1808 4964 2002 5020 ιΕάἰῦ-

427 5053 614 5098 cantes
641 5043 727 5098 hic
755 5045 884 5100 dicit
904 5046 1136 5114 Judaeos,
1167 5051 1296 5122 legis
1320 5053 1582 5119 doctores,
1613 5056 1833 5120 Scribas,
1865 5057 2006 5112 Pha-

426 5135 630 5203 risteos,
658 5138 1085 5208 quandoquidem
1112 5144 1460 5212 reprobarunt
1487 5145 1656 5215 ipsum
1675 5185 1692 5208 .
1719 5147 1958 5204 dicentes
1984 5166 1998 5203 :

426 5226 784 5282 Samaritanus
813 5246 864 5283 es
883 5239 938 5283 tu
955 5270 975 5297 ,
997 5240 1045 5284 et
1073 5231 1376 5286 dwmonium
1405 5234 1555 5288 habes
1587 5235 1762 5306 lJoan.
1789 5238 1841 5291 8.
1870 5239 1960 5309 48)
1981 5281 1997 5305 ,

425 5328 475 5370 et
502 5334 686 5374 rursus
716 5337 728 5372 :
763 5319 862 5374 llic
900 5338 1000 5376 non
1042 5333 1116 5376 est
1158 5340 1223 5378 ea:
1264 5323 1404 5390 Deo,
1443 5326 1533 5379 sed
1570 5326 1762 5380 seducit
1801 5329 1998 5382 turbam

425 5409 600 5477 (Joan.
631 5412 683 5466 7.
717 5413 826 5482 12).
857 5414 955 5471 Hic
979 5424 1152 5472 tatnen
1185 5417 1496 5486 reprobatus
1521 5418 1654 5474 adeo
1684 5421 1880 5490 probus
1904 5437 1998 5491 ap-

423 5501 613 5571 paruit,
643 5513 702 5558 ut
738 5507 891 5562 ﬂeret
929 5518 1086 5577 caput
1112 5509 1310 5580 anguli.
1341 5509 1455 5564 Non
1485 5509 1626 5564 enim
1655 5527 1828 5566 omnis
1862 5512 1996 5582 lapis

419 5603 574 5663 aptus
598 5606 680 5650 est
705 5596 772 5650 ad
801 5601 1046 5668 angulum
1068 5641 1084 5667 ,
1124 5601 1218 5657 sed
1247 5603 1332 5672 qni
1359 5610 1442 5657 est
1470 5601 1869 5672 probatissimus
1893 5646 1908 5670 ,
1938 5615 1994 5660 et

421 5695 596 5755 potest
621 5701 803 5742 muros
827 5691 1088 5748 revincire
1117 5707 1181 5749 cx
1208 5701 1430 5766 utroque
1455 5693 1639 5750 latere.
1685 5691 1836 5768 Quod
1863 5709 1991 5766 ergo

482 5787 498 5818 ι
532 5782 696 5846 δίνη.»
715 5789 764 5837 ct
784 5789 988 5839 vocabis.

1132 371 1192 428 S.
1230 367 1508 428 JOANNIS
1541 357 2029 430 CHRYSOS'I‘OMI
2059 355 2376 414 ARCHiEP.
2414 358 2948 420 CONSTANTINOP.

3590 367 3694 426 336

2109 471 2238 526 dicit
2267 475 2542 544 propheta,
2569 475 2673 532 tale
2695 487 2779 533 est
2807 495 2822 533 :
2849 477 2951 546 Qui
2970 484 3051 534 est
3076 477 3326 536 aJudaais
3351 480 3692 554 reprobatus,

2109 571 2162 616 et
2185 577 2284 632 pro
2310 563 2478 619 nihilo
2505 565 2737 631 habitus,
2760 568 3007 639 apparuit
3031 569 3168 625 adeo
3195 571 3476 639 mirabilis,
3505 582 3565 628 ut
3588 590 3692 632 non

2109 655 2282 709 solum
2310 667 2620 714 contexeret
2655 659 2976 726 aedilicium,
3003 662 3097 718 sed
3121 663 3255 719 duos
3276 665 3697 736 etiamparietes

2109 745 2458 817 conjungeret
2484 763 2546 804 ac
2571 749 2872 806 revinciret.
2896 752 3042 819 Quos
3064 753 3278 810 tandem
3310 756 3575 825 parietes?
3603 759 3695 814 .lu-

2109 837 2258 893 daeos
2303 840 2527 906 scilicet,
2558 851 2614 897 et
2661 857 2756 897 eos
2805 845 2894 913 qui
2939 845 3228 901 credebant
3283 863 3348 903 ex
3399 850 3691 918 gentibus:

2111 931 2556 1000 quemadmodum
2579 933 2774 990 Paulus
2791 951 3002 1008 quoque
3019 937 3150 994 dicit
3173 957 3186 992 :
3207 937 3235 992 Ι
3238 957 3327 1010 pse
3347 942 3478 995 enim
3499 952 3574 998 est
3594 961 3696 1014 pax

2112 1034 2300 1086 nostra,
2333 1026 2420 1096 qui
2443 1027 2558 1096 fecit
2583 1038 2790 1096 utraque
2815 1045 2990 1096 unum,
3009 1041 3056 1084 et
3079 1033 3211 1101 sepia
3230 1033 3375 1088 solvit
3402 1038 3692 1103 maceriam,

2113 1117 2402 1171 inimicitias
2429 1119 2482 1172 in
2505 1135 2656 1174 carne
2682 1137 2795 1182 sua,
2823 1122 2981 1192 legem
3005 1124 3380 1192 mandatorum,
3409 1144 3525 1198 qum
3547 1138 3619 1184 est
3642 1130 3694 1182 in

2111 1207 2343 1276 decretis,
2363 1209 2567 1264 abolens
2593 1221 2682 1264 :ut
2705 1212 2789 1282 qui
2818 1211 2919 1266 duo
2943 1223 3106 1280 erant,
3122 1227 3428 1272 construeret
3458 1220 3512 1274 in
3543 1237 3694 1275 unum

2111 1311 2293 1350 nouum
2321 1298 2571 1352 hominem
2595 1299 2808 1369 (Ephes.
2835 1301 2889 1356 2.
2919 1303 3000 1358 14.
3027 1304 3137 1374 15).
3166 1305 3234 1360 Ει
3263 1321 3482 1363 rursus:
3503 1309 3696 1379 Super-

2112 1387 2354 1456 wdiﬁcati
2378 1405 2530 1456 super
2553 1390 2935 1459 fundamentum
2962 1396 3308 1462 apostolorum
3339 1407 3387 1450 et
3417 1401 3692 1469 propheta.

2111 1493 2244 1536 rum.
2273 1480 2383 1549 ipso
2408 1497 2604 1535 summa
2631 1484 2868 1553 angulari
2894 1484 3064 1555 lapide
3090 1485 3288 1541 Christo
3319 1489 3446 1544 Jesu
3475 1491 3692 1561 (Ephes.

2111 1566 2164 1622 2.
2197 1567 2312 1637 20).
2339 1569 2440 1624 Per
2468 1569 2569 1626 hoc
2592 1580 2770 1627 autem
2791 1574 2930 1643 quod
2959 1575 3158 1631 dictum
3178 1587 3259 1633 est
3286 1583 3518 1637 maxime
3540 1597 3697 1638 accn-

2112 1670 2296 1714 santur
2322 1661 2490 1718 Judaei
2508 1705 2524 1732 ,
2553 1665 2692 1734 quod
2718 1680 2840 1721 cum
2869 1667 3194 1726 mdiﬁcarent
3212 1711 3229 1738 ,
3258 1683 3440 1742 aptum
3469 1675 3696 1744 lapidem

2113 1766 2218 1806 non
2248 1753 2623 1822 dijudicarunt,
2645 1756 2740 1811 sed
2767 1772 2889 1814 eum
2914 1760 3072 1818 etiam
3096 1769 3155 1816 ut
3179 1763 3464 1831 reprobum
3493 1766 3696 1837 reject:-

2113 1853 2255 1910 sunt,
2285 1847 2373 1914 qui
2400 1855 2607 1916 poterat
2635 1849 2746 1904 tale
2765 1849 3052 1906 aediﬁcium
3075 1855 3370 1911 continere.
3403 1856 3460 1912 Si
3489 1873 3569 1912 vis
3597 1873 3694 1912 au-

2115 1946 2221 1991 tem
2265 1937 2404 1992 scire
2445 1938 2660 2008 quinam
2702 1940 2810 1995 sint
2852 1941 2887 1995 ii
2937 1943 3044 1998 duo
3084 1945 3346 2013 parietes,
3373 1946 3497 2001 audi
3525 1947 3696 2017 ipsum

2113 2042 2322 2097 quoque
2362 2027 2632 2083 Christum
2675 2030 2937 2087 dicentem
2969 2051 2982 2088 :
3013 2033 3154 2088 Alias
3178 2037 3327 2089 etiam
3355 2053 3471 2091 oves
3501 2037 3658 2092 habeo
3679 2079 3696 2103 ,

2111 2134 2226 2188 quae
2247 2135 2350 2172 non
2381 2129 2499 2174 sunt
2536 2120 2600 2175 de
2639 2121 2734 2175 hoc
2765 2124 2884 2177 ouili
2901 2165 2916 2190 ,
2947 2135 2994 2178 et
3023 2141 3103 2180 me
3147 2127 3262 2180 illas
3289 2143 3486 2198 quoque
3521 2129 3700 2184 durae

2113 2217 2306 2277 Oportet
2334 2225 2355 2264 ι
2379 2219 2426 2265 et
2463 2212 2548 2279 ﬁet
2591 2229 2748 2266 unum
2785 2214 2943 2280 ovile,
2975 2226 3022 2270 et
3046 2233 3178 2272 unus
3203 2228 3375 2290 pastor
3402 2217 3583 2285 (Joan.
3611 2222 3695 2276 10.

2115 2302 2226 2366 16).
2251 2301 2366 2358 Hoc
2384 2302 2543 2358 etiam
2565 2304 2746 2359 multis
2769 2314 2914 2360 retro
2938 2307 3148 2362 saeculis
3173 2317 3438 2380 tamquam
3458 2313 3509 2365 in
3533 2311 3699 2382 figura

2114 2394 2312 2451 factum
2348 2405 2451 2451 est.
2494 2396 2762 2451 Abraham
2797 2397 2938 2453 enim
2968 2399 3066 2454 luit
3089 2409 3436 2472 utrorumque
3467 2403 3698 2472 patriar-

2113 2489 2235 2556 cha,
2263 2499 2317 2546 et
2339 2507 2523 2548 eorum
2550 2493 2638 2564 qui
2669 2494 2720 2550 in
2749 2497 3038 2566 praeputio,
3058 2506 3114 2553 et
3138 2513 3324 2554 eorum
3350 2503 3439 2569 qui
3469 2510 3620 2554 erant
3645 2499 3698 2554 in

2113 2582 2561 2640 circumcisione:
2589 2586 2682 2641 sed
2717 2586 2843 2641 illud
2879 2589 3031 2658 quasi
3064 2589 3116 2643 in
3147 2591 3332 2661 ligura,
3379 2591 3481 2644 hoc
3517 2601 3694 2646 autem

2115 2672 2168 2727 in
2217 2675 2456 2729 veritate.
2502 2675 2604 2729 Hic
2647 2677 2812 2747 factus
2839 2687 2912 2732 est
2939 2679 2992 2732 in
3014 2689 3168 2748 caput
3194 2679 3368 2748 anguli
3401 2696 3422 2734 :
3447 2680 3550 2736 hoc
3574 2693 3692 2746 est,

2115 2774 2367 2832 utraSque
2408 2776 2596 2837 gentes
2637 2769 2930 2838 conjunxit.
2970 2769 3064 2824 25.
3109 2770 3154 2824 Α
3202 2769 3418 2825 Domino
3446 2775 3588 2843 facta
3625 2779 3696 2826 est

2114 2857 2232 2910 ista.
2275 2858 2412 2924 Quid
2437 2867 2538 2925 est,
2564 2859 2609 2912 A
2633 2859 2854 2915 Domino
2879 2865 3016 2932 facta
3035 2872 3106 2916 est
3131 2863 3265 2917 ista?
3291 2863 3406 2917 Non
3432 2873 3548 2918 erat
3565 2904 3580 2930 ,
3611 2865 3694 2919 in»

2115 2947 2262 3016 quit,
2294 2947 2582 3003 humanum
2621 2951 2760 3020 quod
2807 2951 3002 3007 factum
3041 2963 3142 3020 est,
3172 2969 3276 3008 non
3300 2964 3415 3009 erat
3445 2957 3600 3011 unius
3627 2971 3695 3012 ex

2116 3039 2314 3104 multis,
2341 3057 2446 3096 non
2477 3051 2593 3097 erat
2615 3044 2949 3114 angelorum,
2979 3061 3085 3099 non
3112 3055 3229 3100 erat
3255 3046 3692 3118 archangelorum

2118 3131 2274 3184 talem
2305 3132 2552 3201 angulum
2581 3148 2927 3204 componere.
2966 3135 3134 3192 Nemo
3175 3151 3303 3207 ergo
3341 3137 3444 3193 hoc
3489 3140 3692 3208 potuit,

2116 3238 2230 3277 non
2242 3223 2437 3293 justus,
2469 3240 2581 3280 non
2606 3226 2861 3296 propheta
2885 3267 2900 3293 ,
2929 3243 3036 3283 non
3060 3228 3298 3299 angelus,
3330 3230 3694 3285 non.archau-

2114 3315 2282 3384 gelus,
2314 3315 2407 3370 sed
2433 3316 2596 3371 solius
2616 3317 2710 3372 Dei
2735 3326 2850 3374 erat
2878 3317 2979 3374 hoc
3004 3320 3316 3390 praeclarum
3349 3319 3554 3375 facinus
3578 3331 3695 3376 :.est

2115 3404 2255 3458 enim
2303 3405 2418 3474 ejus
2463 3405 2755 3476 proprium.
2799 3407 2948 3462 Alius
2990 3408 3355 3479 interpresla)
3386 3409 3548 3475 dicit,
3579 3409 3696 3464 Hoc

2115 3497 2305 3567 factum
2328 3506 2400 3551 est
2425 3515 2460 3551 a
2485 3497 2739 3563 Domino;
2780 3499 2831 3554 id
2857 3509 2958 3567 est,
2985 3500 3087 3557 hoc
3115 3516 3248 3571 opus
3274 3501 3609 3570 admirabile,
3640 3512 3695 3558 et

2115 3587 2260 3657 quod
2283 3603 2497 3644 omnem
2521 3599 2738 3658 superat
2757 3591 3076 3660 opinionem,
3100 3592 3200 3647 hoe
3224 3593 3424 3648 scilicet
3445 3608 3580 3663 Opus
3599 3609 3695 3648 an-

2113 3679 2242 3748 guli.
2271 3677 2336 3732 Et
2361 3689 2434 3733 est
2459 3679 2770 3735 admirabilis
2788 3682 2846 3734 in
2861 3683 3020 3736 oculis
3041 3683 3243 3738 nostris.
3270 3683 3399 3750 Quis
3419 3692 3504 3740 est
3523 3685 3694 3739 admi-

2114 3770 2332 3825 rabilis?
2363 3771 2602 3840 Angulus
2619 3772 2839 3836 scilicet,
2863 3774 3024 3830 coitio
3043 3774 3267 3829 duorum
3291 3776 3605 3846 populorum
3623 3776 3693 3832 ad

2113 3861 2384 3931 pietatem.
2420 3861 2498 3917 Ex
2524 3861 2729 3918 Judaeis
2749 3865 2891 3918 enim
2919 3866 3099 3920 multa:
3125 3865 3465 3923 crediderunt
3491 3868 3691 3939 myria-

2111 3951 2209 4007 des
2237 3969 2252 4006 :
2282 3952 2568 4022 quinetiam
2599 3953 2706 4022 ipsi
2735 3963 2889 4009 erant
2924 3956 3149 4025 apostoli
3173 3971 3236 4011 ex
3262 3957 3478 4013 Judteis.
3527 3959 3692 4016 Recto

2112 4051 2291 4098 autem
2320 4041 2482 4108 dixit,
2510 4040 2577 4096 In
2606 4043 2766 4098 oculis
2792 4045 2973 4100 nostris
2999 4062 3018 4100 :
3044 4061 3216 4116 neque
3239 4047 3381 4102 enim
3405 4046 3508 4103 hoc
3534 4049 3692 4102 mira-

2111 4136 2289 4190 culum
2309 4136 2554 4192 omnibus
2573 4146 2656 4192 est
2679 4136 3035 4192 manifestum.
3067 4138 3196 4205 Quis
3215 4139 3358 4194 enim
3380 4155 3484 4195 non
3505 4140 3690 4196 obstu-

2113 4237 2316 4296 pescat,
2355 4227 2476 4298 quis
2514 4242 2624 4282 non
2650 4227 2942 4283 admiretur
2979 4228 3122 4299 quod
3168 4229 3258 4284 ubi
3303 4231 3585 4286 cruciﬁxus
3608 4241 3692 4287 cst

2110 4317 2352 4374 Christus
2371 4360 2388 4385 ,
2420 4319 2528 4374 illic
2550 4317 2794 4372 Christus
2819 4318 3070 4374 adorator
3099 4337 3114 4372 :
3141 4327 3197 4376 et
3215 4321 3302 4390 qui
3325 4337 3445 4377 eum
3473 4322 3688 4392 quidem

2108 4409 2504 4475 cruciﬁxerunt,
2535 4409 2848 4480 ignominia,
2869 4409 2957 4480 qui
2983 4425 3112 4467 vero
3136 4411 3388 4479 adorant,
3409 4413 3578 4485 gloria
3603 4414 3687 4469 af-

2110 4499 2393 4554 ﬁciuntur?
2447 4499 2760 4555 Universum
2815 4499 2958 4554 enim
3009 4499 3194 4556 orbem
3246 4511 3402 4557 terrae
3457 4504 3690 4573 pervasit

2110 4591 2351 4654 verbum.
2374 4604 2560 4646 omnes
2581 4588 2787 4646 veritati
2812 4590 3159 4660 conjungens.
3192 4591 3284 4647 Est
3303 4608 3432 4664 ergo
3459 4595 3688 4649 admira-

2109 4687 2269 4753 bilis,
2297 4687 2383 4742 vel
2429 4688 2494 4742 iis
2537 4687 2631 4757 qui
2669 4685 3169 4757 quomodocumque
3217 4687 3268 4742 id
3311 4688 3684 4752 considerant.

2110 4780 2278 4834 multo
2316 4787 2489 4834 autem
2523 4777 2695 4849 magis
2715 4788 2770 4834 et
2797 4778 2952 4848 longe
2981 4779 3280 4835 evidentius
3319 4781 3398 4835 eis
3435 4781 3524 4852 qui
3567 4797 3686 4837 cre-

2109 4871 2262 4926 dunt.
2289 4871 2356 4926 Et
2376 4871 2495 4926 ideo
2513 4871 2666 4938 dixit,
2690 4869 2757 4925 In
2784 4872 2945 4926 oculis
2972 4872 3176 4927 nostris.
3203 4871 3292 4927 24.
3321 4872 3449 4928 Ηαισ
3466 4883 3540 4928 est
3584 4872 3694 4926 dies

2109 4979 2260 5033 quam
2283 4963 2398 5032 fecit
2429 4961 2708 5026 Dominus;
2736 4962 3060 5029 multemus,
3084 4973 3130 5017 et
3150 4963 3375 5019 laetemur
3394 4965 3446 5018 in
3471 4981 3548 5019 ea.
3582 4965 3689 5020 Vo-

2108 5064 2193 5110 cat
2218 5054 2304 5109 hic
2329 5052 2492 5120 diem,
2525 5069 2629 5108 non
2654 5053 2780 5109 solis
2801 5069 3035 5117 cursum.
3059 5054 3153 5110 sed
3182 5055 3433 5125 praeclara
3454 5055 3686 5110 facinora

2109 5157 2228 5217 quae
2271 5147 2324 5202 in
2367 5161 2432 5200 eo
2475 5154 2623 5216 gesta
2663 5155 2808 5200 sunt.
2849 5145 2999 5202 Sicut
3029 5147 3170 5202 enim
3205 5147 3295 5218 qui
3323 5147 3462 5202 diem
3491 5151 3685 5203 malum

2108 5236 2256 5298 dicit,
2290 5249 2394 5288 non
2433 5250 2648 5289 cursum
2689 5235 2839 5302 solis,
2872 5235 2965 5290 sed
2991 5235 3126 5291 mala
3153 5252 3272 5307 qua:
3297 5237 3348 5290 in
3381 5237 3494 5307 ipso
3518 5249 3639 5292 sunt
3669 5256 3683 5292 :

2107 5325 2179 5381 ita
2207 5326 2363 5381 etiam
2395 5325 2588 5379 bonum
2615 5326 2758 5381 diem
2787 5336 2938 5382 vocat
2963 5329 3216 5398 prarclara
3245 5327 3376 5383 facta
3399 5345 3516 5406 qua:
3544 5331 3594 5384 in
3620 5345 3683 5384 eo
3709 5402 3713 5404 _

2107 5415 2337 5470 fuerunt.
2381 5414 2532 5482 Quod
2566 5425 2744 5470 autem
2773 5415 2936 5482 dicit,
2967 5427 3046 5472 est
3075 5417 3334 5487 ejusmodi
3366 5433 3384 5473 :
3409 5419 3514 5476 Res
3554 5435 3678 5490 pra).
3707 5417 3718 5482 ξ

2103 5511 2273 5565 claras
2301 5524 2420 5578 quae
2459 5510 2510 5562 in
2549 5523 2615 5563 eo
2641 5519 2803 5577 gesta:
2841 5519 2966 5563 sunt
3012 5509 3147 5565 Dens
3192 5509 3348 5574 fecit;
3385 5520 3502 5567 erat
3541 5513 3682 5568 enim
3715 5583 3721 5590 ί

2103 5601 2243 5656 illius
2267 5599 2432 5656 solius
2461 5613 2647 5654 manus
2674 5597 2886 5654 allicere
2914 5615 3032 5668 quae
3059 5599 3194 5654 facta
3219 5609 3364 5654 sunt.
3717 5599 3728 5622 "

2165 5731 2238 5792 (τι)
2262 5737 2344 5781 lltc
2363 5739 2610 5800 interpres
2631 5729 2918 5801 estAquila,
2941 5743 3348 5801 qncm'sequutus
3368 5739 3684 5801 "nerunymus

2103 5790 2320 5844 verterat
2335 5805 2348 5842 :
2364 5803 2399 5842 Α
2412 5790 2612 5843 Domino
2621 5790 2798 5854 factum
2809 5799 2877 5843 est
2891 5790 3038 5843 istud.
3053 5790 3173 5842 Vide
3187 5790 3232 5841 in
3246 5793 3472 5855 ttexajlis
3490 5790 3665 5851 nostris
3677 5839 3689 5852 .
