4062 6208
250 181 348 245 535

245 323 311 377 σῃ
333 305 414 356 ὅτι
434 302 494 355 ἐν
513 303 582 373 τῇ
607 300 824 374 ἐξουσίᾳ
841 301 1003 356 αὐτοῦ
1019 301 1086 356 τὸ
1104 303 1211 356 πᾶν
1239 301 1605 357 έκειτο.⁶Ὠστε
1639 300 1828 371 διπλῆν

246 387 506 459 ὲκέρδανε
544 387 844 457 σωτηρίαν,
866 388 965 458 τήν
983 403 1042 439 τε
1063 386 1170 440 τῶν
1190 386 1400 447 δεινῶν,
1421 388 1521 457 τήν
1539 403 1599 438 τε
1619 384 1718 454 τῆς
1737 401 1836 437 κα-

246 472 366 534 κίας
405 469 756 538 ἀπαλλαγήν.
799 470 892 523 Διὸ
946 475 1038 524 καὶ
1073 471 1292 534 Παῦλος
1347 469 1532 538 ἔλεγεν
1562 469 1836 540 Ἐὁραίοις

245 555 474 628 γράφων
491 568 504 582 ·
526 556 601 608 El
620 553 688 606 δὲ
707 553 883 618 ἐκτός
899 553 1040 608 ἐστε
1058 553 1348 620 παιδείας,
1361 552 1477 621 ἄρα
1491 554 1654 607 νόθοι
1671 551 1832 616 ἐστὲ,

247 638 340 692 καὶ
379 638 497 705 οὐχ
533 635 679 690 υἱοί.
712 635 1008 701 Ἀνοίξατέ
1037 653 1140 706 μοι
1177 637 1376 701 πύλας
1405 633 1831 700 δικαιοσύνης·

245 720 540 779 εἰσελθὼν
576 723 646 775 ἐν
683 721 895 787 αὐταῖς
931 720 1447 791 ἐξομολογήσομαι
1501 720 1582 785 τῷ
1618 720 1832 787 Κυρίῳ.

247 813 370 876 Τοῖς
409 809 822 882 παιδευομένοις
842 811 897 862 αἱ
915 809 1086 863 πύλαι
1105 810 1432 879 ἀνοίγονται,
1453 812 1565 872 τοῖς
1583 807 1838 862 ἀποτιθε-

251 896 433 966 μένοις
452 895 526 946 τά
546 893 942 964 ἁμαρτήματα.

305 983 377 1031 ε’.
411 977 474 1029 Ὀ
498 975 810 1039 παιδευθεὶς
845 973 983 1044 μετὰ
1015 973 1327 1047 παρρησίας
1357 972 1579 1028 δύναται
1616 971 1792 1041 λέγειν
1817 988 1833 1004 ·

258 1059 562 1125 Ἀνοίξατέ
606 1076 711 1129 μοι
757 1059 959 1125 πύλας
995 1049 1414 1126 δικαιοσύνης.
1451 1058 1560 1113 Kal
1597 1055 1705 1129 γὰρ
1743 1055 1838 1111 καὶ

246 1142 389 1198 κατὰ
426 1141 722 1213 ἀναγωγὴν
759 1141 1056 1211 ἐκληπτέον
1091 1140 1154 1194 τὸ
1187 1141 1494 1212 εἰρημένον,
1529 1140 1625 1194 καὶ
1662 1139 1837 1202 πύλας

245 1227 342 1288 τὰς
357 1225 477 1278 τῶν
490 1223 741 1296 οὐρανῶν
760 1224 998 1294 νοητέον,
1020 1225 1077 1278 αἳ
1095 1225 1208 1286 τοῖς
1228 1226 1481 1294 πονηροῖς
1502 1223 1604 1276 εἰσι
1626 1221 1838 1276 κεκλει-

248 1308 469 1379 σμέναι,
493 1307 634 1378 πρὸς
652 1320 678 1348 ι
699 1307 766 1371 ἃς
783 1307 864 1360 δεῖ
881 1306 1097 1378 κρούειν
1115 1305 1204 1360 διὰ
1221 1305 1321 1376 τῆς
1339 1305 1560 1376 ἀρετῆς,
1599 1303 1665 1358 δι’
1686 1305 1840 1376 ἐλεη-

250 1390 515 1462 μοσύνης,
537 1390 629 1443 διὰ
645 1389 1010 1460 δικαιοσύνης.
1032 1389 1192 1456 Αὕτη
1215 1391 1254 1458 ἠ
1276 1389 1439 1456 πύλη
1458 1387 1565 1443 τοῦ
1585 1388 1834 1458 Κυρίου·

247 1474 467 1528 δίκαιοι
494 1474 952 1528 εἰσελεύσονται
967 1473 1041 1526 ἐν
1057 1471 1234 1542 αὐτῇ.
1257 1470 1380 1525 Εἰσί
1399 1471 1562 1525 πύλαι
1583 1471 1836 1537 θανάτου,

247 1558 352 1610 εἰσί
373 1556 546 1611 πύλαι
565 1555 865 1620 ἀπωλείας,
888 1557 997 1609 οίσὶ
1015 1555 1184 1609 πύλαι
1205 1556 1371 1628 ζωῆς,
1393 1556 1501 1610 εἰσὶ
1518 1556 1687 1609 πύλαι
1715 1567 1840 1610 mea

244 1639 333 1692 val
373 1640 472 1693 καὶ
513 1639 942 1710 τεθλιμμέναιδ.
965 1640 1066 1694 Διά
1101 1640 1163 1709 δὴ
1204 1639 1364 1693 τοῦτο
1399 1640 1586 1712 ἐπειδὴ
1625 1639 1841 1706 πολλαὶ,

243 1723 391 1792 λέγει
429 1723 492 1776 τὸ
537 1724 866 1794 παράσημον
895 1723 995 1792 τῆς
1012 1721 1109 1776 τοῦ
1130 1722 1338 1794 Κυρίου
1360 1721 1554 1792 πύλης,
1577 1723 1799 1792 ἐπάγων
1821 1738 1837 1754 ·

245 1809 406 1876 Αὕτη
453 1808 495 1876 ἠ
542 1809 705 1877 πύλη
745 1807 851 1862 τοῦ
893 1808 1134 1875 Κυρίου.
1174 1808 1411 1861 Ἐκεῖναι
1447 1807 1555 1880 γὰρ
1589 1807 1710 1878 οὐχὶ
1746 1807 1841 1860 τοῦ

249 1892 477 1961 Κυρίου.
509 1892 621 1944 Kal
638 1891 698 1944 τὸ
717 1891 1046 1961 παράσημον
1066 1892 1216 1943 ποῖον
1236 1891 1441 1961 αὐτῆς;
1476 1891 1549 1944 Τὸ
1583 1890 1652 1944 δι’
1673 1889 1843 1960 αὐτῆς

249 1976 374 2038 τοὺς
414 1974 848 2045 παιδευομένους
867 1974 1116 2037 εἰσιέναι,
1134 1976 1261 2036 τοὺς
1280 1971 1650 2043 θλιϐομένους.
1671 1973 1841 2044 Στενὴ

251 2058 358 2131 γάρ
390 2060 516 2111 ἐστι
554 2058 648 2111 καὶ
685 2055 1044 2129 τεθλιμμένη·
1070 2058 1118 2109 εἰ
1138 2056 1193 2110 δὲ
1215 2055 1570 2127 τεθλιμμένη,
1590 2057 1640 2108 οἱ
1661 2055 1840 2109 θλιϐό-

255 2158 404 2210 μενοι
439 2141 515 2194 δι’
534 2141 705 2212 αὐτῆς
745 2139 1292 2211 βαδιοῦνται·ὦσπε,ρ
1326 2141 1361 2212 ἠ
1401 2139 1537 2210 πρὸς
1567 2139 1842 2195 ἀπώλειαν

255 2224 486 2278 πλατεῖα
510 2224 607 2278 καὶ
628 2223 960 2295 εὐρύχωρος.

335 2307 888 2378 Ἐξομολογήσομαί
923 2321 1042 2370 σοι,
1082 2305 1171 2361 ὅτι
1207 2305 1559 2374 ἐπήκουσάς
1583 2324 1724 2376 μου,
1747 2305 1847 2360 καί

255 2389 469 2459 ἐγένου
504 2408 624 2459 μου
664 2393 752 2456 είς
790 2390 1110 2457 σωτηρίαν.
1133 2390 1243 2459 Οὐχ
1279 2389 1465 2454 ἁπλῶς
1504 2384 1679 2456 εἶπεν,
1706 2391 1846 2444 Ἐπ-

258 2475 557 2541 ήκουσας,
579 2473 714 2528 ἀλλὰ
735 2473 997 2546 πρότερον
1018 2473 1336 2538 παιδεύσας,
1361 2475 1456 2526 καὶ
1465 2473 1669 2543 ,βελτίω
1700 2474 1850 2544 ποιή-

261 2575 379 2621 σας.
401 2558 498 2612 Διὸ
533 2558 627 2611 καὶ
659 2557 990 2630 εὐχαριστεῖ,
1021 2559 1118 2628 οὐχ
1156 2557 1294 2630 ὑπὲρ
1333 2552 1408 2612 ὧν
1445 2556 1712 2628 ἠκούσθη,
1732 2557 1846 2610 ἀλλ’

261 2641 402 2714 ὑπὲρ
438 2636 516 2695 ὧν
554 2641 866 2712 ἐπαιδεύθη.
889 2640 989 2694 Διὰ
1008 2641 1117 2713 γὰρ
1136 2640 1293 2694 τοῦτο
1309 2639 1573 2712 ἠκούσθη,
1595 2641 1689 2694 καὶ
1709 2656 1849 2693 παν-

261 2727 432 2797 ταχοῦ
454 2727 590 2780 πολὺ
627 2727 786 2779 τοῦτο
805 2727 937 2797 παρ’
957 2724 1106 2795 αὺτῷ
1124 2725 1185 2778 τὸ
1203 2727 1302 2796 τῆς
1321 2724 1668 2796 εὐχαριστίας
1687 2718 1844 2785 εἶδος.

265 2809 448 2882 Ὅπερ
482 2808 593 2881 γὰρ
629 2805 802 2874 εἷπον,
827 2810 920 2861 καὶ
955 2808 1129 2877 λέγων
1149 2809 1210 2861 οὐ
1231 2809 1528 2878 παύσομαι,
1550 2806 1707 2860 τοῦτο
1743 2805 1850 2878 μά-

266 2892 424 2946 λιστα
455 2892 614 2945 θυσία
641 2893 736 2945 καὶ
764 2893 1066 2963 προσφορά.
1088 2893 1270 2946 Λίθον
1300 2890 1373 2944 δν
1393 2889 1850 2959 ἀπεδοκίμασαν

268 2979 324 3031 οί
342 2975 819 3046 οἰκοδομοῦντες,
838 2971 1016 3042 οὗτος
1033 2975 1283 3046 ἐτι-νήθη
1301 2977 1390 3040 εἰς
1406 2971 1850 3046 [5251κεςοαλὴν

271 3063 638 3131 τωνίας.”οτι
661 3061 758 3131 μὲν
779 3062 858 3124 εἰς
877 3058 1109 3132 Χριστὸν
1127 3060 1188 3114 τὸ
1207 3060 1517 3131 εἰρημένον,
1545 3057 1707 3113 παντί
1744 3075 1849 3111 που

193 3190 198 3194 .
272 3145 449 3215 δῆλον.
471 3147 581 3198 Kal
598 3143 708 3214 γάρ
728 3143 890 3206 αὐτὸς
910 3146 967 3196 ἐν
987 3145 1097 3206 τοῖς
1116 3143 1467 3211 Εὑαγγελίοις
1488 3141 1690 3213 ταύτην
1708 3159 1851 3213 παρ-

274 3227 397 3296 άγει
433 3229 532 3299 τὴν
567 3227 904 3298 προφητείαν
936 3227 1108 3295 λέγων
1127 3243 1142 3259 ο
1183 3225 1482 3280 Οὐδέποτε
1511 3225 1810 3296 ἀνέγνωτε
1833 3264 1848 3290 ,

275 3312 458 3364 Λίθον
493 3311 565 3364 ὃν
587 3310 1038 3380 ἀπεδοκίμασαν
1078 3312 1131 3364 οί
1163 3308 1633 3378 οἰκοδομοῦντες,
1673 3303 1853 3374 οὗτος

275 3392 526 3463 ἐγενήθη
548 3396 633 3460 είς
650 3394 924 3464 κεφαλὴν
945 3393 1194 3463 γωνίαω
1216 3392 1353 3446 Εἰδέ
1377 3393 1450 3463 μὴ
1471 3392 1619 3445 δοκεῖ
1653 3391 1714 3456 ἐξ
1749 3391 1851 3445 αὐ-

276 3479 376 3550 τῆς
394 3478 657 3549 ἠρτῆσθαι
676 3479 770 3550 τῆς
796 3477 1035 3548 ίστορίας
1067 3478 1127 3531 τὸ
1160 3477 1470 3549 εἰρημένον,
1507 3475 1643 3529 ἀλλά
1681 3475 1853 3546 μέσην

274 3565 373 3634 τὴν
395 3561 713 3616 ἀκολουθίαν
732 3573 755 3601 ο
783 3562 1087 3632 διακόψασα
1124 3563 1158 3632 ἡ
1198 3562 1501 3634 προφητεία
1539 3559 1850 3632 ἐπεισῆλθε,

279 3645 588 3717 θαυμαστὸν
625 3646 938 3710 οὐδὲν,οὑδέ
977 3645 1163 3699 καινόν
1185 3659 1199 3675 ·
1239 3645 1382 3699 οὕτω
1421 3645 1530 3716 γὰρ
1562 3646 1618 3698 at
1639 3643 1854 3707 πλείους

189 3747 196 3754 ’
276 3731 383 3784 τῶν
422 3731 768 3802 προφητειιῖη
805 3729 1217 3801 ἐξεφωνήθησαν
1235 3731 1376 3801 ἐντῇ
1403 3729 1632 3800 Παλαιᾷ,
1666 3727 1755 3781 διὰ
1795 3727 1856 3781 τὸ

275 3812 384 3866 δεῖν
420 3815 590 3875 αὐτὰς
629 3813 1016 3878 συσκιάζεσθαι
1035 3815 1192 3877 τέως,
1214 3812 1355 3866 ὥστε
1380 3812 1456 3883 μὴ
1475 3812 1568 3864 καὶ
1586 3811 1655 3866 τὰ
1675 3809 1857 3881 βιϐλία

277 3897 416 3951 αὐτὰ
448 3898 847 3968 ἐξαλειφθῆναι.
867 3898 1018 3950 Ἐπεὶ
1058 3898 1152 3950 καὶ
1187 3898 1221 3967 ή
1267 3897 1394 3966 περὶ
1433 3894 1533 3966 τῆς
1553 3895 1856 3965 γεννήσεως

277 3983 441 4038 αὐτοῦ
457 3985 762 4056 προφητεία
780 3983 927 4036 δοκεῖ
945 3982 1044 4053 μὲν
1063 3981 1172 4034 ἀπὸ
1189 3983 1287 4052 τῆς
1309 3980 1546 4052 ἱστορίας
1566 3978 1854 4049 ἠρτῆσθαι,

277 4068 428 4123 οὐδὲν
464 4069 521 4122 δὲ
558 4068 734 4121 κοινὸν
763 4067 877 4138 ἔχει
910 4067 1044 4138 πρὸς
1075 4065 1322 4136 ἐκείνην·
1361 4059 1472 4117 οἷον
1505 4063 1587 4127 τὸ,
1629 4060 1782 4117 Ἰδοὺ
1816 4062 1856 4129 ἠ

279 4150 574 4221 παρθένος
591 4151 662 4204 ἐν
679 4150 888 4220 γαστρί
922 4149 1203 4218 λήψεται,
1221 4148 1318 4202 καί
1338 4145 1568 4210 τέξεται
1582 4144 1736 4210 υιὸν,
1758 4143 1858 4197 καί

280 4234 652 4290 καλέσουσιά
696 4234 764 4288 τὸ
798 4233 984 4302 ὄνομα
1017 4231 1205 4286 αὑτοῦ
1238 4227 1639 4300 Ἐμμανουὴλ,
1661 4227 1695 4280 ὅ
1729 4227 1862 4281 ἐστι

276 4319 896 4390 μεθερμηνευόμενον,
943 4318 1083 4372 Μεθ’
1111 4312 1280 4386 ἡμῶν
1305 4319 1339 4371 ό
1369 4315 1534 4380 Θεός.
1573 4310 1754 4365 Λίθον
1789 4309 1863 4364 ὃν

281 4403 737 4470 ἀπεδοκίμασαν
791 4406 845 4456 oi
898 4400 1372 4470 οἰκοδομοῦντες.
1429 4393 1861 4464 Οἰκοδομοῦντας

282 4488 433 4558 λέγει
473 4488 598 4549 τοὺς
645 4486 960 4550 Ἰουδαίους,
1006 4488 1133 4548 τοὺς
1173 4480 1693 4554 νομοδιδασκάλους,
1732 4480 1861 4542 τοὺς

284 4581 652 4652 γραμματεῖς,
673 4580 799 4641 τοὺς
817 4579 1162 4649 Φαρισαίους,
1184 4580 1266 4632 ὅτι
1285 4571 1682 4645 ἀπεδοκίμαζον
1701 4571 1862 4626 αὑτὸν

285 4664 566 4732 λέγοντες·
597 4665 957 4732 Σαμαρείτης
988 4663 1043 4716 εἴ
1069 4663 1172 4725 σὺ,
1195 4661 1292 4714 καὶ
1329 4658 1638 4728 δαιμόνιον
1664 4655 1827 4727 ἔχεις
1845 4671 1860 4685 ·

289 4751 381 4803 καὶ
419 4748 613 4800 πάλιν·
658 4745 846 4814 Οὗτος
868 4752 978 4802 οὐκ
1048 4747 1220 4801 ἔστιν
1252 4747 1318 4799 ἐκ
1367 4744 1475 4800 τοῦ
1510 4742 1680 4805 Θεοῦ.
1703 4739 1867 4796 ἀλλά

290 4831 493 4900 πλανᾷ
509 4833 614 4886 τὸν
638 4833 844 4902 ὄχλον.
865 4833 1000 4885 Ἀλλ’
1019 4833 1171 4904 ὅμως
1189 4824 1342 4896 οὗτος
1361 4832 1390 4884 ὁ
1407 4826 1867 4898 ἀποδοκιμασθεὶς

290 4918 462 4980 οὕτως
499 4920 667 4990 ἐφάνη
708 4919 950 4988 δόκιμος,
970 4918 1046 4980 ὼς
1083 4915 1334 4985 γενέσθαι
1368 4914 1608 4985 κεφαλὴν
1641 4913 1865 4981 γωνίας.

292 5003 366 5054 Οὐ
405 5001 512 5072 γὰρ
547 5003 690 5065 ἆπας
709 5001 856 5066 λίθος
876 5003 954 5064 εἰς
973 4999 1174 5070 γωνίαν
1196 4998 1516 5069 ἐπιτήδειος,
1535 4995 1650 5050 ἀλλ’
1671 4997 1700 5048 ὁ
1718 4995 1867 5049 δοκι-

295 5089 560 5160 μάηατος,
584 5090 675 5144 καὶ
695 5085 755 5153 ἐξ
772 5087 1039 5160 ἑκατέρας
1061 5085 1298 5156 πλευρᾶς
1335 5086 1458 5148 τοὺς
1496 5081 1708 5153 τοίχους
1743 5097 1864 5135 συν-

356 5360 384 5388 .
405 5357 489 5407 Sic
509 5353 668 5406 Savil.
690 5354 747 5402 In
771 5352 947 5415 κοτθι.
967 5357 1138 5415 fantem
1156 5351 1270 5415 πρός
1290 5352 1449 5402 deest.

352 5421 382 5462 δ
401 5420 641 5470 Samium
663 5413 932 5477 sequimur.
961 5414 1134 5477 Morel.
1159 5411 1282 5477 ζωῆς
1303 5417 1351 5462 αῖ
1373 5413 1534 5477 στεναὶ
1551 5412 1632 5477 καὶ
1649 5411 1774 5477 τεθλ.

1311 185 1683 245 EXPUSITIO
1717 186 1784 241 IN
1825 185 2159 243 ?SALMIJM
2200 188 2408 250 CXVII.

3407 203 3514 260 336

1942 299 2102 369 δῆσαι
2139 301 2434 372 δυνάμενος
2453 313 2500 354 ε.
2527 304 2593 356 ’0
2629 303 2806 360 τοίνυν
2824 308 2852 360 δ
2871 310 3153 382 Προφήτης
3172 312 3339 383 λέγει,
3361 319 3518 373 τοῦτο

1937 385 2106 451 ἐστιν,
2127 387 2208 439 ὅτι
2247 389 2276 440 ὁ
2312 387 2770 457 άποδοκιμασθεὶς
2807 393 2960 465 παρὰ
2986 395 3094 450 τῶν
3124 399 3391 454 Ἰουδαίων
3422 406 3518 457 xal

1938 469 2334 556 ἐξουθενηθεὶς,
2357 471 2530 535 οὕτως
2550 472 2722 544 ἐφάνη
2743 474 3075 546 θαυμαστὸς,
3099 481 3237 536 ὥστε
3261 484 3335 556 μὴ
3358 486 3518 556 μόνον

1936 553 2226 640 (ἕκοδομήν
2263 555 2502 640 ὑφῆναι,
2543 557 2681 610 ἀλλὰ
2721 559 2815 611 καὶ
2854 559 2947 613 δύο
2991 553 3516 640 συνδῆσαι-τοίχους.

1938 635 2130 722 Ποίους
2166 637 2230 706 δὴ
2270 639 2482 709 τοίχους
2508 656 2522 704 ;
2552 640 2691 705 Τοὺς
2725 640 2786 706 ἐξ
2818 642 3087 698 Ἰουδαίων
3127 650 3222 701 καὶ
3252 635 3520 722 Ἐλλήνων

1938 721 2326 784 πιστεύοντας·
2374 722 2625 794 καθάπερ
2663 725 2757 777 καὶ
2787 726 2818 778 ό
2855 724 3067 790 Παῦλος
3103 727 3288 796 λέγει·
3326 721 3521 800 Αύτὸς

1937 801 2047 886 γάρ
2069 803 2239 857 ἐστιν
2277 806 2315 874 ή
2351 807 2562 876 είρήνη
2583 806 2770 877 ἡμῶν,
2798 812 2831 864 ό
2849 813 3111 878 ποιήσας
3131 813 3203 867 τὰ
3221 816 3522 886 ἀμφότερα

1935 883 2025 951 ἓν,
2065 887 2162 941 καί
2195 887 2267 941 τὸ
2299 890 2660 960 μεσότοιχον
2695 893 2802 947 τοῦ
2838 897 3112 964 φραγμοῦ
3147 883 3368 965 λύσας,
3408 883 3525 967 τὴν

1936 970 2162 1040 ἔχθραν
2177 971 2250 1025 ὲν
2266 971 2341 1041 τῇ
2359 974 2538 1042 σαρκί
2557 975 2764 1040 αὑτοῦ,
2785 977 2893 1031 τὸν
2914 980 3104 1048 νόμον
3123 979 3242 1034 τῶν
3258 982 3526 1038 ἐντολῶν

1935 1055 2007 1109 ἐν
2039 1054 2296 1125 δόγμασι
2329 1058 2735 1128 καταργήσας,
2762 1061 2862 1116 ἵνα
2898 1063 3040 1129 τοὺς
3076 1063 3184 1118 δύο
3217 1065 3398 1135 κτίσῃ
3436 1068 3521 1132 είς

1936 1137 2046 1192 ἕνα
2086 1137 2299 1193 καινόν
2341 1139 2674 1208 ἄνθρωπον.
2713 1143 2822 1197 Kal
2859 1144 3052 1198 πάλιν·
3103 1147 3527 1220 Ἐποικοδομη-

1939 1221 2142 1290 θέντες
2159 1222 2239 1289 τῷ
2257 1225 2505 1293 θεμελίῳ
2523 1223 2643 1278 τῶν
2659 1225 3016 1282 ἀποστόλων
3048 1230 3146 1284 καί
3178 1231 3522 1302 προφητῶν,

1939 1305 2113 1372 ὄντος
2145 1306 2572 1375 ἀκρογωνιαίου
2609 1309 2783 1364 λίθου
2817 1311 3019 1378 Ἰησοῦ
3064 1314 3336 1381 Χριστοῦ.
3359 1315 3435 1369 Τὸ
3465 1316 3526 1370 δὲ

1939 1389 2227 1460 εἰρημένον
2248 1389 2418 1460 πολλὴ
2440 1393 2743 1463 κατηγορία
2765 1394 2872 1449 τῶν
2903 1395 3194 1460 Ἰουδαίων,
3215 1398 3297 1452 ὅτι
3317 1399 3526 1454 οἰκοδο-

1943 1471 2168 1543 μοῦντες
2199 1472 2290 1526 τὸν
2322 1472 2626 1543 ἐπιτήδειον
2663 1475 2812 1529 λίθον
2842 1478 2944 1532 οὐκ
2963 1478 3183 1551 ἔκριναν
3205 1480 3250 1546 ί,
3273 1483 3409 1538 ἀλλά
3429 1485 3526 1538 καὶ

1939 1555 2015 1618 ὡς
2051 1553 2306 1626 ἀδόκιμον
2339 1555 2589 1627 ἔρριψαν,
2618 1559 2873 1630 τοιαύτην
2905 1561 3201 1633 δυνάμενον
3237 1563 3527 1637 οἰκοδομὴν

1940 1637 2160 1710 ὑφῆναι.
2182 1641 2244 1694 Εἰ
2272 1639 2330 1693 δέ
2365 1641 2544 1712 βούλει
2570 1643 2698 1706 τοὺς
2717 1643 2810 1698 δύο
2828 1641 3038 1715 τοίχους
3059 1646 3269 1717 μαθεῖν,
3293 1648 3527 1703 ἄκουσον

1939 1722 2034 1775 καὶ
2051 1721 2214 1777 αὑτοῦ
2235 1722 2328 1776 τοῦ
2352 1724 2588 1795 Χριστοῦ
2609 1724 2859 1795 λέγοντος
2884 1745 2896 1756 ·
2919 1729 3026 1782 Kal
3064 1729 3224 1784 ἄλλα
3263 1733 3530 1799 πρόϐατα

1939 1803 2076 1873 ἔχω.
2096 1805 2134 1860 ἆ
2152 1808 2264 1859 οὐκ
2281 1807 2452 1861 ἔστιν
2481 1807 2549 1861 ἐκ
2575 1806 2685 1876 τῆς
2701 1809 2905 1878 αὐλῆς
2926 1811 3167 1880 ταύτης,
3189 1813 3436 1868 κάκεῖνά
3448 1831 3527 1883 με

1940 1885 2036 1940 δεῖ
2047 1888 2294 1958 ἀγαγεῖν
2307 1906 2321 1920 ·
2340 1890 2438 1943 καὶ
2457 1889 2772 1959 γενήσεται
2787 1892 2897 1962 μία
2914 1896 3155 1964 ποίμνη,
3174 1893 3262 1962 εἷς
3279 1895 3526 1968 ποιμήν.

1942 1970 2112 2024 Τοῦτο
2130 1972 2224 2025 καὶ
2247 1971 2452 2027 ἄνωθεν
2473 1973 2546 2037 ὼς
2567 1974 2626 2027 ἐν
2643 1974 2797 2046 τύπῳ
2816 1975 3054 2044 γέγονεν.
3075 1979 3131 2031 Ὀ
3153 1979 3261 2049 γὰρ
3277 1979 3530 2052 Ἀϐραὰμ

1943 2053 2167 2124 γέγονεν
2186 2056 2462 2128 ἑκατέρων
2483 2059 2850 2130 πατριάρχης,
2871 2059 2980 2113 τῶν
3000 2079 3059 2114 τε
3080 2064 3137 2115 ἐν
3166 2064 3528 2136 ἀκροϐυστίᾳ,

1943 2138 2051 2192 τῶν
2070 2157 2130 2192 τε
2150 2142 2208 2193 ἐν
2232 2145 2499 2212 περιτομῇ
2521 2159 2534 2172 ·
2557 2141 2672 2196 ἀλλ’
2694 2145 2870 2198 ἐκεῖνο
2891 2145 2990 2215 μὲν
3008 2146 3082 2209 ὡς
3102 2148 3160 2200 ἐν
3180 2148 3355 2219 τύπῳ,
3371 2148 3530 2203 τοῦτο

1943 2221 2079 2275 δὲέν
2098 2221 2342 2294 ἀληθείᾳ.
2369 2220 2558 2291 Οὗτος
2590 2225 2843 2295 ἐγενήθη
2863 2230 2952 2294 εἰς
2971 2229 3245 2298 κεφαλὴν
3275 2233 3494 2301 γωνίας
3508 2248 3527 2266 ·

1942 2306 2207 2369 τουτέστι,
2232 2307 2518 2378 συνέδησεν
2558 2308 2794 2381 ἑκάτερα
2831 2310 2902 2364 τὰ
2937 2311 3088 2382 έθνη.
3110 2313 3279 2381 Παρὰ
3311 2315 3530 2384 Κυρίου

1943 2389 2182 2461 ἐγένετο
2201 2391 2372 2460 αὕτη.
2399 2392 2463 2445 Τί
2481 2393 2599 2446 ἐστι
2619 2408 2633 2422 ·
2654 2395 2820 2462 Παρὰ
2840 2396 3060 2463 Κυρίου
3088 2395 3322 2466 ἐγένετο
3341 2399 3530 2462 αὖτη;

1946 2476 2061 2528 Οὐκ
2095 2471 2164 2546 ἦν
2202 2475 2560 2550 ἀνθρώπινον,
2585 2477 2740 2548 φησὶ,
2764 2478 2826 2531 τὸ
2845 2479 3154 2550 γενόμενον,
3177 2482 3276 2535 οὐκ
3306 2477 3374 2552 ἦν
3413 2483 3530 2545 ἐνὸς

1945 2557 2052 2612 τῶν
2074 2559 2303 2623 πολλῶν,
2319 2561 2420 2614 οὐκ
2438 2556 2506 2632 ἦν
2524 2561 2792 2630 ἀγγέλων,
2811 2562 2910 2615 οὐκ
2925 2558 2992 2633 ἦν
3009 2563 3362 2635 ἀρχαγγέλων
3376 2565 3526 2637 [ὗὲϐὶ

1944 2641 2007 2695 τὸ
2043 2642 2299 2712 τοιαύτην
2335 2643 2528 2709 πλέξαι
2566 2645 2786 2712 γωνίαν.
2810 2641 2999 2708 Οὐδεὶς
3036 2646 3166 2712 γοῦν
3208 2648 3445 2717 ἴσχυσεν,
3469 2648 3530 2700 οὐ

1946 2725 2173 2789 δίκαιος,
2195 2725 2257 2778 οὐ
2297 2727 2602 2796 προφήτης,
2622 2727 2722 2778 οὐκ
2765 2726 3015 2794 ἄγγελος,
3037 2728 3137 2780 οὐκ
3169 2729 3506 2796 ἀρχάγγελος

1948 2808 2087 2864 ἀλλὰ
2125 2807 2220 2862 τοῦ
2259 2808 2396 2862 Θεοῦ
2439 2809 2501 2862 τὸ
2534 2809 2863 2880 κατόρθωμα
2899 2810 3089 2877 μόνοντ
3133 2811 3355 2883 καὶγὰρ
3375 2811 3534 2865 τοῦτο

1953 2892 2131 2956 ἰδικῶς
2165 2891 2328 2946 αὐτοῦ
2367 2891 2430 2945 τὸ
2465 2891 2951 2962 ἐργον.Ἕτεροςδὲ
2971 2894 3342 2964 ἑρμηνευτής·
3367 2895 3531 2962 Παρό

1949 2978 2171 3046 Κυρίου
2209 2976 2445 3046 ἐγένετο
2480 2976 2676 3040 τοῦτο,
2699 2977 2833 3047 φησί
2852 2991 2869 3009 ·
2911 2977 3178 3041 τουτέστι,
3197 2977 3258 3030 τδ
3291 2977 3451 3049 ἔργον
3473 2978 3528 3031 τὲ

1949 3061 2262 3132 θαυμαστὸν
2299 3061 2390 3114 καὶ
2429 3060 2752 3132 παράδοξον,
2772 3061 2834 3114 τὸ
2873 3062 2972 3132 τῆς
3016 3060 3240 3130 γωνίας.
3265 3063 3375 3116 Kal
3418 3062 3534 3117 ἐστι

1951 3144 2238 3216 Θαυμαστὴ
2269 3145 2328 3198 ἐν
2365 3142 2658 3214 ὀφθαλμοῖς
2680 3146 2711 3214 ἡ
2720 3144 2854 3214 μῶν.
2879 3144 2974 3207 Τίς
2994 3144 3050 3197 δέ
3070 3146 3187 3198 ἐστι
3209 3144 3492 3216 θαυμαστή
3515 3162 3531 3210 ;

1961 3230 2024 3284 Ἦ
2045 3230 2235 3298 γωνία,
2258 3231 2291 3300 ἠ
2315 3228 2530 3292 σύνοδος
2561 3229 2670 3281 τῶν
2691 3229 2784 3282 δύο
2803 3227 2970 3282 ἐθνῶν
2989 3230 3036 3291 ⁸,
3059 3230 3093 3298 ἠ
3135 3231 3213 3292 εἰς
3246 3229 3346 3299 τήν
3381 3229 3538 3283 εὐσέ-

1950 3313 2121 3368 ϐειαν.
2146 3312 2257 3366 Kal
2275 3312 2384 3384 γάρ
2401 3313 2466 3365 ἐκ
2483 3311 2591 3365 τῶν
2621 3311 2886 3365 Ἰουδαίων
2909 3310 3101 3365 πολλαὶ
3122 3312 3381 3383 μυριάδες
3414 3312 3535 3365 ἐπί-

1950 3412 2210 3450 στευσαν·
2257 3397 2352 3450 καὶ
2382 3397 2432 3448 οῖ
2475 3394 2837 3449 ἀπόστολοιδέ
2857 3394 2917 3460 ἐξ
2945 3394 3234 3449 Ἰουδαίων.
3261 3394 3459 3458 Καλῶς
3477 3394 3536 3448 δὲ

1951 3475 2128 3533 εἶπεν·
2165 3479 2269 3533 Ἐν
2302 3477 2631 3547 ὀφθαλμοῖς
2665 3475 2876 3547 ήμῶνὶι
2897 3493 2911 3508 ·
2945 3478 3006 3531 οὐ
3027 3477 3136 3548 γάρ
3157 3477 3320 3531 πᾶσίν
3339 3479 3454 3531 ἐστι
3474 3477 3538 3530 τὸ

1952 3565 2137 3636 θαῦμα
2173 3563 2495 3635 κατάδηλον.
2517 3561 2612 3626 Τίς
2632 3561 2741 3633 γὰρ
2761 3562 2861 3615 οὐκ
2892 3562 2958 3616 ἂν
2991 3561 3312 3630 ἐκπλαγείη,
3332 3559 3416 3624 τίς
3435 3559 3539 3614 οὐκ

1951 3649 2017 3704 ἂν
2057 3648 2389 3718 θαυμάσειεν
2415 3686 2431 3710 ,
2478 3647 2559 3699 ὅτι
2595 3645 2722 3700 ἔνθα
2760 3642 3076 3715 ἐσταυρώθη
3109 3643 3341 3715 Χριστὸς
3365 3683 3380 3708 ,
3421 3645 3539 3697 ἐκεῖ

1953 3735 2340 3805 προσκυνεῖται
2379 3730 2648 3803 Χριστός·
2697 3731 2791 3784 καὶ
2832 3729 2884 3780 οἰ
2923 3727 3024 3798 μὲν
3048 3726 3460 3798 σταυρώσαντες
3478 3727 3538 3780 ἐν
3625 3759 3630 3764 ~

1951 3816 2165 3888 ἀτιμίᾳ,
2187 3818 2238 3870 οί
2273 3816 2330 3870 δὲ
2369 3811 2805 3885 προσκυνοῦντες
2824 3815 2882 3866 ἐν
2899 3810 3025 3882 δόξῃ
3053 3826 3067 3876 ;
3098 3811 3209 3865 Kal
3228 3809 3337 3882 γὰρ
3357 3811 3540 3863 πᾶσαν

1951 3900 2052 3970 τὴν
2071 3897 2396 3969 οἰκουμένην
2414 3896 2702 3967 διέδραμεν
2741 3897 2770 3948 ό
2807 3894 2985 3962 λόγος,
3010 3893 3296 3948 συνάπτων
3314 3896 3380 3965 τῇ
3401 3892 3540 3964 ἀλη-

1955 3981 2078 4054 θείᾳ
2117 3981 2382 4043 ἃπαντας.
2405 3980 2560 4033 Ἐστι
2601 3977 2702 4048 μὲν
2731 3973 2822 4032 οῦν
2838 3978 3060 4040 καὶτοῖς
3079 3977 3329 4030 ὁπωσοῦν
3348 3977 3538 4044 ἐξετά-

1957 4065 2110 4130 ζουσι
2144 4062 2451 4135 θαυμαστή,
2472 4060 2653 4132 πολλῷ
2669 4061 2728 4114 δὲ
2745 4058 3134 4130 ἀκριϐέστερον
3158 4062 3252 4113 καὶ
3275 4061 3538 4129 σαφέστε-

1959 4165 2052 4220 ρον
2069 4150 2181 4211 τοῖς
2201 4145 2535 4200 πιστεύουσι.
2555 4144 2655 4198 Διά
2673 4143 2830 4197 τοῦτο
2868 4138 3019 4195 εἶπεν
3035 4156 3051 4172 ·
3084 4142 3181 4195 Ἐν
3208 4141 3539 4211 ὀφθαλμοῖς

1959 4229 2146 4301 ἡμῶν.
2189 4229 2350 4297 Αὕτη
2390 4231 2430 4298 ἡ
2474 4226 2686 4298 ἡμέρα,
2747 4225 2830 4294 ἣν
2876 4226 3166 4292 ἐποίησεν
3207 4227 3241 4278 ό
3283 4225 3535 4290 Κύριος·

1959 4313 2476 4386 ἀγαλλιασώμεθα,
2501 4313 2597 4368 καί
2632 4310 3055 4382 εὐφρανθῶμεν
3075 4309 3145 4361 ἐν
3181 4306 3542 4377 αὐτῇῧίίμέ-

1965 4415 2063 4469 ραν
2105 4396 2338 4452 ἐνταῦθα
2373 4397 2496 4467 οὐχὶ
2533 4398 2626 4452 τὸν
2644 4397 2844 4468 δρόμον
2861 4395 3008 4464 λέγει
3026 4392 3117 4446 τὸν
3137 4392 3380 4464 ἡλιακὸν,
3403 4390 3541 4444 ἀλλὰ

1960 4480 2031 4535 τὰ
2068 4479 2466 4552 κατορθώματα
2499 4479 2568 4533 τὰ
2613 4481 2669 4532 ἐν
2709 4479 2846 4550 αὐτῇ
2891 4476 3400 4548 γενόμενα.⁶⁸Ωσπερ
3431 4473 3543 4543 γὰρ

1963 4565 2178 4638 ἡμέραν
2231 4564 2472 4637 πονηρὰν
2508 4563 2701 4632 λέγων,
2735 4563 2796 4616 ού
2834 4562 2927 4616 τὸν
2971 4560 3170 4632 δρόμον
3212 4558 3399 4627 λέγειὶ
3443 4556 3541 4612 τοῦ

1963 4650 2137 4722 ἠλίου,
2161 4648 2296 4703 ἀλλὰ
2334 4648 2402 4702 τὰ
2440 4650 2498 4701 ἐν
2535 4648 2669 4718 αὐτῇ
2710 4647 2886 4700 κακά·
2910 4643 3052 4697 οὕτω
3071 4644 3164 4697 καὶ
3183 4642 3394 4714 ἡμέραν
3415 4643 3545 4710 ἁγα-

1964 4733 2084 4806 θήν,
2125 4733 2196 4787 τά
2233 4735 2290 4786 ἐν
2329 4733 2465 4802 αὐτῇ
2505 4729 3002 4802 κατορθώματα.⁶“υ
3036 4728 3094 4782 δὲ
3128 4727 3276 4796 λέγει
3304 4723 3545 4779 τοιοῦτόν

1965 4821 2101 4871 ἐστι·
2125 4817 2205 4869 Τὰ
2223 4815 2316 4868 τοῦ
2337 4814 2469 4868 Θεοῦ
2490 4813 2908 4886 κατορθώματα,
2929 4812 2999 4867 τὰ
3018 4814 3076 4865 ἐν
3097 4812 3234 4883 αὐτῇ
3255 4811 3543 4880 γενόμενα,

1964 4904 1993 4956 ὁ
2011 4901 2144 4964 Θεὸς
2164 4899 2387 4970 ἐποίησε
2406 4915 2418 4928 ·
2461 4899 2562 4966 τῆς
2592 4899 2705 4970 γάρ
2741 4897 2924 4969 χειρὸς
2965 4895 3181 4966 ἐκείνης
3215 4894 3382 4967 μόνης
3398 4889 3466 4964 ἦν
3485 4891 3549 4945 τὸ

1969 4984 2184 5039 τελέσαι
2206 4983 2275 5038 τὰ
2293 4982 2660 5054 γεγενημένα.

2036 5227 2060 5254 ε
2082 5214 2162 5263 Sic
2185 5211 2334 5261 Savil.
2357 5209 2530 5260 Morel.
2550 5207 2659 5266 τοὺς
2679 5208 2833 5262 λίθους
2855 5223 2904 5255 σ.
2927 5206 2970 5254 δ.
2991 5205 3071 5253 καὶ
3096 5201 3204 5257 τοὺς
3219 5197 3423 5262 τοίχους.

2036 5276 2059 5348 ί
2083 5276 2213 5348 E88,:
2231 5282 2285 5322 et
2295 5285 2458 5348 Im}?-
2478 5269 2636 5348 ‘Saj'il-
2658 5271 2746 5319 οὐκ
2767 5271 2981 5330 ᾔδεισαν.

2033 5341 2059 5379 ε
2083 5335 2234 5387 δεῆἰ.
2259 5339 2354 5384 τῶν
2377 5335 2460 5383 δύο
2478 5335 2639 5396 λαῶν,
2724 5393 2735 5396 _
2814 5392 2824 5396 Α
2890 5390 2904 5396 _
3039 5386 3051 5396 ι
3083 5388 3101 5396 _
3138 5382 3162 5394 _
3362 5381 3409 5396 η
3444 5380 3460 5396 η

2033 5400 2069 5466 ι.
2084 5381 2358 5466 Eme
2535 5381 2668 5444 sm
2768 5392 2858 5466 γάρ
2885 5390 2986 5466 εῖτ)
3003 5381 3544 5466 τὲςθξῖιιξσξξαξέὶέἒιξ

353 5439 382 5462 1³
402 5439 641 5470 anulum
663 5439 932 5477 sequuuur.
962 5439 1134 5464 ωυιτι.
1161 5439 1282 5471 sum;
1303 5439 1351 5462 σοι
1374 5439 1534 5462 στινιι
1552 5439 1632 5460 παι
1650 5439 1774 5460 τινος.

353 5488 376 5514 ο
400 5482 554 5533 Savil.
579 5479 702 5528 ἀλλὰ
746 5478 892 5539 μέσον
912 5477 997 5535 τὴν
1020 5476 1157 5525 άκολ.
1201 5474 1326 5525 Infra
1364 5476 1412 5524 ἐν
1431 5481 1491 5539 τῇ
1517 5475 1706 5538 Ιιαλαιᾷ
1728 5473 1848 5524 dees

1972 5464 2074 5514 Sed
2085 5439 2330 5512 ἐ’ἐῖἶιιῗῖιῖ
2343 5439 2858 5519 αίεῖξίῐιῖἶαείίυέοῦ
2891 5451 2982 5512 γὰρ
3013 5439 3287 5518 πᾷσίνέστι
3313 5443 3370 5491 τὸ
3393 5439 3547 5504 θαῦμα

2078 5526 2123 5539 ’⁵
2158 5526 2174 5539 ‘
2282 5519 2397 5539 “-—-
2420 5519 2567 5539 ----L-
2595 5515 3038 5539 —--On---inunnu-
3063 5522 3109 5539 ιιι
3131 5508 3231 5539 ad"
3279 5503 3432 5539 Μαι-οι

291 5547 340 5596 In
362 5545 514 5596 Savil.

354 5607 384 5649 ἀ
417 5606 569 5657 δεγιί.
597 5605 678 5653 καὶ
697 5604 934 5658 καλέσεις.

1970 5503 2256 5582 ζιῖἷάῶὁξρζ
2275 5503 2571 5569 ilic—0‘35;
2595 5503 3038 5582 praetermilldnlul:
3063 5507 3253 5582 innedil‘.
3279 5503 3455 5555 Morel.

2043 5568 2342 5636 iwéiE'sév’ii.
2362 5619 2376 5644 ,
2399 5582 2525 5643 λέγει
2549 5568 2806 5641 ρὲτρειτιηι
2825 5575 3000 5623 deerat
3022 5572 3072 5620 in
3100 5568 3271 5620 Morel.
