4134 6210
406 203 510 261 357

477 318 532 372 6.
558 314 696 384 Quid
719 315 878 388 igitur
903 325 1077 386 potest
1102 330 1222 372 Cum
1253 315 1358 372 hoc
1390 315 1478 370 die
1510 317 1773 383 conferri,
1803 317 1856 372 in
1881 333 1987 388 quo

405 408 492 464 die
520 421 640 463 cum
667 406 970 465 hominibus
995 409 1128 464 iacta
1163 417 1246 464 est
1275 409 1634 464 reconciliatio
1653 451 1666 473 ,
1697 418 1753 465 et
1775 409 1984 465 diutur-

406 514 530 553 num
559 498 755 555 bellum
786 496 888 552 fuit
909 491 1248 568 diremptum,
1273 508 1327 554 et
1349 508 1487 554 terra
1513 501 1701 556 caelum
1723 501 1910 564 evasit,
1935 508 1990 556 et

405 591 650 646 homines
674 599 814 645 terra
839 588 1059 660 indigni,
1080 591 1173 646 visi
1201 601 1326 646 sunt
1353 607 1517 662 regno
1535 593 1700 664 digni,
1718 601 1772 649 et
1792 602 1987 648 nostra:

404 693 610 757 naturae
637 683 883 753 primitia:
911 698 1072 753 super
1094 685 1252 740 caelos
1277 685 1499 740 sublata:
1525 694 1668 749 sunt,
1691 696 1746 742 et
1771 698 1988 757 apertus

403 784 487 829 est
516 756 816 844 paradisus,
855 783 908 828 et
942 783 1171 829 veterem
1203 777 1424 844 patriam
1449 778 1744 846 recepimus
1769 819 1784 843 ,
1809 756 1869 833 et
1890 793 1988 833 ex-

404 873 656 932 punctum
674 873 755 918 est
769 863 1125 932 maledictum,
1143 874 1199 921 et
1217 866 1480 921 sublatum
1512 877 1806 938 peccatum,
1825 879 1879 924 et
1897 870 1985 939 qui

403 969 504 1023 per
531 954 699 1026 legem
723 955 888 1024 puniti
907 953 1133 1022 fuerant,
1151 957 1266 1012 sine
1291 957 1406 1028 lege
1426 959 1650 1014 salutem
1673 959 1987 1029 consequuti

405 1052 564 1108 sunt,
601 1055 654 1098 et
685 1055 790 1100 tota
818 1055 960 1100 terra
997 1055 1052 1102 et
1079 1062 1226 1102 mare
1258 1063 1413 1101 suum
1439 1049 1651 1119 agnovit
1680 1050 1983 1113 Dominum,

405 1145 459 1189 et
486 1135 590 1188 alia
617 1134 752 1190 facta
778 1145 900 1189 sunt
927 1135 1354 1204 innumerabilia,
1387 1154 1506 1208 quae
1550 1155 1654 1192 non
1703 1154 1988 1207 possumus

405 1225 648 1280 oratione
689 1227 970 1297 persequi?
1016 1229 1274 1293 Quocirca
1311 1243 1432 1282 cum
1467 1229 1580 1284 haec
1604 1229 1781 1284 omnia
1811 1243 1990 1286 meme

405 1320 657 1391 agitasset
695 1319 953 1390 prepheta
979 1361 995 1386 ,
1033 1324 1209 1376 omnia
1242 1322 1353 1376 Deo
1378 1321 1670 1388 adscribit,
1702 1324 1990 1378 ostendens

405 1427 524 1482 quae
545 1419 688 1480 gesta
715 1420 868 1478 sunt,
895 1426 926 1466 a
954 1412 1062 1466 Deo
1089 1411 1228 1468 facta
1255 1426 1396 1468 esse.

470 1562 701 1617 Gaudere
735 1561 877 1616 bonis
915 1577 1018 1615 non
1055 1577 1210 1632 parva
1243 1562 1420 1616 virtus.
1462 1590 1537 1603 —
1577 1560 1898 1616 Eumenius
1929 1568 1979 1614 et

397 1653 624 1710 (tutentur
647 1653 702 1707 in
725 1669 804 1707 ea.
834 1652 1096 1709 Laetitiam
1146 1654 1232 1708 hic
1293 1654 1424 1708 dicit
1448 1653 1777 1723 Spiritualem
1798 1693 1812 1716 ,
1838 1653 1979 1707 laeti-

400 1747 529 1802 tiam
557 1747 769 1811 nrentis,
797 1746 1035 1801 iattitiam
1065 1746 1246 1800 animi.
1282 1745 1610 1800 Exsultemus
1632 1786 1648 1812 ,
1680 1756 1726 1800 et
1753 1746 1981 1800 laetemur

395 1837 448 1891 in
486 1853 566 1902 ea,
597 1837 737 1906 quod
781 1845 924 1891 tanta
969 1836 1124 1891 nobis
1156 1837 1294 1892 bona
1325 1837 1631 1906 obtigerint.
1675 1838 1883 1894 Etenim
1912 1853 1980 1894 ne

394 1927 498 1984 hoc
525 1927 736 1998 quidem
766 1937 847 1982 est
871 1942 1036 1997 parva
1060 1928 1250 1996 virtus,
1271 1929 1503 2000 gaudere
1531 1929 1709 1994 bouis,
1741 1931 1976 1999 exsilire,

393 2019 588 2091 gaudio
609 2019 756 2075 afﬁci
778 2060 793 2086 ,
823 2020 921 2075 Dei
955 2019 1211 2077 beneﬁcia
1235 2035 1358 2076 cum
1385 2022 1658 2093 voluptate
1685 2023 1978 2094 suscipere.

391 2112 484 2168 25.
516 2109 562 2166 0
600 2111 846 2180 Domine,
873 2113 1070 2167 salvum
1097 2115 1179 2184 {ac
1197 2155 1213 2178 ,
1243 2115 1446 2168 obsecro
1473 2129 1492 2168 :
1519 2131 1550 2168 o
1585 2114 1800 2170 Domine
1819 2157 1835 2182 ,
1863 2117 1982 2170 bene

394 2219 693 2274 prosperare
714 2245 730 2269 ,
753 2205 984 2259 obsecro.
1021 2204 1284 2272 Quoniam
1308 2205 1520 2261 videbat
1544 2206 1690 2261 orbis
1716 2217 1872 2262 terrae
1892 2222 1982 2263 res

395 2293 657 2350 secundas
676 2335 692 2361 ,
723 2309 1010 2364 rerumque
1039 2297 1408 2362 mutationem,
1435 2305 1491 2351 et
1537 2297 1590 2352 iu
1633 2299 1822 2353 melius
1848 2313 1981 2353 con-

397 2387 695 2440 versionem
744 2402 758 2438 :
795 2386 859 2439 iis
896 2386 984 2454 qui
1030 2385 1110 2441 eis
1154 2386 1398 2441 fruuntur
1441 2387 1745 2455 gratulans,
1786 2387 1919 2444 dixit
1965 2407 1979 2444 :

403 2476 448 2529 0
483 2475 736 2542 Domine,
773 2493 946 2540 serva,
991 2478 1228 2544 obsecro;
1269 2494 1300 2531 o
1327 2477 1576 2544 Domine,
1613 2481 1740 2535 bene
1773 2498 1982 2551 prospe-

398 2583 548 2634 rare,
576 2569 796 2621 obsecro.
838 2569 950 2624 Hec
987 2579 1107 2637 est,
1139 2570 1408 2626 Conserva
1447 2587 1541 2628 eos
1570 2573 1660 2642 qui
1690 2573 1936 2628 fruuntur
1967 2593 1980 2630 :

398 2668 455 2714 et
509 2667 568 2714 ut
618 2659 938 2730 impleantur
985 2670 1039 2716 et
1086 2662 1253 2733 gratia
1309 2662 1500 2733 dignos
1551 2665 1750 2720 fruetus
1800 2674 1983 2722 osten-

398 2749 549 2816 dant,
585 2751 752 2808 redde
783 2753 863 2806 eis
889 2753 1024 2806 viam
1047 2753 1280 2821 facilem,
1312 2764 1370 2808 ut
1406 2765 1686 2826 postquam
1713 2761 1982 2828 assequuti

398 2842 614 2910 fuerint,
645 2859 672 2896 a
705 2845 896 2900 talibus
927 2847 1081 2904 bonis
1103 2865 1208 2902 non
1232 2849 1458 2916 amplius
1486 2851 1750 2906 excidant.
1767 2853 1856 2908 26.
1886 2852 1985 2908 Be-

398 2935 626 2987 nedictus
644 2936 730 3005 qui
755 2937 886 2989 venit
914 2937 964 2991 in
991 2939 1194 2992 nomine
1218 2937 1445 2993 Domini.
1483 2940 1670 2996 Nostra
1701 2944 1843 2998 enim
1877 2959 1980 2998 non

396 3027 694 3080 consistunt
719 3026 770 3080 in
791 3027 856 3081 iis
882 3037 1082 3082 tantum
1107 3045 1227 3099 qua:
1247 3030 1383 3085 facta
1403 3040 1544 3095 sunt,
1569 3033 1662 3088 sed
1684 3035 1985 3104 procedunt

396 3116 463 3170 ad
492 3116 594 3170 alia
617 3117 840 3185 majora,
870 3121 1340 3187 resurrectionem,
1363 3138 1606 3191 regnum,
1632 3124 1979 3182 hereditatem

395 3220 518 3260 cum
546 3203 759 3261 Christo
783 3224 934 3277 :qua'.
952 3210 1131 3265 omnia
1152 3213 1336 3267 volens
1363 3215 1668 3280 ostendere,
1686 3218 1978 3287 subjunxit,

401 3295 700 3352 Benedictus
724 3300 811 3368 qui
831 3301 962 3354 venit
987 3302 1040 3356 in
1063 3304 1264 3358 nomine
1282 3303 1507 3360 Domini.
1538 3307 1648 3362 Hoc
1669 3309 1828 3363 etiam
1851 3310 1983 3365 dixit

396 3388 641 3444 Christus
665 3389 866 3446 Judaris
898 3409 911 3445 :
944 3394 1121 3456 Amen,
1147 3411 1295 3450 amen
1319 3397 1433 3451 dico
1454 3397 1592 3452 vobis
1617 3415 1636 3454 :
1664 3417 1766 3454 non
1795 3418 1880 3456 me
1900 3405 1980 3456 vi-

395 3479 573 3534 debitis
593 3482 750 3536 donec
775 3483 972 3548 dicatis,
995 3483 1296 3539 Benedictus
1320 3489 1407 3558 qui
1430 3491 1560 3543 venit
1578 3491 1632 3545 in
1652 3493 1854 3546 nomine
1865 3493 1978 3548 Do-

394 3571 520 3624 mini
539 3569 750 3645 (Hattlt.
772 3571 992 3645 25.38).
1016 3575 1276 3642 Quoniam
1297 3579 1440 3633 enim
1467 3595 1612 3651 saepe
1636 3583 1973 3652 objiciebant,

394 3670 448 3715 et
475 3663 524 3715 id
546 3676 742 3732 susque
760 3663 934 3734 deque
958 3666 1270 3737 miscebant,
1289 3671 1429 3740 quod
1451 3686 1556 3727 non
1577 3684 1722 3729 esset
1747 3691 1812 3730 ex
1843 3675 1975 3740 Deo,

393 3754 534 3824 quod
571 3765 716 3811 esset
747 3757 840 3811 Dei
879 3757 1046 3814 hostis
1079 3779 1093 3815 :
1121 3760 1250 3816 dicit
1272 3763 1370 3831 eis,
1401 3765 1505 3822 Vos
1531 3765 1660 3822 mihi
1692 3767 1875 3826 feretis
1899 3779 1978 3826 te-

392 3845 698 3902 stimonium
725 3850 868 3918 quod
895 3865 1000 3906 non
1026 3865 1144 3906 sum
1173 3853 1265 3908 Dei
1295 3853 1479 3921 hostis,
1503 3859 1714 3926 quando
1740 3861 1976 3918 videritis

392 3936 694 3992 venientem
739 3938 792 3993 in
841 3940 1088 4007 nubibus,
1119 3952 1176 3997 et
1205 3943 1341 3999 hanc
1369 3947 1654 4004 emiseritis
1681 3967 1867 4007 vocem
1895 3955 1978 4008 di-

391 4035 574 4082 centes
593 4069 609 4094 ,
635 4027 939 4084 Benedictus
959 4032 1045 4100 qui
1066 4033 1198 4086 venit
1232 4035 1287 4088 in
1323 4037 1524 4090 nomine
1554 4038 1792 4105 Domini,
1825 4043 1978 4099 bonis

392 4119 571 4176 verbis
597 4131 650 4176 et
675 4123 831 4178 laude
861 4124 1032 4194 plenis
1053 4125 1122 4180 ab
1145 4128 1288 4182 omni
1317 4128 1627 4188 defensione
1656 4135 1862 4204 seipsos
1885 4153 1978 4192 ex-

390 4212 687 4270 cludentes.
719 4216 914 4272 Eorum
942 4219 1085 4274 enim
1115 4235 1236 4291 quae
1261 4231 1387 4277 tunc
1413 4224 1541 4279 ﬁent
1563 4226 1823 4283 evidentia
1853 4230 1973 4284 efﬁ-

389 4306 513 4370 ciet,
543 4315 599 4360 ut
624 4323 738 4363 eam
769 4325 953 4366 vocem
980 4308 1259 4378 emittant,
1298 4315 1454 4370 simul
1496 4327 1549 4372 et
1591 4318 1894 4390 laudantes,
1920 4333 1978 4380 et

389 4411 605 4466 gravem
656 4399 707 4453 in
755 4401 960 4471 seipsos
985 4406 1376 4460 accusationem
1410 4408 1763 4468 instituentcs.
1808 4414 1970 4470 Bene-

389 4491 610 4546 diximus
633 4494 768 4548 vobis
804 4496 867 4550 de
905 4496 1055 4551 domo
1086 4497 1308 4553 Domini.
1337 4501 1428 4555 27.
1459 4501 1599 4559 Deus
1628 4505 1896 4576 Dominus,
1927 4520 1974 4564 et

387 4582 557 4637 illuxit
596 4585 756 4640 nobis.
799 4587 933 4643 Dicit
972 4604 1185 4645 omnem
1231 4595 1482 4662 populum
1527 4597 1769 4666 ﬁdelem,
1798 4603 1887 4672 qui
1918 4585 1970 4658 in

388 4673 548 4730 domo
576 4675 784 4731 Domini
811 4678 1036 4749 adeptus
1063 4691 1145 4736 est
1176 4681 1618 4742 benedictionem.
1665 4689 1970 4749 Ceruuntur

385 4766 529 4820 enim
571 4767 765 4836 ubique
801 4772 1072 4839 propheta:
1092 4815 1106 4838 ,
1136 4773 1318 4831 beatos
1347 4777 1586 4834 dicentes
1611 4795 1706 4835 eos
1731 4785 1818 4852 qui
1846 4795 1972 4840 sunt

385 4857 659 4911 credituri.
683 4859 794 4928 Qua
816 4861 883 4916 de
902 4879 1058 4918 causa
1085 4864 1447 4932 benedixistis,
1471 4880 1525 4925 et
1547 4874 1811 4929 uudenam
1842 4877 1968 4931 bea-

387 4945 591 5000 titudo?
619 4947 876 5016 Quoniam
910 4953 1049 5009 Dens
1075 4959 1316 5025 apparuit
1339 4960 1508 5015 nobis.
1528 4963 1780 5033 Apparuit
1802 4967 1965 5033 enim,

383 5039 575 5108 inquit,
604 5043 768 5112 gratia
796 5042 892 5097 Dei
914 5047 1170 5112 salutaris,
1199 5051 1432 5106 erudiens
1469 5070 1559 5108 nos
1580 5097 1595 5122 ,
1631 5067 1686 5110 ut
1723 5058 1968 5130 abnegata

385 5134 644 5202 impietate
669 5145 717 5189 et
741 5138 1010 5192 mundanis
1046 5139 1304 5196 desideriis
1328 5185 1342 5210 ,
1379 5146 1629 5213 modeste,
1649 5149 1792 5219 juste
1814 5160 1858 5204 et
1889 5153 1968 5220 pie

384 5229 630 5292 vivamus,
651 5237 990 5298 exspectantes
1014 5232 1207 5286 beatam
1235 5251 1375 5304 spem
1394 5247 1441 5290 et
1466 5239 1832 5307 apparitionem
1853 5259 1969 5297 ma-

384 5341 415 5395 g
437 5326 472 5380 ti
500 5325 596 5382 Dei
620 5336 665 5383 et
703 5327 982 5385 Servatoris
1018 5331 1176 5385 nostri
1199 5331 1322 5386 Jesu
1346 5333 1531 5389 Christi
1583 5334 1603 5406 (
1633 5331 1734 5390 Tit.
1777 5337 1834 5393 2.
1867 5339 1966 5394 li-

386 5418 496 5492 15).
521 5419 940 5478 locamationem
963 5437 1088 5494 ergo
1109 5421 1195 5477 hic
1215 5423 1506 5482 admiratur
1529 5430 1806 5498 prepheta,
1826 5432 1966 5501 quod

384 5527 504 5567 cum
536 5513 674 5572 Deus
702 5524 862 5581 esset,
891 5527 946 5571 et
973 5515 1246 5582 Dominus,
1272 5526 1326 5571 et
1351 5515 1493 5573 illius
1515 5520 1847 5588 substantias,
1874 5539 1968 5592 ap-

385 5606 638 5674 paruerit.
677 5607 819 5662 Dixit
853 5617 1031 5663 autem
1075 5608 1481 5678 apparitionem,
1518 5611 1694 5667 carnis
1719 5613 1966 5670 humanm

383 5699 808 5768 susceptionem,
854 5699 1166 5772 virginalem
1217 5699 1418 5756 scilicet
1457 5710 1668 5759 uterum
1714 5706 1960 5773 subiisse,

1529 199 1892 258 EXPOSITIO
1927 199 1996 256 ΙΝ
2032 200 2358 259 PSALMUM
2394 201 2574 260 CXIX.

3574 219 3678 275 338

2096 320 2364 374 hominem
2392 320 2589 377 factum
2617 335 2754 390 esse,
2783 335 2838 380 et
2862 335 3126 386 versatum
3155 345 3276 388 esse
3301 347 3421 391 cum
3448 336 3679 395 homini-

2097 410 2216 466 bus.
2258 412 2321 466 Et
2348 412 2468 468 ideo
2495 413 2633 468 dixit
2665 414 3058 473 :Benediximus
3083 421 3252 489 vobis,
3283 425 3421 494 quod
3451 427 3554 482 tale
3581 429 3679 483 duo

2095 518 2220 557 num
2261 505 2378 560 sitis
2413 508 2748 578 consequuti.
2780 508 2892 566 Hoc
2915 511 3074 567 etiam
3103 511 3346 571 Christus
3373 518 3677 589 signiﬁcans

2091 595 2302 653 dicebat
2333 617 2346 652 :
2380 597 2534 654 Multi
2567 603 2824 672 propheta:
2852 614 2898 658 et
2916 604 3046 677 justi
3070 608 3478 666 desideraverunt
3510 614 3678 668 videre

2090 707 2205 758 qua:
2224 693 2417 758 videtis,
2435 703 2484 747 et
2511 711 2609 747 non
2625 695 2870 761 uiderunt,
2885 710 2929 750 et
2950 701 3128 754 audire
3151 718 3263 772 qua:
3281 704 3488 773 auditis,
3510 716 3675 761 etnon

2091 782 2358 836 audierunt
2395 783 2604 852 (Matth.
2634 787 2723 842 15.
2753 788 2862 858 l7).
2908 788 3202 846 Constituite
3238 794 3370 848 diem
3402 794 3678 851 soiemnem

2091 871 2145 924 in
2172 873 2456 941 condensis,
2488 892 2644 943 usque
2682 878 2750 932 ad
2792 896 2948 933 cornu
2984 883 3180 936 altaris.
3224 885 3374 940 Alius
3417 887 3677 957 interpres

2091 965 2167 1019 ait
2196 983 2207 1017 :
2237 964 2482 1037 Colligate
2508 968 2561 1022 in
2587 971 2765 1023 celebri
2783 983 3031 1026 conventu
3052 975 3322 1030 condensa.
3357 979 3526 1046 Alius,
3557 981 3678 1036 Alli-

2092 1065 2205 1125 gate
2234 1061 2416 1128 festum
2439 1060 2492 1113 in
2515 1061 2800 1131 pinguibus.
2828 1065 2870 1117 Α
2907 1064 3184 1133 prophetia
3211 1083 3396 1123 rursus
3425 1070 3582 1126 rediit
3609 1073 3675 1126 ad

2095 1146 2388 1203 historiam.
2441 1151 2553 1205 lioc
2590 1161 2671 1206 est
2705 1161 2882 1210 autem
2909 1156 3048 1224 quod
3077 1157 3204 1212 dicit
3231 1175 3244 1211 :
3277 1157 3491 1214 Festum
3517 1163 3674 1231 agite,

2095 1238 2397 1311 frequentes
2417 1245 2717 1299 convenite.
2742 1244 2877 1312 Quid
2899 1257 3198 1314 astantem,
3229 1248 3526 1305 Coustituite
3548 1253 3679 1306 diem

2091 1334 2365 1388 solemnem
2384 1337 2436 1389 in
2458 1337 2759 1391 condensis?
2787 1337 2857 1394 Ut
2877 1341 2986 1393 vult
3003 1340 3214 1410 quidem
3238 1357 3374 1397 unus
3396 1344 3676 1413 interpres,

2091 1423 2393 1492 Sacri/icate
2418 1425 2713 1496 splendidas
2738 1428 2947 1484 hostias.
2975 1430 3047 1487 Ut
3074 1433 3210 1487 alius
3239 1441 3438 1500 autem,
3469 1432 3679 1489 Coronis

2089 1525 2137 1569 et
2159 1517 2315 1570 ramis
2334 1519 2576 1588 templum
2601 1520 2783 1590 cingite
2810 1521 2905 1593 (a).
2935 1521 3256 1578 Hebraicum
3287 1534 3464 1580 autem
3497 1526 3564 1580 ita
3595 1525 3678 1581 di-

2088 1605 2182 1671 cit,
2215 1606 2378 1662 Esrou
2413 1625 2479 1680 ag
2516 1611 2648 1664 baad
2686 1612 2918 1666 otlttltim.
2970 1614 3096 1669 Sive
3134 1614 3238 1671 hoc
3276 1631 3404 1688 ergo
3445 1618 3532 1681 sit,
3563 1618 3677 1674 sive

2089 1697 2244 1762 illud,
2271 1699 2530 1769 signiﬁcat
2556 1702 2770 1766 festum,
2813 1713 2867 1758 et
2908 1704 3046 1759 diem
3093 1706 3296 1774 Ianum,
3328 1719 3379 1761 et
3408 1709 3673 1764 celebrem

2089 1798 2432 1846 conventum.
2478 1793 2522 1846 A
2565 1794 2930 1863 Spiritualibus
2967 1797 3109 1851 cnim
3156 1799 3449 1854 orationem
3493 1816 3676 1856 rursus

2089 1881 2330 1936 traduxit
2350 1881 2415 1936 ad
2443 1885 2677 1950 sensilia,
2705 1895 2760 1940 et
2783 1887 3026 1941 meminit
3052 1888 3262 1942 illorum
3290 1891 3511 1948 reditus.

2159 1974 2338 2028 Gratia
2357 1974 2466 2028 Deo
2493 1977 2690 2046 agenda
2726 1977 2876 2031 etiam
2901 1979 3010 2034 sine
3045 1981 3316 2049 beneﬁciis.
3333 2012 3405 2021 -—
3424 1983 3514 2038 28.
3538 1981 3674 2038 Deus

2089 2079 2227 2119 mens
2247 2082 2296 2120 es
2321 2076 2394 2130 tu,
2427 2077 2473 2119 et
2500 2067 2775 2135 conﬁtebor
2796 2069 2888 2124 tibi
2917 2085 2939 2124 .'
2961 2069 3098 2125 Deus
3125 2089 3266 2125 meus
3294 2089 3344 2126 es
3370 2082 3443 2138 tu,
3462 2083 3510 2126 et
3533 2077 3674 2128 exat-

2087 2155 2203 2208 tabo
2229 2166 2293 2208 te.
2327 2157 2612 2225 Conﬁtebor
2641 2158 2728 2212 tibi
2753 2161 2990 2228 quoniam
3018 2162 3268 2216 exaudiui
3296 2179 3376 2217 me
3394 2204 3409 2228 ,
3436 2174 3482 2216 et
3511 2167 3674 2236 factus

2088 2263 2142 2302 es
2168 2248 2294 2302 mihi
2339 2249 2393 2302 in
2433 2250 2666 2303 salutem.
2709 2249 2806 2305 llic
2832 2254 3059 2308 ostendit
3088 2255 3246 2308 etiam
3277 2256 3477 2327 absque
3505 2257 3670 2311 bene-

2091 2339 2226 2393 ﬁciis
2255 2339 2364 2393 Deo
2383 2355 2503 2396 esse
2527 2340 2760 2410 agendas
2786 2345 2982 2412 gratias
3001 2385 3016 2408 ,
3046 2355 3100 2400 et
3125 2357 3343 2416 propter
3369 2348 3470 2402 hoc
3499 2349 3668 2418 ipsum

2085 2445 2210 2486 esse
2228 2431 2393 2501 gloria
2411 2441 2466 2486 et
2483 2432 2684 2488 honore
2703 2433 3060 2503 afﬁciendum,
3081 2448 3295 2507 propter
3316 2440 3668 2510 majestatcm,

2091 2534 2306 2593 propter
2327 2524 2695 2593 substantiam,
2717 2537 2934 2596 propter
2951 2529 3175 2598 gloriam
3197 2531 3535 2588 ineffabilem.
3560 2532 3672 2588 Hoc

2089 2616 2235 2670 enim
2283 2617 2578 2687 signiﬁcat,
2619 2629 2896 2690 postquam
2925 2623 3060 2677 dixit
3087 2625 3341 2679 beneﬁcia
3368 2629 3558 2697 quibus
3588 2637 3671 2682 est

2089 2707 2326 2774 affectus,
2366 2709 2444 2763 sic
2482 2710 2821 2781 subjungeus.
2875 2714 3014 2768 Dicit
3051 2717 3190 2769 enim
3226 2735 3238 2770 :
3271 2720 3439 2772 Etiam
3470 2720 3672 2788 absque

2089 2799 2178 2852 his
2202 2801 2352 2870 agam
2378 2802 2576 2871 gratias
2595 2843 2608 2865 ,
2642 2811 2696 2856 et
2718 2805 3014 2860 Conﬁtebor
3033 2847 3047 2870 ,
3082 2808 3222 2876 quod
3257 2809 3412 2864 talem
3445 2811 3668 2865 habeam

2091 2891 2397 2958 Dominum,
2429 2893 2566 2947 adeo
2594 2894 2781 2962 altum,
2809 2896 2944 2950 adeo
2973 2913 3238 2967 magnum,
3268 2909 3320 2954 et
3342 2902 3429 2971 qui
3449 2911 3565 2957 ‘nec
3592 2905 3670 2956 vi-

2086 2981 2222 3046 deri,
2253 2997 2350 3037 nec
2376 2984 2756 3053 comprehendi
2796 2995 2988 3055 potest.
3030 2988 3162 3042 Illud
3199 2991 3360 3054 enim,
3394 2991 3667 3059 Exaltabo,

2086 3075 2347 3142 signiﬁcat
2364 3077 2689 3146 gloriﬁcabo.
2719 3077 2808 3133 29.
2832 3077 3152 3146 Conﬁtemini
3179 3079 3410 3148 Domino,
3431 3086 3668 3156 quoniam

2085 3167 2264 3232 bonus,
2288 3171 2525 3234 quoniam
2544 3172 2597 3224 in
2612 3173 2852 3225 saxulum
2870 3173 3210 3227 misericordia
3237 3176 3364 3246 ejus.
3398 3177 3512 3232 Non
3543 3181 3671 3233 satis

2086 3259 2245 3316 habet
2287 3261 2428 3330 quod
2472 3261 2585 3331 ipse
2635 3262 2738 3318 hoc
2779 3263 2936 3320 oifert
2972 3265 3314 3333 sacrilicimn,
3345 3268 3438 3325 sed
3475 3271 3668 3326 multos

2084 3356 2244 3409 etiam
2271 3364 2459 3420 vocat,
2489 3366 2546 3410 ut
2569 3357 2677 3412 sint
2705 3359 2837 3413 socii
2865 3368 2919 3413 et
2945 3361 3230 3432 participes
3257 3362 3426 3417 laudis
3457 3374 3511 3418 et
3545 3381 3670 3436 grat-

2083 3445 2274 3500 tiarum
2302 3447 2529 3502 actionis
2559 3465 2572 3502 :
2605 3457 2659 3502 ct
2702 3447 2799 3503 Dei
2843 3449 3220 3520 benignitatem
3251 3454 3523 3523 praedicat,
3553 3455 3662 3524 ejus

2082 3539 2490 3608 perpetuitatem
2506 3549 2560 3596 et
2579 3541 2992 3612 magnitudinem
3010 3542 3207 3616 ubique
3219 3545 3512 3603 celebrans.
3532 3547 3663 3601 Cum

2081 3629 2198 3686 haec
2225 3647 2354 3702 ergo
2383 3649 2481 3688 nos
2506 3649 2717 3706 quoque
2745 3636 3004 3704 sciamus,
3033 3652 3441 3708 permaneamus
3469 3641 3664 3711 gratias

2080 3721 2338 3792 perpetuo
2377 3735 2595 3796 agentes
2632 3724 2860 3798 benigno
2889 3727 3016 3795 Deo,
3052 3740 3106 3785 et
3145 3729 3250 3786 hoc
3290 3731 3338 3787 ei
3380 3730 3667 3787 oil‘eramus

2079 3815 2417 3880 sacriﬁcium,
2453 3827 2513 3871 ut
2539 3817 2678 3872 bona
2706 3821 2866 3874 etiam
2894 3819 3068 3876 futura
3093 3837 3510 3894 consequamur,
3536 3841 3662 3896 gra-

2082 3904 2151 3958 tia
2174 3914 2228 3960 et
2251 3905 2572 3975 benignitate
2593 3907 2802 3963 Domini
2826 3911 2992 3964 nostri
3013 3910 3137 3966 Jesu
3161 3911 3353 3967 Christi
3377 3932 3390 3966 :
3413 3929 3532 3969 cum
3559 3929 3665 3986 quo

2081 3993 2220 4046 Patri
2242 3994 2310 4047 sit
2331 3994 2494 4064 gloria
2515 3995 2670 4048 simul
2691 4010 2813 4050 cum
2833 4006 3018 4051 sancto
3042 3999 3261 4068 Spiritu,
3281 4019 3422 4058 nunc
3445 4015 3499 4058 et
3523 4019 3665 4060 sem-

2079 4083 2194 4154 per,
2223 4091 2276 4139 et
2301 4083 2356 4138 in
2382 4085 2574 4138 saecula
2602 4086 2941 4140 szecuiorum.
2973 4089 3163 4144 Amen.

2561 4197 2629 4254 IN
2662 4197 2982 4254 PSALMUM
3013 4199 3198 4257 CXIX.

2114 4287 2376 4344 Canticum
2400 4291 2671 4362 graduum.
2705 4293 2854 4347 Alius
2882 4293 3145 4358 interpres
3170 4296 3334 4366 dicit,
3363 4298 3623 4355 Canticum

2635 4390 2987 4441 ascensionum
3019 4386 3116 4459 (b).

2077 4477 2128 4535 1.
2146 4477 2226 4532 Ad
2239 4474 2516 4532 Dominum
2540 4493 2652 4531 cum
2679 4476 2948 4533 tribularer
2963 4477 3196 4544 clamavi,
3216 4491 3262 4536 et
3281 4483 3534 4540 exaudivit
3562 4503 3657 4542 me.

2147 4595 2198 4646 1.
2230 4590 2492 4645 Cratinum
2516 4591 2767 4646 canticum
2790 4599 2925 4646 unde
2949 4594 3159 4648 dictum.
3182 4626 3252 4637 -—
3282 4598 3517 4652 Aliorum
3547 4601 3662 4670 qui-

2073 4683 2193 4737 dem
2227 4683 2562 4738 Psalmorum
2596 4683 2956 4752 unusquisque
2983 4689 3246 4754 propriam
3279 4687 3438 4744 habet
3467 4690 3658 4747 inscri-

2073 4778 2306 4846 ptionem
2327 4817 2343 4840 ,
2381 4777 2467 4831 hic
2493 4787 2669 4833 autem
2699 4777 2878 4832 multis
2907 4780 3065 4834 simul
3100 4783 3400 4852 conjunctis
3426 4801 3527 4842 una
3562 4788 3660 4841 im-

2074 4869 2243 4937 posita
2271 4876 2354 4922 est
2381 4868 2684 4936 appellatio.
2718 4867 2987 4924 Canticum
3015 4872 3288 4942 graduum,
3310 4878 3413 4940 vel,
3439 4889 3496 4932 ut
3522 4879 3656 4934 alius

2072 4959 2211 5012 dixit
2262 4960 2562 5028 interpres,
2606 4959 2987 5016 Ascensionum.
3039 4963 3290 5022 Nonnulli
3336 4978 3514 5024 autem
3547 4947 3655 5026 ‘eos

2071 5054 2231 5106 etiam
2258 5053 2448 5120 gradus
2467 5053 2754 5122 appellant.
2785 5053 2851 5108 Et
2873 5070 3098 5125 quanam
3129 5059 3197 5113 de
3224 5075 3403 5124 causa,
3423 5061 3648 5128 inquies,

2134 5165 2206 5227 (a)
2231 5172 2312 5214 ita:
2336 5165 2764 5230 interpretationes
2784 5169 2964 5230 quinta:
2989 5169 3201 5222 ibrtassrs
3224 5179 3276 5221 et
3297 5179 3455 5222 sextae
3479 5173 3652 5223 editio-

2069 5225 2194 5276 num
2210 5233 2340 5276 sunt.
2364 5225 2488 5277 Vide
2511 5227 2558 5276 in
2582 5225 2814 5291 Hexaplis
2832 5230 2920 5280 hoc
2945 5231 3064 5281 loco.

2133 5293 2218 5366 (b)_
2245 5293 2551 5366 contulimus
2593 5307 2704 5344 cum
2745 5297 2922 5366 Codice
2961 5298 3081 5358 Reg.
3317 5296 3422 5366 quin
3442 5297 3640 5366 mendis

2067 5362 2253 5420 scatet._
2303 5356 2552 5420 interpres
2588 5368 2721 5420 vero;
2759 5358 2886 5420 apud
2931 5356 3080 5420 quem
3124 5356 3348 5420 legitur,
3387 5356 3636 5420 Canticum

2066 5415 2400 5480 ascensionum
2426 5415 2686 5480 ($511“va
2703 5415 3040 5480 ἅναόἀσεῶν).
3075 5427 3152 5466 est
3179 5415 3456 5468 Theodotio
3480 5433 3493 5466 :
3522 5420 3636 5470 vide
3729 5451 3746 5468 κ

2068 5477 2117 5528 in
2143 5477 2382 5550 HexapIi-s
2413 5477 2612 5550 nostris:
2653 5479 2812 5550 H_ujus
2855 5477 3000 5550 porro
3034 5486 3098 5550 _et
3130 5484 3454 5550 sequentium
3494 5482 3638 5550 Psal-

2065 5553 2258 5606 morum
2293 5538 2645 5606 interpretatio
2692 5538 2868 5589 l.atina‘
2902 5539 3115 5606 habetur
3143 5538 3392 5606 ii_i_'t‘.odic_e
3419 5545 3632 5606 quodam

2065 5600 2413 5666 Qttoboniano,
2438 5602 2580 5666 cujus
2601 5603 2707 5666 haec
2739 5607 2822 5666 est
2842 5609 2962 5666 nota
2985 5601 3038 5649 Β.
3081 5603 3134 5666 γ.
3162 5602 3239 5666 48,
3269 5600 3631 5666 Ιηείυὶιέιιεεηι

2064 5663 2170 5732 sic:
2202 5665 2318 5732 Cum
2340 5659 2624 5732 cwteriofere
2641 5659 2822 5727 singuli
2849 5661 3032 5714 Psalnu
3053 5661 3272 5731 singulas
3291 5659 3402 5716 suus
3419 5680 3634 5719 seorsum

2065 5723 2266 5776 habeant
2293 5721 2646 5788 inscriptiones,
2671 5721 2769 5776 etc.
