4062 6208
505 177 612 236 339

503 294 575 349 ita
603 303 724 350 sunt
753 291 1042 365 appellati?
1073 290 1128 347 Si
1154 290 1428 346 historiam
1457 287 1670 360 quidem
1695 300 1926 362 spectes,
1948 307 2083 364 quo-

501 385 645 440 niam
671 386 956 455 loquuntur
976 383 1046 440 de
1071 383 1244 439 reditu
1267 399 1332 438 ex
1360 382 1654 455 Babylone,
1682 392 1736 438 et
1758 384 2083 453 captivitatis

499 491 619 544 quae
667 475 774 531 illic
815 475 914 531 fuit
959 474 1282 530 mentionem
1320 472 1519 529 faciunt
1546 491 1561 529 :
1593 473 1687 529 sed
1713 474 1758 528 si
1785 488 1877 530 eos
1901 488 2082 529 sumas

496 567 804 636 anagogice,
845 566 986 638 quod
1013 565 1079 621 ad
1116 567 1250 620 viam
1282 565 1492 621 virtutis
1531 565 1837 620 deducant:
1865 566 2080 636 quidam

496 656 639 710 enim
681 672 775 711 eos
813 657 882 710 ita
922 664 1264 726 acceperunt.
1309 655 1440 711 Nam
1469 655 1553 710 via
1593 671 1713 726 qua:
1741 671 1806 711 eo
1832 656 2075 720 deducit,

495 753 580 799 est
602 746 792 801 similis
818 747 1088 816 gradibus,
1114 748 1284 801 virum
1314 747 1507 801 virtute
1530 755 1584 800 et
1610 747 1863 816 sapientia
1889 747 2079 816 praedi-

498 849 606 892 tum
647 840 898 909 paulatim
939 839 1175 895 eveheas
1216 847 1269 893 et
1306 839 1614 902 sustollens,
1641 847 1696 893 et
1718 855 1841 894 eum
1879 839 1930 892 in
1961 839 2076 908 ipso

494 929 628 982 caelo
653 940 909 984 statuens.
937 930 1038 984 Alii
1071 937 1249 983 autem
1275 927 1458 983 dicunt
1485 944 1584 998 per
1607 929 1723 983 haec
1749 928 2073 984 subindicari

497 1019 692 1073 scalam
723 1019 885 1074 Jacob
906 1060 923 1085 ,
963 1033 1081 1088 quae
1121 1018 1218 1088 ipsi
1249 1028 1460 1073 ostensa
1489 1027 1571 1073 est
1597 1018 1664 1073 ad
1692 1019 1879 1074 caelum
1908 1035 2073 1089 usque

491 1111 816 1180 pertingens.
848 1111 922 1165 Ita
949 1110 1107 1165 etiam
1127 1109 1377 1180 gradibus
1404 1120 1458 1166 et
1483 1110 1640 1165 scalis
1664 1111 1935 1180 subjectis,
1957 1112 2078 1166 loca

489 1201 554 1256 ad
581 1217 699 1272 qum
725 1218 832 1257 non
855 1211 994 1272 patet
1014 1201 1208 1267 aditus,
1231 1210 1286 1258 et
1302 1187 1420 1272 quae
1443 1212 1567 1258 sunt
1590 1202 1900 1268 excelsiora,
1922 1203 2074 1259 adire

491 1303 730 1364 possunt.
759 1295 1017 1363 Quoniam
1034 1304 1212 1351 autem
1235 1309 1328 1350 eos
1347 1294 1435 1366 qui
1458 1295 1770 1360 ascendunt,
1793 1305 2070 1366 postquam

488 1386 542 1440 in
563 1387 724 1441 altum
747 1389 921 1443 evecti
948 1387 1162 1454 fuerint,
1184 1387 1415 1458 caligare
1435 1402 1653 1443 necesse
1671 1396 1772 1453 est,
1793 1397 2069 1458 propterea

491 1491 596 1530 non
639 1491 734 1532 eos
775 1477 945 1532 Solum
971 1478 1062 1548 qui
1093 1477 1419 1544 ascendunt,
1451 1477 1544 1532 sed
1573 1493 1666 1532 eos
1695 1479 1856 1532 etiam
1885 1479 1972 1548 qui
2001 1478 2066 1533 ad

487 1567 659 1636 ipsum
685 1583 941 1623 cacumen
973 1578 1346 1639 pervenerunt,
1370 1578 1585 1638 accepta
1611 1571 1855 1624 cautione
1875 1571 2068 1624 canfir-

486 1659 620 1712 mari
647 1667 876 1728 oportet.
908 1659 1024 1715 Una
1063 1669 1147 1714 est
1185 1669 1364 1715 autem
1403 1661 1693 1726 securitas,
1721 1661 1932 1731 quando
1962 1677 2066 1716 non

485 1757 736 1816 quantum
764 1750 1101 1805 ascendimus
1129 1752 1538 1822 respexerimus,
1570 1754 1639 1808 ita
1667 1762 1722 1808 ut
1745 1755 1986 1824 superbae
2011 1767 2068 1812 et

485 1839 640 1892 elata:
686 1841 878 1895 mentis
921 1840 1207 1896 evadamus
1235 1859 1250 1897 :
1277 1842 1371 1898 sed
1407 1853 1659 1914 quantum
1687 1853 1854 1900 restat
1875 1861 2065 1901 ascen-

486 1928 739 1994 deudum,
769 1931 1060 2001 conSpicati
1105 1932 1360 1988 fuerimus
1382 1975 1398 1999 ,
1429 1942 1485 1989 et
1516 1929 1595 1989 ad‘
1622 1935 1751 1989 illud
1780 1936 2066 1991 tetenderi-

486 2035 622 2074 mus.
652 2019 804 2088 Quod
834 2023 994 2077 etiam
1021 2022 1216 2078 Paulus
1242 2023 1566 2095 significans,
1591 2025 1801 2081 dicebat
1825 2045 1838 2081 :
1871 2026 2066 2081 Eorum

483 2127 596 2180 qua:
614 2121 747 2166 retro
771 2123 887 2166 sunt
911 2113 1270 2180 obliviscentes,
1301 2115 1370 2168 ad
1397 2117 1650 2170 anteriora
1671 2126 1838 2170 autem
1858 2134 1947 2172 nos
1970 2135 2061 2172 ea:-

485 2202 737 2258 tendentes
775 2203 1048 2276 (Philipp.
1077 2206 1128 2259 5.
1157 2207 1225 2261 15
1244 2205 1286 2277 ).
1331 2206 1400 2262 Ει
1422 2217 1506 2262 est
1537 2207 1650 2263 lucc
1676 2210 1890 2280 quidem
1927 2212 2065 2266 ratio

483 2307 748 2364 anagoges
773 2312 784 2346 :
817 2310 914 2350 nos
936 2306 1112 2350 autem
1143 2295 1415 2367 deinceps,
1436 2297 1483 2352 si
1507 2298 1763 2366 videatur,
1788 2300 2062 2356 veniamus

482 2383 548 2438 ad
573 2383 866 2452 historiam,
899 2397 953 2442 et
982 2387 1252 2444 videamus
1290 2404 1384 2445 eos
1417 2391 1506 2460 qui
1550 2392 1762 2447 fuerunt
1796 2393 2004 2450 liberati
2028 2410 2060 2451 a

482 2479 807 2546 captivitate.
837 2480 1116 2548 Quomodo
1143 2481 1304 2552 igitur
1327 2497 1358 2536 a
1379 2483 1682 2552 captivitate
1715 2485 1918 2541 liberati
1947 2487 2062 2542 fue-

483 2570 643 2624 runt?
673 2570 946 2626 Desiderio
973 2572 1424 2646 Jerosolymorum
1456 2576 1473 2607 ¹
1507 2593 1520 2629 :
1547 2591 1665 2632 cum
1692 2587 1874 2633 contra
1906 2580 1940 2634 ii
1969 2581 2059 2652 qui

481 2676 586 2715 non
617 2664 729 2731 pari
757 2665 933 2720 studio
956 2676 1109 2720 erant
1131 2667 1324 2732 allecti,
1350 2683 1417 2724 ex
1442 2668 1534 2724 Dei
1555 2672 1721 2740 gratia
1742 2671 1874 2728 nihil
1901 2673 2060 2730 lucri-

480 2747 722 2818 fecerint,
750 2753 842 2807 sed
872 2754 922 2808 in
952 2765 1199 2825 perpetua
1228 2757 1484 2814 servitute
1511 2759 1626 2814 dies
1654 2775 1778 2817 suos
1807 2763 2055 2825 obierint.

477 2854 612 2908 quos
643 2857 740 2897 nos
766 2845 924 2898 etiam
952 2845 995 2899 si
1027 2846 1292 2902 imitemur
1315 2888 1332 2914 ,
1362 2848 1592 2920 idipsum
1622 2852 1825 2921 passuri
1850 2869 2055 2910 sumus.

478 2930 531 2986 Si
558 2933 699 2989 enim
726 2949 908 2990 amore
932 2939 1220 2993 caelestium
1242 2981 1258 3007 ,
1285 2948 1338 2995 et
1362 2941 1628 2998 desiderio
1651 2946 1879 3001 caelestis
1903 2947 2059 3003 Jeru-

477 3023 642 3078 salem
684 3040 792 3080 non
828 3037 1120 3094 teneamur,
1148 3030 1243 3085 sed
1281 3031 1328 3085 si
1370 3034 1616 3101 praesenti
1643 3036 1764 3091 vitae
1800 3048 2058 3108 perpetuo

477 3111 796 3182 ltmreatuus,
821 3116 872 3170 in
893 3132 1048 3173 cinno
1068 3121 1400 3177 saecularium
1420 3138 1670 3180 curarum
1692 3126 1931 3195 volutati,
1951 3145 2056 3184 non

477 3206 767 3272 poterimus
799 3208 1020 3276 patriam
1049 3212 1309 3280 recipere.

543 3293 836 3366 Aﬁiictionis
879 3299 1112 3365 lucrum;
1139 3301 1337 3372 aﬂiiclio
1369 3305 1644 3359 maximam
1683 3309 2055 3364 excusatione»:

477 3384 641 3440 habet.
701 3416 774 3427 —
812 3387 892 3442 Ad
934 3388 1207 3444 Dominum
1244 3408 1359 3446 cum
1403 3394 1670 3450 tribularer
1711 3396 1924 3451 clamavi
1946 3439 1962 3466 ,
2007 3409 2054 3453 et

423 3496 425 3498 ·
471 3475 726 3530 exaudivit
764 3493 860 3532 me.
903 3479 1090 3535 Vidisti
1141 3481 1344 3538 lucrum
1383 3483 1725 3541 alllictionis?
1752 3489 1929 3544 vidisti
1961 3505 2053 3544 ce-

447 3566 737 3623 .leritatem
777 3570 1108 3628 clementia}?
1146 3573 1372 3630 Lucrum
1410 3575 1734 3646 afﬂictionis,
1777 3581 1918 3650 quod
1960 3596 2054 3636 eos

473 3659 541 3712 ad
573 3673 730 3727 puras
755 3676 942 3732 preces
969 3662 1263 3719 fundendas
1291 3665 1604 3722 adduxerit:
1634 3669 1931 3724 clementia:
1958 3687 2052 3726 ce-

474 3748 757 3820 leritatem,
785 3753 926 3824 quod
955 3757 1267 3811 vocantibus
1294 3759 1372 3811 eis
1396 3760 1573 3813 statim
1598 3763 1843 3817 annuerit
1869 3781 1881 3816 :
1910 3763 2051 3834 quod

473 3841 632 3897 etiam
663 3844 808 3913 prius
843 3844 968 3901 fecit
1008 3846 1073 3901 iis
1115 3847 1204 3917 qui
1255 3859 1407 3904 erant
1435 3851 1486 3904 in
1515 3850 1768 3923 Egypto.
1822 3853 1890 3908 Et
1933 3856 2052 3911 ideo

472 3935 633 4000 dicit,
672 3934 858 3992 Videris
881 3938 985 3992 vidi
1010 3939 1323 4010 amictionem
1359 3943 1538 4014 pepuli
1574 3944 1702 4011 mei,
1732 3955 1775 3998 et
1816 3947 2052 4016 gemitum

469 4044 645 4083 eorum
679 4031 880 4098 audivi,
922 4041 971 4086 et
1011 4033 1244 4086 descendi
1272 4044 1326 4087 ut
1367 4051 1450 4090 eos
1489 4037 1730 4108 eriperem
1759 4036 1949 4108 (Exod.
1992 4040 2046 4096 ‘5.

471 4119 526 4172 7.
559 4119 638 4190 8).
673 4119 736 4174 Et
764 4129 820 4175 tu
851 4136 998 4192 ergo,
1029 4137 1063 4176 ο
1090 4123 1304 4190 dilecte,
1331 4125 1542 4194 quando
1568 4141 1629 4182 es
1657 4126 1710 4181 in
1739 4126 2046 4197 afﬂictione,

469 4224 540 4265 ne
566 4209 817 4280 desperes
836 4253 854 4278 ,
885 4227 984 4266 nec
1013 4212 1224 4269 labores
1251 4214 1573 4285 indiligentia
1597 4257 1612 4282 ,
1639 4216 1732 4271 sed
1762 4211 1882 4272 tunc
1910 4227 2048 4273 tem-

470 4299 615 4368 poris
643 4302 872 4356 maxime
897 4302 1130 4357 excitare
1155 4321 1168 4357 :
1196 4313 1320 4358 sunt
1341 4306 1482 4359 enim
1507 4314 1632 4360 tunc
1651 4321 1838 4376 preces
1867 4309 2047 4377 purio-

469 4405 588 4459 rcs,
615 4401 669 4446 et
698 4392 866 4461 major
888 4402 972 4447 est
1001 4393 1091 4448 Dei
1115 4393 1169 4448 in
1201 4403 1252 4449 tc
1277 4394 1644 4451 benevolentia
1670 4414 1684 4451 :
1715 4407 1768 4452 et
1796 4407 2050 4468 perpetuo

469 4483 540 4534 ita
570 4481 734 4544 vivas.
768 4491 824 4538 ut
862 4483 932 4538 sit
961 4483 1054 4539 tibi
1082 4484 1186 4538 vita
1215 4483 1477 4539 laboriosa
1499 4526 1514 4551 ,
1541 4487 1716 4542 sciens
1743 4503 1930 4544 omnes
1957 4491 2048 4561 qui

468 4574 554 4643 pie
591 4575 775 4629 volunt
819 4575 995 4630 vivere
1037 4575 1090 4630 in
1131 4576 1344 4632 Christo
1388 4577 1532 4644 Jesu,
1583 4582 2046 4651 persequutionem

469 4681 751 4735 passuros,
781 4677 836 4723 et
872 4683 967 4737 per
1003 4669 1198 4724 multas
1225 4668 1537 4727 afﬂictiones
1565 4681 1815 4742 oportere
1842 4690 1941 4730 nos
1970 4677 2049 4731 in-

470 4768 612 4813 trare
634 4759 689 4813 in
718 4775 939 4830 regnum
963 4760 1057 4816 Dei
1087 4761 1162 4823 (2.
1192 4760 1328 4816 Tim.
1352 4763 1405 4818 5.
1436 4763 1536 4829 l2;
1565 4765 1677 4818 Act.
1712 4766 1797 4820 14.
1827 4766 1940 4839 2|).
1970 4769 2048 4826 Ne

467 4849 682 4904 mollem
726 4865 854 4921 ergo
881 4851 1044 4907 vitam
1087 4864 1140 4908 et
1165 4852 1473 4909 dissolutam
1512 4856 1797 4923 dilexeris,
1840 4876 1940 4916 nec
1964 4863 2045 4917 via

468 4942 570 4996 lata
600 4942 734 4998 velis
755 4943 955 5014 ingredi
981 4945 1082 5013 (ea
1105 4947 1245 5001 enim
1273 4963 1377 5002 non
1400 4947 1544 5003 ducit
1570 4950 1625 5005 in
1650 4951 1836 5006 caelum
1862 4953 1880 5021 )
1908 4995 1923 5021 ,
1951 4953 2046 5010 sed

465 5043 613 5089 arcta
653 5041 710 5088 et
753 5043 994 5104 angusta.
1036 5036 1092 5092 Si
1137 5046 1314 5093 autem
1360 5040 1639 5109 pervenire
1677 5042 1745 5097 ad
1787 5059 2045 5114 supernas

465 5125 772 5181 mansiones
823 5126 974 5190 velis,
1023 5126 1144 5199 l'uge
1182 5129 1498 5202 voluptates,
1545 5142 1819 5191 externam
1862 5138 2042 5192 srcculi

467 5233 714 5289 pompam
743 5231 806 5274 ac
839 5219 1073 5290 speciem
1110 5223 1384 5288 conculca,
1415 5239 1565 5296 opes,
1601 5225 1823 5296 gloriam
1849 5235 1906 5282 et
1947 5243 2045 5298 po-

467 5308 685 5364 tentiam
713 5308 956 5381 neglige:
985 5320 1347 5382 paupertatem
1373 5323 1548 5370 autem
1570 5357 1586 5381 ,
1618 5317 1811 5372 mentis
1838 5321 2044 5375 contri-

467 5398 687 5464 tionem,
708 5399 1204 5474 confessionemque
1223 5414 1275 5459 et
1301 5405 1651 5476 lacrymarum
1678 5406 1876 5464 fontem
1900 5419 2042 5479 tene,

465 5496 518 5541 et
541 5489 720 5544 omnia
744 5504 862 5561 quae
891 5503 1115 5561 possunt
1137 5493 1425 5549 conciliare
1448 5495 1670 5550 salutem
1699 5511 2040 5568 persequere.

530 5588 546 5618 ³
580 5587 672 5638 Alii
695 5587 894 5654 addunt,
917 5599 1047 5645 teste
1069 5591 1240 5646 savilio
1262 5595 1313 5645 in
1335 5596 1572 5660 margine,
1599 5597 1927 5662 metropoleos.

1210 176 1269 232 S.
1307 172 1588 231 JOANNIS
1620 139 2098 234 CHRYSOSTOMI
2137 174 2456 232 ARCIIIEP.
2496 177 3030 236 CONSTANTINOP.

3666 189 3782 244 ’540

2193 288 2270 344 Ea
2299 289 2440 344 enim
2481 297 2537 345 et
2580 291 2826 346 tutiorem
2863 293 3090 348 reddunt
3129 308 3251 350 eum
3281 295 3369 366 qui
3410 297 3670 368 possidet,
3715 315 3768 356 et

2193 397 2381 450 preces
2406 382 2636 438 reddunt
2669 383 3023 440 sublimiores.
3053 385 3108 441 Si
3138 389 3362 458 Ieipsum
3391 391 3461 444 ita
3485 406 3771 462 compara-

2186 472 2328 552 veris
2347 511 2362 536 ,
2391 479 2446 526 et
2468 471 2632 527 Deum
2657 487 2779 528 cum
2809 473 2910 529 hac
2935 485 3112 531 mente
3142 479 3438 546 vocaveris,
3469 489 3520 536 te
3546 485 3768 538 omnino

2184 561 2449 616 exaudiet.
2477 561 2544 616 Et
2573 563 2691 618 ideo
2717 563 2846 619 dixit
2877 565 3131 636 propheta
3152 609 3168 634 ,
3195 566 3322 624 Cum
3350 572 3619 628 tribularer
3655 575 3767 630 cla-

2185 655 2349 720 mavi,
2381 665 2426 708 et
2450 656 2708 709 exaudivit
2748 673 2845 724 me,
2894 666 2951 712 ut
2989 658 3161 714 discas
3210 662 3462 730 paulatim
3507 677 3767 722 conscen-

2182 740 2310 798 dere
2329 784 2342 806 ,
2368 752 2453 808 et,
2487 752 2544 799 ut
2569 745 2642 800 ita
2665 746 2836 800 dicam
2861 787 2877 813 ,
2907 747 3074 802 alatas
3098 751 3428 818 precationes
3456 751 3631 810 facere
3649 797 3665 820 ,
3700 772 3769 813 ne

2180 837 2423 904 angaris,
2451 852 2550 892 nec
2576 840 2715 908 :r'gre
2733 837 2875 893 feras
2907 839 2960 892 in
2985 839 3362 896 afﬂictionibus
3383 883 3400 909 ,
3431 844 3526 898 sed
3567 847 3764 902 utilita-

2182 931 2288 978 tem
2315 940 2380 979 ex
2407 926 2484 980 eis
2509 927 2792 996 percipias.
2834 925 2890 983 Si
2919 930 3060 983 enim
3090 929 3314 985 Elisaeus
3353 932 3608 1002 propheta
3639 952 3759 992 cum

2179 1024 2323 1069 esset
2353 1014 2531 1081 homo,
2561 1031 2670 1070 non
2698 1018 2941 1087 permisit
2966 1029 3023 1072 ut
3049 1017 3341 1089 discipulus
3369 1023 3667 1080 venientem
3693 1027 3762 1081 ad

2177 1119 2239 1159 se
2281 1105 2556 1161 mulierem
2601 1109 2928 1176 extruderet,
2969 1109 3186 1165 dicens:
3224 1109 3438 1168 Dimitte
3481 1131 3613 1184 eam,
3642 1121 3761 1187 quia

2178 1211 2388 1250 maerore
2412 1206 2485 1251 est
2522 1195 2705 1264 aﬂ'ecla
2741 1199 2912 1253 anima
2941 1199 3050 1272 ejus
3077 1201 3155 1270 (4.
3181 1201 3310 1273 Reg.
3354 1205 3408 1259 4.
3450 1203 3581 1277 27):
3627 1209 3758 1262 nihil

2175 1286 2318 1340 aliud
2345 1285 2529 1341 vnlens
2557 1303 2621 1342 ex
2643 1302 2712 1342 eo
2739 1289 3040 1355 ostendere,
3071 1290 3172 1344 nisi
3193 1291 3336 1361 quod
3361 1297 3755 1352 excusationem

2173 1386 2231 1434 et
2265 1375 2626 1433 defensionem
2667 1379 2948 1434 maximam
2992 1379 3245 1447 haberet,
3281 1399 3476 1455 nempe
3516 1387 3758 1442 afﬂictio-

2176 1479 2337 1520 nem:
2368 1467 2534 1521 multo
2557 1468 2730 1522 minus
2756 1469 2896 1524 Deus
2921 1478 2974 1526 te
3013 1471 3267 1540 repellet,
3296 1473 3340 1527 si
3371 1489 3490 1530 cum
3535 1478 3672 1532 tristi
3702 1488 3756 1534 ct

2173 1555 2329 1610 anxia
2353 1556 2529 1611 anima
2549 1557 2613 1612 ad
2636 1573 2756 1612 eum
2779 1559 3022 1614 accedas.
3049 1559 3117 1614 Et
3141 1560 3261 1617 ideo
3281 1561 3525 1620 Christus
3546 1580 3756 1638 quoque

2173 1660 2267 1700 eos
2308 1647 2491 1702 beatos
2519 1651 2844 1718 pronuntiat,
2871 1652 2962 1721 qui
2988 1652 3188 1722 lugent,
3220 1661 3276 1709 et
3313 1657 3536 1714 miseros
3559 1659 3647 1729 qui
3679 1661 3753 1715 ri-

2172 1736 2301 1791 dent
2326 1735 2477 1809 (Luc.
2501 1738 2555 1794 6.
2585 1739 2700 1811 25).
2725 1739 2982 1807 Quocirca
3004 1743 3353 1801 beatitudines
3380 1746 3503 1802 hinc
3527 1763 3752 1808 exorsus

2171 1837 2252 1882 est
2269 1826 2364 1900 (α),
2378 1829 2558 1884 dicens
2581 1849 2598 1885 :
2614 1829 2758 1885 Beati
2777 1833 2862 1902 qui
2877 1833 3080 1904 lugent(
3088 1833 3269 1889 Matth.
3289 1836 3342 1892 5.
3358 1837 3436 1907 5).
3450 1836 3507 1894 Si
3525 1841 3603 1894 vis
3623 1856 3751 1912 ergo

2171 1921 2270 1976 hos
2294 1921 2487 1991 gradus
2514 1923 2826 1992 ascendere,
2849 1925 2988 1996 quod
3015 1936 3098 1982 est
3125 1927 3179 1982 in
3208 1928 3312 1982 vita
3343 1930 3501 1986 molle
3523 1946 3749 1988 enerva-

2173 2020 2388 2082 tumque
2428 2021 2482 2068 et
2522 2013 2835 2070 dissolutum
2883 2031 3086 2085 reseca,
3134 2027 3190 2073 et
3236 2018 3497 2076 laboriosa
3536 2024 3748 2080 vivendi

2169 2103 2376 2160 ratione
2401 2114 2452 2160 te
2489 2105 2658 2176 ipsum
2690 2108 2926 2178 astringe
2953 2118 3007 2163 et
3042 2111 3296 2166 contine:
3326 2127 3356 2166 a
3385 2115 3612 2169 terrenis
3649 2132 3746 2171 ne-

2169 2195 2324 2265 gotiis
2360 2195 2585 2251 abstine.
2636 2197 2732 2252 Hic
2769 2207 2851 2253 est
2884 2199 3085 2268 primus
3112 2215 3384 2258 ascensus.
3429 2203 3543 2259 Non
3575 2216 3749 2276 potest

2168 2286 2310 2340 enim
2333 2285 2467 2351 ﬁeri,
2498 2303 2602 2341 nun
2625 2298 2798 2357 potest
2824 2298 2881 2344 ut
2904 2291 3062 2346 simul
3089 2301 3143 2348 et
3169 2293 3368 2348 scalam
3390 2299 3744 2366 conscendas,

2167 2388 2224 2436 et
2252 2379 2304 2434 iu
2335 2389 2475 2435 terra
2505 2380 2728 2438 haereus.

2237 2471 2290 2525 2.
2333 2471 2494 2528 Vides
2520 2484 2716 2543 quanta
2743 2474 2812 2529 sit
2839 2475 2954 2530 caeli
2983 2475 3238 2532 altitudo:
3269 2478 3407 2534 nosti
3434 2479 3744 2536 brevitatem

2167 2562 2422 2634 temporis
2451 2581 2464 2618 :
2496 2565 2600 2619 scis
2633 2581 2789 2636 quam
2817 2567 2886 2621 sit
2921 2583 3067 2623 mors
3102 2568 3327 2623 incerta.
3368 2569 3445 2626 Ne
3476 2575 3748 2629 cuucteris

2163 2669 2292 2725 ergo
2313 2695 2330 2722 ,
2357 2670 2457 2709 nec
2477 2654 2688 2710 dill‘eras
2706 2696 2721 2720 ,
2749 2655 2843 2711 sed
2881 2656 3017 2713 hanc
3041 2659 3519 2728 peregrinationem
3556 2677 3743 2734 magna

2164 2749 2215 2802 vi
2242 2748 2547 2819 aggredere,
2581 2757 2636 2804 ut
2665 2765 2770 2804 uno
2797 2749 2885 2805 die
2913 2749 3066 2818 duos,
3100 2760 3228 2818 tres,
3259 2752 3443 2811 decem
3472 2765 3528 2810 et
3559 2756 3741 2827 viginti

2161 2840 2358 2908 gradus
2384 2839 2731 2896 conscendas.

2233 2928 2412 2984 Dolasi
2435 2931 2697 3001 fugiendi;
2723 2931 3054 3000 improbitatis
3082 2933 3404 3004 supplicium.
3439 2964 3512 2976 —
3545 2936 3600 2991 2.
3641 2937 3743 2992 Do-

2161 3020 2316 3086 mine,
2343 3018 2500 3074 libera
2525 3019 2746 3074 animam
2772 3037 2934 3075 meum
2957 3039 2989 3075 a
3017 3023 3163 3077 labiis
3187 3025 3369 3094 iniquis
3386 3064 3403 3092 ,
3436 3036 3483 3080 et
3511 3043 3543 3080 α
3568 3029 3742 3098 lingua

2160 3111 2354 3165 dolosa.
2389 3110 2517 3166 Vide
2542 3110 2628 3166 hic
2650 3127 2860 3182 quoque
2889 3114 3067 3169 lucere
3100 3125 3417 3184 praeceptum
3439 3117 3565 3172 illud
3583 3133 3745 3174 evan-

2159 3202 2386 3272 gelicum
2410 3219 2425 3256 :
2449 3201 2621 3270 Orate,
2644 3220 2707 3258 ne
2720 3205 2912 3259 intretis
2926 3205 2978 3260 in
2993 3208 3312 3262 tentationem
3331 3207 3481 3279 (Luc.
3512 3209 3602 3265 22.
3625 3212 3738 3282 46).

2159 3293 2310 3348 Nulla
2322 3295 2466 3350 enim
2479 3303 2578 3362 est,
2592 3310 2626 3349 o
2640 3294 2849 3360 dilecte,
2867 3297 3078 3366 gravior
3095 3299 3331 3365 teutatio,
3344 3315 3501 3370 quam
3519 3301 3571 3356 in
3592 3302 3742 3358 dolo-

2160 3397 2278 3438 sum
2305 3384 2572 3439 hominem
2601 3385 2834 3440 incidere
2858 3403 2871 3438 :
2902 3387 2948 3440 is
2974 3387 3167 3458 quippe
3193 3398 3275 3444 est
3297 3391 3383 3445 vel
3412 3393 3598 3461 quavis
3627 3391 3737 3449 fera

2160 3476 2523 3532 truculentior.
2571 3477 2643 3531 Ea
2673 3479 2812 3532 cnim
2843 3477 2892 3532 id
2929 3479 3069 3549 quod
3094 3488 3177 3536 est
3201 3495 3321 3537 esse
3356 3483 3620 3540 cernitur:
3653 3484 3738 3542 hic

2159 3576 2334 3621 autem
2359 3567 2576 3621 obtcuto
2618 3568 2740 3623 velo
2767 3570 3186 3626 mansuetudinis
3215 3581 3268 3626 et
3294 3573 3572 3643 probitatis
3595 3590 3737 3645 saepe

2159 3658 2305 3712 virus
2334 3657 2582 3720 occultat,
2610 3666 2784 3714 utnec
2821 3660 2976 3715 facile
3012 3661 3215 3732 possint
3245 3661 3570 3733 deprehendi
3606 3667 3735 3720 iusi-

2156 3748 2278 3813 ἀίω,
2299 3757 2353 3804 et
2377 3748 2429 3803 in
2451 3749 2753 3804 barathrum
2772 3751 2912 3806 nulla
2933 3752 3163 3808 adhibita
3185 3756 3429 3810 cautione
3455 3757 3730 3814 incidatur.

2157 3837 2492 3909 Quapropter
2519 3838 2713 3908 ubique
2737 3855 2767 3894 a
2798 3840 2908 3895 Deo
2937 3841 3036 3912 hoc
3064 3844 3276 3899 assidue
3302 3847 3550 3916 postulat,
3583 3857 3641 3904 ut
3669 3851 3740 3903 li\

2157 3930 2372 3985 beretur
2413 3947 2441 3984 a
2488 3931 2679 3986 talibus
2726 3933 3139 3990 insidiatoribus.
3177 3935 3235 3993 Si
3280 3948 3455 3994 autem
3503 3942 3730 4012 fugiendi

2155 4031 2280 4076 sunt
2300 4019 2617 4078 irauduleuti
2642 4033 2696 4078 et
2721 4026 2990 4092 malitiosi,
3020 4029 3187 4083 multo
3215 4032 3380 4101 magis
3399 4031 3730 4104 deceptores,

2155 4122 2210 4167 et
2237 4113 2325 4184 qui
2355 4116 2490 4168 mala
2518 4114 2761 4186 dogmata
2789 4117 3082 4186 proferunt.
3112 4121 3336 4178 Maxime
3355 4135 3529 4180 autem
3555 4128 3732 4197 iniqua

2154 4220 2216 4260 ea
2245 4206 2378 4261 labia
2416 4222 2536 4262 esse
2563 4209 2800 4274 dixeris,
2831 4226 2950 4280 quae
2996 4212 3051 4266 in
3091 4214 3284 4270 virtute
3312 4216 3540 4285 laedunt,
3582 4228 3640 4275 et
3665 4221 3731 4276 ad

2154 4297 2338 4351 vitium
2363 4295 2648 4353 adducunt.
2679 4299 2742 4354 Et
2768 4300 2887 4355 ideo
2909 4302 2992 4358 hic
3012 4302 3266 4373 propheta
3292 4315 3442 4377 rogat
3461 4318 3517 4362 ut
3544 4310 3734 4366 libere-

2155 4395 2241 4441 tur
2268 4387 2406 4443 illius
2443 4390 2656 4444 anima:
2689 4405 2752 4445 eo
2789 4393 2932 4447 enim
2973 4395 3073 4448 tela
3101 4395 3298 4467 dirigit.
3331 4399 3382 4454 5.
3425 4400 3560 4466 Quid
3587 4402 3732 4456 detur

2155 4480 2271 4546 tibi,
2318 4490 2404 4534 aut
2449 4481 2570 4551 quid
2616 4493 2901 4552 apponatur
2953 4485 3042 4539 tibi
3082 4487 3152 4539 ad
3191 4488 3414 4559 linguam
3458 4493 3731 4550 dolosam!

2154 4569 2305 4624 Alius
2344 4569 2606 4640 interpres
2631 4573 2740 4626 ait:
2772 4573 2909 4639 Quid
2935 4575 3168 4643 prwbebit
3191 4577 3298 4643 tibi,
3328 4590 3416 4634 aut
3443 4581 3566 4650 quid
3589 4585 3726 4653 adji.

2152 4665 2246 4718 ciet
2274 4665 2448 4735 lingua
2477 4665 2694 4722 dolosa?
2713 4667 2863 4722 Alius
2902 4679 3106 4735 autem,
3144 4671 3279 4738 Quid
3303 4674 3493 4730 dederit
3517 4679 3608 4733 tibi
3627 4718 3646 4744 ,
3684 4691 3730 4736 et

2151 4753 2276 4826 quid
2299 4755 2387 4807 tibi
2415 4756 2652 4824 adjecerit
2677 4758 2850 4827 lingua
2874 4761 3150 4814 secundum
3184 4763 3400 4820 dolum?
3436 4767 3572 4824 Nihil
3603 4787 3731 4839 ergo

2151 4845 2293 4899 aliud
2330 4847 2562 4902 ostendit
2599 4847 2739 4916 quod
2779 4849 2977 4904 dictum
3020 4862 3134 4918 est,
3181 4856 3282 4909 nisi
3331 4857 3451 4923 hoc,
3484 4876 3726 4931 magnam

2152 4950 2271 4990 csso
2313 4935 2724 5004 improbitatem,
2773 4947 2827 4992 et
2856 4950 3050 4996 tetrum
3094 4957 3264 5014 genus
3299 4947 3432 5002 vitii.
3470 4949 3727 5017 Quocirca

2151 5027 2301 5082 vides
2336 5028 2494 5082 etiam
2524 5029 2835 5099 prophetam
2868 5017 3215 5098 irascentem,
3259 5052 3688 5114 commntumquc
3709 5087 3724 5110 ,

2150 5130 2204 5174 et
2228 5119 2490 5174 dicentem
2515 5138 2528 5173 :
2554 5122 2676 5192 quid
2699 5122 2842 5176 detur
2860 5125 2969 5189 tibi,
2998 5136 3086 5179 aut
3105 5127 3228 5195 quid
3244 5142 3532 5200 apponatur
3554 5133 3642 5189 tibi
3662 5137 3729 5190 ad

2152 5211 2375 5283 linguam
2412 5213 2684 5269 dolosam?
2709 5214 2860 5282 Quod
2903 5227 3080 5274 autem
3119 5219 3266 5286 dicit,
3309 5231 3394 5279 est
3426 5225 3684 5294 ejusmodi
3717 5245 3732 5282 :

2149 5304 2426 5372 Quodnam
2456 5305 2558 5362 hoc
2599 5307 2725 5363 vitio
2768 5307 2984 5378 dignum
3026 5309 3323 5369 inveniatur
3366 5319 3733 5386 supplicium?

2212 5477 2284 5554 (ei)
2296 5479 2476 5554 nescio
2490 5479 2732 5554 cur-dicat
2742 5480 3120 5554 iCbrysostqmus
3135 5485 3376 5537 Christum
3398 5491 3723 5545 beatitudine:

2336 5551 2449 5615 esse
2471 5542 2545 5615 ab
2573 5540 2661 5615 _il_|a
2677 5578 2692 5601 ,
2728 5540 2868 5615 Beati
3000 5544 3176 5615 lugent,
3199 5561 3309 5615 cum
3334 5564 3428 5601 uec
3445 5540 3724 5615 sileain»:

2148 5601 2329 5652 timum
2350 5614 2442 5653 nec
2463 5603 2589 5667 apud
2610 5610 2777 5657 Lucam
2797 5608 2860 5657 sit
2881 5601 3218 5671 summum
3240 5601 3508 5667 beatitudo:
