4134 6210
306 251 409 317 illi

307 375 466 444 Quod
489 373 648 430 etiam
674 369 870 428 Iudaeis
913 367 1124 426 dicebat
1144 367 1308 424 Isaias
1331 385 1345 422 :
1371 367 1506 434 Quid
1529 368 1696 421 adhuc
1716 381 1895 435 percu—

310 466 505 524 tiantini
533 465 825 538 adjicientes
851 462 1168 532 iniquitatem
1193 458 1341 531 (lsai.
1372 460 1423 514 i.
1452 457 1554 528 5)?
1584 457 1696 512 Hoc
1737 457 1897 510 etiam

309 563 424 633 ipse
449 558 613 623 dicit,
648 557 787 622 Quid
814 556 958 610 detur
979 553 1102 620 tibi,
1129 562 1218 607 aut
1243 552 1364 623 quid
1403 559 1691 621 apponatur
1714 548 1804 602 tibi
1831 547 1900 600 ad

309 654 537 724 linguam
566 648 795 703 dolosam
814 646 841 700 ἒ
871 645 966 701 Vel
994 645 1096 700 hoc
1133 658 1260 715 ergo
1304 641 1429 698 dicit
1453 659 1466 696 :
1497 641 1580 696 vel
1609 639 1768 695 ctiam
1795 637 1898 694 hoc

308 743 484 814 ipsum
528 754 650 795 esse
696 736 1034 807 supplicium,
1066 743 1120 790 et
1161 742 1285 789 ante
1331 732 1614 787 vindictam
1657 729 1751 785 tibi
1778 729 1898 784 vin-

309 833 506 888 dictam
531 827 770 899 exquiris
791 867 808 894 ,
836 842 903 881 ex
930 826 1099 896 teipse
1125 825 1307 879 vitium
1337 824 1567 892 pariens.
1610 819 1897 875 Maximum

310 919 454 980 enim
483 919 802 992 supplicium
833 917 1022 971 anima:
1051 923 1134 970 est
1160 915 1342 969 vitium
1364 955 1379 980 ,
1407 913 1570 968 etiam
1613 921 1899 981 antequam

308 1015 582 1087 puniatur.
612 1009 888 1079 Quodnam
922 1023 1053 1078 ergo
1097 1005 1413 1077 supplicium
1455 1004 1612 1059 fuerit
1653 1004 1741 1058 tali
1770 1002 1902 1057 vitio

312 1104 558 1175 dignum?
588 1102 682 1156 llic
705 1100 919 1170 quidem
949 1099 1168 1163 nullum,
1190 1097 1283 1152 sed
1308 1098 1458 1166 plaga
1485 1111 1603 1165 quas
1623 1110 1652 1148 a
1685 1095 1794 1148 Deo
1823 1093 1906 1148 iu-

313 1195 502 1251 fertur.
534 1193 704 1248 Homo
722 1191 862 1245 enim
886 1205 989 1244 non
1017 1191 1212 1259 poterit
1233 1187 1420 1258 dignas
1441 1200 1627 1255 prunas
1648 1197 1861 1238 sumere
1887 1199 1901 1236 :

315 1303 440 1343 nam
462 1299 676 1342 omnem
703 1283 994 1338 cruciatum
1019 1289 1239 1352 superat
1265 1279 1578 1350 improbitas
1603 1295 1617 1332 :
1643 1278 1783 1332 Deus
1807 1291 1903 1330 au-

319 1386 427 1435 tem
449 1372 521 1433 illi
549 1370 756 1448 plagam
775 1375 999 1446 inﬁiget.
1017 1371 1083 1429 Et
1111 1373 1233 1428 ideo
1257 1371 1362 1428 hoc
1390 1375 1564 1442 ipsum
1587 1369 1900 1436 ostendens,

315 1477 443 1524 mox
472 1467 784 1537 subiunxit:
816 1467 870 1522 4.
897 1461 1114 1535 Sagitta:
1139 1464 1356 1534 potentis
1389 1472 1554 1516 acutte
1581 1477 1698 1515 cum
1727 1461 1903 1515 carbo-

316 1551 463 1612 nibus
491 1556 828 1612 desolatoriis.
855 1553 1086 1624 Sagittas
1111 1551 1200 1608 hic
1230 1568 1414 1608 rursus
1435 1552 1665 1622 appellat
1698 1551 1903 1621 suppli-

315 1650 418 1706 cia.
450 1649 598 1704 Alius
621 1658 798 1704 autem
823 1647 1084 1716 interpres
1103 1641 1256 1712 dixit,
1281 1644 1496 1714 Sagitta:
1513 1642 1728 1713 patentis
1742 1652 1906 1696 acuta:

316 1749 436 1794 sunt
464 1754 580 1793 cum
609 1737 909 1793 carbonibus
945 1737 1182 1808 aggestis.
1215 1735 1282 1790 Et
1308 1735 1476 1801 alius,
1511 1733 1636 1787 Cum
1667 1733 1902 1786 carboni-

315 1833 412 1885 bus
429 1829 740 1902 juniperinis
761 1869 777 1894 ,
801 1828 1072 1883 nominum
1103 1825 1447 1880 translatione
1475 1837 1674 1894 augens
1704 1833 1904 1879 metum

316 1922 582 1992 supplicii.
603 1919 733 1975 Nam
755 1928 810 1975 et
841 1919 990 1982 illud,
1019 1917 1267 1989 Aggestis,
1295 1925 1350 1972 et
1378 1915 1479 1970 hoc
1503 1957 1519 1982 ,
1547 1911 1866 1983 Juniperinis
1884 1956 1901 1982 ,

316 2012 564 2069 eumdem
593 2011 756 2066 habet
801 2023 1040 2065 sensum.
1074 2008 1184 2063 lllic
1208 2007 1348 2063 enim
1379 2004 1618 2062 ostendit
1660 2007 1903 2061 multitu-

316 2103 529 2169 dinem;
557 2103 643 2158 hic
669 2110 849 2156 autem
877 2101 1180 2170 qualitatem
1205 2107 1260 2154 et
1283 2099 1673 2154 vehementiam
1697 2099 1906 2168 suppli-

319 2197 408 2252 cii.
435 2195 592 2262 Quod
615 2193 836 2266 quidem
881 2193 1227 2261 Septuaginta
1263 2204 1473 2260 quoque
1501 2189 1860 2260 significantes
1881 2230 1896 2255 ,

319 2293 448 2348 Cum
482 2291 780 2345 carbonibus
818 2289 1169 2355 desolatoriis,
1202 2285 1518 2352 ediderunt,
1545 2285 1646 2339 hoc
1673 2292 1756 2339 est
1776 2323 1790 2347 ,
1817 2284 1908 2352 qui

320 2393 566 2451 vastant,
608 2383 868 2454 perdunt,
912 2390 966 2436 et
994 2387 1332 2436 consumunt.
1377 2375 1458 2432 Ex
1486 2376 1721 2432 materiis
1764 2375 1907 2430 enim

324 2492 446 2546 qua:
471 2486 594 2530 sunt
616 2475 757 2544 apud
795 2488 892 2529 nos
916 2472 1204 2538 terribiles,
1237 2470 1333 2526 Dei
1365 2470 1620 2524 ultionem
1651 2467 1910 2536 efﬁngunt

323 2565 619 2636 Scriptum
643 2605 658 2629 ,
687 2565 909 2634 sagittas
936 2572 989 2618 et
1015 2563 1191 2633 ignem
1216 2577 1279 2617 ea
1303 2571 1576 2616 vocantes.
1608 2560 1707 2616 llic
1731 2569 1908 2615 autem

328 2655 460 2712 mihi
487 2655 698 2712 videtur
723 2653 1058 2710 subindicare
1081 2652 1352 2708 barbaros.
1376 2652 1443 2706 Et
1470 2651 1589 2705 ideo
1615 2651 1751 2706 alius
1776 2665 1911 2720 quo-

327 2761 431 2815 que
459 2745 720 2814 interpres
744 2744 847 2799 hoc
870 2741 1194 2812 signiﬁcans,
1225 2740 1456 2806 dicebat,
1486 2739 1670 2794 Libera
1689 2740 1912 2794 animans

328 2851 492 2892 meant
510 2851 542 2890 α
565 2836 699 2891 Iabio
721 2834 970 2889 mendaci.
1002 2833 1149 2888 Talia
1181 2834 1322 2888 enim
1348 2842 1472 2886 sunt
1493 2846 1676 2886 eorum
1705 2831 1864 2886 verba
1892 2873 1909 2898 ,

329 2930 462 2984 tales
485 2925 594 2983 doli
621 2927 824 2982 ettales
846 2924 1050 2980 insidite
1068 2964 1084 2992 ,
1113 2923 1266 2994 plena
1294 2923 1474 2978 omnia
1504 2919 1692 2978 fraude
1713 2933 1768 2978 et
1797 2939 1912 2978 ma-

328 3020 472 3075 ximo
500 3018 720 3075 scelere.

403 3109 662 3180 Peregrini
680 3109 733 3163 in
754 3108 849 3162 hac
867 3109 966 3162 vita
985 3123 1174 3162 sumus.
1205 3136 1276 3147 —
1293 3108 1346 3162 5.
1397 3105 1493 3160 Hei
1521 3107 1664 3174 mihi,
1689 3108 1808 3178 quia
1828 3109 1911 3161 in-

325 3203 522 3257 colatus
550 3217 690 3255 meus
731 3199 1060 3270 prolongatus
1105 3208 1197 3253 est.
1243 3197 1483 3252 Habitari
1523 3214 1634 3252 cum
1683 3201 1915 3254 taberna-

327 3296 458 3349 culis
501 3293 684 3348 Cedar.
734 3293 885 3347 Alius
925 3293 1187 3360 interpres
1226 3291 1342 3345 ait:
1395 3289 1494 3344 Hei
1562 3290 1724 3355 mihi,
1795 3293 1915 3361 quia

327 3386 604 3441 incolatum
633 3385 881 3455 protraxi.
913 3383 1080 3449 Alius,
1118 3381 1216 3436 Hei
1259 3383 1402 3450 milii,
1439 3383 1634 3437 advena
1661 3384 1735 3454 {ui
1765 3383 1914 3455 longo

332 3488 570 3546 tempore.
604 3475 667 3530 Hi
692 3474 905 3544 quidem
946 3473 1048 3528 hoc
1077 3473 1235 3528 modo
1270 3473 1627 3529 lamentantur
1653 3475 1718 3528 de
1748 3477 1918 3546 capti-

329 3569 492 3623 vitate
532 3565 853 3638 Babylonica
880 3581 895 3618 :
923 3563 1118 3620 Paulus
1147 3574 1322 3619 autem
1349 3564 1415 3619 de
1453 3579 1514 3620 ea
1540 3578 1661 3634 qua:
1689 3563 1776 3619 hic
1797 3567 1913 3620 lon-

328 3660 447 3728 gius
491 3657 719 3712 trahitur
762 3667 935 3721 mora,
963 3654 1144 3710 dicens
1180 3673 1194 3710 :
1228 3653 1426 3708 Etenim
1467 3655 1589 3708 dum
1637 3667 1812 3709 sumus
1859 3657 1912 3710 in

330 3751 426 3803 hoc
460 3745 806 3810 tabernaculo,
846 3746 1220 3815 ingentiscimus
1257 3742 1456 3815 gravati
1475 3738 1711 3815 (2.'Cor.
1740 3745 1794 3800 5.
1833 3746 1910 3816 4).

335 3841 424 3906 Et,
465 3837 585 3892 Non
612 3848 778 3892 autem
801 3838 854 3890 id
878 3836 1061 3900 solum,
1094 3834 1182 3889 sed
1228 3835 1377 3888 etiam
1401 3833 1636 3888 habentes
1663 3836 1762 3905 ipsi
1810 3837 1917 3905 pri-

330 3931 501 3986 mitias
517 3931 766 4002 Spiritus,
783 3939 830 3984 et
848 3929 948 3999 ipsi
963 3929 1015 3981 in
1037 3928 1180 3981 nobis
1199 3927 1326 3996 ipsis
1345 3926 1716 3996 ingemiscimus
1734 3925 1910 3999 (Hom.

331 4024 387 4078 8.
414 4023 528 4094 23).
552 4024 645 4079 Est
668 4023 811 4078 enim
844 4035 1081 4093 prmsens
1107 4021 1214 4073 vita
1241 4017 1521 4073 iaculatus.
1552 4019 1617 4072 Et
1637 4019 1760 4088 quid
1797 4017 1918 4072 dico

333 4115 642 4180 inculatum,
671 4130 792 4171 cum
831 4130 919 4170 res
957 4114 1028 4168 sit
1061 4111 1145 4168 vel
1185 4111 1414 4167 incolatu
1462 4109 1718 4164 inferior?
1765 4109 1920 4165 Unde

331 4206 578 4264 Christus
601 4207 759 4263 etiam
787 4207 956 4276 ipsam
995 4203 1205 4259 vocavit
1233 4203 1392 4266 viam,
1420 4201 1605 4256 dicens
1640 4219 1654 4256 :
1693 4202 1920 4271 Angusta

332 4309 407 4354 est
432 4309 600 4368 porta,
625 4307 671 4352 et
715 4308 854 4351 arcta
899 4297 978 4351 uia
1003 4309 1116 4366 quae
1138 4295 1277 4349 ducit
1321 4293 1390 4346 ad
1436 4294 1589 4347 vitam
1622 4291 1832 4362 (Matth.
1864 4293 1916 4347 7.

333 4389 450 4461 li).
480 4391 590 4444 lioc
607 4390 750 4445 enim
779 4399 858 4445 est
881 4388 1120 4443 doctrina
1145 4387 1344 4456 optima
1377 4395 1534 4455 atque
1560 4383 1694 4438 adeo
1725 4383 1914 4453 prima,

333 4481 475 4536 scire
515 4495 613 4536 nos
649 4495 770 4536 esse
814 4479 1100 4550 inquilinos
1127 4476 1314 4532 invita
1357 4473 1631 4546 praesenti.
1661 4474 1916 4541 Quocirca

337 4582 553 4628 veteres
578 4571 791 4642 quoque
816 4571 868 4625 id
897 4569 1290 4624 conﬁtebantur
1320 4584 1336 4621 :
1367 4576 1422 4622 et
1459 4565 1580 4621 ideo
1606 4564 1770 4620 habiti
1795 4572 1920 4620 sunt

335 4663 390 4717 in
421 4664 648 4718 maxima
675 4663 1046 4718 admiratione.
1079 4660 1192 4715 Hoc
1213 4659 1372 4715 etiam
1394 4657 1590 4712 Paulus
1617 4657 1921 4728 signiﬁcans

334 4752 620 4810 scribendo
641 4753 854 4809 dicebat
878 4771 892 4806 :
924 4750 1140 4823 Propter
1164 4751 1294 4804 hanc
1318 4765 1526 4804 causam
1555 4764 1655 4802 non
1679 4747 1922 4802 erubescit

335 4859 421 4897 eos
444 4841 600 4908 Deus,
617 4842 756 4897 Deus
775 4858 950 4897 eorum
976 4843 1146 4895 uocari
1171 4839 1354 4912 (Hebr.
1379 4840 1466 4895 ll.
1493 4838 1605 4909 16).
1625 4838 1922 4907 Quamnam

336 4933 410 4988 ob
435 4933 685 4988 causam?
713 4933 802 4988 die
837 4933 986 4987 mihi.
1018 4933 1149 5000 Quia
1179 4931 1414 4988 confessi
1439 4942 1564 4986 sunt
1587 4945 1647 4985 se
1675 4944 1795 4986 esse
1823 4929 1923 4984 ho-

338 5027 508 5097 spites
535 5035 590 5080 et
617 5027 924 5097 peregrinos
953 5024 1113 5095 (Ibid.
1159 5041 1208 5079 ν.
1253 5025 1367 5094 15).
1402 5024 1513 5079 lloc
1540 5032 1623 5078 est
1673 5023 1823 5077 radix
1871 5031 1927 5078 et

340 5118 741 5174 fundamentum
788 5117 965 5173 omnis
1015 5116 1244 5172 virtutis.
1297 5116 1396 5185 Qui
1425 5118 1566 5170 enim
1601 5130 1778 5170 rerum
1807 5131 1927 5186 qum

342 5213 428 5268 hic
474 5220 600 5268 sunt
637 5220 719 5268 est
768 5211 984 5281 hospes,
1012 5211 1112 5266 erit
1155 5225 1335 5265 rerum
1383 5224 1732 5278 supernarum
1773 5211 1924 5263 civis.

339 5305 440 5371 Qui
470 5297 656 5360 eorum
695 5319 814 5372 quae
857 5302 942 5356 ltic
985 5309 1106 5354 sunt
1149 5310 1232 5356 est
1282 5298 1498 5368 hospes,
1528 5315 1632 5353 non
1683 5299 1928 5353 lubenter

345 5395 644 5450 versabitur
674 5393 726 5447 in
756 5391 1136 5464 prmsentibus:
1165 5405 1270 5444 non
1296 5389 1506 5453 domus,
1527 5404 1632 5442 non
1661 5389 1921 5459 pecuniae,

343 5499 450 5539 non
479 5484 740 5552 alimenti,
771 5498 871 5538 nec
913 5481 1048 5537 alius
1093 5478 1352 5550 ejusmodi
1381 5493 1565 5532 curam
1611 5488 1758 5548 geret
1786 5494 1799 5531 :
1831 5477 1925 5532 sed

342 5576 788 5648 quemadmodum
818 5575 906 5648 qui
936 5577 986 5629 in
1013 5572 1185 5628 aliena
1219 5571 1436 5639 regione
1463 5583 1760 5635 versantur,
1797 5570 1925 5625 nihil

346 5681 454 5724 non
476 5677 636 5741 agunt
664 5679 718 5725 et
762 5669 1049 5724 tuoliuntur
1080 5673 1134 5719 ut
1164 5663 1347 5734 patrita
1393 5677 1503 5717 sua:
1546 5665 1911 5728 restituantur,

1410 241 1768 308 EXPOSITIO
1806 239 1870 304 IN
1901 239 2225 306 PSALMUM
2265 241 2453 305 CXIX.

3494 242 3598 298 Si”!

2007 373 2061 418 et
2087 364 2320 434 quotidie
2347 371 2536 434 urgent
2565 371 2618 417 et
2648 361 2922 429 festinant,
2955 370 3014 417 ut
3054 376 3168 416 eam
3195 375 3314 432 qua:
3340 376 3433 416 eos
3476 363 3596 417 tulit

2005 455 2251 511 videant:
2285 455 2357 509 ita
2383 455 2542 510 etiam
2573 453 2662 525 qui
2692 467 2878 508 amore
2911 452 3210 508 futurorum
3240 462 3468 519 tenetur,
3497 467 3597 506 nec

2005 547 2162 601 rebus
2187 545 2539 617 praesentibus
2565 544 2804 600 adversis
2831 544 3066 598 animum
3099 543 3362 610 demittet,
3381 557 3480 598 nec
3510 557 3598 599 sc-

2005 636 2193 692 cundis
2220 651 2278 692 se
2301 635 2507 701 efferet,
2529 634 2621 689 sed
2652 645 2874 705 utraque
2904 641 3298 703 prmtercurret,
3321 642 3596 704 tamquam

2005 728 2094 796 qui
2109 730 2209 784 iter
2222 727 2610 800 agit.Quocirca
2629 725 2878 797 iubemur
2891 727 3051 782 etiam
3068 727 3248 781 dicere
3263 725 3315 780 in
3330 727 3594 792 oratione,

2005 820 2250 876 Adveniat
2278 836 2489 891 regnum
2537 829 2677 873 tuum
2701 817 2912 890 (Matth.
2944 821 2997 874 6.
3023 819 3124 885 10;
3155 817 3283 874 Luc.
3315 819 3402 874 11.
3433 818 3516 888 2),
3539 829 3601 874 ut

2005 915 2148 970 illius
2191 913 2296 968 diei
2341 912 2667 968 desiderium
2715 921 2768 966 et
2807 911 3151 982 cupiditatem
3190 911 3370 967 animo
3412 919 3601 966 nostro

2005 1016 2305 1070 versantes,
2328 1014 2382 1060 et
2421 1006 2592 1074 ipsum
2624 1019 2734 1074 prae
2773 1003 2944 1058 oculis
2993 1003 3272 1069 habentes,
3301 1018 3368 1058 ne
3411 1002 3598 1058 videa»

2008 1114 2128 1154 mus
2153 1099 2364 1169 quidem
2415 1098 2717 1168 praesentia.
2770 1095 2827 1152 Si
2858 1097 3000 1152 enim
3052 1095 3223 1151 Judaei
3265 1093 3600 1167 Jerosolyma

2006 1192 2395 1258 desiderantes,
2443 1192 2603 1246 etiam
2647 1199 2925 1261 postquam
2974 1189 3183 1244 liberati
3231 1197 3375 1255 sunt,
3405 1187 3605 1244 deﬂent

2007 1285 2277 1354 praeterita
2313 1301 2326 1337 :
2370 1298 2614 1354 qum-nam
2659 1283 2872 1338 dabitur
2917 1283 3072 1338 nobis
3123 1281 3310 1348 venia,
3355 1295 3600 1351 quamam

2009 1373 2338 1443 relinquetur
2375 1373 2636 1440 defensio,
2678 1374 2724 1428 si
2755 1388 2861 1428 non
2901 1389 3148 1443 supernae
3189 1371 3484 1428 Jerusalem
3517 1383 3600 1427 te-

2008 1482 2232 1522 neamur
2259 1465 2565 1522 vehementi
2593 1464 2860 1522 desiderio
2877 1465 2904 1518 1

2080 1557 2132 1614 3.
2158 1555 2292 1611 Vide
2315 1571 2442 1626 ergo
2467 1555 2733 1626 quomodo
2762 1554 2815 1610 hi
2838 1570 3050 1626 quoque
3074 1555 3431 1610 lamentantur
3454 1553 3600 1624 quod

2008 1663 2129 1704 cum
2166 1649 2270 1704 illis
2293 1657 2594 1715 versentur,
2629 1645 2886 1714 Habitum,
2917 1645 3177 1715 dicentes,
3209 1663 3324 1701 cum
3363 1647 3602 1701 taberna-

2008 1740 2136 1797 culis
2159 1739 2324 1796 Cedar
2349 1755 2368 1794 :
2394 1739 2608 1793 multum
2641 1739 2808 1793 incola
2846 1739 2942 1807 fuit
2969 1739 3144 1792 anima
3169 1755 3298 1792 mea.
3331 1737 3430 1792 llic
3455 1737 3599 1792 enim

2011 1849 2115 1889 non
2141 1831 2312 1888 Solum
2341 1830 2720 1903 dellent,quod
2749 1831 2800 1885 in
2826 1830 2997 1886 aliena
3029 1828 3290 1895 habitent,
3317 1829 3409 1885 sed
3433 1829 3596 1884 etiam

2009 1923 2151 1992 quod
2183 1938 2305 1978 cum
2333 1922 2574 1978 barbaris
2601 1930 2898 1977 versentur.
2919 1920 3072 1989 Quod
3103 1921 3315 1990 quidem
3341 1920 3429 1974 alii
3457 1934 3597 1992 quo-

2009 2032 2114 2087 que
2139 2014 2404 2070 faciebant
2425 2015 2698 2085 prephetae
2718 2015 2786 2069 de
2808 2013 3056 2084 praesenti
3089 2013 3196 2066 vita
3222 2012 3598 2074 lamentantes,

2009 2119 2062 2162 et
2089 2108 2364 2163 dicentes:
2401 2106 2499 2161 Hei
2537 2104 2698 2160 mihi!
2723 2107 2840 2175 quia
2868 2107 3015 2175 periit
3044 2105 3158 2176 pius
3186 2121 3218 2157 a
3255 2113 3409 2168 terra,
3442 2111 3490 2157 et
3515 2102 3602 2172 qui

2009 2206 2140 2252 recte
2177 2206 2297 2268 agat
2339 2210 2440 2251 non
2481 2205 2552 2250 est
2593 2197 2647 2250 in
2691 2195 2976 2250 hominibus
3023 2193 3206 2267 (Hiclt.
3241 2194 3294 2248 7.
3334 2193 3384 2248 l.
3415 2191 3509 2264 2);
3547 2202 3604 2246 et

2011 2288 2170 2342 etiam
2204 2285 2291 2342 hic
2317 2288 2432 2357 ipse
2455 2286 2639 2342 dicens
2683 2303 2698 2340 :
2749 2287 2909 2342 Serva
2932 2303 3032 2352 me,
3077 2286 3312 2351 Domine,
3362 2285 3602 2356 quoniam

2013 2378 2192 2449 defecit
2215 2386 2418 2432 sanctus
2445 2376 2617 2448 (Psal.
2647 2377 2737 2434 ll.
2763 2375 2844 2449 2).
2873 2375 3056 2450 Neque
3081 2377 3222 2432 enim
3255 2376 3370 2434 htec
3395 2377 3496 2431 vita
3521 2384 3604 2430 est

2013 2487 2078 2526 eo
2121 2479 2324 2526 tantum
2370 2471 2656 2535 laboriosa,
2689 2471 2829 2544 quod
2862 2473 3143 2543 plurimam
3174 2471 3366 2526 haheat
3389 2469 3601 2526 vanita-

2016 2572 2145 2630 tem,
2176 2573 2231 2618 et
2252 2579 2410 2620 curas
2445 2564 2796 2634 importunas,
2826 2564 2920 2620 sed
2940 2564 3081 2636 quod
3120 2565 3278 2619 etiam
3306 2565 3504 2618 multus
3532 2563 3605 2618 sit

2016 2655 2274 2709 malorum
2303 2663 2612 2725 proventus.

2089 2744 2349 2800 Maiorum
2376 2745 2683 2800 consuetudo
2734 2745 2876 2800 bonis
2931 2753 3005 2799 est
3062 2744 3457 2806 molestissima;
3501 2744 3603 2797 vita

2018 2849 2238 2909 praesens
2257 2836 2399 2892 bonis
2425 2837 2577 2908 longa
2599 2837 2812 2904 videtur,
2833 2837 2982 2892 malis
3003 2847 3172 2890 autem
3196 2835 3604 2890 brevis.—-Nihtl

2015 2939 2099 2986 est
2127 2938 2306 2986 autem
2336 2930 2548 3002 gravius
2571 2937 2626 2985 et
2648 2927 2948 2996 molestius,
2970 2942 3127 2999 quam
3154 2940 3275 2981 cum
3304 2926 3603 2996 hujusmodi

2018 3021 2322 3077 hominibus
2367 3020 2691 3091 congressio.
2724 3017 2908 3088 Neque
2943 3017 3086 3074 enim
3140 3016 3319 3072 fumus
3359 3027 3413 3072 et
3438 3030 3606 3086 vapor

2019 3114 2089 3168 ita
2134 3113 2275 3168 solet
2301 3122 2528 3182 gravare
2552 3110 2759 3175 oculos,
2793 3118 2850 3164 ut
2877 3109 3240 3181 improborum
3269 3107 3603 3164 consuetudo

2017 3205 2252 3259 animum
2283 3203 2494 3258 tristitia
2521 3201 2704 3256 afﬁcit.
2736 3199 2856 3256 Non
2899 3201 3044 3256 vides
3078 3201 3362 3256 Dominum
3391 3215 3604 3271 quoque

2019 3305 2259 3352 nostrum
2285 3295 2469 3352 Iesum
2499 3295 2770 3351 Christum
2801 3294 3086 3351 ostendere
3106 3312 3262 3365 quam
3289 3297 3359 3351 sit
3383 3296 3608 3351 molesta

2017 3388 2276 3460 ejusmodi
2303 3387 2674 3444 consuetudo?
2718 3386 2942 3454 Quando
2971 3387 3114 3442 enim
3154 3387 3306 3455 dicit,
3338 3386 3609 3455 Quousque

2017 3494 2103 3534 ero
2131 3478 2423 3534 uobiscum?
2451 3495 2708 3549 quousque
2738 3481 2899 3550 feram
2924 3494 3009 3533 vos
3040 3477 3252 3548 (Matth.
3277 3479 3363 3534 l7.
3393 3478 3524 3543 l7)?
3551 3479 3607 3532 id

2020 3569 2168 3634 dicit,
2203 3568 2308 3628 hoc
2332 3568 2560 3624 obscure
2589 3569 2914 3640 signiﬁcans,
2948 3569 3190 3624 Habitan
3229 3587 3342 3624 cum
3369 3571 3609 3625 taberna-

2019 3653 2146 3707 culis
2175 3651 2358 3708 Cedar.
2387 3652 2678 3709 Barbarum
2707 3668 2873 3724 genus
2900 3663 2984 3709 est
3009 3653 3159 3720 illud,
3187 3653 3458 3710 efferatius
3483 3669 3608 3711 cum

2018 3744 2244 3800 subditis
2281 3744 2451 3800 instar
2500 3743 2732 3801 ferarum
2780 3760 2974 3816 agere,
3029 3753 3088 3800 ut
3127 3746 3217 3816 qui
3268 3746 3512 3802 tentoriis
3555 3755 3610 3799 ct

2021 3835 2244 3905 tuguriis
2291 3843 2528 3902 utantur,
2571 3845 2624 3890 et
2667 3835 2734 3890 ad
2787 3836 3174 3892 immanitatem
3224 3837 3456 3893 ferarum
3504 3837 3612 3893 sint

2021 3923 2244 3979 redacti.
2293 3922 2400 3978 Sed
2451 3924 2533 3977 his
2580 3925 2747 3979 multo
2793 3935 2918 3978 sunt
2960 3924 3290 3982 efferatiores
3343 3936 3605 3999 raptores.

2020 4019 2166 4072 avari
2192 4025 2244 4072 et
2261 4019 2352 4086 qui
2380 4018 2641 4088 impudice
2667 4019 3038 4076 acdibidinose
3065 4023 3190 4077 etin
3220 4023 3424 4080 deliciis
3444 4027 3608 4081 vitam

2025 4107 2342 4178 transigunt.
2373 4108 2430 4161 9.
2459 4105 2681 4161 Multum
2721 4109 2890 4163 incola
2932 4111 3031 4179 {uit
3069 4113 3241 4166 anima
3283 4130 3414 4168 mea.
3448 4116 3608 4185 Atqui

2024 4215 2129 4254 non
2160 4198 2425 4264 multum;
2468 4198 2678 4254 fuerunt
2710 4201 2851 4254 enim
2883 4203 3054 4256 solum
3084 4205 3413 4275 septuaginta
3447 4207 3608 4259 anni:

2025 4289 2118 4344 sed
2146 4303 2254 4343 non
2295 4288 2528 4358 appellat
2556 4289 2778 4344 multum
2826 4302 3040 4361 propter
3077 4293 3486 4362 multitudinem,
3514 4294 3611 4350 sed

2027 4389 2246 4450 propter
2273 4395 2448 4434 rerum
2477 4379 2860 4436 difﬁcultatem.
2911 4384 3020 4438 Etsi
3055 4383 3195 4438 enim
3241 4387 3311 4441 sit
3339 4387 3605 4457 exiguum.

2027 4472 2237 4526 videtur
2262 4486 2382 4526 esse
2406 4472 2631 4527 multum
2660 4473 2722 4527 iis
2748 4473 2836 4543 qui
2868 4472 3194 4544 afﬂiguntur.
3217 4475 3294 4532 Ita
3325 4479 3481 4532 etiam
3513 4492 3612 4532 nos

2025 4573 2238 4633 Oportet
2265 4563 2422 4630 afﬁci,
2452 4572 2507 4618 et
2534 4565 2776 4634 quamvis
2806 4563 2892 4620 hic
2924 4567 3104 4636 paucis
3125 4569 3280 4622 anuis
3301 4571 3608 4632 vixerimus.

2024 4671 2118 4710 ens
2155 4666 2330 4710 tamen
2359 4656 2555 4710 multos
2582 4671 2702 4710 esse
2731 4664 2916 4725 putare
2947 4670 3164 4728 propter
3196 4657 3493 4714 futurorum
3520 4661 3612 4716 de-

2025 4747 2301 4801 siderium.
2335 4746 2459 4802 Haec
2483 4748 2605 4804 dico
2647 4763 2750 4802 non
2782 4750 2943 4804 vitam
2977 4761 3291 4820 prteseutcm
3320 4766 3611 4816 accusans;

2026 4838 2201 4892 absit:
2225 4853 2287 4892 ea
2315 4845 2398 4892 est
2425 4837 2565 4893 enim
2596 4853 2730 4908 opus
2756 4839 2853 4894 Dei
2881 4858 2895 4894 :
2927 4841 3020 4895 sed
3044 4841 3109 4895 ad
3142 4841 3435 4898 futurorum
3464 4859 3615 4899 amo-

2027 4945 2140 4984 rem
2187 4943 2285 4984 vos
2310 4929 2548 4984 excitans
2573 4937 2628 4984 et
2655 4931 2901 4996 incitans,
2934 4941 2989 4987 et
3017 4947 3084 4988 ne
3112 4934 3162 4988 in
3193 4935 3355 4991 rebus
3383 4952 3612 5006 praesen-

2030 5022 2170 5077 tibus
2199 5021 2444 5076 lubenter
2478 5022 2786 5088 versemini,
2816 5038 2915 5078 nec
2936 5025 3144 5094 corpori
3173 5025 3320 5082 afﬁxi
3343 5027 3494 5080 sitis:
3517 5040 3615 5080 nec

2029 5117 2098 5169 ita
2131 5114 2460 5183 afﬁciamini,
2494 5125 2552 5170 ut
2577 5117 2818 5171 nonnulli
2849 5132 2880 5173 e
2900 5118 3059 5190 vulgo
3087 5119 3280 5190 abiecti
3311 5117 3496 5183 animi,
3524 5120 3614 5186 qui

2029 5207 2129 5262 etsi
2163 5223 2258 5278 per
2288 5208 2482 5263 multos
2510 5223 2680 5263 annos
2716 5211 2964 5277 vixerint,
2997 5226 3092 5266 eos
3134 5225 3331 5280 paucos
3369 5215 3492 5265 esse
3531 5209 3616 5263 di-

2030 5309 2178 5353 cunt.
2208 5298 2414 5368 Quibus
2450 5301 2574 5370 quid
2622 5315 2740 5356 esse
2792 5310 2966 5372 potest
3018 5317 3048 5356 a
3101 5301 3307 5357 ratione
3355 5301 3618 5356 alienius?

2031 5390 2166 5457 Quid
2190 5405 2318 5443 vero
2338 5393 2570 5446 crassius
2599 5393 2662 5447 iis
2687 5393 2776 5462 qui
2816 5395 2949 5448 caalo
2971 5392 3266 5462 proposito,
3295 5403 3351 5446 et
3375 5391 3441 5446 iis
3467 5392 3616 5449 benis

2031 5496 2150 5550 qua:
2175 5491 2300 5536 sunt
2330 5481 2384 5535 in
2406 5483 2578 5540 (ιιι-ιὶε.
2599 5483 2726 5548 Qua:
2750 5499 2841 5538 nec
2877 5483 3053 5536 oculus
3076 5481 3214 5545 vidit,
3239 5499 3330 5537 nec
3356 5484 3497 5538 auris
3521 5501 3616 5538 αυ-

2033 5572 2153 5626 dicit
2198 5576 2275 5635 (ι.
2303 5571 2422 5628 Cor.
2466 5574 2518 5629 2.
2550 5573 2628 5644 9),
2656 5589 2753 5628 ore
2799 5565 2986 5629 hiante.
3022 5575 3238 5629 umbras
3280 5585 3514 5647 stupent.
3560 5589 3608 5630 ct

2031 5663 2216 5717 volunt
2241 5664 2362 5717 vita:
2386 5665 2664 5735 prmscutis
2693 5665 2936 5735 euripum
2969 5665 3234 5737 trajicere,
3263 5668 3313 5722 in
3345 5669 3614 5740 perpetuis
