4134 6210
549 231 652 284 5ιὸ
1247 229 1302 283 S.
1343 227 1620 284 JOANNIS
1657 227 2132 285 αιιηῖεοδτοθδι
2176 228 2493 284 λιιειιιερ.
2533 227 3065 286 CONSTANTINOP.
3743 233 3867 290 3H

545 343 824 406 ﬂuetibus,
872 344 1276 414 tempcStatibus
1329 354 1379 396 et
1427 342 1714 413 naufragiis
1762 343 2021 398 volutati?
2067 325 2142 398 At

547 451 654 489 non
687 435 764 490 sic
795 433 1026 489 Paulus:
1058 432 1152 488 sed
1196 433 1484 489 festinabat
1510 443 1565 487 et
1613 434 1851 504 urgebat,
1879 444 1934 489 et
1974 449 2138 488 unum

547 529 719 582 solum
749 542 872 583 eum
902 526 1183 593 retinebat,
1217 541 1410 596 nempe
1435 526 1579 579 salus
1611 525 1885 580 hominum
1915 523 2136 598 (Philip.

548 619 600 672 1.
628 617 745 690 93).
769 619 824 673 7.
854 617 982 672 Cum
1019 617 1097 671 his
1131 618 1218 689 qui
1251 621 1464 674 oderunt
1495 633 1667 686 pacem
1693 633 1831 670 eram
1861 617 2102 688 paciﬁcus
2121 632 2139 669 :

551 727 666 764 cum
691 710 932 782 loquebar
954 711 1078 775 illis,
1103 708 1470 780 impugnabant
1487 724 1578 762 me
1605 709 1782 779 gratis.
1801 707 1992 763 Vidisti
2007 723 2138 779 quo-

546 802 709 857 modo
738 801 972 857 ostendit
993 816 1153 872 quam
1177 815 1337 870 grave
1357 801 1428 854 sit
1455 800 1563 854 illic
1587 799 1827 855 versari?
1852 798 1966 854 Non
1994 800 2135 854 enim

546 895 705 961 dixit,
729 893 862 948 Cum
886 893 950 948 iis
970 895 1058 964 qui
1089 892 1419 947 non‘habent
1448 907 1654 960 pacem,
1677 890 1798 956 sed,
1817 890 1943 946 Cum
1970 892 2032 944 iis
2053 891 2138 961 qui

547 986 666 1040 odio
696 987 877 1040 habent
907 1003 1080 1056 pacem
1108 1002 1243 1039 eram
1294 985 1555 1054 paciﬁcus.
1579 982 1770 1039 Vidisti
1796 983 2133 1038 commodum

543 1076 884 1132 afﬂictionis?
927 1077 1104 1130 vidisti
1156 1079 1384 1130 fructum
1431 1075 1793 1145 captivitatis?
1843 1073 1946 1130 Sed
1995 1090 2135 1128 nunc

541 1168 660 1236 quis
688 1177 932 1222 nostrum
965 1169 1068 1223 hoc
1081 1168 1283 1240 poterit
1309 1167 1532 1222 dicere?
1559 1167 1700 1223 Satis
1723 1167 1866 1222 enim
1889 1165 2067 1230 fuerit,
2089 1169 2133 1221 si

543 1274 665 1312 cum
696 1257 933 1328 paciﬁcis
961 1260 1128 1314 simus
1162 1259 1363 1329 pacifici
1409 1276 1425 1313 :
1472 1257 1559 1314 hic
1602 1268 1777 1314 autem
1814 1258 1974 1314 etiam
2012 1273 2132 1312 cum

545 1349 610 1402 iis
636 1349 724 1418 qui
752 1365 936 1419 pacem
965 1349 1196 1404 oderant
1223 1358 1339 1404 erat
1367 1350 1639 1420 pacilicus.

617 1441 745 1496 Belli
776 1459 836 1496 ac
864 1459 1048 1514 pugna:
1069 1457 1226 1497 causa
1253 1443 1533 1513 prazcipua.
1575 1439 1730 1494 Mane
1764 1440 1888 1505 ovis,
1916 1439 2133 1512 etlupos

539 1533 839 1602 superabis;
865 1533 1198 1587 mansuetudo
1226 1532 1312 1586 ubi
1337 1533 1555 1586 maxime
1573 1530 1974 1585 ostendenda.-—
1992 1529 2131 1596 Quo-

541 1626 703 1680 modo
723 1613 858 1695 ‘ergo
887 1642 984 1680 nos
1013 1641 1226 1696 quoque
1262 1626 1315 1680 in
1339 1625 1438 1680 hac
1461 1640 1518 1679 re
1543 1635 1688 1680 recte
1715 1625 2031 1695 geremus“!
2079 1625 2132 1680 Si

542 1726 813 1785 tamquam
835 1716 1077 1786 inquilini
1109 1716 1197 1771 hic
1219 1731 1528 1781 versemur;
1560 1730 1746 1770 rursus
1766 1717 1908 1770 enim
1929 1715 2134 1771 deduco

543 1807 842 1860 cntionem
871 1806 937 1860 ad
969 1807 1144 1875 ipsum
1172 1815 1581 1877 argumentum;
1618 1807 1663 1860 si
1701 1816 1762 1861 ut.
1799 1807 2058 1877 hospites,
2088 1810 2131 1863 si

543 1897 693 1951 nullo
713 1911 898 1952 eorum
923 1915 1040 1967 quae
1068 1907 1188 1952 sunt
1219 1898 1498 1968 praesentia
1530 1898 1804 1954 retardati.
1828 1899 1966 1954 Nihil
1991 1901 2131 1955 enim

541 2006 692 2060 u‘qtte
721 2007 908 2062 pugnae
936 2001 989 2047 et
1014 1991 1136 2047 belli
1168 2007 1328 2046 causa
1366 2001 1468 2060 est,
1492 1999 1550 2046 ut
1579 2007 1731 2046 amor
1764 1992 2126 2062 praesentium.

542 2093 601 2138 ut
627 2083 707 2140 vel
746 2085 954 2156 gloriae,
987 2085 1070 2139 vei
1115 2086 1373 2155 pecunias,
1405 2085 1485 2139 vel
1512 2085 1825 2141 deliciarum
1852 2087 2128 2154 cupiditas.

542 2174 766 2242 Quando
787 2191 916 2231 vero
943 2177 1040 2230 hos
1065 2192 1252 2231 omnes
1274 2176 1427 2230 funes
1457 2175 1794 2246 praecideris,
1827 2185 1880 2231 et
1899 2178 2130 2232 animam

543 2266 693 2322 nullo
722 2266 912 2322 horum
943 2269 1162 2324 retineri
1212 2268 1540 2339 permiseris,
1575 2276 1698 2324 tunc
1725 2268 1926 2324 videbis
1964 2270 2133 2325 unde-

542 2372 664 2412 nam
685 2357 882 2412 bellum
903 2359 1061 2414 ducat
1089 2361 1430 2430 principium,
1453 2370 1504 2413 et
1533 2359 1798 2414 undenam
1829 2361 1900 2414 sit
1923 2361 2133 2416 virtutis

542 2450 843 2522 jaciendum
883 2450 1307 2508 fundamentum.
1337 2452 1622 2522 Propterea
1649 2451 1803 2522 jubet
1829 2452 1990 2508 etiam
2036 2467 2132 2508 nos

543 2541 786 2598 Christus
816 2559 944 2600 oves
972 2559 1095 2602 esse
1142 2548 1282 2600 inter
1329 2546 1484 2616 lupos
1532 2543 1744 2614 (Matth.
1779 2544 1865 2601 1ο.
1908 2545 2031 2616 16);
2063 2563 2134 2602 ne

543 2634 710 2701 dicas,
737 2634 862 2692 Hcce
903 2646 957 2692 et
999 2637 1086 2692 illa
1135 2651 1322 2708 passus
1366 2651 1504 2704 sum,
1533 2637 1652 2692 ideo
1681 2637 1823 2693 evasi
1868 2652 2040 2694 saevus
2080 2648 2134 2694 et

541 2724 812 2782 efferatus.
837 2727 1080 2793 Etiamsi,
1123 2729 1330 2799 inquit,
1378 2743 1568 2798 passus
1615 2726 1779 2783 fueris
1823 2729 2133 2786 innumera-

545 2816 688 2885 bilia,
716 2834 872 2874 mane
899 2820 1036 2886 ovis,
1060 2829 1114 2875 et
1145 2821 1213 2874 ita
1264 2819 1417 2890 lupos
1450 2818 1746 2890 superabis.
1775 2818 1874 2875 Hic
1917 2831 2001 2876 est
2029 2821 2132 2875 im-

545 2907 746 2976 probus
785 2918 840 2964 et
873 2909 1200 2980 proﬂigatus,
1231 2909 1324 2966 sed
1366 2909 1532 2965 habes
1559 2919 1730 2964 tantas
1772 2910 1933 2978 vires,
1965 2920 2024 2966 ut
2049 2911 2134 2967 vel

545 2999 700 3056 malis
727 3001 973 3071 superior
997 3001 1213 3056 evadas.
1231 3001 1367 3068 Quid
1388 3009 1472 3057 est
1491 3016 1590 3057 ove
1616 3002 1982 3062 mansuetius?
2007 3003 2134 3074 quid

546 3107 674 3146 vero
705 3093 828 3164 lupo
883 3095 1181 3165 agrestius?
1213 3093 1303 3150 Ille
1334 3103 1507 3150 tamen
1537 3093 1606 3149 ab
1635 3094 1734 3151 hac
1762 3095 2131 3166 superabitur:

546 3183 706 3254 idque
733 3193 1008 3240 ostensum
1039 3197 1120 3242 est
1151 3187 1202 3240 in
1230 3187 1506 3256 apostolis.
1534 3185 1676 3241 Nihil
1704 3196 1788 3242 est
1811 3188 1952 3244 enim
1983 3202 2134 3242 man-

546 3277 828 3332 suetudine
859 3279 1146 3348 potentius,
1173 3277 1304 3333 nihil
1335 3279 1549 3339 lenitate
1579 3278 1802 3334 validius
1819 3294 1883 3335 ac
1904 3279 2132 3336 firmius.

545 3365 800 3435 Quocirca
834 3367 1076 3424 Christus
1099 3385 1312 3440 quoque
1333 3369 1487 3439 jubet
1511 3383 1639 3426 oves
1660 3385 1778 3426 csse
1797 3371 1936 3428 inter
1958 3371 2130 3443 lupos.

552 3458 757 3514 Deinde
798 3468 1079 3531 postquam
1109 3462 1187 3516 sic
1218 3461 1370 3524 dixit,
1401 3469 1671 3532 tamquam
1716 3475 1823 3516 non
1869 3461 2138 3518 sufﬁceret

547 3550 666 3606 haec
713 3554 1087 3619 mansuetudo,
1130 3553 1264 3619 ovis,
1318 3555 1564 3622 inquam,
1617 3553 1664 3607 ei
1719 3567 1878 3623 quem
1926 3554 2038 3608 vult
2077 3570 2136 3611 se

550 3639 838 3696 ostendere
881 3643 1220 3712 discipulum,
1253 3643 1450 3714 aliquid
1494 3642 1636 3698 aliud
1679 3642 1860 3713 adjicit
1892 3661 1904 3697 :
1939 3643 2133 3714 Estote,

550 3733 740 3803 inquit,
781 3733 1034 3805 simplices
1075 3734 1204 3788 sicut
1243 3735 1529 3799 columbtc;
1565 3733 1791 3789 duorum
1835 3745 2139 3792 mansueto-

549 3837 670 3876 rnm
699 3830 755 3877 et
782 3823 1102 3893 simplicium
1145 3825 1454 3879 animalium
1499 3823 1734 3879 miscens
1770 3818 2136 3881 mansuetudi-

551 3928 675 3968 nem
705 3931 719 3967 :
763 3923 961 3969 tantam
987 3929 1016 3968 a
1045 3914 1200 3970 nobis
1242 3914 1404 3985 exigit
1436 3914 1726 3981 lenitatem,
1758 3913 1970 3985 quando
1997 3916 2136 3972 inter

551 4021 724 4062 saevos
767 4016 822 4062 et
873 4016 1112 4078 agrestes
1156 4023 1453 4063 versamur.
1497 4006 1575 4062 Ne
1603 4007 1745 4062 enim
1774 4007 1992 4075 dix‘eris,
2044 4009 2138 4064 Est

549 4099 848 4170 improbus,
898 4115 997 4155 nec
1047 4099 1189 4156 ferre
1236 4115 1473 4170 possum.
1520 4098 1671 4154 Tunc
1715 4099 1859 4155 enim
1907 4101 2139 4156 maxime

549 4189 879 4247 ostendenda
907 4200 990 4247 est
1016 4191 1389 4257 mansuetudo,
1419 4191 1634 4262 quando
1663 4205 1753 4247 res
1787 4191 1942 4246 nobis
1981 4191 2139 4247 fuerit

547 4296 672 4338 cum
709 4283 865 4339 saevis
889 4291 949 4338 et
976 4285 1274 4352 agrestibus
1305 4283 1629 4350 hominibus,
1657 4283 1869 4354 quando
1909 4298 2029 4338 cum
2074 4285 2140 4339 iis

551 4375 643 4444 qui
674 4383 798 4430 sunt
817 4375 886 4430 ab
911 4374 1241 4430 humanitate
1260 4375 1419 4430 alieni
1438 4392 1452 4428 :
1474 4385 1602 4430 tunc
1624 4375 1741 4445 ejus
1763 4375 1934 4430 virtus
1959 4384 2138 4432 osten-

550 4468 715 4532 ditur,
749 4477 873 4523 tunc
903 4467 1020 4537 ejus
1044 4483 1236 4522 munus
1264 4477 1319 4523 et
1357 4467 1592 4521 orlicium
1642 4466 1950 4536 fructusque
1979 4465 2138 4520 reful-

551 4569 662 4626 get.
692 4561 817 4614 Cum
845 4560 1083 4631 loquebar
1121 4561 1253 4624 illis,
1287 4559 1652 4632 impugnabant
1681 4575 1760 4613 me
1782 4559 1958 4630 gratis.
1991 4560 2140 4614 Alius

555 4663 730 4708 autem
779 4654 1044 4724 interpres
1065 4651 1141 4727 (a)
1171 4653 1318 4717 dicit,
1352 4651 1422 4706 Et
1467 4651 1670 4723 quando
1719 4651 1957 4723 loquebar
1993 4651 2136 4723 ipsis,

553 4741 822 4811 bellabant,
849 4743 933 4798 vel
961 4743 1062 4800 hoc
1105 4744 1430 4815 significans,
1461 4743 1584 4798 Cum
1613 4742 1676 4796 iis
1708 4743 1794 4813 qui
1811 4743 2021 4797 oderant
2044 4762 2136 4813 pa-

553 4848 660 4886 cem
698 4850 836 4887 eram
859 4835 1104 4904 paciﬁcus
1135 4850 1156 4889 :
1194 4835 1300 4901 vel,
1336 4833 1550 4905 quando
1577 4833 1704 4903 ipsis
1738 4832 2011 4904 loquebar,
2043 4834 2139 4903 ipsi

555 4939 646 4981 me
675 4925 1070 4996 oppugnabant.
1100 4924 1254 4996 Quod
1282 4936 1458 4982 autem
1489 4925 1634 4991 dicit,
1666 4924 1772 4980 tale
1791 4933 1873 4979 est
1900 4941 1914 4978 :
1946 4922 1999 4979 In
2028 4924 2143 4996 ipso

554 5027 799 5088 tempore
825 5015 1096 5087 colloquii,
1120 5017 1332 5088 quando
1366 5017 1614 5084 maxime,
1647 5016 1838 5087 inquit,
1867 5018 2140 5071 caritatem

554 5106 926 5173 ostendebam,
955 5107 1170 5180 quando
1196 5108 1354 5164 verba
1399 5109 1452 5163 in
1493 5107 1678 5179 primis
1717 5107 1886 5162 amica
1929 5107 2141 5161 emitte-

553 5204 699 5268 bant,
730 5211 856 5258 tunc
883 5201 1262 5268 cﬂerabantur,
1291 5210 1418 5256 tunc
1441 5199 1594 5256 dolos
1623 5198 1901 5255 struebant
1924 5207 1981 5253 et
2008 5195 2141 5253 nihil

555 5310 653 5351 eos
679 5295 960 5351 coercebat
992 5311 1005 5347 :
1040 5309 1138 5364 ego
1170 5303 1347 5348 tamen
1375 5292 1640 5362 propriam
1671 5289 2146 5362 ostendebamvir-

616 5479 634 5509 ⁸
670 5476 826 5526 Aliam
848 5475 1113 5526 lectionem
1133 5482 1278 5538 altert
1316 5474 1362 5522 in
1397 5472 1620 5538 margine
1640 5468 1876 5538 savilius:
1907 5472 2148 5538 Quomodo

550 5546 635 5589 hoc
649 5551 751 5606 .rios
764 5549 1048 5606 persuasum
1063 5534 1362 5594 habebimus,
1381 5532 1465 5596 qui
1487 5529 1630 5582 e'tiam
1655 5531 1705 5581 in
1728 5532 1906 5581 amicos
1930 5529 2145 5580 hostilem

556 5599 770 5664 gerimus
787 5599 1048 5664 animum?
1239 5659 1287 5664 η
1484 5655 1503 5664 _
1555 5653 1584 5664 ,,
1712 5662 1720 5664 _
1772 5652 1799 5664 ,,
1839 5654 1848 5664 ,

617 5660 692 5732 (α)
725 5661 931 5732 (λύθεν
963 5661 1210 5732 interpres
1239 5659 1446 5732 ξείοέιοβ
1474 5653 1625 5732 sets
1651 5662 1732 5732 est.
1755 5652 1992 5732 «Ξίῖὶηξιῑβε
2021 5652 2146 5700 “3"-

560 5718 682 5781 quin
697 5733 816 5770 vero
839 5722 943 5770 hac
968 5718 1309 5784 interpretatio
1330 5718 1436 5769 fere
1464 5718 1637 5768 eadem
1661 5723 1735 5766 est
1757 5727 1866 5779 qnte
1892 5720 2017 5764 Lxx.

2250 353 2438 412 tutem,
2461 345 2585 401 licet
2613 346 2646 401 ii
2675 346 2746 402 ita
2773 347 2949 405 affecti
2977 357 3176 406 essent.
3207 351 3283 404 ita
3304 351 3463 406 etiam
3496 367 3594 408 nos
3617 365 3866 426 oportet

2246 434 2404 501 allici,
2436 451 2626 507 nempe
2655 439 2774 494 licet
2799 454 2900 494 nos
2933 439 3141 496 illorum
3171 452 3412 498 amantes
3439 445 3510 499 ab
3538 445 3643 500 illis
3671 447 3826 503 feria
3845 478 3862 488 ο

2228 544 2385 591 mur,
2420 527 2543 586 licet
2573 531 2724 588 nobis
2753 533 2828 588 illi
2872 533 3207 601 insidientur,
3239 552 3337 591 nos
3369 549 3547 593 nostra
3575 539 3863 598 exhibere

2243 631 2472 689 oportet,
2504 622 2643 678 illius
2669 625 2934 694 parabolae
2958 641 3240 691 memores,
3263 645 3381 699 quae
3407 630 3560 700 jubet
3583 648 3686 688 nos
3715 648 3861 690 esse

2245 722 2514 786 tamquam
2543 730 2671 771 oves
2699 727 2752 772 et
2775 719 3052 775 columbas
3078 721 3132 776 in
3171 721 3352 777 medio
3391 723 3666 793 luporum,
3695 736 3766 782 ut.
3797 737 3860 782 et

2244 805 2364 863 illos
2392 809 2642 865 meliores
2668 810 2972 876 reddamus,
3007 822 3062 868 et
3086 813 3188 885 ipsi
3209 815 3345 869 bona
3375 816 3608 873 caelestia
3639 833 3858 875 consc-

2241 913 2467 967 quamnr
2499 917 2514 954 :
2546 916 2665 970 qua;
2693 901 2853 958 detur
2895 903 3050 958 nobis
3077 906 3327 960 omnibus
3354 909 3630 978 consequi,
3659 914 3854 981 gratia

2241 999 2294 1042 et
2327 990 2654 1062 benignitate
2685 994 2891 1049 Domini
2931 996 3098 1051 nostri
3125 997 3255 1053 Jcsu
3282 999 3502 1069 Christi,
3543 1003 3848 1073 cui‘gloria

2235 1083 2293 1138 in
2321 1086 2512 1140 steclda
2535 1088 2882 1144 saeculorum.
2909 1091 3098 1146 Amen.

2719 1221 2787 1275 IN
2824 1221 3144 1279 PSALMUM
3182 1224 3343 1281 CXX.

2269 1307 2538 1364 Canticum
2558 1310 2828 1382 graduum.
2859 1313 3029 1379 Alius,
3053 1313 3244 1372 Cantus
3271 1319 3324 1373 in
3351 1323 3669 1379 escensiones
3691 1327 3796 1396 (a)-

2243 1401 2295 1452 1.
2329 1399 2512 1456 Levavi
2541 1403 2716 1457 oculos
2740 1421 2876 1459 meos
2917 1405 2970 1460 in
2995 1418 3208 1474 montes,
3238 1411 3374 1464 unde
3399 1413 3556 1467 ueniet
3579 1418 3836 1472 ancilium

2310 1509 2496 1547 meum.
2529 1495 2696 1560 Alius,
2731 1494 2858 1550 Leno
2885 1499 3060 1554 oculos
3089 1517 3224 1556 meos
3250 1503 3300 1556 in
3335 1515 3546 1572 montes,
3579 1508 3714 1561 unde
3741 1525 3830 1562 ve-

2309 1587 2409 1641 uiet
2444 1589 2692 1643 auxilium
2717 1608 2901 1647 meum.

2311 1703 2362 1756 1.
2405 1702 2538 1757 Vide
2583 1704 2849 1768 animam,
2881 1722 3000 1776 qua:
3041 1708 3194 1764 malis
3235 1709 3504 1780 implicata
3548 1717 3732 1786 nequit
3766 1735 3832 1772 se

2238 1791 2516 1861 expedire,
2543 1805 2597 1848 et
2620 1795 2857 1852 invenire
2880 1799 3104 1864 exitum,
3126 1807 3181 1854 et
3197 1801 3313 1856 vult
3333 1805 3546 1874 assequi
3572 1807 3830 1864 solatium

2238 1882 2304 1936 ad
2351 1883 2514 1938 Deum
2559 1885 2870 1954 reSpiciens.
2913 1887 3042 1944 Hmc
3089 1907 3274 1948 rursus
3315 1895 3655 1952 lentationum
3693 1911 3827 1956 sunt

2237 1976 2396 2039 bona,
2425 1993 2544 2047 qua:
2573 1978 2716 2034 illam
2746 1979 2957 2052 erigunt
2981 1991 3037 2039 et
3063 1987 3317 2053 excitant,
3347 1996 3404 2043 et
3437 1989 3500 2044 ad
3527 2004 3822 2060 supernum

2236 2068 2489 2123 auxilium
2519 2070 2867 2128 invocandum
2888 2085 3127 2142 movent,
3153 2086 3311 2149 atque
3333 2079 3402 2134 ab
3415 2083 3684 2150 omnibus,
3701 2101 3826 2156 qua

2237 2158 2301 2212 ad
2323 2158 2470 2215 hanc
2499 2161 2658 2216 vitam
2690 2165 2979 2234 pertinent,
3029 2168 3316 2224 abducunt.
3355 2171 3410 2226 Si
3436 2173 3580 2228 enim
3613 2175 3780 2232 Judaei
3803 2215 3820 2243 ,

2237 2249 2330 2318 qui
2353 2251 2518 2305 crassi
2543 2261 2696 2308 erant
2723 2263 2778 2309 et
2807 2264 2966 2312 teme
3003 2257 3167 2326 allixi,
3195 2259 3262 2316 ab
3290 2260 3578 2321 afflictione
3597 2267 3822 2337 ’captivi-

2241 2344 2364 2395 tatis
2391 2341 2528 2398 adeo
2555 2344 2680 2401 boni
2707 2347 3022 2416 evadebant,
3063 2361 3117 2406 et
3139 2353 3204 2407 ad
3233 2357 3420 2410 caelum
3470 2359 3542 2414 ita
3570 2361 3822 2430 respicio»

2240 2430 2368 2486 bant
2399 2451 2410 2485 :
2439 2434 2608 2490 nntlto
2627 2435 2822 2505 justius
2842 2448 2922 2495 cst
2949 2449 3005 2495 ut
3029 2457 3124 2496 nos
3143 2441 3246 2499 hoc
3273 2443 3530 2504 faciamus
3549 2449 3602 2504 in
3629 2453 3824 2508 nostris

2237 2523 2644 2593 calamitatibus,
2694 2536 2749 2582 et
2795 2529 2860 2584 ad
2911 2530 3080 2586 Deum
3124 2536 3511 2606 confugiamus,
3555 2556 3587 2596 a
3634 2542 3825 2612 quibus

2239 2612 2394 2684 longe
2439 2615 2611 2686 major
2634 2634 2793 2688 quam
2841 2620 2908 2676 ab
2934 2623 3037 2677 illis
3066 2623 3322 2694 perfectio
3350 2630 3658 2698 requiritur.
3690 2634 3824 2700 Quia

2236 2707 2378 2760 enim
2411 2707 2488 2762 illi
2513 2718 2636 2764 tunc
2661 2723 2813 2768 erant
2839 2715 2888 2768 in
2915 2717 3106 2772 mediis
3127 2717 3388 2786 hostibus,
3419 2732 3475 2777 et
3493 2740 3670 2796 neque
3692 2729 3826 2784 civi-

2240 2805 2399 2852 tatem
2433 2799 2716 2869 habebant,
2751 2811 2847 2859 n'cc
2877 2820 3076 2870 arcem,
3107 2825 3205 2864 nec
3235 2811 3525 2869 humanum
3551 2818 3825 2886 auxilium,

2241 2903 2340 2944 nec
2389 2891 2700 2960 pecuniam,
2749 2911 2922 2966 neque
2957 2899 3154 2970 aliquid
3202 2901 3344 2959 aliud
3396 2905 3678 2976 ejusmodi,
3729 2911 3826 2967 sed

2238 2982 2429 3050 captivi
2460 2992 2514 3038 et
2556 2987 2692 3042 servi
2724 2989 3071 3046 versabantur
3107 2993 3265 3048 simul
3313 2995 3452 3052 inter
3485 2999 3733 3056 dominos
3771 3013 3827 3057 et

2242 3073 2425 3130 hostes
2443 3093 2464 3132 :
2495 3077 2852 3135 caiamitatum
2874 3090 3050 3139 autem
3080 3087 3444 3156 magnitudine
3471 3094 3736 3160 oppressi,
3759 3093 3827 3148 ad

2243 3163 2494 3222 invictam
2523 3183 2738 3225 manum
2761 3171 3155 3242 confugiebant,
3187 3185 3243 3232 et
3266 3177 3334 3232 ab
3357 3177 3604 3235 humanis
3629 3181 3829 3240 deserti

2243 3255 2523 3324 prasidiis,
2559 3273 2625 3314 ex
2669 3275 2730 3316 ea
2779 3260 2893 3332 ipsa
2943 3262 3246 3322 desertione
3291 3267 3637 3326 conferebant
3675 3287 3736 3328 se
3760 3273 3830 3328 ad

2241 3347 2650 3419 philosophiam.
2701 3352 2766 3407 Et
2789 3353 2911 3408 ideo
2947 3355 3196 3412 dicebant
3223 3376 3236 3413 :
3263 3357 3448 3414 Levavi
3486 3361 3664 3418 oculos
3693 3380 3832 3420 meos

2239 3441 2293 3494 in
2324 3451 2534 3507 montes,
2567 3443 2698 3497 unde
2714 3448 2872 3500 veniet
2907 3449 3156 3502 aua'ilium
3185 3466 3368 3505 meum.
3396 3450 3526 3518 Quae
3565 3453 3633 3509 ab
3659 3453 3829 3511 homi-

2242 3533 2396 3588 nibus
2425 3533 2652 3590 conferri
2683 3547 2921 3606 possunt,
2947 3539 3122 3594 omnia
3142 3539 3471 3611 defecerunt,
3491 3546 3672 3600 omnia
3704 3563 3828 3616 per-

2244 3625 2450 3694 ierunt,
2479 3629 2655 3682 omnia
2679 3631 2860 3698 procul
2893 3643 3231 3689 recesserunt
3261 3651 3274 3690 :
3303 3652 3430 3701 una,
3455 3637 3664 3709 inquit,
3687 3641 3830 3696 salus

2243 3717 2495 3787 deinceps
2539 3720 2720 3776 relicta
2751 3732 2856 3788 est,
2897 3738 3017 3792 qua:
3063 3725 3265 3781 scilicet
3304 3727 3523 3784 ali‘crtur
3554 3746 3586 3784 a
3613 3731 3741 3788 Deo.
3771 3733 3838 3788 2.

2245 3810 2504 3866 Auxilium
2533 3829 2697 3867 meum
2722 3830 2755 3867 a
2795 3813 3034 3881 Domino,
3064 3817 3152 3887 qui
3181 3818 3299 3889 fecit
3325 3821 3505 3876 etclam
3547 3832 3596 3876 et
3623 3833 3830 3883 terram.

2248 3902 2435 3957 Vidisti
2465 3919 2559 3959 eos
2589 3904 2756 3960 Deum
2779 3905 2974 3976 ubique
3000 3909 3284 3977 quaerere?
3311 3925 3376 3965 es
3399 3920 3561 3982 terra,
3583 3930 3650 3971 es
3677 3916 3831 3982 caelo,

2245 4008 2308 4048 ex
2358 3995 2658 4060 montibus,
2692 4011 2756 4052 ex
2801 3997 3177 4055 solitudinibus
3223 4015 3344 4056 eum
3391 4003 3585 4074 ubique
3627 4006 3724 4061 sibi
3764 4008 3834 4063 ob

2245 4086 2428 4140 oculos
2456 4086 2705 4156 ponere?
2733 4087 2912 4143 vidisti
2946 4103 3134 4144 eorum
3161 4101 3399 4146 mentem
3426 4092 3539 4148 fieri
3565 4097 3832 4153 excelsio-

2244 4198 2382 4250 rem,
2427 4193 2482 4238 et
2524 4199 2786 4240 summam
2837 4186 2929 4241 Dei
2980 4187 3365 4257 providentiam
3411 4191 3479 4247 ab
3519 4193 3602 4248 eis
3642 4196 3835 4266 ubique

2249 4274 2567 4342 praedicari?
2617 4275 2803 4348 Neque
2849 4278 2990 4332 enim
3039 4280 3390 4352 nequicquam
3447 4283 3550 4338 hoc
3593 4285 3830 4355 adjecit:

2251 4369 2354 4436 Qui
2385 4370 2502 4441 fecit
2548 4371 2726 4425 mlum
2753 4380 2800 4425 et
2830 4380 3048 4439 terram;
3091 4372 3183 4428 sed
3215 4372 3317 4428 hoc
3353 4374 3580 4431 obscure
3617 4377 3836 4432 ratioci-

2251 4478 2405 4532 nans,
2442 4471 2498 4518 et
2530 4463 2714 4520 dicens
2747 4481 2758 4516 :
2790 4463 2848 4520 Si
2893 4462 3019 4519 fecit
3061 4465 3253 4522 caelum
3298 4476 3350 4522 et
3399 4477 3617 4534 terram,
3663 4478 3835 4537 potest

2247 4555 2406 4608 etiam
2439 4554 2491 4608 in
2519 4555 2690 4610 aliena
2723 4555 2937 4624 regione
2963 4570 3120 4624 opem
3152 4555 3314 4624 ferre,
3341 4566 3399 4614 et
3428 4558 3642 4630 ubique,
3673 4561 3836 4615 etiam

2250 4651 2301 4705 in
2335 4645 2558 4701 barbara
2589 4654 2749 4710 terra,
2782 4660 2994 4700 manum
3025 4645 3340 4716 adjutricem
3371 4647 3634 4718 praebere,
3661 4660 3713 4705 et
3743 4668 3836 4704 (Elis

2249 4739 2338 4809 qui
2365 4753 2397 4793 e
2438 4737 2605 4808 patria
2646 4735 2862 4805 expulsi
2907 4747 3032 4791 sunt
3058 4751 3396 4793 conservare.
3440 4739 3494 4793 Si
3535 4741 3676 4811 enim
3721 4739 3838 4795 hanc

2249 4831 2512 4884 elementa
2563 4827 2727 4883 verbo
2773 4827 2945 4882 solum
2997 4827 3279 4898 produxit,
3327 4829 3497 4884 multo
3541 4829 3710 4899 magis
3739 4844 3840 4884 nos

2252 4919 2448 4990 poten’t
2489 4917 2721 4974 liberare
2761 4932 2790 4971 a
2819 4916 3078 4974 barbaris.
3111 4917 3275 4974 Vides
3311 4918 3576 4986 quomodo
3603 4918 3839 4988 philoso-

2253 5013 2482 5082 phantur
2502 5010 2591 5080 qui
2620 5009 2813 5064 minori
2834 5024 2996 5064 sensu
3017 5017 3171 5064 erant
3192 5009 3404 5079 praediti
3428 5023 3586 5078 quam
3615 5008 3837 5079 lapides.

2254 5105 2378 5158 dum
2409 5104 2460 5157 in
2489 5103 2659 5156 aliena
2691 5099 2910 5170 regione
2953 5109 3231 5156 versantur
3249 5099 3276 5155 !
3301 5098 3419 5155 Non
3444 5098 3674 5170 amplius
3695 5099 3838 5154 enim

2255 5195 2456 5266 templi,
2484 5193 2578 5250 sed
2605 5193 2722 5248 caeli
2749 5201 2803 5248 et
2821 5201 2974 5248 terra:
3001 5191 3376 5248 meminerunt.
3409 5190 3543 5247 Vide
3567 5191 3836 5262 quomodo

2255 5286 2440 5344 mundi
2465 5284 2792 5342 creationem
2815 5283 3016 5353 Deique
3039 5282 3353 5353 sapientiam
3374 5289 3428 5336 et
3455 5280 3838 5351 providentiam

2254 5380 2568 5452 praedicant.
2599 5377 2698 5452 Qui
2723 5375 2868 5432 enim
2890 5383 3049 5430 antea
3079 5373 3222 5444 ligno
3245 5372 3515 5440 dicebant,
3541 5369 3680 5427 Deus
3705 5387 3846 5426 meus-

2256 5490 2306 5527 cs
2332 5482 2406 5536 tu,
2433 5479 2488 5526 et
2511 5467 2692 5540 lapidi,
2713 5465 2795 5522 Tu
2821 5483 2902 5521 me
2924 5465 3139 5538 genuisti
3169 5462 3300 5536 (λον.
3331 5461 3388 5517 9.
3416 5461 3534 5532 27),
3563 5476 3702 5517 nunc
3721 5464 3837 5516 uni-

2319 5585 2392 5646 (a)
2439 5591 2549 5632 tunc
2591 5580 2738 5647 lectio
2775 5579 3101 5647 praemissa
3140 5576 3232 5647 fuit
3267 5578 3322 5647 in
3332 5573 3588 5647 _I~tesapli§
3619 5576 3676 5624 ad
3703 5575 3848 5647 hunc

2258 5636 2510 5696 Psahnum.
2533 5643 2648 5706 quia
2671 5643 2720 5692 in
2746 5636 3249 5706 praecedentiArsalmo
3273 5636 3365 5688 119
3383 5636 3536 5706 posita
3557 5636 3742 5696 fuerat;
3772 5647 3846 5686 est

2261 5718 2442 5766 autem,
2469 5714 2522 5758 ut
2547 5698 2758 5756 iideturl
2780 5703 2913 5754 iuxta
2938 5700 3148 5766 Aquilam
3175 5709 3224 5751 et
3248 5698 3601 5765 Symmachum.
