4134 6210
548 363 654 415 δὶὅ

544 477 898 546 ἐγέννησας,
929 477 1022 533 νῦν
1053 481 1143 534 τὸν
1167 481 1499 555 δημιουργὸν
1530 487 1627 555 τῆς
1660 487 1984 560 οἰκουμένης
2005 489 2124 544 ἐπισ

549 566 924 632 γινώσκουσιν.
970 568 1030 621 Ἠ
1047 568 1260 633 βοήθει
1279 571 1298 620 'i
1318 589 1438 638 μου
1459 573 1616 640 παρὰ
1638 575 1879 641 Κυρίου,
1895 575 1956 627 ού
1975 575 2127 646 παρά

547 653 874 724 ανθρώπων,
926 655 1045 708 οὐδὲ
1092 657 1243 727 παρά
1279 658 1482 718 ἵππων,
1528 659 1590 710 οὐ
1623 661 1774 730 παρά
1804 662 2123 734 χρημάτων,

549 744 612 794 οὐ
652 741 804 812 παρά
837 744 1160 813 συμμάχων,
1194 744 1316 796 οὐδὲ
1352 744 1504 816 παρά
1538 747 1862 816 περιϐόλων.
1906 749 1971 802 Ἦ
2002 748 2128 821 βοή-

553 828 672 882 θεια
700 830 856 900 ἡμῶν
893 831 1042 900 παρά
1072 829 1296 901 Κυρίουο
1331 829 1469 901 αῦτη
1499 831 1800 902 ἀχείρωτος
1837 835 1869 904 ή
1905 851 2127 906 συμμα-

552 917 668 984 χία,
707 913 848 984 αῦτη
895 916 1106 986 ἄμαχος
1133 917 1166 987 ἡ
1207 915 1456 987 βοήθεια⁹
1485 918 1587 970 οὐκ
1620 918 1832 988 ἄμαχος
1858 920 1914 973 δέ
1947 921 2126 991 μόνον,

554 1000 693 1054 ἀλλά
727 1002 819 1054 καὶ
865 1002 1024 1072 ῥᾳδία
1065 1003 1158 1055 καὶ
1206 1001 1447 1066 εὔκολος.
1488 1005 1563 1056 Οὐ
1602 1004 1710 1073 γὰρ
1751 1006 1867 1058 ὁδὸν
1912 1008 2128 1078 μακρὰν

558 1091 773 1159 βαδίσαι
819 1091 919 1158 δεῖ,
967 1092 1028 1144 οὐ
1063 1091 1345 1164 θυρωροὺς
1393 1095 1746 1161 κολακεῦσαι,
1781 1098 1840 1150 ού
1870 1099 2129 1168 χρήματα

556 1178 884 1248 δαπανῆσαι,
913 1180 973 1232 οὐ
1012 1181 1312 1250 πρεσϐείαν
1344 1182 1678 1248 στείλασθαι,
1711 1183 1826 1238 ἀλλ’
1859 1185 1996 1238 οῖκοι
2034 1185 2131 1256 μέ-

556 1281 715 1318 νοντα
741 1265 962 1319 δυνατὸν
991 1267 1195 1339 ταύτην
1233 1269 1643 1324 ἐπισπάσασθαι
1675 1271 1774 1340 τὴν
1810 1271 2002 1342 ῥοπὴν,
2031 1271 2132 1342 9.6-

557 1367 646 1404 νον
677 1351 744 1405 ἂν
773 1354 1090 1423 ἀποστήσας
1121 1372 1205 1418 τις
1229 1356 1419 1410 ἑαυτὸν
1445 1356 1551 1409 τῶν
1577 1357 1952 1427 ἀνθρωπίνων,
1983 1358 2130 1414 ἐκεί-

558 1455 656 1508 νης
684 1438 938 1511 ἐξέχηται
960 1441 1308 1511 τῆςέλπίδος,
1335 1445 1427 1496 καὶ
1445 1443 1732 1514 ὀξυδερκὲς
1759 1444 1858 1515 ἑχῃ
1875 1444 1935 1496 τὸ
1953 1443 2128 1516 ὄμμα,

561 1524 654 1577 καὶ
679 1525 857 1596 ὑψηλά
888 1525 1082 1599 βλέπῃ.

632 1624 730 1674 Διά
757 1623 868 1691 γὰρ
906 1624 1064 1676 τοῦτο
1091 1624 1185 1677 καὶ
1227 1625 1373 1695 μόνῳ
1412 1625 1490 1696 τῷ
1529 1626 1650 1696 ζώῳ
1688 1627 1860 1698 τούτῳ
1890 1627 1989 1698 τὴν
2021 1629 2134 1682 διάο

566 1709 760 1762 πλασιν
789 1709 970 1781 ὄρθιον
1001 1711 1256 1782 ἐποίησεν
1284 1713 1312 1764 6
1341 1712 1493 1778 Θεὸς,
1541 1714 1634 1766 καὶ
1663 1715 1790 1777 τοὺς
1825 1713 2134 1785 ὀφθαλμοὺς

564 1797 621 1847 ἐν
641 1794 764 1864 ὕψει
787 1796 1040 1850 κατέθετο
1061 1798 1158 1868 τῆς
1192 1799 1391 1870 σαρκὸς
1415 1812 1464 1864 α,
1491 1799 1757 1854 διδάσκων
1783 1804 1877 1855 καὶ
1898 1802 2005 1854 ἀπὸ
2026 1803 2134 1854 τῶν

564 1882 858 1954 αἰσθητῶν,
882 1885 962 1937 ὅτι
983 1884 1065 1938 δεῖ
1083 1887 1219 1956 πρὸς
1238 1887 1296 1940 τὸ
1317 1885 1449 1956 ὕψος
1469 1889 1622 1959 ὁρᾷν.
1651 1888 1828 1942 Μόνον
1851 1888 1962 1960 γὰρ
1979 1888 2136 1941 τοῦτο

563 1970 625 2023 τὸ
655 1969 792 2034 ζῶόν
838 1972 985 2024 ἐστιν
1032 1971 1174 2025 οῦτω
1224 1972 1731 2044 διαπεπλασμένον·
1778 1975 1847 2027 τά
1893 1975 1949 2028 δὲ
2001 1975 2136 2029 ἀλλα

567 2057 745 2110 πάντα
784 2058 934 2110 κάτω
968 2057 1177 2128 βλέπει,
1211 2060 1304 2112 καὶ
1341 2059 1478 2132 πρὸς
1524 2061 1626 2131 γῆν
1665 2061 1934 2116 νένευκεν.
1971 2058 2136 2126 Οὗτος

563 2143 622 2198 δέ
657 2143 795 2216 πρὸς
815 2145 908 2199 τὸν
936 2145 1164 2218 οὐρανὸν
1191 2148 1429 2212 τέταται,
1463 2149 1550 2203 ἵνα
1573 2149 1640 2202 τά
1668 2151 1784 2202 ἐκεῖ
1806 2153 2133 2221 περισκοπῇ,

564 2230 660 2284 καὶ
686 2232 742 2283 ἐν
771 2231 997 2296 ἐκείνοις
1018 2233 1302 2305 φιλοσοφῇ,
1329 2237 1423 2289 καὶ
1443 2238 1627 2290 ἐκεῖνα
1659 2237 2017 2308 φαντάζηται,
2043 2238 2138 2292 καλ.

566 2317 852 2390 ὀξυδερκὲς
878 2319 976 2394 ἐχῃ
1009 2320 1067 2374 τὸ
1099 2321 1254 2392 ὄμμα
1285 2323 1385 2393 τῆς
1412 2323 1609 2394 ψυχῆς.
1639 2324 1738 2378 Διά
1768 2323 1832 2396 δὴ
1868 2324 2026 2378 τοῦτο
2045 2325 2139 2379 καί

566 2421 652 2468 τις
679 2406 840 2474 σοφὸς
871 2406 1046 2476 ἔλεγε,
1080 2408 1190 2462 Τοῦ
1221 2410 1418 2479 σοφοῦ
1450 2413 1504 2463 οἰ
1535 2411 1828 2480 ὀφθαλμοί
1851 2412 1921 2464 ἐν
1943 2411 2019 2480 τῇ
2047 2429 2133 2466 κε-

567 2491 734 2562 φαλῇ
771 2493 980 2548 αὑτοῦ·
1023 2494 1288 2561 τουτέστι,
1323 2496 1433 2549 τῶν
1465 2497 1615 2550 κάτω
1648 2498 1865 2552 πάντων
1898 2498 2141 2570 ἀπήλλα-

571 2595 715 2643 κται,
742 2581 834 2633 καὶ
860 2580 1231 2653 οὐρανοπολεῖ,
1269 2585 1362 2636 καὶ
1386 2584 1638 2655 μετέωρα
1669 2585 2015 2654 φαντάζεται.
2043 2585 2139 2655 Μὴ

569 2667 722 2736 εῴ-πς
739 2671 827 2735 εἰς
841 2667 1038 2726 σάλον
1050 2670 1158 2725 τὸν
1171 2670 1458 2743 πόδα[556
1470 2671 1620 2743 Ισου,
1634 2673 1792 2742 μηδὲ
1811 2674 2098 2739 νυστὰξει
2113 2676 2140 2716 ι)

571 2758 604 2808 ό
639 2755 980 2824 φυλάσσων
1008 2773 1101 2814 σε.
1157 2758 1319 2830 Ὁρᾷς
1354 2759 1527 2832 πόσην
1574 2761 1798 2815 ἀπαιτεῖ
1830 2764 1957 2833 παρ’
1985 2762 2142 2834 ἡμῶν

575 2843 812 2915 σπουδὴν
839 2845 867 2897 6
889 2844 1080 2913 λόγος;
1125 2845 1339 2918 Ἐπειδὴ
1359 2848 1467 2920 γάρ
1490 2847 1744 2920 βοηθείας
1771 2849 2140 2922 ἐμνήσθησαν,

577 2930 672 2982 καὶ
700 2931 798 3001 τὴν
813 2931 1018 2985 ἀνωθεν
1043 2933 1214 3004 ῥοπὴν
1243 2935 1488 3002 καλοῦσι,
1513 2940 1769 3006 παραινεῖ
1791 2939 1883 2991 καὶ
1910 2941 2146 3010 συμϐου-

575 3015 736 3078 λεύει,
775 3021 1055 3088 μονονουχὶ
1083 3020 1239 3074 τοῦτο
1263 3020 1458 3090 λέγων·
1489 3023 1552 3076 Εἰ
1583 3022 1760 3094 βούλει
1788 3025 1990 3096 ταύτης
2012 3027 2146 3081 ἀπο-

574 3103 788 3165 λαῦσαι,
821 3103 891 3158 τά
915 3105 1066 3178 παρά
1090 3107 1290 3160 σαυτοῦ
1311 3107 1616 3176 εἰσένεγκε.
1647 3109 1712 3162 Τί
1732 3109 1788 3162 δέ
1816 3112 1962 3163 ἐστιν
1989 3111 2018 3166 ὃ
2042 3128 2148 3164 πα-

573 3196 774 3265 ραινεῖς
803 3195 1000 3247 ’Ἄκουε
1019 3211 1033 3226 ·
1054 3195 1149 3262 Μὴ
1176 3193 1334 3264 δῴης
1351 3199 1438 3264 εἰς
1467 3197 1664 3252 σάλον
1690 3197 1798 3252 τὸν
1812 3201 1968 3254 πόδα
1996 3216 2141 3256 σουο

575 3281 837 3345 τουτέστι,
868 3281 943 3352 μὴ
966 3286 1333 3354 περιτραπῇς,
1361 3284 1436 3354 μὴ
1461 3285 1873 3357 σκανδαλισθῇς,
1906 3289 1998 3340 καὶ
2018 3288 2140 3342 τότε

573 3370 718 3435 ἰξεις
751 3369 843 3423 τὸν
884 3371 1016 3424 Θεὸν
1059 3373 1216 3444 χεῖρα
1260 3373 1546 3444 ὀρέγοντα,
1588 3374 1688 3428 οὐκ
1732 3375 2148 3446 ἑγκαταλιμπά-

575 3473 752 3519 νοντα,
789 3457 888 3511 οὐκ
912 3459 1156 3528 ἀφιέντα.

647 3562 810 3614 Ὥστε
851 3565 979 3634 παρ’
1007 3566 1137 3634 ήμῖν
1171 3567 1224 3618 αἰ
1256 3566 1421 3636 ἀρχαὶ
1443 3607 1456 3628 ,
1490 3567 1585 3618 καὶ
1625 3565 1813 3619 τούτου
1858 3567 2016 3638 ἡμεῖς
2051 3567 2150 3622 κύ-

577 3663 709 3718 ριοι.
730 3679 734 3685 -
758 3649 978 3722 Ἐπειδὴ
1007 3651 1063 3704 δέ
1093 3651 1292 3723 κύριοι,
1328 3654 1456 3706 ὅταν
1498 3651 1817 3724 βουλώμεθά
1854 3671 1998 3718 τινος
2030 3656 2150 3710 ἐπι-

574 3736 894 3806 τυγχάνειν,
936 3738 1017 3792 δεῖ
1055 3740 1148 3792 καὶ
1182 3741 1330 3812 ἡμᾶς
1377 3740 1444 3794 τά
1479 3741 1609 3812 παρ’
1641 3740 1849 3796 ἑαυτῶν
1880 3743 2150 3814 εἰσφέρειν

579 3819 747 3890 (οὕτω
779 3825 889 3894 γάρ
917 3825 1012 3880 καὶ
1038 3825 1214 3889 ὀΘεὸς
1242 3825 1538 3898 βούλεται),
1571 3832 1743 3899 μικρά
1775 3828 1874 3898 μὲν
1903 3828 2032 3883 ὄντα
2058 3831 2152 3883 καὶ

577 3909 791 3980 εὐτελῆ,
826 3909 908 3964 δεῖ
931 3912 988 3964 δὲ
1031 3913 1180 3983 ὅμως
1206 3913 1505 3986 εἰσφέρειν,
1533 3915 1632 3969 ούκ
1673 3916 1998 3987 ἀργοῦντας,
2033 3917 2151 3970 ούδέ

578 3995 889 4062 ὑπνοῦντας
913 3999 1008 4052 καὶ
1037 3999 1354 4072 ῥέγχοντας,
1387 4001 1505 4056 οὐδὲ
1526 4001 2010 4068 ἀναπεπτωκότας,
2035 4003 2151 4059 ἀλλ’

577 4085 960 4158 ἐνεργοῦντας,
993 4088 1086 4142 καὶ
1119 4087 1514 4154 σπουδάζοντας
1540 4089 1844 4144 διασώσειν.
1883 4091 1981 4145 Διά
1998 4092 2155 4146 τοῦτο

579 4175 671 4228 καὶ
691 4177 818 4247 περὶ
845 4176 946 4247 τὴν
977 4176 1274 4248 ἑνδεκάτην
1305 4177 1456 4248 ὥραν
1485 4177 1846 4248 ἐμισθώσατο.
1880 4178 2074 4234 Καίτοι
2101 4179 2153 4234 τί

577 4261 827 4316 τοσοῦτον
851 4262 1073 4334 ἔμελλον
1100 4265 1273 4316 ποιεῖν
1307 4264 1436 4335 περὶ
1463 4264 1753 4337 ἑνδεκάτην
1783 4266 1930 4336 ὥραν
1958 4284 1973 4333 ;
2011 4266 2152 4319 Ἀλλ’

578 4348 665 4404 ῐνα
692 4349 945 4422 ἀφορμὴν
986 4350 1084 4422 ἔχῃ
1128 4350 1226 4422 τὴν
1273 4351 1557 4421 ἐργασίαν,
1605 4353 1693 4405 ἴνα
1729 4355 2006 4423 πρόφασιν
2046 4353 2156 4406 τῶν

581 4438 879 4506 στεφάνων.
914 4439 1006 4492 Διό
1029 4454 1163 4510 φησι
1183 4453 1195 4466 ·
1227 4437 1322 4506 Μὴ
1355 4435 1512 4505 δῴης
1538 4439 1625 4502 είς
1649 4438 1847 4493 σάλον
1870 4438 1976 4492 τὸν
2001 4440 2158 4492 πόδα

579 4540 720 4588 σου,
743 4524 842 4578 καὶ
864 4528 936 4579 οὐ
953 4525 1242 4590 ηστάξει
1262 4528 1294 4578 ὀ
1313 4524 1653 4594 φυλάσσων
1669 4540 1763 4579 σε.
1791 4525 1916 4580 Ἐὰν
1928 4525 1995 4579 τά
2011 4526 2158 4595 παρά

583 4611 678 4666 σοῦ
705 4612 1014 4684 παράσχῃς,
1039 4613 1132 4666 καὶ
1152 4611 1222 4665 τὰ
1250 4612 1461 4664 ἐκείνου
1478 4610 1688 4680 ἕψεται.
1733 4613 1828 4666 Ἐκ
1847 4612 2036 4666 τούτου
2061 4615 2156 4668 καὶ

582 4698 788 4752 τοιοῦτό
818 4716 871 4752 τι
890 4700 1182 4762 δείκνυται,
1211 4700 1294 4752 ὅτι
1323 4699 1418 4753 καὶ
1449 4698 1519 4750 τὰ
1548 4699 1677 4770 παρ’
1699 4698 1858 4769 ήμῶν
1887 4701 1953 4754 ἂν
1976 4703 2157 4770 εἰσφέ-

585 4802 788 4854 ρωμεν,
826 4787 972 4856 ὅμως
1003 4788 1095 4840 καὶ
1129 4786 1272 4840 οὓτω
1297 4788 1396 4854 τῆς
1420 4787 1552 4856 παρ’
1586 4786 1748 4839 αὑτοῦ
1789 4786 2024 4858 δεόμεθα
2070 4794 2158 4862 90-

585 4870 713 4941 πῆς,
733 4872 800 4925 ἵν’
821 4873 876 4925 ἐν
895 4873 1160 4947 ἀσφαλείᾳ
1176 4868 1347 4945 ὦμεν,
1375 4873 1459 4925 ῖνα
1474 4875 1579 4926 ἀπε
1589 4873 1864 4944 ρίτρεπτοι
1885 4875 2154 4947 μένωμεν.

655 4958 720 5028 β’.
743 4959 836 5024 Τίς
861 4960 916 5014 δέ
934 4961 1144 5014 δίδωσιν
1163 4963 1242 5025 εἰς
1279 4961 1437 5016 σάλον
1462 4960 1552 5012 τὸν
1569 4961 1723 5026 πόδας
1760 4961 1818 5014 '0
1839 4962 2158 5034 πράγμασιν

584 5047 879 5102 ἐπιϐαίνων
913 5048 1217 5122 ὀλισθηροῖς
1257 5051 1350 5103 καί¹
1388 5051 1488 5103 οὐκ
1529 5049 1742 5120 ἔχουσιν
1784 5050 2010 5122 ἰσχυράν
2060 5052 2159 5122 βά·

585 5153 690 5200 σιν,
742 5130 854 5201 οἷός
887 5138 1031 5190 ἐστιν
1059 5139 1088 5190 6
1128 5137 1237 5190 τῶν
1266 5137 1563 5208 χρημάτων
1608 5137 1769 5211 ἔρως,
1813 5133 1925 5202 οἷος
1967 5139 1995 5190 6
2051 5140 2159 5192 τῶν

585 5225 853 5295 βιωτικῶν
893 5226 1074 5290 πόθος.
1107 5227 1207 5281 Διά
1249 5225 1408 5280 τοῦτο
1457 5228 1695 5297 συνεχῶς
1741 5229 2159 5298 περιτρέπονται

586 5314 680 5367 καὶ
718 5307 1142 5378 καταπίπτουσι,
1180 5315 1274 5369 καὶ
1303 5315 1393 5369 τὸν
1436 5315 1710 5388 περίκτῶν
1744 5316 1986 5387 ἐσχάτων
2031 5319 2156 5370 ἐπι-

647 5509 676 5538 ⁸
711 5507 765 5557 [ιι
783 5508 933 5557 θδνίι.
958 5515 1042 5568 τῆς
1062 5510 1238 5573 σαρκός
1258 5509 1416 5558 deest.

644 5577 676 5618 δ
707 5579 954 5646 mundat:
977 5579 1059 5646 Sic
1079 5594 1190 5628 mss.
1217 5579 1389 5628 Morel.
1436 5583 1488 5627 et
1513 5590 1681 5646 margo
1703 5577 1854 5646 ξοιὶι.
2018 5576 2154 5646 RomT

584 5639 808 5700 vaméhn,
831 5649 884 5689 et
913 5642 983 5688 sic
1021 5643 1070 5688 in
1115 5647 1257 5702 textu
1282 5655 1370 5689 suo
1406 5643 1570 5702 posuit
1612 5637 1840 5702 Sav_ilius_.
1873 5637 2036 5702 “sum
2070 5645 2162 5702 _est

589 5697 812 5749 reitnefe
830 5703 1060 5757 νυστάξει.
1109 5701 1226 5750 Nam
1261 5697 1506 5750 editio'nes
1526 5702 1622 5748 τῶν
1644 5703 1686 5748 0
1702 5700 1713 5718 '
1743 5697 1989 5748 variabant
2011 5700 2160 5748 etiam

589 5769 809 5822 tempore
835 5761 1114 5823 Hieronymi
1137 5771 1186 5812 cl
1205 5763 1547 5824 Chrysnslomi.

1193 365 1286 421 κδ.
1331 366 1619 424 JOANNIS
1653 368 2142 428 CHRYSOSTOMI
2180 374 2496 434 ARCHIEP.
2537 376 3087 435 CONSTANTINOP.

2230 493 2510 564 κρεμῶσιν
2535 497 2744 560 ἑαυτοῖς
2763 496 3026 552 κίνδυνον.
3056 493 3130 548 Οὐ
3155 491 3262 566 γάρ
3292 495 3440 547 ἐστιν
3465 493 3648 550 ἐκεῖνά
3669 514 3817 552 ποτε

2228 580 2518 645 ἀσάλευτα,
2536 582 2654 635 οὐδέ
2675 583 2808 635 ποτέ
2833 584 2978 636 ἐστιν
3006 581 3256 652 ἀκίνητα,
3280 580 3392 634 ἀλλ’
3417 581 3504 634 ἀεὶ
3526 582 3780 652 μεταϐαλ
3800 613 3820 625 ο

2227 667 2400 733 λεται,
2437 669 2534 722 καί⁵
2575 669 2914 740 μεθίσταται,
2929 670 3023 722 καὶ
3047 669 3156 722 τῶν
3189 667 3446 739 κυμάτων
3481 669 3682 738 μᾶλλον
3709 688 3819 724 τα-

2233 755 2504 826 ράττεται,
2555 757 2650 808 καὶ
2695 755 2804 808 τῶν
2849 755 3130 827 ποταμίων
3175 756 3459 826 ῥευμάτων
3505 755 3815 831 ταχύτερον

2228 840 2495 894 διαϐαίνει
2533 853 2581 903 ο,
2618 842 2712 896 καὶ
2756 841 2982 913 ψάμμου
3033 842 3213 912 πάσης
3247 842 3394 894 ἐστὶν
3439 841 3816 915 ἀσθενέστερα

2229 929 2324 980 καὶ
2366 928 2598 1000 διαρρεῖ.
2651 929 2798 982 Ἰδοὺ
2832 931 2904 984 οὑ
2937 928 3249 992 νυστάζει,
3297 927 3440 982 οὐδὲ
3475 931 3745 984 ὐπνώσει
3775 933 3815 984 ό

2230 1015 2577 1083 φυλάσσων
2604 1017 2712 1069 τὸν
2747 1016 3014 1084 Ἰσραήλ.
3046 1017 3142 1068 Ἂν
3171 1013 3312 1067 οὕτω
3343 1014 3682 1086 διακείμενος
3711 1012 3808 1090 ᾖς,

2233 1104 2416 1172 φησὶν,
2452 1104 2534 1157 Οὐ
2555 1103 2865 1170 νυστάξει,
2896 1102 3038 1158 οὐδὲ
3063 1101 3349 1166 ὐπνὼσει,
3379 1103 3676 1170 τουτέστιν,
3701 1104 3811 1158 οὐκ

2232 1188 2634 1260 ἐγκαταλείψει,
2667 1191 2728 1244 ού
2760 1191 3081 1263 προήσεται,
3118 1190 3219 1244 οὐκ
3245 1189 3442 1260 ἀφήσει
3467 1191 3670 1262 γυμνὸν
3709 1192 3810 1244 καὶ

2233 1276 2458 1348 ἔρημον.
2509 1277 2680 1332 Τοῦτο
2723 1277 3028 1342 αἰνίξασθαι
3062 1277 3254 1343 θέλων,
3291 1277 3406 1332 ἀλλ’
3439 1279 3540 1348 οὐχ
3585 1279 3803 1344 ἁπλῶς,

2231 1365 2498 1429 τέθεικεν,
2538 1365 2602 1418 '0
2627 1365 2969 1434 φυλάσσων
2999 1365 3107 1418 τὸν
3151 1365 3419 1434 Ἰσραήλ.
3454 1367 3521 1420 ’0
3545 1365 3602 1419 δὲ
3631 1365 3805 1434 λέγει,

2232 1450 2386 1504 τοῦτό
2420 1454 2584 1505 ἐστιν’
2615 1453 2676 1505 Εἰ
2712 1451 2870 1506 τοῦτο
2900 1452 3058 1523 ἔργον
3089 1451 3253 1504 αὑτοῦ
3285 1452 3553 1522 διηνεκὲς,
3576 1453 3639 1506 τδ
3660 1453 3808 1507 ἀνω-

2234 1537 2324 1591 θεν
2348 1539 2442 1590 καὶ
2483 1539 2547 1592 ἐκ
2586 1539 2864 1614 προγόνων
2906 1537 3014 1591 τῶν
3049 1537 3158 1590 σῶν
3181 1539 3239 1591 ἑν
3275 1537 3545 1610 ἀσφαλείᾳ
3579 1555 3638 1592 σε
3672 1537 3806 1592 καθ-

2240 1625 2411 1694 ιστᾷν,
2438 1623 2500 1676 οὐ
2524 1626 2821 1696 προήσεται
2845 1625 2904 1678 τὸ
2925 1624 3085 1695 ἔργον
3100 1624 3160 1678 τὸ
3187 1623 3374 1688 αὑτοῦ,
3400 1626 3494 1678 καὶ
3520 1625 3550 1678 6
3577 1625 3806 1697 σύνηθες

2236 1710 2382 1781 αὐτῷ
2411 1711 2669 1782 πράττειν
2694 1712 2792 1764 οὐκ
2826 1711 3226 1781 ἐγκαταλείψει,
3262 1710 3356 1764 ἐὰν
3379 1712 3452 1782 μὴ
3477 1713 3540 1765 σὺ
3567 1712 3708 1784 δὼῃς
3726 1713 3807 1776 εἰς

2238 1801 2398 1854 σάλον
2422 1801 2514 1854 τὸν
2554 1801 2691 1854 πόδα
2727 1817 2841 1854 σου.
2873 1800 2984 1853 Καὶ
3009 1800 3070 1853 ού
3100 1800 3257 1871 μόνον
3281 1800 3383 1852 οὐκ
3401 1799 3805 1870 ἐγκαταλείψει,

2237 1887 2374 1942 ἀλλὰ
2400 1888 2494 1940 καὶ
2533 1888 2901 1958 προστήσεται
2939 1886 3077 1956 μετὰ
3116 1886 3319 1956 πολλῆς
3359 1887 3458 1957 τῆς
3487 1886 3802 1956 ἀσφαλείας.

2237 1975 2329 2028 Διὸ
2356 1975 2450 2028 καὶ
2478 1975 2725 2045 ἐπήγαγε
2762 1973 2935 2042 λέγων
2958 1990 2972 2003 υ
3005 1975 3220 2042 Κύριος
3262 1973 3518 2042 φυλάξει
3556 1989 3658 2028 σε·
3688 1974 3809 2028 Κύ-

2230 2079 2367 2132 ριος
2394 2060 2592 2127 σκέπη
2619 2077 2736 2114 σου
2757 2060 2856 2112 ἐπὶ
2890 2059 3042 2131 [55η
3071 2060 3237 2129 χεῖρα
3255 2059 3466 2126 δεξιάν
3494 2077 3630 2115 σου.
3649 2061 3811 2113 Ἐτε-

2243 2167 2358 2221 ρος,
2386 2149 2552 2216 Παρά
2570 2146 2688 2215 τὴν
2711 2147 2880 2216 χεῖρα
2908 2145 3023 2214 τὴν
3047 2146 3253 2213 δεξιάν
3267 2165 3404 2202 σου.
3426 2148 3807 2218 Παραστάτης,

2241 2237 2424 2306 φησὶν,
2455 2235 2608 2288 ἔσται
2636 2251 2753 2296 σου,
2787 2233 3093 2304 σύμμαχος,
3127 2233 3340 2304 βοηθός.
3383 2234 3546 2306 Ὁρᾷς
3577 2232 3695 2296 πῶς
3715 2233 3809 2286 καὶ

2240 2322 2475 2377 ἐνταῦθα
2506 2321 2753 2392 βούλεταί
2785 2337 2844 2373 σε
2873 2321 3094 2392 ἐνεργὸν
3123 2316 3290 2387 εἷναι;
3333 2320 3466 2372 Ἀπὸ
3499 2320 3810 2390 μεταφορᾶς

2238 2410 2293 2463 δέ
2327 2410 2434 2463 τῶν
2468 2411 2526 2462 ἐν
2556 2407 2858 2479 παρατάξει
2885 2406 3155 2471 ἑστώτων,
3206 2406 3360 2478 παρά
3384 2406 3482 2478 τὴν
3514 2405 3672 2477 χεῖρά
3718 2422 3810 2458 σου

2243 2501 2506 2570 στήσεται
2555 2498 2655 2570 τὴν
2699 2493 2902 2562 δεξιὰν,
2943 2493 3083 2549 ὥστε
3120 2495 3417 2566 ἀχείρωτον
3463 2489 3624 2556 εἰναι,
3674 2491 3814 2548 ὥστε

2242 2587 2461 2659 ἐνεργὸν
2489 2585 2541 2650 ά,
2573 2585 2713 2638 ὥστε
2743 2583 2983 2658 ἰσχυρὸν,
3013 2583 3156 2638 ὥστε
3191 2583 3479 2652 δυνάστην,
3518 2581 3658 2635 ὥστε
3693 2581 3817 2652 τρό-

2244 2691 2401 2729 παιον
2425 2675 2596 2745 ἰστᾷν,
2620 2672 2761 2727 ὥστε
2786 2671 2886 2744 τὴν
2901 2671 3058 2744 νίκην
3074 2669 3343 2743 αἴρεσθαι,
3371 2668 3560 2739 ἐπειδὴ
3586 2667 3815 2740 μάλιστα

2243 2760 2382 2832 αῦτη
2415 2761 2551 2824 ἐστὶ,
2582 2759 2650 2813 δι’
2685 2753 2754 2830 ἦς
2779 2757 2992 2812 ἅπαντα
3025 2755 3370 2826 ἑνεργοῦμεν.
3403 2755 3516 2808 Οὐκ
3562 2753 3711 2806 ἔσται
3757 2746 3824 2804 δέ

2247 2866 2329 2902 σοι
2379 2847 2736 2919 παραστάτης
2796 2847 2976 2915 μόνον,
3012 2842 3133 2900 οὐδέ
3173 2841 3480 2915 σύμμαχος,
3533 2839 3669 2893 ἀλλά
3720 2839 3818 2892 καὶ

2246 2935 2442 3006 σκέπη.
2474 2934 2642 2988 Πάλιν
2668 2932 2810 3003 λέγω
2837 2942 2885 2970 ο·
2918 2930 3004 2984 διὰ
3032 2928 3140 2983 τῶν
3168 2931 3296 3000 παρ’
3321 2931 3455 2999 ἡμῖν
3478 2926 3818 3000 πραγμάτων

2245 3023 2338 3078 τοῦ
2373 3020 2508 3076 Θεοῦ
2537 3020 2636 3084 τάς
2673 3018 2923 3092 βοηθείας
2962 3017 3372 3090 χαρακτηρίζει,
3401 3015 3500 3085 τὴν
3527 3014 3820 3086 ὁλόκληρον

2247 3109 2410 3166 αὑτοῦ
2439 3105 2684 3179 φυλακὴν
2710 3107 2804 3160 κα)⁸
2825 3105 2920 3177 τὴν
2950 3104 3254 3175 ἐγγυτάτην
3272 3101 3586 3173 συμμαχίαν
3617 3101 3705 3154 διὰ
3719 3100 3820 3170 τῆς

2245 3199 2424 3266 δεξιᾶς
2452 3198 2551 3250 καὶ
2583 3195 2682 3266 τῆς
2704 3194 2913 3264 σκέπης
2944 3191 3290 3262 παρίστησιν.
3328 3187 3572 3258 Ἡμέρας
3592 3190 3624 3242 ὀ
3647 3186 3821 3256 ἣλιος

2248 3289 2320 3342 οὐ
2345 3284 2681 3356 συγκαύσει
2710 3299 2806 3344 σε,
2839 3279 2980 3336 οὐδὲ
3010 3281 3048 3349 ἠ
3072 3277 3303 3346 σελήνη
3329 3277 3443 3344 τὴν
3472 3277 3682 3329 νύκτα.
3712 3275 3822 3327 Καὶ

2251 3373 2411 3428 τοῦτο
2441 3373 2662 3442 γέγονεν
2701 3367 2722 3408 ί
2753 3367 2914 3439 ἡνίκα
2935 3365 3004 3432 ἐξ
3047 3365 3324 3435 Αἰγύπτου
3371 3362 3699 3433 ἐπανῄεσαν,
3728 3364 3822 3415 καὶ

2247 3462 2307 3514 ἐν
2355 3461 2422 3530 τῇ
2477 3458 2668 3528 ἐρήμῳ
2709 3453 2996 3526 διέτριϐον.
3048 3451 3313 3511 Ἐνταῦθα
3365 3451 3424 3504 δὲ
3473 3450 3572 3522 τήν
3624 3447 3821 3519 πολλὴν

2248 3547 2430 3604 ἄδειαν
2462 3545 2630 3613 λέγει.
2661 3542 2822 3605 Εἰκὸς
2846 3542 2903 3596 δὲ
2938 3540 3032 3597 καὶ
3056 3541 3178 3594 τότε
3211 3537 3529 3601 ἐπανιόντας
3561 3535 3819 3606 τοιαύτης

2249 3632 2395 3696 τινὸς
2432 3630 2742 3686 ἀπολαῦσαι
2778 3625 3230 3700 παραδοξοποιίας
3272 3626 3443 3696 ἑτέρῳ
3477 3625 3582 3680 τινὶ
3614 3623 3819 3695 τρόπῳ.

2264 3721 2360 3775 Ἐκ
2386 3719 2703 3792 περιουσίας
2725 3721 2904 3772 τοίνυν
2926 3715 3087 3771 αὐτοῦ
3111 3716 3210 3787 τὴν
3237 3714 3488 3786 πρόνοιαν
3507 3712 3677 3778 δεῖξαι
3703 3711 3822 3781 βου-

2252 3809 2312 3863 λό
2319 3825 2498 3880 μενος,
2535 3808 2617 3861 ὅτι
2656 3807 2716 3860 οὐ
2756 3806 2916 3877 μόνον
2945 3803 3052 3858 τῶν
3095 3802 3283 3857 δεινῶν
3318 3799 3669 3862 ἀπαλλάττει,
3704 3797 3820 3853 ἀλλ’

2253 3896 2372 3951 οὐδὲ
2413 3896 2482 3950 τά
2509 3893 2618 3949 τῶν
2663 3893 2961 3966 ἀνθρώπων
2989 3889 3180 3962 ἀφίησί
3212 3905 3271 3942 σε
3300 3887 3511 3950 παθεῖν,
3537 3886 3696 3940 τοῦτο
3731 3887 3826 3939 ἐπ-

2255 3986 2446 4056 ήγαγε.
2482 3983 2716 4053 Δαψιλὴς
2753 3981 2862 4052 γὰρ
2899 3979 3061 4034 αὑτοῦ
3091 3981 3188 4049 τῆς
3238 3975 3486 4048 βοηθείας
3518 3977 3551 4045 ή
3576 3972 3826 4046 χορηγία,

2255 4073 2460 4140 ἀφατος
2483 4073 2516 4142 ή
2541 4069 2943 4141 φιλανθρωπία,
2966 4068 3027 4121 ού
3048 4066 3183 4138 πρὸς
3205 4065 3268 4119 τὸ
3296 4065 3490 4136 μέτρον
3509 4063 3610 4133 τῆς
3643 4062 3831 4133 χρείας

2253 4161 2355 4230 τῆς
2396 4161 2672 4230 ἡμετέρας
2703 4158 3019 4230 παρέχουσα
3039 4155 3138 4219 τὴν
3164 4155 3292 4227 παρ’
3322 4151 3515 4208 ἑαυτοῦ
3556 4151 3828 4222 βοήθειαν,

2258 4247 2370 4301 ἀλλ’
2401 4246 2805 4317 ὑπερϐαίνουσα
2843 4246 2964 4306 ταῖς
2991 4242 3290 4296 ἀντιδόσεσι
3334 4239 3547 4303 καὶτὰς
3587 4239 3832 4309 αἰτήσεις

2257 4335 2435 4406 ἠμῶνο
2475 4335 2692 4402 Κύριος
2741 4329 3001 4400 φυλάξει
3054 4347 3130 4384 σε
3175 4328 3294 4384 ἀπὸ
3326 4325 3552 4399 παντὸς
3603 4324 3826 4379 κακοῦο

2257 4421 2516 4491 φυλάξει
2559 4420 2676 4488 τὴν
2712 4417 2926 4488 ψυχήν
2957 4431 3074 4472 σου
3113 4419 3146 4471 ό
3173 4415 3404 4483 Κύριος.
3459 4413 3518 4467 '0
3557 4411 3666 4483 γάρ
3699 4410 3833 4482 μηδέ

2256 4509 2326 4568 τὰ
2359 4507 2532 4579 μικρά
2561 4505 2733 4561 ταῦτα
2748 4503 2989 4576 λυπῆσαί
3015 4520 3074 4556 σε
3095 4510 3122 4549 8
3149 4499 3470 4573 συγχωρῶν,
3504 4499 3639 4554 ἀλλὰ
3670 4498 3831 4570 μέχρι

2258 4595 2513 4650 τοσούτου
2548 4595 2646 4665 τήν
2669 4593 2926 4663 πρόνοιαν
2955 4590 3213 4645 ἐκτείνων
3238 4589 3336 4658 τὴν
3372 4585 3573 4642 ἑαυτοῦ
3600 4586 3695 4640 καὶ
3733 4584 3832 4656 τὴν

2258 4681 2612 4754 κηδεμονίαν,
2649 4678 2828 4750 πολλῷ
2862 4679 3060 4751 μᾶλλον
3088 4678 3184 4747 ἀφ’
3213 4676 3415 4748 ἑτέρων
3443 4671 3739 4746 ἀχείρωτόν
3771 4687 3831 4724 σε

2259 4770 2613 4840 καταστήσει.
2658 4769 2929 4821 Ἕκαστον
2974 4766 3072 4836 μὲν
3119 4763 3228 4816 τῶν
3271 4760 3532 4819 ἐπιόντων
3575 4755 3832 4829 λυπηρῶν

2259 4856 2396 4910 εἴκει
2443 4855 2537 4913 καὶ
2581 4856 2902 4926 παραχωρεῖ
2939 4851 3016 4923 τῷ
3067 4850 3293 4920 νεύματι
3335 4847 3428 4902 τοῦ
3479 4845 3644 4908 Θεοῦ,
3685 4844 3829 4914 ἀπερ

2259 4943 2346 4997 ἐπ’
2371 4943 2674 5014 ἀνθρώπων
2712 4942 2811 4994 οὐκ
2844 4940 2943 4994 ενι.
2993 4937 3132 4992 Ἀλλ’
3161 4939 3209 4990 εἰ
3236 4937 3330 4990 καὶ
3353 4934 3543 4992 τούτου
3572 4930 3832 4992 πολλάκις

2260 5029 2535 5101 ἀπήλλαξε
2572 5028 2664 5082 τοῦ
2703 5027 2896 5089 κακοῦ,
2939 5027 3124 5096 ἐτέρου
3179 5025 3279 5078 οὐκ
3311 5020 3581 5093 ἠδυνήθη·
3618 5019 3651 5090 ἢ
3704 5017 3831 5088 i160-

2261 5117 2397 5189 νήθη
2435 5117 2556 5188 μὲν,
2585 5117 2686 5168 οὐκ
2717 5113 2990 5184 ἠϐουλήθη
3020 5112 3077 5166 δέ
3098 5129 3111 5142 ο
3142 5110 3257 5165 ἀλλ’
3284 5112 3317 5180 ή
3342 5107 3435 5162 τοῦ
3465 5107 3601 5163 Θεοῦ
3633 5119 3825 5159 παντο-

2261 5204 2493 5276 δύναμος
2516 5203 2610 5257 καὶ⁵
2635 5200 2873 5274 κραταιά
2902 5201 3044 5272 χεὶρ,
3074 5199 3175 5255 κᾶν
3205 5195 3384 5251 ὁτιοῦν
3414 5193 3638 5266 ἐπέλθῃ,
3668 5191 3829 5246 λῦσαι

2323 5425 2346 5453 ⁸
2373 5417 2522 5469 Savil.
2549 5425 2602 5468 et
2623 5420 2720 5468 duo
2744 5433 2856 5466 mss.
2883 5418 3139 5482 ταχύτερον
3153 5415 3454 5479 παρατρέχει.

2324 5491 2352 5530 d
2375 5490 2731 5553 Ὥστεένιργόν
2751 5481 2950 5553 ἀοεηξ
2966 5491 3018 5536 in
3040 5487 3229 5553 βίοι-ει...
3261 5484 3368 5553 Sed
3384 5486 3434 5532 in
3454 5482 3564 5530 aliis
3585 5481 3824 5553 exempq.

2265 5552 2401 5602 ribus
2443 5546 2816 5614 legilur'.'alque
2852 5565 2881 5600 ε
2905 5550 3146 5601 Genliano
3189 5546 3409 5597 Hervelo
3428 5555 3716 5606 expressum
3740 5547 3835 5594 est.

2329 5627 2352 5653 °
2377 5623 2525 5672 Savil.
2550 5622 2688 5670 πάλιν
2708 5623 2873 5682 λέγων.

2329 5693 2349 5732 ί
2380 5691 2527 5743 Savil.
2550 5693 2632 5742 καὶ
2653 5691 2746 5742 ποῦ
2765 5689 2907 5741 τοῦτο
2923 5693 3108 5753 γέγονι;

2327 5765 2352 5805 Ι
2377 5766 2457 5818 Sic
2479 5766 2652 5822 S:wil.,
2675 5779 2730 5813 σε
2753 5764 2924 5812 deerat
2950 5764 2997 5811 in
3031 5761 3203 5812 Morel.

3686 377 3918 456 διε¹
