4062 6208
409 381 512 436 547

411 510 464 551 ct
484 496 839 564 omnipotens,
866 483 1238 564 quodcumque
1267 491 1546 554 invaserit,
1583 488 1863 558 proﬂigare
1894 501 1987 554 po-

422 589 562 654 terit,
589 597 641 642 et
669 596 720 642 te
749 585 976 642 liberare
1000 583 1068 639 ab
1097 583 1360 639 omnibus.
1390 582 1444 636 8.
1477 577 1993 633 Dontinus'custodiel

409 679 667 733 introitum
696 687 856 743 tuum,
889 686 936 730 et
962 677 1146 731 exitum
1187 686 1352 728 tuum.
1375 671 1524 726 Alius
1550 671 1814 739 interpres
1841 670 1988 733 dicit,

413 772 680 824 Accessum
721 779 860 823 tuum
903 767 998 842 (a).
1034 766 1221 822 Vidisti
1251 765 1367 834 ejus
1398 772 1709 833 perpetuum
1740 761 1990 816 auxilium

416 863 611 932 ubique
654 861 862 925 adesse,
908 859 1194 914 introeunti
1241 866 1296 910 et
1336 854 1596 910 exeunti?
1642 852 1776 918 Quid
1818 860 1988 921 potest

408 970 531 1009 cum
560 956 658 1009 hac
685 957 906 1009 caritate
929 951 1200 1007 conferri?
1231 948 1353 1018 quid
1381 963 1500 1002 cum
1551 944 1649 1000 hac
1672 943 1991 1000 clementia?

410 1047 506 1102 ilic
543 1046 754 1116 quidem
812 1052 957 1099 certe
1001 1057 1213 1098 omnem
1259 1041 1421 1094 vitam
1469 1037 1728 1108 signiﬁcat
1760 1057 1774 1091 :
1809 1037 1861 1090 in
1909 1036 1990 1090 his

407 1138 550 1193 enim
595 1138 701 1190 vita
741 1137 986 1191 universa
1031 1133 1294 1197 consistit,
1327 1146 1518 1200 nempe
1561 1131 1613 1184 in
1652 1129 1894 1199 ingressu
1937 1135 1992 1182 et

405 1229 572 1283 exitu.
619 1227 690 1282 Et
737 1235 798 1282 ut
843 1227 895 1281 id
943 1226 1177 1295 apertius
1221 1223 1516 1302 signiﬁcet,
1565 1218 1991 1290 subjunxit:Ex

411 1320 505 1372 hoc
531 1335 665 1373 nunc
697 1328 745 1373 et
781 1333 940 1385 usque
975 1318 1026 1371 in
1063 1317 1323 1371 uetulum.
1370 1314 1486 1370 Non
1529 1329 1651 1379 uno,
1684 1313 1870 1384 inquit,
1899 1321 1990 1366 aut

409 1408 640 1475 duobus,
683 1417 772 1463 aut
800 1407 986 1470 tribus,
1017 1416 1108 1462 aut
1148 1406 1333 1462 decem
1353 1447 1368 1473 ,
1396 1414 1488 1460 aut
1515 1404 1715 1473 viginti,
1745 1414 1837 1457 aut
1859 1418 1982 1457 cen-

409 1509 522 1554 tum
569 1498 776 1564 diebus,
810 1497 907 1554 sed
938 1509 1232 1568 perpetuo:
1263 1495 1403 1568 quod
1447 1496 1658 1566 quidem
1708 1510 1810 1549 non
1853 1496 1990 1549 inest

406 1591 748 1655 hominibus;
779 1591 874 1646 sed
914 1591 1094 1644 multa:
1133 1598 1256 1644 sunt
1299 1590 1634 1650 mutationes,
1682 1587 1988 1658 frequentes

407 1697 588 1749 casus,
615 1693 671 1738 et
707 1682 972 1737 continuae
998 1680 1386 1736 vicissitudines
1418 1701 1430 1736 :
1460 1681 1549 1750 qui
1577 1680 1732 1734 hodie
1760 1679 1984 1745 amicus,

404 1787 524 1826 cras
544 1771 790 1828 inimicus
806 1781 889 1828 est
910 1788 926 1829 :
953 1771 1042 1842 qui
1061 1771 1217 1827 hodie
1237 1770 1341 1825 fert
1359 1785 1536 1840 opem,
1557 1785 1675 1824 cras
1698 1779 1748 1824 te
1767 1769 1986 1824 deserit.

405 1863 562 1932 Sapo
585 1866 762 1918 autem
800 1877 908 1918 non
935 1861 1107 1917 solum
1133 1861 1351 1928 deserit,
1391 1861 1488 1916 sed
1519 1861 1677 1915 etiam
1695 1870 1984 1930 oppugnat,

403 1961 458 2008 ct
483 1953 760 2008 insidiatur
785 1953 972 2022 quovis
999 1953 1152 2008 hoste
1176 1953 1386 2022 gravius
1417 1970 1430 2006 :
1461 1951 1552 2006 sed
1581 1967 1699 2020 quae
1724 1951 1817 2005 Dei
1843 1959 1985 2018 sunt,

405 2050 622 2098 manent
662 2041 970 2106 immobilia,
1026 2050 1302 2112 perpetua,
1344 2041 1683 2105 immortalia,
1736 2039 1943 2096 stabilia
1968 2082 1984 2108 ,

405 2134 510 2188 ﬁne
533 2133 787 2189 carentia.
823 2133 888 2188 Ut
915 2149 976 2189 ea
1005 2149 1132 2204 ergo
1157 2148 1522 2203 assequamur,
1552 2142 1732 2187 nostra
1777 2147 1989 2202 quoque

401 2223 702 2288 atl'eramus,
750 2232 807 2279 ut
852 2240 1039 2295 magna
1093 2225 1376 2280 securitate
1425 2224 1681 2291 fruamur,
1735 2231 1791 2278 et
1849 2223 1985 2278 bona

399 2313 578 2369 futura
625 2313 981 2386 adipiscamur
1017 2316 1070 2371 in
1097 2315 1308 2371 Christo
1331 2315 1455 2370 Jcsu
1512 2316 1735 2370 Domino
1763 2322 1947 2370 nostro
1967 2353 1984 2380 ,

404 2405 486 2459 cui
528 2405 694 2475 gloria
716 2405 768 2459 in
805 2406 997 2460 sarcula
1020 2407 1354 2462 smculorum.
1387 2408 1578 2460 Amen.

879 2556 944 2609 IN
973 2555 1192 2612 PSAth
1203 2556 1296 2612 UM
1325 2555 1512 2612 CXXI.

402 2688 455 2741 i.
492 2687 711 2742 Lanatus
761 2705 871 2742 sum
899 2690 952 2741 in
982 2689 1078 2752 iis,
1107 2690 1196 2760 qui
1232 2689 1466 2743 dixerunt
1488 2689 1611 2743 milii
1634 2730 1652 2756 ,
1688 2690 1742 2743 in
1777 2690 1984 2744 domum

977 2777 1187 2833 Domini
1229 2779 1432 2834 ibimus.

472 2935 522 2986 t.
549 2935 618 2988 At
665 2949 804 2990 nunc
848 2935 998 2989 multi
1030 2935 1250 2989 verbum
1276 2950 1418 3006 aegre
1455 2934 1668 2992 ferunt:
1700 2945 1754 2992 et
1791 2939 1836 2992 si
1869 2937 1986 3007 quis

402 3027 468 3081 ad
496 3028 697 3084 circum
716 3066 736 3094 ,
765 3029 849 3084 vel
873 3027 942 3084 ad
969 3027 1173 3084 theatra
1200 3027 1490 3098 iniquitatis
1509 3030 1804 3085 ascendens
1824 3045 1983 3085 voca-

404 3119 573 3182 verit,
599 3119 746 3172 multi
773 3127 1096 3172 concurrunt
1122 3135 1134 3170 :
1162 3118 1258 3172 sed
1283 3119 1326 3172 εἰ
1355 3118 1421 3172 ad
1445 3118 1662 3174 domum
1688 3121 1944 3174 orationis
1964 3159 1981 3184 ,

399 3208 548 3276 pauci
571 3216 730 3277 sunt,
772 3208 863 3278 qui
888 3223 993 3262 non
1044 3216 1377 3263 cunctentur.
1406 3209 1476 3263 At
1500 3224 1604 3263 non
1650 3210 1729 3265 sic
1769 3209 1934 3264 Judzei
1966 3231 1982 3262 :

399 3313 505 3366 quo
533 3298 656 3368 quid
689 3298 854 3368 possit
883 3311 1002 3354 esse
1028 3298 1244 3368 gravius
1266 3339 1281 3362 ,
1311 3299 1524 3367 quando
1552 3300 1656 3354 illis
1706 3300 1980 3370 negligen-

399 3389 564 3443 tiores
591 3397 882 3444 cernuntur
905 3387 1230 3442 Christiani?
1271 3387 1542 3443 Undenam
1573 3398 1750 3443 autem
1783 3389 1977 3443 factum

397 3487 475 3532 cst
494 3519 508 3542 ,
539 3487 596 3532 ut
621 3478 654 3530 ii
677 3487 856 3534 essent
877 3478 1045 3533 tales?
1070 3479 1272 3533 Rursus
1295 3479 1414 3532 dico
1439 3496 1451 3531 :
1475 3495 1505 3532 a
1527 3480 1832 3549 captivitate
1859 3478 1980 3532 facti

398 3576 523 3620 sunt
548 3567 818 3623 meliores.
851 3567 986 3622 Hinc
1013 3567 1048 3622 ii
1079 3568 1167 3638 qui
1191 3575 1346 3622 antea
1379 3570 1703 3622 nauseabant
1725 3611 1738 3635 ,
1763 3578 1818 3623 et
1843 3578 1978 3623 tem-

401 3657 546 3727 plum
577 3657 790 3726 quidem
811 3699 829 3724 ,
856 3658 1262 3726 divinorumque
1291 3657 1622 3728 eloquiorum
1655 3659 1976 3713 auditionem

399 3749 764 3814 dimittebant,
791 3749 996 3820 seipsos
1021 3760 1194 3804 autem
1217 3751 1484 3804 montibus
1503 3791 1517 3817 ,
1541 3743 1762 3805 saltibus
1784 3791 1798 3816 ,
1823 3751 1976 3806 colli-

401 3841 533 3905 bus,
564 3851 616 3896 et
646 3840 885 3912 plurimae
916 3841 1170 3912 impietati
1218 3839 1514 3906 dede-bant,
1546 3843 1614 3894 ab
1644 3842 1782 3897 illius
1805 3843 1976 3898 cultus

399 3931 665 4010 desiderio
689 3939 992 3999 cessarunt,
1024 3938 1080 3986 et
1106 3931 1171 3986 ad
1199 3931 1334 3986 hanc
1365 3932 1766 4002 promissionem
1797 3933 1979 3988 incen-

399 4024 633 4089 duntur,
664 4025 978 4093 eriguntur,
1008 4024 1344 4088 consistunt,
1391 4032 1445 4078 et
1489 4025 1666 4078 animo
1713 4025 1974 4080 laetantur.

397 4115 656 4182 Quoniam
691 4115 832 4170 enim
853 4113 994 4171 fame
1022 4123 1077 4171 et
1118 4115 1205 4170 siti
1243 4116 1612 4171 laboraverant
1637 4159 1650 4179 ,
1691 4132 1794 4170 non
1839 4115 1979 4172 fame

399 4208 577 4278 panis,
603 4217 656 4262 et
675 4208 760 4262 siti
782 4223 932 4278 aqua:
952 4250 967 4274 ,
989 4207 1080 4263 sed
1102 4207 1349 4264 audiendi
1375 4209 1522 4263 verbi
1547 4209 1747 4264 Domini
1773 4212 1975 4280 (Amos.

397 4301 452 4356 8.
475 4302 534 4356 11
557 4300 576 4372 )
602 4319 614 4354 :
648 4300 750 4354 hoc
776 4301 1036 4370 supplicio
1055 4300 1327 4370 castigati,
1351 4315 1470 4354 cum
1499 4300 1687 4368 majori
1713 4301 1978 4356 desiderio

398 4406 460 4447 ea
490 4392 766 4462 requirunt
791 4405 822 4444 a
841 4391 1031 4460 quibus
1057 4390 1383 4446 exciderant.
1411 4390 1481 4443 lta
1504 4391 1660 4445 etiam
1691 4392 1771 4446 vel
1804 4393 1975 4462 ipsum

397 4482 568 4536 solum
613 4481 1103 4550 amplectebantur,
1151 4479 1424 4545 dicentes,
1471 4479 1783 4534 Placuerunt
1825 4482 1979 4536 servis

398 4573 496 4626 tuis
517 4570 710 4637 lapides
734 4571 843 4641 ejus
865 4611 879 4636 ,
904 4579 949 4624 et
977 4578 1122 4623 terra:
1135 4570 1247 4640 ejus
1271 4568 1632 4623 miserebantur
1654 4569 1824 4638 (Psal.
1853 4572 1974 4626 101.

399 4661 468 4717 15
493 4660 513 4734 )
547 4679 562 4729 ;
590 4672 645 4717 et
683 4676 868 4717 rursus
891 4703 905 4726 ,
941 4659 1156 4728 Quando
1185 4661 1380 4714 veniam
1402 4667 1450 4712 et
1475 4660 1726 4730 apparebo
1754 4671 1870 4715 ante
1893 4663 1976 4732 [a-

399 4753 526 4806 ciem
548 4751 644 4806 Dei
665 4752 685 4820 (
703 4751 845 4805 Psat.
874 4752 961 4806 Η.
987 4751 1041 4807 5.
1069 4759 1116 4804 et
1141 4752 1193 4804 7.
1215 4760 1264 4804 et
1288 4749 1421 4820 5.)?
1447 4759 1500 4804 et
1529 4764 1714 4805 rursus
1738 4791 1752 4815 ,
1787 4749 1977 4805 Recor-

399 4844 558 4898 dabar
580 4844 654 4898 tui
678 4844 739 4896 de
760 4853 892 4898 terra
912 4842 1155 4897 Iordanis
1174 4850 1220 4895 et
1248 4840 1562 4896 Hermoniim
1583 4859 1615 4895 a
1637 4852 1800 4896 monte
1819 4845 1980 4897 modi-

399 4949 494 4999 co;
517 4944 571 4990 et
590 4947 777 4989 rursus
798 4975 813 5000 ,
838 4932 965 4988 ch
987 4933 1190 4987 memini
1210 4973 1225 4999 ,
1248 4941 1293 4987 et
1315 4931 1470 4999 effudi
1490 4949 1641 5004 super
1659 4950 1736 4988 me
1760 4935 1980 4989 animant

399 5042 582 5081 meam.
614 5025 875 5094 Quidnam
906 5032 1082 5080 autem
1102 5066 1117 5090 ,
1146 5023 1232 5080 dic
1275 5023 1439 5091 mihi,
1483 5024 1807 5080 meministi?
1837 5025 1979 5090 Quo-

397 5117 535 5170 niam
560 5116 782 5170 transibo
803 5115 856 5168 in
881 5115 1049 5171 locum
1077 5115 1385 5170 tabernaculi
1404 5115 1716 5170 admirabilis
1735 5131 1890 5186 usque
1913 5117 1982 5170 ad

398 5209 605 5264 domum
628 5208 722 5264 Dei
747 5207 766 5281 (
788 5207 934 5264 Psal.
962 5209 1052 5264 41.
1085 5208 1175 5280 5).
1205 5209 1317 5264 Hoc
1343 5218 1456 5274 est,
1481 5207 1615 5276 Quia
1651 5210 1886 5264 transibo
1913 5210 1980 5265 ad

397 5299 621 5357 choreas
645 5315 709 5356 ac
729 5315 947 5371 magnos
966 5307 1258 5355 conventus
1281 5339 1300 5366 ,
1329 5306 1383 5354 et
1409 5299 1554 5354 illum
1587 5298 1678 5354 Dei
1701 5299 1897 5354 cultum
1919 5313 1981 5354 ac

397 5392 748 5449 ceremonias.
770 5392 825 5446 2.
852 5391 1060 5448 Stantes
1087 5399 1228 5445 erant
1254 5389 1406 5462 pedes
1431 5390 1588 5444 nostri
1611 5390 1665 5444 in
1686 5390 1830 5443 atriis
1859 5389 1977 5454 tuis,

395 5483 699 5540 Jerusalem.
713 5484 877 5550 Alius,
899 5483 1123 5539 luctatus
1139 5499 1255 5539 sum
1271 5498 1382 5536 cum
1399 5481 1621 5536 dicerent
1637 5481 1786 5549 mihi,
1804 5480 1871 5535 In
1892 5480 1985 5535 do.-

399 5592 537 5630 κεκτη
565 5575 772 5630 Domini
801 5577 1041 5630 venimus.
1075 5575 1334 5634 Steterunt
1370 5573 1520 5644 pedes
1547 5575 1705 5628 nostri
1741 5575 1796 5629 in
1840 5573 1990 5627 atriis

401 5669 534 5735 tuis,
563 5667 868 5722 Jerusalem.
899 5666 1089 5722 Vidisti
1125 5666 1388 5735 insignem
1414 5664 1775 5736 voluptatem?
1798 5664 1989 5721 Perin-t

469 5779 542 5842 (tt)
574 5777 722 5839 Cujus
745 5779 806 5828 sit
829 5777 934 5828 hac
955 5777 1294 5840 interpretatio
1316 5778 1552 5826 uescitur.

1088 377 1143 431 S.
1182 374 1458 432 .IOANNIS
1487 369 1956 430 CHRYSOSTOMI
1995 367 2312 426 ARCHIEP.
2353 369 2881 431 CONSTANTINOP.

3582 379 3697 437 διε

2100 485 2168 540 de
2192 501 2255 540 ac
2280 488 2324 542 si
2347 489 2504 546 rebus
2525 491 2651 561 ipsis
2675 492 2976 549 fruerentur
2995 536 3009 560 ,
3034 497 3114 552 vel
3135 497 3198 551 ad
3225 498 3336 566 ipsa
3359 497 3520 553 verba
3548 515 3690 568 gau-

2097 579 2326 646 dehant,
2373 595 2564 653 magno
2589 583 2854 640 desiderio
2889 587 3267 656 amplectentes
3295 591 3555 643 orationis
3583 591 3690 644 du-

2099 689 2242 729 mum
2269 685 2323 730 et
2350 677 2635 733 civitatem.

2168 764 2394 820 Privatio
2423 768 2667 822 bonorum
2708 785 2907 824 sensum
2942 785 3115 825 eorum
3164 772 3320 841 efﬁcit
3362 789 3510 842 quem
3559 790 3690 828 usus

2098 860 2290 930 fructus
2329 876 2428 914 non
2454 861 2707 930 efﬁciebat.
2739 891 2813 902 —
2842 862 2914 915 Ita
2941 863 3080 916 Deus
3107 877 3322 932 semper
3349 863 3522 919 facere
3551 881 3684 920 con.

2095 951 2286 1004 suevit.
2329 950 2552 1017 Quando
2597 952 2738 1006 enim
2770 952 2908 1007 bona
2951 952 3207 1008 habentes
3245 969 3350 1007 non
3380 955 3682 1020 sentimus,

2095 1042 2237 1110 ejicit
2279 1059 2341 1096 ea
2369 1058 2400 1098 e
2430 1044 2623 1098 nostris
2657 1045 2930 1110 manibus,
2963 1053 3020 1098 ut
3062 1044 3115 1098 id
3143 1047 3284 1115 quod
3325 1044 3539 1101 efﬁcere
3568 1061 3678 1101 non

2097 1134 2266 1201 potuit
2285 1149 2412 1188 usus
2434 1134 2662 1207 fructus,
2691 1136 2885 1190 efficiat
2908 1135 3170 1206 privatio:
3199 1135 3340 1205 quod
3366 1137 3494 1206 ipsis
3515 1138 3680 1192 etiam

2095 1226 2273 1278 evenit
2323 1225 2765 1294 amplectantihus
2813 1225 3114 1291 civitatem,
3168 1234 3328 1296 atque
3379 1227 3631 1296 templum
3660 1268 3675 1290 ,

2093 1317 2232 1384 quod
2280 1319 2498 1387 patriam
2530 1319 2858 1386 recepissent
2889 1333 3106 1387 magnas
3148 1319 3346 1388 gratias
3372 1320 3673 1390 agentibus.

2094 1410 2147 1464 5.
2176 1407 2460 1464 Jerusalem
2488 1425 2601 1480 qua
2627 1409 2912 1478 tedi/icatur
2939 1419 2994 1462 ut
3020 1409 3215 1464 civitas.
3258 1409 3439 1476 Alius,
3473 1409 3677 1480 didi/i-

2093 1511 2258 1553 catam
2288 1511 2340 1554 ut
2366 1501 2634 1554 civitatem.
2666 1499 2762 1554 Vel
2792 1514 2920 1569 ergo
2945 1515 3010 1554 ex
3039 1499 3382 1570 Septuaginta
3411 1503 3676 1556 sententia

2096 1589 2195 1643 hoc
2223 1589 2321 1642 sibi
2349 1590 2494 1655 vult,
2518 1589 2888 1644 Aidiﬁcabitur
2910 1588 3204 1644 Jerusalem
3234 1597 3294 1643 ut
3319 1589 3506 1644 civitas
3524 1629 3540 1655 ,
3566 1607 3679 1660 quo

2093 1682 2418 1752 signiﬁcatur
2439 1693 2646 1752 tempus
2663 1682 2808 1752 quod
2833 1682 3104 1751 praecessit
3120 1682 3521 1738 tediﬁcationem
3546 1699 3560 1746 ;
3589 1683 3680 1738 vel

2093 1782 2149 1826 ιιι
2181 1773 2292 1826 vult
2317 1772 2454 1826 alius
2479 1775 2777 1842 interpres:
2810 1773 3128 1843 Recepimus
3152 1773 3446 1829 Jerusalem
3467 1813 3483 1839 ,
3514 1772 3678 1827 Edi-

2092 1864 2294 1932 [icatam
2320 1875 2372 1916 ut
2401 1864 2648 1917 civitate»:
2669 1905 2684 1930 ,
2711 1881 2830 1935 qua!
2854 1864 3152 1935 signiﬁcant
3170 1881 3231 1920 ea
3262 1881 3381 1936 qua:
3407 1876 3524 1936 post
3545 1882 3679 1936 cap-

2092 1954 2348 2009 tivitatem
2371 1955 2696 2010 acciderunt.
2729 1955 2860 2022 Quia
2885 1955 3026 2011 enim
3048 1965 3173 2010 tunc
3195 1965 3310 2010 erat
3330 1957 3550 2009 maxima
3582 1971 3676 2009 so-

2092 2045 2257 2101 litudo
2279 2045 2506 2101 civitatis
2523 2087 2537 2111 ,
2560 2056 2777 2117 eratque
2807 2056 2932 2102 tunc
2955 2062 3174 2113 eversa;
3200 2047 3388 2102 dirutis
3417 2049 3676 2113 turribus,

2091 2147 2146 2194 et
2181 2139 2416 2208 disjectis
2444 2138 2742 2206 moenibus,
2771 2148 2826 2195 et
2847 2140 3044 2194 veteris
3072 2139 3257 2210 patria:
3284 2139 3453 2194 solum
3483 2155 3674 2195 manc-

2090 2229 2219 2285 bant
2247 2230 2522 2300 reliquize:
2552 2245 2674 2286 cum
2699 2230 2898 2286 reversi
2927 2240 3106 2285 essent
3127 2238 3181 2285 et
3203 2228 3452 2284 vidissent
3483 2229 3669 2285 solitu-

2089 2320 2266 2375 dinem
2289 2362 2305 2387 ,
2336 2321 2606 2392 antiquam
2638 2321 3040 2390 prosperitatem
3081 2329 3330 2375 revocant
3371 2320 3423 2375 in
3464 2335 3672 2376 memo-

2093 2414 2223 2468 riam
2248 2454 2264 2478 ,
2293 2423 2344 2468 et
2371 2413 2489 2484 ejus
2514 2422 2732 2468 narrant
2754 2412 3024 2478 encomia,
3053 2411 3344 2468 referentes
3361 2453 3378 2480 ,
3403 2411 3678 2482 quomodo

2090 2521 2151 2560 ea
2183 2507 2328 2574 prius
2355 2506 2496 2561 clara
2535 2514 2592 2562 et
2626 2505 2879 2572 illustris,
2923 2520 3040 2576 qua:
3081 2503 3310 2559 habebat
3348 2505 3630 2560 ecclesiam
3653 2545 3670 2569 ,

2091 2599 2354 2670 principes
2373 2640 2389 2664 ,
2411 2613 2586 2668 reges,
2609 2607 2663 2653 et
2693 2597 2986 2668 pontiﬁces,
3007 2604 3224 2666 eratque
3245 2595 3596 2665 pulcherrima
3616 2604 3674 2650 et

2092 2691 2248 2761 longe
2271 2690 2610 2746 ornatissima
2635 2732 2651 2756 ,
2681 2689 2748 2744 ad
2778 2698 2886 2743 tam
2914 2697 3119 2758 turpem
3148 2695 3204 2743 et
3229 2687 3520 2742 deformem
3548 2700 3673 2754 spe-

2089 2783 2224 2837 ciem
2251 2781 2464 2838 redacta
2493 2783 2580 2836 sit.
2611 2781 2764 2849 Quod
2790 2788 2964 2836 autem
2997 2781 3066 2835 ita
3106 2781 3214 2844 sit,
3257 2778 3377 2832 audi
3420 2793 3539 2847 quze
3579 2793 3670 2831 sc-

2089 2883 2320 2944 quuntur
2357 2891 2372 2927 :
2411 2871 2696 2926 Jerusalem
2728 2887 2841 2940 qua:
2877 2869 3158 2939 wdiﬁcatur
3180 2876 3239 2922 ut
3284 2868 3476 2921 civitas.
3519 2867 3671 2922 Tunc

2089 2966 2230 3022 enim
2263 2965 2496 3020 nondum
2526 2971 2642 3018 erat
2661 2963 2864 3018 civitas.
2883 2963 3093 3020 Clarum
3117 2969 3199 3015 est
3215 2967 3391 3013 autem
3407 2959 3565 3014 etiam
3593 2974 3661 3012 ex

2089 3073 2154 3112 eo
2183 3055 2324 3126 quod
2357 3054 2658 3124 subjungit:
2681 3051 2836 3123 Cujus
2871 3051 3188 3123 participatio
3220 3049 3668 3120 ejus’inidipsum.

2092 3148 2221 3202 Dicit
2253 3147 2394 3202 enim
2423 3147 2540 3215 ejus
2557 3143 2850 3214 frequentia
2876 3150 2930 3197 et
2959 3150 3068 3195 tuta
3088 3139 3327 3203 aediﬁcia,
3351 3137 3584 3210 nihilque
3614 3140 3670 3193 in

2087 3254 2148 3293 ea
2168 3237 2333 3293 fuisse
2357 3236 2648 3301 desertum,
2668 3232 2762 3290 sed
2789 3233 2931 3288 omni
2949 3247 3013 3286 ex
3030 3238 3177 3300 parte
3195 3229 3432 3291 densam.
3461 3229 3668 3296 perfec-

2088 3339 2193 3384 tam
2223 3337 2278 3384 et
2320 3327 2632 3398 populosam
2677 3324 2835 3379 fuisse
2876 3332 3002 3377 ante
3031 3320 3412 3390 captivitatem.
3438 3318 3509 3372 Et
3547 3317 3669 3372 ideo

2085 3421 2296 3492 quidam
2327 3422 2590 3488 interpres
2617 3418 2690 3488 (a)
2725 3415 2887 3484 dicit,
2918 3414 3021 3470 hoc
3061 3412 3396 3484 signiﬁcans,
3436 3408 3667 3481 Conjun-

2087 3515 2301 3568 ctionem
2329 3511 2534 3566 habens.
2568 3509 2770 3565 Deinde
2810 3517 2928 3578 post
2948 3506 3096 3572 illud,
3129 3505 3270 3560 aliud
3295 3519 3507 3576 quoque
3536 3502 3662 3558 dicit

2085 3606 2200 3674 ejus
2211 3604 2530 3659 encomium.
2544 3603 2598 3656 4.
2623 3599 2758 3656 Illuc
2785 3601 2919 3654 enim
2939 3597 3270 3653 ascenderunt
3292 3596 3468 3665 tribus,
3490 3596 3647 3650 tribus

2087 3695 2316 3761 Domini,
2363 3693 2699 3748 testimonium
2757 3690 2921 3746 Israel
2973 3690 3040 3745 ad
3084 3689 3427 3759 conﬁtendum
3474 3689 3666 3742 nomini

2085 3786 2312 3842 Domini.
2333 3786 2447 3842 Hoc
2465 3787 2606 3841 enim
2630 3785 2857 3840 maxime
2877 3783 3163 3839 ornabatur
3185 3783 3404 3847 civitas;
3428 3796 3530 3836 non
3554 3791 3662 3834 tam

2088 3887 2303 3949 pr0pter
2326 3876 2744 3948 magnitudinem
2766 3885 2821 3930 et
2843 3874 3064 3930 aediﬁcia
3083 3914 3100 3940 ,
3126 3888 3284 3943 quam
3308 3872 3448 3943 quod
3475 3886 3666 3928 omnes

2085 3971 2192 4028 illic
2210 3969 2682 4042 congregabantur,
2705 3983 2802 4023 ceu
2827 3976 3043 4023 senatus
3069 3967 3352 4023 haberetur
3369 4007 3384 4032 ,
3409 3981 3504 4021 seu
3529 3981 3664 4020 con-

2083 4063 2194 4126 cio,
2247 4077 2342 4118 seu
2382 4059 2451 4116 de
2478 4075 2539 4115 re
2563 4060 2736 4130 aliqua
2775 4054 3176 4114 deliberaretur.
3220 4056 3480 4123 Quoniam
3521 4057 3665 4112 enim

2084 4155 2192 4212 illic
2218 4162 2336 4210 erat
2363 4152 2614 4224 templum
2636 4193 2652 4217 ,
2674 4159 2730 4207 et
2767 4164 2954 4206 omnes
2983 4150 3092 4205 illic
3119 4148 3503 4220 peragebantur
3532 4149 3666 4202 ritus

2082 4261 2148 4302 ac
2172 4246 2524 4308 ceremonite;
2557 4242 2664 4297 illic
2687 4249 2841 4296 erant
2868 4239 3171 4296 sacerdotes
3189 4279 3204 4306 ,
3232 4247 3286 4293 et
3314 4237 3514 4292 Levita:
3533 4279 3547 4302 ,
3579 4253 3669 4293 re-

2083 4338 2167 4408 gia
2190 4377 2206 4404 ,
2234 4335 2422 4408 adyta,
2454 4333 2748 4399 vestibula,
2777 4329 3033 4387 sacriﬁcia
3052 4371 3066 4394 ,
3095 4341 3148 4385 et
3175 4329 3342 4384 altare
3364 4369 3380 4393 ,
3413 4327 3543 4383 festa
3570 4343 3665 4384 ce-

2085 4423 2372 4496 lebresque
2391 4435 2682 4482 conventus
2705 4463 2720 4489 ,
2751 4437 2934 4493 preces
2964 4432 3017 4478 et
3035 4423 3317 4477 conciones
3336 4462 3351 4488 ,
3383 4431 3457 4486 et,
3491 4428 3548 4473 ut
3573 4434 3664 4475 se-

2086 4518 2190 4574 mel
2218 4518 2424 4581 dicam,
2471 4515 2580 4570 illic
2617 4513 2940 4570 consistebat
2987 4522 3093 4567 tota
3137 4512 3306 4567 forma
3336 4511 3664 4581 reipubiicm;

2084 4609 2363 4681 oportebat
2408 4607 2519 4663 illic
2547 4605 2712 4661 tribus
2742 4605 2972 4658 maxime
2999 4612 3079 4658 ter
3106 4603 3159 4656 in
3187 4617 3328 4656 anno
3366 4599 3577 4669 colligi,
3611 4600 3663 4654 in

2085 4701 2234 4756 festis
2278 4698 2504 4770 publicis
2541 4705 2596 4752 et
2632 4693 2989 4760 solemnibus,
3040 4693 3092 4747 in
3123 4691 3382 4748 Paschate
3404 4733 3420 4758 ,
3467 4691 3663 4744 Pente-

2083 4801 2231 4848 coste
2272 4801 2328 4848 et
2354 4789 2678 4860 Scenopegia
2699 4828 2714 4852 ,
2743 4802 2840 4843 ceu
2871 4786 3007 4842 festo
3053 4785 3534 4840 tabernaculorum.
3562 4781 3663 4836 Ne-

2084 4903 2191 4956 que
2210 4886 2353 4943 enim
2381 4883 2570 4940 licebat
2593 4880 2741 4936 alibi.
2770 4879 2851 4935 Ad
2875 4880 2992 4951 ejus
3016 4893 3143 4949 ergo
3168 4877 3471 4934 encomium
3495 4875 3624 4930 dicit
3648 4892 3662 4927 :

2085 4981 2221 5036 Illuc
2249 4981 2381 5036 enim
2409 4975 2739 5032 ascenderunt
2783 4973 2960 5028 tribus.
2985 4971 3052 5026 Et
3071 4971 3205 5025 alius
3223 5011 3238 5034 ,
3269 4968 3404 5024 Illuc
3428 4967 3665 5022 ascende-

2085 5083 2205 5130 runt
2245 5080 2458 5142 sceptra.
2499 5068 2615 5124 Non
2643 5067 2778 5123 dixit
2805 5074 2980 5120 autem
3028 5061 3396 5129 solummodo,
3445 5059 3666 5126 Tribus,

2087 5169 2180 5224 sed
2201 5208 2216 5233 ,
2243 5165 2423 5220 Tribus
2447 5160 2674 5215 Domini.
2697 5159 2895 5214 Omnes
2919 5156 3090 5212 tribus
3116 5164 3267 5211 erant
3294 5153 3538 5218 Domini,
3566 5168 3667 5208 nec

2089 5270 2266 5315 tamen
2293 5258 2371 5312 eis
2414 5253 2534 5309 ideo
2562 5251 2754 5307 licebat
2781 5250 2895 5305 hinc
2924 5249 2978 5304 in
3023 5263 3119 5304 sua
3161 5247 3331 5318 patria
3379 5254 3666 5316 peragere,

2087 5352 2181 5408 sed
2208 5365 2275 5406 eo
2318 5349 2522 5404 honore
2557 5345 2744 5400 affecta
2788 5353 2903 5399 erat
2940 5338 3281 5410 metropolis,
3323 5353 3444 5411 qua:
3479 5351 3668 5392 omnes

2087 5441 2309 5511 cogebat
2331 5447 2385 5496 et
2409 5435 2706 5493 attrahebat
2730 5433 2796 5490 ad
2821 5433 3072 5504 seipsam.

2157 5533 2213 5588 2.
2252 5532 2354 5589 Cur
2379 5529 2708 5600 Jerosolymis
2728 5527 2889 5584 solum
2917 5524 3222 5594 sacriﬁcare,
3250 5537 3416 5589 orare,
3447 5531 3574 5585 etc.,
3601 5523 3636 5576 ii
3655 5551 3669 5562 -

2161 5779 2232 5838 (a)
2258 5778 2604 5840 Symmachus.
