4134 6210
451 393 547 450 531

448 505 603 564 terius
625 503 710 560 tibi
736 507 991 575 contingat
1021 503 1200 573 (Joan.
1235 508 1290 562 5.
1323 506 1428 578 Η).
1465 507 1749 576 Propterea
1779 510 1920 562 enim
1953 510 2028 563 sic

450 599 602 663 dixit,
625 607 679 652 et
699 598 867 652 bonos
886 598 1086 652 docens
1114 606 1171 652 ut
1191 598 1441 654 virtutem
1472 613 1661 654 secure
1687 609 2028 665 conservent,

447 697 502 742 et
528 686 619 759 qui
647 687 939 743 liberamur
962 703 990 740 a
1018 689 1264 757 peccatis,
1297 688 1349 743 in
1374 690 1572 758 optima
1603 689 1896 745 mutatione
1919 705 2032 744 nta-

449 787 644 845 neant,
682 789 741 835 ut
769 795 960 836 omnes
996 782 1350 836 communiter
1389 780 1525 835 bona
1565 783 1798 838 caelestia
1835 798 2030 838 conse-

447 877 679 939 quantur
707 886 720 922 :
749 871 942 944 quibus
969 868 1126 924 detur
1151 869 1306 924 nobis
1331 869 1581 926 omnibus
1609 870 1750 936 frui,
1779 873 1948 943 gratia
1976 882 2030 928 et

450 961 774 1032 benignitate
818 962 1023 1016 Domini
1053 961 1218 1017 nostri
1247 961 1374 1017 Jesu
1403 960 1632 1029 Christi,
1663 964 1747 1019 cui
1777 963 1943 1035 gloria
1974 973 2030 1020 et

450 1052 682 1121 potentia
707 1052 760 1107 in
781 1051 976 1107 saecula
1004 1051 1343 1107 saeculorum.
1370 1053 1559 1108 Amen.

897 1181 963 1236 IN
1000 1181 1321 1239 PSALMUM
1359 1183 1571 1240 CXXII.

483 1295 534 1348 l.
572 1293 652 1347 Ad
681 1304 728 1346 te
755 1294 912 1348 levavi
937 1294 1108 1348 oculos
1133 1311 1288 1360 meos,
1319 1313 1401 1365 qui
1430 1271 1623 1350 habitas
1651 1297 1704 1350 in
1733 1299 1858 1352 catlo
1883 1298 1986 1369 (a).

515 1403 677 1460 Vides
723 1405 917 1474 ubique
963 1404 1219 1473 effulgens
1253 1406 1573 1475 captivitatis
1618 1407 1846 1464 lucrum.
1891 1409 2026 1465 Nam

444 1495 532 1564 qui
558 1494 902 1550 stecularibus
938 1505 1092 1550 erant
1119 1495 1277 1551 rebus
1316 1496 1482 1560 afﬁxi,
1511 1507 1565 1552 et
1596 1501 1828 1571 Assyriis
1852 1500 2024 1572 Egy-

444 1585 672 1655 ptiisque
696 1584 952 1652 ﬁdebant,
987 1599 1195 1640 necnon
1222 1600 1496 1641 murorum
1524 1589 1744 1643 ambitui
1773 1601 1828 1644 et
1863 1605 2026 1660 pecu-

445 1677 652 1731 niarum
679 1677 878 1747 capia,
908 1677 976 1732 ab
1023 1676 1125 1730 illis
1163 1677 1410 1732 omnibus
1442 1692 1562 1733 sese
1604 1681 1910 1745 avellentes,
1954 1681 2026 1736 ad

445 1769 693 1824 invictam
721 1783 937 1823 manum
964 1768 1292 1840 confugiunt,
1315 1770 1492 1824 abilla
1519 1785 1616 1840 spe
1647 1772 1876 1842 pendent
1899 1789 1916 1838 ;
1937 1783 2026 1828 at-

442 1875 547 1929 que
574 1860 782 1915 excelsa
825 1859 1071 1915 instructi
1115 1870 1293 1916 mente
1321 1900 1336 1924 ,
1369 1875 1399 1914 a
1430 1863 1658 1916 terrenis
1695 1863 1894 1929 avulsi;
1925 1878 2026 1920 nec

443 1951 694 2022 templum
716 1967 814 2023 pro
851 1967 1003 2008 more
1030 1952 1178 2008 adire
1201 1952 1442 2009 valentes
1466 1995 1491 2019 ,t
1511 1954 1652 2024 quod
1693 1955 2020 2013 destructqu

440 2044 650 2112 fuerat,
687 2059 720 2099 a
745 2044 878 2100 caelo
914 2045 1079 2101 Deum
1122 2046 1335 2102 tandem
1365 2047 1630 2102 invocant.
1661 2049 1718 2104 In
1762 2051 1896 2107 ctelo
1921 2067 2020 2108 au-

442 2147 546 2190 tem
574 2134 816 2193 habitare
837 2137 1034 2192 dicitur
1060 2155 1076 2205 ;
1105 2153 1211 2194 non
1247 2139 1398 2210 quasi
1438 2139 1555 2194 loco
1588 2142 2026 2214 circumscriptus

437 2228 546 2294 sit,
573 2227 754 2283 absit:
788 2230 906 2298 ipse
935 2231 1134 2306 quippe
1171 2231 1350 2286 omnia
1396 2231 1616 2301 implet;
1645 2234 1738 2289 sed
1773 2237 1924 2305 quasi
1964 2237 2027 2293 in

437 2317 744 2373 ctelestibus
769 2318 872 2374 illis
895 2321 1504 2391 potestatibusquiescat
1533 2331 1590 2377 et
1617 2331 1866 2392 maneat‘;
1895 2342 2024 2383 nam

437 2411 634 2467 dicitur
657 2413 816 2467 etiam
841 2413 894 2467 in
925 2413 1229 2471 hominibus
1248 2413 1488 2470 habitare
1511 2433 1526 2469 :
1553 2415 1857 2472 Inlaebitabo
1885 2421 2026 2474 enim

435 2503 489 2558 in
531 2504 655 2572 illis,
681 2513 730 2559 et
766 2505 1087 2560 inambulabo
1113 2507 1190 2578 (2.
1215 2505 1333 2563 Cor.
1367 2508 1419 2563 6.
1452 2507 1562 2578 t6).
1593 2509 1725 2565 Cum
1762 2511 1919 2580 igitur
1961 2513 2026 2568 in

436 2595 1020 2667 barbarorum-regione
1044 2598 1335 2669 degerent,
1361 2615 1468 2654 non
1493 2599 1745 2656 mediocri
1776 2602 2018 2662 doctrina

434 2685 621 2741 imbuti
646 2697 799 2753 sunt;
830 2703 898 2744 eo
927 2689 1069 2760 qttod
1096 2691 1304 2747 scilicet
1326 2707 1356 2744 a
1378 2693 1500 2746 vitte
1521 2694 1814 2749 commodis
1839 2697 2015 2751 omni-

434 2777 534 2831 bus
560 2781 878 2846 sequestrati
901 2788 1083 2836 essent
1101 2819 1116 2848 ,
1146 2781 1521 2853 discerentquc
1540 2825 1557 2850 ,
1589 2783 1780 2854 ubique
1813 2787 1975 2842 Deum
1996 2831 2012 2856 ,

430 2869 474 2922 si
505 2868 780 2926 invocetur
802 2913 815 2936 ,
849 2871 1001 2928 facile
1030 2874 1273 2943 precibus
1309 2889 1566 2930 annuere.
1595 2875 1725 2944 Quia
1755 2879 1896 2932 enim
1935 2879 2018 2934 fu-

431 2969 603 3013 turqu
629 2970 762 3025 erat,
795 2971 850 3014 ut
891 2964 1013 3018 novi
1044 2963 1166 3017 vita;
1195 2963 1416 3018 inStituti
1461 2965 1638 3020 radius
1661 2968 1874 3021 demum
1908 2970 2014 3024 ori-

432 3059 615 3116 retur,
642 3050 827 3121 incipit
855 3053 1110 3123 propheta
1144 3070 1264 3125 qute
1311 3054 1485 3111 futura
1530 3066 1682 3113 erant
1727 3060 2010 3130 attingere,

429 3141 668 3197 locorum
693 3143 1115 3199 observationem
1146 3146 1343 3201 sensim
1381 3157 1432 3202 et
1479 3150 1627 3218 quasi
1662 3165 1755 3218 per
1785 3153 2021 3222 a‘nigma‘

431 3232 646 3289 solvens
673 3234 991 3305 tollensque.
1023 3235 1077 3289 2.
1125 3234 1259 3291 Ecce
1301 3239 1432 3292 sicut
1480 3239 1616 3294 oculi
1663 3257 1918 3297 servorum
1956 3245 2020 3298 in-

430 3324 662 3378 manibus
685 3325 1002 3379 doininorunt
1026 3341 1268 3390 suorum;
1291 3328 1420 3382 sicut
1445 3332 1578 3384 oculi
1601 3333 1803 3386 ancilla:
1828 3334 1880 3387 in
1909 3351 2014 3388 ma-

427 3415 572 3470 nibus
594 3415 812 3470 dominte
837 3433 943 3472 sua
965 3431 992 3471 :‘
1011 3419 1084 3472 ita
1107 3418 1241 3473 oculi
1275 3421 1433 3474 nostri
1459 3421 1527 3474 ad
1553 3421 1822 3477 Dominum
1851 3423 2018 3480 Deum.

423 3514 670 3570 nostrum,
701 3505 857 3560 donec
885 3507 1179 3562 misereatur
1200 3511 1377 3565 nostri.
1407 3510 1503 3567 Hic
1541 3513 1700 3567 etiam
1733 3513 1852 3569 vide
1895 3517 2010 3586 pie-

422 3603 582 3649 tatem
611 3595 872 3664 vigentem
897 3608 950 3652 et
974 3597 1178 3652 firmam
1210 3616 1223 3652 :
1258 3614 1361 3653 non
1388 3601 1529 3654 enim
1551 3602 1618 3655 ad
1647 3602 1808 3658 breve
1834 3606 2006 3661 solum

423 3697 636 3756 tempus
673 3698 906 3758 sperant,
940 3691 1034 3745 sed
1061 3690 1262 3746 diutius
1289 3690 1435 3747 affixi
1461 3700 1516 3748 et
1549 3693 1878 3751 anhelantes.
1917 3697 2005 3752 ld-

419 3793 595 3846 eoque
619 3779 919 3849 exemplum
961 3781 1016 3836 in
1062 3782 1293 3836 medium
1333 3783 1789 3850 attulerunt,'hoe
1832 3787 2006 3856 ipsum

416 3869 836 3938 subiudteantes,
879 3887 985 3927 non
1026 3873 1240 3929 aliunde
1281 3874 1382 3929 sibi
1430 3891 1578 3945 spem
1606 3877 1794 3932 adesse
1822 3879 2005 3934 auxilii

416 3969 471 4014 et
508 3962 899 4031 suppetiarum,
930 3977 1096 4034 seque
1135 3952 1265 4018 nihil
1293 3965 1434 4020 aliud
1459 3977 1735 4036 spectare:
1767 3969 2005 4038 quando-

413 4050 632 4121 quidem
680 4053 870 4107 ancilla
913 4063 968 4108 et
1010 4069 1198 4109 servus
1237 4054 1340 4110 hoc
1385 4072 1548 4111 unum
1594 4057 1792 4114 habent
1824 4060 2004 4116 subsi-

413 4143 560 4198 dium
581 4184 597 4210 ,
623 4159 730 4215 quo
769 4147 966 4202 victum
996 4157 1050 4202 et
1079 4149 1326 4202 vestitum
1355 4158 1655 4221 ceteraque
1703 4157 2002 4210 necessaria

411 4242 744 4303 comparent,
770 4243 828 4290 ut
851 4236 916 4290 ad
951 4235 1110 4291 heros
1147 4252 1283 4293 suos
1301 4239 1624 4308 respiciant;
1657 4258 1829 4314 neque
1847 4260 2000 4302 rece-

393 4327 571 4393 ‘dunt,
599 4327 696 4384 sed
732 4337 1043 4399 exspectant
1065 4329 1238 4385 donec
1263 4331 1588 4400 acceperint,
1615 4341 1670 4388 et
1696 4351 1820 4390 cum
1849 4352 2001 4393 receo

416 4418 624 4486 perint,
659 4421 856 4488 gratias
896 4419 1093 4474 habent
1122 4437 1137 4474 :
1165 4420 1398 4490 illudque
1443 4422 1615 4492 ipsum
1659 4425 1872 4481 assidue
1917 4426 1996 4483 fac

411 4507 576 4563 ciunt.
603 4508 677 4565 Ut
713 4509 814 4565 hoc
846 4509 1006 4580 igitur
1045 4510 1322 4577 ostendat,
1357 4512 1500 4581 ipsos
1538 4513 1742 4570 scilicet
1777 4515 1845 4571 ad
1874 4531 2004 4574 eum

412 4597 698 4667 respicere,
727 4599 886 4670 idque
920 4599 1134 4656 assidue
1175 4610 1460 4670 praestare,
1489 4602 1797 4674 nullamque
1837 4608 2006 4662 aliam.

411 4701 560 4756 spem
590 4687 821 4757 habere,
852 4691 947 4745 sed
985 4689 1143 4760 bujus
1169 4691 1402 4762 prmsidii
1439 4693 1826 4763 exspectationi
1859 4696 1999 4754 deli-

414 4789 510 4832 xos
535 4792 685 4844 esse,
715 4789 900 4851 utpote
923 4796 1150 4852 quorum
1179 4783 1355 4838 omnia
1396 4783 1535 4838 bona
1563 4785 1703 4840 illius
1729 4787 1869 4854 sint,
1898 4802 1996 4842 an-

406 4868 587 4923 cillam
613 4878 669 4924 et
696 4884 881 4926 servos
918 4873 1374 4930 commemoravit.
1405 4873 1538 4930 Vide
1579 4890 1685 4945 quo
1714 4889 1868 4945 pacto
1899 4877 1992 4944 illi,

405 4959 499 5029 qui
525 4959 670 5029 prius
699 4959 1058 5017 invitabantur
1085 4971 1143 5018 ut
1168 4963 1238 5018 ad
1261 4963 1422 5018 Deum
1449 4974 1728 5020 currerent
1750 5007 1764 5027 ,
1792 4976 1989 5024 etcum

406 5064 604 5107 nausea
625 5059 680 5106 et
702 5050 917 5106 fastidio
942 5051 1058 5108 bzec
1077 5053 1384 5122 audiebant,
1405 5054 1514 5125 jam
1545 5056 1848 5113 calamitate
1873 5074 1991 5114 me-

404 5143 570 5199 liores
615 5143 922 5211 evaserint;
952 5145 1021 5198 ita
1052 5155 1108 5198 ut
1136 5145 1202 5199 ab
1231 5145 1324 5200 illo
1358 5147 1617 5202 absistere
1661 5149 1860 5214 nolint,
1895 5150 1988 5205 sed

405 5243 690 5300 maneant,
737 5236 1008 5304 serviant,
1052 5237 1428 5308 postulentque
1463 5237 1636 5294 donec
1680 5240 1992 5296 misereatur

407 5326 664 5394 ipsorum.
694 5326 810 5381 Non
841 5327 994 5396 dixit,
1024 5329 1202 5384 Donec
1231 5329 1532 5384 mercedem
1576 5331 1797 5397 reddat,
1818 5333 1991 5390 donec

408 5419 682 5486 pramium
711 5419 990 5487 retribuat,
1020 5420 1136 5485 sed,
1165 5418 1340 5474 Donec
1365 5423 1674 5475 misereatur.
1701 5423 1780 5478 Tu
1812 5425 1987 5494 igitur,

463 5551 540 5661 δα)
571 5554 717 5616 Hujus
739 5553 907 5604 Psalmi
933 5556 1291 5618 expositionem
1313 5568 1410 5604 non
1433 5557 1697 5608 Gentianus
1719 5565 1985 5620 Hervetus,

532 5611 656 5661 alius
693 5623 836 5661 vetus
873 5615 1127 5661 Intermes
1159 5631 1222 5661 ex
1257 5624 1420 5661 Graeco
1453 5617 1642 5661 fecerat
1674 5633 1688 5661 ε
1723 5633 1894 5661 verum
1922 5629 1984 5661 ita

405 5611 494 5661 sed
524 5611 656 5678 alius
693 5623 836 5664 vetus
873 5611 1127 5678 lutet-pres
1159 5631 1223 5668 ex
1257 5624 1420 5667 Graeco
1453 5617 1642 5668 fecerat
1674 5633 1688 5669 :
1723 5633 1894 5670 verum
1922 5611 1984 5672 ita

1150 394 1206 446 S.
1248 393 1525 449 JOANNIS
1561 394 2034 452 CHRYSOSTOMI
2076 399 2392 457 AllClllEP.
2433 405 2968 466 CONSTANTINOP.

3613 423 3718 481 35"!

2137 531 2168 563 υ
2196 513 2374 579 homo,
2397 519 2610 575 assidue
2639 537 2914 590 permane,
2936 526 3054 579 sive
3075 528 3320 596 recipias,
3351 531 3464 587 sive
3492 550 3599 591 non
3631 555 3716 594 τοι

2133 606 2298 675 cipias
2322 627 2334 660 :
2363 610 2573 666 etiamsi
2609 628 2713 668 non
2749 615 3003 685 recipias,
3032 631 3101 673 ne
3129 620 3381 689 recedas,
3409 636 3463 679 et
3497 642 3716 696 prorsus

2133 698 2381 769 accipies.
2409 701 2540 758 Nam
2579 705 2625 760 si
2652 707 3112 777 principem-illum
3133 713 3399 772 crudelem
3429 720 3602 776 viduae
3629 739 3716 779 as-

2133 789 2356 845 siduitas
2385 792 2606 861 inllexit,
2637 813 2791 865 quam
2824 801 3028 856 veniam
3057 808 3358 875 assequeris
3385 817 3468 875 tu,
3489 813 3578 880 qui
3605 822 3712 870 tam

2132 880 2238 935 cito
2280 883 2486 948 resilis,
2517 894 2729 956 torpes,
2754 897 2808 944 et
2834 890 3016 948 delicis
3041 893 3060 964 (
3085 893 3214 948 Luc.
3246 897 3334 964 18)
3359 897 3382 950 ?
3404 899 3518 956 Non
3566 905 3716 962 vides

2131 975 2398 1041 quomodo
2425 979 2633 1034 ancillae
2661 996 2692 1033 a
2719 986 2976 1038 matronis
3003 986 3253 1054 pendent,
3283 989 3408 1046 dum
3439 1010 3537 1050 nee
3563 1013 3714 1054 meu-

2135 1069 2238 1117 tem
2265 1080 2365 1121 nec
2387 1068 2598 1123 oculum
2623 1071 2727 1126 alio
2749 1075 2926 1144 vagari
2949 1077 3171 1132 sinunt?
3197 1079 3288 1134 Sic
3313 1092 3366 1136 tu
3395 1084 3551 1140 facito
3581 1106 3596 1144 :
3623 1105 3712 1145 εο-

2131 1167 2297 1222 quere
2344 1156 2508 1212 Deum
2561 1161 2753 1228 solum,
2793 1164 3018 1234 aliisque
3072 1169 3321 1224 omnibus
3373 1174 3606 1232 dimissis
3644 1196 3712 1234 ex

2131 1259 2356 1301 numero
2383 1263 2657 1306 servorum
2687 1256 2803 1323 ejus
2827 1265 2963 1321 esto,
2995 1267 3048 1313 et
3072 1275 3418 1334 quaecumque
3445 1268 3536 1322 tibi
3561 1271 3711 1326 utilia

2131 1337 2364 1405 petieris,
2399 1340 2726 1410 impetrabis.

2200 1429 2292 1485 Ea:
2307 1433 2650 1490 misericordia
2687 1437 2902 1494 salutem
2930 1444 3299 1514 consequimur.
3347 1473 3418 1489 --
3457 1451 3511 1503 5.
3553 1451 3710 1507 Miss-

2128 1534 2238 1575 rere
2260 1524 2439 1589 nostri,
2467 1523 2702 1591 Domine,
2731 1529 2968 1585 miserere
2993 1534 3174 1599 nostri,
3205 1536 3324 1605 quia
3368 1539 3586 1596 multum
3622 1560 3708 1598 ne-

2129 1613 2250 1680 pteti
2279 1631 2452 1668 sumus
2477 1616 2808 1686 despectione.
2852 1621 2906 1675 4.
2951 1621 3176 1678 Multam
3214 1626 3408 1697 repleta
3434 1640 3508 1685 est
3537 1633 3708 1688 anima

2127 1714 2316 1759 nostra.
2347 1706 2536 1762 Vidisti
2583 1712 2872 1767 contritum
2917 1715 3189 1772 animum?
3239 1719 3318 1774 Ex
3344 1721 3710 1782 misericordia

2125 1798 2350 1853 salutem
2379 1802 2632 1872 consequi
2670 1815 2897 1875 regant;
2944 1806 3050 1861 imo
3075 1823 3176 1863 nec
3207 1824 3275 1865 ex
3316 1812 3702 1882 misericordia,

2124 1891 2274 1959 quasi
2300 1905 2417 1945 eam
2454 1904 2761 1949 mereantur
2789 1915 2803 1950 :
2831 1895 2924 1951 sed
2955 1897 3076 1966 quia
3115 1915 3336 1971 magnas
3363 1902 3560 1961 dedere
3587 1922 3704 1977 ρω-

2125 1993 2241 2044 nas,
2289 1989 2346 2036 ut
2388 1983 2463 2038 ait
2510 1984 2689 2041 Daniel
2720 1985 2923 2042 :Pauci
2953 1990 3089 2061 facti
3115 2007 3289 2048 sumus
3329 2011 3436 2066 pra!
3469 2000 3702 2055 omnibus

2123 2073 2351 2143 gentibus
2385 2089 2498 2145 qua
2536 2085 2652 2130 sunt
2692 2095 2844 2150 super
2882 2082 3098 2135 terram'
3139 2083 3298 2151 (Dan.
3338 2086 3393 2142 5.
3422 2087 3510 2159 37)
3562 2110 3576 2142 :
3625 2091 3706 2145 id-

2123 2163 2296 2234 ipsum
2325 2165 2400 2220 illi
2437 2165 2622 2223 dicunt
2655 2171 2706 2224 in
2750 2175 3056 2240 precatione
3088 2189 3204 2230 sua.
3234 2177 3539 2234 Extremam
3565 2185 3704 2251 passi

2122 2271 2307 2314 sumus
2343 2259 2637 2330 miseriam,
2665 2267 2829 2334 patria
2860 2277 2914 2322 et
2941 2266 3186 2324 libertate
3221 2271 3552 2329 excidimus:
3585 2276 3706 2331 bar-

2120 2347 2388 2406 barorum
2418 2354 2580 2420 servi,
2615 2354 2668 2408 in
2715 2359 3016 2427 opprobriis
3059 2359 3149 2415 diu
3195 2377 3490 2430 versamur,
3543 2366 3700 2435 fame,

2121 2440 2297 2496 inedia
2332 2452 2386 2498 et
2413 2443 2502 2499 siti
2536 2449 2837 2518 consumpti
2869 2466 2880 2502 :
2910 2451 3180 2520 eonsputi,
3215 2456 3512 2511 conculcati
3543 2473 3704 2514 omne

2123 2542 2330 2604 tempus
2374 2539 2770 2609 transegimus:
2795 2541 2918 2596 ideo
2947 2557 3106 2612 parce
3137 2553 3192 2602 et
3234 2547 3492 2606 miserere
3527 2550 3700 2609 nobis.

2119 2625 2254 2694 Quid
2278 2637 2454 2684 autem
2471 2629 2573 2685 sibi
2593 2631 2723 2698 vult,
2753 2633 2972 2688 Multum
2995 2637 3186 2706 repleta
3203 2648 3276 2693 est
3294 2642 3466 2695 annua
3487 2653 3662 2700 nostra
3677 2647 3704 2700 γ

2119 2716 2258 2788 Ipsa,
2295 2720 2484 2791 inquit,
2530 2723 2706 2778 anima
2739 2735 2916 2780 nostra
2958 2727 3129 2783 soluta
3157 2738 3258 2797 est,
3291 2731 3553 2789 labefacta
3585 2751 3702 2790 ma-

2117 2811 2391 2880 gnitudine
2419 2813 2699 2869 malorum.
2748 2816 2936 2872 Multos
2965 2818 3147 2875 videre
3174 2829 3257 2876 est
3275 2823 3363 2891 qui
3393 2823 3508 2880 dire
3529 2829 3700 2882 vexati

2119 2899 2328 2956 fortiter
2367 2903 2560 2958 ferunt.
2610 2907 2681 2960 At
2722 2919 2840 2975 nos,
2885 2909 3151 2980 inquiunt,
3196 2911 3300 2968 hoc
3328 2915 3700 2983 perdidimus:

2118 3009 2258 3063 aegre
2288 2995 2506 3048 ferimus
2549 2994 2750 3060 afflicti,
2780 2997 3091 3069 frangimur.
3135 3002 3269 3068 Quia
3306 3005 3447 3058 enim
3478 3007 3700 3063 honori-

2117 3082 2214 3137 bus
2243 3100 2346 3138 non
2374 3093 2434 3140 ut
2471 3100 2565 3154 par
2592 3097 2708 3142 erat
2733 3088 2815 3144 usi
2843 3089 3073 3156 fuerant,
3097 3095 3378 3151 contrariis
3415 3111 3509 3152 eos
3537 3099 3700 3154 rebus

2115 3177 2339 3246 castigat
2379 3178 2542 3245 Deus,
2573 3179 2715 3250 quod
2757 3180 2953 3252 ubique
2995 3181 3278 3240 facientem
3325 3186 3471 3241 illum
3515 3188 3699 3246 videre

2116 3279 2416 3334 possumus.
2450 3267 2540 3323 Sic
2573 3277 2629 3324 et
2654 3268 2919 3325 Adamum
2947 3272 3070 3342 quia
3096 3275 3326 3344 paradisi
3371 3275 3700 3335 habitatione

2114 3373 2221 3414 non
2253 3371 2397 3416 recte
2439 3375 2568 3416 usus
2609 3373 2744 3429 erat,
2774 3364 3034 3434 ejectione
3077 3371 3338 3437 correxit,
3382 3382 3436 3427 et
3477 3388 3696 3430 uxorem

2111 3463 2230 3520 quae
2255 3466 2320 3506 ex
2351 3451 2570 3509 honoris
2593 3455 2893 3524 aequalitate
2917 3457 3067 3527 pejor
3080 3471 3340 3526 evaserat,
3367 3466 3620 3521 servitute
3641 3475 3695 3522 et

2111 3544 2441 3612 subjectione
2475 3545 2749 3602 meliorem
2778 3546 2922 3602 fecit.
2949 3547 3098 3620 Ipsos
3127 3567 3340 3623 quoque
3362 3553 3597 3621 Judreos,
3623 3557 3694 3611 li-

2110 3634 2316 3690 bertate
2353 3643 2407 3691 et
2431 3635 2677 3691 diuturna
2699 3637 2842 3693 domi
2865 3633 3150 3698 Securitate
3179 3644 3230 3698 in
3259 3644 3410 3714 pejus
3435 3657 3688 3715 mutatos,

2109 3724 2358 3792 ell'renes,
2380 3735 2435 3782 et
2453 3726 2757 3795 dissolutos,
2784 3745 2879 3799 per
2898 3733 3162 3788 contraria
3183 3738 3420 3807 corrigit.
3446 3737 3510 3792 lli
3533 3754 3694 3808 porro

2109 3815 2526 3872 misericordiam
2549 3820 2802 3890 consequi
2823 3831 3090 3891 rogantes,
3119 3824 3286 3878 Deum
3310 3828 3390 3882 sic
3411 3827 3692 3900 alloquun-

2110 3913 2194 3960 tur
2222 3925 2238 3962 :
2262 3906 2481 3962 Multum
2527 3909 2717 3981 repleta
2759 3923 2834 3966 est
2879 3914 3051 3968 anima
3095 3926 3286 3970 nostra.
3341 3918 3687 3990 Opprobriitm

2106 3997 2498 4066 abundantibus,
2529 4010 2576 4056 et
2605 4003 2855 4072 despectio
2897 4007 3147 4075 superbis.
3177 4007 3352 4077 Alius,
3399 4009 3578 4068 Multis
3602 4031 3692 4068 sa—

2108 4091 2230 4144 tiata
2272 4100 2346 4145 est
2373 4093 2546 4146 anima
2581 4104 2772 4160 nostra,
2805 4095 3182 4167 obloquentibus
3206 4100 3601 4171 abundantibus,
3639 4115 3689 4159 et

2105 4181 2492 4252 despiciemibus
2511 4185 2760 4253 superbis.
2787 4185 2958 4253 Alius,
2994 4187 3401 4246 Subsannatione
3438 4209 3690 4266 arrogan-

2105 4273 2248 4325 tium.
2280 4272 2454 4341 Alius,
2486 4272 2817 4344 Despectione
2839 4291 3013 4330 eorum
3047 4279 3135 4346 qui
3171 4279 3316 4335 bonis
3343 4281 3578 4354 amittiut.
3622 4285 3686 4342 ιιι

2105 4366 2264 4436 igitur
2307 4367 2484 4422 eidem
2536 4368 2743 4424 haerent
2782 4371 3086 4426 sententias.
3125 4373 3490 4432 Calatnitatem
3541 4381 3684 4435 enim

2101 4459 2382 4530 deplorant
2409 4475 2530 4516 cum
2556 4460 2777 4518 dicunt:
2807 4463 3009 4518 Satiata
3037 4475 3110 4518 est
3138 4467 3308 4520 anima
3333 4479 3509 4523 nostra
3542 4487 3686 4540 sper-

2101 4553 2331 4606 nentibus
2351 4569 2372 4618 ,°
2408 4552 2753 4625 Septuaginta
2791 4570 2918 4612 vero
2946 4557 3088 4612 aliud
3133 4557 3318 4614 dicunt
3342 4578 3364 4614 :-
3387 4562 3686 4622 Transeant

2101 4643 2216 4698 haec
2253 4642 2320 4697 ad
2340 4642 2484 4710 illos,
2516 4653 2572 4699 et
2595 4643 2782 4700 iisdem
2813 4645 2912 4715 ipsi
2941 4647 3200 4716 fruantur,
3250 4665 3368 4721 qua:
3394 4652 3514 4708 aliis
3545 4654 3686 4710 fece-

2099 4741 2242 4798 runt,
2291 4747 2584 4803 eorumque
2630 4735 2796 4790 fastus
2837 4745 2892 4790 et
2931 4747 3108 4792 tumor
3146 4739 3494 4810 deprimatur.
3531 4743 3684 4812 Quod

2099 4839 2243 4895 stupe
2272 4827 2518 4882 evenisse
2535 4827 2809 4884 videamus
2835 4846 2849 4882 :
2875 4844 2997 4884 nam
3028 4831 3082 4886 id
3107 4831 3416 4902 frequenter
3441 4836 3580 4892 solet
3595 4836 3681 4893 fa-

2096 4932 2219 4972 cere
2241 4919 2400 4984 Deus,
2432 4933 2626 4988 nempe
2653 4919 2800 4975 altos.
2817 4921 3038 4990 spiritus
3055 4934 3390 4982 assumentes
3409 4927 3681 4998 deprimit,

2096 5018 2150 5062 et
2180 5007 2390 5064 inﬂatos
2421 5009 2681 5074 liumiliat,
2713 5021 2771 5065 ut
2810 5027 2906 5067 eos
2934 5012 3166 5068 invertat
3208 5030 3238 5068 a
3267 5017 3348 5071 via
3389 5018 3457 5072 ad
3499 5023 3682 5088 perni-

2095 5100 2231 5154 ciem
2261 5099 2482 5156 ferente.
2513 5100 2654 5156 Nihil
2679 5102 2822 5157 enim
2851 5104 3102 5174 superbia
3138 5106 3306 5177 pejus.
3348 5108 3472 5165 ideo
3509 5121 3682 5166 tenta-

2097 5191 2269 5247 tiunes
2295 5201 2351 5247 et
2374 5207 2646 5256 aerumnae,
2674 5208 2870 5264 corpus
2897 5195 3147 5259 mortale,
3189 5208 3246 5252 et
3267 5200 3447 5255 multa:
3491 5216 3680 5271 snper-

2094 5285 2368 5338 venientes
2394 5282 2725 5338 calamitates
2752 5299 2770 5339 :
2801 5283 2922 5339 ideo
2947 5286 3290 5356 aegritudines
3313 5297 3370 5344 et
3387 5290 3556 5346 morbi
3582 5309 3597 5356 ;
3627 5301 3684 5348 ut

2095 5374 2370 5430 innumera
2398 5373 2545 5431 frena
2568 5374 2923 5430 adhibeantur
2943 5379 3131 5433 animae
3161 5381 3488 5451 saperbienti
3515 5392 3569 5438 et
3594 5395 3674 5439 tu.

2095 5484 2244 5524 more
2296 5467 2512 5524 inllatm.
2565 5469 2642 5522 Ne
2695 5469 2874 5540 itaque
2919 5471 3169 5537 turberis,
3213 5474 3427 5542 dilecte,
3468 5491 3588 5531 cum
3626 5478 3678 5533 in

2153 5624 2182 5698 ί,
2200 5623 2279 5698 sic
2290 5620 2479 5698 jegitur
2501 5623 2559 5698 ip,
2573 5623 2879 5698 saviliopsed
2899 5623 3014 5698 quia
3033 5626 3436 5698 nwgnasdedcre
3472 5642 3636 5698 prunos
3662 5669 3675 5698 ,_

404 5675 1481 5762 milia?“refertresaviearﬂea
1500 5681 1986 5762 assesasses!"
2089 5685 2261 5762 esse
2283 5675 2383 5762 fer?
2402 5683 2625 5762 disserit
2647 5675 2799 5762 aeri,
2817 5685 2876 5762 is.
2903 5675 3679 5762 ἐπννξάἱάβέέέίὀ’,ῖπῑαᾷέὶῆιὲἀ

403 5736 671 5805 orationem
712 5739 1023 5806 interpretari
1043 5736 1282 5791 'voluerit.
1311 5747 1485 5792 Novam
1507 5736 1596 5792 nos
1619 5745 1982 5804 interpretatio-

403 5809 518 5847 nem
538 5807 946 5875 ωοοωηθγιιιιειδ.
1007 5848 1012 5853 ,

2092 5759 2272 5858 stragis.
2295 5755 2436 5857 etc.»
2458 5748 2742 5808 quihusdam
2761 5748 3100 5811 praetermissis
3115 5748 3226 5814 quae
3242 5748 3474 5815 probe'ad
3494 5748 3678 5804 seriem

2092 5821 2183 5858 oua
2242 5821 2304 5857 an
2330 5843 2343 5856 .

2091 5821 2343 5870 quaerant.
