4062 6208
345 258 455 316 355

344 366 638 428 tentatlonc
663 367 925 433 versaris;
972 364 1068 422 sed
1099 364 1372 437 propheta:
1411 359 1725 418 recordatus
1747 357 1932 414 dicen-

344 462 430 528 tis,
459 459 662 514 Bonum
685 460 812 513 mihi
845 459 964 528 quia
990 456 1266 512 humiliasti
1300 471 1401 517 me,
1432 462 1487 507 ut
1525 453 1718 507 discam
1731 449 1930 522 justi/i-

341 554 562 610 sationes
579 563 706 606 tuas
736 550 910 621 (Psal.
946 551 1071 606 118.
1101 547 1213 616 7t),
1240 547 1596 603 calamitatem
1641 559 1734 614 pro
1761 557 1934 598 reme-

341 647 434 702 dio
456 644 663 712 accipe,
702 651 758 697 et
782 642 1077 697 tentatione
1105 650 1166 695 ut
1194 654 1288 710 par
1315 647 1401 693 est
1426 647 1598 701 utere,
1625 636 1932 707 poterisque

344 732 604 803 majorem
621 733 838 802 assequi
867 731 1310 801 tranquillitatem
1337 745 1352 782 :
1382 742 1485 796 qua
1517 727 1715 780 utinam
1745 740 1934 780 omnes

339 823 487 894 digni
513 822 837 889 'habeamur,
864 823 1033 893 gratia
1073 828 1132 876 et
1173 819 1502 874 humanitate
1529 817 1740 872 Domini
1767 817 1933 872 nostri

344 918 470 971 Jesu
488 915 718 975 Christi.
745 915 826 970 cui
849 913 1019 984 gloria
1049 923 1105 969 et
1131 911 1411 984 imperium
1443 912 1494 964 in
1533 910 1734 966 saecula
1763 925 1934 965 που·

348 1008 542 1060 lortuu.
571 1008 760 1061 Amen.

785 1119 854 1176 IN
893 1118 1214 1176 I’SALMUM
1253 1117 1490 1174 CXXIII.

613 1233 666 1286 1.
711 1231 829 1286 Nisi
852 1233 970 1304 quia
999 1229 1251 1286 Dominus
1286 1241 1392 1286 erat
1417 1232 1469 1285 in
1499 1230 1658 1286 nobis.

419 1369 472 1427 I.
513 1367 833 1434 Captioitatis
853 1367 984 1422 bono
1009 1365 1184 1422 Judwi
1222 1367 1440 1450 ejtarunt
1469 1366 1833 1422 idololatriant.
1861 1394 1936 1408 —

345 1460 504 1529 Quod
528 1474 674 1531 tta-pe
699 1460 832 1527 dixi,
867 1458 969 1514 hoc
994 1475 1205 1530 quoque
1239 1475 1382 1514 nunc
1405 1460 1548 1526 dico,
1581 1473 1689 1515 nec'
1709 1457 1934 1514 cessabo

351 1556 549 1616 dicere,
581 1568 830 1624 magnum
855 1567 977 1608 esse
1011 1551 1238 1606 fructum
1271 1551 1608 1621 captivitatis,
1635 1560 1689 1606 et
1715 1551 1783 1606 ad
1810 1550 1934 1621 phi-

349 1646 648 1717 iosophiam
686 1645 953 1700 deducere
991 1659 1148 1714 posse
1192 1657 1286 1698 eos
1329 1645 1417 1713 qui
1463 1643 1766 1698 attendunt.
1799 1643 1934 1698 Ecce

351 1739 491 1793 enim
516 1741 605 1807 qui
642 1736 708 1791 ad
749 1735 1029 1791 simulacra
1075 1734 1381 1800 currebant,
1413 1733 1579 1788 Deum
1608 1742 1921 1790 contemne-

354 1828 501 1895 bant,
531 1836 586 1883 et
612 1829 666 1883 in
695 1827 1019 1898 impietatem
1047 1827 1394 1896 impcgerant,
1425 1825 1549 1896 quid
1581 1825 1767 1881 dicunt
1791 1841 1934 1882 nunc

354 1930 472 1990 post
489 1921 846 1989 captivitatem
865 1920 889 1974 ?
911 1927 968 1974 et
991 1919 1260 1989 quomodo
1285 1918 1512 1976 salutem
1535 1933 1684 1974 suam
1712 1920 1822 1975 Deo
1842 1922 1935 1975 ad-

354 2014 622 2070 scribunt?
667 2013 968 2081 Quinetiam
1016 2013 1308 2083 propheta,
1360 2023 1626 2084 tamquam
1672 2012 1934 2084 cboragos

355 2106 605 2174 optimus,
637 2103 824 2160 eadem
868 2104 988 2159 illos
1011 2103 1163 2174 jubet
1203 2104 1509 2175 frequenter
1545 2103 1744 2160 dicere.
1776 2103 1933 2159 Post-

355 2210 512 2265 quam
543 2209 670 2264 ergo
702 2195 904 2264 primus
935 2194 1087 2259 dixit,
1135 2195 1241 2249 illis
1265 2209 1476 2264 quoque
1505 2195 1764 2264 prmeipit,
1795 2203 1933 2250 tam-

353 2302 510 2357 quam
563 2287 816 2357 magister
863 2285 1178 2355 discipulis,
1235 2295 1293 2341 ut
1343 2286 1565 2342 dicant:
1598 2285 1750 2340 Dicat
1799 2303 1935 2340 num:

355 2378 540 2442 Israil,
573 2378 692 2435 Nisi
720 2380 840 2451 quia
865 2379 1115 2434 Dominus
1139 2389 1248 2434 erat
1274 2382 1327 2434 in
1367 2381 1531 2444 nobis,
1555 2396 1670 2434 cum
1697 2396 1936 2451 exsurge-

355 2479 460 2524 rent
487 2470 712 2524 ltontines
735 2471 792 2524 in
821 2486 932 2532 nos,
963 2470 1094 2539 forte
1114 2471 1249 2525 vivos
1275 2468 1605 2542 deglutissent
1631 2486 1743 2525 nos.
1771 2470 1937 2526 Erant

355 2561 495 2616 enim
519 2560 770 2626 inermes,
801 2559 950 2625 nudi,
974 2561 1188 2631 captivi,
1221 2569 1275 2613 et
1297 2560 1456 2626 servi,
1483 2568 1540 2615 et
1563 2575 1734 2630 nuper
1755 2575 1789 2616 a
1819 2577 1936 2614 ma-

361 2653 427 2709 lis
456 2653 686 2720 libera-ti,
723 2653 1017 2725 urbemque
1047 2653 1318 2708 habebant
1356 2669 1460 2710 non
1490 2654 1658 2708 muris
1682 2657 1934 2719 cinctam,

358 2745 466 2799 imo
493 2760 620 2800 vero
661 2761 728 2800 ne
768 2743 953 2800 urbem
985 2743 1223 2815 quidem,
1267 2756 1322 2800 et
1372 2753 1491 2814 post
1530 2744 1758 2800 reditum
1784 2756 1938 2799 erant

356 2836 533 2906 praeda
561 2837 813 2892 omnibus
853 2845 1033 2906 parata
1059 2852 1074 2900 ;
1105 2835 1198 2890 sed
1241 2834 1340 2890 fuit
1385 2837 1466 2891 eis
1494 2835 1635 2891 Deus
1660 2851 1755 2906 pro
1785 2851 1938 2890 muro

357 2935 411 2981 et
438 2941 581 2982 arce.
622 2927 737 2982 lloc
762 2927 960 3002 ipsum,
983 2940 1081 2981 nos
1105 2941 1318 2997 quoque
1347 2942 1488 2983 nunc
1511 2926 1751 2982 dicamus
1775 2944 1789 2981 :
1823 2925 1938 2980 Nisi

357 3019 473 3082 quia
499 3015 748 3072 Dominus
775 3027 881 3072 erat
908 3017 963 3071 in
988 3017 1151 3082 nobis,
1178 3016 1310 3086 forte
1325 3017 1460 3072 vivos
1479 3016 1806 3087 deglutissent
1825 3032 1933 3069 nos.

358 3110 492 3178 Quid
517 3113 661 3165 enim
689 3125 798 3165 non
822 3109 1036 3166 iecisset
1061 3117 1243 3164 noster
1271 3109 1516 3164 inimicus
1541 3109 1805 3175 diabolus,
1836 3108 1938 3163 nisi

361 3203 619 3258 Dominus
649 3202 833 3257 fuisset
873 3203 924 3256 in
970 3201 1163 3257 nobis?
1202 3201 1336 3256 Audi
1367 3201 1492 3271 quid
1529 3199 1776 3256 Christus
1799 3199 1943 3254 dicat

361 3295 565 3348 Simoni
597 3313 611 3350 :
643 3295 843 3362 Simon,
887 3293 1090 3361 Simon,
1116 3293 1309 3364 quoties
1339 3295 1479 3364 petiit
1507 3303 1555 3347 te
1595 3303 1800 3347 satanas
1837 3293 1939 3346 cri-

363 3385 510 3441 brare
531 3387 663 3441 sicut
688 3387 904 3440 triticum
931 3403 951 3442 :
981 3396 1027 3440 et
1049 3403 1140 3458 ego
1176 3387 1315 3440 oravi
1342 3403 1434 3455 pro
1460 3395 1526 3450 te,
1559 3403 1623 3442 ne
1647 3386 1850 3456 deﬁciat
1872 3385 1940 3455 ﬁ-

362 3479 448 3533 des
471 3489 559 3532 tua
588 3477 740 3547 (Luc.
771 3477 860 3534 22.
903 3479 1039 3550 3i)?
1081 3478 1178 3533 Est
1215 3477 1356 3532 enim
1398 3477 1637 3549 improba
1668 3476 1840 3532 bellua
1888 3485 1944 3531 ct

361 3571 694 3635 insatiabilis,
720 3581 778 3625 et
806 3571 908 3626 nisi
937 3570 1152 3626 assidue
1179 3569 1557 3635 refrenaretur,
1591 3569 1944 3625 subvertisset

359 3673 413 3715 et
443 3663 774 3718 confudisset
799 3662 998 3718 omnia.
1049 3660 1106 3717 Si
1149 3662 1291 3716 enim
1330 3677 1452 3716 cum
1485 3660 1538 3716 in
1588 3661 1799 3718 beatum
1841 3660 1944 3716 Job

362 3755 611 3823 pusillum
640 3755 762 3824 quid
793 3756 840 3810 ei
867 3753 967 3809 fuit
992 3753 1334 3824 permissum,
1361 3752 1479 3822 ejus
1505 3751 1722 3808 domum
1754 3753 1944 3809 evertit

363 3845 616 3910 fumlitns,
649 3846 768 3916 ejus
795 3860 992 3916 corpus
1022 3844 1378 3908 labefactavit,
1402 3852 1602 3899 tantam
1631 3844 1942 3914 tragmdiam

361 3937 634 4004 excitavit,
657 3937 934 3993 facultates
952 3935 1210 4005 eorrupit,
1237 3934 1374 3989 filios
1398 3934 1597 4000 obruit,
1626 3942 1683 3989 ut
1710 3949 1742 3989 e
1779 3949 1944 3989 carne

363 4046 572 4087 vermes
595 4031 921 4086 scaturirent
947 4029 1145 4095 effecit,
1176 4042 1397 4083 uxorem
1429 4026 1480 4080 in
1524 4042 1645 4082 eum
1686 4027 1943 4091 incitavit,

363 4122 584 4189 amicos,
629 4121 895 4188 inimicos,
936 4119 1185 4183 famulos,
1237 4125 1296 4173 ut
1327 4116 1533 4186 probris
1561 4131 1682 4170 cum
1716 4116 1947 4170 insecta-

367 4224 572 4278 rentur,
596 4213 802 4268 induxit
831 4212 912 4267 :si
943 4226 1048 4267 non
1075 4207 1554 4265 innumerabilibus
1576 4207 1740 4262 frenis
1771 4216 1944 4261 retar-

365 4308 602 4369 daretur,
627 4304 896 4374 quomodo
922 4319 1026 4358 non
1056 4317 1244 4358 omnes
1272 4301 1552 4372 perderet?
1576 4298 1834 4367 Quocirca
1861 4298 1948 4354 hic

365 4412 578 4466 quoque
604 4397 768 4451 dicit:
799 4394 921 4451 Nisi
953 4398 1074 4469 quia
1105 4395 1352 4450 Dominus
1376 4391 1556 4446 eratin
1582 4391 1744 4446 nobis.
1786 4391 1949 4446 Erant

367 4488 509 4543 enim
537 4487 822 4545 admodum
847 4489 1001 4560 pauci
1051 4497 1104 4545 et
1148 4490 1466 4557 contempti,
1495 4495 1550 4540 et
1579 4501 1672 4540 eos
1701 4500 1949 4540 reversos

367 4579 515 4635 tnnlli
543 4581 947 4637 adoriebantur.

442 4669 810 4739 Prosperorum
830 4680 876 4725 et
903 4670 1227 4726 adversorum
1254 4669 1602 4724 alternationis
1627 4667 1851 4735 utilitas;
1872 4669 1951 4722 ira

365 4761 574 4816 rationis
597 4778 775 4833 expers
791 4779 811 4828 ,°
839 4762 1236 4831 perturbationes
1263 4763 1424 4816 animi
1451 4770 1506 4815 ut
1527 4765 1704 4816 sanari
1732 4762 1948 4830 possint.

367 4851 625 4908 -—Porro
653 4856 707 4909 in
756 4853 860 4908 hoc
885 4868 1098 4925 quoque
1125 4853 1508 4909 ostendebatur
1535 4853 1627 4908 Dei
1666 4852 1949 4923 sapientia,

369 4943 504 5010 quod
535 4961 645 4999 non
676 4954 898 5016 repente
921 4956 976 5000 et
1002 4961 1107 5002 uno
1128 4945 1287 5002 simul
1313 4954 1558 5014 tempore
1584 4944 1736 5000 daret
1760 4945 1840 5000 eis
1867 4958 1952 5000 sc-

367 5035 670 5095 euritatem.
695 5035 789 5090 sed
817 5038 1014 5091 sensim
1041 5053 1104 5093 ac
1124 5039 1397 5108 paulatim.
1434 5038 1548 5094 [Ioc
1573 5049 1749 5094 autem
1787 5039 1952 5094 facie-

368 5125 461 5180 bat
485 5141 580 5180 eos
599 5140 928 5180 conservans
958 5128 1008 5182 in
1034 5129 1128 5183 Dei
1155 5131 1483 5200 cognitione,
1513 5137 1568 5185 et
1593 5145 1711 5186 eam
1741 5145 1950 5200 qiue'ex

367 5217 683 5287 captivitate
721 5226 838 5270 orta
863 5227 1000 5283 erat,
1038 5222 1430 5276 correctionem
1473 5237 1578 5276 non
1608 5221 1791 5276 sinens
1819 5237 1955 5291 pra:-

352 5312 643 5366 vterlluere.
677 5311 811 5378 Quia
843 5310 985 5364 enim
1025 5312 1266 5369 liberatio
1289 5329 1320 5368 a
1355 5314 1508 5368 malis
1550 5315 1687 5369 solet
1713 5313 1954 5368 homines

370 5405 585 5460 eflicere
629 5401 994 5467 socordiores,
1025 5403 1077 5456 in
1120 5404 1232 5472 ipsa
1274 5405 1434 5458 etiam
1464 5404 1756 5458 donatione
1787 5405 1955 5459 bono-

373 5513 490 5552 rum
524 5495 808 5569 permittit,
847 5503 905 5546 ut
935 5492 1034 5562 ipsi
1071 5495 1282 5549 assidue
1321 5503 1615 5555 tententnr,
1645 5505 1702 5549 ut
1743 5498 1852 5550 sint
1875 5497 1956 5551 eis

378 5592 704 5648 mutationes
757 5595 1072 5658 perpetuum
1117 5581 1465 5654 philosOphise
1511 5584 1844 5640 exercitium.
1885 5584 1958 5642 Et

378 5687 501 5744 ideo
537 5701 636 5743 nec
673 5681 922 5739 IlOllIIiteS
965 5691 1177 5747 semper
1199 5675 1416 5732 dimittit
1445 5673 1496 5728 in
1545 5675 1950 5744 calamita'ibus,

1383 237 1750 302 EXPOSITIO
1788 233 1853 293 IN
1893 231 2216 291 PSALMUM
2255 233 2486 292 CXXIII.

3521 253 3628 312 354

2040 361 2109 402 ne.
2129 348 2378 407 deliciam
2403 371 2416 408 :
2444 367 2543 408 nec
2569 351 2622 409 in
2647 355 2824 426 quiete
2851 365 2906 412 et
2931 374 3108 415 rerum
3151 361 3529 432 prosperitate,
3553 377 3620 418 ne

2041 441 2170 498 flant
2208 444 2588 502 socordiores:
2620 447 2714 502 sed
2755 448 3208 508 vicissitudinibus
3247 469 3436 510 eorum
3483 453 3626 509 salu-

2042 543 2149 592 tem
2187 537 2374 592 variat.
2413 537 2566 594 Forte
2605 539 2739 595 vivos
2767 540 3091 611 deglutissent
3120 560 3232 598 nos.
3282 545 3445 601 Vides
3487 560 3626 615 quoe

2041 628 2202 683 modo
2229 629 2483 696 ostendit,
2510 646 2669 701 quam
2702 631 2808 686 sint
2834 632 3117 698 immanes,
3139 635 3226 703 qui
3248 650 3308 690 se
3337 635 3627 690 invndunt?

2039 720 2175 776 Sunt
2215 722 2358 776 enim
2399 721 2643 779 homines
2689 724 2777 793 qui
2825 723 2907 779 vel
2957 723 3194 779 ferarum
3243 725 3624 783 immanitatem

2040 813 2346 878 ostendunt,
2383 813 2492 870 imo
2521 815 2686 885 magis
2710 829 2867 885 quam
2899 815 3003 871 illm
3029 815 3258 871 saeviunt
3283 817 3335 871 in
3362 831 3628 888 congene-

2041 917 2148 958 res.
2178 902 2313 959 Fera
2341 905 2485 959 enim
2529 919 2649 960 cum
2683 906 2847 960 semel
2874 905 3153 973 invaserit,
3189 906 3256 960 ab
3287 907 3363 961 ira
3390 907 3617 973 desistit,

2039 1003 2096 1048 et
2125 995 2348 1062 recedit,
2377 1005 2469 1050 aut
2488 996 2701 1066 repulsa
2733 1013 2838 1052 non
2867 997 3096 1068 amplius
3116 998 3318 1054 invadit
3344 1016 3357 1052 :
3382 999 3628 1056 homines

2040 1093 2217 1140 autem
2247 1101 2368 1140 cum
2413 1101 2499 1140 res
2527 1087 2752 1142 cesserit
2793 1088 2950 1142 aliter
2977 1105 3135 1159 quam
3179 1089 3454 1158 putabant,
3482 1105 3628 1161 stupe

2041 1175 2296 1230 invadunt
2317 1177 2400 1232 vel
2423 1175 2566 1247 ipsas
2585 1192 2773 1232 carnes
2793 1187 3008 1249 gustare
3027 1181 3322 1248 cupientes.
3350 1180 3624 1250 Ejusmodi

2039 1281 2129 1321 res
2167 1269 2251 1321 est
2291 1267 2388 1332 ira,
2438 1269 2658 1323 rationis
2703 1285 2934 1338 eXpers;
2975 1270 3108 1324 adro
3135 1270 3306 1326 fervet
3351 1279 3408 1328 et
3441 1272 3628 1328 ebullit

2041 1358 2156 1414 haec
2193 1361 2356 1415 animi
2389 1361 2738 1430 perturbatio.
2782 1362 3059 1429 Quomodo
3103 1379 3229 1434 ergo
3269 1363 3384 1419 hinc
3423 1363 3625 1421 exstin-

2038 1463 2229 1522 guetur
2247 1451 2538 1523 agritudo?
2564 1453 2622 1508 Si
2650 1469 2737 1508 res
2767 1463 2974 1508 nostras
3013 1454 3192 1508 animo
3220 1463 3548 1525 reputemus,
3578 1457 3623 1512 si

2039 1554 2269 1600 mortem
2300 1545 2723 1612 consideremus,
2756 1555 2808 1600 et
2838 1561 2932 1601 eos
2961 1547 3048 1616 qui
3075 1547 3314 1618 quotidie
3340 1550 3621 1615 recedunt,

2038 1636 2083 1690 si
2111 1645 2350 1690 naturam
2381 1645 2620 1692 nostrain
2657 1637 3102 1706 contemplemur,
3149 1638 3290 1707 quod
3321 1634 3526 1695 scilicet
3548 1641 3624 1694 si-

2039 1742 2158 1782 mus
2188 1735 2327 1783 terra
2353 1736 2410 1783 et
2435 1728 2589 1783 cinis.
2619 1728 2676 1784 Si
2701 1739 2878 1784 autem
2905 1729 3056 1784 faciei
3085 1729 3420 1798 pulchritudo
3445 1735 3627 1788 animo

2039 1827 2130 1874 tuo
2160 1818 2335 1875 adhuc
2359 1819 2603 1890 imponit,
2627 1821 2761 1876 vade
2784 1821 2850 1876 ad
2875 1831 3218 1878 monumenta
3243 1833 3298 1878 et
3325 1824 3508 1880 thecas
3527 1841 3625 1896 pa-

2039 1919 2250 1967 rentum
2299 1920 2533 1979 tuorum,
2576 1928 2639 1968 ac
2667 1913 2786 1968 vide
2815 1914 3085 1984 quomodo
3124 1925 3248 1968 sum
3276 1917 3454 1985 positi,
3487 1926 3541 1972 ct
3569 1917 3623 1973 in

2040 2005 2312 2075 pulverem
2342 2020 2404 2061 ac
2446 2014 2639 2060 terram
2680 2005 2920 2072 resoluti,
2950 2023 3302 2078 magnamque
3335 2023 3399 2063 ex
3439 2024 3506 2064 eo
3528 2024 3624 2065 ca-

2039 2096 2154 2166 pies
2182 2096 2544 2163 occasionem,
2569 2105 2624 2151 ut
2651 2106 2702 2151 te
2727 2097 2901 2166 ipsum
2935 2101 3216 2168 reprimas.
3246 2098 3322 2154 Nc
3347 2099 3474 2156 dicti
3505 2117 3626 2170 gra~

2037 2189 2255 2243 vitalem
2277 2188 2566 2258 improbes.
2597 2187 3054 2256 Quemadmodum
3079 2191 3220 2244 enim
3252 2191 3340 2259 qui
3371 2189 3518 2245 febre
3544 2191 3625 2244 la-

2041 2278 2250 2340 borant,
2273 2287 2554 2350 postquam
2583 2295 2614 2335 a
2636 2280 2825 2334 morbo
2857 2279 3061 2336 liberati
3094 2281 3309 2344 fuerint,
3340 2297 3472 2352 puro
3498 2297 3627 2336 aere

2040 2369 2314 2441 indigent:
2345 2371 2418 2426 ita
2447 2373 2608 2426 etiam
2639 2386 2774 2441 quos
2793 2372 2955 2427 animi
2982 2372 3414 2442 perturbationes
3441 2374 3509 2429 ad
3540 2375 3627 2430 in-

2039 2461 2243 2514 saniam
2270 2461 2509 2532 adigunt,
2539 2463 2582 2516 si
2615 2461 2682 2516 ad
2710 2473 3054 2517 monumenta
3097 2465 3444 2530 accesserint,
3479 2472 3622 2519 tam-

2039 2571 2198 2624 quam
2242 2556 2332 2626 qui
2377 2556 2428 2610 in
2472 2555 2730 2624 praedium
2781 2554 3192 2612 saluberrimum
3246 2557 3623 2626 pervenerint,

2041 2649 2238 2702 multas
2264 2648 2532 2717 expellent
2557 2647 2920 2718 aegritudines.
2951 2647 3160 2703 Sufficit
3185 2649 3330 2702 enim
3362 2646 3450 2701 vel
3477 2648 3625 2703 solus

2041 2756 2190 2794 urna:
2216 2751 2464 2810 aspectus
2491 2739 2558 2794 ad
2574 2755 2696 2795 eum
2724 2736 3152 2809 deprimendum,
3180 2738 3271 2808 qui
3295 2737 3448 2792 valde
3475 2751 3628 2792 arro-

2039 2845 2172 2901 gans
2199 2839 2300 2886 est.
2334 2830 2415 2886 Ab
2441 2829 2526 2885 his
2553 2829 2809 2900 deinceps
2839 2829 3142 2884 transmitte
3170 2839 3314 2884 tuam
3341 2829 3626 2900 cogitatio-

2043 2938 2167 2977 nem
2193 2920 2259 2976 ad
2289 2919 2522 2976 futurum
2554 2921 2700 2976 illum
2728 2919 2870 2974 diem
2895 2918 3211 2982 terribilem,
3241 2918 3306 2974 ad
3334 2919 3538 2974 futuras
3558 2919 3628 2974 do

2045 3023 2095 3069 te
2119 3013 2467 3084 qumstiones,
2510 3021 2566 3067 et
2609 3010 2910 3067 reddendas
2947 3010 3208 3075 rationes,
3239 3010 3304 3064 ad
3345 3009 3623 3082 supplicia,

2043 3120 2161 3176 qua:
2198 3105 2402 3159 nullum
2435 3103 2635 3160 habent
2673 3103 2893 3158 omnino
2925 3101 3196 3167 solatium,
3235 3100 3324 3156 ubi
3368 3115 3527 3156 nemo
3575 3112 3628 3156 te

2043 3196 2330 3252 defendet:
2359 3204 2417 3252 et
2447 3195 2529 3250 his
2558 3195 2805 3252 omnibus
2834 3192 2996 3248 veluti
3027 3191 3344 3263 quibusdam
3383 3191 3630 3246 cantibus

2044 3293 2170 3348 seda
2227 3302 2342 3347 luas
2387 3291 2551 3346 animi
2607 3289 3059 3360 perturbationes.
3105 3286 3398 3343 Considera
3447 3294 3628 3341 autem

2044 3387 2204 3441 etiam
2232 3401 2300 3440 ex
2330 3384 2637 3440 hominibus
2659 3397 2755 3439 eos
2774 3383 2864 3453 qui
2908 3381 2960 3437 in
2989 3381 3095 3436 vita
3123 3381 3372 3452 praesenti
3399 3395 3463 3435 ex
3490 3377 3630 3434 divi-

2048 3481 2134 3534 tiis
2159 3479 2356 3534 redacti
2377 3488 2502 3534 sunt
2523 3478 2576 3532 in
2608 3487 2997 3548 paupertatem,
3025 3491 3090 3530 ex
3121 3475 3290 3546 gloria
3320 3474 3373 3528 in
3403 3471 3630 3544 ignomi-

2047 3572 2187 3626 niam
2219 3579 2312 3626 :et
2347 3571 2391 3626 si
2425 3571 2558 3625 velis
2601 3569 2782 3632 irasci,
2829 3584 2936 3624 non
2967 3569 3016 3624 ei
3057 3568 3148 3637 qui
3179 3577 3261 3622 est
3301 3565 3395 3621 tibi
3434 3578 3634 3636 genere

2045 3663 2382 3734 conjunctus,
2416 3662 2510 3717 sed
2559 3661 2699 3716 malo
2747 3661 2978 3717 ἀπεωοηί
3032 3661 3264 3716 irascere
3302 3657 3538 3723 :habes,
3579 3656 3661 3718 in,

2047 3772 2204 3827 quem
2239 3757 2372 3811 iram
2399 3753 2644 3810 elfundas
2675 3772 2690 3809 :
2724 3753 2799 3810 illi
2845 3768 3130 3824 numquam
3159 3749 3545 3814 reconcilieris,
3579 3747 3631 3802 in

2050 3847 2196 3902 illum
2236 3847 2368 3902 iram
2415 3845 2630 3901 effunde
2667 3853 2723 3900 et
2767 3859 3054 3916 consumo,
3088 3847 3140 3908 in
3191 3843 3340 3898 illum
3371 3839 3528 3896 tende
3557 3838 3634 3892 la-

2048 3953 2266 4009 quemn,
2303 3953 2590 4008 numquam
2633 3951 2813 3991 cesses
2851 3925 3108 3990 adversus
3149 3951 3272 3989 eum
3304 3935 3500 3989 bellum
3540 3949 3636 4004 ge-

2051 4044 2190 4084 rere.
2220 4030 2275 4084 5.
2326 4027 2452 4082 Cant
2480 4028 2782 4081 irasceretur
2808 4028 2956 4098 {uror
2984 4041 3160 4080 eorum
3182 4027 3198 4058 ί
3241 4025 3294 4081 in
3335 4043 3449 4090 nos,
3482 4029 3637 4098 forsi-
3733 4057 3735 4060 ‹

2051 4131 2138 4174 tan
2164 4136 2299 4190 aqua
2348 4117 2682 4172 absorbuisset
2729 4133 2841 4170 nos.
2886 4117 2940 4172 4.
2995 4114 3287 4169 Torrentem
3316 4119 3637 4185 pertransivit

2050 4217 2221 4268 animo
2287 4222 2460 4268 nostra
2506 4227 2525 4266 :
2573 4211 2785 4282 forsitan
2834 4209 3183 4279 pertransisse:
3242 4210 3414 4262 anima
3462 4219 3636 4263 nostra

2051 4323 2234 4376 nquam
2274 4305 2654 4360 intolerabilem.
2695 4303 3008 4357 Torrentem
3055 4309 3109 4355 et
3153 4315 3344 4370 aquam
3383 4298 3470 4354 hic
3507 4298 3637 4355 dicit

2053 4403 2322 4471 ingentem
2351 4399 2480 4453 iram
2518 4397 2852 4452 inimicorum
2884 4411 2897 4446 :
2928 4402 3013 4450 est
3051 4394 3192 4449 enim
3216 4407 3376 4464 aqua,
3397 4409 3527 4462 qua:
3553 4395 3636 4448 iu-

2052 4491 2346 4557 composite
2371 4504 2558 4560 magna
2583 4488 2631 4542 vi
2661 4498 2715 4543 et
2737 4487 2934 4556 impetu
2963 4486 3151 4550 fertur,
3177 4499 3240 4539 ac
3263 4483 3636 4554 quodcumque

2053 4585 2100 4638 ei
2133 4583 2384 4648 occurrit,
2406 4596 2587 4638 secum
2620 4579 2800 4634 trahit.
2830 4577 2946 4632 Non
2972 4577 3144 4631 solum
3183 4585 3360 4630 autem
3390 4574 3476 4628 hic
3506 4573 3639 4629 dicit

2055 4676 2402 4746 irruptionem
2431 4674 2712 4736 malorum,
2741 4668 2836 4724 sed
2861 4669 3021 4723 etiam
3052 4667 3354 4722 transitum.

2126 4769 2181 4821 2.
2216 4768 2291 4822 Ne
2330 4767 2563 4820 animum
2597 4777 2724 4834 ergo
2756 4761 3067 4832 abjiciamus
3111 4759 3322 4831 quando
3364 4773 3464 4814 nos
3502 4761 3638 4816 mala

2057 4860 2365 4916 invaserint.
2408 4857 2643 4912 Torrens
2667 4863 2749 4909 est
2775 4853 3025 4925 quidquid
3057 4852 3270 4907 tandem
3297 4853 3398 4919 sit,
3431 4863 3513 4908 est
3539 4870 3641 4908 nu-

2057 4956 2152 5012 bes
2177 4970 2294 5026 qnat
2332 4952 2713 5022 prmiercurrit.
2767 4947 3032 5018 Quidquid
3063 4947 3271 5003 molesti
3309 4945 3548 5010 dixeris,
3586 4944 3642 5000 id

2060 5050 2218 5104 habet
2245 5047 2403 5102 linem
2437 5042 2730 5114 :quidquid
2772 5057 3020 5111 asperum
3060 5040 3298 5105 dixeris,
3347 5040 3399 5092 id
3427 5052 3643 5106 quoque

2060 5140 2220 5195 habet
2241 5138 2464 5193 exitum.
2494 5135 2548 5190 Si
2577 5133 2718 5189 enim
2749 5131 2908 5187 finem
2931 5147 3035 5186 non
3058 5131 3300 5196 haberet,
3329 5140 3516 5182 natura
3535 5141 3640 5181 non

2059 5229 2348 5286 sufﬁceret.
2390 5230 2460 5282 At
2495 5226 2829 5295 complures,
2855 5223 3083 5293 inquies,
3119 5234 3298 5275 secum
3329 5216 3512 5272 trahit.
3536 5215 3641 5271 Sed

2061 5325 2110 5378 id
2145 5339 2252 5378 non
2283 5323 2344 5376 lit
2366 5337 2432 5375 ex
2457 5319 2572 5391 ejus
2597 5316 2844 5372 violentia
2865 5357 2880 5381 ,
2908 5313 3003 5370 sed
3034 5321 3250 5382 propter
3275 5324 3374 5366 eos
3399 5309 3489 5380 qui
3517 5319 3642 5364 sunt

2061 5417 2234 5488 ignavi
2263 5424 2319 5472 et
2356 5413 2511 5469 facile
2551 5417 2974 5483 prosternuntur.
3024 5403 3102 5458 Ne
3139 5416 3269 5472 ergo
3293 5399 3640 5464 seducamur,

2061 5513 2154 5570 sed
2193 5510 2260 5566 ad
2286 5523 2348 5565 ea
2377 5521 2496 5579 quae
2540 5505 2723 5560 intima
2763 5508 2885 5556 sunt
2927 5497 3044 5568 ejus
3069 5492 3440 5567 perveniamus
3465 5534 3483 5555 ,
3529 5494 3641 5552 loca

2128 5681 2142 5710 ι
2181 5673 2340 5728 savii.,
2366 5674 2500 5734 furor
2533 5665 2651 5728 ejus.
