4062 6208
464 263 570 323 3εό

465 379 585 444 eius
608 353 1030 432 consideremus,
1049 377 1260 419 sacram
1281 372 1532 416 ancoram
1559 350 2041 426 apprehendamus,

466 442 525 523 ut
570 464 771 522 nullum
811 460 1076 534 patiamur
1105 451 1471 522 naufragium.
1523 447 1762 503 Torrens
1791 442 1936 499 enim
1965 447 2049 495 est

465 561 533 618 ad
563 568 773 629 tempus
799 532 1069 614 terribilis,
1108 558 1164 604 et
1192 560 1406 602 rursum
1435 555 1594 612 supra
1625 537 1839 629 modum
1864 532 2047 603 depri-

467 653 649 707 mitur.
679 625 844 718 iAqua
867 641 1199 698 absorbuisset
1226 653 1338 692 nos.
1389 633 1542 688 Alius
1573 627 1648 700 (a)
1673 670 1689 694 ,
1739 625 1880 680 Tunc
1919 628 2049 696 forte

467 758 613 814 aqua:
661 738 1035 794 inundauissent
1083 747 1173 786 nos
1224 727 1366 798 quasi
1401 734 1598 778 torrens
1649 726 2049 790 pertranseuntes

467 811 642 888 contra
685 832 908 886 animum
936 835 1178 882 nostram.
1223 819 1464 875 Forsitan
1504 813 1851 886 pertransisset
1877 811 2050 864 anima

469 935 644 981 nostra
671 937 854 994 aquam
882 915 1264 974 intolerabilem.
1314 910 1503 974 Alius,
1553 904 1696 960 Tunc
1737 903 2049 994 transiissent

469 1031 622 1087 super
650 991 874 1068 animam
902 1017 1161 1070 nostram,
1212 1012 1466 1071 tamquam
1500 1013 1682 1063 aqua,
1725 993 1926 1087 superbi
1951 991 2046 1064 (b).

471 1084 661 1160 Vidisti
702 1109 956 1172 quantum
997 1097 1066 1151 sit
1103 1094 1196 1149 Dei
1225 1089 1522 1146 auxilium?
1565 1084 1833 1157 quomodo
1869 1084 1922 1138 in
1974 1091 2052 1137 tot

471 1196 624 1251 malis
649 1208 756 1247 non
781 1190 964 1247 siverit
991 1201 1085 1244 eos
1105 1182 1369 1253 submergi
1390 1182 1416 1236 ‘l
1441 1179 1566 1235 ideo
1594 1177 1736 1234 enim
1766 1175 1893 1230 sinit
1912 1175 2049 1228 mala

469 1298 736 1352 crescere,
767 1298 874 1338 non
900 1287 958 1335 ut
988 1293 1086 1334 nos
1115 1275 1376 1338 obruant,
1403 1271 1496 1327 sed
1524 1277 1584 1325 ut
1606 1268 1774 1338 magis
1803 1267 2052 1335 probatos

470 1382 736 1445 efficiant,
785 1387 838 1434 et
862 1391 972 1432 sua:
1001 1372 1252 1445 potentia:
1287 1369 1543 1439 majorem
1577 1365 1809 1435 praebeat
1834 1363 2054 1418 demon-

473 1471 801 1528 strationem.
831 1465 1102 1536 Superbos
1130 1471 1306 1518 autem
1334 1459 1423 1514 hic
1441 1457 1568 1512 dicit
1590 1456 1792 1518 hostes,
1815 1451 1902 1522 qui
1924 1463 2056 1520 quo-

474 1565 554 1617 vis
581 1567 848 1625 torrente,
879 1567 934 1613 et
955 1554 1144 1626 quavis
1171 1567 1306 1627 aqua
1339 1545 1655 1605 intolerabili
1687 1541 2056 1600 vehementius

477 1654 774 1714 irruentes,
818 1647 952 1703 nihil
980 1647 1125 1716 ipsos
1152 1645 1424 1698 luserunt.
1474 1640 1530 1694 In
1561 1651 1718 1693 causa
1753 1643 1838 1690 est
1877 1641 2054 1688 autem

478 1743 573 1797 Dei
617 1741 922 1812 praesidium
947 1777 964 1803 ,
1007 1735 1219 1792 creleste
1262 1730 1554 1787 subsidium
1580 1769 1595 1792 ,
1636 1727 1888 1782 auxilium
1915 1721 2055 1794 quod

476 1831 716 1903 superari
744 1845 849 1884 non
875 1835 1069 1898 potest.
1095 1825 1166 1879 Et
1194 1823 1314 1878 ideo
1341 1837 1460 1877 cum
1482 1821 1596 1890 ipse
1619 1818 1843 1874 dixisset
1865 1815 2058 1870 libera-

479 1926 676 1979 tionem
702 1937 731 1976 a
759 1921 909 1975 malis
934 1960 948 1984 ,
979 1918 1108 1974 dicit
1127 1931 1249 1972 eum
1277 1915 1434 1970 etiam
1463 1913 1550 1983 qui
1580 1911 1860 1974 liberavit,
1903 1909 2060 1978 idque

479 2030 598 2071 cum
635 2026 842 2068 summa
883 2011 998 2079 ejus
1039 2007 1213 2063 laude.
1265 2006 1321 2060 5.
1351 2003 1652 2058 Benedictus
1676 1999 1946 2064 Dominus,
1975 1997 2059 2060 qui

481 2122 582 2159 non
623 2103 762 2157 dedit
793 2118 884 2155 nos
925 2101 977 2154 in
1003 2099 1283 2169 captionem
1309 2093 1754 2150 dentibuseorum.
1800 2089 1853 2145 6.
1878 2089 2062 2142 Anima

483 2207 656 2252 nostra
674 2196 798 2249 sicut
831 2207 1003 2263 passer
1023 2197 1192 2260 erepta
1229 2196 1300 2242 est
1329 2187 1392 2240 de
1426 2187 1604 2255 laqueo
1632 2181 1938 2236 venantium.
1971 2179 2062 2233 Vi-

481 2290 604 2345 diSti
642 2285 906 2358 quomodo
931 2299 1082 2338 suam
1122 2281 1353 2336 ostendit
1387 2277 1833 2339 imbecillitatem,
1861 2282 1918 2328 et
1944 2271 2064 2326 illo-

483 2397 602 2436 rum
633 2376 956 2450 potentiam?
987 2375 1227 2431 lllienim
1259 2382 1507 2441 tanquam
1537 2368 1666 2424 ferae
1693 2375 1748 2422 et
1766 2367 1951 2422 leones
1967 2379 2062 2420 eos

485 2470 841 2534 invadebant,
875 2466 1040 2537 parati
1065 2465 1152 2520 vel
1173 2478 1358 2519 eorum
1389 2460 1531 2516 vesci
1562 2458 1844 2524 carnibus,
1871 2455 2062 2512 armati

483 2573 539 2618 et
566 2563 766 2618 viribus
788 2570 844 2616 et
871 2557 1138 2615 iracundia
1163 2572 1178 2621 ;
1226 2555 1278 2610 hi
1305 2567 1433 2609 vero
1461 2559 1612 2608 erant
1636 2550 1823 2620 quovis
1847 2561 2064 2619 passere

485 2653 878 2710 imbecilliores.
905 2649 1053 2705 Tunc
1069 2648 1210 2703 enim
1240 2646 1331 2701 Dei
1353 2643 1602 2699 miracula
1633 2641 1863 2696 maxime
1884 2647 2070 2695 osten-

483 2746 701 2809 duntur,
731 2740 944 2812 quando
965 2739 1056 2810 qui
1081 2747 1204 2792 sunt
1224 2735 1495 2798 imbecilli,
1522 2741 1775 2802 superant
1802 2730 2067 2800 potentio-

485 2851 592 2891 res.
626 2834 734 2890 Nec
754 2849 819 2888 eo
855 2833 1028 2887 solum
1065 2837 1220 2885 erant
1257 2825 1464 2882 insidia:
1491 2825 1852 2880 intolerabiles
1875 2863 1891 2888 ,
1923 2821 2064 2892 quod

487 2929 559 2982 illi
585 2926 798 2998 quidem
825 2931 1004 2979 essent
1030 2930 1276 2992 potentes
1301 2927 1356 2974 et
1378 2916 1644 2972 terribiles
1661 2956 1676 2981 ,
1710 2915 1788 2969 ira
1817 2912 1981 2984 pleni,
2013 2921 2068 2968 et

484 3022 568 3076 vel
592 3034 776 3076 eorum
817 3016 1064 3072 carnibus
1095 3013 1237 3068 vesci
1264 3011 1434 3082 parati
1463 3027 1476 3063 :
1507 3009 1562 3063 hi
1590 3018 1765 3064 autem
1795 3006 2063 3068 imbecilli,

485 3124 540 3170 et
568 3114 748 3183 pauci,
799 3111 889 3181 qui
934 3107 1084 3163 facile
1124 3104 1302 3160 invadi
1332 3111 1586 3174 possent:
1613 3101 1704 3157 sed
1736 3101 1896 3155 etiam
1924 3098 2066 3170 quod

487 3215 669 3263 essent
705 3206 757 3260 in
799 3203 988 3258 mediis
1027 3200 1178 3254 malis
1217 3196 1518 3266 intercepti,
1563 3203 1618 3250 et
1647 3194 1878 3264 undique
1905 3192 2067 3248 cincti

487 3297 902 3360 difficultatibus,
925 3291 1184 3348 haberent
1203 3289 1435 3358 undique
1453 3286 1590 3342 bella
1609 3301 1703 3341 eos
1723 3286 2069 3341 circumten-

489 3395 561 3449 tia
594 3413 607 3447 :
638 3391 732 3448 sed
761 3390 848 3460 qui
869 3397 952 3443 est
970 3386 1198 3441 maxima
1224 3391 1487 3454 potestate
1517 3380 1789 3451 praeditus,
1817 3389 1872 3435 et
1894 3386 2069 3450 potest

487 3485 718 3552 undique
740 3493 1077 3540 conservare.
1103 3478 1264 3533 etiam
1290 3484 1568 3545 postquam
1594 3473 1826 3544 pericula
1845 3482 1901 3528 et
1927 3472 2065 3527 mala

487 3573 969 3634 circumsederant;
1020 3585 1120 3624 nos
1144 3611 1160 3635 ,
1193 3568 1378 3638 inquit,
1427 3567 1674 3621 liberavit
1717 3581 1837 3620 cum
1878 3581 2067 3636 magna

489 3664 756 3720 facilitate.
808 3662 957 3729 Quod
984 3661 1197 3732 quidem
1227 3659 1411 3714 volens
1435 3658 1718 3714 ostendere
1739 3701 1754 3726 ,
1782 3659 1858 3714 sic
1886 3657 2023 3712 dixit
2051 3676 2064 3711 :

487 3756 670 3809 Anima
691 3762 860 3807 nostra
876 3754 1002 3806 sicut
1022 3767 1193 3821 passer
1204 3762 1374 3821 erepta
1393 3749 1542 3805 estde
1562 3751 1739 3822 laqueo
1759 3751 2064 3805 venantium.

489 3847 540 3900 7.
573 3845 804 3918 Laqueus
827 3846 1072 3899 contritus
1096 3854 1187 3912 est,
1217 3853 1265 3898 et
1289 3860 1380 3898 nos
1403 3843 1604 3897 liberati
1627 3860 1819 3898 sumus.
1863 3843 2068 3900 Deinde

487 3937 775 3992 ostendens
799 3939 956 3992 etiam
987 3937 1252 4007 quomodo
1275 3979 1289 4003 ,
1318 3937 1592 4006 subjunxit
1611 3979 1628 3998 .
1657 3937 1711 3992 8.
1741 3937 2066 4004 Adjutorium

489 4039 713 4084 nostrum
747 4029 800 4082 in
827 4030 1027 4082 nomine
1052 4027 1279 4092 Domini,
1306 4029 1392 4096 qui
1419 4029 1536 4099 fecit
1576 4027 1754 4081 caelum
1784 4041 1830 4080 et
1859 4037 2065 4081 terram.

490 4120 678 4176 Vidisti
718 4120 1046 4175 auxiliatoris
1071 4118 1355 4176 virtutem?
1382 4120 1558 4174 vidisti
1593 4121 1921 4190 potentiam?
1951 4119 2068 4190 Ipsa

485 4212 648 4268 etiam
672 4211 977 4266 insidiarum
1007 4211 1326 4266 adminicula
1345 4209 1577 4265 sustulit.

560 4306 777 4374 Quantis
813 4321 905 4360 nos
943 4304 1148 4359 auxiliis
1203 4301 1496 4357 instruxerit
1520 4303 1658 4357 Deus
1685 4304 1922 4358 adversm
1949 4305 2067 4358 dia-

485 4399 694 4463 bolum;
719 4397 805 4466 qui
830 4397 888 4466 ﬁt
915 4397 978 4450 ab
1014 4397 1124 4464 ipso
1163 4411 1255 4449 nos
1289 4404 1454 4448 tamen
1483 4395 1632 4448 vinci.
1659 4422 1730 4438 ο-
1762 4395 1873 4450 lloc
1909 4393 2065 4450 etiam

486 4489 773 4558 anagogice
801 4487 1067 4555 acceperit
1103 4485 1364 4556 quispiam
1405 4485 1474 4541 de
1508 4485 1721 4540 diabolo
1745 4529 1760 4551 ,
1807 4497 1862 4542 et
1885 4487 1953 4542 de
1977 4503 2068 4556 ge-

488 4593 617 4633 nere
647 4578 941 4632 hominum.
973 4575 1219 4632 Ostendit
1253 4577 1450 4647 quippe
1493 4576 1761 4646 quomodo
1786 4578 2063 4647 eripuerit,

486 4683 540 4721 et
566 4663 682 4737 ejus
711 4667 983 4722 sustulerit
1019 4667 1237 4722 insidias
1269 4685 1283 4722 :
1319 4667 1421 4722 hoc
1466 4669 1608 4722 enim
1655 4667 1848 4722 factum
1879 4677 1962 4723 est
2000 4685 2064 4724 ex

486 4771 592 4820 quo
613 4757 745 4811 dixit
767 4757 1043 4826 discipulis
1073 4775 1088 4810 :
1118 4757 1383 4812 Ambulate
1409 4774 1562 4828 super
1584 4767 1834 4829 serpentes
1856 4768 1903 4814 et
1929 4777 2067 4814 scor-

483 4845 678 4910 piones,
705 4855 750 4900 et
769 4861 921 4915 super
937 4863 1134 4900 omnem
1156 4856 1447 4918 potestatem
1468 4848 1656 4901 inimici
1672 4846 1820 4921 (Luc.
1847 4849 2062 4916 10.19).

489 4935 600 4990 Non
628 4937 768 4990 enim
803 4945 886 4991 est
911 4938 1138 5007 amplius
1159 4947 1408 5007 apertum
1431 4938 1624 4993 bellum
1648 4981 1664 5005 ,
1694 4955 1792 4997 nec
1818 4955 1886 4995 ex
1912 4956 2066 5010 aequo

485 5026 742 5083 instructa
780 5027 963 5093 acies;
1006 5027 1100 5083 sed
1124 5028 1212 5084 ille
1238 5028 1452 5099 quidem
1469 5029 1612 5100 jacet
1637 5046 1836 5101 pronus
1860 5040 1914 5086 et
1941 5046 2064 5101 pro-

483 5118 758 5183 cumbens,
792 5129 845 5173 tu
861 5129 1038 5173 autem
1067 5130 1178 5174 stas
1201 5134 1430 5187 erectus,
1451 5137 1514 5177 ex
1541 5123 1649 5176 alto
1676 5139 1800 5178 eum
1829 5123 2060 5178 feriens:

487 5215 577 5272 ille
617 5211 831 5282 quidem
878 5223 1194 5279 enervatus,
1246 5223 1300 5267 tu
1331 5229 1460 5269 vero
1485 5216 1732 5270 robustus
1760 5224 1815 5270 et
1837 5214 2060 5269 validus.

483 5305 582 5371 Qui
605 5304 664 5358 fit
679 5319 809 5376 ergo
829 5312 887 5360 ut
910 5318 1054 5374 saepe
1079 5306 1292 5360 vincat?
1323 5306 1435 5362 Hoc
1463 5306 1515 5361 fit
1539 5323 1604 5362 ex
1624 5316 1802 5361 nostra
1835 5307 2059 5377 ignavia,

543 5481 596 5542 (ο
649 5483 735 5531 ttie
757 5483 1002 5545 interpres
1021 5486 1131 5547 quis
1150 5485 1215 5535 sit
1245 5488 1260 5536 i
1297 5493 1506 5535 noratur.

548 5482 621 5603 (li;
652 5549 761 5592 tunc
785 5543 1124 5603 interpretatio
1149 5555 1226 5596 est
1249 5499 1456 5603 Equum,
1479 5559 1506 5594 υ

526 5540 621 5611 _(b)
652 5549 761 5592 tunc
785 5540 1124 5611 interpretatio
1149 5555 1226 5596 est
1249 5540 1456 5609 Kquilaz,
1479 5552 1534 5595 ut.
1567 5548 1615 5597 in
1637 5547 1865 5609 tlexaplis
1887 5547 2063 5596 nostris

494 5605 662 5677 vidgt'e
683 5611 775 5677 est.
806 5611 854 5654 In
877 5605 1028 5677 Savil.
1057 5611 1238 5677 desunt
1261 5605 1340 5677 ne
1361 5624 1522 5670 voces,
1546 5605 1934 5677 tmiqnam'uqmv
1977 5621 2063 5676 (ὡς

491 5668 548 5710 τὰ
571 5664 756 5728 ὕδατα),
779 5681 887 5728 qutc
910 5675 1073 5719 tamen
1103 5673 1179 5720 hic
1204 5664 1535 5734 requiruntur.

1222 250 1286 306 S.
1325 242 1599 304 JO.\NNiS
1633 232 2108 296 CHRYSOSTOMI
2146 233 2461 290 ARCIIIEP.
2501 231 3032 290 CONSTANTINOP.

3629 235 3732 291 358

2151 364 2216 402 ex
2247 345 2490 402 socordia
2518 361 2706 402 eorum
2729 347 2826 417 qui
2861 346 3155 402 dormint.
3195 346 3253 403 Si
3281 346 3410 402 velis
3446 347 3625 418 itaque
3650 364 3736 399 ra-

2153 439 2369 499 sistere.
2421 453 2528 492 non
2571 437 2732 492 audet
2767 447 2942 492 tecum
2982 431 3237 492 instructa
3267 437 3382 492 acie
3417 436 3728 510 confligere.

2153 527 2304 596 Quod
2332 530 2375 582 si
2401 527 2561 584 vincit
2604 529 2994 595 dormientem,
3043 528 3098 584 id
3127 543 3230 584 non
3271 529 3414 584 illius
3455 531 3731 600 potentiae,

2153 621 2248 676 sed
2275 630 2377 674 tua:
2408 620 2741 675 tribuendum
2764 630 2848 676 est
2876 621 3230 691 negligentiae.
3278 621 3409 690 Quis
3435 622 3580 678 enim
3605 622 3731 678 dor-

2150 711 2406 767 mientem
2437 725 2542 766 non
2570 712 2793 777 vicerit,
2823 711 2924 766 etsi
2951 711 3021 766 sit
3048 712 3288 766 omnium
3317 712 3730 780 imbecillimus?

2155 801 2414 870 Alligatus
2441 810 2523 856 est
2547 800 2729 866 fortis,
2780 800 3160 870 impedimenta
3184 801 3301 872 ejus
3324 803 3504 858 omnia
3525 803 3732 875 direpta

2155 901 2278 946 sunt
2301 933 2314 955 ,
2341 893 2504 948 fracta
2529 902 2613 947 est
2641 894 2898 963 potentia,
2930 903 3142 964 ruptum
3165 905 3248 951 est
3271 911 3334 951 ac
3353 896 3588 951 dirutum
3619 898 3734 968 ejus

2157 983 2510 1038 habitaculum
2532 1024 2546 1048 ,
2594 983 2811 1038 framea:
2837 984 2952 1054 ejus
2978 985 3310 1040 defecerunt.
3362 985 3501 1054 Quid
3539 988 3620 1041 vis
3654 988 3737 1042 his

2155 1076 2420 1146 amplius?
2470 1091 2570 1146 qua
2629 1075 2699 1132 de
2756 1091 2916 1132 causa
2953 1093 3076 1132 eum
3120 1077 3318 1133 times?
3359 1093 3456 1134 cur
3496 1081 3740 1135 vereris?

2155 1163 2345 1219 Jussus
2371 1179 2429 1220 es
2456 1167 2773 1222 eonculcare
2800 1181 2942 1234 eum,
2975 1169 3064 1237 qui
3094 1176 3176 1222 est
3197 1178 3481 1224 enervatus
3512 1187 3524 1223 :
3553 1186 3737 1240 quam-

2156 1255 2340 1310 obrem
2360 1296 2377 1322 ,
2405 1254 2521 1322 dic,
2549 1269 2731 1324 quaeso
2751 1297 2766 1321 ,
2809 1257 3219 1312 contremiscis?
3263 1272 3359 1312 cur
3379 1260 3648 1314 cunctaris
3675 1275 3738 1314 ac

2153 1345 2403 1402 dubitas?
2455 1348 2650 1400 Annon
2697 1347 2900 1417 cogitas
2928 1347 3100 1417 qualis
3127 1349 3196 1403 sit
3221 1349 3312 1418 qui
3343 1349 3436 1404 tibi
3467 1349 3568 1406 fert
3593 1353 3740 1406 auxi-

2157 1435 2329 1490 lium?
2369 1435 2484 1492 Non
2531 1439 2703 1494 solum
2730 1438 2870 1494 enim
2903 1438 3073 1494 hostis
3100 1449 3220 1494 tuus
3259 1441 3427 1496 factus
3460 1453 3545 1497 est
3572 1443 3738 1499 imbe-

2158 1525 2374 1581 cillior:
2406 1527 2501 1581 sed
2543 1527 2704 1582 etiam
2754 1537 2899 1582 tuum
2947 1528 3119 1598 majus
3144 1539 3227 1584 est
3253 1531 3530 1586 auxilium.
3575 1532 3739 1588 Com-

2160 1633 2344 1688 pressa
2362 1628 2445 1674 est
2468 1619 2644 1676 carnis
2665 1621 2966 1687 exsultatio,
2990 1622 3192 1691 peccati
3211 1623 3386 1678 ablata
3407 1635 3491 1680 est
3509 1627 3741 1692 sarcina,

2159 1709 2380 1778 gratiam
2407 1709 2635 1779 Spiritus
2663 1713 2947 1781 accepisti,
2975 1729 3096 1783 qua:
3137 1713 3294 1770 habet
3320 1715 3428 1770 vim
3453 1719 3734 1773 unctionis.

2163 1801 2301 1856 Nam
2319 1802 2455 1874 quod
2477 1803 2784 1872 impossibile
2808 1817 2914 1859 erat
2943 1805 3072 1877 legi,
3104 1806 3156 1859 in
3182 1823 3281 1874 quo
3303 1817 3411 1861 erat
3436 1809 3742 1864 imbecillum

2163 1910 2254 1962 per
2282 1910 2482 1950 carnem
2502 1935 2517 1961 ,
2549 1894 2686 1950 Deus
2731 1895 2883 1950 misso
2926 1913 3016 1950 suo
3045 1895 3181 1951 Filio
3201 1898 3256 1952 in
3280 1899 3608 1956 similitudine
3629 1919 3743 1955 car-

2163 1986 2240 2038 nis
2285 1985 2513 2055 peccati,
2559 1996 2607 2040 et
2645 1988 2708 2040 de
2755 1999 2958 2058 peccato
3003 1989 3351 2044 condemnauit
3395 2005 3648 2062 peccatum
3687 1997 3740 2048 in

2161 2091 2314 2128 carne
2333 2116 2348 2140 ,
2377 2085 2430 2130 ut
2449 2076 2754 2146 justi/icatio
2777 2078 2904 2148 legis
2933 2079 3223 2150 impleretur
3246 2081 3300 2135 in
3327 2083 3467 2136 nobis
3486 2125 3503 2151 ,
3527 2087 3613 2153 qui
3640 2102 3739 2139 non

2163 2166 2436 2244 secundum
2467 2183 2669 2222 carnem
2696 2168 3013 2225 ambulamus
3041 2169 3216 2240 (Rom.
3239 2173 3291 2228 8.
3323 2175 3375 2229 5.
3403 2175 3480 2246 Α).
3511 2177 3738 2232 Carnem

2163 2255 2290 2314 fecit
2313 2258 2403 2314 tibi
2423 2260 2764 2330 morigeram,
2793 2277 2938 2316 arma
2965 2262 3058 2318 tibi
3089 2262 3326 2330 donavit,
3359 2265 3628 2321 thoracem
3655 2269 3742 2337 ju-

2165 2349 2322 2404 stiti-.e
2345 2391 2360 2416 ,
2389 2349 2655 2420 cingulum
2686 2351 2958 2418 veritatis,
2999 2352 3203 2422 galeam
3242 2355 3460 2420 salutis,
3501 2357 3742 2427 clypeum

2165 2438 2309 2505 iidei,
2336 2440 2568 2511 gladium
2605 2442 2856 2512 Spiritus,
2884 2444 3095 2500 arrham
3123 2444 3288 2511 dedit.
3319 2461 3542 2518 corpore
3565 2463 3666 2504 suo
3695 2459 3744 2504 te

2167 2533 2352 2599 nutrit,
2369 2534 2678 2605 sanguinem
2693 2550 2846 2592 suum
2865 2535 2958 2590 tibi
2973 2536 3257 2593 bibendum
3277 2539 3519 2609 porrigit,
3533 2554 3741 2597 crucem

2168 2627 2262 2682 tibi
2297 2637 2568 2697 tamquam
2617 2627 2855 2684 lanceam
2899 2628 2953 2684 in
2995 2644 3183 2684 manus
3209 2631 3423 2686 tradidit
3449 2631 3660 2704 (Ephes.
3691 2633 3742 2688 6.

2169 2718 2254 2774 14.
2282 2719 2476 2790 seqq.),
2524 2720 2760 2774 lanceam
2803 2737 2921 2791 quze
2967 2737 3251 2792 numquam
3286 2722 3560 2780 flectitur:
3603 2727 3748 2781 illum

2167 2813 2420 2883 alligavit,
2454 2811 2596 2866 humi
2622 2813 2861 2881 projecit.
2889 2812 3003 2878 Non
3028 2813 3190 2868 habes
3211 2814 3387 2884 itaque
3403 2832 3508 2886 quo
3530 2825 3585 2872 te
3605 2817 3749 2872 deiu-

2167 2924 2294 2978 ceps
2319 2907 2572 2963 defendas
2590 2948 2607 2973 ,
2633 2908 2679 2962 si
2709 2908 2936 2962 vincaris
2966 2925 2978 2962 :
3007 2917 3062 2963 et
3090 2908 3134 2962 si
3166 2908 3494 2979 profligcris,
3535 2926 3638 2965 non
3668 2922 3752 2966 est

2169 3001 2262 3055 tibi
2289 2999 2462 3055 danda
2493 3001 2668 3054 venia.
2699 2998 2874 3055 [labes
2901 2998 3040 3054 enim
3075 2999 3380 3056 innumeras
3403 3001 3634 3056 victoriae
3653 3019 3751 3056 an-

2168 3106 2279 3150 sas.
2303 3091 2536 3159 Laqueus
2560 3092 2804 3146 contritus
2830 3100 2923 3158 est,
2951 3091 3140 3160 inquit,
3159 3101 3206 3146 et
3223 3108 3312 3146 nos
3333 3093 3529 3148 liberati
3550 3111 3748 3150 sumus.

2170 3183 2496 3253 Adjutorium
2521 3193 2748 3238 nostrum
2775 3184 2830 3237 in
2851 3184 3054 3238 nomine
3088 3182 3292 3237 Domini
3317 3185 3404 3252 qui
3428 3187 3544 3256 fecit
3568 3186 3750 3240 uelum

2169 3286 2215 3330 et
2242 3286 2446 3330 terram.
2489 3274 2650 3330 Vides
2669 3275 2878 3346 qualem
2908 3275 3072 3330 habes
3107 3275 3508 3344 Imperatorem,
3535 3278 3749 3348 qualem

2171 3369 2402 3438 Regem,
2433 3383 2553 3422 eum
2581 3367 2672 3438 qui
2700 3375 2782 3421 est
2824 3365 3055 3422 universi
3080 3365 3266 3436 Opifex
3291 3407 3304 3433 ,
3333 3382 3455 3422 eum
3497 3369 3588 3438 qui
3634 3369 3751 3424 solo

2170 3458 2334 3513 verbo
2365 3466 2442 3512 tot
2467 3472 2690 3526 corpora
2721 3457 2999 3526 produxit,
3053 3465 3252 3512 tantam
3280 3459 3472 3513 molem
3498 3499 3512 3524 ,
3547 3469 3749 3514 tantam

2171 3548 2623 3622 magnitudinem?
2649 3547 2728 3603 Ne
2751 3549 2983 3602 animum
3004 3547 3251 3603 demittas
3268 3589 3283 3614 ,
3317 3549 3438 3604 forti
3463 3551 3640 3604 animo
3665 3565 3754 3604 ro-

2170 3641 2349 3696 sistas.
2405 3639 2548 3694 Nihil
2622 3647 2766 3696 vetat
2811 3637 3094 3710 quominus
3140 3648 3395 3710 tropaeum
3447 3649 3594 3696 tuum
3646 3650 3752 3696 stet

2170 3741 2428 3787 erectum.
2462 3731 2587 3786 Haec
2609 3745 2737 3802 ergo
2766 3744 2886 3785 cum
2908 3730 3140 3796 sciamus
3159 3771 3175 3796 ,
3203 3745 3236 3784 ο
3261 3730 3468 3792 dilecti,
3492 3731 3654 3786 sobrii
3678 3733 3753 3784 si-

2171 3839 2290 3879 mus
2307 3864 2322 3890 ,
2353 3831 2720 3878 concertemus
2742 3863 2758 3888 ,
2798 3835 2898 3877 nec
2923 3819 3251 3876 dormiamus
3273 3861 3288 3886 ,
3335 3821 3431 3877 sed
3455 3837 3574 3876 cum
3600 3836 3751 3876 arma

2170 3917 2596 3979 absterserimus,
2615 3915 2884 3986 animique
2899 3915 3226 3970 alacritatem
3237 3915 3750 3980 contirmaverimus,

2172 4012 2384 4068 hostem
2434 4009 2648 4065 assidue
2691 4007 2978 4073 feriamus,
3019 4015 3080 4062 ut
3101 4023 3221 4064 cum
3249 4007 3557 4077 praeclaram
3584 4007 3752 4063 vieto.

2173 4103 2304 4158 riam
2323 4101 2684 4166 retulerimus,
2703 4115 2824 4154 cum
2853 4115 3038 4169 magna
3061 4099 3230 4169 gloria
3250 4114 3469 4168 regnum
3496 4099 3752 4154 calorum

2169 4208 2558 4264 consequamur
2583 4210 2596 4247 :
2622 4192 2762 4262 quod
2793 4191 2946 4246 nobis
2972 4190 3128 4244 detur
3150 4189 3359 4259 assequi
3383 4189 3550 4258 gratia
3577 4198 3630 4242 et
3658 4187 3753 4240 be.-

2172 4287 2427 4359 nignitate
2468 4285 2675 4339 Domini
2704 4285 2867 4337 nostri
2911 4282 3038 4336 Jesu
3080 4280 3278 4335 Christi
3303 4321 3320 4346 ,
3371 4280 3454 4333 cui
3500 4277 3667 4348 gloria
3694 4288 3752 4332 et

2170 4378 2448 4448 imperium
2479 4377 2531 4430 in
2562 4374 2753 4430 sazcula
2782 4373 3120 4428 surculorum.
3147 4374 3336 4424 Amen.

2609 4507 2675 4561 IN
2714 4505 3032 4561 PSALMUM
3070 4503 3303 4560 CXXIV.

2277 4624 2328 4678 l.
2365 4621 2466 4688 Qui
2492 4619 2754 4689 conﬁdunt
2779 4619 2832 4672 in
2859 4618 3075 4674 Domina
3099 4659 3114 4682 ,
3145 4619 3276 4673 sicut
3305 4635 3448 4672 mons
3475 4617 3624 4672 Sion.
3698 4615 3704 4620 ’

2245 4739 2295 4793 Ι.
2325 4735 2462 4804 Quid
2489 4733 2588 4789 sibi
2617 4735 2730 4790 vult
2745 4731 2952 4788 additio
2983 4733 3156 4788 Sion?
3182 4748 3280 4788 cur
3305 4733 3448 4788 enim
3478 4747 3582 4787 non
3615 4730 3750 4786 dtxit

2168 4831 2409 4887 absolute
2428 4874 2443 4898 ,
2473 4831 2618 4887 Sicut
2647 4846 2791 4884 mons
2810 4869 2824 4893 ,
2853 4828 2946 4883 sed
2983 4829 3126 4882 illius
3153 4827 3351 4883 montis
3379 4826 3653 4884 meminit?
3681 4826 3749 4882 Ut

2168 4925 2355 4980 doceat
2387 4940 2492 4980 non
2519 4922 2715 4978 debere
2757 4936 2856 4976 nos
2886 4921 3121 4975 animum
3170 4919 3405 4990 dejicere
3434 4921 3486 4975 in
3525 4921 3748 4976 calanu-

2170 5017 2400 5083 tatibus,
2443 5029 2544 5072 nec
2586 5015 2655 5070 a‘b
2692 5014 2757 5070 iis
2785 5005 3151 5085 pessumdari,
3181 5011 3275 5067 sed
3308 5026 3340 5066 a
3365 5028 3462 5080 spe
3503 5013 3553 5067 in
3583 5012 3745 5068 Deum

2170 5109 2464 5180 pendentes
2482 5147 2497 5170 .
2521 5111 2696 5163 omnia
2726 5107 2869 5162 ferre
2893 5107 3118 5169 fortiter,
3156 5105 3328 5171 bella,
3359 5120 3561 5176 pugnas
3583 5115 3636 5161 et
3665 5116 3745 5161 tu-

2169 5201 2385 5254 multus.
2437 5196 2892 5266 Quemadmodum
2938 5199 3077 5250 enim
3124 5197 3211 5253 hic
3257 5212 3412 5254 mons
3441 5197 3531 5270 qui
3575 5195 3744 5253 fuerat

2169 5290 2487 5361 quandoque
2533 5289 2812 5352 desertus,
2861 5298 2910 5343 et
2963 5289 3191 5343 nudatus
3229 5289 3650 5354 habitatoribus,
3677 5289 3742 5343 ad

2168 5383 2398 5454 priorem
2425 5381 2655 5437 redierat
2683 5383 3111 5450 prosperitatem,
3145 5383 3305 5436 veteri
3333 5391 3474 5436 statu
3504 5392 3740 5452 recepto,

2165 5491 2286 5532 cum
2333 5476 2519 5530 incola:
2561 5474 2876 5541 rediissent,
2921 5484 2976 5529 et
3004 5473 3256 5529 miracula
3287 5489 3472 5531 rursus
3496 5473 3742 5530 ostende-

2165 5576 2350 5622 rentur
2378 5583 2393 5620 :
2422 5566 2490 5620 ita
2521 5566 2681 5620 etiam
2709 5567 2790 5620 vir
2815 5565 2965 5620 fortis
2983 5605 2998 5631 ,
3029 5564 3152 5619 licet
3176 5564 3244 5620 ab
3273 5565 3566 5620 innumeris
3595 5565 3738 5619 inva-

2168 5659 2322 5714 datur
2358 5659 2774 5726 calamitatibus,
2808 5675 2909 5712 non
2939 5665 3228 5712 evertetur.
3273 5655 3349 5710 Ne
3378 5671 3505 5726 ergo
3529 5671 3734 5727 qumt‘as
