4062 6208
426 257 524 319 351

427 377 580 431 vitam
613 376 680 431 ab
707 377 953 430 omnibus
983 377 1203 446 negotiis
1230 387 1286 431 et
1311 378 1562 431 :eruumis
1591 385 1864 438 remotam,
1895 373 1988 428 sed

419 483 574 538 quam
598 466 818 520 minime
843 467 1123 522 detrahant
1140 469 1386 537 pericula.
1405 470 1502 521 Ars
1525 469 1661 522 enim
1680 484 1780 520 non
1803 466 1990 520 eodem

421 556 578 610 modo
604 557 930 620 ostenditur,
973 559 1016 612 si
1043 559 1160 627 quis
1195 558 1247 610 in
1279 567 1428 624 portu
1463 557 1678 622 sedeat,
1713 567 1766 612 et
1803 557 1844 610 si
1873 557 1990 625 quis

423 645 680 698 undosum
709 661 857 700 mare
881 649 1216 700 transmittat.
1247 646 1337 700 Ille
1365 647 1503 700 enim
1535 647 1782 716 ignavus,
1814 647 1990 699 mollis

422 744 472 791 et
495 747 778 792 enervatus
804 738 1044 792 redditur
1070 756 1082 790 :
1113 739 1196 792 hic
1218 747 1392 792 autem
1419 779 1434 803 ,
1473 738 1563 808 qui
1604 739 1795 792 multas
1829 753 1988 807 rupes

421 827 473 881 in
500 827 629 879 mari
657 826 899 891 latentes,
935 828 1131 881 multos
1169 827 1413 896 scopulos
1439 869 1453 892 ,
1487 829 1677 881 multos
1707 839 1984 882 ventorum

419 916 647 984 impetus
668 955 684 981 ,
729 927 782 970 et
809 917 909 970 alia
938 917 1096 970 maris
1136 917 1361 986 pericula
1388 917 1673 984 sustinuit,
1707 918 1758 972 in
1801 918 1987 987 hisque

420 1011 664 1065 omnibus
689 1011 955 1074 excelluit,
985 1011 1214 1063 animum
1243 1024 1394 1064 suum
1419 1010 1706 1064 ﬁrmiorem
1739 1010 1985 1065 reddidit.

419 1101 475 1156 ln
507 1104 641 1155 hanc
665 1103 806 1155 enim
840 1102 996 1154 vitam
1023 1100 1284 1155 deductus
1313 1116 1371 1155 es
1391 1141 1404 1165 ,
1438 1115 1544 1154 non
1576 1109 1634 1154 ut
1659 1101 1732 1155 sis
1763 1101 1984 1168 otiosus,

421 1209 515 1248 nec
543 1202 597 1246 ut
635 1194 706 1246 sis
735 1193 989 1262 abjectus,
1033 1207 1130 1246 nec
1157 1201 1212 1245 ut
1240 1192 1330 1246 tibi
1363 1191 1488 1245 nihil
1511 1191 1723 1248 adversi
1751 1195 1982 1259 eveniat,

419 1285 508 1339 sed
541 1296 592 1337 ut
626 1287 803 1354 gravia
850 1299 1032 1350 passus
1073 1285 1268 1338 evadas
1313 1283 1522 1338 clarior.
1565 1283 1640 1338 Nc
1665 1285 1890 1338 otiosam
1924 1298 1986 1338 ac

419 1375 729 1441 remissam,
772 1374 1226 1443 voluptatibusque
1255 1383 1308 1428 et
1342 1373 1544 1428 deliciis
1587 1374 1794 1442 plenam
1824 1374 1984 1428 vitam

417 1482 733 1536 qua-raums.
757 1465 870 1520 Non
891 1475 972 1520 est
996 1467 1136 1520 enim
1166 1467 1264 1518 viri
1290 1465 1461 1531 fortis,
1481 1465 1572 1521 sed
1597 1466 1770 1535 potius
1793 1467 1986 1522 vermis

419 1559 518 1610 hoc
545 1556 885 1619 desiderium,
918 1555 1054 1625 ejus,
1082 1557 1313 1625 inquam,
1350 1556 1522 1624 potius
1547 1557 1632 1624 qui
1659 1565 1741 1609 est
1765 1556 2009 1619 rationis,

415 1662 604 1716 expers
622 1687 638 1713 ,
666 1662 822 1716 quam
854 1647 966 1714 ejus
995 1647 1082 1715 qui
1112 1656 1193 1700 est
1217 1647 1421 1700 ratione
1448 1645 1720 1715 praeditus.
1761 1645 1865 1700 Sed
1891 1660 1984 1700 ora

417 1738 625 1806 quidem
655 1737 884 1790 maxime
923 1745 980 1790 ut
1009 1752 1112 1789 non
1145 1738 1305 1791 intres
1338 1736 1390 1790 in
1418 1736 1760 1790 tentationem
1797 1753 1808 1788 :
1842 1735 1985 1806 quod

415 1831 457 1883 si
491 1831 540 1883 in
569 1845 685 1883 eam
715 1827 1028 1898 quandoque
1067 1827 1311 1881 incideris
1334 1867 1350 1894 ,
1393 1841 1460 1881 ne
1503 1841 1642 1895 (egre
1685 1826 1852 1888 feras,
1889 1841 1985 1881 uec

417 1919 746 1974 conturberis
770 1960 784 1984 ,
832 1918 923 1972 sed
950 1916 1033 1972 fac
1059 1917 1234 1971 omnia
1259 1958 1274 1983 ,
1319 1927 1375 1970 ut
1406 1916 1600 1972 evadas
1628 1918 1838 1974 clarior.
1868 1917 1981 1973 Non

416 2010 558 2064 vides
607 2009 769 2064 fortes
801 2009 992 2063 milites
1018 2049 1032 2072 ,
1080 2008 1346 2078 quomodo
1383 2017 1605 2062 vocante
1635 2009 1758 2064 tuba
1784 2017 1980 2078 tropaea

410 2102 699 2170 rc5piciunt
720 2140 740 2166 ,
783 2100 1048 2163 victorias,
1077 2113 1300 2152 coronas
1325 2108 1378 2153 et
1403 2099 1630 2168 majores
1655 2114 1779 2153 suos
1805 2099 1893 2169 qui
1922 2115 1982 2155 se

411 2190 662 2259 pra-clare
704 2189 1018 2258 gesserunt?
1065 2189 1129 2242 Et
1161 2197 1212 2241 tu
1239 2203 1366 2257 ergo
1391 2203 1512 2242 cum
1541 2189 1663 2243 tuba
1689 2189 1979 2258 spiritualis

407 2291 580 2347 sonat,
603 2288 678 2334 sta
701 2281 854 2335 leone
873 2280 1158 2333 animosior
1181 2297 1193 2332 :
1214 2280 1325 2334 sive
1345 2279 1412 2333 sit
1440 2279 1593 2349 ignis,
1621 2280 1732 2335 sive
1755 2281 1975 2345 ferrum,

405 2373 701 2442 ingredere.
756 2370 937 2426 Sciunt
966 2370 1045 2424 vel
1090 2371 1200 2440 ipsa
1243 2370 1501 2426 elementa
1543 2385 1674 2432 eos,
1723 2371 1812 2440 qui
1854 2379 1980 2425 sunt

404 2463 570 2517 virilis
598 2462 790 2525 animi,
836 2461 1088 2516 revereri.
1129 2461 1313 2516 Solent
1355 2461 1512 2516 etiam
1559 2459 1684 2515 ferze
1731 2470 1976 2516 strenuos

405 2553 549 2606 viros
569 2553 958 2621 pertimescere.
991 2551 1240 2618 Quamvis
1261 2566 1351 2606 eas
1377 2552 1562 2616 fames,
1591 2552 1832 2621 quamvis
1862 2551 1975 2621 ipsa

399 2652 586 2696 natura
608 2643 775 2696 irritet
793 2650 844 2696 et
871 2640 1074 2707 efferet,
1100 2644 1333 2694 omnium
1361 2641 1739 2695 obliviscuntur
1762 2641 1974 2712 quando

399 2733 594 2804 justum
634 2732 898 2796 viderint,
947 2732 1182 2802 iramque
1213 2747 1359 2786 suam
1399 2731 1665 2789 cohibent.
1725 2731 1816 2787 His
1847 2747 1974 2802 ergo

400 2825 563 2877 armis
603 2823 856 2878 muniaris
877 2865 890 2888 ,
929 2831 982 2877 et
1011 2825 1186 2892 ignem
1215 2838 1319 2877 non
1352 2823 1561 2878 timebis
1582 2864 1596 2890 ,
1623 2824 1749 2880 licet
1776 2824 1972 2880 videris

401 2914 668 2968 ﬂammam
695 2913 746 2968 in
768 2913 926 2968 caelos
954 2913 1346 2968 ascendentem.
1388 2903 1562 2968 Habes
1584 2913 1775 2969 fortem
1807 2923 1861 2970 et
1883 2929 1969 2984 ge-

401 3019 649 3058 nerosum
693 3002 882 3058 ducem
906 3045 920 3068 ,
972 3003 1061 3072 qui
1091 3003 1205 3058 solo
1235 3013 1364 3057 nutu
1411 3013 1586 3074 potest
1623 3019 1970 3075 quascumque

399 3095 536 3148 mala
559 3103 683 3149 sunt
705 3104 756 3148 et
783 3095 959 3164 gravia
983 3094 1189 3148 tollere.
1215 3095 1358 3149 Illius
1385 3102 1509 3148 sunt
1532 3096 1728 3161 omnia,
1757 3095 1966 3163 etclam,

400 3195 572 3252 terra,
605 3200 746 3240 mare
771 3226 786 3249 ,
817 3186 942 3240 ferte
980 3193 1034 3240 et
1064 3187 1235 3254 ignis;
1280 3197 1361 3240 est
1383 3186 1430 3240 ei
1456 3186 1763 3241 facillimum
1792 3188 1968 3242 omnia

401 3277 706 3340 transferre,
723 3292 786 3332 ac
811 3277 924 3332 loco
950 3293 1164 3332 movere
1182 3280 1220 3333 ί.
1251 3277 1522 3332 Undenam
1539 3294 1686 3349 ergo,
1710 3279 1795 3334 dic
1815 3279 1964 3345 mihi,

400 3379 575 3423 metus
611 3378 726 3423 titus
766 3370 961 3424 oritur?
1007 3370 1121 3424 Non
1147 3369 1357 3426 aliunde
1381 3381 1557 3437 certe,
1600 3387 1755 3442 quam
1781 3388 1846 3428 ex
1878 3383 1966 3428 tua

401 3461 604 3528 ignavia
633 3471 684 3516 et
709 3461 970 3516 socordia.
1017 3463 1198 3518 Nonne
1237 3479 1380 3518 mors
1409 3473 1492 3518 est
1533 3465 1768 3519 omnimn
1804 3467 1968 3520 malo-

401 3567 519 3606 rum
549 3550 850 3622 colophon?
887 3553 1043 3623 Atqui
1080 3568 1142 3607 ea
1175 3555 1282 3623 ipsa
1310 3569 1520 3624 quoque
1544 3565 1624 3609 est
1650 3565 1849 3610 natura:
1870 3557 1960 3611 de-

396 3646 578 3700 bitum.
608 3645 712 3700 Cur
737 3661 840 3700 non
868 3647 1082 3714 satagis,
1106 3657 1164 3700 ut
1186 3646 1276 3700 tibi
1303 3662 1368 3701 ex
1397 3648 1511 3716 ejus
1538 3647 1802 3703 solutione
1823 3664 1968 3718 quae-

395 3746 506 3791 stus
527 3735 763 3790 oriatur?
805 3734 858 3790 Si
891 3733 1032 3789 enim
1057 3735 1155 3789 hac
1183 3730 1265 3789 via
1293 3736 1424 3791 velis
1454 3736 1590 3790 nolis
1616 3737 1964 3792 incedendum

395 3838 476 3884 est
498 3869 514 3895 ,
557 3843 650 3883 cur
685 3841 790 3882 non
829 3841 947 3882 cum
988 3826 1176 3882 lucro?
1229 3827 1296 3882 At
1333 3830 1472 3883 enim
1503 3837 1621 3898 post
1645 3831 1823 3900 gravia
1854 3840 1963 3885 tor-

395 3927 592 3983 menta,
622 3933 726 3972 non
755 3917 1092 3986 temporaria,
1111 3916 1203 3971 sed
1222 3932 1339 3987 quae
1356 3917 1674 3987 voluptatem
1695 3919 1967 3988 praebeant

394 4011 578 4064 dolore
628 4009 904 4079 majorem.
963 4007 1114 4075 Quod
1165 4009 1207 4062 si
1253 4008 1368 4063 hare
1415 4010 1508 4066 tibi
1553 4010 1801 4064 videntur
1843 4027 1964 4066 esse

393 4101 590 4171 gravia,
631 4099 907 4155 considera
944 4114 1036 4154 eos
1062 4099 1149 4168 qui
1179 4099 1380 4168 absque
1409 4100 1512 4154 ulla
1543 4100 1785 4156 mercede
1811 4102 1964 4174 longa

395 4191 516 4245 tabe
542 4191 812 4256 laborant,
859 4190 947 4260 qui
975 4189 1113 4246 fame
1137 4199 1409 4260 perpetua,
1440 4191 1528 4260 qui
1568 4191 1965 4248 immedimbili-

394 4280 492 4334 bus
519 4286 574 4333 et
618 4279 787 4348 longis
826 4281 1026 4335 morbis
1067 4290 1363 4348 vexantur,
1405 4291 1623 4351 propter
1659 4297 1793 4352 quos
1821 4299 1964 4355 saepe

395 4382 622 4426 mortem
665 4382 952 4441 optarunt:
985 4373 1135 4426 multi
1165 4373 1324 4427 etiam
1372 4373 1423 4427 in
1471 4387 1630 4428 enses
1672 4374 1960 4442 irruerunt,

393 4463 543 4518 multi
572 4464 734 4517 vitam
763 4464 947 4533 laqueo
979 4465 1244 4520 ﬁnierunt.
1290 4465 1488 4520 Caelum
1532 4475 1708 4522 autem
1754 4469 1844 4523 tibi
1881 4479 1963 4524 est

394 4557 742 4626 propositum,
770 4564 824 4610 et
852 4557 986 4611 bona
1010 4571 1128 4626 quae
1153 4561 1276 4611 sunt
1299 4558 1349 4612 in
1375 4559 1538 4624 cadis,
1558 4567 1735 4614 etnon
1761 4561 1961 4616 vereris

391 4659 490 4699 nec
533 4645 893 4715 perhorrescis
920 4661 1038 4701 esse
1065 4647 1236 4702 mollis
1269 4656 1324 4703 et
1359 4648 1582 4718 ignavus
1602 4690 1616 4714 ,
1650 4649 1808 4720 idque
1840 4669 1958 4706 cum

389 4736 544 4790 talem
572 4736 767 4790 habeas
785 4735 1118 4806 adjutorem?
1148 4738 1336 4792 Annon
1364 4737 1513 4794 audis
1538 4739 1849 4811 prophetam
1878 4741 1961 4796 di-

387 4835 592 4880 centem
619 4844 632 4878 :
665 4827 766 4892 Qui
795 4827 1055 4895 conﬁdunt
1086 4827 1139 4880 in
1173 4827 1384 4882 Domino
1403 4870 1418 4896 ,
1457 4831 1588 4883 sicut
1622 4847 1765 4885 mons
1793 4829 1960 4886 Sion?

385 4915 545 4986 Spem
573 4919 822 4972 nimirum
854 4917 1116 4986 signiﬁcat
1144 4918 1194 4972 in
1222 4919 1387 4973 Deum
1418 4921 1800 4978 immutabilem
1823 4965 1837 4988 ,
1872 4924 1961 4977 ﬁr-

384 5022 522 5060 mam
539 5016 591 5060 et
626 5015 982 5070 constantem,
1015 5006 1368 5063 invincibilem
1396 5021 1450 5064 et
1475 5011 1956 5082 inexpugnabilem.

380 5095 843 5166 Quemadmodum
870 5097 1012 5150 enim
1039 5097 1240 5152 etiamsi
1269 5101 1387 5170 quis
1425 5102 1838 5160 innumerabiles
1862 5107 1958 5160 ad-

384 5190 563 5243 hibeat
592 5185 900 5248 machinas,
946 5194 1176 5241 montem
1207 5206 1302 5244 nec
1342 5193 1660 5259 convellere,
1693 5210 1792 5251 nec
1817 5196 1960 5252 labe-

383 5278 584 5335 lactare
633 5276 832 5349 poterit
863 5292 876 5327 :
906 5274 978 5328 ita
1020 5277 1177 5331 etiam
1215 5281 1303 5350 qui
1333 5297 1454 5337 eum
1495 5286 1829 5357 aggreditur,
1871 5291 1959 5360 qui

381 5386 531 5440 spem
561 5371 612 5424 in
639 5370 810 5424 Deum
837 5365 1150 5433 collocavit,
1193 5383 1489 5429 revertetur
1530 5379 1744 5434 domum
1774 5382 1954 5438 vacuis

381 5461 646 5516 manibus.
691 5457 872 5513 Monte
893 5455 1032 5509 enim
1063 5455 1216 5526 longe
1252 5471 1335 5514 est
1363 5465 1522 5520 tutior
1544 5483 1666 5538 spes
1691 5472 1740 5525 in
1766 5471 1951 5528 Deum.

441 5638 458 5669 ¹
484 5635 654 5701 Savil.,
677 5633 844 5690 omnia
867 5634 1126 5695 trinis/erae
1145 5644 1187 5688 et
1210 5643 1430 5690 statuere.

1564 259 1913 316 EXI’OSITIO
1951 257 2014 311 ΙΝ
2045 256 2358 314 PSALMUM
2397 262 2625 319 CXXIV.

3578 283 3684 342 358

2106 371 2226 426 Non
2247 379 2626 431 commovebitur
2645 381 2695 432 in
2717 391 2956 436 (utentum
2976 389 3059 454 qui
3079 389 3266 443 habitat
3289 393 3340 445 in
3363 393 3676 452 Jerusalem.

2101 467 2249 562 alios
2291 470 2551 562 interpres
2589 473 2758 528 dicit:
2795 473 3168 536 lntntutabilem
3197 485 3248 538 in
3273 497 3552 556 teter-num,
3589 494 3678 562 qui

2101 557 2289 610 habitat
2314 561 2447 611 circa
2472 558 2780 616 Jerusalem.
2813 564 2948 630 Quid
2970 571 3130 638 ergo?
3165 589 3266 627 non
3290 581 3566 647 commoti,
3593 557 3676 636 in-

2099 647 2230 715 quit,
2259 656 2383 700 suut
2413 658 2522 703 tres
2549 651 2696 719 pueri
2720 661 2774 706 et
2798 653 3022 708 Daniel?
3065 659 3217 714 Absit
3245 679 3259 714 :
3294 680 3412 719 nam
3442 685 3472 722 a
3500 671 3674 738 patria

2099 737 2311 805 quidem
2339 739 2678 810 exciderunt,
2705 745 3067 816 captivitatem
3093 751 3454 809 sustinuerunt
3473 774 3488 822 ς
3506 737 3672 814 nullo

2101 838 2274 884 tamen
2321 840 2559 901 tempore
2600 835 2849 888 commoti
2900 846 3066 892 sunt:
3096 841 3190 895 sed
3236 858 3356 898 cum
3397 858 3579 903 essent
3620 852 3672 906 iu

2099 927 2241 973 tanta
2278 935 2456 975 rerum
2489 924 2884 990 perturbatione
2907 968 2921 992 ,
2956 938 3007 982 et
3037 937 3179 986 tanta
3211 932 3466 991 ﬂuctuum
3492 940 3677 994 multi-

2099 1009 2299 1076 tudine,
2329 1026 2446 1066 cum
2471 1014 2689 1083 perinde
2718 1031 2780 1070 ac
2810 1027 2970 1085 petra:
2998 1019 3335 1091 insisterent,
3367 1036 3418 1081 et
3446 1027 3500 1082 in
3526 1038 3674 1085 trau-

2097 1101 2262 1170 quillo
2293 1112 2441 1170 portu
2473 1112 2672 1157 starent
2695 1147 2708 1170 ,
2741 1106 2870 1160 nihil
2905 1123 3064 1178 grave
3092 1121 3182 1166 aut
3207 1127 3456 1184 asperum
3486 1133 3678 1174 sense-

2096 1197 2238 1242 1³11111..
2265 1190 2681 1246 Commotionem
2710 1203 2885 1249 autem
2911 1211 2978 1251 ne
2996 1213 3150 1254 νοοθε
3167 1216 3342 1256 rerum
3363 1219 3538 1261 casus.
3553 1205 3671 1263 Νοιι

2096 1288 2176 1334 est
2200 1281 2340 1335 enim
2371 1281 2470 1336 huc
2493 1285 2780 1339 commotio
2804 1327 2818 1352 ,
2850 1287 2943 1341 sed
2971 1289 3160 1344 animae
3185 1291 3451 1362 interitus,
3483 1307 3538 1352 et
3559 1298 3671 1354 vir-

2098 1381 2261 1426 tutem
2288 1374 2564 1430 amisisse:
2592 1376 2731 1446 quod
2759 1379 2970 1448 quidem
2999 1396 3103 1436 non
3125 1384 3301 1439 evenit
3324 1385 3375 1441 iu
3398 1388 3668 1457 periculis,

2096 1463 2161 1518 iis
2185 1465 2274 1532 qui
2304 1473 2427 1519 sunt
2463 1465 2624 1520 sobrii
2665 1481 2718 1522 et
2757 1471 3058 1540 sapientes,
3106 1473 3214 1530 imo
3254 1491 3382 1532 vero
3427 1480 3591 1536 tutius
3615 1491 3672 1536 et

2097 1553 2299 1610 ﬁrmius
2328 1570 2477 1611 suam
2518 1559 2790 1627 possident
2820 1561 3207 1634 philosophiam
3233 1567 3589 1641 clarioresque
3613 1581 3670 1628 et

2094 1645 2410 1702 illustriores
2432 1649 2680 1704 evadunt.
2721 1652 2871 1718 Quod
2897 1654 2941 1707 si
2972 1655 3050 1710 vis
3080 1657 3237 1711 etiam
3264 1663 3551 1732 anagogice
3578 1679 3670 1720 su-

2095 1751 2242 1791 mere
2277 1737 2402 1792 illud
2421 1780 2434 1806 ,
2473 1738 2586 1793 Non
2611 1743 3000 1797 connnovebitur
3026 1746 3077 1799 in
3106 1756 3344 1803 aeternum
3368 1754 3455 1822 qui
3478 1754 3670 1810 habitat

2093 1829 2145 1882 in
2168 1827 2488 1898 Jerusalem,
2525 1832 2765 1889 describe
2789 1835 2879 1888 tibi
2908 1847 3104 1892 sortem
3129 1853 3372 1908 superare
3401 1854 3667 1916 metropo.

2091 1919 2175 1975 lis.
2229 1922 2328 1988 Qui
2375 1924 2516 1977 enim
2561 1925 2704 1980 illam
2748 1939 3100 1998 receperunt,
3147 1943 3274 1986 sunt
3313 1933 3381 1988 ab
3419 1937 3669 1993 omnibus

2091 2016 2308 2070 omnino
2333 2018 2544 2072 casibus
2569 2019 2718 2074 liberi
2752 2037 2765 2075 :
2796 2021 2932 2076 nihil
2962 2023 3069 2080 illic
3092 2025 3233 2095 quod
3271 2027 3389 2083 illos
3416 2031 3667 2100 supplau-

2093 2113 2199 2170 tet,
2229 2122 2333 2161 non
2360 2108 2692 2178 cupiditates,
2735 2128 2835 2168 uec
2861 2115 3188 2185 voluptates,
3217 2134 3318 2174 nec
3348 2122 3546 2190 peccati
3571 2137 3665 2178 oe-

2088 2200 2252 2264 casio,
2302 2215 2406 2254 non
2448 2200 2620 2268 dolor,
2655 2220 2758 2258 non
2786 2207 3026 2262 molestia
3051 2249 3065 2273 ,
3097 2225 3204 2264 non
3234 2213 3467 2281 pericula
3503 2233 3518 2270 :
3550 2215 3667 2274 haec

2087 2291 2262 2344 omnia
2287 2289 2440 2360 longe
2464 2292 2708 2347 aberunt.
2736 2295 2789 2348 2.
2818 2295 3125 2364 Jerusalem,
3157 2313 3349 2358 montes
3376 2305 3429 2360 in
3453 2309 3665 2363 circuitu

2085 2379 2194 2449 ejus
2213 2421 2227 2444 ,
2266 2390 2312 2433 et
2339 2379 2584 2436 Dominus
2612 2384 2662 2437 in
2699 2386 2910 2440 circuitu
2941 2391 3120 2458 populi
3141 2393 3220 2446 sui
3240 2409 3303 2447 ea:
3330 2394 3425 2449 hoc
3454 2414 3586 2452 nunc
3611 2411 3663 2453 et

2085 2485 2242 2539 usque
2269 2471 2320 2524 in
2353 2472 2610 2526 siccatum.
2641 2474 2741 2528 Per
2769 2475 2882 2531 hmo
2907 2479 3118 2546 quidem
3149 2481 3275 2536 dicit
3301 2485 3490 2541 adesse
3511 2489 3665 2542 auxi-

2084 2560 2210 2614 lium
2235 2561 2430 2616 civitati
2455 2577 2519 2616 ex
2546 2563 2660 2634 ejus
2683 2565 2786 2619 situ
2812 2585 2824 2621 :
2857 2568 2950 2622 sed
2971 2585 3075 2623 non
3100 2573 3354 2640 permittit
3377 2585 3433 2630 ut
3452 2577 3499 2632 ei
3531 2594 3664 2633 con-

2082 2651 2230 2719 ﬁdat,
2251 2653 2342 2708 sed
2365 2671 2480 2710 eam
2501 2656 2565 2711 ad
2595 2658 2998 2730 inexpugnabile
3011 2663 3450 2735 erigitauxiiium,
3471 2686 3664 2742 nempe

2082 2743 2267 2798 Deum.

2148 2837 2203 2891 2.
2235 2837 2387 2905 Etsi,
2418 2839 2616 2908 inquit,
2643 2856 2758 2895 eam
2807 2852 3014 2900 montes
3051 2848 3328 2913 muniant,
3361 2851 3447 2905 illa
3481 2861 3656 2910 tamen

2078 2930 2408 2997 protectione
2431 2931 2624 3000 indiget
2651 2949 2664 2986 :
2690 2932 2740 2987 id
2767 2934 2906 2989 enim
2933 2951 3049 2991 eam
3081 2939 3253 2994 reddit
3277 2941 3660 3016 inexpugnabi-

2078 3017 2200 3072 lem.
2221 3017 2475 3086 Quocirca
2501 3021 2632 3076 alius
2651 3024 2726 3092 (a)
2740 3039 2945 3096 quoque
2961 3028 3088 3083 dicit
3112 3029 3392 3102 interpres,
3413 3035 3660 3094 Dominus

2077 3111 2244 3155 autem
2271 3103 2406 3156 circa
2434 3105 2677 3176 populant
2697 3123 2861 3162 suum.
2884 3109 2993 3165 Hoc
3010 3122 3108 3178 est,
3130 3129 3196 3169 ne
3213 3118 3462 3174 Conﬁdite
3477 3121 3657 3178 altitu-

2075 3189 2186 3246 dini
2213 3194 2491 3248 montium.
2521 3196 2668 3261 Quod
2699 3199 2840 3253 euim
2869 3215 2986 3254 eam
3018 3202 3144 3258 facit
3170 3205 3654 3280 inexpugnabilem,

2077 3282 2308 3351 hocaest,
2341 3285 2394 3340 5.
2429 3286 2561 3353 Quia
2587 3306 2685 3343 non
2711 3291 2952 3362 relinquet
2981 3292 3229 3352 Dominus
3253 3300 3446 3372 virgam
3475 3321 3655 3374 pecca-

2075 3385 2240 3430 torum
2280 3393 2430 3447 super
2457 3390 2635 3433 sortem
2661 3382 2941 3452 justorum.
2969 3385 3105 3442 Dicit
3139 3388 3339 3458 justam
3373 3395 3654 3464 quamdam

2075 3482 2284 3522 causam
2315 3469 2409 3524 Dei
2435 3472 2636 3539 auxilii,
2664 3482 2720 3527 ut
2746 3474 2818 3528 illi
2846 3477 3050 3545 possint
3076 3480 3363 3539 conﬁdere.
3397 3485 3652 3553 Quasnam

2074 3571 2248 3614 autem
2270 3577 2330 3616 ea
2358 3563 2479 3617 est?
2504 3563 2619 3618 Non
2650 3568 2978 3635 permiserit,
3005 3571 3200 3642 inquit,
3232 3573 3368 3630 bona
3391 3577 3654 3647 justormu

2075 3667 2192 3706 esse
2230 3653 2282 3707 in
2327 3655 2569 3712 manibus
2602 3668 2958 3726 peccatorum.
2993 3661 3103 3719 Hoc
3129 3677 3305 3722 autem
3331 3668 3496 3736 dixit,
3525 3688 3620 3728 sua

2073 3741 2208 3797 deus
2251 3752 2306 3798 ut
2343 3739 2670 3802 conﬁderent
2711 3748 2777 3804 de
2818 3750 2912 3805 Dei
2953 3755 3183 3823 auxilio,
3215 3765 3268 3812 et
3296 3767 3352 3813 ut
3381 3761 3432 3816 in
3462 3762 3657 3821 virtute

2075 3837 2436 3924 persisterent,
2462 3839 2504 3891 si
2533 3840 2734 3895 vellent
2759 3842 2856 3896 frui
2889 3856 3143 3914 perpetuo
3170 3848 3308 3905 illius
3331 3854 3530 3910 auxilio
3553 3899 3568 3924 ,
3601 3870 3653 3913 et

2073 3925 2208 3978 b0na
2235 3940 2328 3980 sua
2360 3919 2557 3983 habere
2583 3930 2634 3982 iu
2676 3937 2772 3985 sna
2799 3943 3076 4000 potestate.
3107 3937 3211 3993 Per
3235 3941 3350 3997 haec
3387 3946 3531 4002 enim
3555 3919 3652 4004 vos-

2074 4015 2242 4069 tendit
2270 4027 2323 4071 et
2349 4019 2763 4085 possessionem,
2792 4031 2845 4076 et
2871 4026 3207 4083 securitatem
3235 4031 3288 4084 in
3312 4033 3482 4090 libero
3504 4039 3652 4095 arbi-

2074 4101 2176 4162 trio
2201 4123 2318 4163 esse
2343 4109 2522 4164 sitam.
2559 4110 2769 4180 Virgam
2799 4123 2976 4168 autem
3020 4128 3358 4186 peccatorum
3383 4123 3470 4182 hic
3497 4140 3654 4186 vocat

2071 4216 2292 4269 regnum
2319 4190 2571 4256 hostium.
2601 4192 2753 4270 Quod
2781 4219 2909 4260 vero
2937 4205 3084 4269 dicit,
3109 4218 3191 4264 est
3219 4210 3480 4281 ejusmodi
3504 4234 3518 4270 :
3541 4233 3650 4276 non

2070 4291 2208 4345 sinet
2233 4299 2290 4344 ut
2318 4299 2533 4346 teneant
2558 4293 2906 4350 hereditatem
2928 4295 3214 4366 justorum.
3241 4301 3354 4357 Etsi
3379 4305 3520 4361 enim
3548 4307 3651 4365 hoc

2071 4381 2193 4438 fecit
2211 4383 2275 4437 ad
2307 4391 2533 4452 tempus,
2568 4384 2619 4439 id
2648 4381 2774 4440 fecit
2801 4399 2898 4456 pro
2926 4391 3276 4460 correctione,
3303 4396 3649 4468 castigatione

2069 4483 2125 4530 et
2161 4475 2542 4532 admonitione.
2575 4477 2642 4532 Ut
2670 4495 2771 4533 non
2813 4481 3081 4536 extendant
3099 4485 3232 4552 justi
3267 4487 3338 4540 ad
3364 4489 3650 4560 iniquitates

2069 4583 2247 4620 manus
2289 4584 2428 4621 suas.
2461 4568 2610 4623 Alius
2640 4570 2740 4641 (ὁ),
2774 4565 3055 4642 Propterea
3098 4591 3199 4630 non
3228 4581 3498 4636 extendunt
3515 4584 3648 4654 justi

2068 4661 2136 4712 ad
2158 4661 2469 4731 iniquitatem
2494 4679 2674 4716 manus
2701 4680 2837 4718 suas.
2871 4664 3092 4734 Propter
3110 4669 3396 4738 quidnam?
3421 4674 3649 4748 Propter

2068 4750 2120 4805 id
2149 4752 2290 4820 quod
2319 4751 2518 4808 dictum
2545 4763 2646 4820 est,
2673 4754 2940 4823 defendet,
2972 4757 3276 4828 ulciscetur,
3311 4762 3490 4821 hostes
3517 4783 3646 4838 pro-

2069 4840 2552 4912 pulsabit,eosque
2598 4845 2819 4913 repellet
2855 4845 2924 4900 ab
2965 4862 3148 4903 eorum
3196 4856 3640 4920 possessionibus.

2068 4929 2226 4997 Quasi
2254 4927 2483 4995 diceret,
2511 4932 2759 5002 Castigati
2801 4938 3088 4994 tentatioue
3110 4981 3126 5008 ,
3151 4951 3205 4996 et
3232 4943 3490 5002 bonorum
3512 4963 3646 5016 supo

2068 5020 2389 5090 peditatione
2409 5022 2581 5079 effecti
2609 5027 2857 5083 meliores
2874 5069 2889 5096 ,
2917 5034 3329 5098 perseverabunt
3358 5037 3408 5091 in
3433 5040 3658 5102 virtute,

2067 5119 2122 5167 et
2149 5115 2393 5184 utrinque
2438 5116 2628 5171 eruditi
2658 5117 2843 5173 vitium
2882 5135 2990 5176 non
3015 5124 3295 5194 attingeut.
3328 5126 3657 5185 Universum

2068 5222 2195 5277 ergo
2223 5215 2498 5278 propterea
2524 5209 2715 5265 factum
2742 5219 2857 5276 est,
2887 5222 2942 5268 ut
2967 5214 3142 5269 anima
3179 5230 3363 5271 eorum
3393 5217 3646 5276 reddatur

2067 5299 2275 5364 melior,
2304 5309 2358 5355 et
2381 5300 2540 5355 rebus
2567 5302 2782 5372 quidem
2811 5303 3053 5361 adversis
3073 5307 3401 5378 corrigatur,
3425 5324 3647 5368 conces-

2066 5391 2141 5446 sis
2164 5398 2338 5445 autem
2367 5391 2520 5447 bonis
2549 5392 2638 5447 ﬁat
2664 5395 2955 5464 promptior
2974 5405 3029 5450 et
3046 5394 3290 5454 alacrior.
3318 5400 3371 5455 ι.
3393 5397 3642 5468 Benefac,

2131 5589 2205 5650 (a)
2238 5591 2352 5647 Quis
2372 5591 2435 5638 sit
2459 5588 2543 5639 ille
2565 5589 2692 5638 alius
2711 5590 2958 5652 interpres
2980 5592 3216 5646 nescitur.

2131 5652 2200 5715 (υ)
2234 5653 2315 5701 Hic
2341 5652 2484 5701 etiam
2509 5652 2751 5714 interpres
2772 5656 2880 5713 quls
2902 5654 2966 5702 sit
2985 5655 3254 5716 ignoratur.
