4062 6208
312 267 422 325 359

313 392 554 453 nomine,
587 385 747 441 bonis.
789 382 938 437 Alius
968 378 1083 450 (a),
1111 372 1362 443 Beneficia
1401 369 1593 439 confer.
1628 365 1691 421 Et
1741 364 1886 419 rectis

310 759 542 817 tinentltc
596 754 825 829 ρωυωῖ
862 750 1115 819 Quamvis
1162 753 1340 800 autem
1384 755 1414 793 a
1459 737 1615 793 nobis
1654 741 1896 829 sumatur

312 826 651 923 principium,
672 848 751 902 sic
772 854 946 900 tamen
966 841 1057 896 Dei
1082 850 1292 910 quoque
1306 826 1895 923 benignitatis-piorum

314 916 404 997 lux
431 916 678 1010 aﬁtlgct;
709 935 920 1007 profusa
955 931 1098 987 enim
1127 925 1359 999 quadam
1378 931 1437 978 et
1459 916 1777 977 redundauti
1799 931 1892 1010 eo-

313 1037 397 1104 pia
422 1047 522 1088 nos
544 1029 709 1085 vincit
726 1019 1237 1083 remunerationibus
1255 1035 1267 1069 :
1286 1026 1339 1072 et
1360 1016 1411 1069 in
1436 1013 1664 1084 peccatis
1683 1009 1897 1104 quidem

194 1178 213 1190 ,
312 1102 647 1180 ittoderatum
675 1116 898 1187 imponit
922 1112 1260 1183 supplicium,
1287 1109 1336 1161 in
1365 1115 1512 1161 recte
1537 1114 1713 1159 autem
1744 1102 1897 1156 factis

312 1219 473 1288 longe
503 1212 691 1282 majori
720 1208 968 1265 mercede
1003 1206 1186 1260 donat.
1210 1203 1407 1259 Rectus
1432 1214 1592 1271 porro
1632 1198 1718 1252 hic
1745 1203 1899 1251 vocat

311 1308 613 1378 simplices,
646 1319 755 1360 non
794 1301 944 1359 ﬁctos
966 1340 981 1365 ,
1010 1299 1099 1371 qui
1131 1295 1262 1351 nihil
1306 1293 1502 1348 habent
1528 1290 1897 1347 adumbratam

313 1386 419 1456 nec
435 1398 764 1455 simulatum.
794 1394 924 1449 Tale
951 1391 1093 1447 enim
1119 1387 1365 1459 estquod
1394 1396 1596 1441 rectum
1624 1394 1724 1447 cst,
1756 1382 1897 1452 quod

312 1492 453 1547 Deus
467 1489 672 1560 ubique
696 1485 928 1542 maxime
956 1481 1198 1552 requirit.
1226 1478 1373 1533 Talis
1388 1486 1476 1532 est
1501 1476 1661 1530 etiam
1694 1473 1862 1526 virtus
1880 1512 1897 1538 ,

314 1595 508 1650 nempe
534 1577 689 1648 plana
718 1585 773 1631 et
805 1572 1076 1643 expedita,
1106 1566 1551 1641 quemadmodum
1586 1561 1900 1633 improbitas

314 1680 397 1725 est
422 1669 549 1742 quid
578 1679 908 1739 perversum,
939 1661 1141 1717 varium
1167 1703 1180 1726 ,
1204 1667 1261 1714 et
1282 1656 1420 1728 quod
1457 1671 1562 1710 non
1592 1654 1751 1708 habet
1779 1653 1902 1708 exi-

319 1776 436 1820 tum
454 1779 471 1817 :
491 1770 547 1817 et
571 1759 626 1814 id
655 1765 828 1830 potest
853 1754 1017 1810 videri
1047 1768 1113 1808 ex
1136 1751 1296 1807 rebus
1336 1749 1482 1818 ipsis.
1515 1748 1644 1801 Nam
1674 1747 1763 1816 qui
1788 1744 1905 1800 vult

318 1852 571 1917 tuentiri,
602 1860 656 1907 ct
697 1849 851 1904 dolos
892 1858 1138 1910 struere,
1185 1843 1355 1914 cogita
1395 1841 1533 1910 apud
1582 1849 1634 1896 te
1676 1848 1806 1910 quot
1849 1846 1906 1895 et

318 1953 512 2015 quanta
553 1939 890 2013 aggreditur,
914 1944 1112 2008 quanta
1148 1948 1283 2005 opus
1327 1932 1484 1986 habet
1530 1932 1818 1997 varietate,
1851 1940 1907 1985 et

317 2039 632 2109 quibusnam
652 2034 789 2089 lictis
802 2030 1149 2096 orationibus,
1162 2034 1359 2099 quanto
1378 2024 1620 2089 artificio,
1639 2033 1692 2079 et
1711 2032 1905 2093 quanta

318 2127 529 2184 dicendi
545 2126 809 2182 facultate.
823 2123 922 2193 Qui
939 2130 1115 2178 autem
1131 2119 1260 2175 dicit
1272 2120 1567 2183 veritatem,
1582 2131 1685 2170 non
1697 2116 1900 2181 labore,

321 2235 426 2276 non
441 2218 773 2282 diﬂicultate,
785 2231 892 2272 non
903 2213 1259 2278 simulatione,
1273 2225 1379 2264 non
1390 2218 1525 2273 arte,
1539 2217 1628 2263 aut
1641 2207 1907 2262 Inachius-

323 2313 487 2376 tione,
505 2319 596 2364 aut
620 2310 728 2364 ullo
750 2308 853 2363 alio
879 2304 1136 2376 ejusmodi
1161 2302 1378 2372 indiget,
1393 2314 1513 2356 cum
1530 2315 1591 2354 ea
1609 2298 1717 2369 ipsa
1736 2312 1829 2369 per
1846 2312 1906 2353 se

325 2406 518 2458 luceat.
540 2399 1002 2472 Quemadmodum
1030 2398 1172 2454 enim
1199 2394 1455 2451 deformia
1478 2408 1697 2465 corpora
1728 2391 1909 2448 multis

322 2493 558 2549 artificiis
584 2500 641 2548 et
667 2490 1043 2562 integumentis
1066 2489 1326 2559 indigent,
1352 2502 1470 2558 quae
1500 2494 1700 2541 naturm
1726 2484 1906 2540 defor-

323 2586 563 2643 mitatem
587 2593 870 2655 conlegam
900 2601 913 2637 :
945 2598 1063 2653 quae
1091 2590 1265 2636 autem
1293 2589 1481 2634 natura
1513 2575 1729 2647 pulchra
1761 2586 1905 2642 sunt,

322 2681 438 2752 ipsa
462 2695 559 2751 per
584 2694 664 2747 se,
692 2678 791 2735 etsi
818 2676 949 2732 nihil
973 2675 1303 2731 extrinsecus
1343 2671 1642 2738 advenerit,
1666 2670 1910 2740 resplen-

323 2771 448 2828 dent
473 2788 487 2825 :
517 2771 586 2825 ita
616 2770 774 2824 etiam
797 2769 850 2823 in
872 2767 1095 2823 veritate
1118 2775 1174 2821 et
1214 2763 1519 2827 mendacio,
1550 2763 1602 2817 in
1632 2761 1826 2817 virtute
1854 2769 1910 2816 et

321 2863 453 2919 vitio
472 2861 710 2918 invenire
732 2873 1034 2931 possumus.
1063 2855 1217 2914 Unde
1238 2856 1439 2931 clarum
1466 2862 1569 2920 est,
1599 2854 1759 2910 etiam
1784 2860 1909 2909 ante

323 2955 638 3026 supplicium
663 2954 850 3009 vitium
881 2953 1053 3023 ipsum
1085 2950 1400 3020 supplicium
1431 2947 1686 3018 inﬂigere,
1709 2956 1765 3002 et
1787 2955 1908 3001 ante

324 3046 805 3102 retnuaerationetn
821 3044 1069 3098 virtutem
1085 3040 1430 3096 remunerari.
1451 3037 1906 3106 Quemadmodum

324 3136 468 3192 enim
494 3137 581 3191 illa
606 3135 766 3190 habet
790 3135 842 3189 in
871 3135 1045 3203 seipsa
1069 3132 1285 3202 praemia
1314 3131 1473 3186 etiam
1497 3139 1619 3185 ante
1647 3142 1905 3185 coronas:

327 3228 399 3284 ita
423 3228 583 3282 etiam
602 3226 706 3282 hoc
733 3240 943 3296 pmnam
974 3223 1027 3278 in
1058 3237 1116 3279 se
1141 3222 1396 3285 continet,
1423 3231 1704 3292 antequam
1728 3220 1912 3287 punia-

327 3329 430 3374 tur.
462 3318 598 3385 Quid
627 3317 770 3375 enim
798 3317 967 3386 possit
1003 3330 1122 3371 esse
1155 3318 1368 3386 pe¢cato
1393 3314 1604 3385 gratius
1632 3357 1646 3380 ,
1672 3313 1825 3385 quod
1842 3313 1907 3368 ad

326 3423 540 3478 ptenam
575 3407 803 3463 attinet?
824 3405 1083 3474 Quocirca
1111 3404 1304 3460 Paulus
1327 3420 1534 3476 quoque
1563 3419 1745 3459 eorum
1770 3419 1912 3459 men-

330 3505 530 3560 tionem
583 3499 782 3554 faeiens
809 3539 825 3565 ,
868 3497 959 3568 qui
1003 3497 1361 3553 meretriciam
1407 3506 1575 3552 artem
1619 3505 1906 3565 exercent,

329 3591 515 3646 liorem
541 3592 713 3647 tctatis
738 3590 1061 3660 prostituunt
1081 3631 1097 3658 ,
1129 3597 1186 3646 ct
1210 3598 1412 3646 natura:
1448 3589 1593 3660 leges
1628 3599 1906 3659 evertunt,

328 3683 464 3738 dixit
490 3682 594 3737 hoc
618 3696 738 3739 esse
762 3682 1051 3737 maximum
1071 3683 1411 3755 supplicium,
1436 3682 1597 3739 etiam
1626 3691 1909 3753 antequam

331 3774 637 3844 puniantur.
667 3772 890 3830 ﬂosculi
916 3775 1079 3841 enim,
1108 3775 1309 3846 inquit,
1336 3775 1392 3830 in
1419 3775 1659 3831 masculis
1695 3776 1913 3846 turpitu-

331 3868 499 3922 dinem
527 3876 791 3939 operantes
809 3910 825 3935 ,
849 3876 897 3923 et
924 3868 1200 3923 mercedem
1221 3909 1236 3934 ,
1264 3862 1416 3940 quam
1444 3867 1667 3939 oportuit
1684 3912 1703 3936 ,
1729 3869 1914 3923 erroris

331 3959 412 4014 sui
436 3961 493 4014 in
524 3975 577 4013 se
605 3959 902 4031 recipientes
928 3958 1106 4033 (Rom.
1136 3960 1187 4014 l.
1212 3958 1309 4032 27)
1338 3977 1350 4013 :
1383 3958 1681 4017 mercedem
1710 3959 1912 4029 peccati

333 4050 438 4114 sui,
471 4049 932 4120 intemperantiam
959 4059 1014 4107 et
1042 4050 1214 4121 ipsum
1240 4058 1419 4106 actum
1443 4064 1659 4107 vocans.
1687 4049 1805 4105 Pas:
1827 4067 1916 4105 su-

333 4160 422 4213 per
437 4142 620 4198 Israel.
638 4143 953 4200 Precatione
971 4143 1243 4200 conclusit
1256 4143 1571 4200 orationem.
1592 4142 1749 4199 Tales
1770 4146 1912 4198 enim

334 4245 457 4291 sunt
486 4245 791 4291 sanctorum
819 4235 1011 4290 anima:
1036 4253 1048 4289 :
1072 4250 1193 4291 cum
1223 4234 1593 4290 adhortatione
1616 4243 1670 4290 et
1693 4234 1916 4290 consilio

334 4330 593 4400 adjiciunt
615 4330 912 4386 orationem
933 4371 947 4395 ,
974 4327 1305 4385 auditoribus
1344 4329 1634 4383 maximum
1676 4328 1917 4383 introdu-

335 4430 519 4478 centes
543 4421 820 4477 auxilium.

408 4513 529 4569 Pax
540 4523 850 4568 sanctorum.
869 4543 940 4555 --
958 4513 1148 4568 Pacem
1170 4520 1345 4569 autem
1372 4510 1461 4566 hic
1475 4511 1624 4580 dicit,
1653 4527 1756 4567 non
1780 4511 1917 4567 hanc

336 4604 506 4659 solam
528 4605 802 4673 sensilem,
820 4605 915 4660 sed
931 4620 1047 4659 eam
1069 4604 1249 4669 etiam,
1270 4620 1388 4673 quae
1406 4614 1483 4658 est
1507 4603 1607 4658 hac
1635 4604 1914 4673 excelsior,

339 4702 394 4748 ct
415 4695 542 4750 dicit
565 4694 829 4751 undenam
855 4695 1142 4759 enascitur,
1167 4706 1389 4764 oratque
1410 4702 1466 4749 ut
1492 4695 1664 4749 anima
1690 4709 1809 4749 cum
1831 4711 1919 4751 sc-

340 4784 451 4853 ipsa
489 4799 595 4838 non
634 4793 845 4840 moveat
887 4784 1202 4841 seditionem
1227 4826 1241 4849 ,
1275 4783 1732 4854 perturbationum
1755 4784 1919 4841 animi

340 4873 537 4929 bellum
566 4872 816 4930 inferens.
847 4874 993 4929 lianc
1021 4889 1120 4929 nos
1145 4888 1352 4945 quoque
1375 4889 1556 4944 pacem
1586 4890 1882 4947 qumramus
1900 4916 1919 4945 ,

342 4975 401 5022 ut
429 4966 688 5037 promissa
712 4966 850 5021 bona
881 4968 1142 5037 possimus
1160 4968 1393 5037 assequi,
1410 4968 1577 5038 gratia
1604 4979 1656 5024 et
1683 4968 1922 5040 benigni-

340 5066 451 5115 tate
471 5056 682 5112 Domini
698 5057 862 5112 nostri
883 5056 1009 5113 Jesu
1026 5056 1237 5125 Christi,
1270 5060 1354 5115 cui
1378 5059 1545 5133 gloria
1568 5070 1621 5115 et
1642 5060 1921 5132 imperium

340 5148 395 5204 itt
424 5148 619 5204 smcula
649 5146 987 5205 saeculorum.
1018 5149 1211 5206 Amen.

404 5330 480 5397 tu)
511 5332 597 5383 llic
617 5332 765 5384 etiam
784 5333 1033 5399 interpres
1055 5334 1164 5398 quis
1185 5336 1248 5387 sit
1269 5336 1500 5388 nescitur.

1037 264 1096 319 S.
1134 256 1411 318 JOANNIS
1445 248 1915 310 CIIRYSOSTOMI
1955 248 2267 306 ARCIIIEP.
2308 248 2828 309 CONSTANTINOP.

3472 256 3582 312 ἴδω

2454 366 2521 421 IN
2550 365 2873 423 PSALMUM
2903 367 3107 423 CXXV.

1996 498 2019 550 Ι
2093 495 2155 549 1η
2200 499 2527 552 conuertenda
2572 497 2820 552 Dominus
2866 500 3197 569 captivitatem
3251 498 3418 566 Sion,
3456 504 3583 573 [acti

2063 603 2238 643 sumus
2256 589 2380 643 sicut
2402 591 2662 643 consolati.
2688 591 2833 645 Alius
2853 594 3116 661 interpres
3134 596 3209 665 (tt)
3230 593 3376 663 dicit,
3404 594 3582 658 Quan-

2067 680 2133 732 do
2180 680 2475 733 converterit
2521 677 2774 734 Dominus
2816 683 3193 752 captivitatem,
3222 685 3409 740 erimus
3459 702 3581 739 con-

2066 773 2235 827 soluti.

2069 908 2122 962 l.
2147 907 2348 963 Nomen
2369 908 2683 980 captivitatis
2707 918 2791 966 est
2814 911 3027 980 quidem
3055 897 3107 966 in
3134 912 3431 981 prolatione
3450 915 3581 969 sim-

2001 1000 2153 1070 plex,
2180 999 2341 1054 habet
2366 1010 2544 1056 autem
2579 1001 2773 1055 multos
2813 1016 3020 1056 sensus.
3049 1002 3143 1056 Est
3167 1004 3311 1057 enim
3351 1012 3406 1059 et
3440 1004 3581 1061 bona

1998 1092 2274 1162 captivitas
2293 1132 2309 1158 ,
2331 1101 2390 1147 ut
2425 1091 2637 1163 quando
2681 1092 2809 1148 dicit
2854 1093 3048 1148 Paulus
3068 1133 3084 1158 ,
3114 1092 3432 1164 Captivantes
3467 1113 3581 1150 om-

1999 1200 2112 1239 nem
2137 1183 2444 1238 intellectum
2473 1185 2525 1238 in
2555 1183 2807 1239 Christum
2833 1183 2908 1256 (2.
2935 1183 3053 1240 Cor.
3079 1185 3164 1241 10.
3196 1185 3273 1255 5).
3303 1186 3397 1240 Est
3416 1189 3576 1254 mala,

2001 1286 2057 1330 ut
2082 1274 2293 1345 quando
2318 1275 2447 1330 dicit
2474 1293 2487 1328 :
2520 1276 2754 1346 Captivos
2777 1275 3079 1332 abducerem
3105 1277 3430 1333 mulierculas
3458 1297 3582 1334 one-

2001 1377 2141 1420 ratas
2188 1366 2411 1437 peccatis,
2431 1366 2505 1438 (2.
2532 1364 2667 1421 Tim.
2693 1367 2748 1422 ὅ.
2774 1367 2857 1436 6).
2884 1367 2979 1421 Est
3005 1384 3124 1438 quae
3153 1368 3204 1422 in
3249 1380 3428 1426 mente
3457 1387 3581 1426 ver-

2002 1467 2167 1523 satur,
2200 1466 2259 1513 ut
2280 1457 2349 1514 dc
2374 1472 2476 1529 qua
2505 1457 2649 1524 dicit,
2686 1457 2978 1514 Praedicare
3001 1460 3213 1530 captivis
3240 1463 3582 1517 remissionem

2003 1549 2155 1621 (Isai.
2180 1552 2267 1605 6i.
2299 1551 2373 1623 l).
2401 1552 2496 1607 Est
2517 1566 2636 1623 qua:
2661 1551 2762 1607 sub
2786 1565 3002 1607 sensum
3027 1553 3183 1620 cadit,
3216 1562 3274 1610 ut
3300 1570 3417 1625 quae
3439 1554 3496 1611 lit
3514 1556 3584 1611 ab

2004 1640 2262 1696 hostibus.
2287 1642 2439 1697 Prior
2459 1651 2636 1698 autem
2665 1652 2747 1698 est
2772 1646 3002 1714 gravior.
3029 1645 3126 1711 Qui
3157 1646 3297 1700 enim
3323 1657 3584 1716 ceperunt

2003 1735 2208 1804 aliquos
2227 1734 2348 1802 jure
2372 1734 2516 1801 belli,
2539 1735 2707 1804 captis
2728 1749 2871 1806 saepe
2899 1747 3138 1806 parcunt,
3156 1744 3211 1793 et
3235 1737 3279 1790 si
3307 1747 3397 1791 aut
3420 1752 3585 1808 aqua-

2003 1827 2071 1886 ri,
2097 1834 2187 1880 aut
2213 1825 2419 1895 lignari,
2447 1835 2538 1881 aut
2561 1840 2729 1896 equos
2756 1841 2974 1893 pascere
2996 1827 3256 1896 jusserint
3277 1828 3317 1897 ³,
3349 1830 3580 1884 animam

2005 1917 2222 1973 minime
2249 1918 2519 1974 laeserint:
2546 1918 2637 1988 qui
2681 1919 2880 1989 peccati
2922 1926 3100 1975 autem
3134 1921 3374 1991 captivus
3410 1920 3581 1978 factus

2004 2015 2119 2073 est,
2147 2006 2306 2061 habet
2345 2022 2543 2062 saevum
2578 2016 2633 2063 et
2674 2008 2959 2064 barbarum
2986 2009 3290 2077 dominum,
3323 2013 3412 2081 qui
3441 2013 3585 2083 cogit

2005 2113 2125 2153 eum
2149 2097 2321 2153 facere
2341 2114 2428 2154 res
2455 2098 2804 2168 turpissimus,
2823 2108 2877 2155 et
2892 2102 3123 2161 maxime
3144 2101 3445 2171 probrosas.
3465 2102 3582 2158 Non

2006 2189 2147 2244 enim
2174 2203 2390 2258 parcere
2411 2231 2426 2257 ,
2455 2203 2555 2245 nec
2597 2190 2837 2245 misereri
2865 2191 3010 2245 novit
3037 2190 3151 2246 huic
3180 2192 3289 2246 vitii
3324 2194 3582 2264 tyrannis.

2008 2280 2143 2334 Attdi
2182 2281 2360 2351 itaque
2386 2281 2653 2349 quomodo
2680 2296 2799 2336 cum
2832 2281 3086 2337 miserum
3113 2291 3166 2338 et
3195 2282 3456 2339 infelicem
3484 2283 3585 2340 Ju-

2009 2370 2129 2426 datn
2153 2373 2449 2443 accepisset
2473 2373 2739 2444 captivum
2761 2415 2776 2441 ,
2805 2373 3023 2430 minime
3051 2375 3099 2430 ei
3126 2378 3421 2446 pepercerit
3442 2419 3457 2440 ,
3488 2377 3583 2432 sed

2007 2463 2320 2535 sacrilegum
2356 2473 2411 2519 et
2455 2464 2782 2535 proditorem
2824 2464 3007 2521 fecerit
3034 2483 3049 2521 :
3072 2464 3264 2522 deinde
3304 2476 3586 2539 postquam

2008 2557 2179 2614 scelus
2204 2565 2563 2630 perpetrasset
2582 2599 2596 2623 ,
2619 2573 2741 2613 eum
2765 2559 2817 2613 in
2840 2557 3104 2614 theatrum
3133 2558 3437 2614 .lttdtcorum
3464 2576 3590 2631 pro-

2008 2648 2255 2717 duxerit,
2278 2658 2334 2705 ct
2354 2650 2675 2706 maleﬁcium
2714 2650 3037 2707 revelaverit
3056 2692 3073 2719 ,
3100 2659 3154 2706 et
3177 2666 3274 2707 nec
3299 2652 3343 2707 si
3371 2652 3585 2722 quidem

2008 2744 2351 2814 permiserit,
2382 2751 2441 2798 ut
2482 2744 2781 2814 perciperet
2813 2741 3042 2799 fructum
3086 2743 3445 2815 paenitentiae,
3490 2745 3587 2800 sed

2008 2845 2131 2893 ante
2174 2837 2535 2907 paenitentiam
2574 2837 2851 2893 deduxerit
2891 2837 2959 2893 ad
3000 2838 3263 2909 laqueum.
3307 2836 3403 2893 Est
3442 2838 3587 2893 enim

2008 2943 2180 2983 saevus
2210 2938 2485 3000 tyrannus,
2519 2930 2606 2999 qui
2628 2928 2780 3000 jubet
2806 2944 2922 3000 quae
2954 2939 3077 2985 sunt
3102 2929 3377 3000 improha,
3410 2937 3466 2986 et
3490 2946 3587 2987 eos

2007 3019 2097 3090 qui
2137 3019 2410 3087 obediuut,
2437 3020 2722 3092 ignominia
2756 3021 2936 3077 afficit.
2980 3020 3239 3091 Quocirca
3275 3037 3370 3080 vos
3410 3038 3542 3095 rogo
3568 3067 3584 3092 ,

2008 3126 2218 3167 summo
2259 3107 2436 3169 studio
2476 3112 2739 3184 fugiamus
2775 3114 2891 3186 ejus
2930 3114 3254 3185 dominium,
3276 3124 3333 3172 et
3356 3132 3478 3173 cum
3520 3132 3589 3173 eo

2010 3203 2305 3272 bellemus,
2335 3218 2435 3261 nec
2470 3206 2519 3261 ei
2550 3220 2804 3277 umquam
2832 3207 3270 3275 reconciliemur,
3302 3217 3356 3265 et
3380 3209 3588 3266 liberati

2011 3294 2065 3350 in
2108 3295 2350 3351 libertate
2386 3311 2811 3366 permaneamus.
2840 3296 2895 3353 Si
2921 3297 3062 3353 enim
3091 3297 3145 3353 hi
3177 3314 3209 3355 a
3236 3298 3478 3373 barbaris
3523 3300 3589 3357 li-

2011 3387 2201 3453 berati,
2231 3389 2650 3444 consolationem
2678 3398 3016 3461 acceperunt,
3041 3390 3208 3447 multo
3234 3394 3402 3463 magis
3425 3407 3590 3465 opor-

2011 3490 2088 3537 tet
2123 3495 2223 3538 nos
2254 3496 2287 3536 a
2319 3490 2538 3550 peccato
2564 3483 2815 3537 liberatos
2838 3482 3073 3554 gaudere
3101 3491 3156 3539 et
3199 3484 3467 3541 exsultare
3488 3524 3505 3551 ,
3533 3493 3591 3541 et

2011 3571 2149 3629 hanc
2194 3573 2426 3629 laetitiam
2479 3589 2797 3630 conservare
2837 3574 3189 3631 immortalem
3218 3617 3234 3645 ,
3266 3592 3375 3633 non
3410 3585 3589 3633 autem

2011 3679 2129 3721 eam
2170 3665 2480 3736 perturbare
2522 3680 2586 3722 ac
2614 3664 2944 3723 confundere
2971 3707 2987 3732 ,
3013 3666 3201 3723 eadem
3242 3668 3378 3724 mala
3404 3684 3593 3726 rursus

2011 3758 2396 3830 aggredientes.
2445 3756 2596 3812 Facti
2638 3775 2812 3814 sumus
2855 3758 2985 3814 sicut
3023 3759 3288 3816 consolati.
3338 3761 3449 3817 Hoc
3496 3761 3590 3817 alii

2012 3851 2225 3921 quidem
2252 3850 2571 3922 interpretes
2589 3850 2791 3916 dicunt,
2814 3849 3092 3923 Tamquam
3114 3852 3442 3908 somniantes.
3478 3850 3586 3908 lle-

2011 3941 2188 3999 bracus
2208 3948 2406 4008 autem,
2426 3940 2733 3998 Cbaolemim
2750 3944 2792 3997 '.
2814 3941 2950 4015 Quid
2974 3953 3057 4001 est
3077 3950 3276 4012 autem,
3298 3941 3555 4001 Consolati
3569 3946 3596 4000 1’

2014 4034 2253 4106 impleti,
2285 4035 2491 4107 inquit,
2521 4049 2705 4091 sumus
2729 4035 2906 4106 quiete
2924 4077 2940 4103 ,
2968 4035 3152 4091 laetitia
3173 4076 3189 4103 ,
3218 4036 3507 4107 voluptate.
3533 4037 3589 4093 2.

2015 4124 2159 4181 Tunc
2185 4126 2431 4196 repletum
2459 4135 2532 4183 est
2567 4126 2755 4197 gaudio
2779 4142 2835 4181 os
2858 4136 3087 4181 nostrum
3107 4167 3122 4192 ,
3149 4135 3196 4181 et
3220 4128 3395 4200 lingua
3416 4141 3596 4184 nostra

2015 4218 2366 4274 exsultatione.
2390 4219 2444 4276 5.
2470 4217 2616 4272 Tunc
2649 4218 2815 4273 dicent
2846 4218 2978 4274 inter
3006 4228 3176 4292 gentes
3195 4261 3211 4288 ,
3243 4219 3599 4292 Magniﬁcam?

2014 4310 2265 4365 Dominus
2293 4310 2460 4380 facere
2486 4326 2599 4364 cum
2624 4309 2714 4365 eis.
2746 4315 2799 4366 4.
2839 4309 3188 4383 Magniﬁcavit
3226 4310 3476 4369 Dominus
3514 4313 3600 4384 fa-

2016 4418 2125 4459 cere
2147 4403 2426 4460 nobiscum.
2464 4402 2544 4459 Ad
2572 4404 2850 4460 meliorem
2890 4405 3235 4460 mutationem
3264 4420 3370 4461 non
3408 4421 3598 4477 parum

2016 4495 2221 4552 confert
2262 4494 2428 4561 laetari
2474 4502 2691 4566 propter
2724 4495 3090 4550 liberationem
3117 4511 3147 4550 a
3176 4498 3499 4568 captivitate.
3530 4497 3602 4555 Et

2017 4588 2137 4660 quis
2160 4632 2174 4656 ,
2202 4589 2407 4661 inquies
2426 4630 2439 4654 ,
2470 4604 2575 4644 non
2616 4598 2893 4660 propterea
2923 4588 3132 4645 laetatur
3152 4590 3177 4645 ι
3201 4589 3386 4648 Patres
3412 4606 3600 4649 eorum

2017 4682 2231 4751 quando
2257 4681 2462 4737 liberati
2495 4691 2620 4737 sunt
2655 4681 2723 4737 ab
2750 4680 2985 4756 Egypto
3007 4724 3022 4751 ,
3051 4692 3107 4740 et
3132 4683 3201 4739 ab
3229 4683 3317 4739 illa
3344 4684 3602 4742 servitute

2021 4772 2244 4829 traducti
2271 4773 2325 4827 in
2347 4771 2644 4828 libertatem
2668 4812 2684 4839 ,
2706 4786 2804 4843 per
2822 4788 3091 4831 summum
3117 4774 3308 4845 ingrati
3332 4774 3495 4831 animi
3519 4776 3603 4829 vi-

2022 4869 2152 4923 tium
2174 4867 2226 4921 in
2250 4865 2401 4922 bonis
2424 4865 2553 4937 ipsis
2572 4866 2995 4934 murmurabant,
3015 4866 3442 4940 indignabantur,
3462 4883 3606 4939 aegre

2022 4959 2299 5023 ferebant,
2328 4957 2505 5013 tristes
2544 4956 2854 5015 manebant.
2888 4958 2957 5013 At
2979 4974 3085 5015 non
3117 4974 3214 5015 nos
3236 5001 3253 5027 ,
3277 4958 3476 5031 inquit;
3509 4959 3605 5013 sed

2021 5051 2315 5123 gaudemus
2354 5058 2409 5104 et
2450 5048 2799 5104 exsultamus.
2828 5048 2947 5105 Jam
2976 5064 3107 5107 vero
3132 5064 3348 5107 causam
3389 5063 3607 5122 quoque

2087 5209 2107 5276 Ξ
2141 5207 2225 5256 Hic
2247 5205 2433 5255 variant
2452 5202 2633 5276 Morclli
2673 5211 2740 5276 et
2758 5204 2916 5276 savilli
2954 5205 3212 5276 ultiones.
3257 5202 3420 5276 Morel.
3445 5203 3602 5276 habet

2024 5275 2108 5331 aut
2127 5280 2273 5340 equos
2783 5267 2921 5318 Savil.
2944 5280 3110 5340 vero,
3135 5266 3324 5317 etiamsi
3355 5266 3609 5330 vectigales

2023 5330 2225 5393 fecerint
2243 5366 2257 5388 ,
2283 5334 2369 5393 aut
2384 5366 2400 5388 ,
2424 5332 2475 5393 tr_
2592 5390 2606 5393 _
2656 5391 2669 5393 _
2688 5329 2900 5393 pendere
2916 5335 3177 5393 rjussermt.
3215 5335 3423 5393 Utraque
3460 5328 3608 5393 lectio

2093 5328 2225 5381 rerin't
2243 5366 2257 5388 ,
2283 5328 2367 5379 aut
2384 5366 2400 5388 ,
2424 5328 2652 5381 tributim:
2688 5329 2900 5438 pendere
2924 5328 3177 5392 jusserint.
3215 5335 3423 5394 Utraque
3460 5328 3608 5378 lectio

2093 5391 2228 5441 adrat
2243 5428 2256 5441 .
2282 5389 2372 5440 sed
2405 5389 2536 5441 Drior
2552 5428 2569 5441 .
2592 5390 2690 5441 hab
2709 5394 2756 5441 ia
2777 5392 2927 5441 seriei
2959 5392 3147 5440 ratione
3163 5427 3178 5441 .
3204 5388 3508 5441 praeferenda
3532 5388 3604 5440 vi-

2243 5428 2256 5452 ,
2282 5389 2372 5440 sed
2404 5389 2536 5452 prior
2552 5428 2569 5451 ,
2592 5388 2756 5476 habita
2777 5388 2938 5441 seriei
2959 5392 3147 5440 ratione
3163 5427 3178 5447 ,
3204 5388 3508 5453 praeferenda
3532 5388 3604 5440 vi-

2061 5460 2305 5575 e'mgavil.,
2338 5464 2917 5564 Choalemim.‘nebralca
2946 5526 3043 5565 vox
3067 5518 3161 5573 est.
3198 5490 3447 5581 undam,
3482 5486 3641 5565 sicut

2026 5583 2312 5635 sonutiantcs
2339 5596 2357 5635 :
2388 5590 2444 5635 ut
2478 5585 2628 5636 habet
2658 5586 2806 5635 etiam
2837 5584 2984 5635 lectio
3019 5583 3218 5637 aliorum
3255 5585 3607 5650 interpretum.

2030 5658 2237 5709 quorum
2261 5658 2437 5695 nomen
2461 5653 2664 5697 tacetur.

2094 5713 2168 5772 (α)
2199 5709 2310 5767 Quis
2331 5709 2391 5759 sit
2415 5709 2491 5758 hic
2512 5710 2757 5770 interpres
2773 5706 3074 5770 ignoramus.
