4116 6204
457 383 551 438 361

455 491 625 564 gaudii
644 489 895 548 aﬂ‘erunt.
920 490 1034 548 Non
1063 492 1255 558 solum,
1282 489 1467 560 inquit,
1495 487 1784 560 gaudemus
1808 492 2024 558 propter

455 582 822 638 liberationem
856 596 890 636 a
931 582 1117 646 malis,
1144 580 1239 636 sed
1281 580 1438 635 etiam
1478 579 1600 649 quia
1646 594 1710 633 ex
1736 591 1803 634 eo
1840 590 2026 631 omnes

453 681 773 746 cognoscent
796 713 812 737 ,
839 689 1001 744 quam
1043 673 1211 728 nostri
1260 672 1400 727 Deus
1447 684 1628 726 curam
1675 677 1845 740 gerat.
1881 666 2024 722 Tunc

452 768 614 831 enim,
640 765 829 836 inquit,
851 766 1020 819 dicent
1046 766 1176 819 inter
1198 772 1385 834 gentes,
1407 760 1749 832 Magniﬁcavit
1779 759 2024 814 Dominus

454 860 616 929 facere
635 871 751 909 cum
777 856 870 910 eis.
910 853 1257 924 Magniﬁcam
1285 851 1527 906 Dominus
1554 854 1720 921 facere
1742 849 2020 905 nobiscum.

452 945 565 1002 Non
594 955 794 1000 temere
828 942 1076 1013 adjicitur
1102 941 1216 997 haec
1257 939 1643 1010 conduplicatio
1667 979 1683 1004 ,
1709 939 1803 994 sed
1841 947 1900 993 ut
1935 953 2024 994 os-

454 1036 732 1092 tenderent
768 1048 1013 1104 magnam
1040 1074 1056 1099 ,
1083 1047 1242 1103 quam
1271 1039 1558 1102 ceperant,
1582 1030 1840 1085 lzetitiam.
1874 1030 2021 1084 Alte-

451 1144 569 1185 rum
614 1128 756 1184 enim
792 1126 1013 1182 verbum
1042 1132 1126 1180 est
1152 1124 1385 1195 gentium
1406 1162 1422 1189 ,
1447 1123 1670 1178 alterum
1700 1135 1827 1177 vero
1872 1121 2017 1191 ipso—

454 1236 595 1277 rum.
624 1218 758 1274 Vide
784 1226 984 1273 autem.
1012 1215 1129 1272 Non
1158 1215 1424 1280 dixerunt,
1450 1212 1692 1269 Servavit
1719 1226 1819 1267 nos
1840 1251 1856 1277 ,
1887 1226 2016 1276 nec,

452 1309 719 1366 Liberavit
730 1322 848 1374 nos;
865 1307 980 1375 sed,
994 1305 1357 1379 Hagniﬁcavit,
1372 1319 1485 1360 rem
1501 1303 1749 1374 opinione
1764 1300 2016 1372 majorem

450 1411 505 1459 et
530 1401 784 1458 miraculo
805 1400 1011 1469 plenam
1032 1413 1127 1468 per
1141 1397 1256 1454 haec
1280 1397 1517 1454 volentes
1538 1395 1836 1451 ostendere.
1859 1393 2019 1449 Vides

450 1493 742 1565 quomodo,
773 1499 833 1547 ut
872 1505 1016 1561 saepe
1041 1489 1303 1555 dicebam,
1335 1503 1430 1560 per
1455 1489 1593 1545 hanc
1612 1496 1825 1558 gentem
1852 1485 2012 1542 doce-

451 1583 602 1639 batur
626 1583 909 1638 universus
950 1581 1094 1637 orbis
1122 1587 1278 1636 terra:
1298 1619 1317 1645 ,
1337 1578 1464 1634 dum
1489 1586 1548 1634 et
1581 1577 1975 1633 abducerentur
1996 1617 2013 1642 ,

450 1681 503 1730 ct
530 1687 712 1728 rursus
757 1671 1155 1728 reducerentur.
1187 1668 1305 1740 ipse
1328 1669 1471 1724 enim
1512 1668 1715 1725 reditus
1756 1666 1856 1723 fuit
1896 1668 2016 1724 loco

451 1762 724 1834 prteconis.
747 1761 946 1817 Eorum
967 1760 1159 1830 quippe
1184 1757 1323 1815 fama
1350 1757 1548 1829 ubique
1570 1756 1897 1827 pervolabat,
1921 1756 2015 1812 Dei

451 1857 503 1911 in
531 1871 624 1912 eos
650 1853 1024 1925 benignitatem
1071 1849 1403 1908 manifestam
1441 1849 1690 1907 omnibus
1727 1850 1969 1906 efficiens
1996 1890 2011 1915 ,

451 1963 633 2019 magna
672 1947 876 2003 scilicet
900 1956 956 2002 et
982 1958 1165 2002 revera
1200 1945 1346 2001 omni
1369 1944 1621 2015 opinione
1662 1944 1864 2014 majora
1893 1959 2013 2001 esse

448 2055 565 2107 qum
584 2041 634 2095 in
658 2053 752 2094 eos
779 2037 909 2093 facta
938 2044 1091 2093 erant
1117 2035 1392 2095 miracula.
1424 2034 1544 2106 Ipse
1562 2036 1704 2091 enim
1728 2034 1895 2104 Cyrus
1921 2034 2012 2106 qui

450 2145 540 2186 eos
564 2129 805 2195 tenebat,
829 2128 972 2197 ipsos
995 2127 1212 2193 dimisit,
1235 2141 1356 2182 cum
1385 2127 1561 2182 nullus
1582 2141 1703 2183 eum
1730 2135 2007 2197 rogasset,

449 2220 539 2276 sed
567 2221 704 2276 Deus
728 2227 957 2275 mentem
989 2218 1127 2274 illius
1152 2217 1429 2274 molliisset
1453 2234 1467 2272 :
1494 2231 1595 2273 nec
1618 2216 1786 2273 solum
1811 2232 1903 2274 eos
1926 2217 2012 2273 di-

449 2314 608 2378 misit,
633 2312 725 2369 sed
753 2312 908 2368 etiam
933 2310 1110 2367 aﬂ‘ecit
1138 2310 1292 2367 donis
1317 2318 1371 2366 et
1395 2310 1719 2366 muneribus.
1743 2308 1893 2363 Facti
1919 2326 2011 2364 su-

448 2423 556 2461 mus
574 2408 814 2461 flatantes.
832 2406 886 2461 4.
903 2404 1160 2469 Converte,
1175 2402 1406 2469 Domine,
1420 2404 1749 2474 captivitatem
1766 2413 2007 2471 nostram,

446 2499 570 2551 sicut
614 2506 804 2551 torrens
847 2496 902 2550 in
945 2504 1137 2550 austro.
1166 2493 1442 2563 Quomodo
1483 2494 1616 2550 dixit
1661 2494 1713 2549 in
1753 2494 2011 2565 principio

446 2586 638 2643 Psalmi
661 2627 676 2653 ,
721 2587 848 2642 Cum
896 2593 1197 2641 converteret
1233 2584 1480 2640 Dominus
1520 2585 1852 2656 captivitatem
1880 2584 2011 2642 :hic

444 2685 654 2743 autem,
679 2673 958 2732 Converte?
992 2673 1284 2745 Tamquam
1329 2674 1397 2730 de
1440 2688 1502 2729 re
1543 2672 1716 2729 futura
1763 2674 2004 2743 loquens.

444 2768 667 2824 Maxime
693 2769 833 2822 enim
860 2766 1040 2823 nosad
1070 2766 1209 2821 hunc
1231 2780 1443 2821 sensum
1469 2764 1670 2820 inducit
1687 2764 1822 2820 alius
1844 2765 2010 2820 inter-

445 2878 565 2934 pres
587 2905 602 2931 ,
632 2864 720 2936 qui
746 2863 874 2918 dixit
902 2903 919 2930 ,
950 2878 1054 2917 non
1072 2904 1087 2927 ,
1116 2860 1241 2917 Cum
1266 2869 1566 2916 converteret
1588 2875 1606 2915 :
1626 2858 1720 2915 scd
1744 2899 1759 2923 ,
1793 2858 2009 2927 Quando

442 2957 774 3023 converterit;
800 2955 1049 3028 quoniam
1079 2968 1165 3010 res
1193 2962 1320 3010 tunc
1342 2951 1661 3024 incipiebat,
1688 2960 1743 3009 et
1767 2967 1872 3006 non
1899 2960 2008 3007 tota

440 3055 583 3117 gesta
611 3045 709 3103 fuit
734 3048 787 3102 in
816 3045 1093 3117 principio,
1117 3044 1295 3100 multm
1309 3044 1504 3116 quippe
1524 3043 1732 3099 fuerunt
1761 3043 2008 3099 transmi-

439 3139 704 3210 grationes
727 3155 740 3192 :
765 3138 863 3194 fuit
890 3139 1031 3193 enim
1058 3138 1247 3209 prima,
1272 3136 1501 3193 secunda
1528 3145 1582 3191 et
1608 3136 1784 3191 tertia.

511 3231 566 3284 2.
593 3231 704 3286 [loc
747 3245 874 3301 ergo
921 3243 1200 3300 possumus
1223 3228 1402 3283 dicere
1430 3246 1444 3282 :
1472 3227 1556 3282 vel
1580 3241 1701 3281 eum
1731 3240 1919 3289 orare,
1947 3232 2008 3279 ut

442 3322 510 3376 sit
539 3322 738 3391 integra
766 3329 819 3377 et
840 3320 1079 3376 absoluta
1100 3318 1364 3374 liberatio.
1390 3316 1541 3372 Multi
1557 3316 1697 3372 enim
1721 3315 1890 3370 Judaei
1917 3330 2008 3367 vo-

442 3413 622 3468 lebant
646 3426 918 3468 remanere
943 3411 996 3466 in
1022 3410 1237 3481 regione
1261 3408 1606 3466 barbarorum
1631 3448 1646 3474 ,
1676 3416 1728 3464 et
1769 3405 1887 3463 ideo
1918 3421 2007 3461 ve~

441 3504 713 3559 hementer
736 3501 1042 3558 desiderans
1070 3500 1170 3556 hoc
1189 3500 1325 3565 fieri,
1342 3499 1598 3561 Converte.
1626 3498 1813 3569 inquit,
1841 3498 2004 3567 capti-

436 3596 635 3650 vitatem
669 3603 892 3649 nostram
917 3594 1047 3649 sicut
1073 3602 1266 3648 torrens
1292 3592 1346 3646 in
1369 3600 1541 3646 austro
1562 3607 1582 3645 :
1602 3589 1704 3645 hoc
1728 3597 1809 3645 est
1835 3629 1852 3657 ,
1883 3603 2002 3644 cum

438 3700 628 3756 magno
668 3685 866 3753 impetu
889 3723 906 3749 ,
932 3699 1052 3738 cum
1097 3696 1282 3753 magna
1310 3681 1644 3737 vehementia
1688 3694 1784 3735 nos
1812 3692 2004 3749 urgens

435 3787 592 3847 atque
625 3776 868 3833 incitahs.
907 3775 1161 3843 Quocirca
1205 3774 1341 3829 alius
1365 3789 1572 3844 quoque
1611 3774 1869 3841 interpres
1905 3772 2005 3826 hoc

436 3868 604 3935 ipsum
645 3866 944 3937 signiﬁcans
963 3907 978 3931 ,
1001 3865 1209 3920 dicebat
1231 3906 1244 3929 ,
1271 3863 1339 3919 Ut
1372 3864 1591 3918 canales.
1615 3865 1762 3919 Alius
1786 3904 1801 3928 ,
1830 3862 1897 3917 Ut
1919 3863 2006 3916 dc-

435 3960 620 4028 ﬂtmts.
667 3959 817 4013 Alius
839 3999 855 4024 ,
888 3956 957 4014 Ut
981 3958 1265 4012 emissiones
1314 3956 1412 4027 (a).
1443 3957 1496 4013 5.
1530 3956 1630 4021 Qui
1669 3956 1917 4011 seminnnt
1951 3955 2003 4009 in

434 4047 686 4118 lacrymis,
714 4048 767 4101 in
790 4047 1121 4101 exsultatione
1137 4055 1336 4100 metant.
1354 4045 1469 4100 lloc
1492 4045 1559 4101 de
1576 4044 1774 4100 Judmis
1788 4045 2002 4115 quidem

435 4137 630 4194 dictum
667 4147 750 4194 est
770 4180 786 4206 ,
818 4147 993 4208 potest
1018 4146 1194 4193 autem
1225 4139 1276 4192 in
1305 4137 1485 4192 multis
1512 4152 1654 4207 saepe
1683 4136 1798 4191 aliis
1826 4136 2001 4191 locum

437 4228 651 4284 habere.
682 4229 859 4284 Virtus
881 4230 1022 4285 enim
1043 4243 1130 4285 res
1152 4239 1235 4284 est
1261 4226 1538 4297 ejusmodi,
1565 4235 1620 4281 ut
1647 4241 1765 4296 quas
1788 4240 2008 4297 magnas

437 4317 628 4374 habeat
653 4319 890 4374 laborum
918 4319 1367 4375 remunerationes
1392 4335 1406 4372 :
1430 4325 1483 4373 et
1506 4325 1715 4387 oportet
1739 4332 1835 4371 nos
1856 4317 2004 4386 prius

438 4407 676 4464 laborare
704 4417 759 4464 et
781 4409 937 4481 afﬂigi
967 4452 984 4475 ,
1013 4418 1067 4467 et
1094 4420 1217 4466 tunc
1254 4408 1414 4463 animi
1455 4408 1822 4463 remissionem
1852 4422 2002 4478 quaa-

437 4513 577 4555 rere.
608 4498 720 4555 Hoc
746 4500 886 4555 enim
911 4500 1106 4572 ubique
1134 4510 1309 4571 potest
1327 4494 1598 4555 obset‘vari
1620 4500 1673 4553 in
1699 4499 1765 4554 iis
1793 4514 1909 4570 qua:
1934 4497 2002 4553 ad

438 4589 577 4647 hanc
599 4590 760 4644 vitam
789 4592 1077 4659 pertinent.
1105 4592 1366 4659 Quocirca
1394 4590 1508 4661 ipse
1544 4604 1755 4662 quoque
1780 4589 1847 4645 ad
1888 4588 2004 4643 hmo

434 4682 651 4740 deduxit
667 4684 976 4750 orationem,
999 4683 1063 4737 ad
1084 4695 1398 4749 sementem,
1426 4683 1659 4752 inquam,
1681 4691 1733 4736 et
1753 4695 2002 4737 messem.

433 4773 882 4842 Quemadmodum
912 4774 1052 4829 enim
1077 4775 1165 4845 qui
1191 4775 1439 4841 seminat,
1466 4772 1664 4838 labore,
1693 4771 1999 4839 afﬂictione,

434 4865 714 4920 sudoribus
736 4906 753 4929 ,
783 4873 836 4919 et
862 4863 1036 4918 hieme
1079 4863 1276 4935 indiget
1303 4880 1319 4919 ι
1350 4864 1421 4918 ita
1448 4865 1609 4918 etiam
1637 4863 1724 4932 qui
1754 4861 2000 4917 virtutem

437 4955 784 5025 persequitur.
807 4953 944 5008 Nihil
975 4954 1115 5008 enim
1141 4968 1290 5023 mque
1313 4952 1475 5008 estad
1499 4952 1664 5009 otium
1690 4952 1925 5021 ineptum
1945 4960 2004 5007 ut

435 5044 615 5102 homo.
634 5046 703 5102 Et
721 5047 840 5101 ideo
861 5045 998 5100 Deus
1012 5055 1207 5101 arctam
1230 5055 1286 5102 et
1308 5054 1580 5116 angustam
1605 5045 1743 5100 viam
1765 5043 1941 5100 eﬂ'ecit
1959 5043 1997 5110 ί,

431 5152 550 5206 qua:
577 5137 721 5192 ducit
743 5136 807 5191 ad
833 5137 1091 5190 virtutem.
1117 5136 1225 5191 lmo
1249 5151 1377 5191 vero
1402 5152 1505 5191 non
1534 5130 1706 5191 solum
1733 5136 1999 5201 virtutem,

432 5227 524 5281 sed
559 5242 622 5282 ea
650 5227 810 5283 etiam
845 5242 963 5294 qua:
1001 5226 1066 5279 ad
1106 5226 1240 5281 hanc
1268 5228 1426 5280 vitam
1449 5227 1746 5296 pertinent,
1772 5225 2004 5282 reddidit

434 5315 694 5372 lalmriosa
713 5357 729 5380 ,
760 5326 921 5384 atque
945 5312 1081 5368 adeo
1109 5315 1263 5384 longe
1288 5315 1533 5385 amplius.
1564 5317 1693 5371 Nam
1723 5318 1811 5387 qui
1838 5317 2001 5371 semi-

436 5419 545 5475 nat,
572 5409 660 5480 qui
689 5404 936 5470 aediﬁcat,
962 5403 1165 5471 viator,
1192 5405 1439 5474 lignator,
1468 5405 1659 5475 opifex,
1692 5412 1747 5462 et
1774 5406 2004 5476 denique

498 5605 514 5635 ι
549 5604 820 5667 steomnes
836 5606 961 5658 Mss;
980 5598 1119 5659 juxta
1131 5598 1297 5667 Morel.
1321 5608 1482 5651 autem
1504 5610 1557 5653 et
1578 5604 1717 5667 savii.
1740 5602 2002 5667 legendum

408 5694 413 5705 .
439 5670 532 5721 εει,
554 5670 600 5713 ει
621 5661 733 5713 ideo
759 5669 886 5723 Dens
908 5667 1092 5707 arctam
1112 5666 1158 5709 et
1179 5669 1428 5723 angustam
1449 5662 1624 5712 vocarit
1647 5664 1788 5715 viam.

403 5768 413 5775 ,
502 5720 573 5788 (α)
608 5723 795 5772 mimus
812 5720 1055 5788 interpres
1077 5729 1153 5770 est
1172 5720 1376 5788 Aquila,
1399 5723 1641 5788 secundus
1672 5725 1999 5788 Symmachus,

439 5781 618 5838 tertius
636 5790 794 5833 sexta:
817 5781 1041 5830 Edltitmis
1061 5781 1246 5832 auctor.
1269 5781 1388 5833 Vide
1408 5782 1615 5844 talexajla
1639 5781 1814 5836 nostra.

1498 375 1851 434 EXPOSITIO
1877 373 1942 429 1N
1979 371 2296 430 PSALMUM
2335 374 2568 432 CXXVI.
2603 375 2619 389 ⁸

3595 391 3703 449 38'!

2131 485 2350 554 quilibet
2373 485 2534 543 homo
2557 528 2572 555 ,
2602 487 2649 544 si
2677 496 2759 546 cst
2789 488 2985 560 aliquid
3025 494 3291 551 commodi
3319 506 3698 571 percepturus,

2129 574 2310 631 labore
2349 585 2405 633 et
2442 576 2727 635 afﬂictione
2764 594 2899 649 opus
2935 579 3094 637 habet
3119 601 3134 635 :
3159 589 3701 657 et~quemadmodum

2127 669 2329 724 semina
2349 684 2483 740 opus
2504 670 2702 726 habent
2729 672 3002 740 imbribus,
3028 673 3097 728 ita
3113 688 3212 729 nos
3230 677 3387 733 etiam
3408 679 3660 754 lacrymis
3684 702 3700 740 :

2127 770 2183 815 et
2218 761 2354 816 sicut
2381 768 2521 818 terra
2547 778 2681 833 opus
2709 763 2872 819 habet
2914 774 2971 819 ut
2997 774 3180 820 aretur
3201 774 3258 822 et
3288 771 3661 838 proscindatur
3678 813 3698 839 ,

2127 853 2199 908 ita
2226 854 2399 908 anima
2439 854 2607 911 ﬁdelis
2637 871 2737 927 pro
2773 856 2947 927 ligone
2986 857 3186 929 indiget
3231 864 3612 920 tentationibus
3647 877 3702 922 et

2124 943 2514 1012 afﬂictionibus,
2543 962 2609 1002 ne
2628 947 2883 1017 producat
2909 948 3072 1004 malas
3097 948 3311 1019 herbas,
3342 962 3397 1008 ut
3422 954 3537 1024 ejus
3565 957 3699 1012 mol-

2124 1034 2283 1090 liatur
2310 1035 2563 1103 durities,
2593 1053 2660 1091 ne
2693 1038 2912 1093 nimium
2942 1039 3193 1096 efferatur
3215 1051 3269 1097 et
3301 1045 3529 1100 exsiliat.
3561 1046 3696 1102 Nam

2126 1132 2264 1180 terra
2289 1140 2497 1196 quoque
2514 1125 2616 1182 nisi
2635 1126 2916 1198 diligenter
2941 1130 3162 1196 colatur,
3187 1132 3317 1188 nihil
3345 1133 3473 1189 boni
3500 1137 3698 1206 produ-

2123 1213 2214 1269 cit.
2245 1213 2357 1270 Hoc
2384 1230 2520 1286 ergo
2538 1216 2667 1272 dicit
2692 1218 2947 1287 pr0pheta
2975 1237 2989 1273 :
3013 1235 3118 1277 non
3147 1237 3268 1279 esse
3305 1225 3479 1281 solum
3510 1227 3696 1283 laetan-

2121 1303 2244 1360 dum
2274 1315 2489 1375 propter
2512 1308 2761 1376 reditum,
2778 1310 2870 1364 sed
2886 1314 3044 1368 etiam
3072 1325 3288 1384 propter
3309 1319 3691 1387 captivitatem,

2120 1405 2173 1450 et
2202 1411 2299 1466 pro
2327 1398 2563 1468 utrisque
2593 1399 2701 1455 Deo
2729 1415 2845 1456 esse
2882 1403 3112 1472 agendas
3135 1406 3349 1476 gratias.
3378 1408 3515 1465 illud
3551 1415 3692 1466 enim

2118 1496 2202 1542 est
2228 1489 2481 1579 sementis
2508 1508 2522 1544 :
2554 1489 2656 1546 hoc
2681 1506 2808 1547 vero
2846 1494 3054 1549 messis.
3089 1494 3153 1553 Ut
3180 1511 3336 1568 ergo,
3371 1500 3573 1570 inquit,
3601 1506 3692 1579 qui

2119 1577 2383 1633 seminant
2420 1579 2719 1637 laborantes
2742 1623 2758 1648 ,
2785 1580 3013 1638 fructum
3044 1595 3226 1655 postea
3260 1589 3551 1659 percipiunt
3577 1610 3591 1646 :
3621 1577 3691 1648 ita

2117 1669 2278 1724 etiam
2303 1683 2398 1725 vos
2424 1670 2635 1742 quando
2657 1672 2953 1729 recessistis
2978 1675 3214 1745 quidem,
3238 1677 3422 1734 imitati
3450 1682 3578 1738 estis
3595 1698 3691 1739 eos

2117 1759 2208 1829 qui
2235 1759 2520 1827 seminant,
2547 1761 2747 1828 afﬂicti,
2778 1764 3005 1833 pulsati,
3035 1768 3208 1823 vexati
3232 1807 3248 1836 ,
3275 1768 3526 1839 hiemem,
3555 1782 3693 1829 temo

2119 1858 2397 1920 pestatem,
2429 1851 2625 1908 bellum
2646 1894 2660 1919 ,
2685 1853 2892 1911 nimbos
2914 1898 2928 1919 .
2952 1858 3071 1929 gelu
3096 1868 3152 1916 et
3173 1860 3394 1931 glaciem
3417 1861 3647 1922 ferentes
3671 1909 3687 1932 ,

2118 1941 2378 2014 laerymas
2400 1943 2745 2002 eﬂundentes.
2767 1947 2916 2015 Quod
2944 1949 3085 2006 enim
3110 1962 3232 2007 sunt
3254 1953 3450 2012 imbres
3469 1959 3689 2014 semini-

2114 2030 2234 2098 bus,
2262 2033 2363 2089 hoc
2384 2034 2628 2107 lacrymre
2658 2037 2722 2092 iis
2746 2038 2835 2108 qui
2856 2037 3182 2111 afﬂiguntur.
3200 2042 3305 2098 Sed
3332 2059 3477 2111 ecce,
3498 2047 3687 2119 inquit,

2113 2126 2394 2194 accepistis
2435 2141 2618 2184 eorum
2658 2128 2894 2185 laborum
2939 2136 3436 2193 remunerationem.
3465 2138 3688 2207 Quando

2113 2229 2242 2285 ergo
2255 2216 2402 2272 dicit:
2416 2217 2665 2274 6.Euntes
2676 2220 2815 2275 ibant
2821 2231 2886 2288 ,et
2899 2222 3105 2292 ﬂebant,
3120 2225 3363 2284 mittentes
3373 2229 3562 2283 semina
3571 2248 3684 2296 sua,

2113 2307 2165 2361 7.
2194 2309 2439 2363 venientes
2465 2320 2632 2364 autem
2663 2312 2856 2366 venient
2895 2329 3009 2368 cum
3047 2316 3410 2384 exsultatione,
3435 2330 3688 2390 portantes

2112 2400 2397 2471 manipulus
2412 2417 2552 2462 suos,
2582 2417 2685 2457 non
2704 2403 2912 2459 dicitde
2926 2403 3187 2461 frumento
3201 2408 3294 2463 sed
3315 2408 3382 2465 de
3398 2410 3573 2475 rebus,
3591 2411 3689 2467 do-

2112 2505 2239 2545 cens
2262 2491 2578 2557 auditorem,
2604 2508 2709 2548 non
2735 2495 2854 2564 angi
2878 2503 2933 2551 ct
2953 2511 3182 2553 mmrere
3206 2499 3257 2552 in
3288 2498 3682 2557 afﬂictionibus.

2112 2580 2565 2648 Quemadmodum
2599 2585 2741 2641 enim
2768 2586 2858 2656 qui
2882 2587 3138 2653 seminat,
3168 2604 3397 2647 mmrore
3430 2607 3534 2647 non
3561 2592 3681 2648 alti-
3784 2618 3789 2624 ι

2111 2673 2248 2727 citur
2270 2714 2285 2739 ,
2309 2672 2432 2729 licet
2465 2675 2770 2748 sint_multa
2799 2679 2976 2746 gravia
2999 2718 3015 2743 ,
3040 2679 3330 2748 respiciens
3360 2680 3427 2739 ad
3459 2682 3606 2738 la'tas
3629 2692 3685 2739 et

2113 2765 2440 2823 luxuriantes
2462 2744 2670 2839 sngtes
2694 2786 2709 2822 :
2734 2744 2993 2826 ita—etiam
3018 2744 3143 2825 eum
3160 2772 3249 2840 qui
3275 2771 3540 2844 afﬂigitur,
3575 2788 3681 2829 non

2110 2870 2321 2931 oportet
2344 2863 2464 2933 angi
2491 2871 2545 2918 ct
2568 2862 2859 2921 excruciari
2884 2904 2899 2930 ,
2922 2863 3130 2919 etiamsi
3150 2864 3256 2919 sint
3282 2865 3543 2935 permulta
3569 2882 3684 2921 mo~

2112 2956 2264 3023 lesta,
2293 2965 2350 3011 ut
2377 2956 2468 3026 qui
2495 2970 2723 3012 messem
2751 2963 3042 3027 exspectet,
3072 2963 3128 3011 ct
3149 2956 3419 3025 copiosum
3450 2972 3680 3026 proven~

2114 3055 2246 3113 tum,
2275 3047 2362 3117 qui
2392 3062 2460 3105 ex
2486 3045 2773 3103 afﬂictione
2799 3048 3005 3113 oritur,
3036 3044 3357 3103 consideret.
3386 3047 3500 3105 lloc
3525 3047 3682 3117 igitur

2111 3151 2209 3196 nos
2253 3152 2463 3208 quoque
2505 3136 2935 3202 considerantes,
2958 3145 3012 3193 et
3049 3151 3145 3207 pro
3179 3135 3467 3193 afﬂictione
3507 3144 3562 3192 et
3587 3153 3682 3207 pro

2108 3227 2220 3283 otio
2261 3242 2326 3284 ac
2369 3228 2550 3299 quiete
2585 3242 2803 3298 agamus
2849 3228 3074 3285 Domino
3112 3229 3329 3299 gratias.
3373 3228 3488 3285 Etsi
3536 3230 3679 3285 enim

2108 3327 2232 3373 sunt
2258 3318 2467 3375 diversa
2494 3333 2614 3389 quae
2646 3317 2811 3386 fiunt,
2840 3334 3000 3374 unum
3043 3327 3217 3375 tamen
3253 3318 3449 3375 habent
3473 3319 3679 3391 singula

2111 3412 2267 3468 linem
2291 3411 2616 3482 propositum
2637 3452 2653 3472 ,
2673 3412 2810 3466 sicut
2829 3410 3085 3467 sementis
3103 3421 3156 3466 et
3177 3410 3369 3469 messis
3390 3407 3406 3464 ὲ
3434 3409 3679 3465 afﬂictio~

2084 3520 2307 3576 vitesque
2335 3504 2455 3560 forti
2480 3512 2536 3560 et
2560 3518 2824 3575 generoso
2851 3504 3030 3559 animo
3050 3502 3302 3567 feramus,
3329 3511 3528 3558 etcum
3553 3518 3680 3572 gra-

2110 3597 2298 3651 tiarum
2326 3594 2556 3660 actione;
2573 3595 2738 3650 otium
2758 3603 2943 3659 autem
2969 3603 3024 3651 et
3050 3609 3138 3650 res
3161 3591 3423 3649 secundas
3442 3608 3565 3651 cum
3585 3593 3680 3649 Dei

2106 3688 2289 3758 gloriae
2316 3686 2673 3743 celebratione
2696 3727 2711 3751 ,
2743 3695 2802 3741 ut
2829 3684 3000 3741 futura
3029 3686 3193 3742 etiam
3219 3685 3353 3741 bona
3380 3699 3676 3755 consequa-

2109 3794 2244 3842 mur,
2275 3779 2442 3849 gratia
2463 3786 2517 3833 et
2537 3777 2859 3848 benignitate
2882 3776 3089 3831 Domini
3115 3777 3281 3831 nostri
3309 3775 3434 3831 Jesu
3459 3775 3673 3842 Clu-isti,

2106 3870 2189 3925 cui
2209 3870 2375 3940 gloria
2396 3878 2450 3924 et
2471 3869 2748 3938 imperium
2774 3868 2825 3922 in
2845 3870 3039 3924 sarcula
3062 3869 3397 3925 saeculorum.
3424 3871 3615 3923 Amen.

2535 4043 2601 4098 IN
2640 4041 2962 4099 PSALMUM
2998 4041 3236 4099 CXXVI.

2108 4230 2164 4287 i.
2203 4227 2322 4283 Nisi
2348 4226 2592 4282 Dominus
2631 4223 2949 4293 aediﬁcaverit
2981 4223 3184 4277 domum
3207 4262 3225 4289 ,
3250 4222 3303 4276 in
3324 4238 3505 4277 vanum
3531 4223 3677 4277 labo-

2176 4327 2410 4374 raverunt
2436 4316 2523 4387 qui
2546 4316 2801 4385 aediﬁcant
2826 4330 2959 4369 eam.
3002 4311 3121 4368 Nisi
3148 4311 3396 4372 Dominus
3426 4314 3675 4368 custodie-

2175 4411 2241 4464 rit
2279 4408 2562 4473 civitatem,
2618 4411 2808 4478 frustra
2853 4404 3026 4475 vigilat
3071 4403 3158 4475 qui
3197 4402 3412 4460 custodit
3458 4420 3590 4457 eam.
3618 4403 3674 4458 2.

2187 4501 2382 4557 Vanum
2422 4508 2494 4555 est
2527 4499 2663 4553 vobis
2690 4506 2808 4551 ante
2844 4497 3005 4555 lucem
3042 4510 3287 4567 surgere;
3315 4495 3500 4565 surgite
3535 4504 3645 4565 post
3665 4525 3677 4536 .

2176 4610 2326 4664 quant
2351 4590 2595 4646 sederitis.

2177 4771 2230 4825 l.
2270 4770 2366 4829 Hic
2395 4768 2635 4824 Psalmus
2675 4765 2848 4820 dictus
2885 4761 3058 4818 estde
3084 4769 3226 4817 statu
3255 4774 3430 4816 rerum
3459 4760 3550 4831 qui
3581 4760 3678 4815 fuit

2108 4870 2229 4935 post
2254 4863 2501 4917 reditum.
2529 4859 2788 4928 Quoniam
2810 4856 2951 4913 enim
2977 4870 3007 4910 a
3035 4855 3339 4923 captivitate
3361 4853 3591 4919 liberati,
3619 4863 3699 4927 et~

2107 4971 2138 5011 a
2177 4954 2403 5010 barbara
2432 4952 2646 5021 regione
2685 4949 2906 5013 reversi,
2954 4947 3182 5003 dirutam
3217 4961 3250 5003 a
3297 4961 3357 5003 se
3404 4946 3673 5002 inventam

2107 5046 2401 5103 civitatem.
2427 5051 2482 5098 et
2518 5041 2712 5098 mteuia
2739 5054 2859 5095 cum
2889 5038 3122 5095 turribus
3140 5038 3283 5093 humi
3309 5035 3525 5106 disjecta
3542 5074 3557 5101 ,
3580 5049 3675 5091 co-

2108 5136 2371 5192 nabantur
2402 5133 2677 5188 excitare:
2709 5130 2858 5185 tnulti
2906 5138 3083 5184 autem
3130 5141 3223 5184 eos
3268 5126 3500 5197 undique
3550 5123 3676 5178 ado-

2106 5230 2305 5285 rientes
2330 5225 2683 5297 prohibebant
2707 5223 3008 5279 Judaeorum
3033 5219 3267 5277 felicitati
3286 5216 3600 5281 invidentes,
3624 5225 3677 5271 et

2107 5333 2390 5390 prosperos
2414 5331 2597 5373 eorum
2631 5329 2906 5370 successus
2931 5319 3226 5367 metuentes
3255 5324 3271 5361 :
3298 5306 3492 5362 deinde
3518 5308 3568 5361 in
3593 5304 3678 5361 his

2107 5408 2359 5466 faciendis
2393 5416 2602 5477 tempus
2634 5403 3040 5468 conterebatur,
3062 5410 3118 5457 et
3156 5409 3358 5464 tantum
3386 5398 3674 5454 eontritmu

2106 5508 2189 5555 est
2215 5496 2490 5567 temporis,
2521 5504 2579 5550 ut
2608 5495 2662 5550 in
2690 5489 3000 5551 mdiﬁcando
3024 5488 3222 5559 templo
3245 5488 3519 5558 plusquam
3547 5503 3676 5559 qua-

2111 5589 2352 5659 draginta
2395 5586 2521 5642 anni
2559 5582 2860 5653 consumpti
2909 5581 3059 5635 sint:
3094 5579 3236 5651 quod
3274 5578 3443 5635 Judaei
3469 5594 3678 5650 quoque

2110 5683 2439 5741 declarantes
2464 5678 2709 5735 dicebant
2736 5693 2751 5731 :
2785 5671 3131 5745 Quadraginta
3159 5682 3206 5728 et
3226 5688 3315 5729 sca:
3332 5671 3479 5727 annis
3504 5672 3657 5741 cedi/io

2113 5785 2278 5832 catum
2304 5782 2376 5829 est
2402 5770 2642 5842 templum
2670 5769 2762 5827 hoc
2797 5766 2970 5839 (Joan.
3015 5767 3071 5821 ‘2.
3112 5766 3218 5839 20)
3249 5779 3265 5822 ε
3298 5780 3402 5821 non
3443 5763 3680 5820 dicentes
