4116 6204
402 367 514 424 $63
1171 358 1229 413 S.
1271 356 1549 414 JOANNIS
1585 350 2056 412 CHRYSOSTOMI
2093 347 2410 405 ARCHIEP.
2451 347 2982 406 CONSTANTINOP.
3047 390 3055 398 .
3582 351 3688 408 365

407 482 474 535 de
502 479 680 550 priore
699 474 1071 538 aedificatione,
1103 487 1222 544 quae
1248 486 1280 525 a
1309 471 1598 529 Salomone
1617 466 1753 524 facta
1778 475 1881 531 est,
1898 464 1992 521 sed

404 574 476 625 de
502 584 567 626 ea
587 614 600 635 ,
624 583 748 640 qua:
775 568 913 623 facta
940 574 1020 620 est
1047 568 1324 635 postquam
1352 561 1559 616 liberati
1586 568 1709 614 sunt
1735 573 1765 614 a
1792 557 1991 614 Persis.

402 660 672 729 Quoniam
702 673 832 729 ergo
870 656 1093 711 multum
1122 665 1337 723 tempus
1381 649 1753 706 etmtercbatur
1780 649 1835 703 in
1865 647 1989 703 civi-

406 763 518 810 tate
542 751 746 822 templo
781 758 838 806 et
872 749 1142 805 inmitibus
1178 742 1515 801 exstruendis
1561 739 1724 814 (nam
1767 739 1993 795 civitatis

406 845 736 900 constructio
754 843 921 898 multo
939 841 1098 897 etiam
1127 838 1306 909 plures
1330 852 1499 892 annos
1521 833 1871 906 consumpsit)
1893 833 1988 906 (tt),

411 937 615 993 docens
636 951 730 991 cos
760 949 946 989 rursus
969 930 1229 1003 propheta
1253 931 1320 984 ad
1346 930 1511 984 Deum
1542 926 1847 997 confugere,
1878 925 1993 979 lucc

408 1029 748 1100 persequitur
768 1068 783 1093 ,
808 1026 1099 1082 ostendens
1124 1024 1299 1079 omnia
1327 1023 1525 1077 frustra
1545 1030 1595 1077 et
1638 1021 1991 1090 nequidquam

408 1119 560 1183 tieri,
590 1118 694 1172 nisi
724 1116 792 1172 ad
830 1132 892 1172 se
930 1115 1170 1171 divinum
1200 1114 1457 1168 auxilium
1496 1112 1835 1167 attraxerint.
1874 1109 1992 1166 Non

406 1206 581 1262 solum
614 1208 757 1263 enim
796 1215 857 1262 ut
885 1208 1180 1261 liberentur
1204 1222 1236 1261 a
1275 1204 1603 1275 captivitate,
1628 1203 1720 1258 sed
1748 1204 1909 1257 etiam
1934 1208 1996 1256 ut

407 1300 613 1356 liberati
643 1300 838 1355 mtenia
868 1301 1120 1363 excitent,
1157 1299 1269 1351 tit-ri
1303 1313 1407 1351 non
1438 1306 1615 1368 potest
1634 1297 1833 1366 absque
1857 1295 1994 1350 divi-

408 1406 483 1445 no
520 1392 736 1447 auxilio.
784 1392 850 1446 Et
875 1390 1001 1461 quid
1031 1389 1151 1444 dico
1171 1389 1241 1443 de
1270 1390 1436 1442 muris
1461 1387 1755 1442 excitandis
1783 1395 1837 1441 et
1862 1385 1994 1442 urbe

405 1484 759 1539 aedificanda?
788 1483 864 1539 Ne
896 1498 1014 1539 eam
1043 1480 1257 1553 quidem
1306 1480 1593 1550 perfectam
1615 1489 1672 1536 et
1694 1480 1990 1535 absolutam

409 1578 610 1648 poterit
628 1577 750 1648 quis
777 1576 1069 1639 custodire,
1102 1575 1147 1629 si
1173 1573 1299 1628 illud
1327 1574 1372 1629 ei
1412 1587 1519 1626 non
1551 1572 1687 1627 adsit
1715 1572 1990 1627 auxilium.

413 1670 538 1725 llaec
585 1679 763 1723 autem
802 1670 1048 1729 dicebat.
1076 1668 1156 1722 eis
1186 1667 1330 1722 omni
1366 1668 1574 1722 ratione
1622 1665 1874 1733 suadens,
1931 1673 1991 1720 ut

406 1776 595 1816 rursus
623 1761 688 1815 ad
722 1761 815 1817 Dei
844 1761 1097 1815 auxilium
1124 1761 1504 1830 confugerent,
1534 1774 1602 1814 ne
1630 1759 1741 1813 otio
1760 1769 1809 1813 et
1833 1759 1993 1815 rebus

411 1852 663 1908 secundis
692 1853 882 1907 fierent
925 1851 1355 1921 negligentiores.
1398 1851 1682 1921 Propterea
1723 1851 1866 1905 enim
1893 1866 1994 1906 nec

409 1944 567 2000 simul
595 1953 649 2000 et
673 1944 961 2001 acervatim
989 1943 1137 1997 dedit
1163 1943 1240 1998 eis
1268 1941 1402 1997 bona
1425 1943 1603 1996 omnia
1624 1984 1638 2008 ,
1668 1942 1763 1997 sed
1793 1943 1991 1997 sensim

410 2051 466 2094 ct
489 2039 763 2109 paulatim,
796 2051 864 2092 ne
890 2036 1050 2091 celeri
1076 2034 1387 2090 liberatione
1409 2051 1437 2088 a
1465 2035 1621 2090 malis
1645 2034 1711 2089 ad
1740 2034 1995 2103 improbi-

407 2140 570 2186 tatem
601 2130 874 2200 pristinam
928 2136 1286 2182 recurrerent.
1334 2126 1636 2194 Quinetiam
1682 2124 1807 2179 dum
1856 2125 1992 2180 bona

409 2223 581 2288 daret,
609 2236 703 2276 eos
732 2234 875 2289 stupe
897 2218 1240 2284 admouebat,
1273 2232 1368 2288 per
1391 2218 1737 2286 irruptionem
1760 2215 1991 2270 hostium

407 2328 593 2369 eorum
615 2311 912 2368 socordiam
936 2308 1250 2377 frequenter
1279 2309 1540 2363 excitans.
1568 2307 1718 2376 Quod
1749 2322 1878 2377 ergo
1908 2306 1994 2361 hic

408 2403 621 2467 dicitur,
653 2404 983 2474 generaliter
1022 2401 1223 2454 dictum
1259 2412 1340 2455 est
1371 2418 1383 2451 :
1412 2415 1479 2454 ex
1508 2400 1608 2452 lioe
1630 2409 1807 2454 autent
1832 2414 1992 2469 argu-

410 2503 591 2551 mento
616 2494 757 2564 cepit
777 2494 1117 2564 principium.
1142 2490 1362 2562 Oportet
1379 2494 1519 2547 enim
1539 2491 1588 2545 id
1611 2503 1795 2560 aptare
1816 2490 1990 2545 enini.

409 2593 525 2651 bus.
557 2608 661 2645 non
692 2602 747 2645 ut
776 2591 872 2660 ipsi
904 2590 1157 2643 socordes
1179 2589 1347 2643 simus
1369 2628 1382 2651 ,
1422 2596 1475 2642 et
1500 2587 1673 2656 supini
1691 2587 1988 2656 jaceatnus,

406 2685 502 2739 sed
527 2694 583 2738 Ill
608 2693 790 2737 nostra
812 2682 1119 2746 afferentes,
1146 2680 1236 2734 Dei
1259 2679 1479 2734 arbitrio
1505 2679 1682 2733 omnia
1717 2678 1992 2748 permitta-

409 2788 548 2839 mus,
582 2789 734 2844 aspe
772 2773 912 2827 iliius
960 2772 1013 2826 in
1060 2768 1309 2826 omnibus
1361 2780 1621 2840 perpetuo
1668 2768 1985 2839 pendentes.

408 2864 865 2933 Quemadmodum
899 2863 1041 2919 enim
1087 2862 1199 2916 fieri
1239 2877 1343 2916 non
1396 2870 1569 2931 potest
1600 2868 1684 2925 ut,
1714 2861 1812 2914 nisi
1854 2861 1990 2914 Deus

408 2968 563 3022 Opem
594 2952 725 3008 ferat
748 2995 762 3019 ,
799 2968 884 3008 res
918 2950 982 3006 ad
1017 2952 1179 3006 finem
1212 2951 1571 3022 perducantur
1600 2968 1613 3004 :
1644 2952 1746 3014 ita,
1775 2951 1819 3005 si
1849 2950 1990 3006 Deus

408 3062 565 3116 opem
594 3046 749 3109 ferat,
779 3047 948 3100 simus
968 3055 1144 3100 autem
1173 3045 1501 3115 negligentes
1531 3053 1582 3100 et
1608 3044 1761 3100 otiosi
1789 3085 1804 3111 ,
1828 3044 1989 3099 linem

404 3148 512 3192 non
542 3137 837 3208 poterimus
880 3136 1111 3206 assequi.
1160 3134 1353 3189 Vanum
1392 3144 1466 3189 est
1492 3135 1628 3189 vobis
1670 3143 1787 3189 ante
1828 3134 1990 3189 lucem

405 3245 611 3299 surgere
637 3244 656 3283 :
682 3230 872 3297 surgite
922 3236 1185 3296 postquam
1229 3225 1477 3280 sederitis.
1528 3225 1683 3281 Aâ€™lius
1724 3227 1987 3296 interpres

412 3321 516 3385 ait,
574 3321 924 3377 Tardantibus
963 3321 1033 3373 ad
1102 3318 1396 3372 sedendum.
1428 3319 1596 3385 Alius,
1627 3317 1989 3385 lii/ferentibus

403 3411 593 3463 sedere.
622 3410 774 3478 Quod
817 3418 997 3463 autem
1038 3408 1190 3473 dicit,
1229 3417 1312 3463 est
1339 3409 1639 3476 ejusmodi:
1667 3410 1887 3466 Etiamsi
1914 3413 1990 3466 vi-

407 3501 614 3570 giletis,
643 3500 852 3555 etiamsi
888 3513 1046 3554 mane
1075 3499 1376 3553 escitemini
1402 3539 1417 3565 ,
1451 3500 1659 3556 etiamsi
1703 3515 1828 3557 sero
1853 3502 1989 3558 catis

406 3594 665 3656 cubitum,
686 3605 852 3646 omne
881 3598 1090 3660 tempus
1120 3591 1171 3645 in
1195 3590 1376 3646 labore
1404 3598 1460 3645 et
1479 3590 1767 3648 afflictione
1791 3608 1988 3649 consu-

408 3692 638 3747 mentes,
662 3682 762 3736 nisi
788 3682 1037 3736 auxilium
1065 3681 1181 3751 ejus
1209 3684 1588 3752 assequamini,
1616 3685 1863 3755 peribunt
1886 3686 1985 3740 hu-

405 3790 562 3830 mana
584 3775 782 3840 omnia,
809 3783 864 3829 et
888 3789 954 3831 ex
979 3789 1045 3829 eo
1068 3775 1243 3829 studio
1259 3790 1319 3828 ac
1335 3776 1605 3845 diligentia
1624 3777 1765 3832 nulla
1795 3778 1990 3836 redibit

407 3868 625 3922 utilitas.
661 3868 763 3936 Qui
800 3868 1115 3921 manducatis
1154 3884 1337 3936 panem
1391 3868 1603 3924 doloris.
1660 3869 1773 3925 Hoc
1820 3871 1984 3938 dicit,

403 3959 692 4016 ostendens
721 3975 814 4015 eos
844 3960 1007 4013 vitam
1036 3958 1231 4029 degere
1264 3960 1586 4015 laboriosam
1625 3959 1754 4016 dum
1788 3963 1979 4018 armati

404 4053 687 4107 aedificant.
715 4051 898 4106 Altera
937 4049 1078 4105 enim
1110 4065 1269 4105 manu
1291 4092 1305 4117 ,
1335 4050 1536 4122 inquit,
1581 4053 1872 4107 canistrum
1894 4063 1988 4108 aut

405 4144 629 4214 lapidem
660 4144 922 4209 ferebant,
949 4151 1001 4197 et
1025 4142 1128 4196 alia
1156 4141 1411 4212 gladium,
1437 4141 1503 4196 ad
1525 4141 1904 4198 aedificandum
1932 4153 1988 4199 et

406 4236 706 4292 bellandum
730 4236 935 4305 seipsos
960 4234 1259 4288 dividentes
1282 4273 1296 4295 .
1322 4242 1377 4288 et
1404 4249 1503 4288 una
1525 4248 1646 4289 cum
1677 4234 1877 4306 clypeis
1901 4232 1985 4291 fe-

406 4337 583 4383 rentes
615 4327 812 4381 silices.
845 4325 978 4393 Quia
1005 4324 1147 4379 enim
1180 4340 1282 4377 non
1311 4332 1428 4378 erat
1460 4324 1659 4379 munita
1702 4325 1850 4389 urbs,
1890 4326 1984 4381 sed

407 4419 622 4484 nudata,
651 4418 856 4472 subitos
885 4426 1062 4469 autem
1091 4424 1145 4469 ct
1182 4412 1479 4485 inopinatos
1503 4413 1731 4469 hostium
1761 4415 1988 4484 impetus

407 4509 518 4563 fore
547 4507 770 4577 singulis
795 4504 940 4559 ltoris
965 4503 1371 4574 suspicabantur
1389 4545 1403 4566 ,
1435 4503 1622 4556 armati
1650 4518 1830 4558 muros
1855 4505 1986 4559 a'di-

409 4599 656 4664 licabant,
685 4606 739 4651 et
764 4610 941 4660 enses,
972 4593 1164 4664 clypei,
1193 4593 1458 4663 gladiique
1485 4591 1742 4657 aderant,
1769 4602 1824 4648 et
1866 4609 1985 4664 pro~

409 4691 496 4746 cui
527 4698 679 4744 erant
721 4687 933 4757 quidam
959 4684 1340 4755 Speculatores,
1372 4685 1462 4754 qui
1504 4685 1757 4739 incertam
1799 4702 1985 4741 eorum

408 4779 755 4848 irrnpzioncm
792 4774 1179 4846 significarent,
1207 4783 1262 4829 et
1306 4775 1431 4830 tuba
1465 4786 1716 4831 cauerent
1741 4817 1755 4838 ,
1782 4776 1826 4831 si
1853 4791 1988 4847 quos

407 4868 588 4939 procul
616 4868 963 4922 adventantes
984 4865 1242 4920 viderent.
1262 4864 1366 4920 Sed
1394 4871 1491 4919 etsi
1520 4865 1653 4933 haec,
1689 4866 1877 4937 inquit,
1905 4867 1988 4924 fac

407 4961 565 5019 ciatis
589 5001 604 5026 ,
634 4968 686 5015 et
720 4972 909 5028 panem
937 4957 1138 5013 doloris
1171 4957 1461 5013 comedatis
1480 5002 1494 5023 ,
1540 4961 1716 5015 omnia
1740 5003 1754 5025 ,
1786 4960 1984 5032 inquit,

406 5054 599 5111 frustra
631 5061 684 5107 et
714 5050 1067 5122 nequidquam
1096 5051 1316 5117 facietis,
1340 5051 1779 5106 nisiattraxeritis
1804 5066 1990 5121 super-

407 5162 533 5201 num
562 5144 835 5200 auxilium.
859 5142 1010 5211 Quod
1043 5143 1085 5198 si
1118 5144 1187 5198 illi
1218 5153 1273 5196 ut
1302 5145 1484 5198 urbem
1504 5151 1558 5199 et
1578 5159 1760 5198 muros
1784 5147 1986 5199 excita-

406 5249 546 5301 rent,
582 5246 726 5292 tanto
776 5248 910 5305 opus
957 5234 1215 5290 habebant
1262 5250 1494 5305 superno
1546 5236 1741 5291 auxilio
1779 5237 1992 5293 :multo

409 5330 578 5403 magis
605 5344 723 5395 nos,
754 5328 845 5399 qui
873 5328 1013 5381 viam
1041 5342 1158 5397 qua:
1191 5327 1334 5381 ducit
1362 5328 1412 5380 in
1431 5327 1615 5382 ca-lum
1643 5326 1987 5397 ingredimur.

413 5423 537 5477 Cum
586 5421 778 5477 dederit
821 5419 1015 5475 dilectis
1058 5419 1165 5473 siti;
1206 5434 1457 5473 somnum.
1486 5419 1541 5473 5.
1586 5416 1714 5473 Ecce
1743 5420 1992 5474 hereditas

410 5515 655 5581 Domini,
708 5513 830 5583 lilii.
882 5508 1190 5583 anusmodi
1255 5522 1335 5566 est
1393 5512 1506 5565 lucc
1556 5511 1990 5582 consequentia?

473 5694 546 5752 (ti)
572 5690 743 5754 Clausa
785 5690 1067 5754 Ï€Î±ÏÎµÎ´á½·Î´ÎµÎµá¿‡
1112 5689 1292 5754 desunt
1326 5690 1377 5740 in
1408 5687 1621 5754 _&\'ill0;
1655 5689 1814 5740 ÎµÎµá¾¶á¿‚
1838 5690 1994 5740 omnl-

414 5751 504 5805 bus
522 5754 626 5805 aliis
647 5751 906 5812 habentur,
934 5760 987 5801 et
1009 5752 1069 5801 ad
1091 5751 1274 5800 sedem
1296 5751 1551 5813 quadrent.

2102 462 2328 518 Pulchra
2369 462 2623 533 profecto,
2648 462 2803 518 valde
2832 464 3109 518 cohaerens
3136 461 3419 534 prioribus.
3448 462 3564 518 Hoc
3602 474 3688 521 est

2099 554 2241 609 enim
2275 554 2416 624 quod
2464 554 2587 609 dicit
2623 554 2721 609 :Si
2768 553 2908 609 Deus
2949 568 3104 625 opem
3150 569 3253 607 non
3302 553 3459 620 ferat,
3503 542 3683 610 omnia

2098 657 2324 718 pereunt
2351 647 2602 717 :quando
2637 658 2813 703 autem
2856 646 2975 709 fert,
3002 655 3126 701 tunc
3155 645 3421 716 jucundus
3459 656 3543 702 est
3591 663 3684 705 so-

2100 754 2278 801 mnus.
2307 748 2430 794 tunc
2453 750 2534 795 est
2561 739 2751 805 otium,
2775 749 2828 794 et
2854 739 2959 794 vita
2994 755 3021 791 a
3044 738 3295 809 periculis
3316 739 3501 806 libera,
3525 749 3579 795 et
3599 753 3685 798 se-

2098 832 2321 887 curitate
2350 832 2528 902 plena.

2168 925 2225 979 2.
2263 925 2488 993 Quando
2513 940 2642 995 ergo
2670 940 2915 981 somnum
2946 926 3024 982 eis
3066 925 3274 982 dederit
3302 967 3319 989 ,
3342 926 3561 996 quando
3584 941 3682 984 eos

2101 1015 2348 1072 refecerit
2367 1057 2382 1081 ,
2411 1019 2625 1088 quando
2653 1034 2747 1074 eos
2770 1020 2862 1090 qui
2893 1019 3147 1075 invadunt
3176 1020 3505 1089 propulsarit
3523 1059 3541 1084 ,
3571 1035 3681 1077 non

2098 1108 2271 1164 solum
2296 1118 2422 1165 tunc
2448 1109 2785 1167 :ediftcabunt
2810 1113 3104 1179 civitatem,
3124 1128 3226 1167 nec
3242 1128 3363 1167 eam
3383 1112 3681 1169 solummo-

2099 1198 2171 1253 do
2206 1198 2537 1266 custodient,
2568 1201 2663 1256 sed
2706 1203 2875 1257 multo
2922 1202 3081 1257 etiam
3122 1202 3323 1272 majora
3373 1204 3677 1274 accipient:

2100 1303 2262 1349 erunt
2285 1295 2428 1350 enim
2457 1303 2641 1366 patres
2667 1295 2956 1351 multorum
2996 1296 3248 1363 ï¬liorum,
3280 1305 3335 1352 et
3360 1297 3580 1367 pulchra
3602 1299 3683 1354 eis

2100 1389 2377 1460 augebitur
2406 1390 2637 1446 soboles.
2676 1390 2871 1446 Herses
2911 1395 3106 1462 fructus
3144 1392 3350 1445 ventris.
3380 1392 3532 1446 Alius
3552 1391 3683 1448 dicit

2102 1481 2199 1553 (rt),
2231 1481 2424 1537 Merces
2450 1482 2560 1554 ipse
2588 1483 2787 1552 {ructus
2808 1483 3009 1537 reatris.
3031 1482 3167 1549 Quid
3195 1482 3297 1537 hoc
3332 1482 3447 1536 est?
3475 1482 3681 1538 Meroe-

2100 1574 2244 1641 dem,
2300 1574 2496 1645 inquit,
2541 1574 2804 1643 accipient
2856 1588 3197 1629 numerosam
3252 1574 3515 1631 sobolem.
3560 1572 3682 1628 Etsi

2101 1666 2245 1719 enim
2270 1664 2371 1721 hoc
2407 1665 2478 1721 sit
2502 1679 2637 1736 opus
2663 1675 2868 1721 natura:
2894 1704 2909 1732 ,
2941 1665 3153 1736 quando
3178 1678 3352 1721 tamen
3392 1666 3533 1720 Deus
3578 1664 3683 1720 fert

2101 1773 2279 1828 opem,
2307 1772 2373 1813 ea
2402 1756 2608 1813 felicius
2636 1759 2898 1828 procedit.
2930 1758 3061 1814 Nam
3093 1759 3205 1828 ipsa
3242 1773 3452 1828 quoque
3481 1757 3682 1828 indiget

2101 1863 2330 1917 superno
2376 1848 2579 1903 auxilio
2606 1858 2905 1919 :eruntque
2950 1849 3281 1921 ierosolyma
3337 1849 3534 1919 populo
3569 1848 3680 1904 fre-

2100 1942 2335 2010 quentia.
2387 1939 2502 1995 Non
2526 1940 2578 1995 in
2602 1939 2687 1996 bis
2707 1950 2883 1995 autem
2913 1940 3083 1996 solum
3109 1940 3365 1997 consistet
3382 1955 3569 1996 eorum
3598 1940 3679 1998 fe-

2102 2032 2293 2096 licitas,
2323 2047 2516 2103 nempe
2544 2033 2596 2088 in
2623 2032 2997 2101 aedificatione,
3022 2033 3074 2088 in
3101 2032 3364 2101 custodia,
3384 2035 3436 2089 in
3457 2034 3676 2102 sobole;

2100 2122 2194 2177 sed
2216 2122 2299 2177 his
2320 2124 2477 2178 etiam
2498 2125 2603 2178 alia
2626 2124 2904 2180 accedent.
2924 2120 3539 2196 Etostendensquunam
3563 2125 3679 2182 haec

2101 2222 2245 2280 sunt,
2271 2215 2541 2286 subjungit
2566 2215 2752 2271 dicens
2782 2234 2796 2272 :
2824 2216 2879 2272 4.
2923 2216 3067 2272 Sicut
3090 2218 3290 2288 sagitta:
3312 2218 3364 2271 in
3402 2232 3557 2272 manu
3582 2234 3680 2289 po-

2096 2307 2267 2373 tentis,
2294 2308 2367 2359 ita
2386 2306 2484 2376 filii
2509 2323 2846 2362 excussortnu.
2868 2304 3036 2374 Alius,
3053 2307 3386 2379 Altigatorum
3403 2309 3505 2379 (lt).
3527 2305 3680 2375 Quod

2098 2409 2276 2453 autem
2300 2398 2449 2465 dicit,
2478 2408 2563 2454 est
2583 2399 2844 2469 ejusmodi
2874 2414 2889 2453 Î¾
2919 2399 3032 2453 Non
3049 2407 3208 2454 erunt
3232 2399 3404 2454 solum
3429 2399 3526 2453 tuti
3541 2400 3680 2454 intra

2098 2490 2294 2544 minoia
2319 2498 2374 2546 et
2398 2488 2451 2542 in
2477 2491 2608 2545 urbe
2632 2491 2856 2557 munita,
2886 2505 2988 2545 nec
3013 2493 3116 2545 erit
3136 2490 3219 2545 eis
3260 2501 3460 2545 tantum
3493 2506 3680 2546 nume-

2096 2594 2219 2638 rosa
2252 2584 2462 2639 soboles
2481 2625 2495 2648 ,
2524 2583 2617 2638 sed
2644 2592 2804 2639 erunt
2835 2585 2993 2639 etiam
3034 2584 3302 2639 terribiles
3326 2583 3601 2653 hostibus,
3625 2592 3680 2639 et

2101 2676 2365 2732 terribiles
2392 2684 2449 2731 ut
2486 2677 2712 2747 sagittae.
2758 2675 2871 2730 Non
2898 2676 3033 2730 dixit
3067 2684 3246 2731 autem
3277 2677 3552 2741 absolute,
3577 2674 3677 2730 Sa.

2097 2769 2241 2840 gitur
2263 2786 2282 2823 :
2303 2767 2421 2836 sed,
2442 2768 2657 2839 Sagitta:
2673 2768 2726 2822 in
2748 2784 2902 2821 manu
2922 2769 3221 2839 patentium.
3247 2767 3362 2822 Non
3386 2775 3510 2823 sunt
3533 2767 3677 2822 enim

2097 2860 2302 2930 sagittae
2324 2860 2450 2929 ipsa:
2474 2874 2569 2929 per
2593 2874 2653 2915 se
2674 2860 2957 2925 terribiles,
2981 2860 3074 2915 sed
3097 2870 3223 2916 tunc
3245 2860 3458 2931 quando
3490 2872 3679 2916 tenen-

2098 2963 2185 3008 tur
2211 2968 2241 3008 a
2273 2953 2494 3022 potenti,
2517 2962 2741 3008 mortem
2769 2953 3075 3009 minitantes
3101 2951 3165 3008 iis
3194 2968 3328 3023 quos
3344 2953 3674 3008 adoriuntur.

2098 3045 2173 3100 Ita
2197 3059 2323 3114 ergo
2344 3052 2502 3101 erunt
2527 3044 2580 3099 hi
2603 3044 2887 3101 terribiles.
2910 3044 3160 3113 Quinam,
3184 3045 3275 3099 hi?
3300 3041 3680 3099 Fitiiexcusso-

2096 3153 2230 3190 rum.
2259 3136 2371 3192 lloc
2399 3144 2517 3201 est,
2567 3151 2752 3192 eorum
2778 3139 2866 3207 qui
2915 3147 3069 3192 erant
3109 3137 3234 3192 olim
3271 3136 3558 3202 imbecilli,
3586 3136 3678 3206 qui

2099 3229 2260 3283 vincti
2298 3237 2352 3284 et
2381 3228 2603 3299 alligati.
2631 3228 2844 3284 Priores
2865 3228 3009 3285 enim
3033 3243 3121 3284 res
3149 3228 3406 3283 adversas
3440 3228 3521 3282 eis
3560 3227 3673 3282 fre-

2095 3328 2322 3389 quenter
2349 3320 2404 3374 in
2447 3320 2759 3375 memoriam
2786 3319 2979 3390 redigit
3024 3319 3077 3374 in
3109 3329 3348 3389 tempore
3374 3318 3674 3386 felicitatis,

2096 3419 2155 3466 ut
2177 3419 2410 3467 mentem
2442 3426 2628 3467 eorum
2654 3412 2800 3466 omni
2828 3427 2892 3467 ex
2922 3421 3072 3482 parte
3100 3411 3369 3482 corrigat,
3398 3422 3454 3465 et
3482 3424 3579 3480 per
3610 3424 3677 3465 ea

2096 3518 2214 3572 quae
2238 3503 2376 3573 passi
2411 3512 2575 3568 sunt,
2605 3512 2659 3558 et
2686 3519 2715 3557 a
2752 3504 2943 3574 quibus
2972 3514 3096 3558 sunt
3138 3503 3379 3569 liberati,
3407 3512 3461 3556 et
3488 3517 3586 3573 per
3609 3516 3676 3556 ea

2095 3610 2215 3664 qua:
2235 3602 2650 3666 consequentur.
2679 3595 2732 3651 5.
2765 3593 2952 3650 Beatus
2977 3597 3071 3662 vir,
3096 3597 3181 3668 qui
3224 3596 3451 3665 implebit
3471 3594 3673 3648 deside-

2094 3687 2228 3740 rium
2256 3703 2405 3740 suum
2425 3703 2488 3741 ea:
2519 3688 2683 3758 ipsis;
2712 3704 2814 3742 non
2838 3688 3208 3758 confundantur
3226 3728 3240 3751 ,
3264 3703 3379 3740 cum
3408 3687 3678 3758 loquentur

2069 3779 2309 3867 .t'nimicis
2334 3780 2442 3833 suis
2466 3779 2519 3832 iu
2539 3791 2705 3850 porta.
2738 3780 2885 3835 Alius
2924 3780 3072 3847 dicit,
3096 3780 3282 3835 Beatus
3300 3822 3315 3847 ,
3342 3780 3429 3852 qui
3450 3777 3676 3850 implebit

2098 3869 2392 3939 pharetram
2419 3886 2561 3923 suam
2592 3887 2655 3924 ca:
2694 3871 2819 3941 ipsis
2853 3870 2946 3943 (c).
2980 3871 3034 3926 Id
3055 3881 3136 3927 est
3172 3887 3188 3925 :
3219 3871 3332 3926 Hoc
3356 3886 3570 3943 quoque
3593 3872 3672 3926 eis

2094 3960 2286 4027 aderit,
2316 3960 2756 4031 robureorporis,
2789 3972 2963 4018 terror
2979 3963 3069 4033 qui
3098 3966 3201 4016 non
3230 3963 3428 4033 poterit
3447 3964 3678 4018 sustine-

2095 4051 2162 4117 ri,
2192 4052 2409 4121 pulclira
2433 4061 2488 4107 et
2506 4068 2791 4108 numerosa
2822 4053 3021 4125 proles,
3050 4055 3311 4109 securitas
3331 4096 3347 4119 ,
3386 4055 3532 4109 urbis
3558 4054 3679 4124 piti-

2094 4142 2341 4198 chritudo
2361 4183 2375 4208 ,
2408 4144 2627 4199 victoria
2653 4155 2707 4199 et
2742 4154 2939 4214 tropaea
2976 4146 3028 4200 in
3070 4146 3247 4202 bellis.
3288 4146 3548 4215 Quocirca
3578 4161 3676 4202 eos

2094 4252 2306 4306 quoque
2344 4236 2532 4292 beatos
2561 4237 2846 4306 praedicat,
2871 4239 2960 4307 qui
2990 4247 3115 4293 sunt
3134 4239 3508 4308 consequuturi
3538 4238 3678 4295 hanc

2094 4327 2423 4383 felicitatem.
2469 4329 2635 4383 Erunt
2660 4331 2825 4395 enim,
2860 4329 3067 4401 inquit,
3094 4331 3307 4386 armati.
3350 4330 3455 4387 Sed
3484 4346 3593 4386 non
3620 4331 3676 4387 in

2090 4421 2179 4476 liis
2208 4429 2412 4476 tantum
2440 4422 2697 4477 consistet
2744 4436 2930 4476 eorum
2965 4422 3269 4491 beatitudo,
3296 4439 3480 4478 verum
3512 4424 3675 4479 etiam

2096 4512 2149 4566 in
2174 4526 2239 4567 eo
2267 4512 2410 4582 quod
2432 4527 2537 4567 non
2561 4512 2863 4568 afficientur
2887 4513 3111 4583 pudore.
3144 4513 3264 4568 Non
3303 4514 3680 4585 confundantur

2092 4603 2256 4669 enim,
2287 4603 2473 4673 inquit,
2501 4604 2704 4673 quando
2728 4604 2990 4675 loquentur
3016 4605 3236 4660 inimicis
3267 4606 3373 4661 suis
3401 4607 3453 4661 in
3499 4616 3675 4677 porta.

2084 4695 2353 4763 Quidnam
2398 4705 2482 4750 est
2523 4695 2662 4750 hoc?
2710 4696 2993 4750 Maximum
3048 4704 3348 4766 tropzeum,
3407 4699 3675 4753 maximus

2086 4786 2368 4855 Splendor,
2395 4787 2694 4857 iucunditas
2720 4802 2924 4842 summa
2956 4796 3010 4842 ct
3041 4787 3283 4844 felicitas.
3322 4788 3504 4860 Neque
3530 4788 3677 4845 enim

2094 4881 2172 4933 eis
2192 4876 2598 4947 exprobrabitur
2625 4879 2767 4949 quod
2789 4879 2930 4934 Deus
2956 4893 3136 4934 curam
3164 4894 3352 4935 eorum
3378 4896 3673 4952 nongesse-

2097 4970 2197 5036 rit,
2227 4972 2311 5025 vel
2341 4970 2480 5040 quod
2513 4970 2675 5024 Deum
2708 4969 2992 5026 habuerint
3024 4971 3347 5027 imbecillqu
3374 5016 3390 5039 ,
3420 4975 3504 5030 vel
3531 4975 3675 5045 quod

2096 5072 2365 5133 potentem
2392 5062 2627 5133 quidem,
2654 5077 2837 5117 verum
2863 5063 2972 5118 suis
2993 5064 3225 5134 peccatis
3239 5065 3539 5136 depuleriut
3563 5067 3679 5137 ejus

2158 5243 2231 5306 (Î±)
2262 5242 2375 5310 Quis
2395 5242 2458 5292 sit
2480 5241 2557 5310 hic
2593 5250 2841 5310 interpres
2871 5251 3137 5307 ignoratur.
3170 5252 3284 5295 nare
3313 5246 3497 5310 quippe
3543 5246 3690 5298 lectio

2158 5256 2231 5306 (Î±)
2262 5256 2375 5301 ÏƒÏ…Î¹Î´
2395 5256 2458 5292 su
2480 5256 2557 5291 ntc
2593 5256 2723 5293 inter
2755 5256 2841 5294 res
2871 5256 3137 5307 ignoratur.
3170 5256 3284 5295 nare
3313 5256 3496 5310 quippe
3544 5256 3688 5298 lectio

2096 5307 2147 5356 in
2166 5304 2395 5366 Hexaplis
2416 5306 2568 5372 posita
2590 5342 2604 5363 ,
2631 5256 3054 5372 exï¬bwsostomo
3071 5316 3264 5370 summa
3285 5317 3362 5359 est
3379 5343 3396 5371 ,
3416 5309 3503 5372 qui
3532 5311 3688 5362 inter-

2096 5375 2289 5431 pretum
2314 5368 2505 5431 nomina
2528 5379 2622 5431 non
2647 5366 2803 5418 affert.

2161 5428 2236 5493 (b_)_
2265 5434 2393 5477 Hanc
2422 5426 2699 5493 lectionem
2728 5442 2844 5493 esse
2875 5436 2993 5493 puto
3031 5432 3252 5492 septima:
3289 5431 3533 5482 Editionis.
3571 5438 3685 5493 nam

2098 5489 2313 5555 Aquilae,
2337 5489 2630 5555 symmachi,
2652 5489 3023 5555 Theodotionis,
3056 5489 3315 5555 sextzeque
3352 5494 3580 5545 Editionis
3598 5492 3686 5555 le-

2097 5553 2571 5619 ctionesâ€˜alferuntur
2595 5553 2642 5619 in
2668 5553 2895 5619 ltesaplis
2927 5567 2989 5619 ex
3008 5617 3015 5619 Î¾
3032 5553 3347 5619 Hieronymo,
3373 5563 3425 5605 et
3450 5564 3556 5619 post
3575 5553 3684 5604 illas

2099 5612 2526 5686 bare-quae
2548 5612 2607 5660 ad
2622 5612 2885 5686 septimam
2902 5616 3166 5686 Edttipnetp
3192 5612 3678 5686 pertinere'vjdetur.

2162 5676 2232 5737 (Îµ)
2248 5682 2376 5743 nec
2396 5676 2737 5743 interpretatio
2755 5686 2831 5727 est
2847 5678 2987 5738 juxta
3007 5676 3225 5743 Aquilam
3239 5712 3254 5738 ,
3277 5679 3603 5743 Symmachum
3628 5686 3680 5729 et

2099 5736 2491 5786 Theudou'onem.
2520 5736 2838 5800 Hieronymus
2850 5736 3053 5800 quoque
3068 5736 3247 5799 vertit,
3260 5736 3473 5806 mit,
3500 5737 3679 5804 phare-

2105 5817 2225 5859 iram
2246 5816 2402 5863 suam.

4100 4120 4113 4509 á¼²
