4134 6210
1272 206 1292 238 Ι

431 319 540 377 565

430 429 658 493 παίδων,
680 428 771 483 διά
815 427 925 485 τῶν
969 427 1172 492 ὅπλων,
1200 428 1291 484 διά
1326 429 1425 503 τῆς
1452 430 1755 504 δυνάμεως,
1785 429 1885 483 οὐκ
1916 428 2008 497 ἐγ-

432 511 871 582 καλυφθήσονται
895 511 1026 576 τοὺς
1075 511 1368 584 πολεμίως
1411 511 1665 584 ὁρῶντες,
1706 511 1841 567 ἀλλά
1869 509 2009 582 μετά

406 593 638 665 ,πολλῆς
664 595 1073 666 ἀπαντήσονται
1098 595 1197 664 τῆς
1235 594 1612 668 ἀνδρειότητος
1651 609 1700 661 ι,
1728 594 2006 650 καλλωπι-

432 675 672 748 ξόμενοι,
715 677 859 748 μέγα
887 676 1232 749 φρονοῦντες,
1256 678 1642 750 κοσμούμενοι,
1673 678 1761 732 διὰ
1790 679 2006 733 πάντων

432 759 639 814 τούτων
681 759 775 813 τοῦ
807 759 941 813 Θεοῦ
973 760 1072 832 τὴν
1106 761 1246 832 ὑπὲρ
1268 760 1446 814 αὐτῶν
1474 759 1757 830 ἀντίληψιν
1807 758 2009 813 ἐπιδει-

433 842 725 925 κνυμένου.
758 842 833 897 Τὸ
869 842 979 914 γάρ
1030 842 1324 913 κεφάλαιον
1363 842 1473 896 τῶν
1513 842 1755 913 ἀγαθῶν,
1786 843 2007 925 καὶτῆς

437 925 840 997 μακαριότητος
864 926 899 998 ἡ
929 925 1180 999 κορωνὶς,
1203 925 1268 981 τὸ
1294 925 1553 980 δύνασθαι
1595 925 1780 979 λοιπὸν
1815 924 1909 978 ἐπὶ
1938 926 2005 994 τῇ

436 1008 531 1062 τοῦ
546 1007 682 1063 Θεοῦ
701 1008 987 1080 συμμαχίᾳ
1007 1007 1453 1080 κοσμεῖσθαι.Διὸ
1465 1007 1530 1080 δὴ
1554 1007 1648 1062 καί
1670 1005 1904 1062 ἐνταῦθα
1916 1006 2009 1060 τὸν

437 1087 595 1158 λόγον
623 1090 910 1157 κατέλυσε,
966 1090 1238 1153 παιδεύων
1268 1090 1512 1154 ἃπαντας
1548 1090 1655 1162 πρὸ
1693 1090 1804 1143 τῶν
1833 1088 2008 1144 ἀλλων

436 1172 692 1226 ἁπάντων
719 1174 923 1227 ἐκεῖνον
950 1173 1041 1228 τὸν
1060 1173 1266 1244 κόσμον
1287 1172 1582 1245 ἐπιζητεῖν,
1605 1174 1700 1227 καὶ
1718 1172 1810 1226 ἐπὶ
1835 1170 2008 1243 τούτῳ

436 1253 842 1327 φαιδρύνεσθαι.
879 1255 1081 1310 Τοῦτον
1109 1255 1288 1310 τοίνυν
1330 1258 1422 1310 καὶ
1462 1258 1623 1327 ἡμεῖς
1653 1254 2005 1326 ξηλώσωμεν,

436 1339 526 1393 ἴνα
550 1338 660 1392 τῶν
687 1337 923 1393 αίωνίων
966 1339 1313 1411 ἔπιτύχωμεν
1356 1340 1386 1380 b
1416 1338 1658 1409 ἀγαθῶν,
1678 1339 1861 1410 χάριτι
1915 1337 2009 1392 καὶ

435 1420 816 1493 φιλανθρωπίᾳ
841 1421 935 1476 τοῦ
965 1421 1170 1494 Κυρίου
1200 1421 1359 1492 ἡμῶν
1385 1422 1559 1493 Ἰησοῦ
1598 1420 1856 1493 Χριστοῦ,
1891 1420 2009 1491 μεθ’

434 1498 497 1562 οὗ
523 1502 604 1575 τῷ
641 1505 817 1576 ῐΙατρί⁸
864 1505 899 1575 ή
944 1503 1089 1571 δόξα,
1123 1503 1242 1576 ἅμα
1293 1503 1372 1575 τῷ
1416 1504 1558 1575 ἀγίῳ
1594 1501 1895 1574 Πνεύματι,
1929 1503 2010 1567 είς

416 1588 564 1654 ,τοὺς
593 1585 799 1650 αίῶνας
815 1585 924 1639 τῶν
954 1584 1189 1642 αἰώνων.
1224 1586 1416 1658 Ἀμήν.

740 1686 850 1739 ΕΙΣ
875 1685 1012 1739 TON
1035 1682 1185 1737 PKZ'
1204 1685 1507 1738 ΨΑΛΜΟΝ
1534 1683 1703 1757 [558].

506 1768 798 1835 Μακάριοι
823 1766 1047 1832 πάντες
1078 1769 1134 1821 οί
1175 1768 1531 1836 φοϐούμενοι
1565 1767 1671 1820 τὸν
1701 1766 1937 1835 Κύριον.

506 1856 577 1904 α’.
591 1849 733 1919 Ὅρα
755 1848 916 1903 αὑτὸν
935 1848 1181 1904 ἐντεῦθεν
1200 1849 1523 1920 ἀρχόμενον,
1549 1848 1677 1901 ἔνθα
1694 1846 2007 1918 κατέληξεν.

437 1932 652 2003 Ὠσπερ
678 1930 789 2004 γάρ
817 1933 935 1985 ἐκεῖ
959 1930 1045 1985 διὰ
1062 1931 1220 1985 τοῦτο
1244 1932 1440 1995 αὐτοὺς
1462 1931 1816 2002 ὲμακάρισεν,
1837 1932 1920 1985 ὄτι
1947 1929 2010 1983 ού

437 2013 913 2085 καταισχύνονται,
965 2013 1058 2068 τοῦ
1097 2013 1189 2067 τὸν
1225 2013 1356 2068 Θεὸν
1405 2025 1428 2054 ο
1482 2014 1627 2086 ἔχειν
1667 2014 1882 2086 βοηθὸν,
1916 2014 2011 2068 καὶ

440 2097 560 2169 μεθ’
581 2097 809 2152 ἑαυτῶνο
838 2095 981 2150 οῦτω
1023 2097 1117 2150 καὶ
1152 2096 1391 2152 ενταῦθα
1433 2096 1685 2152 ἐντεῦθεν
1731 2097 2014 2169 προοιμιά-

439 2182 611 2247 ζεται,
641 2181 835 2249 λέγων’
864 2178 1149 2248 Μακάριοι
1187 2180 1411 2248 πάντες
1437 2184 1493 2235 οἱ
1521 2183 1878 2251 φοϐούμενοι
1906 2181 2013 2234 τὸν

440 2266 679 2333 Κύριον.
711 2264 822 2317 Kal
846 2263 1007 2318 πάλιν
1036 2263 1322 2318 καθολικὸν
1351 2267 1586 2318 ποιεῖται
1604 2265 1694 2320 τὸν
1710 2264 1886 2333 λόγον,
1914 2263 2009 2317 ἀπ’

439 2349 664 2403 ἐκείνων
682 2346 862 2401 λαϐὼν
891 2346 989 2418 τὴν
1024 2347 1231 2418 ἀρχήνῗ
1247 2348 1356 2401 Kal
1384 2346 1565 2412 καλῶς
1594 2344 1734 2412 εἷπε,
1760 2346 2007 2410 Πάντες·

440 2430 546 2484 κᾶν
574 2428 759 2494 δοῦλός
784 2428 812 2469 (Ι
860 2446 944 2493 τις
973 2425 1030 2503 ᾖ,
1068 2428 1169 2483 κᾶν
1197 2429 1484 2499 δεσπότης,
1534 2430 1636 2486 κᾶν
1666 2431 1853 2501 πένης,
1908 2428 2011 2482 κᾶν

438 2514 502 2567 τὸ
528 2513 689 2585 σῶμα
714 2512 1015 2583 ἀνάπηρος,
1058 2511 1168 2566 κᾶν
1198 2510 1466 2577 ὁστισοῦν,
1499 2513 1650 2568 οὐδὲν
1671 2513 1873 2567 τούτων
1901 2529 2011 2565 κω-

439 2595 559 2651 λύει
583 2594 645 2650 τὸ
679 2594 1026 2666 μακαρισμὸν
1047 2593 1234 2647 τοῦτον
1257 2594 1422 2666 ἔχειν,
1444 2596 1504 2648 δν
1538 2596 1698 2661 αὑτός
1728 2613 1880 2667 φησι.
1907 2595 2014 2648 Τὸν

441 2679 543 2751 μὲν
577 2679 687 2751 γάρ
710 2677 869 2732 ἀλλον
905 2677 994 2732 τὸν
1038 2677 1206 2750 ψευδῆ
1244 2681 1337 2732 καὶ
1363 2680 1767 2751 πεπλασμένον,
1812 2680 1909 2733 καὶ
1953 2678 2013 2733 6v

439 2760 626 2816 πολλοὶ
641 2759 878 2833 ζηλοῦσι,
902 2758 1071 2814 πολλά
1096 2760 1418 2816 συνελθόντα
1450 2762 1603 2833 μόλις
1625 2765 1783 2816 ποιεῖ’
1820 2761 1923 2816 κάν
1934 2760 2013 2832 μὴ

437 2844 618 2899 πάντα
646 2843 947 2916 συνδράμῃ.
982 2843 1082 2897 οὐκ
1106 2843 1174 2898 ἀν
1201 2844 1408 2913 γένοιτό
1445 2862 1532 2909 τις
1562 2845 1828 2918 μακάριος
1882 2845 2014 2917 παρ’

439 2925 767 2999 ἀνθρὼποις’
791 2922 902 2981 οἷόν
927 2944 979 2981 τι
1004 2926 1166 2994 λέγω
1198 2929 1293 2981 ὲάν
1327 2926 1467 3002 τις
1491 2927 1764 2993 πλούσιος,
1797 2929 1898 2982 οὐκ
1917 2927 2015 2997 ἀρ-

441 3013 528 3065 κεῖ
564 3008 724 3065 τοῦτο
767 3009 916 3082 αύτῷ
968 3010 1107 3082 πρὸς
1168 3011 1536 3083 μακαρισμὸν,
1600 3011 1737 3067 ἀλλά
1794 3011 1875 3065 δεῖ
1921 3011 2015 3064 καὶ

439 3092 652 3161 ὑγίειαν
681 3096 983 3164 προσεῖναι.
1010 3094 1131 3147 Κᾶν
1152 3094 1264 3165 γάρ
1293 3093 1545 3158 πλούσιος
1576 3096 1674 3166 μὲν
1692 3091 1749 3169 ᾖ,
1774 3094 1837 3148 τὸ
1856 3094 2014 3165 σῶμα

438 3174 498 3229 δὲ
527 3176 944 3247 πεπηρωμένος,
971 3175 1196 3247 χωλεύει
1216 3175 1284 3229 τά
1307 3175 1405 3246 τῆς
1424 3177 1823 3250 μακαριότητος
1842 3176 2011 3248 αὐτῷ,

440 3258 534 3312 καὶ
559 3256 670 3312 τῶν
700 3258 1014 3329 πενομένων
1062 3258 1210 3312 ἐστὶν
1260 3256 1608 3329 ἀθλιώτερος.
1639 3259 1830 3314 Πολλοὶ
1886 3259 2016 3329 γοῦν

440 3340 817 3406 πλουτοῦντες,
856 3341 951 3395 κα)⁵
976 3339 1117 3412 νόσῳ
1147 3340 1486 3405 παλαίοντες,
1514 3342 1639 3405 τοὺς
1655 3341 1741 3396 διά
1754 3341 1863 3395 τῶν
1893 3359 2014 3396 στε-

439 3424 637 3480 νωπῶν
661 3422 973 3497 χωροῦντας
999 3423 1235 3495 πένητας
1254 3425 1641 3497 μακαρίζουσι,
1672 3427 1769 3480 καὶ
1798 3425 2016 3491 ἀθλίους

441 3508 669 3573 ἑαυτοὺς
701 3504 841 3562 εῖναι
878 3507 1157 3580 νομίξουσι
1183 3508 1320 3578 μετά
1346 3508 1456 3562 τῶν
1485 3508 1693 3580 μυρίων
1717 3509 2012 3566 ταλάντων.

441 3591 610 3647 Πάλιν
640 3590 708 3645 ἂν
731 3590 945 3662 ὑγιαίνῃ
969 3589 1068 3659 μὲν
1087 3590 1149 3644 τὸ
1178 3590 1355 3661 σῶμα,
1380 3591 1474 3645 καί
1498 3591 1752 3656 πλούσιος
1778 3588 1834 3665 ᾖ,
1858 3591 2015 3664 δόξης

439 3675 499 3730 δὲ
534 3673 610 3746 μὴ
647 3673 914 3746 ἀπολαύῃ,
939 3674 1125 3744 ἕτερον
1176 3673 1403 3744 κώλυμα
1434 3674 1615 3728 πάλιν.
1641 3675 1752 3728 Kal
1773 3675 1883 3746 γάρ
1910 3674 2015 3729 είσί

441 3772 585 3820 τινες
608 3757 865 3827 χρήματα
899 3756 999 3828 μὲν
1042 3756 1367 3826 κεκτημένοι
1406 3756 1595 3821 πολλὰ,
1635 3757 1729 3810 καὶ
1756 3757 1819 3810 τὸ
1855 3755 2014 3827 σῶμα

441 3838 626 3905 ἀσινὲς
649 3839 885 3911 ἔχοντες,
932 3840 1002 3893 τά
1029 3840 1087 3894 δὲ
1113 3841 1387 3913 ἀνήκεστα
1434 3841 1729 3910 πάσχοντες
1774 3839 1880 3894 ὑπὸ
1906 3839 2013 3894 τῶν

440 3926 523 3990 είς
551 3924 840 3996 στρατείαν
872 3923 1187 3987 τελούντων,
1219 3924 1314 3978 καὶ
1344 3924 1662 3978 δυναστείαν
1691 3922 2014 3996 περιϐεϐλη-

444 4006 622 4080 μένων
640 4019 688 4066 ο.
712 4007 804 4079 Τῷ
824 4007 933 4080 γάρ
964 4008 1235 4079 μηδεμιᾶς
1257 4007 1503 4078 μετέχειν
1524 4006 1692 4077 τιμῆς
1715 4007 1808 4061 καὶ
1823 4006 2015 4060 ἀθλιω-

439 4088 631 4161 τέρους
662 4089 877 4144 πάντων
905 4091 1130 4154 ἑαυτοὺς
1148 4085 1285 4144 εἶναι
1318 4090 1648 4160 νομίζουσιν,
1674 4087 2012 4144 ὑποκύπτον-

437 4188 552 4237 τες,
575 4165 651 4227 ὧν
679 4171 938 4237 πολλάκις
969 4172 1185 4237 δούλους
1215 4172 1427 4244 ἔχουσιν
1458 4171 1887 4243 εὐπορωτέρους.
1904 4173 2014 4227 Πά-

437 4251 522 4309 λιν
544 4254 613 4312 ἂν
633 4254 761 4322 δόξα
801 4256 900 4327 μὲν
924 4252 982 4330 ᾖ,
1017 4256 1113 4310 καὶ
1135 4255 1381 4319 πλοῦτος,
1420 4256 1514 4307 καὶ
1537 4253 1718 4321 ὑγίεια
1739 4253 2009 4324 σώματος,

438 4334 710 4406 ἀσφάλεια
761 4336 782 4376 ί
834 4338 892 4391 δὲ
947 4338 1023 4409 μὴ
1057 4340 1230 4410 παρῇ,
1283 4335 1740 4390 ἐπιϐουλευόντων
1781 4335 2007 4408 μυρίων,

440 4416 795 4487 φθονούντων,
831 4418 1249 4490 βασκαινόντων,
1286 4420 1606 4490 μισούντων,
1646 4419 2012 4489 κατηγορούν-

439 4519 568 4567 των,
600 4502 1095 4572 συκοφαντούντων,
1123 4502 1339 4558 πάντων
1361 4500 1688 4573 ἀθλιώτερος
1714 4500 1887 4567 ἔσται,
1915 4503 2014 4556 λα-

439 4583 585 4652 γωοῦ
615 4583 728 4654 βίον
754 4585 862 4650 ζῶν
884 4587 913 4639 6
936 4584 1193 4648 τοιοῦτος,
1228 4585 1324 4639 καὶ
1365 4584 1465 4648 τάς
1487 4583 1645 4647 σκιάς
1664 4584 2007 4651 ὑποπτεύων,

441 4667 536 4721 καὶ
574 4667 781 4733 πάντας
806 4668 1026 4741 τρέμων
1054 4668 1149 4721 καὶ
1175 4666 1447 4731 δεδοικώς.
1483 4668 1583 4721 “Av
1603 4666 1659 4720 δὲ
1692 4667 2010 4723 καὶτούτων

440 4749 752 4822 ἀπαλλαγῇ,
779 4750 997 4822 φιλῆται
1031 4749 1091 4804 δὲ
1134 4751 1284 4821 παρά
1323 4751 1559 4813 πάντων,
1594 4750 1688 4804 καὶ
1717 4751 1854 4805 κατά
1883 4752 2011 4823 ῥοῦν

438 4831 589 4903 αὐτῷ
643 4836 873 4906 φέρηται
909 4833 1110 4901 πάντα,
1169 4836 1262 4889 καὶ
1310 4833 1457 4899 δόξα,
1508 4834 1603 4887 καὶ
1640 4833 1889 4899 πλοῦτος,
1917 4838 2010 4891 καὶ

439 4913 728 4985 ἀσφάλεια,
755 4919 850 4971 καὶ
882 4917 1014 4989 τιμὴ
1042 4916 1198 4990 (ὅπερ
1224 4917 1506 4989 ἀμήχανον
1534 4916 1878 4989 συνδραμεῖν,
1896 4919 2008 4972 ἀλλ’

437 4997 589 5068 ὅμως
626 4998 828 5054 κείσθω
850 4998 929 5071 τῷ
969 5000 1155 5072 λόγῳ),
1207 4998 1310 5052 κάν
1360 4999 1577 5054 ἅπαντα
1622 5000 1802 5053 τοίνυν
1840 5001 2010 5055 ταῦτα

436 5079 692 5155 ἐπιρρέῃ,
728 5083 823 5136 καὶ
858 5083 1023 5155 μηδὲν
1053 5079 1170 5157 ᾗτὸ
1203 5082 1509 5147 διακόπτον,
1542 5082 1678 5137 ἀλλά
1711 5084 1806 5138 καὶ
1828 5084 2010 5140 εὔνοια

434 5160 627 5237 δήμου,
649 5166 742 5220 καὶ
767 5165 924 5239 δόξης
963 5166 1210 5239 μέγεθος,
1250 5166 1343 5220 καὶ
1383 5166 1680 5238 χρημάτων
1702 5168 2005 5237 περιουσία,

499 5279 529 5349 ξ
551 5279 704 5349 ξανίί.
726 5290 810 5349 τῆς
828 5284 1136 5349 φαιδρότητογς
1150 5288 1214 5349 rel
1233 5296 1343 5333 mox
1364 5282 1729 5345 ἐνδεικνυμένου.

494 5340 697 5409 ἕξινῦο
722 5340 954 5409 ὶτέιτύχιῖῦ
984 5340 1272 5409 ἀεὶωθσῖιμεν·

498 5405 524 5436 ⁸
548 5404 697 5457 Savil.
719 5409 789 5455 τῶ
809 5404 891 5455 τὸν
910 5408 1047 5456 Θεὸν.

494 5462 528 5538 ξ
542 5465 699 5538 ἓξνὶί.
722 5456 909 5538 πάντες,
934 5467 1296 5538 δηλῷνὴδτιλάν
1318 5463 1502 5538 δοῦλρς.

499 5527 521 5550 ⁸
541 5526 634 5576 Hic
654 5530 862 5577 multum
890 5525 1043 5578 variat
1084 5529 1315 5584 Savilius,
1356 5529 1440 5589 qui
1479 5527 1550 5589 sit;
1585 5525 1769 5575 habet:
1794 5526 1888 5576 ὑπὸ
1910 5530 2007 5576 τῶν

436 5588 711 5653 ξυναστιίαν
726 5591 863 5653 περιϐ
871 5590 1158 5653 εϐλημένων,
1186 5590 1267 5637 καί
1285 5590 1350 5645 είς
1359 5587 1606 5653 στρατείαν
1624 5589 2001 5653 κατασυρόντων.

437 5648 568 5713 ιρεο
603 5648 959 5713 ρυῐειιιΊιιιῙιιε
991 5648 1258 5713 'poslremm
1294 5648 1432 5698 vocis‘
1452 5648 1832 5713 κατασυρόντων,
1860 5650 2003 5700 aliam

437 5710 583 5772 αἴτει-ι
603 5709 866 5772 Ιαειίοηοιιι
880 5709 943 5761 ἰη
965 5709 1207 5772 niargine,
1220 5723 1399 5772 nempe
1418 5709 1693 5758 τελούντων.

505 5768 525 5807 ί
547 5771 695 5819 δινίία
720 5771 824 5819 haec
844 5773 940 5820 alio
970 5768 1119 5832 modo
1156 5768 1430 5832 dhljngilil,
1459 5782 1636 5832 nempe
1665 5772 1706 5832 ἡ,
1727 5770 1878 5830 ὑγεία,
1902 5772 2002 5818 σώ-

476 5832 753 5902 ατοςιάσφάλ
764 5848 854 5889 ala,
874 5828 1331 5902 sanitas,_sgcuri_lui
1349 5828 1586 5902 corporis;
1600 5830 1708 5902 Sed
1733 5828 1909 5902 meum:
1931 5838 2009 5880 est

469 5893 633 5954 Iurolli
682 5891 1030 5954 internuncliiro.
1070 5893 1192 5954 Infra
1226 5892 1322 5954 duo
1363 5904 1476 5954 mss.
1502 5892 1581 5954 καὶ
1610 5891 1780 5954 πάντα,
1824 5893 2006 5954 τρέμων

442 5955 517 6001 καὶ
542 5952 673 6003 ἔιδον
697 5953 761 6009 ώ;
806 5952 922 6002 Ibid.
954 5953 1121 6002 Morel.
1147 5951 1569 6012 ἀπαὶὶαγῄὃωὶι.
1598 5951 1908 6009 ἀπήλλακται.

1121 312 1179 374 S.
1219 313 1506 374 JOANNIS
1535 311 2028 376 CHRYSOSTOMl
2061 311 2379 372 ARCHIEP.
2415 311 2959 372 CONSTANTINOP.

2111 427 2205 482 καὶ
2232 428 2481 501 σώματος
2510 432 2709 499 ὑγίεια,
2726 432 2820 485 καὶ
2846 428 3111 499 ἀσφάλεια
3131 429 3300 494 πᾶσα,
3328 427 3508 483 καὶτὸ
3526 428 3681 501 ἀχεί-

2113 528 2283 584 ρωτον
2307 512 2456 584 αὺτῷ
2489 514 2776 588 συντρέχῃ,
2825 512 3103 585 μοχθηρὰν
3145 511 3404 576 πολλάκις
3443 513 3678 567 συνοικί-

2112 611 2211 658 σας
2237 595 2413 667 έαυτῷ
2451 599 2701 666 γυναῖκα,
2744 598 2837 650 καὶ
2864 595 3321 667 διεστραμμένην,
3352 592 3680 666 ἀθλιώτερος

2111 678 2326 731 πάντων
2349 678 2457 731 τῶν
2503 678 2653 732 οῦδὲν
2686 679 2909 732 ἐκείνων
2940 678 3174 748 ἑχόντων
3216 675 3442 745 γίνεται.
3473 676 3599 729 Ἐἀν
3622 675 3682 732 δὲ

2111 761 2204 814 καὶ
2233 761 2370 833 αὐτη
2395 762 2601 834 χρηστή
2618 779 2700 826 τις
2727 758 2784 836 ᾖ,
2806 761 2900 815 καὶ
2928 762 3070 815 κατὰ
3097 759 3221 813 νοῦν
3245 758 3395 830 αύτῷ
3420 759 3514 812 καὶ
3539 759 3683 813 κατά

2109 842 2334 915 γνώμην
2369 844 2662 915 συμϐαίνῃ,
2711 844 2899 898 παιδία
2923 843 3260 914 κτησάμενον
3285 840 3464 912 φαῦλα
3496 839 3685 895 ἀθλιώ-

2109 941 2266 996 τερον
2291 925 2507 979 πάντων
2533 922 2671 980 εἶναι
2687 927 2898 996 ἀνάγκη
2927 926 3018 980 τὸν
3040 923 3298 978 τοιοῦτον
3330 923 3364 994 ἦ
3399 923 3522 993 μηδ’
3546 922 3682 988 ὅλως

2110 1006 2454 1078 κτησάμενον
2488 1008 2705 1080 θρηνεῖν
2738 1008 2833 1062 καὶ
2868 1006 3174 1080 ὀδύρεσθαι.
3209 1005 3321 1058 Kal
3343 1003 3495 1076 [359]
3516 1004 3682 1057 ὄπου-

2110 1105 2218 1160 περ
2240 1088 2308 1143 ἂν
2336 1089 2418 1161 ίδῃ
2445 1107 2531 1154 τις
2554 1090 2663 1145 τῶν
2695 1089 2996 1162 ἀνθρώπων
3024 1091 3071 1153 ⁸,
3107 1086 3334 1151 πολλοὺς
3354 1085 3687 1155 δψεταιτοὺς

2109 1170 2408 1244 κρημνούς.
2441 1173 2553 1226 Kal
2577 1172 2631 1226 τί
2663 1173 2744 1227 δεῖ
2759 1170 2925 1226 τάλλα
2950 1171 3160 1240 λέγειν;
3178 1167 3443 1232 Πολλάκις
3468 1168 3687 1238 οίκέτης

2112 1252 2384 1325 μοχθηρὸς
2416 1255 2594 1308 πάντα
2650 1254 2913 1327 ἀνέτρεψε
2959 1253 3053 1307 καὶ
3089 1251 3334 1322 συνέχεε,
3384 1249 3479 1305 καὶ
3532 1250 3684 1305 οὐδὲν

2110 1332 2255 1388 οῦτω
2284 1335 2571 1407 σφαλερὸν,
2605 1336 2681 1402 ώς
2718 1336 2781 1389 τὸ
2817 1337 2875 1389 έν
2900 1335 3208 1406 ἀνθρώποις
3237 1333 3434 1404 κομᾷν.

2195 1417 2334 1472 Ἀλλ’
2372 1419 2471 1490 οὐχ
2520 1421 2549 1474 6
2576 1419 2668 1474 τὸν
2696 1418 2829 1472 Θεὸν
2863 1417 3197 1490 φοϐούμενος
3239 1414 3499 1480 τοιοῦτος,
3548 1413 3691 1469 ἀλλά

2109 1500 2220 1554 τῶν
2246 1501 2506 1572 κυμάτων
2530 1500 2967 1572 ἀπηλλαγμένος,
2999 1502 3057 1554 ὲν
3084 1498 3294 1571 γαλήνῃ
3322 1496 3555 1569 κάθηται
3590 1496 3685 1551 καὶ

2110 1582 2310 1653 λιμένι,
2344 1582 2444 1654 τὴν
2466 1583 2635 1647 ὅντως
2669 1583 3003 1655 δρεπόμενος
3053 1582 3450 1654 μακαριότητα.
3498 1579 3594 1635 Διά
3617 1579 3689 1650 δὴ

2109 1664 2271 1719 τοῦτο
2296 1665 2474 1719 πάντα
2516 1668 2701 1721 ἐκεῖνα
2731 1665 3105 1739 παραδραμὼν
3145 1666 3174 1718 6
3211 1664 3495 1736 προφήτης
3507 1664 3705 1719 τοῦτον

2115 1748 2408 1820 μακαρίζει
2457 1750 2637 1820 μόνον.
2698 1750 2937 1813 Ἐκεῖνος
2993 1748 3090 1819 μὲν
3119 1745 3229 1818 γάρ
3257 1748 3287 1800 6
3315 1744 3682 1817 μακαρισμὸς.

2113 1829 2181 1882 ἂν
2213 1829 2289 1901 μὴ
2331 1831 2507 1885 πάντα
2535 1830 2837 1903 συνδράμῃ,
2882 1831 2984 1884 οὐκ
3013 1830 3079 1884 ἄν
3110 1846 3241 1882 ποτε
3271 1828 3451 1899 σταίη·
3488 1825 3685 1898 μᾶλλον

2111 1911 2169 1965 δὲ
2196 1913 2288 1967 καὶ
2335 1913 2461 1967 ὅταν
2496 1912 2797 1986 συνδράμῃ,
2830 1912 2951 1966 τότε
3006 1910 3291 1965 σαλεύεται
3342 1910 3473 1982 παρ’
3504 1906 3682 1962 αὐτῶν

2111 1993 2332 2047 ἐκείνων
2353 1994 2462 2048 τῶν
2481 1995 2772 2048 τικτόντων
2794 1994 2977 2049 αὐτόν.
2995 1994 3106 2049 Καὶ
3120 1995 3228 2066 γὰρ
3244 1993 3470 2057 πλοῦτος
3481 1990 3688 2046 ἀπώλε-

2114 2093 2195 2139 σε,
2222 2078 2317 2132 xal
2352 2078 2488 2149 γυνὴ
2512 2078 2771 2143 πολλάκις
2794 2077 3067 2151 εῦμορφος
3112 2078 3396 2142 κατέλυσε,
3425 2077 3520 2130 καὶ
3537 2077 3685 2129 οίκε-

2111 2158 2220 2213 τῶν
2245 2160 2402 2229 γένος
2430 2161 2728 2233 προέδωκε,
2748 2163 2843 2216 καὶ
2859 2162 3046 2226 παῖδες
3065 2162 3349 2233 γενόμενοι
3366 2159 3686 2232 πατραλοῖαι

2112 2243 2473 2315 κατέστησαψ
2522 2244 2617 2299 καὶ
2670 2244 2808 2316 ὅπερ
2860 2244 3030 2315 ἔφθην
3080 2243 3273 2310 εἰπὼν,
3328 2242 3497 2297 πολλὰ
3551 2259 3687 2296 παν-

2112 2325 2336 2396 ταχόθεν
2377 2326 2489 2398 ἔχει
2519 2327 2587 2381 τά
2633 2328 2879 2400 σφαλερά
2902 2327 2949 2386 δ.
2987 2327 3249 2383 Ἐνταῦθα
3286 2328 3343 2381 δὲ
3380 2326 3482 2381 κᾶν
3510 2327 3687 2380 πάντα

2115 2409 2319 2482 συρῤέῃ
2353 2410 2612 2464 τάναντία
2636 2449 2652 2474 ,
2683 2412 2744 2464 ού
2783 2410 2943 2482 μόνον
2979 2411 3130 2465 οὐδὲν
3170 2409 3552 2482 παραϐλάπτει
3593 2410 3685 2463 τὸν

2117 2494 2463 2565 μακαρισμὸν
2488 2492 2696 2559 τοῦτον,
2720 2493 2855 2547 ἀλλά
2876 2495 2971 2548 καὶ
2996 2496 3114 2564 ίσχυ
3124 2494 3340 2564 ρότερον
3367 2493 3531 2547 αὑτὸν
3559 2490 3690 2546 καθ-

2118 2575 2299 2645 ίστησι
2329 2575 2425 2629 καὶ
2450 2575 2841 2648 ἀνδρειότερον.
2862 2575 2982 2630 Κάν
3002 2577 3112 2648 γάρ
3143 2576 3319 2638 πενία,
3343 2575 3448 2630 κάν
3470 2574 3686 2646 ἀτιμία,

2115 2658 2217 2711 κᾶν
2240 2658 2488 2729 πήρωσις
2529 2658 2781 2730 σώματος
2823 2655 2891 2734 ᾗ,
2944 2659 3050 2714 κάν
3085 2659 3342 2729 γυναικὸς
3392 2658 3684 2730 μοχθηρία,

2114 2741 2218 2794 κᾶν
2240 2741 2430 2806 παῖδες
2462 2740 2745 2813 μοχθηροὶ,
2774 2741 2878 2796 κᾶν
2908 2740 3086 2796 ὁτιοῦν
3107 2740 3290 2816 είπῃς,
3310 2741 3410 2811 οὐχ
3448 2742 3685 2794 ὑποσκε-

2113 2822 2248 2887 λίζει
2277 2821 2463 2877 τοῦτον
2494 2822 2585 2876 τὸν
2623 2823 2991 2896 μακαρισμὸν,
3030 2823 3152 2877 οὐδὲ
3185 2821 3578 2895 παρασαλεύει.
3607 2822 3685 2877 Οὐ

2116 2905 2224 2977 γὰρ
2242 2904 2303 2971 ἐξ
2327 2905 2549 2961 ἐκείνων
2580 2905 2693 2976 ἔχει
2722 2905 2819 2977 τὴν
2841 2905 3071 2975 γένεσιν,
3107 2906 3195 2962 ίνα
3222 2907 3317 2961 καὶ
3345 2907 3438 2960 ὑπ’
3463 2906 3687 2960 ἐκείνων

2118 2990 2327 3061 σείηται
2356 2988 2466 3043 τῶν
2502 2989 2988 3061 παρασυρομένων,
3013 2989 3128 3044 ἀλλ’
3165 2990 3370 3061 ἀνωθεν
3397 2989 3496 3061 τὴν
3531 2988 3686 3059 ῥίζαν

2117 3060 2379 3145 κέκτηται
2398 3090 2412 3104 ο
2437 3073 2518 3127 διὸ
2547 3074 2642 3127 καὶ
2667 3060 2962 3145 ἀχείρωτος
2988 3075 3159 3146 μένει.
3183 3060 3293 3130 Kal
3324 3076 3373 3128 εί
3408 3060 3683 3147 βούλεσθε,

2114 3156 2203 3210 ἐπ’
2235 3154 2415 3210 αὐτῶν
2446 3155 2555 3209 τῶν
2592 3157 2934 3228 πραγμάτων
2975 3156 3444 3230 μεταχειρίσωμεν
3474 3154 3683 3210 τοῦτον.

2115 3239 2250 3311 Οὐχὶ
2271 3238 2456 3303 δοῦλος
2488 3235 2556 3312 ἦν
2601 3241 2829 3312 Ἰωσήφ;
2874 3240 2997 3312 οὐχὶ
3028 3240 3211 3307 ξένος;
3253 3241 3376 3312 οὐχὶ
3403 3239 3596 3302 ἄπολις
3619 3247 3633 3275 ι
3668 3254 3684 3303 ;

2113 3324 2233 3394 ούχὶ
2277 3323 2562 3395 βαρϐάρων
2603 3323 2841 3396 οἰκέτης,
2887 3325 3150 3397 πρότερον
3196 3325 3294 3396 μὲν
3328 3319 3684 3395 Σαρακηνῶν,

2115 3403 2341 3476 ὕστερον
2373 3404 2431 3458 δὲ
2458 3405 2808 3478 ἀγριωτέρων
2841 3406 2948 3461 τῶν
2975 3406 3321 3476 Αίγυπτίων;
3348 3406 3469 3478 ούχὶ
3500 3403 3687 3477 μοιχὸς

2114 3487 2422 3558 ένομίζετος
2470 3488 2531 3540 ού
2566 3490 2953 3560 κατηγορείτω
2998 3490 3099 3544 οὐκ
3136 3490 3588 3559 ὲσυκοφαντεῖτο;
3619 3487 3683 3540 ού

2113 3570 2485 3642 δεσμωτήριον
2526 3568 2695 3641 ᾤκεις
2732 3572 2830 3643 οὐχ
2863 3572 3051 3627 ἀλυσιν
3099 3572 3440 3644 περιέκειτος
3483 3571 3595 3625 Kal
3628 3570 3684 3624 τί

2112 3651 2315 3707 τούτων
2360 3652 2522 3705 αὐτὸν
2574 3652 2839 3723 ἔϐλαψεν;
2891 3655 3053 3710 Ἀλλά
3095 3656 3185 3710 διά
3236 3655 3408 3710 ταῦτα
3459 3655 3556 3727 μὲν
3589 3649 3686 3708 οῦν

2116 3735 2349 3807 μάλιστα
2381 3736 2647 3807 μακάριος
2692 3732 2781 3808 ἦν.
2812 3737 2885 3791 Τὸ
2911 3738 3021 3809 γάρ
3048 3737 3112 3810 δὴ
3155 3738 3464 3810 θαυμαστὸν
3503 3737 3684 3805 τοῦτο,

2112 3819 2250 3889 ὅπερ
2278 3816 2447 3889 ἔφθην
2484 3816 2677 3884 είπὼν,
2708 3819 2790 3872 δτι
2821 3819 2976 3874 οὐδὲν
3008 3820 3071 3873 ού
3106 3821 3266 3893 μόνον
3293 3820 3683 3893 παραϐλάπτεο

2113 3918 2203 3956 ται
2235 3901 2264 3954 6
2289 3901 2634 3972 μακαρισμὸς
2664 3901 2911 3955 ἐντεῦθεν
2937 3897 3110 3969 οὗτος,
3138 3903 3273 3957 ἀλλά
3304 3906 3398 3957 καὶ
3431 3903 3683 3975 λαμπρό-

2113 4000 2271 4057 τερος
2302 3982 2397 4036 καὶ
2425 3983 2776 4056 φαιδρότερος
2802 3984 3026 4054 γίνεται.
3054 3987 3117 4040 Εί
3145 3985 3254 4057 γάρ
3288 3985 3452 4058 μηδὲν
3480 3986 3683 4040 τούτων

2114 4068 2338 4131 ἔπαθεν,
2368 4068 2470 4121 οὐκ
2504 4067 2571 4121 ἂν
2600 4067 2743 4123 οὕτω
2776 4070 3044 4141 μακάριος
3072 4064 3159 4140 ἦν.

2184 4151 2250 4222 β’.
2268 4150 2453 4205 Βούλει
2470 4151 2706 4215 καὶτοὺς
2728 4151 3079 4223 σφοδρότερον
3105 4153 3163 4205 ὲν
3185 4152 3350 4223 κακίᾳ
3371 4152 3685 4225 διατρίψαν-

2112 4249 2212 4296 τας
2239 4230 2378 4286 είπω
2395 4270 2411 4295 ,
2456 4226 2577 4287 εἶτα
2608 4230 2803 4302 ἀθρόον
2846 4231 3335 4304 μεταϐαλομένους,
3371 4234 3464 4287 καὶ
3502 4237 3683 4290 πᾶσαν

2113 4315 2328 4387 ἐκείνην
2363 4313 2462 4386 τὴν
2499 4315 2699 4370 κακίαν
2730 4315 3211 4386 ἀποδυσαμένους;
3240 4317 3305 4369 Τί
3342 4317 3436 4370 τοῦ
3479 4318 3681 4392 λῃστοῦ

2114 4398 2335 4468 γέγονεν
2396 4397 2758 4470 ἀθλιώτερον;
2824 4397 2962 4452 Ἀλλ’
3016 4397 3213 4470 ἀθρόον
3271 4402 3680 4475 μακαριώτερος

2115 4481 2286 4553 ἐφάνη
2331 4480 2567 4536 πάντων.
2609 4480 2800 4535 Καίτοι
2853 4480 3079 4551 μυρίους
3124 4482 3416 4554 εἰργάσατο
3446 4485 3641 4552 φόνους
3664 4502 3679 4516 ·

2115 4564 2209 4619 καὶ
2246 4565 2353 4636 γάρ
2383 4563 2599 4636 σταυρῷ
2631 4563 3032 4629 κατεδικάζετο,
3066 4566 3161 4618 καὶ
3200 4564 3296 4636 τὴν
3321 4566 3415 4619 ὲπὶ
3453 4567 3682 4623 θάνατον

2113 4648 2295 4719 ἦγετο,
2328 4647 2424 4701 καὶ
2453 4646 2655 4711 πάντες
2694 4646 2860 4702 αὑτοῦ
2899 4646 3260 4717 κατηγόρουν,
3301 4649 3395 4702 καὶ
3433 4649 3463 4702 6
3490 4651 3681 4721 χρόνος

2112 4730 2258 4794 ἄπας
2284 4729 2590 4793 ἀνάλωτοι,
2623 4729 2718 4783 καὶ
2751 4731 2780 4782 6
2807 4728 2920 4799 βίος
2957 4728 3292 4802 δεδαπάνητο
3328 4732 3386 4784 ὲν
3412 4734 3645 4805 πονηρίᾳ
3664 4752 3677 4767 ~

2111 4814 2227 4867 ἀλλ’
2259 4813 2446 4882 ἐπειδὴ
2491 4815 2549 4867 ὲν
2578 4812 2772 4884 βραχεί
2795 4812 2972 4884 χρόνῳ
2993 4812 3085 4867 τὸν
3110 4812 3241 4867 Θεὸν
3278 4813 3354 4878 ώς
3380 4816 3484 4886 χρὴ
3514 4816 3685 4890 φοϐηι-

2113 4897 2273 4966 θῆναι
2296 4895 2558 4967 ἐφοϐήθη,
2590 4895 2856 4967 μακάριος
2880 4896 3090 4964 γέγονε.
3115 4895 3272 4950 Οὕτω
3299 4897 3394 4951 καὶ
3417 4900 3449 4969 ἠ
3484 4899 3680 4970 πόρνη,

2111 4979 2315 5050 καίπερ
2341 4977 2440 5050 τὴν
2459 4977 2609 5050 ὤραν
2634 4977 3068 5048 ὲμπορευομένη,
3099 4979 3192 5032 καὶ
3222 4981 3385 5033 πᾶσιν
3418 4982 3499 5044 είς
3525 4980 3682 5053 ὓϐριν

2110 5061 2470 5133 προκειμένη,
2502 5061 2598 5114 καὶ
2626 5060 2715 5114 διὰ
2752 5059 2909 5113 τοῦτο
2935 5061 3152 5115 πάντων
3182 5058 3316 5116 οὖσα
3350 5062 3676 5134 ἀθλιωτέρα,

2113 5145 2356 5218 μακαρία
2384 5143 2639 5215 κατέστη,
2671 5143 2761 5197 τὸν
2795 5143 2927 5197 Θεὸν
2955 5144 3030 5207 ὼς
3054 5143 3135 5197 δεῖ
3169 5145 3483 5217 φοϐηθεῖσα.
3514 5148 3682 5202 Οὐδὲν

2112 5230 2220 5300 γάρ
2250 5230 2364 5281 ἐστι
2411 5225 2600 5291 κακὸν,
2630 5226 2659 5279 ὃ
2709 5227 2784 5297 μὴ
2820 5225 3099 5282 σϐέννυσιν
3122 5229 3151 5282 6
3179 5227 3273 5282 τοῦ
3316 5227 3451 5282 Θεοῦ
3482 5229 3643 5298 φόϐος
3661 5244 3680 5262 ο

2107 5310 2244 5364 ἀλλά
2295 5308 2545 5380 καθάπερ
2588 5308 2650 5362 τὸ
2695 5308 2808 5380 πῦρ
2847 5318 2873 5355 k
2918 5303 3030 5363 οἷον
3064 5310 3131 5364 ἂν
3173 5309 3314 5385 λάϐῃ
3355 5310 3572 5381 σίδηρον
3604 5311 3685 5365 διο

2107 5393 2514 5465 εστραμμένον,
2552 5392 2584 5464 ἢ
2635 5393 2714 5445 ίοῦ
2744 5391 2940 5445 πολλοῦ
2984 5393 3253 5464 γέμοντα,
3294 5392 3388 5447 καὶ
3430 5392 3687 5465 λαμπρὸν

2168 5530 2194 5568 ε
2217 5527 2486 5592 Ξεινίίετῶν
2507 5528 2818 5592 ἀνθρωπίνων.

2170 5592 2193 5656 '3
2230 5592 2314 5656 Sic_
2336 5590 2700 5656 Morpl.,_Sévi!.
2736 5596 2792 5639 et.
2809 5591 3146 5656 quidanp_ms€_.
3170 5592 3271 5656 Aljj
3309 5592 3408 5656 ἔχει
3424 5592 3486 5640 τά
3511 5593 3684 5656 σαθρά.

2174 5652 2186 5690 ί
2240 5651 2400 5718 gelv
2428 5652 2594 5718 ἄπολις
2650 5652 2827 5701 deerat
2876 5651 2925 5701 in
2982 5653 3154 5703 ﬂore].
3223 5651 3688 5718 Mox”&79¢m(9wv

2104 5716 2199 5763 τῶν
2220 5713 2365 5762 όῡεεί
2388 5714 2439 5763 in
2466 5713 2621 5763 Savil.
2912 5767 2919 5773 δ

2184 5787 2197 5823 ι
2232 5774 2381 5823 Savil.
2403 5774 2636 5823 ἢνάλωτο.
2660 5772 2769 5823 Mox
2801 5772 2951 5824 Savi'I.
2981 5776 3084 5823 ἀλλ’
3105 5774 3222 5823 ἐπεί.

2178 5840 2200 5874 κ
2226 5836 2373 5899 Savil.
2395 5837 2557 5899 φόϐοςΔ
2578 5836 2797 5899 Καθάπερ
2828 5834 2920 5899 Δοὖν
2941 5836 2996 5882 τὸ
3026 5836 3136 5899 πῦρ,
3164 5835 3315 5899 Ροιιιρ
3339 5835 3595 5899 postBeg.
3628 5841 3685 5887 ει

2114 5897 2262 5945 Savil.
2287 5898 2369 5959 καὶ
2405 5896 2612 5959 φαιδρὸν,
2648 5896 2918 5959 ἀποσμήχει
2946 5898 3064 5955 μετά
3098 5896 3355 5959 ἀκριϐείας
3374 5896 3569 5956 ἀπάοηξ
3596 5902 3678 5948 καὶ

2113 5959 2197 6013 τὴν
2221 5956 2536 6019 στρεϐλότητα
2564 5956 2754 6018 ἀναιρεῖ,
2775 5956 2949 6007 eodem
2968 5970 3138 6008 sensu.
