4116 6204
421 295 536 367 διες

411 423 802 493 pz‘ovtdculiatll
836 438 848 474 :
880 421 974 476 sed
1014 420 1066 476 in
1090 421 1338 476 omnibus
1371 421 1500 475 clari
1541 431 1593 474 et
1618 420 1782 490 gloria
1831 419 1992 490 pleni,

408 524 630 588 propter
643 514 936 578 civitatem,
963 521 1181 581 propter
1199 527 1399 574 muros,
1431 519 1646 580 propter
1670 512 1992 573 custodiam,

414 614 632 676 propter
675 603 900 669 liberos,
944 613 1166 674 propter
1201 619 1368 668 arma,
1417 611 1633 672 prOpter
1663 604 1993 672 potentiam,

414 711 515 748 non
543 709 600 748 se
633 703 815 763 tegent
857 709 966 763 pra:
993 694 1196 762 pudore
1225 692 1463 746 videntes
1493 692 1739 747 inimicos
1761 735 1773 756 ,
1796 693 1886 748 sed
1915 695 1993 747 eis

415 787 671 843 acerrime
692 794 995 849 occurrent,
1028 785 1313 854 gloriantes
1337 825 1351 847 ,
1379 783 1479 838 sibi
1525 781 1796 852 placenies
1820 827 1835 850 ,
1878 800 1991 838 ma-

414 892 539 949 gnos
565 886 838 930 sumentes
865 876 1104 946 spiritus,
1133 883 1187 928 et
1215 876 1408 937 ornati,
1440 889 1560 928 cum
1594 875 1732 929 Deus
1750 891 1845 944 per
1875 875 1988 930 bmc

413 967 582 1023 omnia
628 966 874 1024 ostendat
923 981 982 1020 se
1030 981 1216 1020 eorum
1265 967 1562 1035 suscepisse
1611 968 1981 1037 patrocinium.

407 1062 621 1116 Summa
652 1059 792 1112 enim
815 1058 1093 1123 bonorum,
1120 1065 1174 1111 et
1198 1056 1464 1112 felicitatis
1491 1058 1698 1113 culmen
1726 1068 1804 1113 est
1831 1057 1987 1112 deiu-

404 1166 561 1219 cepa,
589 1161 833 1207 ornatum
864 1160 915 1204 et
947 1150 1261 1206 instructum
1303 1165 1421 1206 esse
1451 1152 1547 1206 Dei
1573 1152 1795 1206 auxilio.
1832 1152 1982 1206 Et‘ea

402 1246 467 1299 de
504 1259 665 1299 causa
709 1244 795 1298 hic
842 1243 954 1297 ﬁnit
995 1243 1324 1309 orationem,
1373 1244 1571 1300 docens
1622 1259 1812 1300 omnes
1857 1256 1982 1299 ante

401 1335 575 1390 omnia
613 1333 754 1388 hunc
792 1343 1034 1388 ornatum
1079 1349 1352 1404 quaerere,
1380 1343 1432 1388 et
1464 1351 1530 1390 eo
1567 1337 1804 1406 gloriari.
1846 1336 1977 1390 Eum

397 1440 524 1491 ergo
553 1441 649 1477 IIOS
679 1441 888 1494 quoque
920 1440 1328 1496 persequamur,
1364 1434 1421 1478 Ui.
1445 1436 1641 1479 :nterna
1681 1440 1980 1493 consequa-

397 1533 514 1568 mur
542 1517 708 1580 bona,
738 1517 902 1586 gratia
933 1525 988 1570 et
1029 1515 1354 1585 benignitate
1388 1515 1594 1570 Domini
1635 1517 1800 1569 nostri
1848 1515 1974 1570 Jesu

393 1606 622 1672 Chrixti,
651 1607 733 1660 cui
776 1623 895 1660 cum
945 1607 1104 1661 Patre
1141 1617 1196 1661 et
1229 1607 1430 1677 Spiritu
1478 1617 1664 1663 sancto
1703 1608 1870 1678 gloria
1921 1609 1972 1662 in

392 1700 584 1754 sa-cula
608 1700 946 1754 saeculorum.
979 1699 1172 1754 Amen.

801 1801 877 1889 in
916 1833 1237 1890 PSALMUM
1284 1835 1540 1891 cxxvn.

646 1947 698 2000 l.
737 1944 880 1998 Beati
901 1961 1069 1999 omnes
1095 1947 1184 2016 qui
1210 1947 1380 2000 timent
1410 1947 1700 2002 Dominum.

457 2061 506 2114 l.
538 2059 671 2112 Vide
711 2058 977 2128 quomodo
1021 2057 1088 2111 ab
1131 2073 1195 2113 eo
1223 2059 1425 2128 incipit,
1455 2060 1506 2113 in
1546 2075 1651 2129 quo
1675 2059 1850 2115 desiit:
1896 2060 1965 2116 Ut

381 2151 525 2204 enim
552 2151 658 2204 illic
685 2164 780 2204 eos
802 2150 983 2203 beatos
1014 2157 1290 2218 propterea
1320 2151 1556 2217 censuit,
1589 2151 1735 2223 quod
1761 2151 1962 2220 pudore

379 2258 486 2295 non
515 2241 915 2305 afﬁciebantur,
947 2239 1088 2310 quod
1133 2241 1299 2295 Deum
1338 2239 1604 2294 habebant
1641 2241 1956 2310 adjutorem,

376 2341 434 2386 et
457 2341 682 2385 stantem
726 2346 754 2383 a
785 2331 892 2384 suis
939 2329 1176 2400 partibus
1227 2329 1402 2401 (Psal.
1451 2331 1570 2384 l26.
1616 2332 1684 2400 5)
1723 2331 1837 2385 :ita
1875 2331 1960 2388 hic

373 2425 539 2478 etiam
567 2425 634 2477 ab
659 2439 724 2478 co
753 2422 993 2488 orditur,
1038 2421 1222 2476 dicens
1247 2438 1260 2474 ε
1296 2421 1434 2476 Beati
1466 2439 1633 2476 omnes
1661 2424 1744 2492 qui
1787 2424 1957 2477 timent

375 2516 668 2568 Dominum.
701 2515 764 2568 Et
793 2528 994 2574 rursus,
1019 2521 1230 2582 sumpto
1258 2512 1324 2566 ab
1347 2513 1446 2566 illis
1475 2513 1752 2582 principio,
1780 2513 1955 2582 loqui-

373 2615 460 2660 tur
486 2607 822 2676 generaliter.
847 2605 1009 2660 Recte
1037 2614 1214 2659 autem
1246 2605 1395 2671 dixit,
1423 2605 1627 2667 Omnes,
1650 2605 1952 2674 signiﬁcans

370 2699 513 2768 quod
541 2700 652 2752 sive
677 2698 746 2752 sit
773 2712 982 2764 servus,
1016 2698 1127 2752 sive
1156 2696 1421 2762 dominus,
1455 2698 1568 2753 sive
1597 2713 1815 2768 pauper,
1840 2697 1953 2754 sive

371 2791 584 2844 mutilus
622 2805 880 2859 corpore,
930 2804 992 2844 ac
1031 2790 1262 2860 denique
1301 2791 1619 2860 quicumque
1661 2791 1768 2858 sit,
1819 2790 1946 2846 nihil

369 2900 553 2940 eorum
580 2893 722 2940 vetat
745 2886 1026 2956 quominus
1069 2885 1258 2940 habeat
1283 2884 1422 2939 hanc
1465 2899 1621 2954 quam
1669 2885 1782 2955 ipse
1820 2884 1948 2939 dicit

371 2978 765 3034 beatitudinem.
788 2979 961 3034 Alium
989 2981 1130 3032 enim
1160 2977 1336 3032 ﬁctum
1365 2986 1416 3033 et
1441 2978 1764 3039 simulatum,
1787 2992 1943 3046 quem

371 3070 515 3124 multi
546 3071 752 3124 beatum
768 3070 1074 3140 pradicant,
1097 3069 1257 3123 multa
1284 3069 1652 3122 concurrentia
1674 3069 1759 3122 vix
1784 3068 1941 3122 talem

371 3159 566 3214 faciunt
597 3177 610 3213 :
639 3171 692 3216 et
724 3161 821 3214 nisi
849 3162 1023 3215 omnia
1052 3161 1456 3224 concurrerint,
1498 3175 1606 3215 non
1637 3159 1797 3215 fuerit
1824 3162 1941 3230 quis

371 3251 553 3305 beatus
599 3252 736 3320 apud
778 3251 1056 3308 homines:
1100 3260 1158 3305 ιιι
1197 3251 1346 3306 verbi
1388 3253 1602 3321 gratia:
1645 3252 1689 3306 si
1727 3253 1844 3323 quis
1873 3253 1942 3308 sit

368 3342 535 3408 dives,
567 3343 669 3396 hoc
697 3343 743 3396 ei
779 3359 880 3397 non
903 3343 1100 3398 sufﬁcit
1127 3343 1194 3397 ad
1225 3343 1604 3398 beatitudinem
1625 3385 1640 3411 ,
1673 3346 1772 3400 nisi
1801 3345 1939 3400 adsit

365 3436 580 3489 sanitas.
613 3435 665 3490 Si
695 3438 834 3490 enim
865 3437 934 3490 sit
957 3437 1126 3503 dives,
1158 3445 1211 3491 et
1231 3451 1452 3506 corpore
1471 3438 1708 3504 mutilus,
1735 3438 1937 3492 claudi-

361 3535 446 3580 cat
473 3527 585 3596 ejus
617 3527 917 3591 beatitudo,
950 3537 1003 3582 et
1031 3535 1116 3582 est
1139 3529 1384 3582 miserior
1410 3531 1747 3599 pauperibus.
1790 3531 1935 3586 Multi

361 3626 504 3671 certe
528 3619 716 3672 divites
745 3634 866 3672 cum
899 3618 1099 3672 morbis
1119 3618 1506 3687 conﬁictantes,
1539 3636 1817 3691 pauperes,
1845 3623 1932 3692 qui

361 3709 582 3778 compita
609 3709 973 3764 mendicantes
996 3709 1211 3776 obeunt,
1233 3711 1412 3766 felices
1432 3727 1551 3767 esse
1570 3713 1772 3781 dicunt,
1796 3723 1850 3768 et
1875 3731 1935 3770 se

359 3799 578 3854 miseros
607 3814 725 3854 esse
751 3798 952 3853 ducunt
978 3814 1099 3853 cum
1137 3799 1317 3855 decies
1355 3801 1500 3856 mille
1524 3803 1752 3857 talentis.
1799 3804 1934 3857 Rur-

356 3904 446 3944 sus
471 3889 514 3943 si
545 3890 610 3943 sit
637 3891 849 3960 quidem
875 3905 1006 3944 sano
1030 3905 1252 3958 corpore
1291 3900 1344 3944 et
1369 3889 1536 3958 dives,
1559 3892 1725 3960 gloria
1755 3902 1930 3946 autem

356 3993 410 4038 et
439 3983 641 4039 honore
685 3978 894 4050 careat,
944 3995 1026 4040 est
1067 3985 1206 4046 aliud
1253 4002 1435 4041 rursus
1473 3987 1929 4057 impedimentum.

356 4076 490 4132 Sunt
519 4077 659 4131 enim
687 4077 923 4132 nonnulli
953 4077 1043 4147 qui
1086 4077 1372 4147 plurimum
1417 4077 1628 4147 quidem
1657 4079 1932 4148 possident

355 4170 630 4237 pecuniae,
663 4177 890 4239 suntque
928 4184 1154 4238 corpore
1181 4169 1422 4239 integro:
1471 4170 1562 4224 sed
1612 4170 1678 4224 ab
1715 4171 1777 4226 iis
1800 4212 1813 4234 ,
1840 4173 1928 4240 qui

356 4259 620 4330 principes
639 4269 692 4314 et
709 4260 869 4316 duces
889 4269 1030 4327 sunt,
1054 4262 1361 4330 gravissima
1385 4263 1675 4332 patiuntur.
1697 4263 1772 4317 Eo
1787 4265 1926 4318 enim

352 4352 494 4422 quod
533 4352 726 4406 nullius
765 4353 872 4407 sint
913 4353 1128 4407 honoris
1160 4355 1474 4424 participes,
1523 4355 1830 4410 existimant
1871 4373 1929 4411 sc

351 4457 470 4499 esse
506 4445 740 4499 omnium
782 4445 1132 4508 miserrimos,
1165 4456 1221 4500 ut
1261 4448 1349 4516 qui
1380 4447 1445 4500 iis
1471 4457 1709 4516 pareant,
1738 4449 1927 4518 quibus

348 4549 491 4604 sa'pe
525 4535 723 4590 habent
761 4551 946 4590 servos
981 4536 1370 4604 locupletiores.
1420 4537 1622 4592 Rursus
1663 4538 1708 4593 si
1751 4538 1927 4594 adsint

348 4626 558 4694 quidem
597 4627 760 4696 gloria
785 4669 800 4690 ,
841 4626 1037 4681 divitia:
1067 4638 1120 4682 et
1161 4628 1396 4692 sanitas,
1431 4644 1534 4684 non
1573 4630 1710 4685 adsit
1747 4641 1924 4686 autem

346 4718 602 4772 securitas
627 4760 642 4783 ,
673 4718 816 4788 quod
849 4719 1108 4774 innumeri
1149 4724 1197 4774 ei
1239 4721 1588 4786 insidientur,
1621 4722 1924 4789 invideant,

345 4809 482 4863 male
512 4810 696 4876 velint,
727 4811 897 4879 ipsum
940 4810 1165 4876 oderint,
1201 4821 1478 4879 accusent,
1514 4814 1920 4880 calumnientur,

345 4899 390 4954 is
415 4901 514 4954 erit
543 4901 779 4954 omnium
811 4902 1164 4967 miserrimus,
1193 4903 1352 4956 vitam
1376 4919 1538 4974 agens
1563 4906 1775 4975 leporis,
1808 4921 1926 4958 tun-

345 4991 468 5046 bras
513 4991 716 5047 habens
757 5004 1068 5062 suspectas,
1119 5008 1408 5064 omnesque
1439 4995 1662 5050 horrens
1686 5006 1738 5050 et
1764 4999 1926 5065 perti-

344 5100 608 5141 mescens.
635 5086 790 5155 Quod
821 5088 863 5140 si
889 5087 958 5141 ab
988 5088 1050 5141 iis
1075 5086 1233 5141 etiam
1263 5088 1396 5141 liber
1417 5089 1726 5152 sit,atnetur
1744 5099 1920 5143 autem

341 5175 409 5230 ab
429 5176 697 5243 omnibus,
726 5179 846 5232 etei
873 5178 1050 5231 omnia
1081 5177 1366 5234 succedant
1407 5193 1470 5234 ex
1500 5179 1662 5232 animi
1701 5189 1921 5234 senten-

343 5268 444 5331 tia,
471 5284 665 5338 nempe
688 5269 876 5340 gloria,
918 5269 1114 5322 divitia:
1142 5311 1156 5334 ,
1205 5270 1462 5324 securitas
1485 5312 1500 5336 ,
1551 5271 1722 5325 honor
1760 5273 1778 5341 (
1802 5287 1920 5342 qua:

341 5358 520 5412 omnia
541 5359 697 5412 simul
728 5373 1049 5414 concurrere
1080 5373 1183 5412 non
1227 5367 1478 5427 possunt;
1510 5370 1683 5415 tamen
1708 5362 1773 5415 ita
1801 5378 1919 5417 esse

344 5448 650 5519 ﬁngamus),
675 5449 798 5504 licet
827 5448 940 5500 lucc
963 5447 1138 5499 omnia
1160 5447 1400 5509 affluant,
1423 5458 1475 5503 et
1498 5451 1628 5504 nihil
1660 5452 1730 5504 sit
1751 5455 1918 5521 impe-

341 5539 583 5601 (timenti,
613 5535 708 5592 sed
729 5546 782 5592 et
812 5535 994 5606 populi
1020 5535 1407 5602 benevolentia,
1435 5548 1488 5592 et
1510 5543 1749 5610 corporis
1771 5543 1916 5596 sani-

343 5641 443 5693 tas,
473 5640 527 5684 et
565 5629 740 5682 omnis
778 5625 1036 5681 securitas
1055 5667 1070 5684 .
1103 5637 1157 5681 et
1183 5642 1212 5680 a
1241 5627 1383 5679 nullo
1409 5645 1560 5696 posse
1587 5633 1746 5696 vinci,
1777 5634 1826 5687 in
1854 5650 1918 5691 eo

342 5732 683 5783 concurrant,
711 5718 954 5788 improba
996 5733 1136 5786 smpc
1174 5726 1225 5771 et
1257 5734 1498 5786 perversa
1549 5725 1768 5782 muliere
1812 5729 1909 5782 sibi

1515 307 1872 364 EXPOSITIO
1910 305 1972 362 [Ν
2003 307 2320 367 PSALMUM
2358 312 2609 375 CXXVII.

3587 337 3692 391 386

2111 423 2411 492 eonjuucta,
2443 427 2618 482 evadit
2658 428 2722 484 iis
2749 430 2994 488 miserior
3015 476 3029 500 ,
3077 439 3163 508 qui
3191 451 3371 498 carent
3399 443 3481 499 his
3508 451 3683 500 Ollltti~

2105 511 2224 567 bus.
2265 514 2414 580 Quod
2443 517 2487 570 si
2515 521 2562 572 ei
2589 534 2720 574 uxor
2741 520 2876 575 bona
2901 533 2956 577 et
2984 542 3050 580 ex
3077 529 3236 584 animi
3266 537 3526 590 sententia
3551 553 3684 593 eve—

2103 604 2260 669 nerit,
2284 606 2326 658 si
2356 607 2523 661 malos
2543 608 2735 664 habeat
2762 611 2919 677 ﬁlios,
2945 629 3066 668 eum
3099 631 3218 671 esse
3247 625 3490 678 omnibus
3515 627 3681 682 mise-

2101 695 2297 750 riorem
2330 713 2546 754 necesse
2575 711 2657 756 est
2686 720 2698 753 :
2730 705 2868 772 quod
2894 705 2938 759 si
2962 707 3133 762 nullos
3166 709 3376 777 habeat,
3419 715 3600 785 lugere
3625 727 3682 774 et

2099 785 2396 842 lamentari.
2425 790 2659 861 Denique
2683 795 2727 848 si
2750 798 2950 865 qumvis
2977 800 3206 856 humana
3240 809 3506 873 aspexerit
3528 811 3678 878 quis-

2098 879 2258 944 piam,
2293 881 2452 934 multa
2477 881 2676 938 videbit
2701 889 3012 957 prmcipitia.
3061 892 3126 945 Et
3146 893 3268 962 quid
3298 896 3398 949 alia
3430 901 3681 970 persequi

2093 983 2227 1036 Opus
2269 972 2384 1026 est?
2441 973 2713 1044 Improbus
2758 993 2902 1049 Stepe
2932 981 3160 1038 fan‘tulns
3198 987 3376 1040 omnia
3403 991 3597 1044 evertit
3623 1003 3678 1046 et

2091 1059 2388 1129 confundit,
2419 1072 2474 1117 et
2503 1065 2632 1120 nihil
2655 1077 2736 1122 est
2763 1069 2898 1124 adeo
2926 1072 3182 1128 incertum
3208 1084 3261 1130 et
3291 1077 3572 1147 lubricum,
3618 1090 3676 1136 ut

2090 1147 2143 1201 in
2184 1148 2485 1206 hominibus
2508 1154 2748 1224 gloriari,
2778 1167 2832 1212 et
2855 1157 2921 1213 de
2944 1160 3009 1215 iis
3039 1176 3096 1216 se
3111 1164 3333 1232 jactare.

2158 1238 2360 1295 Timem
2383 1243 2543 1298 Deum
2573 1247 2717 1316 felix.
2740 1278 2813 1288 —
2837 1252 2905 1303 At
2945 1267 3047 1306 non
3090 1263 3173 1308 est
3199 1257 3458 1325 ejusmodi
3497 1260 3544 1316 is
3575 1263 3667 1332 qui

2092 1330 2258 1385 Deum
2290 1334 2458 1402 timet,
2489 1338 2583 1392 sed
2617 1341 2683 1393 ab
2723 1339 2808 1395 his
2849 1342 3094 1400 ﬂuetibus
3124 1347 3410 1417 liberatus,
3435 1330 3665 1410 sedetﬁin

2082 1435 2242 1492 portu
2270 1435 2324 1480 et
2357 1429 2407 1481 in
2439 1432 2818 1500 tranquillitate
2837 1476 2853 1500 ,
2881 1451 3003 1491 vera
3029 1448 3083 1493 et
3114 1451 3255 1494 certa
3285 1442 3466 1498 fruens
3495 1445 3662 1500 beati-

2082 1515 2282 1570 tudine.
2328 1515 2455 1572 ldeo
2497 1519 2603 1575 illis
2645 1523 2890 1578 omnibus
2929 1529 3210 1595 prmteritis
3238 1535 3489 1602 propheta
3520 1536 3661 1591 hunc

2079 1604 2250 1659 solum
2290 1607 2500 1663 beatum
2523 1610 2744 1680 judicat.
2778 1613 2873 1669 Illa
2903 1617 3044 1671 enim
3076 1619 3344 1676 beatitudo
3370 1640 3656 1695 numquam

2075 1695 2232 1763 plane
2270 1701 2588 1768 constiterit,
2623 1703 2720 1758 nisi
2747 1706 2923 1759 omnia
2955 1713 3324 1766 concurrerint
3350 1730 3364 1766 :
3394 1713 3499 1768 imo
3527 1731 3656 1771 vero

2072 1786 2280 1842 etiamsi
2308 1794 2713 1860 concurrerint,
2757 1803 2881 1850 tunc
2910 1798 3256 1856 labefactatur
3301 1804 3369 1858 ab
3415 1805 3478 1860 iis
3527 1808 3655 1876 ipsis

2070 1893 2188 1944 qnze
2217 1880 2358 1934 illam
2395 1884 2622 1952 pariunt.
2664 1885 2796 1939 Nam
2823 1896 2874 1942 et
2901 1888 3097 1945 divitia:
3129 1894 3415 1961 perniciem
3459 1898 3655 1953 attule-

2070 1980 2213 2036 runt,
2245 1981 2298 2025 et
2318 1988 2451 2027 uxor
2471 1989 2613 2045 smpe
2639 1977 2868 2034 formosa
2897 1981 3045 2046 obiit,
3075 1982 3255 2037 famuli
3280 1987 3645 2056 prodiderunt,

2068 2059 2159 2113 filii
2189 2061 2338 2118 fuere
2364 2066 2662 2134 parricidae,
2694 2078 2766 2133 et,
2799 2071 2982 2139 utjam
3010 2071 3136 2137 dixi,
3172 2076 3332 2129 multa
3359 2076 3518 2132 habet
3548 2096 3648 2134 un-

2066 2149 2224 2218 dique
2271 2153 2468 2209 incerta
2519 2165 2572 2210 et
2617 2157 2770 2212 valde
2819 2160 3039 2215 lubrica.
3084 2162 3178 2217 Hic
3222 2176 3396 2219 autem
3435 2168 3643 2224 etiamsi

2063 2242 2242 2296 omnia
2275 2245 2538 2299 contraria
2570 2247 2878 2315 conﬂuant,
2930 2268 3034 2306 non
3081 2253 3240 2309 modo
3283 2256 3412 2310 nihil
3445 2259 3645 2315 laedunt

2063 2331 2198 2386 hanc
2227 2334 2627 2401 beatitudinem,
2679 2341 2770 2393 sed
2816 2356 2932 2396 eam
2981 2344 3269 2400 ﬁrmiorem
3317 2349 3544 2405 reddunt
3587 2363 3642 2408 et

2058 2428 2492 2482 constantiorem.
2545 2429 2656 2483 Etsi
2696 2433 2765 2484 sit
2795 2445 3076 2503 paupertas
3101 2477 3116 2503 ,
3165 2439 3262 2490 etsi
3313 2439 3636 2510 ignominia,

2059 2517 2320 2570 mutilatio
2346 2521 2614 2588 corporis,
2647 2538 2780 2576 uxor
2823 2525 3060 2594 improba
3088 2567 3102 2591 ,
3135 2529 3376 2584 scelerati
3425 2533 3539 2598 ﬁlii,
3583 2545 3638 2588 et

2055 2609 2426 2680 quodcumque
2456 2613 2597 2666 aliud
2637 2614 2857 2682 dixeris,
2909 2617 3010 2672 hoc
3040 2619 3167 2672 nihil
3198 2621 3481 2688 deprimit,
3534 2639 3635 2678 nec

2053 2698 2334 2754 labefactat
2376 2701 2512 2757 hanc
2559 2703 2958 2760 beatitudinem.
3010 2708 3189 2778 Neque
3216 2713 3356 2765 enim
3383 2728 3536 2766 suum
3564 2730 3631 2770 ex

2051 2789 2154 2845 illis
2184 2790 2342 2846 habet
2367 2801 2540 2847 ortum
2561 2835 2578 2861 ,
2613 2805 2668 2849 ut
2691 2797 2770 2850 eis
2790 2799 3059 2854 convulsis
3105 2801 3448 2858 labefactetur
3469 2844 3485 2869 ,
3534 2807 3629 2861 sed

2051 2883 2210 2938 habet
2236 2884 2470 2940 radicem
2502 2902 2530 2938 a
2559 2889 2766 2958 superis
2793 2905 2806 2940 :
2833 2891 3076 2959 quocirca
3100 2903 3276 2946 manet
3303 2873 3630 2967 inexpugna-

2048 2973 2189 3028 bilis.
2215 2977 2385 3046 Atque
2411 2976 2565 3044 adeo,
2588 2978 2632 3032 si
2661 2979 2852 3044 velitis,
2881 2997 3000 3034 eum
3031 2981 3082 3036 in
3109 2983 3235 3053 ipsis
3262 2986 3419 3040 rebus
3440 2998 3627 3042 osten-

2046 3066 2232 3121 damus
2259 3077 2311 3122 et
2341 3077 2744 3138 pertractemus.
2790 3079 2979 3126 Annon
3010 3084 3126 3128 erat
3164 3074 3360 3145 Joscph
3398 3081 3626 3134 servus?

2045 3173 2222 3212 annon
2267 3162 2554 3215 externus?
2595 3177 2770 3216 annon
2815 3165 3044 3220 extorris
3086 3181 3116 3220 a
3166 3171 3404 3237 patria“!
3445 3186 3622 3228 annon

2045 3263 2230 3303 servus
2259 3249 2628 3315 barbarorum,
2666 3253 2810 3322 prius
2837 3255 3242 3324 Saracenorum,
3270 3270 3452 3330 postea
3492 3262 3624 3331 ipsis

2042 3339 2414 3396 itnmaniorum
2431 3342 2840 3415 A‘ngptiurum?
2861 3362 3036 3402 annon
3056 3351 3454 3406 existimabatur
3472 3355 3622 3408 adul-

2043 3433 2160 3485 ter?
2203 3449 2378 3488 annon
2421 3437 2805 3491 accusabatur?
2829 3453 3002 3495 annon
3027 3442 3300 3496 calumniis
3331 3444 3622 3514 impetcba-

2043 3524 2160 3577 tur?
2181 3539 2356 3578 annon
2389 3525 2657 3580 habitabat
2686 3527 2738 3581 in
2770 3531 3014 3584 carcere?
3043 3547 3218 3586 annon
3241 3535 3447 3588 vinctus
3467 3545 3618 3590 tene-

2037 3614 2193 3669 batur
2222 3615 2385 3686 (Gen.
2419 3619 2505 3672 57.
2535 3629 2578 3671 et
2609 3619 2676 3674 58
2698 3619 2755 3688 )?
2800 3619 2866 3673 Et
2902 3622 3026 3690 quid
3074 3624 3258 3677 horum
3287 3641 3406 3679 eum
3447 3627 3620 3680 laesit?

2038 3707 2149 3761 lino
2169 3725 2296 3764 vero
2318 3725 2412 3779 per
2434 3711 2546 3766 haec
2575 3721 2690 3766 erat
2714 3713 2766 3765 in
2789 3713 2971 3781 primis
2995 3713 3198 3770 beatus.
3225 3716 3334 3770 lloc
3349 3728 3430 3771 est
3450 3718 3614 3784 enim,

2036 3802 2176 3855 sicut
2195 3802 2306 3870 jam
2333 3802 2461 3865 dixi,
2492 3804 2824 3870 admirabile,
2843 3805 2980 3874 quod
3010 3822 3112 3861 non
3143 3809 3310 3862 solum
3341 3810 3462 3864 hinc
3488 3811 3617 3865 nihil

2037 3891 2258 3946 lmdatur
2288 3893 2591 3958 beatitudo,
2625 3893 2720 3947 sed
2746 3895 2905 3947 etiam
2939 3897 3244 3964 prmclarior
3273 3900 3523 3954 reddatur
3563 3912 3616 3956 et

2037 3986 2313 4039 illustrior.
2370 3986 2424 4039 Si
2469 3985 2598 4039 nihil
2644 3987 2786 4040 enim
2839 3987 2913 4040 illi
2963 4003 3148 4042 eorum
3179 3991 3480 4061 accidisset,
3510 4009 3613 4048 non

2038 4075 2221 4129 ftlisSt't
2250 4076 2385 4130 adeo
2416 4075 2620 4130 beatus.

2106 4165 2160 4218 2.
2205 4166 2297 4220 Vis
2326 4166 2486 4220 etiam
2519 4182 2613 4221 eos
2641 4167 2813 4222 dicam
2850 4167 2939 4238 qui
2968 4169 3021 4222 in
3050 4168 3178 4224 vitio
3219 4171 3393 4225 acrius
3417 4173 3615 4241 persti-

2035 4265 2251 4324 terunt,
2281 4256 2474 4313 deinde
2502 4268 2720 4328 repente
2750 4259 2933 4313 mutati
2973 4269 3132 4325 sunt,
3177 4268 3231 4314 et
3277 4275 3437 4316 omne
3485 4263 3610 4318 illud

2033 4349 2217 4402 vitium
2239 4350 2544 4403 exuerunt?
2575 4349 2709 4417 Quid
2741 4349 2836 4404 fuit
2856 4350 3061 4405 latrone
3088 4351 3371 4405 miserius?
3396 4352 3500 4407 Sed
3529 4370 3612 4407 re-

2033 4453 2191 4513 pente
2236 4443 2402 4496 evasit
2449 4444 2686 4498 omnium
2731 4443 3070 4499 beatissimus
3111 4443 3260 4516 (Luc.
3287 4444 3404 4515 23).
3453 4447 3608 4515 Atqui

2032 4533 2176 4588 mille
2202 4532 2376 4587 caedes
2398 4535 2619 4598 fecerat;
2637 4550 2756 4588 nam
2784 4543 2897 4588 erat
2926 4534 3098 4589 crucis
3115 4535 3373 4604 supplicio
3393 4535 3612 4590 damna-

2033 4635 2137 4690 tus,
2157 4635 2210 4680 et
2239 4625 2304 4681 ad
2333 4635 2556 4682 mortem
2585 4626 2866 4691 adductus,
2895 4641 3084 4681 omnes
3115 4641 3233 4680 eum
3264 4629 3607 4693 accusabant,

2030 4729 2197 4775 totum
2223 4729 2430 4788 tempus
2473 4728 2586 4773 erat
2627 4728 3016 4788 comsumptum
3041 4759 3055 4781 ,
3099 4726 3153 4773 et
3194 4719 3298 4772 vita
3346 4727 3609 4773 transacta

2031 4812 2196 4867 fuerat
2226 4813 2278 4866 in
2305 4813 2507 4867 scelere
2528 4828 2547 4866 :
2577 4811 2670 4866 sed
2696 4810 2942 4881 quoniam
2964 4812 3154 4882 exiguo
3181 4821 3417 4881 tempore
3441 4811 3608 4866 Deum

2030 4902 2102 4956 ita
2133 4910 2188 4956 ut
2213 4909 2422 4970 oportet
2452 4901 2642 4966 timuit,
2674 4901 2858 4956 beatus
2883 4901 3048 4956 factus
3077 4912 3176 4957 est.
3209 4902 3280 4956 lta
3303 4904 3461 4958 etiam
3493 4917 3600 4955 me-

2030 4994 2215 5057 retrix,
2248 4993 2372 5047 licet
2399 4991 2584 5047 forma:
2604 5003 2865 5063 quaestum
2892 4993 3090 5049 faceret
3117 5005 3171 5048 et
3204 4995 3437 5063 exposita
3466 5002 3606 5046 essrt

2029 5086 2265 5138 omnium
2297 5085 2633 5139 contumeliae
2656 5125 2671 5150 ,
2701 5094 2755 5139 et
2797 5085 2916 5139 ideo
2943 5095 3086 5140 esset
3108 5087 3342 5138 omnium
3373 5083 3598 5136 miserri.

2030 5191 2136 5240 ma,
2164 5175 2315 5230 beata
2361 5175 2563 5229 exstitit
2614 5174 2823 5243 quando
2865 5177 3029 5229 Deum
3079 5185 3132 5227 nt
3179 5179 3388 5241 oportet
3433 5171 3599 5226 timuit

2029 5265 2176 5336 (Luc.
2209 5267 2284 5335 7).
2329 5265 2538 5319 Nullum
2569 5273 2652 5319 est
2675 5265 2816 5318 enim
2848 5265 3041 5318 malum
3085 5262 3223 5332 quod
3255 5276 3357 5314 non
3400 5261 3600 5313 exstin-

2027 5370 2150 5430 guat
2173 5359 2263 5413 Dei
2285 5370 2488 5413 metus:
2515 5374 2634 5411 nam
2663 5355 3104 5426 quemadmodum
3134 5354 3287 5422 ignis,
3317 5351 3592 5421 quodcum-

2027 5467 2129 5520 que
2147 5449 2342 5505 ferrum
2360 5450 2564 5518 ceperit
2587 5446 2998 5508 contortum,vel
3027 5443 3265 5513 rubigine
3280 5440 3601 5508 confecuun,

2029 5543 2077 5596 id
2109 5541 2306 5595 clarum
2329 5540 2501 5594 reddit
2526 5555 2590 5592 ac
2618 5536 2913 5607 pulchrum,
2933 5535 3252 5606 ferruginem
3270 5535 3600 5604 abstergens,

2091 5680 2104 5708 ¹
2143 5683 2223 5724 tlze
2249 5688 2409 5730 voces,
2435 5685 2588 5722 annon
2613 5668 2864 5732 extorrisa
2889 5669 3085 5732 patria?
3118 5671 3320 5722 deerant
3347 5670 3394 5718 in
3416 5668 3598 5724 ﬂoret;

2030 5740 2114 5790 sed
2143 5743 2190 5787 in
2208 5738 2313 5786 aliis
2337 5734 2696 5785 exctnnlmbns
2712 5731 2962 5792 leguntur.
