4134 6210
471 340 568 394 Iit-7

470 466 524 508 et
552 454 688 523 quod
719 455 768 506 in
798 469 862 508 eo
887 466 1000 507 erat
1026 465 1330 522 perversum
1376 465 1430 510 et
1469 453 1738 519 inﬂexum,
1771 455 2043 524 perlectis-

471 545 605 600 sime
631 546 846 614 corrigit
880 563 893 600 :
923 547 988 600 ita
1020 549 1178 601 etiam
1212 548 1301 600 Dei
1351 557 1522 602 metus
1551 548 1632 602 vel
1675 548 1864 616 exiguo
1908 557 2040 599 temo

470 651 599 706 pore
629 635 756 690 facit
778 637 977 703 omnia,
1007 647 1060 690 et
1084 653 1176 690 eos
1206 637 1294 706 qui
1323 637 1390 691 ab
1422 640 1534 706 ipso
1559 638 1704 692 tincti
1729 646 1871 702 sunt,
1903 638 2042 690 nulla

472 741 530 780 re
561 726 792 780 humana
817 727 986 796 frangi
1014 728 1159 782 sinit.
1212 730 1398 782 Annon
1428 738 1541 783 erat
1585 729 1823 782 infirmus
1864 728 2044 782 Timo-

472 819 626 870 theus
643 824 666 868 't
691 833 866 871 annon
893 819 1090 872 morbis
1118 830 1168 872 et
1195 819 1570 874 afﬂictionibus
1599 829 1854 889 perpetuo
1875 836 2041 874 vexa-

472 909 625 962 batur
654 909 730 977 (l.
757 908 887 961 'l'im.
910 910 965 965 5.
991 910 1127 980 23)?
1173 910 1308 975 Quid
1340 926 1466 980 ergo
1515 911 1614 964 fuit
1659 911 1749 964 illo
1794 911 2040 965 beatius?

469 999 603 1065 Quid
631 1015 756 1054 vero
780 1041 794 1060 ,
841 999 927 1054 dic
949 1016 1150 1068 quarso,
1181 1000 1319 1054 Job?
1348 1016 1522 1054 annon
1554 1001 1796 1055 redactus
1823 1009 1938 1054 erat
1975 1000 2039 1052 ad

469 1089 870 1157 paupertatem?
915 1104 1090 1142 annon
1123 1090 1187 1143 ad
1215 1089 1537 1144 orbitatem?
1558 1091 1623 1144 ad
1647 1090 1885 1159 corporis
1918 1105 2040 1158 gra-

468 1182 682 1234 vissima
707 1180 919 1234 ulcera?
945 1197 1122 1234 annon
1147 1181 1372 1248 probris,
1389 1182 1742 1247 contumeliis,
1765 1190 1818 1235 et
1839 1180 2041 1250 injuriis

467 1272 853 1340 appetebatur?
879 1288 1055 1326 annon
1088 1273 1224 1326 [artic
1250 1283 1303 1326 et
1342 1275 1492 1328 malis
1522 1275 1767 1328 omnibus
1797 1273 2041 1328 humanis

466 1362 838 1416 cruciabatur?
878 1363 926 1416 ls
957 1373 1129 1417 tamen
1156 1363 1250 1417 fuit
1279 1365 1512 1418 omnium
1541 1365 1894 1420 beatissimus.
1925 1365 2038 1420 Non

467 1456 637 1509 solum
660 1457 800 1510 enim
826 1457 956 1509 nihil
975 1456 1162 1510 horum
1185 1458 1329 1510 illum
1348 1456 1522 1526 fregit,
1543 1458 1635 1512 sed
1656 1459 1814 1512 etiam
1841 1457 2042 1512 ﬁrmio-

466 1561 578 1602 rem
625 1545 764 1600 fecit.
811 1546 1110 1613 Quinetiam
1149 1562 1269 1600 cum
1313 1547 1415 1600 illis
1455 1548 1699 1601 omnibus
1739 1562 1876 1602 uxor
1917 1564 2037 1602 cum

469 1635 762 1703 premebat,
795 1635 1000 1704 probris
1028 1637 1314 1700 insectans,
1341 1646 1394 1690 et
1419 1647 1593 1692 tamen
1617 1654 1710 1706 per
1731 1642 1844 1692 haec
1863 1639 2038 1693 omnia

466 1727 640 1779 clarus
662 1725 850 1780 evasit.
896 1726 1018 1780 Ilmc
1055 1742 1181 1795 ergo
1208 1715 1384 1782 omnia
1414 1729 1756 1784 considerans
1785 1730 2040 1798 prepheta

466 1816 710 1870 dicebat:
741 1815 914 1882 Beati,
949 1818 1110 1886 inquit
1140 1859 1156 1885 ,
1210 1834 1381 1873 omnes
1430 1822 1515 1890 qui
1546 1824 1718 1876 timent
1744 1821 2039 1890 Dominum,

465 1910 551 1979 qui
578 1910 836 1964 ambulant
864 1912 915 1964 in
939 1913 1031 1965 viis
1060 1913 1191 1982 ejus.
1237 1912 1313 1968 Ne
1337 1914 1478 1967 enim
1520 1914 1850 1970 existimares
1893 1916 2034 1971 sufﬂ-

465 2016 588 2056 cere
627 2001 870 2056 timorem
897 2044 912 2065 ,
963 2004 1156 2071 adjecit
1202 2004 1326 2058 illud
1369 2023 1382 2060 :
1427 2007 1528 2074 Qui
1555 2008 1816 2062 ambulant
1856 2007 1908 2062 in
1947 2011 2036 2065 viis

462 2095 592 2161 ejus,
622 2103 904 2163 utrumque
929 2095 1242 2163 designans;
1277 2097 1378 2152 hoc
1399 2110 1499 2162 est,
1529 2099 1613 2168 qui
1643 2102 1814 2155 timent
1845 2113 1891 2154 et
1929 2119 2034 2154 ant-

463 2187 656 2240 bulant.
704 2186 850 2241 Multi
878 2189 1020 2242 enim
1063 2189 1219 2243 [idem
1260 2193 1544 2258 perfectam
1573 2193 1846 2257 habentes,
1877 2196 2035 2249 vitam

463 2285 640 2328 autem
665 2275 997 2345 ﬂagitiosam,
1023 2280 1256 2333 omnium
1283 2280 1430 2335 fuere
1457 2283 1758 2335 miserrimi.
1800 2284 1876 2337 Ne
1906 2300 2044 2352 ergo.

463 2366 513 2417 id
539 2365 678 2434 quod
699 2366 826 2420 dicit
852 2368 1119 2422 videretur
1139 2385 1206 2422 ex
1255 2385 1318 2422 eo
1347 2371 1512 2425 refelli
1539 2413 1554 2434 ,
1601 2372 1867 2439 subjunxit
1895 2391 1906 2425 :
1937 2374 2037 2440 Qui

462 2456 720 2509 ambulant
760 2457 813 2509 in
843 2458 936 2511 viis
965 2459 1090 2528 ejus.
1121 2460 1370 2524 Quaenam
1401 2471 1574 2512 autem
1620 2473 1742 2514 sunt
1771 2463 1867 2515 via":
1897 2463 2034 2531 ejus,

462 2544 559 2596 nisi
590 2545 690 2598 vita
722 2561 840 2612 quae
882 2561 945 2600 ex
989 2548 1179 2602 virtute
1225 2549 1554 2602 instituitur?
1593 2551 1694 2603 Per
1735 2567 1850 2604 eam
1891 2552 2033 2608 enim

462 2643 632 2700 potest
661 2634 711 2686 in
749 2635 935 2688 etelum
966 2637 1206 2700 aseendi,
1239 2649 1291 2690 et
1332 2639 1413 2690 illa
1447 2641 1696 2706 primaria
1728 2641 1914 2694 civitas
1937 2657 2033 2710 ap-

461 2722 737 2789 prehendi,
771 2725 983 2793 ipseqne
1036 2727 1172 2780 Dens
1216 2727 1413 2792 videri,
1458 2738 1717 2796 quatenus
1764 2741 1933 2798 potest
1965 2733 2032 2785 ab

461 2813 672 2868 homine
690 2817 874 2883 aspici.
903 2817 1028 2886 Ejus
1049 2827 1224 2872 autem
1251 2821 1349 2874 via:
1375 2819 1640 2887 dicuntur,
1664 2824 1911 2890 quoniam
1938 2839 2034 2894 per

458 2919 547 2958 cas
569 2915 739 2973 potest
769 2906 820 2960 in
851 2909 1039 2961 ezelum
1067 2910 1130 2962 ad
1164 2911 1326 2964 Deum
1357 2912 1640 2980 perveniri.

529 2993 711 3048 Multa:
737 3010 1054 3067 exponuntur
1082 3001 1174 3053 via:
1199 3000 1267 3052 ad
1299 3002 1477 3055 aulum
1506 3005 1750 3072 ferentes;
1772 3019 2031 3057 numerum

455 3085 642 3138 claudit
669 3087 778 3141 laus
806 3087 1154 3160 eleemosynte,
1185 3093 1328 3163 cujus
1357 3092 1574 3162 eﬁicacia
1599 3093 1825 3163 extmplo
1851 3091 2032 3146 Lazari

456 3177 756 3231 illustratur.
791 3209 861 3218 —
883 3179 998 3234 Non
1029 3180 1180 3246 dixit,
1225 3182 1316 3236 Via
1343 3224 1358 3247 ,
1388 3183 1480 3238 sed
1501 3225 1516 3250 ,
1549 3185 1657 3238 νίω
1678 3225 1693 3251 ,
1739 3186 2030 3240 ostendens

454 3283 545 3322 cas
573 3283 691 3324 esse
717 3270 912 3324 multas
937 3282 992 3326 et
1028 3271 1286 3327 diversas.
1335 3273 1616 3342 Propterea
1663 3276 1803 3329 enim
1837 3277 2030 3331 multas

454 3359 564 3413 vias
592 3361 797 3425 muniit,
828 3372 883 3415 ut
907 3377 1087 3416 earum
1117 3362 1450 3417 multitudine
1480 3363 1684 3420 facilem
1715 3365 1866 3420 nobis
1889 3365 2030 3421 face-

455 3461 530 3505 ret
560 3452 876 3521 ingressum.
920 3454 997 3508 Ex
1028 3455 1326 3510 hominibus
1355 3456 1494 3509 enim
1535 3457 1622 3510 alii
1651 3465 1775 3510 sunt
1806 3459 2026 3527 virgini-

454 3550 559 3596 tate
592 3542 840 3604 illustres.
873 3545 958 3597 alii
988 3559 1112 3598 vero
1142 3560 1200 3598 sc
1228 3545 1447 3600 honeste
1468 3556 1657 3615 gerunt
1684 3548 1734 3600 in
1754 3549 2029 3602 matrimo-

452 3631 560 3687 nio.
585 3631 670 3684 alii
693 3644 950 3688 ornantur
978 3635 1228 3689 viduitate
1257 3652 1273 3689 :
1307 3637 1356 3689 hi
1385 3651 1443 3692 se
1468 3638 1716 3691 omnibus
1741 3649 2023 3706 exuerunt,

451 3723 521 3775 illi
553 3723 809 3787 dimidio;
855 3725 907 3778 hi
948 3742 1040 3795 per
1079 3729 1215 3781 viam
1260 3737 1456 3782 rectam
1508 3731 1907 3800 ingrediuntur,
1951 3733 2024 3788 illi

451 3830 547 3881 per
589 3817 951 3885 ptenitentiam
986 3833 999 3869 :
1041 3828 1094 3873 et
1121 3819 1239 3874 ideo
1268 3821 1458 3875 multas
1489 3822 1578 3876 tibi
1619 3825 1730 3876 vias
1777 3826 2018 3892 munivit,

450 3917 505 3960 ut
532 3905 683 3960 facile
709 3907 1038 3976 ingrediaris.
1073 3909 1185 3964 Non
1219 3913 1430 3980 potuisti
1461 3922 1580 3982 post
1617 3915 1880 3970 lavacrum
1903 3932 2022 3972 ser-

449 4015 573 4054 vare
603 4014 796 4068 corpus
825 4002 1116 4056 mundum?
1154 4004 1224 4058 At
1263 4021 1359 4074 per
1403 4007 1762 4075 paenitentiam
1796 4009 1845 4062 id
1873 4020 2023 4078 potes

454 4090 759 4157 annuntlare,
790 4102 942 4161 potes
972 4110 1064 4162 per
1090 4097 1358 4163 pecunias,
1386 4114 1480 4166 per
1506 4099 1919 4171 eleemosynam.
1951 4103 2022 4156 At

449 4193 553 4232 non
586 4178 748 4236 habes
791 4184 1078 4252 pecunias?
1121 4184 1224 4239 Sed
1270 4196 1420 4254 potes
1467 4187 1683 4243 visitare
1725 4200 2017 4260 a-grotum,

448 4276 598 4336 potes
619 4272 872 4326 accedere
897 4272 960 4325 ad
987 4288 1106 4327 eum
1133 4274 1219 4343 qui
1245 4284 1324 4329 est
1352 4277 1403 4330 in
1431 4277 1672 4342 vinculis,
1703 4279 1832 4334 dare
1860 4296 2022 4350 pocu-

450 4360 554 4414 lum
588 4361 810 4431 l‘rigidar,
835 4374 888 4418 et
918 4365 1016 4418 sub
1051 4366 1236 4420 eodem
1273 4376 1409 4422 teeto
1449 4367 1708 4438 hoSpitem
1741 4371 2016 4440 excipere,

447 4453 684 4520 praebere
708 4455 842 4508 duos
867 4456 1052 4510 obolos
1070 4497 1085 4522 ,
1114 4457 1250 4510 sicut
1275 4457 1432 4511 vidua
1459 4500 1472 4523 ,
1504 4459 1850 4528 ingemiscere
1899 4479 2018 4526 pro—

446 4552 526 4598 ter
557 4559 648 4598 eos
669 4545 758 4615 qui
803 4545 1109 4616 afﬂiguntur
1143 4545 1304 4616 (Luc.
1333 4545 1456 4619 21).
1501 4548 1628 4601 Nam
1668 4549 1765 4603 hoc
1808 4565 2019 4620 queque

449 4644 531 4689 est
555 4636 916 4708 elecmosyna.
948 4639 1015 4690 At
1038 4652 1095 4691 es
1130 4638 1360 4707 undique
1385 4640 1686 4707 destitutus,
1716 4649 1769 4693 et
1795 4641 2013 4696 omnino

448 4741 664 4794 pauper.
696 4736 748 4780 et
774 4742 996 4796 corpore
1022 4727 1154 4782 adeo
1179 4728 1416 4789 infirmo,
1443 4737 1498 4782 ut
1516 4745 1582 4784 ne
1613 4731 1783 4800 possis
1803 4732 2013 4801 quidem

444 4817 730 4872 incedere?
773 4818 899 4872 llzee
937 4819 1111 4872 omnia
1153 4821 1230 4872 fer
1256 4836 1448 4888 magno
1476 4822 1684 4886 animo,
1723 4823 1829 4878 Deo
1856 4839 2018 4891 agens

443 4909 662 4976 gratias,
695 4917 749 4964 et
775 4925 1020 4980 magnam
1053 4912 1352 4966 mercedem
1379 4914 1628 4983 accipies.
1673 4914 1802 4968 Nam
1835 4917 1886 4969 in
1916 4917 2016 4972 hoc

442 5014 651 5068 quoque
681 5015 739 5054 se
764 5001 986 5070 pulchre
1011 5004 1178 5071 gessit
1220 5003 1472 5060 Lazarus.
1523 5005 1704 5075 Neque
1741 5009 1880 5062 enim
1919 5010 2014 5062 ulli

442 5091 550 5144 suis
580 5091 667 5146 ille
694 5093 938 5147 subvenit
969 5096 1226 5162 pecuniis.
1277 5097 1373 5163 Qui
1407 5099 1547 5152 enim
1582 5099 1629 5152 id
1674 5101 1902 5162 fecisset,
1930 5102 2012 5154 cui

439 5181 520 5235 vel
545 5181 898 5237 necessarium
926 5183 1108 5238 deerat
1132 5186 1482 5240 alimentum?
1513 5189 1621 5241 Non
1645 5189 1914 5257 ingressus
1935 5203 2017 5243 est

437 5286 730 5328 carcerem.
761 5272 1038 5340 Quomodo
1065 5275 1204 5328 enim
1229 5277 1315 5345 qui
1344 5293 1441 5331 nec
1467 5279 1618 5348 erigi,
1654 5294 1750 5332 nec
1779 5295 1836 5332 se
1856 5280 2016 5332 susti-

442 5379 569 5418 nere
613 5366 860 5433 poterat?
903 5365 1018 5421 Non
1061 5367 1240 5421 invisit
1287 5379 1561 5438 :rgrotum.
1613 5370 1710 5437 Qui
1757 5375 2015 5438 potuisset

438 5454 525 5521 qui
549 5453 742 5522 linguis
763 5469 956 5510 canum
977 5466 1090 5512 erat
1118 5458 1398 5526 expositus
1422 5457 1570 5528 (Luc.
1599 5456 1725 5526 16)?
1749 5459 1812 5512 Et
1840 5469 2010 5512 tamen

439 5545 596 5597 etiam
624 5544 825 5616 absque
855 5545 938 5602 his
973 5549 1246 5616 praemium
1277 5550 1483 5603 virtutis
1512 5551 1752 5619 arripuit,
1780 5566 1844 5606 eo
1873 5551 2011 5620 (μιυά

440 5636 614 5688 omnia
642 5637 820 5691 tulerit
852 5653 1111 5706 generoso
1138 5640 1334 5700 animo,
1361 5655 1425 5692 ea
1450 5641 1586 5709 quod
1616 5641 1796 5695 videns
1821 5643 2011 5696 crude-

443 5723 547 5776 lem
575 5737 625 5780 ct
653 5725 995 5780 inlmmanum
1019 5729 1284 5784 hominem
1309 5730 1358 5783 iu
1386 5731 1584 5784 honore
1612 5731 1809 5794 haberi,
1834 5733 2012 5785 vitam-

1166 339 1221 394 S.
1261 338 1537 394 JOANNIS
1567 334 2037 394 CHRYSOSTOMI
2075 333 2388 392 ARCHIEP.
2429 337 2956 395 CONSTANTINOP.
3597 344 3726 402 3’38

2153 471 2254 522 que
2278 472 2433 526 agere
2468 457 2518 511 in
2547 459 2769 522 deliciis,
2796 461 3025 529 seipsum
3056 468 3232 513 autem
3257 458 3452 514 versari
3481 460 3534 512 in
3565 460 3723 513 tantis

2152 548 2325 610 malis,
2373 563 2439 603 ne
2476 551 2694 603 verbum
2725 549 2935 618 quidem
2969 549 3272 604 indecorum
3307 548 3602 616 protulerit.
3658 549 3718 603 Et

2149 637 2268 692 ideo
2298 639 2348 691 in
2375 639 2491 692 sinu
2527 639 2749 693 Abrahae
2775 650 3020 708 receptus
3049 648 3150 705 est,
3193 638 3281 704 qui
3319 649 3529 693 mortuo
3557 639 3720 692 nihilo

2149 737 2265 780 erat
2294 730 2480 781 melius
2506 729 2742 794 allectus,
2778 729 2869 783 sed
2897 730 3052 798 plane
3074 739 3186 782 erat
3215 729 3434 792 inutilis,
3461 730 3509 782 in
3542 729 3718 782 divitis

2148 817 2406 870 vestibulo
2437 818 2700 887 projectus
2746 836 2758 871 :
2808 827 2861 871 et
2907 835 3025 871 cmn
3071 818 3388 886 patriarcha,
3429 818 3516 887 qui
3565 829 3640 871 tot
3669 828 3717 872 et

2149 916 2320 960 tantas
2351 924 2435 961 res
2466 909 2714 976 praeclare
2739 917 2995 977 gesserat,
3024 909 3401 974 coronabatur,
3431 910 3604 962 victor
3632 925 3718 963 rc-

2148 999 2505 1063 nuntiabatur,
2533 1009 2586 1052 et
2612 1001 2728 1053 sinu
2761 1001 2898 1053 illius
2927 1001 3216 1061 fruebatur,
3240 1000 3328 1068 qui
3361 1016 3457 1054 nec
3483 1001 3718 1055 eleemo-

2146 1104 2330 1158 synatn
2363 1089 2590 1154 fecerat,
2624 1106 2720 1144 nec
2755 1092 2800 1143 ei
2826 1091 2907 1144 cui
2933 1090 3120 1158 injuria
3152 1089 3308 1144 [iebat
3342 1107 3553 1146 manum
3582 1109 3717 1158 pra:-

2147 1179 2350 1245 buerat,
2371 1197 2473 1235 non
2495 1181 2727 1250 hospites
2749 1191 3048 1250 excej'erat,
3069 1197 3167 1236 nec
3191 1182 3387 1252 aliquid
3409 1183 3548 1238 aliud
3574 1185 3718 1260 ejus:

2145 1273 2286 1326 modi
2317 1276 2598 1328 ostendere
2621 1284 2884 1342 potuerat,
2909 1274 2999 1329 sed
3029 1283 3228 1327 tantum
3258 1275 3309 1328 in
3337 1275 3581 1329 omnibus
3612 1276 3718 1333 Deo

2144 1365 2337 1432 gratias
2354 1376 2552 1434 egerat,
2575 1377 2627 1419 et
2650 1367 2953 1435 preclaram
2974 1367 3236 1436 patientia:
3258 1383 3506 1421 coronam
3525 1371 3719 1424 retule-

2145 1465 2244 1510 rat.
2277 1455 2459 1526 Magua
2485 1458 2623 1511 enim
2657 1473 2740 1512 res
2769 1460 3054 1528 gratiarum
3086 1458 3242 1522 actio,
3277 1458 3628 1528 philosophia,
3657 1477 3717 1516 ac

2146 1547 2392 1615 patientia
2412 1548 2427 1578 ¹
2459 1564 2574 1616 qua:
2606 1557 2680 1602 tot
2709 1556 2761 1602 et
2778 1550 2934 1601 tantis
2957 1549 3108 1602 malis
3125 1557 3402 1603 exercetur
3425 1568 3438 1603 :
3461 1550 3615 1619 idque
3636 1551 3715 1605 fa-

2144 1647 2288 1691 ctum
2329 1648 2408 1690 est
2437 1639 2591 1703 longe
2622 1640 2854 1692 omnium
2886 1639 3194 1692 maximum.
3236 1638 3384 1694 Unde
3428 1642 3585 1694 etiam
3617 1641 3718 1695 Job

2143 1739 2426 1782 coronatus
2454 1740 2532 1783 est
2565 1748 2581 1784 :
2612 1739 2933 1799 quapropter
2961 1729 3169 1782 dicebat
3216 1729 3492 1783 diabolus:
3527 1730 3717 1784 Pellem

2143 1835 2235 1888 pro
2258 1819 2412 1888 pelle,
2442 1829 2486 1873 et
2516 1821 2683 1872 omnia
2719 1835 2832 1889 qua:
2858 1820 3006 1872 homo
3032 1819 3206 1882 habet,
3241 1819 3376 1872 dabit
3416 1836 3507 1890 pro
3547 1819 3718 1873 anima

2141 1929 2266 1976 sua;
2295 1911 2382 1966 sed
2407 1913 2616 1965 immitte
2641 1929 2843 1965 manum
2871 1920 3039 1977 tuum,
3090 1921 3136 1965 et
3183 1919 3329 1982 longe
3367 1928 3565 1964 carnem
3605 1914 3716 1982 ejus

2146 2002 2298 2072 (Job.
2325 2002 2381 2058 2.
2423 2004 2475 2057 4.
2507 2002 2598 2074 5).
2631 2003 2745 2057 Νοη
2776 2011 2856 2057 est
2882 2003 3020 2057 enim
3051 2019 3233 2074 parum
3263 2003 3447 2058 dolore
3473 2005 3715 2058 all'eetam

2143 2093 2409 2147 refrenare
2435 2093 2663 2147 animam
2691 2092 2755 2146 ad
2798 2093 2896 2147 hoc
2922 2135 2936 2157 ,
2979 2102 3036 2146 ut
3079 2093 3208 2147 nihil
3241 2102 3442 2162 peccet.
3497 2094 3606 2148 lloe
3634 2105 3716 2148 est

2140 2199 2259 2236 Cum
2301 2185 2553 2254 martyrio
2594 2183 2972 2238 conferendum
3006 2198 3021 2232 :
3069 2182 3169 2236 hoc
3205 2191 3285 2238 est
3325 2183 3583 2238 bonorum
3627 2199 3714 2238 co-

2142 2276 2356 2344 lophon.

2209 2371 2262 2422 5.
2305 2369 2370 2421 Et
2401 2378 2452 2421 tu
2482 2383 2627 2438 ergo,
2652 2383 2684 2420 o
2713 2367 2922 2432 dilecte,
2950 2382 3067 2420 eum
3108 2375 3160 2420 te
3205 2382 3344 2436 sarpe
3373 2368 3456 2422 vel
3495 2367 3711 2422 morbus

2141 2461 2222 2514 \el
2251 2461 2440 2522 febres,
2472 2459 2556 2514 vel
2585 2458 2794 2512 dolores
2833 2457 3107 2521 invadunt,
3135 2467 3358 2526 cogente
3396 2469 3446 2511 te
3472 2460 3709 2511 cruciatu

2137 2552 2314 2605 dicere
2330 2549 2524 2617 aliquid
2550 2549 2938 2618 blaSphemum,
2959 2550 3001 2603 si
3027 2558 3077 2602 te
3103 2548 3404 2612 retinneris,
3430 2565 3490 2602 ac
3515 2551 3710 2618 gratias

2138 2644 2334 2712 egeris,
2369 2643 2640 2712 Deumque
2664 2641 2830 2712 gloria
2870 2650 2926 2695 et
2952 2643 3150 2696 honore
3176 2642 3439 2706 achceris,
3469 2642 3710 2696 eamdem

2138 2735 2433 2789 mercedem
2482 2735 2734 2804 accipies.
2777 2735 2887 2801 Qua
2933 2735 3072 2787 enim
3113 2734 3177 2787 de
3208 2749 3383 2797 causa,
3432 2734 3516 2788 die
3560 2734 3708 2801 mihi,

2135 2839 2334 2896 qua-so,
2367 2825 2724 2894 blasphemas,
2750 2836 2803 2878 et
2831 2839 3018 2894 aspera
3047 2824 3204 2877 verba
3247 2823 3488 2893 profers?
3519 2824 3710 2879 ldeone

2134 2921 2310 2974 evadit
2336 2921 2424 2974 tibi
2453 2921 2608 2974 dolor
2651 2920 2852 2976 levior?
2883 2921 3080 2974 Tamen
3120 2922 3219 2975 etsi
3251 2921 3404 2975 dolor
3432 2922 3579 2976 fieret
3611 2923 3710 2976 hac

2133 3015 2338 3068 ratione
2357 3013 2539 3077 levior,
2565 3029 2629 3076 ne
2649 3014 2726 3067 sic
2749 3014 2956 3082 quidem
2981 3023 3249 3082 oporteret
3268 3015 3456 3068 anima:
3486 3015 3707 3069 salutem

2131 3105 2380 3175 prodere,
2411 3104 2584 3158 habita
2605 3106 2809 3160 ratione
2826 3106 3134 3160 consolandi
3155 3107 3394 3174 corporis
3415 3125 3426 3160 :
3454 3122 3593 3160 nunc
3609 3123 3706 3159 au—

2135 3207 2237 3250 tem
2270 3211 2373 3251 non
2402 3196 2568 3250 modo
2589 3212 2692 3250 non
2737 3196 2938 3251 levatur
2980 3196 3152 3261 dolor,
3184 3198 3276 3251 sed
3301 3181 3467 3252 etiam
3497 3198 3707 3266 gravior

2133 3287 2387 3342 redditur.
2431 3287 2562 3341 Nam
2590 3303 2710 3342 eum
2736 3287 2878 3342 videt
2915 3288 3156 3342 diabolus
3199 3303 3256 3342 se
3293 3290 3525 3358 potuisse
3565 3299 3615 3344 te
3638 3290 3704 3343 ad

2133 3379 2514 3448 blasphemiam
2538 3379 2824 3444 adducere,
2853 3377 3051 3434 fornaci
3087 3381 3259 3450 ignem
3285 3383 3449 3450 magis
3471 3382 3703 3450 subjicit,

2129 3479 2184 3522 et
2225 3470 2465 3525 dolorem
2507 3471 2799 3535 succendit,
2846 3481 2903 3525 ut
2945 3471 3061 3540 ejus
3101 3473 3420 3527 desiderium
3462 3474 3700 3542 impleas.

2131 3559 2289 3629 Ergo,
2313 3561 2448 3614 sicut
2474 3560 2603 3625 dixi,
2630 3561 2788 3615 etiam
2811 3563 2852 3615 si
2881 3562 3160 3625 levaretur,
3186 3579 3288 3616 non
3312 3573 3578 3632 Oportcret
3602 3563 3701 3618 hoc

2129 3653 2336 3707 facere:
2369 3653 2580 3722 quando
2615 3664 2791 3708 autem
2825 3653 2953 3707 nihil
2995 3654 3124 3706 lucri
3171 3655 3316 3719 facis,
3349 3655 3470 3724 quid
3515 3656 3702 3709 attinet

2130 3748 2351 3814 teipsum
2381 3745 2658 3800 occidere?
2685 3748 2750 3799 At
2771 3760 2874 3799 non
2904 3755 3052 3815 potes
3074 3745 3281 3798 tacere?
3319 3746 3426 3799 Deo
3451 3762 3576 3816 ergo
3604 3762 3702 3816 age

2125 3840 2352 3907 gratias:
2378 3839 2540 3892 Deum
2567 3839 2737 3908 gloria
2761 3847 2814 3892 et
2843 3837 3044 3892 honore
3083 3838 3254 3902 allice,
3303 3839 3390 3908 qui
3433 3848 3483 3892 te
3517 3841 3702 3906 |robat

2127 3933 2177 3984 in
2208 3931 2440 3985 fornace.
2473 3931 2576 3985 Pro
2607 3930 2931 4000 blasphemia
2972 3946 3035 3985 ex
3078 3945 3170 3984 ore
3211 3941 3300 3984 tuo
3340 3930 3559 4000 prodeat
3608 3931 3698 3984 Dei

2124 4025 2310 4094 gloria.
2339 4023 2412 4078 Ita
2437 4033 2489 4078 et
2517 4039 2704 4092 magna
2729 4034 2811 4077 est
2833 4039 3056 4084 merces,
3080 4034 3132 4078 et
3159 4024 3346 4077 vulnus
3369 4023 3595 4078 eflicitur
3625 4024 3702 4078 le-

2128 4116 2260 4171 vius.
2295 4115 2374 4168 Ad
2401 4113 2647 4169 eumdem
2676 4129 2884 4184 quoque
2913 4115 3127 4168 modum
3157 4114 3339 4167 beatus
3363 4113 3451 4168 ille
3478 4115 3699 4181 loquens

2124 4205 2351 4267 dicebat,
2383 4201 2629 4258 Dominus
2647 4204 2802 4269 dedit,
2835 4201 3083 4256 Dominus
3110 4203 3313 4256 abstulit
3331 4202 3470 4274 (Job.
3498 4204 3549 4256 1.
3578 4202 3694 4271 ﬁl).

2125 4296 2189 4350 Et
2219 4311 2437 4350 rursus:
2465 4295 2528 4350 Si
2554 4295 2682 4348 bona
2710 4311 2771 4348 ea:
2799 4311 2948 4347 manu
2991 4292 3195 4347 Domini
3225 4294 3527 4362 accepimus,
3562 4295 3696 4347 mala

2124 4404 2224 4440 non
2251 4387 2601 4440 sustinebimus
2626 4384 2742 4456 (Job
2787 4385 2840 4439 2.
2868 4383 2995 4457 10)?
3020 4384 3123 4441 Sed
3156 4385 3305 4450 mihi,
3332 4386 3556 4455 inquies,
3589 4401 3695 4440 non

2122 4477 2266 4532 dedit
2290 4494 2439 4545 opes.
2470 4477 2642 4532 Minus
2666 4486 2746 4531 est
2774 4492 2898 4546 ergo
2931 4475 3143 4530 vulnus.
3175 4476 3286 4529 Non
3315 4478 3455 4530 enim
3494 4477 3697 4545 arquale

2121 4581 2203 4626 est
2227 4570 2410 4624 nudari
2439 4569 2650 4639 opibus,
2671 4583 2792 4623 eum
2819 4583 2910 4622 eas
2937 4568 3254 4636 possederis.
3285 4577 3338 4621 et
3367 4583 3486 4622 cum
3511 4581 3695 4621 earum

2123 4678 2408 4732 numquam
2436 4661 2725 4730 perieulum
2756 4659 2963 4724 feceris,
2983 4659 3158 4714 vivere
3182 4659 3231 4712 in
3252 4659 3448 4728 inopia.
3477 4659 3534 4713 Si
3553 4659 3694 4712 enim

2122 4754 2346 4806 aliorum
2375 4753 2548 4805 mala‘
2581 4751 2841 4815 videntes,
2874 4758 3065 4804 etcum
3089 4750 3200 4802 suis
3228 4751 3480 4803 :m'tnnuis
3508 4748 3694 4804 confe-

2121 4853 2318 4908 rentes,
2341 4843 2491 4898 multi
2517 4857 2771 4911 pauperes
2813 4856 2994 4894 eorum
3021 4841 3416 4907 comparatione
3457 4854 3550 4892 sua
3575 4854 3697 4895 esse

2120 4937 2359 5007 graviora
2389 4932 2958 5002 existimantzquando
3005 4946 3063 4985 se
3107 4946 3211 4984 non
3255 4945 3374 4985 eum
3416 4931 3554 4996 aliis,
3599 4932 3699 4986 sed

2121 5044 2240 5080 cum
2269 5026 2457 5094 scipsis
2497 5034 2829 5096 comparant,
2860 5022 3028 5089 c0gita
3062 5031 3206 5074 tanto
3237 5035 3354 5074 esse
3393 5023 3693 5090 graviorem

2121 5120 2380 5179 dolorem,
2408 5125 2602 5185 quanto
2627 5115 2786 5168 eflicit
2816 5113 3162 5182 experientia,
3191 5121 3248 5165 ut
3277 5113 3344 5165 sit
3369 5114 3538 5179 major
3567 5125 3692 5166 seu-

2120 5224 2212 5262 sus
2235 5207 2559 5277 privationis.
2591 5205 2662 5258 Ita
2689 5205 2845 5257 etiam
2869 5213 2948 5257 est
2974 5204 3167 5266 levius,
3197 5203 3262 5256 ab
3292 5202 3442 5255 initio
3472 5219 3575 5256 non
3601 5203 3692 5255 ha-

2123 5303 2298 5355 buisse
2329 5299 2542 5364 liberos,
2572 5312 2726 5368 quam
2757 5295 2835 5349 eis
2865 5294 3062 5359 orbari,
3094 5307 3212 5348 cum
3246 5295 3298 5364 ip
3311 5310 3388 5347 sos
3421 5293 3688 5348 habueris.

2119 5392 2232 5445 Non
2252 5400 2334 5446 est
2357 5391 2498 5444 enim
2521 5388 2713 5449 simile,
2749 5403 2852 5442 non
2896 5387 3189 5456 accepisse,
3218 5394 3271 5440 et
3291 5395 3568 5454 postquam
3599 5401 3692 5438 ac~

2119 5483 2342 5552 ceperis,
2371 5483 2446 5534 cis
2474 5495 2591 5535 esse
2620 5481 2896 5548 privatum.
2933 5477 3035 5532 Fer
3075 5493 3202 5547 ergo
3228 5491 3487 5547 generoso
3515 5477 3690 5529 animo

2185 5619 2198 5648 ι
2238 5624 2284 5665 In
2307 5614 2443 5664 savii.
2471 5615 2546 5663 lue
2571 5627 2730 5670 voces,
2755 5627 2812 5663 ac
2836 5610 3078 5675 patientia,
3093 5612 3289 5661 desunt.

2183 5681 2201 5708 ²
2236 5677 2435 5726 Savilius
2458 5684 2591 5737 putat
2611 5671 2889 5737 legendut'n,
2913 5675 3048 5732 bona,
3068 5681 3118 5722 et
3139 5683 3276 5737 certe
3293 5671 3472 5723 melius
3486 5673 3688 5736 quadra-

2122 5747 2197 5788 ret
2224 5754 2233 5787 :
2261 5739 2346 5788 δρα
2371 5734 2524 5786 omnia
2553 5734 2841 5798 exemplaria
2867 5737 3063 5794 habent,
3085 5734 3232 5784 mala.
