4134 6210
489 209 594 264 31ι9

484 325 693 392 λαϐεῖν,
719 330 808 385 καὶ
851 331 990 401 μετά
1019 333 1080 385 τὸ
1105 333 1292 388 λαϐεῖν
1326 337 1713 408 ἀφαιρεθῆναι.
1730 340 1866 410 Φέρε
1891 343 2070 396 τοίνυν

485 411 556 465 16
583 412 960 482 συμπίπτοντα
987 416 1165 471 πάντα
1187 419 1451 485 γενναίως
1471 435 1484 448 ο
1513 420 1670 473 τοῦτο
1691 421 1798 492 γάρ
1821 439 1901 476 σοι
1932 442 2071 495 μαρ-

487 495 673 578 τύριόν
705 499 873 550 ἐστιν.
919 497 996 553 Οὐ
1015 499 1124 570 γὰρ
1162 501 1252 553 τὸν
1283 501 1639 571 κελευόμενον
1671 503 1867 568 θῦσαι,
1902 507 1963 559 τὸ
1995 508 2071 578 μὴ

489 577 672 644 θῦσαι,
709 581 844 634 ἀλλά
879 583 1282 655 καταξανθῆναι
1317 586 1538 655 μᾶλλον,
1567 587 1599 656 ἢ
1631 588 1789 641 τοῦτο
1826 577 2070 660 ποιῆσαι,

488 667 637 717 ποιεί
664 666 962 739 μαρτύριον
1001 669 1159 740 μόνον
1179 687 1192 700 ο
1222 669 1357 722 ἀλλά
1396 669 1491 722 καὶ
1523 669 1582 722 τὸ
1625 671 1726 740 τῆς
1767 673 1961 744 ὀδύνης
1992 677 2072 738 εἰς

492 747 843 820 βλασφημίαν
883 753 1218 823 ἐξαγούσης.
1266 751 1482 806 ἑλέσθαι
1544 755 1950 826 ἐγκαρτερῆσαι
1993 759 2071 828 τῷ

491 831 658 901 πόνῳ,
687 833 778 884 καὶ
813 835 977 904 μηδὲν
1005 836 1219 904 ἀπηχὲς
1248 836 1444 898 εἰπεῖν,
1483 834 1737 906 μάρτυρα
1758 839 2068 907 ἐργάζεται.

504 915 656 967 Ἐπεὶ
693 917 786 968 καὶ
813 919 841 970 6
877 916 1017 981 Ἰὼϐ,
1050 918 1149 970 οὐκ
1181 917 1367 988 ἐπειδὴ
1399 918 1757 987 κελευόμενος
1778 921 1938 974 θῦσαι
1970 923 2071 974 οὐκ

493 995 670 1063 ἔθυσε,
696 999 784 1051 διὰ
823 998 982 1054 τοῦτο
1024 1001 1396 1070 ἐστεφανώθη,
1442 1002 1557 1055 ἀλλ’
1599 1003 1785 1074 ἐπειδὴ
1812 1005 2072 1073 γενναίως

493 1080 687 1148 ἤνεγκε
717 1081 815 1145 τὰς
861 1083 1073 1148 ὀδύνας.
1118 1086 1228 1138 K01
1264 1085 1475 1149 Παῦλος
1499 1085 1558 1139 δὲ
1591 1087 1842 1141 ἐντεῦθεν
1868 1088 2069 1158 ἀνεκη-

495 1161 732 1233 ρύττετο,
764 1165 875 1218 ἀπὸ
905 1166 1011 1219 τῶν
1037 1167 1352 1236 μαστίγων,
1389 1169 1498 1222 ἀπὸ
1528 1168 1638 1222 τῶν
1669 1169 1922 1240 θλίψεων,
1963 1170 2073 1223 ἀπὸ

488 1245 598 1298 τῶν
625 1246 801 1301 ἄλλων
828 1239 906 1301 ὧν
936 1250 1197 1320 ὑπέμεινε
1225 1252 1364 1322 μετά
1390 1239 1938 1325 εὐχαριστίαςζΤοὺς
1963 1255 2072 1305 πό-

489 1345 637 1395 νους
667 1329 787 1384 τῶν
825 1332 1072 1400 καρπῶν
1097 1351 1214 1388 σου
1246 1335 1506 1404 φάγεσαι
1527 1353 1540 1366 ο
1570 1334 1862 1403 μακάριος
1890 1331 1946 1388 εἴ
1972 1335 2073 1390 καί

488 1411 688 1480 καλῶς
719 1429 817 1468 σοι
847 1415 1039 1472 ἔσται.
1068 1417 1226 1481 Τίνος
1259 1418 1445 1472 ἕνεκεν
1476 1418 1820 1483 διπλασιάζει
1848 1419 1938 1473 τὸν
1970 1438 2074 1489 μα-

489 1497 797 1565 καρισμόν;
839 1497 1056 1569 Ἐπειδὴ
1089 1496 1231 1553 οἶδεν
1257 1500 1425 1553 αὐτοῦ
1455 1501 1516 1553 τὸ
1550 1501 1798 1571 μέγεθος,
1833 1504 2073 1574 ἐντρυφᾷ

489 1579 554 1647 τῇ
583 1579 852 1652 φαντασίᾳ
874 1580 968 1634 τοῦ
994 1582 1337 1653 πράγματος.
1364 1587 1473 1638 Καὶ
1494 1586 1544 1638 τί
1571 1588 1652 1651 τὸ,
1683 1585 1928 1653 Καλῶς;
1952 1588 2070 1640 εἰπέ

491 1676 602 1729 μοι.
635 1662 696 1714 Ἠ
720 1663 872 1732 γυνή
894 1679 1011 1718 σου
1035 1665 1304 1734 ἄμπελος
1329 1668 1674 1736 εὐθηνοῦσα
1698 1669 1768 1722 ἐν
1789 1669 1910 1736 τοῖς
1939 1670 2073 1724 κλί-

490 1758 619 1796 τεσι
641 1742 750 1811 τῆς
779 1747 971 1812 οἰκίας
991 1763 1128 1802 σου.
1156 1749 1348 1813 ¹Ἀλλος
1378 1751 1564 1820 φησὶν,
1590 1753 1686 1805 Ἑν
1708 1752 1830 1817 τοῖς
1850 1752 2072 1806 ἐσωτά-

489 1843 628 1891 τοις.
643 1827 854 1894 Ἀλλος,
873 1829 969 1883 Ἐν
988 1831 1109 1897 τοῖς
1123 1833 1356 1902 μηροῖς.
1381 1837 1504 1889 Υὶοί
1525 1850 1642 1890 σου
1663 1849 1689 1876 ει
1716 1837 1796 1900 ὡς
1811 1838 2074 1905 νεόφυτα

487 1909 706 1964 ἐλαιῶν
725 1913 929 1977 κύκλῳ
945 1914 1053 1983 τῆς
1069 1917 1359 1985 τραπέζης
1373 1935 1510 1974 σου.
1531 1920 1684 1974 Ἰδοὺ
1705 1922 1892 1986 οὕτως
1906 1924 2075 1974 εὐλο-

444 2001 470 2020 ‘
487 1996 812 2064 τηθήσεται
833 1998 1144 2067 ἅνθρωπος
1169 2005 1202 2056 ὀ
1225 2005 1595 2073 φοϐούμενος
1621 2005 1728 2058 τόν
1746 2007 1979 2072 Κύριον.
2006 2006 2048 2057 Τ
2056 2004 2072 2055 ί

489 2081 694 2149 λέγεις;
714 2082 832 2134 εἰπέ
852 2101 968 2153 μοι·
989 2084 1187 2139 τοῦτοὸ
1207 2089 1583 2158 μακαρισμός;
1602 2089 1759 2142 τοῦτο
1775 2090 1834 2142 τὸ
1850 2090 1910 2142 κέ
1921 2089 2069 2159 ρδος;

487 2166 666 2229 οἰκίας
694 2166 936 2238 εὐθηνία,
965 2170 1058 2222 καὶ
1084 2171 1146 2224 τὸ
1169 2171 1279 2224 τῶν
1300 2173 1514 2225 οἰκείων
1543 2173 1847 2228 ἀπολαῦσαι
1875 2175 2070 2238 πόνων,

488 2251 586 2304 καὶ
615 2251 818 2306 παίδων
849 2252 1068 2324 πλῆθος,
1100 2255 1126 2295 δ
1149 2257 1240 2309 καὶ
1257 2257 1426 2328 γυνή;
1462 2258 1536 2310 Οὐ
1565 2258 1740 2321 τοῦτο,
1761 2257 1895 2311 ἀλλά
1917 2258 2074 2312 τοῦτο

489 2335 555 2387 ὲκ
588 2334 924 2406 περιουσίας.
952 2337 1189 2405 Ζητεῖτε
1219 2339 1325 2410 γάρ
1348 2339 1584 2408 πρῶτον
1609 2341 1712 2408 τὴν
1745 2342 2073 2405 βασιλείαν

487 2414 610 2470 τῶν
656 2419 949 2483 οὐρανῶν,
990 2421 1086 2474 καί
1133 2423 1320 2477 ταῦτα
1361 2423 1562 2476 πάντα
1598 2423 2075 2492 προστεθήσεται

489 2500 652 2570 ὑμῖν.
689 2503 907 2575 Ἐπειδὴ
939 2501 1033 2558 οὖν
1053 2505 1427 2576 ἀτελεστέροις
1459 2506 1538 2560 ἔτι
1561 2507 1854 2576 διελέγετο,
1884 2508 2072 2579 ῶσπερ

489 2586 679 2640 παιδία
704 2588 880 2660 μικρά
911 2590 1020 2643 ἀπὸ
1041 2591 1149 2647 τῶν
1176 2591 1450 2660 αἰσθητῶν
1479 2592 1682 2658 ἐνάγει.
1703 2593 1812 2646 Καὶ
1837 2592 1912 2664 μὴ
1945 2593 2074 2645 θαυ-

492 2671 694 2742 μάσῃς.
731 2673 794 2725 Εἰ
824 2672 933 2745 γὰρ
967 2675 1180 2739 Παῦλος
1203 2675 1362 2728 τοῦτο
1398 2678 1543 2729 ποιεῖ
1573 2679 1631 2729 ὲν
1659 2675 1738 2747 τῷ
1774 2675 1950 2748 καιρῷ
1973 2677 2072 2748 τῆς

487 2755 756 2826 τοσαύτης
780 2755 1093 2826 φιλοσοφίας
1118 2759 1252 2829 πρὸς
1274 2759 1398 2822 τοὺς
1415 2759 1494 2812 ἔτι
1516 2760 1690 2830 χαμαὶ
1717 2760 2030 2830 βαδίζοντας
2045 2771 2068 2798 ο

490 2841 598 2894 ἀπὸ
624 2841 828 2894 τούτων
849 2841 1226 2913 διαλεγόμενος
1245 2857 1258 2873 ⁸
1282 2843 1461 2915 πολλῷ
1488 2845 1687 2915 μᾶλλον
1708 2847 1736 2898 6
1757 2847 2069 2918 Προφήτης.

490 2923 596 2978 K01
627 2925 732 2978 1106
767 2925 923 2979 10610
945 2928 974 2979 6
1024 2927 1232 2990 Παῦλος
1271 2930 1414 2980 ποιεί
1441 2945 1455 2993 ;
1486 2928 1784 3000 Πολλαχοῦ.
1817 2931 1927 2985 Καὶ
1963 2930 2072 3000 γὰρ

490 3009 620 3061 ὅταν
649 3009 779 3080 11591
810 3009 1106 3080 παρθενίας
1127 3010 1464 3082 διαλέγηται,
1483 3011 1633 3064 οὐδὲν
1665 3013 1792 3084 περὶ
1816 3011 1924 3066 τῶν
1949 3013 2074 3082 μελ-

493 3088 694 3145 λόντων
719 3091 903 3150 αὐτοῖς
935 3091 1085 3162 λέγει
1106 3110 1120 3124 ο
1153 3093 1290 3147 ἀλλά
1337 3094 1438 3165 τὴν
1475 3094 1796 3166 ἀπαλλαγὴν
1825 3095 1932 3148 τῶν
1965 3097 2074 3149 ἀπὸ

490 3171 582 3223 τοῦ
599 3172 776 3240 γάμου
810 3173 1252 3246 προσγινομένων
1278 3176 1538 3248 λυπηρῶν
1563 3176 1721 3248 μόνον
1744 3175 1948 3249 τίθησισ
1981 3177 2077 3231 καὶ

489 3257 618 3309 ὅταν
647 3255 705 3309 δὲ
730 3256 858 3328 περὶ
885 3258 984 3328 τῆς
1005 3259 1085 3322 εἰς
1113 3261 1308 3328 γονέας
1328 3263 1514 3334 τιμῆς,
1537 3262 1616 3334 τῷ
1637 3263 1786 3334 αὐτῷ
1808 3264 2076 3336 κέχρηται

490 3341 696 3411 τρόπῳ,
727 3339 868 3396 οὕτω
899 3341 1092 3410 λέγων’
1137 3345 1300 3411 Ἦτις
1326 3347 1496 3401 ἐστὶν
1524 3348 1744 3416 ἐντολὴ
1781 3349 1978 3418 πρώτη
2007 3350 2078 3403 ἐν

493 3423 621 3489 ταῖς
654 3424 1059 3495 ἐπαγγελίαις.
1083 3429 1178 3493 Τίς
1209 3429 1266 3483 δέ
1297 3432 1444 3484 ἐστιν
1479 3433 1512 3503 ή
1545 3431 1762 3500 ὲντολή;
1797 3433 1940 3502 Τίμα
1970 3433 2078 3487 τὸν

491 3504 720 3573 πατέρα
746 3522 864 3560 σου
895 3509 992 3561 καὶ
1022 3506 1138 3574 τὴν
1158 3508 1387 3578 μητέρα
1415 3526 1552 3575 σου,
1575 3512 1673 3564 καί
1701 3512 1820 3584 ἔσῃ
1852 3531 2075 3582 μακρο-

493 3589 737 3659 χρόνιος
758 3589 858 3642 ἐπί
895 3589 1006 3658 τῆς
1036 3589 1167 3660 γῆς.
1203 3591 1362 3645 Ἀλλά
1401 3594 1493 3647 καὶ
1537 3594 1665 3648 ὅταν
1702 3598 1831 3665 περὶ
1865 3597 1966 3667 τῆς
1993 3600 2074 3663 εἰς

492 3674 620 3735 τοὺς
649 3672 880 3744 ἐχθροὺς
916 3672 1069 3745 ἱὸϐὅ]
1101 3674 1419 3744 φιλοσοφίας
1453 3677 1660 3750 γράφῃ,
1693 3679 1855 3733 πάλιν
1880 3680 2074 3750 αἰσθη-

491 3755 584 3808 τὸν
613 3755 826 3828 τίθησιν
856 3756 1109 3822 ἔπαθλον,
1139 3757 1344 3827 λέγων·
1378 3759 1556 3814 Τοῦτο
1588 3761 1698 3831 γὰρ
1735 3761 1942 3829 ποιῶν,
1967 3763 2074 3818 ἆν-

492 3844 716 3907 θρακας
741 3840 931 3908 πυρὸς
953 3842 1279 3909 σωρεύσεις
1298 3842 1398 3896 ἐπί
1417 3842 1533 3911 τὴν
1560 3845 1836 3914 κεφαλὴν
1863 3847 2069 3901 αὐτοῦ.

506 3923 646 3976 Ἀλλ’
672 3926 700 3977 6
723 3924 957 3994 X9:016;
980 3923 1008 3963 ἀ
1039 3925 1136 3996 οὐχ
1167 3925 1344 3991 οὕτως
1368 3943 1381 3956 °
1411 3927 1534 3981 οὐδὲ
1571 3928 1680 4000 769
1721 3929 1883 3994 0616;
1913 3930 2075 3984 ἀσθε-

493 4007 966 4076 νέσιδιαλέγεταιο
999 4008 1113 4062 ἀλλ’
1141 4009 1234 4062 ἐπὶ
1265 4010 1364 4081 μὲν
1408 4013 1474 4081 τῇ
1523 4012 1791 4084 παρθενίᾳ
1831 4013 1928 4086 τὴν
1974 4014 2074 4085 βα-

495 4091 700 4146 σιλείαν
748 4091 960 4162 τίθησιν
985 4133 997 4157 ,
1045 4094 1137 4146 ἐπὶ
1172 4092 1229 4146 δὲ
1271 4093 1351 4163 τῷ
1391 4095 1517 4158 τοὺς
1563 4096 1790 4167 ἐχθροὺς
1830 4099 2072 4170 ἀγαπᾷν,

489 4175 553 4229 τὸ
582 4175 837 4245 γενέσθαι
867 4175 1085 4246 ὁμοίους
1133 4176 1212 4247 τῷ
1259 4175 1398 4248 Θεῷ,
1431 4177 1507 4242 ὼς
1553 4179 1873 4250 ἀνθρώπους
1913 4182 2074 4247 ὄντας

490 4259 714 4330 ὁμοίους
741 4260 992 4328 γενέσθαι
1022 4259 1120 4313 ἔνι.
1158 4260 1367 4331 Ὠσπερ
1395 4257 1490 4315 οὖν
1517 4263 1612 4316 καὶ
1645 4266 1702 4318 ὲν
1728 4268 1794 4336 τῇ
1840 4266 2070 4338 Παλαιᾷ,

490 4343 621 4396 ἔνθα
648 4342 736 4396 6:6
767 4341 874 4395 τῶν
907 4342 1181 4412 αἰσθητῶν
1210 4343 1430 4413 ἠγοντο,
1454 4346 1579 4408 τοὺς
1601 4345 1910 4414 φιλοσοφεῖν
1937 4351 2072 4403 εἰδό-

491 4443 592 4489 τας
622 4425 732 4480 ἀπὸ
773 4427 884 4479 τῶν
939 4426 1201 4494 μειζόνων
1244 4425 1487 4498 ὀιῖκόμεθα
1533 4429 1916 4500 ὲναγομένους.
1970 4431 2074 4487 Καὶ

493 4509 651 4564 τοῦτο
669 4509 844 4581 δηλῶν
865 4512 892 4563 ὀ
914 4509 1124 4572 Παῦλος
1147 4510 1302 4580 ἔλεγε
1319 4527 1332 4540 ο
1364 4511 1526 4565 Κατὰ
1543 4512 1750 4565 πίστιν
1770 4514 2074 4570 ἀπέθανον

490 4587 657 4648 οὗτοι
678 4591 765 4661 μὴ
803 4591 1189 4661 κομισάμενοι
1219 4593 1324 4659 τὰς
1355 4594 1734 4663 ἐπαγγελίας,
1751 4598 1912 4652 ἀλλὰ
1933 4601 2074 4668 πόῤ-

485 4677 679 4744 ῥωθεν
701 4675 886 4743 αὐτὰς
918 4675 1147 4741 ἰδόντες
1172 4677 1271 4729 καί
1301 4675 1745 4746 ἀσπασάμενοι.
1778 4681 1853 4733 Οὐ
1895 4683 2074 4738 τοίνυν

491 4760 521 4812 6
545 4758 734 4828 μισθὸς
763 4759 872 4811 τῶν
907 4759 1254 4830 φοϐουμένων
1284 4759 1374 4812 τὸν
1402 4761 1534 4814 Θεὸν
1561 4750 1712 4827 0610;
1748 4765 1930 4835 μόνος,
1965 4769 2073 4822 τῶν

491 4843 708 4896 οἰκείων
725 4845 759 4912 ή
785 4843 1106 4908 ἀπόλαυσις,
1137 4846 1230 4898 καὶ
1251 4844 1408 4916 γυνὴ,
1434 4847 1526 4898 καὶ
1552 4847 1755 4911 παῖδες.
1784 4850 1877 4902 x01
1907 4851 2071 4922 εὐθη-

491 4927 581 4980 νία
628 4925 840 4990 οἰκίας·
880 4927 1016 4980 ἀλλὰ
1050 4928 1222 4982 ταῦτα
1255 4930 1352 5000 μὲν
1395 4930 1460 4983 ἐκ
1502 4931 1816 5002 περιουσίας
1867 4935 1962 4987 καὶ¹
2014 4939 2072 4990 ὲν

489 5010 643 5077 τάξει
701 5009 1060 5082 προσθήκης·
1110 5012 1180 5066 16
1226 5013 1284 5068 δὲ
1335 5013 1606 5084 κεφάλαια
1655 5018 1749 5069 καὶ
1779 5019 1990 5087 μεγάλα
2024 5032 2069 5089 ε,

490 5096 708 5168 πρῶτον
742 5095 841 5166 μὲν
877 5094 896 5134 ί
927 5097 1058 5151 αὐτὸ
1091 5097 1151 5151 τὸ
1184 5097 1466 5168 φοϐεῖσθαι
1497 5100 1586 5154 τὸν
1623 5101 1775 5166 Θεὸν,
1809 5105 1866 5156 ὲν
1895 5105 2072 5177 ἐαυτῷ

489 5180 588 5252 τὴν
609 5180 842 5252 ἀμοιϐὴν
857 5181 978 5252 ἔχον
999 5199 1013 5214 ο
1045 5182 1236 5236 ἔπειτα
1259 5183 1316 5236 δὲ
1337 5183 1432 5237 καὶ⁹
1455 5183 1524 5237 τὰ
1547 5185 1835 5257 ἀπόρρητα
1860 5189 2067 5257 ἐκεῖνα,

551 5275 578 5303 ⁸
602 5276 753 5326 Savil.
775 5280 821 5325 οἰ
855 5278 950 5327 υἱοί
973 5296 1080 5328 σου.

551 5335 1050 5424 ξέἑξέιξξῖιθητεξξς-
1068 5341 1619 5424 ,εξίῑέειι
1638 5359 1916 5424 perperam
1945 5347 2074 5398 Infra

483 5396 838 5472 ἀσθενεστέροις
863 5402 1036 5472 M9131:
1059 5405 1157 5454 Alii
1182 5417 1300 5472 velo
1327 5396 1499 5472 ofnnes
1516 5396 1852 5472 ἀτελέστέροις.

554 5463 578 5535 ξ
601 5461 757 5535 ἓξνίίζ
777 5465 933 5535 χαμαί
955 5466 1227 5535 βλέποντας.
1245 5465 1398 5517 Paulo
1422 5473 1534 5530 post
1553 5471 1685 5522 idem
1705 5461 1897 5530 Παῦλος
1919 5472 2072 5535 ποιεῖς

487 5521 580 5591 καὶ.
593 5521 821 5591 ἀλλαχοῦ.
954 5521 1060 5591 γάρ.

553 5584 584 5621 ά
613 5584 772 5653 βαιξίί.
798 5584 975 5653 αὐτοῦ’
999 5584 1058 5638 Ὅ
1079 5591 1130 5639 δὲ
1150 5590 1371 5653 Χριστός.

557 5655 592 5714 ξ
781 5649 1015 5714 κεφάλαια
1043 5647 1243 5714 μεγάλα.

571 5702 592 5741 ί
615 5705 764 5756 Smil.
795 5702 876 5771 μὲν
901 5709 998 5758 οὖν.

1169 214 1530 275 8.]ΟΑΝΝ18
1567 219 2055 279 CIIRYSOSTOMI
2090 225 2409 282 ARCIIIEP.
2451 226 2998 282 CONSTANTINOP.

3653 233 3760 292 3‘30

2185 348 2244 398 "A
2279 345 2588 414 ὀφθαλμὸς
2616 346 2726 397 οὐκ
2769 339 2910 409 εἶδε,
2953 343 3047 396 καὶ
3081 339 3191 409 οὖς
3228 345 3338 397 οὐκ
3370 342 3622 411 ἤκουσε,
3662 350 3765 404 καὶ

2175 427 2274 480 ἐπὶ
2312 427 2563 496 καρδίαν
2585 426 2896 493 ἀνθρώπου
2920 428 3030 479 οὐκ
3069 425 3273 493 ἀνέϐη.
3307 428 3657 498 Εὐλοτήσαι
3687 447 3768 490 σε·

2179 509 2392 576 Κύριος
2424 509 2490 562 ἐκ
2518 506 2690 571 Σιὼν,
2719 507 2818 560 καί
2849 507 2999 572 ιὸοις
3031 506 3102 560 τὰ
3127 507 3318 576 ἀγαθὰ
3340 509 3758 581 Ἰερουσαλήμ.

2178 593 2425 664 Ἕτερος,
2445 592 2551 645 Καὶ
2574 591 2683 658 ὅρα
2702 591 2771 643 ἐν
2795 589 3035 659 ἀγαθοῖς
3063 589 3460 660 Ἰερουσαλήμ
3480 593 3528 644 ⁸.
3557 593 3754 663 Ἀγαθᾶ

2176 676 2274 748 τὴν
2303 676 2459 729 πόλιν
2487 675 2660 743 λέγει,
2697 673 2788 726 τὸν
2829 672 3052 726 πλοῦτον
3073 713 3086 735 ,
3133 675 3232 744 τὴν
3275 675 3630 745 εὐπρέπειαν,
3664 679 3757 742 16;

2176 760 2352 822 νίκας,
2390 759 2487 820 τὰς
2528 755 2714 826 τιμάς,
2759 755 2855 825 τὴν
2886 755 3160 827 εὐθηνίαν,
3191 757 3290 828 τὴν
3319 758 3630 828 εὐετηρίαν,
3662 760 3758 831 τὴν

2176 843 2498 908 ἀσφάλειαν,
2527 842 2627 912 τὴν
2657 841 2901 910 εἰρήνην.

2245 925 2310 978 δ’.
2341 925 2550 990 Πάσας
2574 925 2676 988 τὰς
2709 923 2934 992 ἡμέρας
2959 920 3065 988 τῆς
3090 919 3236 988 ζωῆς
3273 938 3410 976 σου.
3451 923 3649 986 Καλῶς
3689 928 3757 996 τῇ

2177 1007 2464 1080 προσθήκῃ
2490 1008 2601 1059 τῶν
2631 1007 2856 1077 ἡμερῶν
2895 1007 3177 1076 κέχρηται.
3209 1007 3319 1060 K01
3352 1007 3460 1078 769
3483 1009 3760 1065 καὶτοῦτο

2180 1091 2414 1161 μάλιστα
2445 1093 2670 1161 σημεῖον
2701 1087 2768 1160 ῆν
2806 1089 2900 1142 τοῦ
2931 1089 3080 1160 παρά
3116 1088 3214 1142 106
3240 1090 3374 1143 Θεοῦ
3402 1091 3430 1130 ιι
3462 1093 3637 1146 ταῦτα
3677 1093 3755 1146 δίο

2174 1172 2385 1239 δοσθαι,
2413 1174 2633 1243 καὶτῆς
2681 1173 2936 1243 προνοίας
2971 1170 3137 1225 06106
3182 1171 3409 1241 δεῖγμα,
3452 1173 3513 1226 τὸ
3548 1174 3623 1245 μὴ
3654 1174 3760 1229 πά-

2179 1273 2330 1327 σχειν
2355 1274 2407 1310 τι
2458 1254 2818 1327 ἀνθρώπινον,
2860 1255 2994 1327 μηδὲ
3045 1256 3428 1324 μεταπίπτειν,
3463 1259 3558 1310 καὶ
3595 1276 3759 1328 μετα-

2178 1339 2339 1411 ϐολὴν
2371 1341 2686 1410 ὑπομένειν,
2718 1339 2856 1410 πλὴν
2898 1340 3079 1392 είποτε
3111 1339 3388 1408 ὀργισθεὶς
3417 1341 3556 1394 0616
3585 1341 3759 1395 διέκο-

2175 1422 2264 1492 ψε.
2299 1423 2411 1476 Καὶ
2433 1423 2583 1488 ἴδοις
2608 1423 2781 1488 υἱοὺς
2809 1420 2926 1474 τῶν
2958 1421 3106 1475 υἱῶν
3125 1439 3260 1475 σου.
3288 1423 3398 1476 K01
3426 1423 3530 1494 μὴν
3551 1424 3755 1488 πολλοὶ,

2179 1506 2332 1575 φησὶ,
2358 1505 2682 1575 φοϐούμενοι
2703 1505 2792 1558 τὸν
2821 1505 2953 1557 Θεὸν
2975 1507 3031 1558 ὲν
3057 1505 3280 1576 ἀπαιδίᾳ
3308 1506 3630 1560 διετέλεσαν.
3647 1509 3759 1562 Καὶ

2174 1589 2228 1640 τί
2270 1589 2459 1648 τοῦτο;
2494 1590 2566 1641 Οὐ
2609 1590 2718 1660 769
2751 1588 2837 1642 ἐπὶ
2891 1590 3003 1651 τοῖς
3045 1587 3308 1658 παροῦσιν
3347 1584 3754 1660 ἀπεδυσάμεθα,

2177 1670 2313 1723 ἀλλὰ
2342 1672 2768 1742 προηγουμένως
2797 1670 2912 1742 ’μὲν
2949 1671 3042 1723 ἐπὶ
3084 1669 3162 1740 τῷ
3199 1671 3452 1741 ἀρέσκειν
3484 1671 3561 1742 τῷ
3599 1672 3755 1742 Θεῷ*

2176 1755 2368 1808 ἔπειτα
2393 1755 2449 1808 δὲ
2485 1756 2577 1807 ἐπὶ
2623 1757 2744 1818 ταῖς
2781 1754 3100 1825 μελλούσαις
3129 1753 3328 1807 ἐλπίσι.
3360 1755 3471 1808 Καὶ
3506 1755 3626 1808 τότε
3657 1755 3756 1826 μὲν

2176 1838 2349 1890 ταῦτα
2371 1833 2438 1907 ῆν
2471 1837 2540 1890 16
2568 1837 2806 1890 ἔπαθλα·
2841 1837 2935 1890 νῦν
2966 1837 3020 1890 δὲ
3048 1837 3274 1906 οὐρανὸς
3303 1838 3396 1890 x01
3419 1838 3486 1890 16
3511 1840 3567 1891 ἐν
3592 1840 3758 1910 οὐρα-

2178 1925 2290 1984 νοῖς
2315 1920 2518 1989 ἀγαθά.
2553 1921 2615 1974 Εἰ
2640 1921 2695 1974 δὲ
2729 1920 2804 1992 μὴ
2835 1920 2990 1991 ἔσχες
3014 1919 3228 1984 παῖδας,
3252 1921 3280 1972 6
3312 1919 3638 1990 φοϐούμενος
3663 1921 3758 1974 τὸν

2175 2006 2327 2072 Θεὸν,
2346 2007 2508 2060 πόθεν
2535 2004 2710 2071 οἶσθα,
2736 2010 2784 2061 εἰ
2818 2008 2891 2079 μὴ
2915 2007 3014 2076 τῆς
3041 2006 3345 2078 εὐπραγίας
3371 2005 3571 2077 ταύτης
3594 2006 3758 2077 ἔτερα

2180 2092 2400 2160 μείζονα
2424 2091 2623 2145 ἔδωκεν
2644 2109 2657 2157 ;
2682 2093 2757 2144 U6
2784 2091 2892 2162 769
2913 2091 2993 2144 ἐνὶ
3013 2091 3199 2162 τρόπῳ
3229 2090 3434 2154 πάντας
3456 2091 3753 2162 εὐεργετεῖ,

2176 2174 2311 2228 ἀλλά
2329 2175 2623 2246 διαφόρως,
2645 2174 2897 2238 πλούσιος
2925 2173 3020 2228 ὢν.
3043 2175 3202 2227 Πόσοι
3225 2175 3416 2238 παῖδας
3441 2176 3754 2245 ἐσχηκότες,

2174 2259 2302 2320 τοὺς
2325 2258 2424 2312 οὐκ
2454 2257 2682 2328 ἔχοντας
2708 2259 3086 2330 ὲμακάρισαν;
3114 2259 3268 2312 πόσοι
3299 2257 3526 2312 πλοῦτον
3554 2259 3758 2330 κτησά-

2179 2359 2349 2412 μενοι,
2375 2342 2484 2396 τῶν
2510 2348 2758 2414 πενήτων
2786 2341 3112 2413 ἀθλιώτερον
3138 2342 3472 2407 κατέλυσαν;
3499 2341 3652 2394 πόσοι
3672 2341 3757 2394 66-

2177 2426 2273 2496 ξης
2315 2427 2723 2492 ἀπολαύσαντες
2747 2467 2762 2490 ,
2811 2427 3063 2496 καθάπερ
3113 2426 3357 2496 μαχαίρᾳ
3388 2424 3560 2496 ταύτῃ
3597 2439 3757 2494 περι-

2177 2511 2494 2580 επάρησαν,
2538 2511 2634 2564 καὶ
2664 2509 2732 2563 16
2769 2510 3044 2579 ἀνήκεστα
3077 2508 3414 2574 πεπόνθασι;
3460 2507 3547 2578 Μὴ
3594 2507 3657 2576 δὴ
3689 2506 3758 2560 16

2179 2592 2482 2664 πράγματα
2526 2592 2714 2664 ζήτει,
2753 2592 2886 2663 μηδὲ
2929 2591 3152 2644 ἀπαίτει
3189 2590 3280 2643 τὸν
3331 2591 3463 2644 Θεὸν
3505 2589 3755 2653 εὐθύνας,

2175 2675 2309 2730 ἀλλὰ
2358 2677 2536 2729 πάντα
2589 2676 2721 2748 φέρε
2757 2675 3020 2744 γενναίως
3048 2674 3143 2727 καὶ
3189 2672 3329 2744 μετά
3371 2672 3755 2744 εὐχαριστίας’

2179 2757 2378 2829 μᾶλλον
2405 2760 2461 2812 δὲ
2498 2759 2692 2830 μηδενὶ
2715 2759 2824 2812 τῶν
2851 2758 3137 2828 παρόντων
3166 2757 3506 2828 προαήλωσο.
3527 2755 3625 2809 Διά
3648 2756 3758 2828 γὰρ

2175 2842 2338 2896 τοῦτο
2381 2843 2638 2913 τοιαύτην
2689 2841 3016 2912 ὲκελεύσθης
3069 2839 3322 2911 εὔχεσθαι
3369 2840 3565 2912 εὐχὴν,
3605 2841 3664 2894 ὲν

2179 2926 2340 2995 μόνον
2379 2925 2438 2978 ἓν
2478 2927 2686 2996 αἰτημα
2720 2924 2976 2995 αἰσθητὸν
3007 2926 3196 2988 αἰτεῖς,
3245 2923 3338 2978 καὶ
3384 2922 3544 2975 πλέον
3583 2922 3754 2978 οὐδέν.

2178 3007 2328 3080 1564]
2356 3007 2515 3061 Ἀλλά
2539 3010 2630 3062 καὶ
2663 3008 2821 3061 τοῦτο
2850 3007 2926 3078 τῷ
2963 3007 3146 3080 μέτρῳ
3178 3008 3338 3061 πάλιν
3367 3007 3574 3076 γίνεται
3602 3023 3760 3060 πνευ-

2180 3091 2428 3162 ματικόν.
2455 3091 2536 3144 T6
2573 3093 2672 3162 μὲν
2703 3091 2813 3163 γὰρ
2845 3090 2980 3146 ἄλλα
3013 3091 3190 3144 πάντα
3224 3093 3355 3162 περὶ
3392 3089 3635 3162 οὐρανῶν
3664 3089 3758 3143 καὶ

2175 3174 2273 3242 τῆς
2325 3173 2442 3225 ἐκεῖ
2486 3171 2796 3242 βασιλείας,
2838 3173 2933 3226 καὶ
2969 3172 3066 3242 τῆς
3110 3171 3372 3243 ἀκριϐοῦς
3404 3172 3419 3211 ί
3451 3171 3756 3236 πολιτείας,

2176 3257 2268 3310 καὶ
2289 3257 2392 3326 τῆς
2416 3257 2526 3311 τῶν
2559 3258 2977 3328 ἁμαρτημάτων
3000 3255 3316 3327 ἀπαλλαγῆς
3347 3257 3478 3326 ἡμῖν
3507 3256 3718 3327 εἰρηται
3741 3270 3756 3284 ο

2176 3341 2316 3412 ὑπὲρ
2337 3341 2393 3396 δὲ
2415 3341 2688 3413 αἰσθητῶν
2711 3342 2838 3413 μίαν
2857 3341 3004 3406 λέξιν
3023 3340 3356 3409 κελευόμεθα
3381 3339 3578 3408 λέγειν.
3593 3338 3758 3392 Ποίαν

2173 3423 2232 3476 δὲ
2273 3424 2514 3497 ταύτην;
2566 3425 2675 3478 Τὸν
2707 3424 2890 3492 ἄρτον
2932 3422 3102 3492 ημῶν
3141 3423 3249 3476 τὸν
3299 3423 3612 3477 ἐπιούσιον
3652 3422 3759 3488 δὸς

2176 3506 2322 3576 ἡμῖν
2350 3507 2639 3577 σήμερον,
2666 3509 2756 3561 καὶ
2785 3507 2946 3560 πλέον
2980 3507 3132 3560 οὐδέν
3157 3502 3201 3560 i.
3241 3506 3458 3578 Ἐπειδὴ
3483 3506 3590 3577 γάρ
3621 3505 3761 3575 πρὸς

2176 3589 2367 3660 ἑτέραν
2396 3591 2579 3644 λοιπὸν
2603 3591 2917 3660 καλούμεθα
2951 3590 3206 3662 πατρίδα,
3243 3591 3334 3642 καὶ
3364 3589 3499 3660 πρὸς
3534 3587 3759 3658 μείζονα

2180 3672 2594 3744 μετεταξάμεθα
2629 3673 2798 3746 ζωὴν,
2837 3674 2932 3728 καὶ
2973 3672 3072 3736 τὰς
3101 3674 3346 3742 αἰτήσεις
3389 3671 3758 3742 καταλλήλους

2176 3757 2360 3829 ἐκείνῃ
2391 3758 2470 3810 δεῖ
2519 3758 2822 3812 ποιεῖσθαιο
2863 3756 3034 3811 ταῦτα
3079 3755 3137 3809 6‘5
3174 3755 3274 3810 κᾶν
3312 3755 3574 3828 ἐπιρρέῃ,
3618 3755 3760 3826 μετά

2178 3839 2381 3910 πολλῆς
2409 3841 2510 3912 τῆς
2545 3840 2831 3912 ἀκριϐείας
2858 3839 3262 3912 διακρούεσθαι.

2249 3925 2472 3994 Εἰρήνη
2503 3926 2602 3979 ἐπὶ
2630 3925 2737 3979 τὸν
2780 3924 3049 3994 Ἰσραήλ.
3087 3923 3300 3988 Ἀλλος,
3331 3923 3440 3977 Καί
3483 3923 3571 3977 ῑδε
3615 3923 3758 3992 τοὺς

2175 4008 2346 4074 υἱοὺς
2377 4006 2496 4062 τῶν
2540 4007 2688 4062 υἰῶν
2716 4025 2856 4072 σου,
2897 4007 3147 4075 εἰρήνην
3189 4006 3286 4060 ἐπὶ
3329 4007 3440 4060 τὸν
3490 4006 3755 4074 Ἰσραήλ.

2175 4091 2333 4145 Κατά
2362 4091 2541 4145 κοινοῦ
2580 4093 2612 4161 ή
2655 4092 2810 4162 εὐχή.
2851 4090 3022 4144 Τοῦτο
3055 4090 3164 4161 769
3197 4089 3430 4160 μάλιστα
3477 4089 3753 4156 ποθοῦσιν,

2177 4175 2270 4228 ἆτε
2305 4174 2499 4246 μακρῷ
2550 4174 2994 4245 τεταριχευμένοι
3036 4174 3275 4244 πολέμῳ.
3309 4174 3373 4226 Τί
3417 4173 3528 4244 γὰρ
3567 4173 3758 4242 δφελος

2177 4259 2360 4322 αὐτοῖς
2390 4258 2498 4313 τῶν
2531 4259 2726 4323 ἀλλων,
2753 4259 2977 4329 εἰρήνης
3002 4258 3102 4312 οὐκ
3135 4257 3333 4330 οὐσης;
3363 4258 3435 4310 T6
3460 4257 3640 4312 τοίνυν
3665 4272 3758 4312 κει

2178 4344 2402 4413 φάλαιον
2434 4343 2543 4396 τῶν
2596 4342 2818 4411 ἀγαθῶν
2847 4341 2954 4396 τῶν
2985 4343 3104 4395 τότε
3126 4382 3141 4406 ,
3191 4343 3285 4395 καὶ
3326 4341 3422 4412 τὴν
3455 4342 3756 4411 ἀσφάλειαν

2177 4427 2354 4480 αὐτῶν
2374 4423 2788 4495 ἐπαγγέλλεται,
2824 4425 2924 4497 τήν
2951 4427 3193 4497 εἰρήνην,
3224 4426 3318 4478 καὶ
3343 4423 3548 4495 ταύτην
3576 4425 3755 4496 διηνε-

2177 4509 2247 4579 κῆ
2268 4525 2284 4539 ·
2312 4509 2448 4581 ὅπερ
2478 4509 2712 4580 μάλιστα
2741 4511 2840 4580 τῆς
2867 4507 2960 4561 τοῦ
3010 4508 3144 4562 Θεοῦ
3173 4507 3430 4580 προνοίας
3484 4508 3664 4579 ἔργον,
3695 4509 3757 4564 16

2176 4594 2269 4646 καὶ
2293 4591 2474 4646 δοῦναι
2531 4593 2622 4646 καὶ
2674 4592 2748 4664 μὴ
2775 4593 2992 4661 ἀφεῖναι
3025 4591 3323 4645 διαπεσεῖν.
3386 4592 3604 4664 Ἐπειδὴ
3648 4593 3751 4664 769

2176 4675 2312 4746 αὐτὴ
2334 4675 2442 4728 τῶν
2463 4675 2818 4746 ἀνθρωπίνων
2839 4676 2872 4746 ή
2905 4673 3066 4743 φύσις
3096 4675 3292 4747 ρευστή
3319 4675 3405 4738 τίς
3430 4675 3546 4728 ἐστι
3574 4677 3668 4728 καὶ
3689 4675 3750 4730 οὐ

2174 4757 2422 4830 διαρκὴς,
2443 4757 2657 4821 δεικνὺς
2684 4759 2766 4810 ὅτι
2797 4759 2894 4828 οὐχ
2912 4756 3100 4821 ἀπλῶς
3133 4758 3317 4821 αὐτοῖς
3350 4758 3526 4811 ἔπεισι
3560 4758 3748 4814 ταῦτα,

2175 4841 2288 4896 ἀλλ’
2315 4841 2424 4895 6116
2465 4841 2564 4911 τῆς
2605 4840 2810 4895 ἀνωθεν
2842 4841 3031 4912 ῥοπῆς,
3055 4841 3150 4894 καὶ
3186 4841 3432 4906 νεύοντος
3457 4841 3550 4896 τοῦ
3597 4843 3745 4910 Θεοῦ,

2173 4924 2386 4992 Πάσας
2412 4926 2519 4991 τὰς
2556 4923 2780 4994 ἡμέρας
2813 4920 2955 4988 εἷπε,
3001 4926 3095 4977 καὶ
3123 4927 3346 4996 εἰρήνην
3394 4927 3747 4996 ἐπηγγείλατι

2173 5011 2391 5082 διαρκῆ.
2421 5011 2530 5063 K01
2552 5009 2742 5078 γέγονε
2763 5009 2940 5074 τοῦτο,
2970 5008 3031 5062 τὸ
3067 5007 3198 5077 γοῦν
3223 5011 3303 5071 εἰς
3324 5009 3416 5063 τόν
3443 5010 3574 5073 Θεὸν
3597 5005 3749 5081 ἧκον.

2173 5094 2238 5146 Εἰ
2272 5092 2328 5146 δὲ
2350 5093 2598 5163 διεκόπη,
2629 5091 2790 5148 πάλιν
2813 5091 2920 5145 ἀπὸ
2941 5092 3040 5164 τῆς
3094 5091 3319 5146 ἐκείνων
3372 5091 3634 5163 πονηρίας
3658 5094 3744 5160 γέ·

2175 5192 2297 5244 γονε
2327 5174 2629 5229 καὶτοῦτο.
2680 5175 2886 5248 Ὥσπερ
2929 5175 3039 5246 γὰρ
3075 5175 3201 5228 ὅταν
3252 5174 3450 5246 ἀπειλῇ
3503 5174 3745 5237 κολάσεις

2237 5266 2579 5352 {£510,909}
2601 5267 2749 5317 Savll.
2775 5267 2825 5316 in
2845 5269 3065 5330 margine
3091 5267 3269 5317 allatus
3288 5266 3454 5330 adjici:
3477 5267 3558 5314 καὶ
3572 5267 3674 5314 τίνα
3692 5267 3752 5315 τὰ

2174 5329 2466 5390 ἀγαθά;εἰπέ
2488 5346 2584 5392 μοι.
2956 5329 2969 5330 7
3350 5329 3355 5330 ⁷

2238 5391 2266 5463 ξ
2286 5390 2366 5463 lla
2387 5390 2538 5463 ξδίὶι.
2567 5395 2724 5463 ςεςιε.
2752 5388 2923 5463 Μαι-εξ
2950 5390 3006 5463 τὸ
3027 5387 3265 5463 παρὰ.τοῦ
3285 5387 3474 5463 Θεοῦκν
3519 5462 3530 5463 7
3603 5457 3616 5463 Α
3650 5451 3666 5463 η
3704 5450 3730 5463 ο

2243 5454 2258 5491 ι
2285 5450 2436 5528 Savi!.
2461 5451 2719 5528 βασιλείας,
2741 5454 2949 5516 περὶτῆς
2985 5450 3228 5515 ἀκριϐοῦς,
3253 5455 3306 5500 et
3342 5450 3489 5512 paulo
3511 5457 3622 5511 post.
3639 5450 3754 5512 ἡμῖν

2176 5515 2388 5648 Ἠετιῗέ
2401 5515 2713 5648 οὐδέν
2731 5575 2876 5648 afl_'e_rl
2891 5574 3046 5648 §avi].
3072 5576 3124 5648 i‘n
3161 5574 3379 5648 [nat-ginta
3403 5577 3460 5622 ut
3479 5571 3756 5648 varialp‘gof

2182 5637 2410 5699 cliqnem.
2441 5633 2561 5684 Ibid.
2587 5636 2685 5684 duo
2709 5637 2849 5699 qodd.
2891 5638 3054 5699 λοιπὸν
3074 5633 3408 5699 ἀπελυσάμεθα
3429 5650 3571 5698 πατρ.
3612 5634 3754 5685 Alius

2186 5697 2518 5761 ἐπιδυσάμεθα,
2543 5700 2687 5750 ειεὶο
2718 5698 2868 5749 δονὶι.
2894 5698 2944 5746 in
2969 5710 3120 5761 marg.
3296 5697 3302 5699 ⁷
3379 5707 3382 5710 ’
3532 5697 3537 5698 ⁷
3652 5707 3656 5712 ’
