4134 6210
390 193 494 252 ιυθ

396 315 578 364 cuneta
607 321 723 376 qua:
751 305 1027 360 accidunt:
1059 303 1158 359 hoc
1181 311 1260 358 est
1280 303 1473 372 quippe
1500 302 1829 372 martyrium.
1852 299 1963 353 Non

395 399 533 452 enim
561 411 681 451 eum
711 395 797 465 qui
824 393 1124 449 sacriﬁcare
1147 393 1379 462 jubetur,
1410 407 1512 445 non
1537 390 1853 452 sacriﬁcare,
1877 389 1969 443 sed

399 490 574 556 potius
600 485 841 539 dilaniari
880 492 933 538 et
971 483 1330 538 excarniﬁcari
1352 498 1507 551 quam
1536 482 1634 536 hoc
1657 480 1848 544 facere,
1885 495 1976 532 so-

398 577 506 630 lum
537 575 662 629 facit
691 576 1038 646 martyrium:
1065 575 1156 629 sed
1183 577 1340 629 etiam
1387 589 1506 629 eum
1555 574 1708 628 dolor
1751 573 1974 640 impellit

397 667 464 722 ad
509 667 1006 736 blaSphemandum,
1039 668 1327 721 toleranter
1356 667 1530 736 potius
1561 665 1697 720 ferre
1739 664 1974 720 laborem

399 769 654 824 statuere,
679 769 732 812 et
753 759 884 813 nihil
907 758 1236 814 inhonestum
1258 759 1452 824 dicere,
1479 769 1762 830 martyrem
1789 759 1970 814 efﬁcit.

399 851 502 906 .Iob
542 852 682 904 enim
727 867 830 903 non
877 850 992 904 ideo
1024 850 1118 904 fuit
1147 861 1450 914 coronatus,
1496 850 1636 920 quod
1676 851 1976 904 sacriﬁcare

400 945 576 1014 jussus
605 957 710 995 non
735 941 1128 1005 sacriﬁcaverit,
1157 942 1250 996 sed
1281 942 1420 1010 quod
1449 943 1657 996 dolores
1679 951 1732 994 et
1760 941 1978 994 calami-

403 1043 537 1087 tates
564 1033 683 1086 forti
708 1034 883 1087 animo
904 1049 1184 1103 perpessus
1205 1034 1292 1088 sit.
1317 1035 1613 1102 Quinetiam
1642 1034 1834 1087 Paulus
1853 1048 1976 1102 pro-

405 1136 585 1196 pterea
608 1127 776 1179 vietor
797 1125 1128 1181 renuntiatus
1151 1137 1252 1193 est,
1275 1137 1493 1197 propter
1515 1126 1738 1196 ﬂagella,
1766 1138 1982 1194 propter

404 1217 737 1286 afﬁietioncs,
768 1229 984 1288 propter
1011 1219 1110 1273 alia
1137 1236 1254 1290 qua:
1282 1221 1532 1274 sustinuit
1552 1235 1670 1274 cum
1692 1223 1980 1288 gratiarum

403 1323 631 1365 actione.
660 1312 712 1364 2.
741 1311 957 1366 Labores
973 1314 1796 1380 manuumtuarummanducabis;
1816 1318 1983 1369 beatus

404 1421 477 1468 cs,
505 1414 550 1457 et
579 1403 697 1457 bene
723 1403 808 1456 tibi
839 1404 950 1458 erit.
980 1404 1091 1472 Qua
1120 1403 1186 1458 de
1215 1420 1372 1458 causa
1396 1407 1546 1459 iterat
1575 1405 1983 1460 beatitudinem?

407 1497 668 1562 Quoniam
716 1501 860 1549 novit
901 1497 1016 1564 ejus
1065 1497 1494 1565 magnitudinem,
1549 1498 1600 1551 in
1657 1498 1731 1552 rei
1779 1499 1983 1553 visione

405 1588 811 1656 contemplanda
833 1588 1067 1656 jucunde
1097 1589 1423 1642 immoratur.
1454 1589 1519 1642 Et
1544 1590 1792 1659 quidnam
1829 1589 1977 1655 illud,

405 1679 577 1732 Bene?
603 1681 654 1734 5.
689 1677 829 1733 Uxor
853 1687 939 1731 tua
966 1679 1093 1731 sicut
1118 1679 1228 1731 vitis
1257 1678 1519 1732 abundans
1547 1680 1599 1732 in
1628 1679 1864 1732 lateribus
1889 1679 1983 1732 do-

408 1787 518 1822 mus
539 1780 651 1823 tuae.
677 1771 842 1834 Alius,
867 1767 931 1822 In
950 1769 1304 1838 penetralibus.
1323 1771 1488 1836 Alius,
1508 1769 1574 1824 In
1596 1774 1865 1844 femoribus
1881 1773 1976 1846 (a).

408 1858 534 1911 Filii
563 1859 635 1911 tui
661 1861 785 1912 sicut
813 1860 1021 1913 novella:
1045 1860 1288 1913 olivarum
1313 1862 1364 1914 in
1395 1862 1606 1916 circuitu
1634 1881 1817 1919 mensa:
1854 1875 1975 1921 tute.

407 1950 460 2003 4.
489 1948 621 2003 Ecce
640 1951 711 2003 sic
733 1949 1047 2004 benedicetur
1076 1950 1223 2005 homo
1251 1953 1338 2022 qui
1363 1955 1497 2006 timet
1527 1953 1824 2010 Dominum.
1843 1957 1980 2022 Quid

405 2040 560 2103 dicis,
589 2040 802 2110 qureso?
830 2041 942 2094 haec
968 2052 1050 2096 est
1075 2041 1366 2108 beatitudo,
1402 2042 1501 2101 hoc
1527 2044 1766 2096 lucrum?
1797 2045 1982 2102 dome-

405 2131 557 2184 sticae
587 2131 771 2200 copim,
805 2140 860 2185 et
886 2132 997 2185 suis
1026 2131 1122 2184 frui
1153 2131 1447 2198 laboribus,
1472 2133 1751 2186 multitudo
1791 2135 1987 2191 libero-

410 2238 550 2288 rum,
595 2231 648 2276 et
684 2222 848 2276 uxor?
889 2221 1006 2276 Non
1039 2221 1138 2276 hoc
1178 2221 1410 2291 quidem,
1443 2223 1534 2277 sed
1567 2222 1668 2278 hoc
1693 2240 1759 2278 ex
1789 2225 1987 2281 redun-

410 2313 558 2366 danti
587 2311 811 2382 quadam
856 2312 1007 2380 coliia
1059 2311 1281 2366 accedit.
1336 2311 1556 2376 Quaerite
1599 2314 1763 2380 enim,
1795 2315 1985 2386 inquit,

413 2419 624 2473 regnum
650 2403 769 2469 Dei,
797 2413 844 2457 et
872 2414 1050 2458 caetera
1075 2404 1376 2474 adficientur
1409 2406 1543 2458 vobis
1577 2404 1729 2475 (Luc.
1759 2407 1845 2460 12.
1874 2409 1987 2479 51).

413 2494 672 2561 Quoniam
703 2510 830 2565 ergo
872 2495 1176 2564 loquebatur
1221 2511 1340 2550 cum
1387 2497 1448 2550 iis
1485 2499 1570 2567 qui
1613 2507 1766 2553 erant
1808 2499 1983 2555 adhuc

417 2583 809 2648 imbecilliores,
830 2593 1094 2654 tamquam
1121 2586 1366 2654 parvulos
1389 2586 1586 2641 inducit
1604 2603 1668 2642 ex
1692 2589 1848 2643 rebus
1864 2604 1989 2644 scu-

414 2673 623 2728 silibus.
647 2672 828 2743 Neque
853 2689 979 2728 vero
1001 2674 1230 2729 mireris.
1257 2675 1312 2730 Si
1337 2676 1480 2730 enim
1511 2677 1704 2730 Paulus
1735 2678 1836 2732 hoc
1865 2678 1992 2734 facit

417 2773 656 2834 tempore
685 2774 842 2820 tanta:
872 2765 1242 2836 philosophite,
1273 2783 1391 2821 cum
1415 2769 1493 2821 eis
1526 2769 1614 2838 qui
1643 2769 1818 2824 adhuc
1844 2770 1991 2826 lmmi

414 2857 670 2924 repebant
690 2857 725 2919 ¹,
756 2872 819 2911 ex
865 2857 947 2911 his
973 2857 1264 2924 disserens,
1314 2861 1481 2913 multo
1513 2862 1678 2930 magis
1710 2863 1987 2932 propheta.

415 2943 511 3001 Ubi
541 2962 666 3000 vero
698 2947 746 3000 id
776 2947 1332 3004 facitl’aulusHIuItis
1360 2953 1410 3005 in
1440 2951 1588 3006 locis.
1609 2954 1830 3021 Quando
1847 2957 1988 3012 enim

417 3039 482 3092 de
510 3040 812 3110 virginitate
841 3041 1076 3108 disserit,
1103 3044 1230 3097 nihil
1259 3045 1388 3099 dicit
1410 3045 1476 3099 de
1503 3047 1581 3102 eis
1609 3064 1727 3118 qua:
1751 3049 1850 3103 illis
1867 3058 1991 3105 sunt

417 3139 694 3196 eventura,
726 3131 818 3185 sed
862 3133 1008 3200 ponit
1034 3142 1239 3186 tantum
1273 3135 1639 3191 liberationem
1671 3153 1699 3191 a
1727 3141 1987 3196 molestiis

417 3221 741 3274 matrimonii
773 3223 849 3291 (1.
878 3219 996 3276 Cor.
1032 3223 1081 3276 7.
1108 3223 1199 3294 28)
1223 3241 1235 3279 :
1266 3234 1376 3279 tum
1405 3227 1562 3280 etiam
1589 3229 1798 3298 quando
1821 3230 1990 3304 Loqui-

419 3318 504 3362 tur
525 3309 592 3365 de
617 3310 818 3366 honore
845 3313 896 3366 in
921 3324 1184 3383 parentes,
1216 3315 1402 3371 eodem
1442 3318 1599 3373 modo
1630 3337 1755 3376 usus
1783 3331 1884 3388 est,
1919 3324 1988 3378 ita

417 3399 633 3457 dicens:
661 3401 809 3470 Quod
835 3415 906 3458 est
932 3406 1150 3474 primum
1177 3409 1467 3463 mandatum
1494 3410 1546 3464 in
1580 3414 1990 3480 promissionibus

420 3490 632 3560 (Ephes.
678 3494 731 3547 6.
782 3491 858 3565 2).
893 3495 1042 3562 Quod
1072 3507 1153 3551 est
1185 3507 1361 3554 autem
1391 3501 1732 3557 mandatum?
1775 3503 1989 3560 Honora

414 3591 605 3649 patrem
630 3593 773 3636 tuum
803 3593 848 3637 et
878 3596 1108 3653 matrem,
1131 3599 1177 3642 et
1206 3590 1305 3642 eris
1333 3590 1584 3662 longaevus
1611 3611 1762 3662 super
1780 3605 1984 3652 terram.

411 3673 709 3739 Quinetiam
751 3677 962 3746 quando
991 3680 1173 3734 scribit
1215 3682 1282 3736 de
1319 3685 1642 3740 ostendenda
1668 3687 1719 3741 in
1748 3689 1988 3745 inimicos

410 3763 768 3835 philosophia,
800 3769 992 3824 sensile
1018 3786 1204 3825 rursus
1221 3775 1494 3840 praemium
1513 3779 1756 3846 proponit
1773 3779 1985 3836 dicens:

409 3853 526 3908 Hoc
538 3857 670 3910 enim
685 3857 894 3926 faciens,
911 3860 1147 3915 carbones
1166 3863 1295 3932 ignis
1309 3880 1540 3934 congeres
1555 3883 1707 3937 super
1717 3880 1868 3940 caput
1881 3874 1989 3938 eius

407 3945 586 4015 (Rom.
607 3947 694 4001 l2.
709 3948 813 4013 20;
840 3947 1025 4004 Matth.
1050 3951 1134 4006 19.
1167 3951 1277 4025 12).
1309 3953 1549 4010 Christus
1567 3968 1740 4012 autem
1760 3975 1862 4013 non
1881 3961 1985 4016 sic:

406 4053 581 4106 neque
607 4041 746 4093 enim
768 4055 886 4094 eum
905 4041 1177 4096 imbecillis
1194 4043 1452 4114 loquitur;
1489 4046 1582 4102 sed
1614 4049 1666 4102 in
1692 4049 1989 4120 virginitate

404 4129 620 4199 quidem
654 4133 894 4200 proponit
922 4148 1161 4203 regnum,
1193 4134 1243 4188 in
1281 4136 1520 4190 amandis
1563 4147 1736 4194 autem
1763 4139 1991 4198 inimicis

403 4220 665 4289 promittit
685 4220 797 4276 fore
811 4223 902 4277 Dei
922 4225 1142 4290 similes,
1163 4236 1414 4296 quantum
1431 4239 1647 4297 possunt
1665 4231 1905 4288 homines
1915 4251 1992 4291 es-

401 4327 464 4367 se
489 4312 578 4366 Dei
593 4313 1022 4385 similes(tllauh.
1046 4319 1099 4374 5.
1113 4319 1200 4375 44.
1217 4320 1331 4389 45).
1357 4320 1812 4386 Quemadmodum
1831 4327 1988 4382 etiam

401 4406 458 4459 in
485 4405 678 4472 Veteri,
706 4407 790 4462 ubi
816 4409 1192 4465 inducebantur
1209 4427 1302 4481 per
1322 4414 1556 4480 sensilia,
1578 4415 1872 4473 videbimus
1897 4435 1988 4474 eos

397 4497 495 4567 qui
524 4498 696 4552 sciunt
724 4499 1107 4570 philosophari,
1141 4503 1318 4557 induci
1347 4519 1373 4556 a
1401 4505 1710 4574 majoribus.
1736 4507 1789 4562 Id
1813 4519 1987 4564 autem

400 4587 602 4642 Paulus
647 4590 950 4659 signiﬁcans
993 4593 1230 4648 dicebat:
1253 4593 1417 4650 Juxta
1443 4597 1594 4664 [idem
1625 4598 1846 4668 defuncti
1871 4611 1988 4656 sunt

402 4696 576 4733 onmes
607 4681 686 4735 isti
730 4700 828 4737 non
865 4687 1083 4753 acceptis
1127 4689 1556 4755 promissiouibus,
1589 4693 1676 4745 sed
1709 4694 1780 4745 eis
1806 4694 1986 4763 procul

402 4771 526 4824 visis
555 4779 600 4823 et
627 4773 856 4828 salutatis
883 4775 1063 4845 (llebr.
1089 4778 1177 4831 11.
1207 4778 1313 4848 15).
1343 4779 1454 4833 Non
1483 4790 1564 4835 est.
1589 4796 1716 4851 ergo
1743 4782 1856 4837 haec
1877 4785 1986 4837 sola

407 4875 618 4914 merces
647 4877 827 4918 eorum
856 4867 941 4934 qui
989 4867 1152 4921 Deum
1196 4870 1403 4935 timent,
1442 4870 1538 4924 frui
1571 4873 1730 4927 rebus
1769 4874 1897 4940 suis,
1931 4882 1988 4928 nt

402 4957 533 5006 sunt
551 4965 684 5004 uxor
704 4960 758 5007 et
781 4953 955 5019 liberi,
985 4956 1162 5027 reique
1188 4958 1491 5014 domesticae
1517 4962 1870 5030 prosperitas;
1893 4963 1986 5018 sed

402 5044 524 5098 lucc
548 5043 758 5112 quidem
788 5055 911 5100 sunt
935 5062 999 5100 ex
1027 5050 1524 5117 superabundantia,
1547 5060 1602 5107 et
1621 5053 1785 5106 instar
1811 5053 1988 5123 cujus-

398 5135 528 5191 dam
547 5135 906 5192 additamenti:
924 5139 1179 5208 prtecipua
1192 5150 1365 5196 autem
1383 5145 1760 5214 sunt,prlmum
1773 5145 1985 5214 quidem

403 5230 511 5284 hoc
538 5227 730 5297 ipsum,
765 5228 928 5284 Deum
956 5230 1160 5297 timere,
1191 5232 1332 5301 quod
1359 5234 1410 5286 in
1439 5237 1617 5303 seipso
1641 5236 1877 5290 continet
1898 5252 1985 5291 re-

403 5318 865 5375 munerationem:
895 5319 1086 5374 deinde
1126 5335 1316 5376 arcana
1362 5323 1470 5389 illa,
1505 5323 1630 5389 Quw
1667 5324 1842 5379 oculus
1880 5342 1982 5379 non

403 5409 551 5478 vidit,
580 5427 669 5464 nec
693 5411 830 5465 auris
857 5411 1067 5476 audivit,
1101 5428 1190 5466 nec
1213 5413 1267 5466 in
1291 5430 1379 5468 cor
1406 5415 1622 5470 hominis
1648 5418 1981 5471 ascenderunt

471 5548 489 5610 ξ
524 5546 682 5604 Savtl.,
705 5547 756 5598 ἱιι
774 5554 954 5600 terram
976 5547 1318 5610 despiciebant.

467 5607 542 5670 (α)
577 5610 627 5658 ιιι
651 5610 945 5671 interpretes
965 5607 1158 5674 quinam
1173 5613 1270 5661 sint
1293 5625 1340 5676 pr
1349 5623 1487 5662 orsus
1500 5611 1762 5675 ignoratur.

1477 187 1830 245 EXPUSlTEO
1869 187 1932 243 IN
1970 187 2286 244 PSALMUM
2325 185 2578 244 CXXVII.

3565 193 3669 248 370

2085 304 2158 367 (Ι.
2186 304 2301 355 (ζον.
2325 303 2376 356 2.
2409 302 2485 374 9).
2513 305 2565 359 5.
2586 303 2854 357 Benedicta
2882 305 2968 359 tibi
2994 305 3239 362 Dominus
3266 324 3330 362 ex
3351 308 3498 372 Sion,
3522 320 3568 362 et
3592 311 3669 362 vi-

2087 397 2204 449 deas
2249 397 2378 449 bona
2406 395 2709 450 Jerusalem.
2757 398 2927 463 Alius,
2959 397 3025 450 Et
3055 401 3165 452 vide
3192 401 3244 453 in
3274 401 3416 456 bonis
3453 399 3668 460 Jerusa-

2085 485 2181 539 lem
2200 486 2293 557 (a).
2319 487 2460 540 Bona
2488 487 2616 541 dicit
2639 489 2925 552 civitatem,
2950 488 3179 552 divitias,
3204 491 3475 556 decorem,
3503 491 3665 545 victo-

2081 579 2208 641 rias,
2227 579 2478 643 honores,
2498 580 2923 648 prosperitatem,
2941 581 3285 648 fertilitatem,
3301 583 3664 650 securitatem,

2081 684 2264 738 pacem
2275 706 2288 720 .

2151 760 2203 814 4.
2242 760 2481 813 Omnibus
2503 760 2674 814 diebus
2695 761 2809 814 rita:
2835 772 2953 816 tute.
2986 761 3213 818 Pulchre
3240 763 3398 818 etiam
3431 779 3554 817 usus
3583 773 3663 818 cst

2087 853 2386 920 adjectione
2415 853 2639 906 dierum.
2671 854 2800 909 Erat
2829 855 2968 909 enim
2997 855 3097 911 hoc
3116 857 3321 926 signum
3344 857 3658 919 maximum,

2092 942 2230 1012 quod
2257 943 2370 997 hate
2395 959 2424 995 a
2453 945 2560 996 Deo
2586 943 2854 1008 darentur,
2887 954 2939 998 et
2967 945 3081 1014 ejus
3127 947 3468 1014 providentia:
3507 962 3663 1017 argu-

2093 1043 2348 1095 mentum,
2377 1034 2517 1103 quod
2547 1033 2674 1087 nihil
2715 1035 3000 1088 humanum
3049 1046 3369 1103 paterentur,
3414 1051 3512 1090 nec
3537 1050 3662 1090 cor-

2088 1135 2326 1190 ruerent,
2359 1141 2455 1180 nec
2482 1127 2639 1179 ullam
2670 1126 2867 1180 ferrent
2897 1127 3262 1190 mutationem,
3311 1126 3408 1179 nisi
3452 1126 3662 1195 quando

2088 1218 2388 1286 indignatus
2417 1233 2478 1272 ea
2506 1218 2880 1272 intercidisset.
2909 1217 2959 1272 6.
2986 1218 3051 1272 Et
3077 1220 3244 1272 videas
3265 1219 3396 1286 ﬁlios
3418 1220 3660 1288 filiorum.

2087 1310 2244 1379 Atqui
2268 1311 2434 1375 multi,
2457 1309 2679 1379 inquies,
2708 1311 2872 1364 Deum
2894 1311 3158 1374 timentes,
3187 1311 3302 1365 sine
3327 1310 3508 1364 liberis
3523 1325 3665 1364 sem-

2088 1420 2186 1474 per
2217 1403 2380 1456 fuere.
2426 1403 2493 1456 Et
2531 1403 2655 1472 quid
2697 1403 2797 1456 hoc
2840 1403 2940 1457 sibi
2992 1403 3136 1456 vult?
3166 1402 3346 1472 Neque
3383 1403 3522 1456 enim
3565 1415 3664 1456 nos

2089 1504 2306 1563 propter
2332 1494 2608 1562 prtesentia
2640 1495 2900 1557 exuimus,
2931 1494 3024 1547 sed
3071 1495 3334 1562 prmcipue
3359 1491 3572 1563 quidem
3606 1500 3660 1546 ut

2090 1586 2198 1638 Deo
2221 1584 2552 1654 placeamus;
2584 1583 2774 1638 deinde
2812 1585 2970 1637 etiam
3017 1594 3232 1652 propter
3275 1597 3398 1652 spes
3438 1584 3658 1636 futuras.

2088 1678 2260 1744 Atque
2293 1685 2416 1728 tunc
2445 1674 2656 1741 quidem
2700 1673 2814 1728 hmc
2843 1683 2994 1727 erant
3025 1674 3268 1743 prmmia;
3303 1687 3442 1727 nunc
3484 1683 3661 1726 autem

2085 1767 2296 1827 crelum,
2318 1776 2371 1820 et
2397 1765 2530 1819 bona
2554 1781 2674 1834 qure
2699 1773 2821 1819 Sunt
2847 1765 2896 1818 in
2925 1765 3087 1819 caelis.
3113 1764 3261 1832 Quod
3284 1765 3328 1818 si
3350 1780 3466 1818 eum
3498 1764 3661 1818 Deum

2089 1857 2325 1923 timeres,
2357 1872 2459 1910 non
2489 1855 2714 1909 habuisti
2745 1856 2900 1920 ﬁlios,
2932 1857 3017 1925 qui
3045 1856 3149 1910 scis
3177 1855 3427 1924 numquid
3457 1854 3666 1909 dederit

2091 1948 2190 2001 alia
2240 1951 2338 2001 hac
2384 1947 2630 2002 felicitate
2677 1947 2912 2015 majora?
2955 1945 3136 2016 Neque
3165 1946 3304 2002 enim
3335 1959 3519 2000 omnes
3559 1959 3664 1998 uno

2089 2040 2249 2095 modo
2277 2040 2536 2118 beneﬁcio
2561 2039 2740 2105 afﬁcit,
2771 2039 2864 2094 sed
2891 2040 3057 2106 varie,
3081 2055 3199 2094 cum
3229 2039 3302 2094 sit
3326 2039 3494 2093 dives.
3525 2038 3663 2102 Quot

2089 2130 2406 2199 fueruntqui
2429 2145 2547 2182 cum
2574 2128 2708 2184 ﬁlios
2728 2127 3004 2193 haberent,
3024 2129 3325 2199 iudicarunt
3345 2143 3438 2184 eos
3463 2128 3662 2196 felices,

2088 2221 2180 2290 qui
2209 2235 2313 2274 non
2344 2219 2787 2289 haberent?'quot
2810 2221 2894 2290 qui
2912 2219 3123 2275 divitias
3149 2220 3512 2290 possidebant,
3536 2236 3662 2290 pau-

2091 2311 2306 2380 peribus
2335 2310 2582 2365 miserius
2601 2325 2665 2365 ex
2690 2311 2787 2364 hac
2813 2310 2917 2364 vita
2944 2313 3256 2366 excessere?
3284 2322 3410 2382 quot
3432 2309 3522 2383 qui
3544 2312 3662 2382 glo-

2090 2402 2222 2456 riam
2268 2400 2580 2471 consequuti
2623 2399 2850 2466 fuerant,
2902 2416 2964 2456 ea
3011 2410 3275 2472 tamquam
3317 2418 3445 2458 ense
3486 2402 3664 2472 aliquo

2092 2491 2322 2546 confossi
2368 2501 2507 2556 sunt,
2557 2500 2612 2547 et
2645 2493 2955 2562 gravissima
2997 2509 3220 2564 quaeque
3262 2494 3663 2550 sustinuerunt?

2092 2581 2170 2637 Ne
2215 2597 2422 2652 quaaras
2471 2582 2563 2636 tibi
2606 2583 2846 2639 exhiberi
2889 2586 3116 2654 negotia,
3163 2601 3314 2640 neca
3344 2587 3452 2639 Deo
3479 2601 3661 2640 eorum

2093 2689 2210 2744 quze
2232 2674 2351 2729 facit
2376 2675 2632 2728 rationem
2663 2690 2937 2744 exposcas,
2967 2675 3060 2730 sed
3091 2676 3229 2731 feras
3257 2678 3430 2731 omnia
3461 2676 3576 2731 forti
3596 2691 3660 2732 ac

2093 2779 2354 2834 generoso
2381 2764 2578 2828 animo,
2609 2774 2660 2818 et
2688 2781 2807 2819 cum
2836 2768 3120 2836 gratiarum
3145 2769 3378 2834 actione;
3411 2769 3515 2822 imo
3539 2783 3666 2822 vero

2095 2856 2227 2910 nulli
2273 2871 2449 2910 rerum
2491 2857 2829 2925 praesentium
2859 2858 3092 2912 animum
3125 2867 3269 2912 tuum
3299 2857 3499 2929 afﬁgas.
3533 2860 3666 2914 Pro-

2095 2958 2274 3017 pterea
2308 2947 2447 3000 enim
2478 2947 2634 3002 talem
2659 2948 2840 3016 jussus
2882 2962 2940 3002 es
2979 2947 3222 3003 emittere
3266 2951 3578 3015 orationem,
3612 2951 3662 3004 in

2095 3055 2195 3110 qua
2227 3055 2388 3093 unum
2430 3039 2598 3094 solum
2647 3041 2779 3109 petis
2823 3041 3139 3110 postulatum
3186 3043 3399 3110 sensile,
3442 3052 3493 3097 et
3533 3043 3664 3100 nihil

2094 3133 2340 3203 amplius.
2373 3132 2700 3202 Quamquam
2731 3132 2832 3187 hoc
2857 3149 3065 3204 quoque
3105 3151 3287 3190 rursus
3332 3150 3575 3192 mensura
3607 3139 3666 3192 ﬁt

2093 3224 2349 3292 spiritale.
2381 3224 2495 3277 Alia
2522 3225 2663 3278 enim
2694 3225 2892 3290 omnia,
2916 3225 2982 3280 de
3001 3227 3144 3280 caelis
3165 3235 3218 3282 et
3245 3227 3311 3282 de
3331 3243 3494 3298 regno
3518 3229 3659 3299 quod

2093 3315 2202 3370 illic
2229 3323 2329 3379 est,
2374 3314 2441 3369 de
2471 3314 2699 3384 perfecta
2746 3316 2866 3370 vita:
2908 3317 3255 3385 institutione,
3287 3326 3344 3374 et
3371 3319 3435 3373 de
3467 3320 3663 3374 libera-

2096 3406 2237 3460 tione
2265 3420 2293 3459 a
2325 3406 2552 3474 peccatis
2581 3405 2733 3460 nobis
2759 3405 3036 3462 dicuntur:
3065 3407 3130 3461 de
3159 3409 3442 3463 sensilibus
3486 3418 3662 3464 autem

2092 3513 2251 3552 unum
2279 3498 2529 3567 jubemur
2548 3499 2743 3555 dicere.
2761 3499 3019 3566 Quidnam
3038 3500 3203 3555 illud?
3232 3501 3420 3555 Panem
3441 3511 3662 3555 nostrum

2091 3588 2615 3659 supersubstantialem
2656 3589 2722 3642 da
2763 3591 2904 3643 nobis
2952 3591 3100 3645 hodie
3151 3590 3357 3660 (Matth.
3388 3590 3442 3646 6.
3476 3591 3585 3663 11),
3612 3599 3667 3646 et

2093 3679 2220 3733 nihil
2252 3679 2413 3734 aliud.
2449 3681 2709 3749 Quoniam
2752 3683 2890 3735 enim
2935 3681 3001 3736 ad
3045 3682 3200 3736 aliam
3231 3683 3480 3751 deinceps
3508 3697 3666 3736 voea-

2093 3787 2214 3825 mur
2241 3771 2486 3840 patriam,
2514 3782 2567 3826 et
2593 3771 2655 3826 ad
2688 3772 2941 3842 majorem
2970 3773 3130 3826 vitam
3171 3772 3423 3842 adscripti
3453 3786 3658 3837 sumus,

2096 3872 2307 3933 Oportet
2346 3864 2504 3918 etiam
2538 3873 2713 3916 nostra
2743 3865 3000 3932 postulata
3028 3877 3146 3918 esse
3172 3864 3222 3918 ei
3247 3862 3612 3918 convenientia
3645 3879 3659 3916 :

2104 3955 2218 4009 haec
2247 3963 2422 4008 autem
2450 3953 2572 4007 licet
2599 3953 2837 4016 afﬁuant,
2869 3954 3031 4007 nmlta
3051 3970 3169 4007 cum
3201 3953 3388 4008 ﬁducia
3417 3954 3661 4024 rejicere.

2171 4046 2426 4100 Promissa
2472 4045 2564 4098 Dei
2613 4055 2664 4097 ut
2709 4046 3028 4113 impleantur.
3050 4075 3121 4086 —
3149 4046 3261 4100 Pax
3289 4063 3439 4118 super
3477 4045 3659 4101 Israel.

2095 4139 2246 4193 Alius
2291 4137 2365 4205 (b)
2391 4179 2406 4202 ,
2443 4137 2513 4189 Et-
2552 4136 2661 4190 vide
2688 4135 2821 4203 filios
2858 4136 3081 4203 ﬁliorum
3109 4145 3306 4191 tuorum
3329 4179 3344 4204 ,
3375 4154 3546 4206 pacem
3573 4154 3664 4191 su-

2097 4249 2186 4302 per
2212 4229 2395 4284 lsrael.
2443 4228 2566 4283 Ilmc
2609 4235 2691 4282 est
2733 4228 2902 4281 oratio
2947 4227 3014 4282 de
3055 4228 3339 4283 communi.
3371 4231 3480 4285 Hoc
3521 4231 3660 4286 enim

2097 4324 2325 4386 maxime
2351 4321 2672 4385 desiderant,
2713 4329 2770 4373 ut
2789 4321 2875 4389 qui
2906 4320 3011 4374 sint
3040 4320 3196 4390 longo
3225 4321 3364 4376 bello
3393 4322 3572 4378 afflicti
3610 4334 3664 4378 et

2095 4413 2357 4469 exhausti.
2389 4411 2522 4480 Quid
2548 4411 2688 4465 enim
2713 4426 2807 4466 eos
2831 4411 2928 4464 alia
2953 4411 3160 4480 juvant,
3206 4412 3251 4466 si
3292 4428 3389 4481 pax
3432 4428 3536 4467 non
3561 4413 3660 4468 ad.

2095 4508 2196 4562 sit?
2217 4507 2366 4574 Quod
2394 4521 2522 4576 ergo
2549 4513 2631 4561 est
2659 4505 2939 4570 bonorum,
2969 4522 3089 4575 qua:
3121 4515 3245 4560 tunc
3271 4514 3442 4572 erant,
3471 4506 3661 4575 praeci—

2093 4617 2275 4672 puum,
2307 4614 2596 4670 eorumque
2623 4599 2978 4659 securitatem,
3001 4613 3190 4667 nempe
3214 4613 3416 4666 pacem,
3449 4599 3664 4667 pollice-

2095 4705 2180 4748 tur
2204 4707 2427 4762 eamque
2456 4699 2794 4760 perpetuam;
2823 4689 2962 4760 quod
3009 4697 3093 4744 est
3134 4689 3362 4744 maxime
3389 4704 3523 4759 opus
3567 4689 3661 4745 Dei

2095 4783 2456 4855 providentiae,
2484 4780 2612 4834 dare
2635 4779 2857 4846 scilicet,
2884 4787 2938 4834 et
2963 4795 3066 4832 non
3087 4779 3261 4834 sinere
3283 4787 3340 4834 ut
3365 4779 3659 4835 intercidat.

2094 4875 2226 4942 Quia
2252 4872 2392 4928 enim
2416 4885 2590 4925 rerum
2615 4868 2966 4924 humanarum
2993 4879 3176 4924 natura
3197 4870 3335 4927 fluxa
3357 4882 3456 4938 est,
3483 4882 3658 4928 etnon

2095 4977 2447 5035 permanens:
2472 4959 2758 5014 ostendens
2789 4958 2903 5015 hate
2929 4976 3034 5014 non
3058 4971 3258 5016 temere
3285 4961 3352 5018 ad
3381 4977 3474 5017 eos
3499 4961 3661 5017 deve-

2095 5056 2230 5119 nire,
2262 5052 2354 5106 sed
2381 5067 2408 5104 a
2435 5065 2666 5120 superno
2691 5050 2888 5105 auxilio
2911 5060 2962 5104 et
2985 5065 3015 5104 a
3047 5061 3173 5105 nutu
3201 5051 3382 5106 divino
3403 5051 3662 5120 procede-

2095 5159 2174 5208 re,
2197 5142 2349 5206 dixit,
2380 5139 2623 5194 Omnibus
2651 5138 2843 5205 diebus,
2873 5147 2930 5195 et
2949 5155 3131 5210 pacem
3158 5150 3555 5210 permanentem
3582 5149 3665 5194 est

2095 5234 2380 5305 pollicitus.
2423 5232 2595 5301 Atque
2641 5230 2743 5286 hoc
2777 5229 2993 5301 quidem
3042 5231 3238 5284 factum
3283 5237 3387 5294 est,
3427 5231 3566 5300 quod
3596 5231 3661 5285 ad

2094 5328 2261 5382 Deum
2290 5324 2499 5379 attinet.
2533 5323 2682 5391 Quod
2711 5324 2756 5378 si
2801 5322 2900 5378 fuit
2942 5323 3258 5391 interrupta,
3305 5319 3410 5378 hoc
3454 5337 3664 5394 quoque

2093 5421 2282 5477 accidit
2309 5435 2375 5473 ex
2401 5418 2606 5472 illorum
2638 5415 2994 5487 improbitate.
3037 5414 3494 5482 Quemadmodum
3517 5416 3663 5474 enim

2157 5552 2229 5610 (α)
2261 5551 2346 5599 Hic
2367 5549 2610 5608 interpres
2632 5549 2738 5610 quis
2759 5547 2821 5610 sit
2835 5547 3128 5610 ignoramus.

2159 5553 2208 5610 fa
2261 5552 2346 5599 Hic
2367 5552 2610 5608 interpres
2632 5552 2738 5610 quis
2759 5552 2821 5594 sit
2835 5552 3074 5608 ignoramu

2159 5552 2229 5676 (υ)
2265 5613 2345 5661 llic
2369 5612 2610 5672 interpres
2631 5609 2740 5670 quis
2756 5608 2818 5657 sit
2841 5607 3074 5657 nescitur.
