4116 6204
433 383 533 437 373

864 489 928 544 ΙΝ
978 484 1292 544 PSALMUM
1339 479 1572 536 CXXIX.

429 633 476 686 1.
510 628 583 683 De
603 625 871 698 profundis
895 621 1104 676 clamavi
1120 618 1186 670 ad
1201 627 1266 680 te,
1294 614 1537 667 Domine:
1560 611 1789 672 Domine,
1817 605 2000 660 exaudi

1017 725 1182 764 vocem
1228 721 1407 760 meam.

497 852 544 904 1.
582 846 919 914 Profunditas
945 856 1165 911 precum.
1193 866 1265 878 —-
1286 832 1422 903 Quid
1451 840 1552 893 est,
1579 829 1659 883 De
1693 825 1999 899 profundis?

437 943 541 996 Non
585 937 719 992 dixit
759 931 1113 994 solummodo,
1147 930 1220 983 Ex
1247 940 1362 989 ore,
1411 936 1584 990 neque
1640 916 1994 981 solummodo,

431 1031 500 1086 Ex
529 1029 737 1095 lingua;
772 1037 892 1076 nam
919 1029 1131 1076 errante
1166 1016 1326 1070 etiam
1371 1022 1549 1067 meme
1572 1009 1729 1064 verba
1759 1007 1996 1062 fundun-

427 1132 544 1182 tur;
571 1114 697 1177 sed,
730 1112 810 1168 Ex
853 1111 1016 1166 corde
1045 1103 1475 1177 profundissimo,
1507 1115 1626 1156 cum
1657 1114 1850 1169 magno
1879 1107 1995 1151 stu-

424 1211 532 1268 dio.
567 1216 623 1261 et
658 1218 846 1273 magna
873 1199 1034 1254 animi
1079 1196 1369 1257 alacritate,
1395 1209 1460 1264 ex
1504 1191 1634 1260 ipsis
1664 1191 1856 1244 mentis
1904 1203 1997 1257 pe-

427 1296 736 1353 netralibus.
767 1293 924 1347 Tales
952 1298 1074 1345 sunt
1108 1287 1250 1343 enim
1296 1285 1457 1339 animi
1503 1298 1686 1338 eorum
1731 1281 1818 1350 qui
1863 1278 1998 1332 affli-

424 1396 664 1457 guntur:
704 1383 1007 1436 ttniversum
1053 1393 1147 1432 cor
1187 1389 1367 1430 secum
1415 1379 1782 1433 commovent,
1832 1371 1995 1424 Deum

429 1481 736 1534 invocantes
764 1488 884 1528 cum
915 1484 1102 1540 magna
1127 1467 1536 1536 compunctione
1567 1479 1578 1516 :
1611 1471 1665 1518 et
1693 1461 1812 1516 ideo
1836 1461 1994 1515 etiam

426 1568 730 1625 audiuntur.
754 1562 910 1617 Tales
934 1561 1077 1614 enim
1105 1571 1291 1629 preces
1317 1569 1558 1625 magnam
1581 1551 1777 1606 habent
1806 1559 1994 1622 poten—

432 1659 578 1720 tiam,
608 1665 662 1708 ut
688 1668 807 1723 qua:
847 1665 1019 1720 neque
1065 1647 1459 1710 subvertantur,
1487 1657 1657 1712 neque
1686 1641 1995 1696 concutian—

430 1757 533 1810 tur,
565 1745 661 1800 etsi
687 1757 778 1798 eas
802 1740 1045 1795 diabolus
1074 1750 1268 1807 magno
1304 1735 1504 1804 impetu
1535 1733 1762 1788 invadat.
1793 1733 1984 1800 Quem-

429 1835 708 1890 admodum
764 1832 904 1886 enim
952 1829 1112 1883 arbor
1161 1825 1366 1891 valida,
1415 1833 1470 1880 et
1514 1839 1633 1894 qua:
1677 1824 1730 1877 in
1776 1823 1993 1878 multam

430 1923 832 1995 profunditatem
861 1929 1013 1974 terrm
1043 1917 1150 1987 agit
1179 1916 1403 1979 radices,
1454 1915 1673 1983 ejusque
1719 1913 1869 1968 sinus
1895 1913 1992 1968 de-

429 2015 606 2076 vincit,
635 2012 802 2066 cuivis
824 2017 1098 2064 ventorum
1122 2006 1336 2076 impetui
1359 2005 1591 2067 resistit;
1623 2021 1741 2074 qua:
1766 2007 1994 2059 interrae

430 2115 604 2158 autem
637 2117 842 2156 summa
893 2098 1170 2169 superficie
1187 2098 1285 2150 sita
1313 2107 1413 2162 est,
1463 2096 1506 2149 si
1551 2095 1799 2164 quaelibet
1837 2109 1993 2163 parva

429 2210 553 2250 aura
578 2191 892 2254 incubuerit,
919 2189 1286 2252 labefactatur,
1332 2195 1387 2241 et
1431 2185 1684 2241 radicitus
1713 2184 1890 2240 evulsa
1912 2184 1996 2255 ja-

431 2295 514 2342 eet
555 2283 702 2338 humi
731 2300 744 2336 :
777 2282 844 2336 ita
894 2282 1049 2335 etiam
1099 2293 1282 2348 preces
1311 2291 1427 2347 quae
1457 2275 1524 2330 ab
1571 2275 1678 2330 imo
1705 2275 1997 2330 ascendunt

431 2387 484 2429 et
511 2382 733 2448 egerunt
761 2371 967 2427 radices
995 2371 1049 2424 in
1078 2367 1357 2440 profundo,
1381 2365 1590 2422 etiamsi
1631 2365 1994 2420 innumerabi-

433 2468 508 2522 les
532 2466 772 2522 venerint
798 2463 1145 2534 cogitatiooes
1167 2502 1182 2528 ,
1213 2459 1423 2515 etiamsi
1453 2460 1705 2514 instructa
1755 2465 1860 2512 tota
1887 2455 1998 2510 dia-

433 2557 536 2611 boli
564 2557 725 2622 acies,
756 2555 920 2609 tirone
951 2560 1164 2606 manent
1193 2559 1246 2606 et
1282 2549 1519 2616 stabiles,
1543 2558 1594 2603 et
1613 2548 1828 2602 minime
1847 2562 1998 2602 ever—

434 2657 611 2701 tuntur
641 2661 796 2716 :qure
823 2654 997 2699 autem
1022 2657 1085 2697 ex
1117 2657 1208 2696 ore
1233 2651 1287 2696 et
1312 2640 1460 2694 labiis
1482 2639 1794 2708 procedunt,
1819 2645 1871 2692 et
1891 2652 1995 2692 non

431 2739 499 2794 ab
549 2740 658 2792 imo
700 2735 1016 2801 ascendunt,
1077 2749 1144 2788 ne
1184 2740 1405 2803 possunt
1447 2730 1658 2800 quidem
1710 2729 1776 2784 ad
1835 2729 1997 2782 Deum

433 2830 737 2894 ascendere,
770 2835 987 2898 propter
1014 2827 1130 2896 ejus
1157 2825 1245 2896 qui
1275 2824 1482 2879 accedit
1518 2821 1834 2877 socordiam.
1865 2821 1996 2875 Eum

433 2923 571 2977 enim
622 2922 710 2992 qui
756 2921 875 2975 talis
915 2929 1018 2987 est,
1061 2917 1172 2972 sive
1205 2917 1363 2971 fuerit
1403 2915 1592 2985 aliquis
1639 2914 1911 2982 strepitus,
1955 2911 2000 2965 is

435 3017 602 3086 ipsum
629 3013 912 3076 everterit;
941 3013 1053 3066 sive
1083 3009 1350 3073 tumultus,
1395 3008 1463 3062 ab
1501 3006 1740 3060 oratione
1764 3004 2000 3058 abduxe-

434 3109 546 3163 rit:
593 3118 647 3162 et
685 3121 748 3160 os
783 3105 996 3176 quidem
1041 3111 1276 3163 resonat,
1308 3115 1402 3155 cor
1444 3115 1568 3153 vero
1593 3106 1672 3153 est
1721 3097 1898 3162 inane,
1945 3103 2002 3148 et

434 3199 543 3254 sola
569 3214 631 3253 ac
658 3199 864 3252 deserta
909 3196 1177 3265 cogitatio.
1210 3195 1280 3249 At
1309 3193 1474 3246 sancti
1503 3207 1607 3246 non
1637 3191 1715 3245 sic
1741 3189 1987 3255 orabant,

435 3289 528 3344 sed
555 3303 674 3342 cum
697 3298 842 3341 lauto
870 3286 1044 3341 studio
1065 3300 1126 3341 ac
1148 3284 1504 3348 vehementia,
1532 3291 1589 3336 ut
1624 3283 1784 3337 etiam
1832 3291 1999 3337 totum

437 3392 631 3448 corpus
674 3377 1017 3432 innectereut.
1050 3376 1238 3430 Beatus
1269 3375 1445 3444 itaque
1486 3373 1664 3428 Helias
1706 3387 1866 3428 orans
1895 3373 2002 3442 pri-

437 3486 578 3526 tnum
619 3470 829 3540 quidem
856 3468 1102 3539 quatsivit
1128 3465 1464 3522 solitudinem
1499 3463 1729 3520 :deinde
1753 3479 1872 3520 cum
1909 3480 2004 3534 po-

434 3564 626 3618 suisset
669 3571 826 3630 caput
856 3562 995 3616 inter
1031 3574 1199 3631 genua
1223 3600 1238 3626 ,
1269 3567 1327 3614 et
1368 3559 1602 3628 seipsum
1642 3573 1760 3612 cum
1810 3571 2002 3625 magno

433 3655 624 3708 ardore
646 3653 955 3710 incenderet
979 3693 994 3718 ,
1024 3653 1093 3706 ita
1127 3649 1376 3706 fundebat
1419 3665 1603 3718 preces
1629 3649 1720 3720 (5.
1751 3649 1876 3720 Reg.
1912 3650 1996 3704 18.

433 3746 502 3801 42
521 3746 560 3817 ).
583 3746 636 3802 Si
669 3747 745 3801 vis
785 3754 958 3798 autem
1003 3759 1124 3798 eum
1153 3743 1311 3798 etiam
1337 3742 1518 3796 videre
1547 3750 1747 3794 rectum
1774 3749 1999 3794 stantem

436 3836 486 3890 iu
517 3836 776 3897 oratione.
807 3834 925 3889 vide
949 3849 1070 3888 eum
1097 3847 1280 3887 rursus
1302 3843 1576 3887 extensum
1606 3845 1772 3900 usque
1807 3829 1872 3885 ad
1901 3846 2001 3884 cte-

437 3928 631 3996 lum,et
662 3929 730 3981 ita
759 3910 1034 3982 extensum
1059 3935 1114 3979 ut
1141 3926 1298 3980 etiam
1328 3924 1500 3994 ignem
1533 3938 1564 3978 e
1591 3923 1726 3978 coelo
1752 3922 2004 3990 dejicerct

433 4017 594 4086 (Ibid.
637 4035 683 4072 v.
716 4016 946 4088 36-38).
979 4017 1051 4070 Ita
1099 4015 1256 4070 etiam
1287 4013 1501 4085 quando
1544 4013 1706 4066 voluit
1745 4015 2004 4068 suscitare

437 4108 600 4163 filium
629 4108 800 4164 vidua:
823 4149 837 4174 ,
877 4123 997 4162 cum
1025 4115 1190 4162 totum
1234 4105 1470 4175 seipsum
1501 4104 1856 4174 expandisset,
1884 4120 2000 4158 eam

433 4206 600 4260 edidit
630 4207 1076 4261 resurrectionem
1097 4247 1113 4272 ,
1162 4220 1268 4260 non
1305 4204 1503 4258 fractus
1527 4242 1545 4268 ,
1574 4219 1743 4273 neque
1771 4203 2003 4258 oscitans

435 4299 572 4354 sicut
606 4315 724 4365 nos,
765 4299 858 4355 sed
887 4301 1048 4353 animi
1095 4300 1147 4354 in
1190 4298 1393 4352 orando
1432 4297 1705 4350 alacritate
1757 4295 2003 4350 incensus

435 4392 530 4458 (5.
566 4391 689 4463 Reg.
720 4392 806 4446 17.
853 4391 1094 4462 19.-22).
1139 4390 1274 4459 Quid
1313 4400 1488 4446 autem
1533 4389 1654 4446 dico
1695 4389 1896 4444 Heliam
1948 4399 2004 4445 et

434 4492 644 4539 sanctos
672 4484 826 4538 illos?

507 4573 744 4628 Mulieres
788 4573 1019 4644 quadam
1053 4589 1169 4628 cum
1205 4573 1441 4647 lacrumis
1485 4572 1736 4641 precando
1765 4612 1780 4638 ,
1831 4579 2003 4638 aptata

434 4668 732 4734 impetrant;
768 4664 902 4719 Ister
926 4682 1014 4719 seu
1043 4664 1305 4718 Danubius
1352 4680 1488 4734 stupe
1526 4663 1687 4736 glacie
1713 4661 1999 4716 concrescit.

433 4783 502 4797 -—-
534 4757 645 4811 Vidi
671 4771 814 4825 saepe
841 4757 1090 4810 mulieres
1113 4764 1332 4825 propter
1353 4756 1525 4810 virum
1575 4753 2002 4824 peregrinantem

433 4857 486 4900 ct
508 4847 758 4902 infantem
808 4857 1154 4917 aigrotautem
1183 4847 1254 4901 ita
1283 4845 1348 4900 de
1373 4846 1648 4917 profundis
1672 4855 1885 4900 orantes
1903 4886 1917 4908 ,
1949 4851 2005 4898 et

436 4946 607 4990 tantos
634 4939 808 4994 fotttes
830 4939 1180 5008 lacrymarum
1206 4937 1529 5004 emittentes,
1563 4947 1620 4991 ut
1649 4937 1860 4991 tandem
1891 4935 2002 4990 voti

435 5029 516 5082 sui
542 5038 725 5084 essent
758 5034 1056 5098 compotes.
1101 5028 1154 5082 Si
1183 5037 1358 5083 autem
1403 5029 1654 5083 mulieres
1695 5028 1764 5084 ita
1791 5027 2002 5082 inﬂam-

433 5132 651 5174 mantur
680 5119 732 5183 in
775 5116 1107 5172 orationibus
1142 5133 1236 5186 pro
1264 5119 1377 5172 viro
1415 5127 1469 5174 et
1510 5119 1730 5184 infante,
1760 5133 2003 5189 quaenam

431 5210 552 5264 viro
579 5207 732 5262 venia
779 5206 1011 5270 dabitur,
1055 5208 1144 5276 qui
1189 5207 1362 5262 anima
1402 5218 1576 5264 morte
1603 5208 1789 5263 affecta
1830 5207 2007 5262 mollis

431 5308 514 5355 est
538 5307 593 5353 et
621 5294 935 5366 languidus?
962 5294 1096 5348 Hinc
1127 5296 1301 5363 itaque
1347 5298 1422 5361 fit,
1459 5307 1516 5353 ut
1551 5311 1672 5352 cum
1711 5311 1852 5365 δίκερε
1879 5311 2005 5351 ore-

435 5404 578 5455 mus,
606 5400 795 5443 rursus
823 5385 1012 5438 inanes
1039 5393 1384 5440 revertamur.
1404 5387 1538 5442 Audi
1557 5387 1825 5457 quomodo
1846 5388 2002 5443 Anna

437 5480 627 5536 orabat
657 5477 725 5533 de
779 5473 1088 5546 profundis,
1115 5474 1406 5540 cujusmodi
1438 5477 1608 5532 fontes
1653 5477 2004 5548 lacrymarum

435 5572 746 5638 emittebat,
789 5564 1058 5638 quomodo
1106 5578 1202 5633 per
1248 5568 1536 5623 orationem
1585 5568 1907 5623 evehebatur
1952 5570 2004 5626 in

435 5663 662 5720 sublime
689 5662 766 5732 (1.
798 5659 924 5730 Reg.
972 5657 1022 5710 1.
1071 5656 1154 5710 10.
1190 5652 1297 5724 il).
1335 5657 1433 5724 Qui
1470 5661 1612 5715 enim
1643 5661 1712 5714 ita
1740 5674 2002 5733 precatur,

441 5754 598 5812 etiam
644 5761 929 5826 antequam
961 5755 1316 5816 consequatur
1336 5745 1478 5818 quod
1502 5752 1763 5821 postulat.
1788 5770 1851 5810 ex
1880 5771 2003 5812 ora-

1523 358 1874 418 EXPOSITIO
1916 355 1978 410 1N
2021 353 2340 409 PSALMUM
2378 353 2617 408 CXXIX.

3569 359 3672 413 371

2106 469 2248 524 tione
2275 484 2460 535 magna
2488 468 2626 522 bona
2655 469 2896 538 percipit,
2919 483 3106 524 omnes
3133 473 3290 526 animi
3320 470 3670 542 perturbatio-

2102 574 2197 613 nes
2243 559 2558 627 reprimens,
2610 557 2742 612 iram
2785 556 3016 622 sedans,
3066 558 3313 614 invidiam
3357 561 3671 630 expellens,

2099 647 2436 718 cupiditatem
2465 648 2840 717 exstinguens,
2884 662 3058 701 rerum
3089 648 3154 700 ad
3200 649 3359 702 vitam
3396 651 3671 719 pertinen-

2103 740 2234 794 tium
2277 754 2514 794 amorem
2551 738 2846 792 diminuens
2891 746 2945 791 et
2989 737 3298 798 exsiccans,
3335 739 3569 794 animum
3619 740 3673 794 in

2101 844 2292 899 magna
2339 828 2714 897 tranquillitate
2755 827 3104 889 constituens,
3136 827 3189 880 in
3222 827 3392 896 ipsum
3443 828 3674 897 denique

2099 921 2291 976 cadum
2339 919 2656 974 ascendens.
2685 917 3142 984 Quemadmodum
3172 918 3316 972 enim
3363 917 3541 988 pluvia
3570 918 3675 972 du-

2099 1028 2215 1068 ram
2245 1021 2441 1067 terram
2467 1051 2484 1075 ,
2511 1010 2570 1064 in
2595 1023 2755 1079 quam
2786 1008 3003 1071 decidit,
3035 1008 3117 1063 vel
3163 1007 3295 1077 ignis
3323 1008 3520 1062 ferrum
3547 1007 3674 1064 moi.

2100 1104 2160 1159 lit
2191 1122 2203 1158 :
2235 1105 2307 1159 ita
2334 1103 2475 1157 vitiis
2502 1101 2806 1157 induratum
2833 1101 3067 1156 animum
3111 1101 3230 1156 talis
3268 1101 3442 1156 oratio
3469 1110 3524 1156 et
3551 1101 3674 1171 igne

2101 1193 2486 1257 vehementius,
2513 1202 2568 1248 et
2594 1193 2872 1262 plusquam
2903 1193 3075 1261 pluvia
3098 1193 3268 1246 mollit
3297 1201 3350 1246 et
3377 1193 3670 1248 humectat.

2099 1283 2193 1338 Est
2220 1283 2362 1338 enim
2391 1283 2564 1336 anima
2590 1293 2775 1337 tenera
2805 1291 2858 1336 et
2897 1282 2963 1335 ad
2997 1281 3296 1351 fingendum
3331 1283 3500 1338 facilis
3532 1300 3547 1338 τ
3577 1283 3668 1338 sed

2097 1373 2237 1444 quod
2276 1373 2394 1427 lstri
2427 1387 2578 1442 aqua:
2628 1388 2769 1442 saepe
2811 1373 3010 1438 evenit,
3062 1381 3117 1426 ut
3141 1372 3308 1443 glacie
3335 1386 3668 1438 concrescat,

2097 1465 2148 1520 id
2176 1467 2335 1519 etiam
2379 1478 2574 1519 nostra:
2595 1464 2787 1519 accidit
2820 1465 3029 1529 animm,
3087 1474 3145 1518 nt
3185 1481 3215 1519 a
3260 1477 3480 1536 peccato
3507 1476 3562 1522 et
3581 1478 3671 1519 so-

2096 1556 2274 1610 cordia
2325 1555 2630 1611 indurescat
2680 1566 2734 1611 et
2771 1555 3078 1625 lapides-cat.
3122 1556 3310 1625 Magno
3351 1573 3478 1627 ergo
3519 1557 3671 1612 nobis

2096 1648 2274 1702 calore
2297 1662 2432 1716 opus
2453 1655 2553 1710 est,
2581 1654 2640 1701 ut
2665 1646 2805 1717 quod
2832 1647 3018 1701 durum
3044 1657 3124 1701 est
3144 1646 3404 1702 emolliat.
3435 1648 3545 1702 Hoc
3573 1664 3671 1703 au-

2099 1746 2204 1793 tem
2251 1739 2478 1793 maxime
2520 1737 2682 1793 efficit
2719 1739 2906 1794 oratio.
2955 1739 3178 1805 Quando
3206 1753 3333 1809 ergo
3374 1741 3667 1795 orationem

2095 1828 2420 1899 aggrederis,
2451 1844 2518 1884 ne
2548 1829 2650 1883 hoc
2678 1829 2849 1884 solum
2879 1845 3086 1898 quuzras
3118 1839 3174 1884 ut
3197 1829 3338 1899 quod
3370 1831 3504 1898 petis
3521 1832 3662 1886 acci-

2097 1922 2254 1991 pias:
2286 1921 2380 1977 sed
2409 1921 2568 1976 etiam
2612 1930 2669 1976 ut
2715 1921 2766 1975 in
2801 1921 2913 1990 ipsa
2955 1923 3198 1976 oratione
3248 1922 3478 1978 animam
3526 1931 3668 1980 tuam

2097 2013 2370 2066 meliorem
2396 2011 2616 2067 efﬁcias.
2646 2012 2775 2066 Nam
2804 2011 2908 2066 hoc
2927 2027 3136 2082 quoque
3159 2021 3240 2066 est
3267 2029 3457 2066 munus
3476 2013 3672 2067 oratio-

2096 2103 2200 2158 nis.
2219 2102 2319 2170 Qui
2349 2104 2417 2157 ita
2449 2111 2586 2168 orat,
2612 2104 2669 2157 fit
2698 2103 2762 2157 iis
2788 2118 2906 2173 qua:
2936 2103 3001 2157 ad
3028 2102 3166 2156 hanc
3193 2102 3352 2157 vitam
3375 2103 3664 2173 pertinent,

2097 2195 2356 2266 superior,
2375 2205 2552 2250 mente
2569 2194 2860 2261 extollitur,
2878 2195 3050 2249 levem
3075 2194 3249 2248 reddit
3267 2195 3662 2265 cogitationem,

2098 2287 2241 2342 nulla
2293 2288 2688 2358 perturbatione
2734 2289 2896 2342 animi
2939 2287 3241 2356 impeditur.
3291 2286 3367 2341 De
3406 2289 3671 2359 profundis

2097 2378 2309 2432 clamavi
2346 2377 2415 2432 ad
2440 2389 2486 2432 te
2505 2419 2519 2444 ,
2548 2376 2780 2432 Domine.
2814 2378 2927 2432 Duo
2973 2378 3059 2432 hic
3084 2378 3256 2448 ponit,
3287 2385 3343 2432 et
3390 2377 3541 2443 illud,
3593 2377 3670 2431 De

2098 2468 2387 2538 profundis,
2417 2477 2472 2525 et
2495 2467 2616 2530 hoc.
2638 2469 2952 2524 clamavisse
2985 2485 2998 2523 :
3030 2469 3324 2524 clamorem
3353 2484 3458 2523 non
3491 2469 3672 2523 dicens

2100 2567 2282 2614 tonum
2311 2558 2474 2624 vocis,
2507 2559 2602 2615 sed
2641 2560 2976 2615 affectionem
3020 2559 3202 2614 animi.
3233 2560 3463 2625 Domine,
3490 2559 3672 2613 exaudi

2100 2665 2268 2704 vocem
2317 2667 2498 2705 meam.
2531 2650 2666 2706 Hinc
2705 2650 2809 2705 duo
2838 2650 3110 2715 discimus,
3151 2665 3343 2719 nempe
3371 2663 3469 2704 nos
3496 2663 3527 2704 a
3562 2650 3674 2704 Deo

2109 2742 2354 2795 absolute
2384 2741 2671 2810 impetrare
2694 2755 2798 2795 non
2819 2755 2996 2810 posse,
3017 2741 3115 2794 nisi
3145 2749 3324 2793 nostra
3345 2754 3554 2809 quoque
3580 2739 3672 2793 ad-

2102 2833 2300 2889 fuerint
2328 2852 2341 2888 :
2372 2834 2620 2905 quocirca
2654 2833 2798 2904 prius
2836 2834 2984 2898 dicit,
3024 2831 3103 2886 De
3129 2832 3398 2903 profundis
3433 2830 3669 2896 clamavi,

2103 2935 2156 2983 et
2184 2936 2329 2994 tunc,
2362 2926 2565 2982 Exaudi
2595 2942 2613 2991 ;
2638 2925 2832 2980 deinde
2857 2924 3152 2979 orationem
3183 2923 3467 2988 intonsam,
3511 2921 3671 2977 vehe-

2104 3029 2358 3082 mentem,
2388 3026 2442 3072 et
2472 3017 2680 3086 plenam
2712 3015 2959 3086 lacrymis
2987 3014 3434 3084 compunctionis,
3455 3027 3672 3084 magnas

2105 3109 2302 3164 habere
2332 3109 2472 3162 vires
2514 3107 2622 3160 Deo
2648 3105 3019 3176 persuadendi,
3072 3115 3129 3160 ιιι
3168 3105 3232 3158 iis
3258 3119 3378 3174 qua:
3425 3103 3674 3159 dicuntur

2103 3206 2319 3254 annuat.
2345 3197 2634 3269 Tamquam
2662 3197 2804 3251 enim
2830 3209 3078 3264 magnum
3108 3202 3161 3248 et
3198 3193 3507 3264 praeclarum
3546 3193 3670 3263 quid

2105 3289 2338 3354 fecisset,
2387 3295 2444 3343 et
2495 3296 2674 3356 partes
2718 3298 2842 3339 suas
2898 3284 3188 3353 implesset,
3246 3284 3315 3337 ita
3363 3283 3670 3353 subiunxit:

2104 3378 2338 3444 Domine,
2361 3378 2545 3432 exaudi
2567 3393 2732 3431 uocem
2753 3392 2932 3430 meam.
2954 3377 3011 3432 ‘2.
3036 3374 3186 3428 Fiant
3213 3391 3358 3429 aures
3384 3386 3485 3428 tua:
3508 3376 3670 3430 inten-

2102 3471 2274 3525 dentes
2315 3471 2368 3524 in
2407 3485 2572 3524 vocem
2623 3468 2988 3538 deprecationis
3027 3483 3174 3523 meat.
3222 3468 3391 3522 Aures
3416 3465 3546 3523 dicit
3583 3483 3676 3521 an-

2101 3564 2278 3620 diendi
2304 3562 2600 3618 facultatem
2629 3580 2641 3616 :
2669 3572 2722 3617 et
2745 3577 2931 3617 rursus
2952 3577 3138 3617 vocem
3181 3578 3286 3617 non
3317 3562 3674 3617 intensiouom

2106 3658 2347 3725 spiritus,
2378 3671 2478 3711 nec
2504 3655 2792 3711 clamorem
2835 3656 3158 3725 significans,
3187 3655 3281 3710 sed
3313 3655 3575 3710 intensam
3601 3656 3673 3708 af-

2104 3748 2408 3806 fectionem.
2449 3747 2502 3802 '5.
2533 3747 2594 3802 Si
2621 3746 2906 3816 iniquitates
2934 3745 3285 3812 observaveris,
3309 3744 3543 3812 Domine,
3571 3745 3675 3800 Do-

2105 3841 2257 3905 mine,
2282 3839 2392 3906 quis
2419 3837 2718 3892 sustinebit?
2744 3836 2821 3891 Ne
2848 3837 2967 3905 quis
2993 3837 3133 3891 enim
3159 3837 3320 3903 dicat,
3341 3837 3468 3892 Sum
3492 3851 3677 3906 pecca-

2107 3941 2225 3996 tor,
2255 3941 2308 3986 et
2351 3930 2537 4000 plenus
2589 3930 2741 3984 malis
2788 3929 3282 3994 innumerabilibus,
3328 3944 3433 3984 non
3461 3943 3676 3998 possum

2098 4023 2381 4091 accedere,
2435 4037 2610 4085 orare,
2655 4031 2711 4074 et
2752 4019 2918 4072 Deum
2975 4021 3245 4084 invocare,
3293 4019 3431 4075 hanc
3485 4020 3678 4074 tollens

2106 4114 2530 4178 excusationem,
2555 4111 2615 4166 Si
2641 4110 2929 4178 iniquitates
2967 4109 3322 4174 observaveris,
3351 4111 3539 4180 inquit,
3569 4110 3677 4164 Do-

2105 4207 2257 4270 mine,
2289 4204 2517 4268 Domine,
2559 4204 2669 4273 quis
2703 4200 3001 4257 sustinebit?
3025 4199 3156 4256 Nam
3206 4201 3353 4264 illud,
3391 4201 3536 4266 Quis,
3587 4203 3674 4255 hic.

2105 4297 2283 4352 nullus
2303 4304 2405 4352 est.
2435 4295 2615 4366 Neque
2639 4294 2778 4349 enim
2817 4291 2930 4348 ﬁeri
2959 4301 3150 4362 potest,
3179 4300 3236 4345 ut
3261 4292 3304 4346 si
3351 4307 3528 4348 rerum
3555 4305 3585 4347 a
3621 4308 3682 4348 so

2104 4398 2373 4460 gestarum
2400 4401 2607 4441 summo
2633 4387 2753 4456 jure
2777 4385 2845 4440 ab
2889 4384 2995 4439 ullo
3021 4382 3262 4452 exigatur
3310 4387 3465 4450 ratio,
3511 4384 3684 4454 possit

2105 4495 2355 4550 umquam
2390 4478 2804 4534 miscricordiam
2845 4486 2900 4532 et
2926 4478 3260 4535 clementiam
3286 4478 3558 4548 consequi.

2173 4573 2228 4628 2.
2261 4573 2386 4627 Haec
2405 4583 2581 4626 autem
2610 4571 2856 4636 dicimus,
2884 4587 2988 4626 non
3019 4571 3356 4641 impellentes
3373 4571 3583 4626 animos
3616 4574 3668 4624 in

2106 4663 2424 4730 socordiam,
2447 4662 2542 4718 sed
2563 4677 2658 4716 eos
2678 4663 3037 4728 consolantes,
3062 4662 3151 4732 qui
3178 4661 3375 4717 cadunt
3404 4662 3456 4716 in
3482 4661 3670 4730 despe-

2106 4757 2388 4812 rationem.
2439 4753 2565 4819 Quis
2601 4754 2734 4808 enim
2775 4753 3071 4824 gloriabitur
3115 4769 3170 4807 se
3209 4753 3452 4810 mundum
3499 4752 3679 4807 habere

2107 4863 2216 4909 cor,
2245 4856 2333 4899 aut
2361 4847 2473 4915 quis
2497 4846 2804 4912 confidenter
2829 4845 2958 4900 dicet
2993 4861 3048 4900 se
3086 4859 3193 4900 esse
3208 4861 3388 4917 parum
3412 4861 3445 4899 α
3465 4847 3680 4917 peccatis

2108 4937 2289 5011 (Prov.
2318 4936 2407 5001 20,
2438 4937 2531 5005 9)?
2573 4937 2640 4990 Et
2659 4936 2786 5005 quid
2816 4938 2934 4992 dico
2953 4936 3126 4991 alios?
3149 4935 3282 4992 Nam
3308 4937 3518 4992 etiamsi
3541 4937 3679 4991 Pau-

2108 5031 2214 5085 lum
2243 5031 2296 5084 in
2328 5028 2559 5084 medium
2601 5028 2894 5094 adduxere,
2920 5040 3184 5084 eteorum
3214 5045 3333 5101 qua:
3362 5027 3486 5084 fecit
3514 5027 3678 5082 ratio-

2113 5137 2235 5178 nem
2261 5136 2473 5175 summo
2496 5120 2614 5190 jure
2643 5133 2894 5189 exegero,
2940 5134 3011 5176 ne
3037 5121 3228 5190 poterit
3256 5119 3468 5190 quidem
3515 5115 3677 5171 susti-

2109 5227 2257 5267 nere.
2287 5208 2423 5280 Quid
2451 5209 2593 5264 enim
2619 5209 2814 5279 poterit
2840 5207 3062 5264 dicere?
3106 5209 3393 5277 Prophetas
3422 5204 3568 5275 legit,
3617 5212 3675 5257 ut

2113 5305 2201 5374 qui
2227 5304 2359 5373 legis
2394 5303 2576 5372 patriae
2601 5311 2748 5358 esset
2773 5301 2998 5372 diligens
3023 5300 3298 5356 aemulator
3327 5315 3344 5354 :
3370 5297 3518 5366 signa
3545 5295 3676 5350 vidit

2109 5409 2228 5464 qua:
2281 5392 2499 5457 flebant,
2538 5401 2593 5448 et
2638 5402 2812 5447 tamen
2861 5392 3110 5447 manebat
3157 5395 3508 5459 persequutor
3535 5401 3550 5438 :
3581 5401 3680 5443 nec

2110 5487 2256 5556 prius
2292 5483 2495 5538 destitit
2517 5499 2674 5554 quam
2697 5482 3061 5538 admirabilem
3098 5479 3241 5534 illam
3278 5479 3533 5536 visionem
3560 5494 3680 5536 sua-

2108 5577 2290 5646 cepit,
2341 5583 2396 5631 et
2437 5587 2624 5630 vocem
2665 5574 2865 5629 audivit
2918 5567 3252 5628 terribilem:
3299 5581 3458 5628 antea
3501 5579 3678 5627 autem

2109 5667 2315 5724 mansit
2346 5665 2523 5722 omnia
2575 5675 2770 5734 susque
2802 5661 2975 5734 deque
3022 5663 3348 5732 permiscens
3373 5671 3430 5719 et
3453 5659 3684 5719 confum.

2109 5758 2258 5816 dens.
2286 5756 2392 5814 Illis
2419 5765 2593 5812 tamen
2615 5755 2858 5812 omnibus
2887 5753 3258 5826 praetermissis
3283 5753 3421 5811 Deus
3444 5763 3498 5810 et
3524 5769 3681 5811 voca-
