4116 6204
417 358 527 412 875

424 479 516 544 vit,
543 487 593 530 et
615 488 800 541 magna
822 475 986 542 gratia
1012 471 1227 540 dignum
1255 474 1480 527 censuit.
1513 470 1648 538 Quid
1678 485 1807 524 vero
1834 483 1992 538 cory-

417 569 629 635 plunum
651 566 794 619 illmn
823 563 1033 618 Petrum
1054 565 1078 614 '.'
1101 578 1206 617 non
1237 571 1351 631 post
1367 559 1766 615 innumerabilia
1786 559 1932 628 signa
1944 564 1998 610 et

422 659 708 722 miracula,
750 665 1055 726 tantamque
1081 654 1525 708 oadmonitionem
1569 661 1625 706 et
1670 649 1996 705 exhortatio-

415 764 564 815 nem,
583 748 754 816 arguit
773 747 823 802 in
854 747 1220 818 gravissimum
1241 746 1386 799 illum
1413 745 1615 812 lapsum
1634 741 1922 821 cecidisse?
1939 739 1999 796 ll-

418 841 509 892 luet
539 850 713 894 tamen
742 839 1100 908 prastermisit,
1129 846 1183 892 et
1211 836 1572 906 apostolorum
1607 849 1729 890 eum
1767 833 1996 904 primum

420 931 713 986 eoastituit.
750 931 812 984 Et
851 930 970 985 ideo
990 929 1122 982 dixit
1146 945 1159 980 :
1186 928 1386 992 Simon,
1419 926 1620 990 Simon,
1643 941 1752 979 ecce
1771 923 1999 993 expetivit

427 1037 633 1078 satanas
664 1025 884 1076 cribrnre
907 1031 953 1076 te
975 1032 1226 1092 tamquam
1257 1019 1475 1073 triticum
1504 1033 1523 1072 :
1552 1034 1644 1088 ego
1669 1028 1834 1071 autem
1863 1015 2001 1070 oravi

421 1133 513 1184 pro
535 1126 602 1179 te,
628 1132 688 1168 ne
709 1113 911 1181 deﬁciat
927 1111 1051 1182 ﬁdes
1073 1122 1158 1164 tua
1179 1110 1330 1180 (Luc.
1352 1111 1442 1164 22.
1459 1112 1544 1166 51.
1565 1109 1677 1179 '52).
1697 1109 1862 1163 Porro
1883 1115 2002 1176 post

423 1209 753 1274 lnecquoque
772 1205 814 1257 si
837 1219 939 1257 non
957 1217 1075 1257 cum
1094 1201 1452 1256 misericordia
1470 1200 1812 1257 etclementia
1827 1199 2003 1252 veniat

421 1294 487 1349 ad
510 1295 878 1363 judicandum,
908 1293 1001 1349 sed
1017 1294 1273 1347 rationem
1285 1291 1823 1360 summojureexigat,
1849 1289 2001 1359 plane

427 1387 657 1441 inveniet
703 1400 892 1440 omnes
929 1399 1054 1440 reos
1091 1393 1146 1440 et
1173 1385 1452 1440 obnoxios.
1509 1383 1768 1450 Quocirca
1798 1383 1991 1437 Paulus

427 1492 639 1546 quoque
665 1477 874 1532 dicebat
904 1495 917 1530 :
963 1473 1113 1529 Nihil
1138 1475 1260 1529 mihi
1285 1475 1515 1528 conscius
1539 1491 1671 1531 sum.
1705 1473 1792 1526 sed
1816 1489 1918 1526 non
1948 1473 2001 1526 in

429 1573 523 1622 hoc
539 1570 850 1639 justiﬁeatns
879 1584 988 1622 sum
1015 1566 1034 1636 (
1062 1569 1110 1620 l.
1140 1566 1258 1621 Cor.
1279 1567 1334 1620 4.
1385 1565 1462 1637 ι).
1489 1564 1548 1620 Si
1586 1565 1867 1634 iniquitates
1915 1563 2003 1617 ob-

425 1663 729 1726 servaveris,
778 1661 1024 1727 Domine,
1065 1660 1296 1714 Domine.
1331 1658 1597 1728 Repetitio
1647 1667 1729 1712 est
1773 1672 1877 1710 non
1927 1666 2004 1710 te-

426 1769 592 1816 mere,
626 1769 722 1808 nec
752 1753 848 1806 abs
895 1768 974 1816 re,
1007 1751 1100 1805 sed
1127 1751 1440 1804 admirantis
1484 1757 1538 1804 et
1575 1749 1836 1816 stupentis
1871 1747 2001 1801 insi-

424 1861 581 1913 gnem
609 1845 724 1913 ejus
755 1842 1116 1908 clementiam,
1148 1851 1201 1896 et
1240 1840 1502 1896 inﬁnitam
1554 1839 1909 1910 majestatem,
1949 1847 2003 1892 et

427 1946 632 1988 vastum
687 1933 906 2004 pelagus
953 1933 1069 2002 ejus
1099 1933 1348 1986 bonitatis
1381 1931 1477 2002 (a).
1533 1932 1657 1999 Quis
1703 1929 2003 1984 sustinebit?

425 2025 538 2080 Non
561 2025 710 2087 dixit,
743 2025 872 2092 Quis
898 2023 1152 2094 effugiet?
1195 2023 1308 2090 sed,
1351 2023 1475 2091 Quis
1517 2021 2002 2091 sustinebit?sigui-

427 2121 588 2172 ticaus
616 2117 756 2186 quod
794 2131 890 2170 nec
920 2126 1064 2170 stare
1093 2114 1307 2184 quidem
1352 2114 1562 2182 poterit.
1605 2115 1658 2167 4.
1707 2113 1838 2180 Quia
1865 2112 2004 2180 apud

425 2219 472 2260 te
498 2208 786 2279 propitiatio
809 2217 897 2262 est.
920 2205 1055 2273 Quid
1081 2214 1182 2270 est,
1205 2206 1354 2276 Apud
1383 2215 1428 2258 te
1449 2205 1738 2276 propitiatio
1758 2215 1827 2258 est
1847 2204 2000 2262 ?Non

428 2305 478 2355 in
527 2300 743 2366 nostris,
794 2301 985 2370 inquit,
1018 2306 1164 2352 recte
1194 2297 1344 2351 factis
1367 2337 1382 2362 ,
1414 2297 1510 2352 sed
1535 2297 1587 2350 in
1634 2306 1727 2350 tua
1767 2297 2002 2351 bonitate

427 2393 552 2445 licet
601 2390 833 2460 effugere
859 2389 1198 2459 supplicium.
1229 2387 1298 2443 Ut
1330 2387 1586 2458 judicium
1618 2387 1759 2441 enim
1787 2388 1999 2458 effugia-

426 2497 566 2549 mus,
617 2483 667 2534 in
701 2492 787 2535 tua
833 2480 1116 2536 clementia
1147 2479 1308 2532 situm
1348 2488 1450 2534 est.
1478 2478 1628 2546 Quod
1675 2479 1720 2534 si
1749 2494 1864 2532 eam
1895 2493 2000 2533 non

427 2574 680 2628 fuerimus
705 2573 996 2644 assequuti,
1031 2582 1209 2628 nostra
1242 2587 1348 2626 non
1395 2570 1664 2626 sul‘liciunt
1700 2573 1766 2627 ad
1799 2586 1896 2627 nos
1935 2573 2001 2626 ab

426 2665 500 2717 ira
529 2665 700 2719 futura
719 2664 1039 2734 eripiendos.

497 2759 549 2811 5.
592 2759 701 2813 Hoc
743 2759 903 2812 etimu
935 2771 1030 2826 per
1062 2756 1371 2828 prophetam
1417 2755 1718 2826 significans
1747 2755 1954 2811 dicebat
1985 2775 1997 2810 :

431 2848 539 2918 Ego
565 2866 675 2903 sum
714 2848 798 2915 qui
844 2848 984 2902 deleo
1026 2848 1308 2918 iniquitates
1346 2857 1457 2902 tuas
1489 2847 1766 2918 (lsai.45.
1799 2847 1921 2919 25).
1945 2848 1999 2903 Id

424 2950 533 3006 est,
569 2941 677 2995 lloc
704 2949 782 2993 est
821 2954 1018 3000 meum.
1062 2952 1192 2992 mea:
1219 2937 1490 3003 bonitatis,
1525 2951 1658 2993 mea:
1682 2937 1997 2992 clementiae.

424 3033 552 3086 Nam
600 3047 718 3102 qua:
751 3039 835 3084 tua
860 3038 1004 3094 sunt,
1036 3044 1140 3083 non
1179 3028 1450 3083 sufficiunt
1500 3043 1746 3098 umquam
1779 3039 1834 3083 ut
1861 3036 1912 3083 te
1941 3028 2004 3084 li-

426 3126 610 3178 bereut
663 3137 690 3174 a
742 3121 1018 3190 supplicio,
1073 3119 1172 3173 nisi
1212 3134 1326 3174 mea
1353 3119 1568 3174 accedat
1607 3118 1904 3175 clementia.
1937 3118 2004 3172 Et

428 3228 626 3276 rursus,
661 3211 772 3282 Ego
794 3228 876 3265 vos
891 3211 1126 3266 sustineo.
1163 3207 1382 3278 PrOpter
1409 3225 1588 3262 nomen
1622 3218 1760 3261 tuum
1785 3209 2003 3263 sustinui

425 3317 505 3372 te,
561 3305 793 3359 Domine.
853 3303 1102 3358 Sustinuit
1147 3302 1318 3354 anima
1364 3317 1474 3354 mea
1512 3302 1564 3355 in
1609 3301 1808 3356 uerbum
1862 3311 2002 3355 tuum

434 3396 604 3465 (Isai.
634 3396 724 3449 46.
771 3395 866 3464 ὦ).
922 3381 978 3448 5.
1025 3392 1260 3461 Speravit
1287 3391 1457 3444 anima
1504 3408 1616 3445 mea
1663 3392 1716 3445 in
1761 3391 1998 3446 Domino.

426 3489 592 3554 Alius,
637 3486 855 3555 Propter
897 3485 1054 3555 legem
1096 3492 1256 3540 tuam.
1289 3483 1437 3538 Alius
1479 3497 1682 3550 rursus,
1715 3481 1780 3537 Ut
1818 3498 2004 3552 cogno-

425 3589 592 3630 scatur
630 3575 828 3631 uerbum
867 3586 1008 3628 tuum
1050 3572 1146 3644 (b).
1193 3572 1344 3641 Quod
1370 3583 1544 3627 autem
1570 3573 1715 3639 dicit,
1745 3583 1827 3628 est
1853 3574 1999 3643 ejus-

429 3671 590 3724 modi.
650 3670 870 3738 Propter
908 3667 1264 3731 clementiam,
1315 3677 1530 3736 propter
1577 3681 1767 3720 nomen
1811 3674 1998 3734 tuum,

428 3769 642 3830 promer
683 3759 852 3829 legem
887 3765 1028 3812 tuam
1058 3756 1356 3826 exspectavi
1395 3756 1617 3810 salutem
1645 3774 1658 3810 :
1685 3771 1804 3810 nam
1857 3757 1900 3810 si
1934 3757 1998 3810 ad

431 3867 544 3904 mea
567 3851 939 3920 respexissent,
957 3849 1067 3918 jam
1088 3847 1212 3901 olim
1231 3847 1616 3917 desperassent,
1639 3847 1766 3902 olim
1787 3863 1999 3902 omnem

431 3942 672 3995 fiduciam
697 3939 1010 4010 abjecissem
1040 3956 1053 3992 :
1077 3953 1218 3993 nunc
1237 3947 1414 3992 autem
1439 3938 1607 4009 legem
1644 3947 1786 3992 tuam
1807 3947 1859 3992 et
1883 3953 2002 3993 rer-

429 4033 552 4086 bum
583 4041 726 4086 tuum
743 4030 1044 4096 attendens,
1063 4031 1256 4085 bonam
1278 4044 1425 4100 spem
1441 4029 1702 4100 concipio.
1724 4029 2000 4096 Quodnam

428 4123 686 4178 verbum?
711 4121 938 4177 Verbum
967 4122 1296 4186 clementiae;
1319 4121 1430 4190 ipse
1456 4120 1597 4175 enim
1619 4129 1704 4174 est
1720 4123 1808 4191 qui
1833 4120 1995 4176 dicit:

431 4214 688 4282 Quantum
707 4213 859 4268 distat
885 4212 1061 4268 celum
1083 4229 1114 4266 α
1152 4222 1305 4278 terra,
1337 4220 1529 4264 tantum
1565 4211 1754 4265 distant
1793 4213 2001 4266 consilia

427 4321 537 4358 mea
587 4320 619 4357 a
654 4305 864 4358 consilio
897 4313 1078 4369 vestro,
1108 4310 1155 4355 et
1179 4303 1272 4354 uia:
1313 4316 1438 4354 mea:
1461 4317 1491 4353 a
1515 4302 1606 4354 uiis
1634 4303 1806 4354 vestris
1832 4299 1997 4370 (Isai.

425 4397 515 4451 59.
545 4394 637 4464 9).
665 4394 734 4448 Et
759 4407 942 4448 rursus
969 4410 985 4447 :
1015 4391 1304 4446 Secundum
1325 4391 1635 4444 altitudinem
1663 4392 1774 4444 cadi
1810 4408 1841 4444 a
1867 4401 2000 4446 terra

426 4487 742 4557 conﬁrmauit
763 4485 1009 4539 Dominus
1027 4483 1419 4536 misericordiam
1439 4497 1582 4535 suam
1604 4497 1756 4550 super
1774 4483 2001 4536 timentes

425 4580 590 4646 ipsum
635 4575 819 4649 (Psal.
867 4573 988 4629 102.
1019 4574 1079 4628 Η
1104 4574 1146 4644 ).
1173 4571 1242 4626 Et
1264 4586 1447 4626 rursus
1489 4587 1504 4624 :
1550 4571 1804 4634 Quantum
1851 4571 2000 4626 distat

426 4669 592 4722 oriens
630 4667 694 4720 ab
749 4683 951 4730 occasu,
995 4664 1171 4735 procul
1216 4663 1423 4716 remouit
1469 4677 1501 4714 ο
1530 4661 1673 4715 nobis
1717 4664 2000 4732 iniquitates

426 4768 620 4811 nostras
651 4755 824 4829 (ibid.
845 4771 905 4809 tt.
940 4753 1070 4826 12).
1100 4752 1213 4808 Hoc
1239 4761 1324 4808 est
1342 4794 1358 4820 ,
1385 4751 1499 4808 Non
1527 4767 1620 4807 eos
1648 4761 1850 4807 tantum
1881 4769 1996 4808 ser-

428 4848 543 4901 vavi
569 4847 656 4915 qui
682 4862 742 4901 se
769 4855 911 4900 recte
934 4852 1234 4916 gesserunt,
1252 4843 1356 4898 sed
1382 4845 1592 4914 peperci
1620 4843 1780 4898 etiam
1811 4858 1998 4913 pecca-

426 4937 650 5002 toribus,
695 4945 750 4990 et
800 4934 937 4990 inter
984 4934 1175 4989 delicta
1222 4945 1308 4988 tua
1342 4933 1690 5005 patrocinium
1716 4949 1914 5000 meum,
1946 4944 2000 4990 et

425 5045 584 5098 quam
615 5029 688 5082 tui
715 5043 894 5083 curam
923 5042 1074 5098 gero,
1126 5027 1352 5081 ostendi.
1383 5027 1530 5082 Alius
1573 5028 1762 5098 inquit,
1824 5027 1892 5083 Ut
1929 5030 2000 5101 sis

422 5115 1041 5188 terribilis(c),e.'rspectaui
1064 5117 1356 5173 Dominum.
1381 5119 1653 5175 Terribilis
1677 5121 1762 5175 cui
1778 5121 1799 5174 i
1818 5120 1999 5175 Inimi-

488 5258 560 5320 (fl)
586 5254 720 5320 'Vox,
743 5252 1141 5320 bonitatis,gdeest
1164 5253 1390 5320 in_Savil.,
1411 5255 1556 5304 male.

481 5315 558 5382 (is)
590 5323 670 5366 use
685 5317 1118 5382 interpretationes
1139 5315 1320 5382 quinta;
1345 5323 1398 5366 ct
1417 5325 1571 5365 sexue
1603 5317 1868 5382 Fili-tionem
1887 5328 2000 5382 esse

424 5375 667 5446 videntur.
690 5385 803 5446 nam
826 5375 888 5446 in
911 5375 1393 5446 _ttexapl‘.s_'A_quilfe,
1428 5378 1685 5446 symmaebi
1705 5378 2002 5446 etftbeodo-

425 5442 570 5494 tionis
591 5439 828 5489 lectiones
848 5437 1084 5487 habentur
1113 5439 1174 5486 ab
1206 5437 1283 5486 bis
1307 5437 1530 5488 diverse.
1553 5437 1679 5488 Vide
1702 5441 1749 5487 ia
1774 5437 2000 5500 llexaplis

487 5573 1040 5652 {alternecnec
1059 5572 1128 5624 δίε
1146 5572 1818 5652 materiamaterie?“
1835 5555 1998 5652 ED5-

421 5633 601 5700 Aqujla
623 5642 676 5683 et
693 5633 990 5700 Theodotio,
1017 5637 1173 5685 ἕνεκεν
1213 5633 1300 5684 τοῦ
1327 5637 1493 5700 φρϐου,
1530 5634 1588 5684 ob
1630 5633 2002 5700 metum.'Sym-

423 5694 655 5751 machus,
695 5698 760 5763 ξν.
805 5713 852 5744 τ.
895 5694 1071 5758 νόμον,
1111 5705 1311 5761 propter
1337 5694 1539 5758 legem,
1582 5709 1638 5746 ac
1679 5700 1720 5748 si
1767 5694 1995 5763 legisset,

421 5777 564 5832 rium
595 5756 758 5858 μεθ,
779 5793 874 5826 axx
899 5756 965 5828 ἕν.
990 5796 1034 5829 τ.
1061 5756 1307 5843 suam“,
1331 5756 1530 5844 propter
1555 5793 1745 5832 nautea.

1236 355 1510 412 JUANNIS
1538 351 2010 410 (IIIRYSOSTOMI
2051 351 2361 406 ARCHIICI’.
2402 353 2932 406 CONSTANTINOP.

3585 357 3688 410 576

2111 469 2205 532 eis,
2239 466 2649 532 insidiatoribus,
2679 467 2740 521 iis
2768 469 2854 537 qui
2899 467 3024 520 llliitl
3054 467 3237 524 infensi
3265 465 3407 522 sunt.
3440 471 3579 537 Quid
3609 482 3688 522 ost

2105 570 2310 624 rursus,
2339 553 2561 626 PrOpter
2607 573 2784 610 nomen
2823 558 3007 611 tuum?
3044 558 3312 625 Quamvis,
3366 560 3557 628 inquit,
3589 575 3690 628 ego

2103 648 2201 702 sim
2228 659 2496 719 peccator,
2529 659 2581 704 et
2613 651 2800 718 plenus
2829 650 2981 704 malis
3010 651 3503 717 innumerabilibus,
3549 655 3687 708 scic-

2105 739 2224 794 ham
2255 750 2450 807 tamen,
2481 757 2548 796 ne
2574 757 2767 796 nomen
2818 755 2964 796 umm
3023 743 3413 812 profanaretur,
3469 745 3580 800 fore
3629 757 3684 800 ut

2103 846 2203 886 nos
2231 841 2512 902 pereuntes
2537 833 2756 888 minime
2780 833 3102 903 deSpieeres.
3135 834 3284 902 Quod
3313 836 3426 904 ipse
3473 851 3686 908 quoque

2102 920 2237 975 dixit
2263 923 2312 976 in
2345 923 2666 978 Ezechiele:
2700 921 2822 976 Non
2864 933 3070 993 propter
3124 940 3210 978 t'os
3259 941 3350 995 ego
3397 927 3550 996 facio,
3597 928 3684 982 sed

2105 1021 2310 1080 propter
2364 1029 2544 1066 nomen
2581 1030 2765 1079 meum,
2797 1024 2850 1067 ut
2898 1030 2996 1068 non
3037 1017 3331 1086 profanetur
3361 1017 3491 1071 inter
3517 1029 3686 1088 gentes

2109 1100 2334 1172 (Ezeclt.
2365 1104 2454 1158 56.
2484 1103 2554 1156 22
2581 1104 2621 1175 ).
2664 1105 2776 1159 lloe
2824 1115 2926 1168 est,
2968 1106 3073 1160 Nos
3103 1108 3314 1176 quidem
3345 1125 3450 1162 non
3501 1127 3685 1166 sumus

2106 1191 2248 1261 digni
2291 1193 2379 1261 qui
2433 1209 2726 1260 serventur,
2756 1211 2928 1264 neque
2973 1213 3035 1250 ex
3088 1198 3248 1252 rebus
3285 1213 3315 1251 tt
3347 1199 3500 1254 nobis
3523 1203 3686 1270 gestis

2109 1284 2212 1337 ulla
2242 1285 2377 1340 bona
2407 1301 2502 1356 spe
2527 1287 2789 1355 ducimur,
2813 1290 2904 1344 sed
2941 1301 3312 1359 exspectamus
3334 1291 3446 1347 fore
3475 1303 3528 1347 ut
3552 1309 3682 1348 cou-

2107 1394 2382 1434 servemur
2426 1390 2638 1450 propter
2667 1397 2859 1437 nomen
2897 1392 3065 1448 tuum,
3089 1399 3257 1453 eaque
3306 1386 3458 1439 nobis
3503 1387 3686 1442 relicta

2107 1480 2186 1524 est
2232 1486 2354 1539 spes
2399 1473 2601 1528 salutis.
2634 1473 2815 1540 Alius,
2852 1474 3063 1546 Propter
3103 1486 3284 1529 metum
3323 1479 3535 1531 sustinui
3574 1477 3684 1532 Do-

2103 1562 2317 1615 minum.
2344 1565 2514 1629 Alius,
2552 1564 2766 1634 Propter
2791 1567 2946 1634 legem
2979 1569 3192 1622 sustinui
3230 1567 3520 1623 Dominum.
3555 1571 3684 1624 Sus-

2108 1653 2253 1705 tinuit
2307 1655 2477 1706 anima
2531 1671 2641 1708 mea
2685 1657 2738 1710 in
2798 1658 2942 1712 verbo
2995 1668 3099 1712 tuo.
3141 1659 3320 1722 Altus,
3364 1659 3685 1730 Exspectavit

2107 1743 2276 1796 anima
2298 1761 2404 1797 mea
2424 1745 2624 1800 verbum
2651 1749 2758 1810 eius
2785 1747 2879 1820 (a).
2903 1750 3068 1813 Alius,
3100 1750 3351 1805 Sustinuit
3367 1753 3534 1805 anima
3551 1769 3682 1816 mea,

2108 1844 2151 1886 et
2175 1833 2371 1887 verbum
2399 1836 2506 1904 ejus
2531 1841 2828 1906 exspectavi.
2851 1839 2960 1894 Hoc
2977 1850 3077 1908 est,
3105 1841 3179 1895 Ex
3204 1843 3476 1912 promissis
3501 1855 3554 1898 et
3576 1844 3682 1900 fro.

2108 1927 2388 1994 quentibus
2425 1928 2889 1997 pollicitationibus
2916 1932 2982 1987 de
3010 1933 3331 2002 benignitate
3359 1936 3473 2004 ejus
3499 1945 3553 1990 et
3571 1937 3682 1992 cle-

2109 2019 2305 2074 tnentia
2333 2033 2594 2090 sumptam
2622 2037 2824 2077 sacram
2857 2024 3013 2079 habui
3054 2040 3324 2092 ancoram,
3343 2042 3441 2082 nec
3466 2028 3532 2082 de
3562 2045 3680 2082 mea

2109 2109 2276 2164 salute
2298 2126 2445 2180 spem
2485 2113 2674 2180 abjeci.
2705 2114 2756 2169 6.
2789 2117 2832 2168 Α
2861 2117 3088 2170 custodia
3115 2120 3360 2171 matutina
3411 2136 3565 2190 usque
3615 2123 3684 2173 ad

2108 2211 2299 2254 noctem
2320 2213 2481 2272 speret
2506 2202 2669 2259 Israel
2689 2207 2738 2258 in
2771 2204 3006 2262 Domino.
3036 2207 3166 2263 Tota
3197 2209 3323 2276 vita,
3356 2211 3517 2280 inquit
3541 2254 3556 2274 ,
3583 2211 3685 2264 hoc

2107 2303 2206 2354 est,
2237 2293 2390 2348 Omni
2413 2295 2500 2351 die
2527 2311 2589 2350 ac
2636 2306 2810 2352 nocte.
2848 2297 2984 2352 Nihil
3035 2311 3116 2354 est
3169 2301 3308 2355 enim
3355 2302 3421 2356 ad
3461 2305 3681 2358 salutem

2111 2384 2482 2452 praestabilius,
2523 2401 2679 2456 quam
2712 2401 2965 2457 perpetuo
2994 2389 3138 2443 illum
3184 2391 3470 2460 respicere,
3519 2401 3572 2446 et
3615 2395 3684 2446 ab

2109 2475 2193 2528 illa
2243 2490 2340 2544 spe
2369 2477 2621 2546 pendere,
2675 2479 2793 2534 licet
2842 2480 3114 2536 inmunera
3155 2482 3413 2548 accidant,
3441 2500 3558 2553 qua:
3585 2501 3684 2538 uos

2109 2566 2378 2636 impellant
2403 2569 2452 2621 in
2479 2568 2918 2638 desperationem.
2951 2573 3044 2626 llic
3067 2583 3149 2627 est
3180 2590 3360 2628 lltllt'tls
3387 2573 3642 2629 infractus
3663 2618 3679 2642 ,

2108 2659 2297 2714 invicta
2325 2662 2576 2728 munitio,
2623 2663 2779 2716 turris
2821 2665 3258 2734 inexpugnabilis.
3306 2666 3415 2720 Etsi
3443 2683 3567 2738 ergo
3597 2682 3683 2721 res

2107 2750 2373 2805 minentur
2402 2764 2642 2819 mortem,
2675 2755 2985 2823 periculum,
3023 2765 3078 2810 et
3105 2756 3398 2823 interitum,
3451 2774 3514 2813 ue
3543 2758 3682 2813 dcsi-
3731 2821 3746 2835 .

2106 2850 2215 2896 stas
2259 2858 2474 2912 sperare
2525 2845 2575 2898 in
2621 2845 2784 2898 Deum
2807 2887 2822 2910 ,
2853 2856 2902 2899 et
2935 2856 3243 2914 eXSpectare
3281 2847 3396 2916 ejus
3433 2849 3678 2902 salutem.

2106 2932 2292 2987 Omnia
2325 2943 2448 2988 sunt
2478 2934 2548 2988 illi
2585 2933 2750 2988 facilia
2781 2945 2834 2988 et
2869 2936 3134 3004 expedita,
3191 2948 3243 2992 et
3295 2939 3376 2992 vel
3417 2939 3467 2992 in
3523 2940 3682 2993 rebus

2107 3025 2434 3080 difficillimis
2482 3036 2536 3081 et
2589 3026 3002 3096 impeditissimis
3047 3029 3243 3083 exitum
3303 3030 3551 3084 inveniet.
3605 3029 3681 3084 Nu

2108 3126 2353 3188 exspecta
2383 3134 2512 3188 ergo
2543 3117 2654 3174 fore
2679 3128 2734 3173 ut
2760 3120 2930 3174 solum
2956 3120 3046 3174 tibi
3069 3121 3206 3175 adsit
3226 3121 3497 3186 auxilium,
3523 3123 3568 3178 si
3595 3137 3681 3176 res

2107 3210 2354 3265 secundat
2381 3210 2631 3265 afﬂuant:
2653 3210 2746 3266 sed
2779 3221 2901 3266 tunc
2926 3212 3170 3276 maxime,
3196 3213 3404 3283 quando
3433 3222 3554 3266 sunt
3580 3213 3677 3266 llu-

2107 3310 2232 3356 ctus.
2269 3301 2506 3367 maximi,
2558 3309 2615 3358 et
2653 3301 2940 3358 vehemens
2984 3311 3284 3372 tempestas,
3310 3315 3362 3358 et
3384 3310 3680 3358 extrenuun

2108 3393 2346 3448 imminet
2374 3392 2684 3463 periculum.
2713 3393 2861 3448 Tunc
2901 3393 3040 3448 enim
3079 3395 3307 3448 maxime
3337 3395 3474 3449 Deus
3523 3409 3674 3447 Sttuttt

2106 3483 2341 3540 ostendit
2377 3483 2684 3554 potentiam.
2712 3483 2824 3539 Hoc
2849 3493 2930 3538 est
2957 3499 3082 3554 ergo
3106 3483 3246 3554 quod
3268 3483 3396 3539 dicit
3423 3503 3436 3539 :
3460 3484 3682 3554 Oportet

2108 3575 2160 3629 in
2187 3575 2348 3629 Deum
2376 3584 2630 3644 perpetuo
2645 3588 2880 3643 sperare,
2911 3583 3021 3629 toto
3043 3575 3159 3628 vit-.e
3180 3583 3436 3644 tempore.
3466 3575 3517 3628 7.
3547 3574 3679 3642 Quia

2105 3665 2245 3734 apud
2291 3663 2565 3718 Dominum
2620 3665 2992 3730 misericordia,
3042 3675 3088 3718 et
3127 3665 3329 3735 copiosa
3375 3666 3516 3735 apud
3567 3682 3678 3718 eum

2105 3755 2398 3825 redemptio.
2421 3756 2474 3811 8.
2503 3753 2571 3806 Et
2595 3754 2703 3824 ipse
2725 3754 2930 3808 redimet
2954 3753 3122 3809 lsrael
3147 3753 3209 3808 ab
3233 3755 3459 3808 omnibus
3488 3756 3672 3824 iniqui-

2106 3846 2290 3899 tatibus
2333 3847 2463 3916 ejus.
2495 3844 2628 3912 Quid
2659 3853 2775 3911 est,
2826 3844 2977 3915 Apud
3003 3843 3273 3901 Dominum
3296 3847 3634 3900 misericordia
3656 3847 3679 3884 7

2107 3936 2247 3991 Fons
2273 3945 2327 3991 et
2369 3937 2664 3998 thesaurus,
2712 3934 2899 4005 inquit,
2930 3935 3034 3990 illic
3061 3944 3142 3991 est
3169 3935 3465 3991 clementiae
3488 3951 3678 4006 perpe-

2106 4037 2195 4083 tuo
2244 4029 2555 4084 scaturiens.
2587 4027 2686 4084 Ubi
2711 4037 2884 4082 autem
2913 4038 2994 4083 est
3038 4026 3417 4094 misericordia,
3452 4029 3557 4084 illic
3593 4041 3679 4084 est

2103 4125 2261 4178 etiam
2290 4121 2582 4190 redemptio
2608 4140 2621 4176 :
2644 4136 2742 4176 nec
2769 4121 2939 4175 solum
2969 4121 3278 4190 redemptio,
3308 4137 3490 4178 verum
3516 4125 3674 4177 etiam

2107 4214 2268 4268 multa
2295 4227 2356 4267 ac
2389 4214 2622 4282 copiosa,
2666 4220 2720 4266 et
2763 4212 3074 4266 immensum
3119 4214 3333 4283 pelagus
3354 4214 3673 4270 clementiae.

2105 4304 2218 4358 Etsi
2247 4318 2375 4372 ergo
2402 4317 2583 4356 sumus
2608 4317 2635 4355 a
2677 4302 2907 4371 peccatis
2948 4301 3160 4371 proditi,
3185 4318 3289 4358 non
3313 4311 3520 4374 oportet
3548 4319 3678 4360 con-

2103 4395 2281 4448 cidere
2306 4435 2319 4459 ,
2357 4408 2456 4448 nec
2491 4393 2794 4463 desperare.
2825 4390 2922 4449 Ubi
2952 4393 3092 4448 enim
3123 4403 3205 4449 est
3231 4393 3590 4450 misericordia
3619 4405 3674 4450 et

2103 4486 2404 4550 clementia,
2440 4500 2544 4540 non
2588 4486 2870 4554 exiguntur
2913 4492 3018 4538 tam
3053 4493 3312 4539 accurata:
3360 4485 3671 4540 delictorqu

2104 4579 2354 4644 rationes,
2378 4577 2559 4647 judice
2587 4584 2802 4646 propter
2827 4591 3069 4646 magnam
3120 4577 3534 4632 misericordiam
3554 4619 3569 4641 ,
3619 4592 3674 4634 et

2105 4669 2321 4723 multam
2347 4669 2411 4721 ad
2441 4668 2774 4723 clementiam
2815 4650 3239 4737 propensionem,
3264 4669 3424 4724 multa
3456 4680 3674 4738 prtcter-

2101 4767 2366 4814 cnrrentc.
2400 4757 2709 4828 llujusmodi
2739 4758 2880 4811 enim
2921 4767 3002 4811 est
3027 4757 3186 4822 Deus,
3223 4774 3416 4828 nempe
3438 4760 3505 4813 ad
3534 4761 3672 4814 assi-

2102 4853 2204 4907 due
2227 4850 2587 4906 miserendum
2609 4859 2659 4904 et
2682 4850 3056 4919 ignoscendum
3086 4864 3377 4918 propensus
3398 4861 3448 4904 et
3476 4852 3672 4920 procli-

2101 4944 2204 4998 vis.
2235 4943 2299 4996 Et
2327 4945 2433 5012 ipse
2449 4943 2654 4996 redimet
2677 4939 2845 4996 Israel
2866 4941 2928 4994 ab
2943 4939 3170 4994 omnibus
3185 4941 3523 5011 iniquitatibus
3541 4944 3670 5012 ejus.

2103 5037 2158 5092 Si
2187 5051 2315 5107 ergo
2340 5039 2408 5090 ita
2439 5044 2522 5090 est
2567 5035 2759 5104 ubique
2784 5034 2970 5087 dill‘usa
3001 5033 3114 5102 ejus
3141 5034 3437 5089 clementia:
3466 5037 3671 5104 magni-

2104 5129 2248 5196 tudo,
2275 5130 2476 5183 clarum
2492 5139 2575 5183 est
2594 5141 2714 5181 eum
2735 5140 2852 5180 esse
2875 5127 3122 5196 pupulum
3144 5140 3296 5178 suum
3317 5134 3670 5191 servaturum,

2101 5230 2153 5275 et
2168 5221 2510 5275 liberaturum
2528 5232 2628 5270 non
2646 5216 2812 5270 solum
2825 5231 2854 5268 a
2866 5215 3146 5284 supplicio,
3165 5214 3256 5269 sed
3275 5215 3432 5269 etiam
3447 5231 3474 5268 a
3494 5229 3678 5283 peeca~

2102 5313 2188 5366 tis.
2208 5310 2334 5366 Haec
2353 5325 2478 5378 ergo
2493 5323 2610 5362 cum
2627 5307 2874 5366 sciamus,
2902 5320 3305 5374 perseveremus
3324 5315 3602 5375 precantes
3622 5319 3679 5364 et

2101 5412 2314 5457 orantes
2343 5419 2356 5455 :
2383 5411 2436 5456 et
2473 5413 2756 5468 numquam
2783 5395 3120 5459 desistamus,
3149 5395 3261 5450 sive
3284 5395 3579 5464 acceperim
3591 5412 3672 5456 us.

2163 5578 2237 5640 (a)
2269 5578 2352 5640 ttie
2376 5577 2620 5638 interpres
2642 5581 2719 5623 est
2741 5572 2865 5622 forte
2885 5571 3204 5636 Symmachus,
3229 5571 3367 5632 cujus
3390 5578 3552 5640 tamen
3591 5583 3676 5617 uo-

2100 5632 2230 5690 tnen'
2252 5639 2310 5688 ad
2335 5639 2460 5688 hunc
2481 5632 2674 5686 versum
2693 5632 2943 5697 nusquam
2966 5641 3276 5697 memoratur_.
3299 5641 3520 5697 sequens
3535 5632 3676 5697 juxta

2100 5714 2247 5762 quem
2267 5713 2458 5762 versum
2478 5705 2570 5755 est,
2585 5696 2800 5762 sustinuit
2819 5691 2978 5744 animo
3000 5706 3123 5754 utea,
3141 5701 3217 5740 est
3237 5692 3426 5754 Aquila,
3442 5699 3493 5739 ut
3513 5691 3684 5738 videns

2105 5760 2152 5810 in
2175 5760 2401 5826 ttexaplis
2423 5763 2616 5809 nostris.
