4134 6210
400 239 510 295 377

391 359 484 413 καὶ
510 358 601 410 τδν
625 355 816 426 καιρὸν
846 354 1090 431 ἀκριϐῶς
1115 353 1253 415 οἶδεν
1273 362 1455 428 αὑτός.
1493 362 1759 434 Μένωμεν
1789 363 1966 418 τοίνυν

392 445 749 508 ἱκετεύοντες,
808 445 1274 516 παρακαλοῦντες,
1313 449 1638 520 θαρροῦντες
1682 450 1845 504 αὑτοῦ
1891 449 1971 520 τῷ

392 532 534 588 ἐλέει
561 540 654 585 και
679 533 748 602 τῇ
778 532 1178 606 φιλανθρωπίᾳ,
1209 537 1303 590 καὶ
1339 537 1605 608 μηδέποτε
1635 538 1733 610 τὴν
1764 539 1971 592 ἑαυτῶν

393 620 862 694 ἀπογινώσκωμεν
889 633 892 636 ’
923 624 1216 696 σωτηρίαν,
1271 625 1407 679 ἀλλά
1439 626 1508 679 τά
1568 627 1696 699 παρ’
1765 626 1970 682 ἑαυτῶν

393 710 737 783 είσφέρωμεν
758 752 774 777 ,
809 713 903 767 καὶ
948 713 1166 777 πάντως
1207 713 1394 782 ἕψεται
1431 714 1498 767 τὰ
1550 717 1679 785 παρ’
1713 715 1921 768 ἐκείνου
1952 754 1968 780 ,

397 801 586 871 ἐπειδὴ
615 801 818 870 ἄφατον
839 801 968 873 παρ’
989 801 1138 873 αὑτῷ
1166 803 1225 856 16
1249 802 1394 866 ἐλεος
1415 802 1510 856 καὶ
1538 803 1761 873 ἄπειρος
1791 806 1823 874 ή
1855 803 1975 871 φιλ-

397 889 716 958 ανθρωπία·
747 884 814 961 ἦς
849 888 1056 957 γένοιτο
1089 891 1297 954 πάντας
1345 891 1494 962 ἡμᾶς
1541 892 1837 961 ἐπιτυχεῖν,
1873 891 1972 960 χά-

401 991 511 1044 ριτι
537 975 629 1027 καὶ
653 974 1032 1047 φιλανθρωπίᾳ
1061 975 1154 1028 τοῦ
1189 977 1394 1047 Κυρίου
1418 976 1574 1048 ήμῶν
1625 977 1797 1047 Ἰησοῦ
1837 979 1973 1048 Χρι-

400 1061 546 1126 στοῦ,
578 1061 696 1134 μεθ’
725 1057 786 1117 οὑ
813 1063 891 1134 τῷ
921 1065 1093 1134 Πατρὶ
1127 1066 1159 1134 ἡ
1199 1063 1325 1130 δόξα
1380 1065 1496 1136 ἅμα
1531 1066 1604 1136 τῷ
1641 1066 1780 1138 ἁγίῳ
1807 1065 1976 1119 Πνεύ-

402 1167 555 1219 ματι,
583 1151 662 1214 είς
698 1151 824 1215 τοὺς
851 1151 1055 1214 αίῶνας
1078 1151 1184 1204 τῶν
1222 1152 1454 1207 αἰώνων.
1496 1154 1688 1225 Ἀμήν.

806 1299 913 1352 ΕΙΣ
941 1299 1079 1354 TUN
1107 1302 1211 1354 PA'
1237 1302 1560 1357 ΨᾹΛΜΟΝ.

401 1399 596 1466 Κύριε,
626 1401 738 1468 οὑχ
777 1398 985 1467 ὑψώθη
1030 1401 1068 1468 ἠ
1101 1401 1314 1470 καρδία
1336 1419 1476 1471 μου,
1508 1401 1650 1456 οὑδὲ
1677 1401 1978 1472 ἐμετεωρί-

471 1487 709 1552 σθησαν
762 1487 813 1538 οί
845 1485 1139 1552 ὀφθαλμοί
1175 1503 1311 1552 μου.
1366 1485 1576 1548 Ἀλλος·
1640 1486 1790 1540 Οὑδὲ
1823 1485 1981 1554 ὑψώ-

471 1571 689 1633 θησαν.
737 1566 888 1621 Οὐδὲ
927 1567 1260 1636 ἐπορεύθην
1300 1568 1370 1622 ἐν
1393 1568 1698 1638 μεγάλοις,
1744 1569 1886 1622 οὐδὲ
1912 1571 1981 1623 ἐν

473 1649 828 1718 θαυμασίοις
848 1650 997 1717 ὑπὲρ
1021 1650 1142 1720 ἐμέ.
1163 1651 1372 1716 Ἀλλος,
1401 1653 1454 1703 Ἐ
1457 1670 1495 1704 ν
1503 1653 1978 1720 μεγαλωσύναις.

476 1731 690 1796 Ἀλλος,
725 1733 1317 1802 Ἐνμεγαλειότησιν,
1338 1733 1478 1788 οὐδὲ
1496 1734 1982 1804 ὑπερϐάλλουσιν

474 1813 629 1880 ὑπὲρ
650 1812 774 1884 ἐμέ.

477 1931 543 1984 Τί
567 1931 762 1998 τοῦτο;
807 1932 866 1985 '0
895 1932 1126 2000 Παῦλος,
1162 1935 1257 1989 καὶ
1280 1935 1525 2006 ἀνάγκης
1549 1935 1736 2008 οὔσης,
1773 1937 1832 1989 τὸ
1860 1937 1984 1990 ἐαυ-

408 2019 498 2072 τδν
545 2018 911 2090 ἐγκωμιάζειν
954 2022 1264 2093 ἀφροσύνην
1307 2023 1456 2093 φησί·
1493 2023 1571 2076 διὸ
1601 2025 1695 2077 καὶ⁵
1739 2027 1983 2095 ἐπήγαγε

409 2105 599 2174 λέγων·
678 2109 908 2177 Γέγονα
960 2109 1163 2178 ἄφρων
1212 2111 1614 2178 καυχώμενος·
1681 2111 1849 2177 ὑμεῖς
1905 2129 1984 2181 με

410 2193 812 2264 ἠναγκάσατε.
850 2195 974 2260 Πῶς
1013 2191 1105 2250 οῦν
1133 2195 1291 2249 τοῦτο
1330 2197 1594 2267 ἠγνόησεν
1635 2197 1663 2249 6
1697 2195 1985 2269 Προφήτης
2080 2233 2086 2238 -

412 2283 506 2336 καὶ
543 2285 807 2354 καυχᾶται
835 2283 928 2339 νῦν
965 2285 1064 2338 οὑκ
1098 2283 1189 2336 ἐπὶ
1216 2283 1328 2350 δύο,
1361 2286 1456 2338 καὶ
1494 2285 1680 2357 τριῶν,
1709 2287 1802 2339 καὶ
1829 2285 1982 2353 δέκα,

411 2370 526 2425 ἀλλ’
559 2371 651 2423 ἐπὶ
687 2371 788 2442 τῆς
827 2372 1151 2443 οἰκουμένης
1186 2371 1424 2443 ἀπάσης,
1457 2373 1551 2427 καὶ
1589 2375 1853 2444 καυχᾶται
1897 2373 1988 2427 λέ-

412 2474 545 2525 γων,
577 2456 844 2522 Ταπεινός
875 2460 989 2530 είμι
1037 2461 1129 2512 καὶ
1171 2459 1412 2531 μέτριος,
1443 2460 1538 2514 καὶ
1569 2461 1823 2525 ταπεινὸς
1867 2461 1987 2515 καθ’

416 2547 740 2619 ὑπερϐολὴν,
772 2549 866 2601 καὶ
889 2547 1127 2613 ἀπλοῦς;
1159 2548 1329 2602 Τοῦτο
1351 2549 1458 2620 γάρ
1485 2550 1600 2602 ἐστι
1620 2550 1700 2614 16,
1738 2550 1830 2615 Ὠς
1851 2551 1994 2604 ἀπο-

417 2635 963 2706 πεπνιλακτισμένον
1006 2637 1105 2691 ἐπὶ
1156 2637 1272 2706 τὴν
1311 2637 1538 2708 μητέρα
1589 2639 1795 2696 αὑτοῦ.
1836 2639 1991 2704 Τίνος

414 2719 509 2778 οὖν
537 2724 724 2778 ἕνεκεν
747 2723 906 2777 τοῦτο
928 2727 1102 2790 ποιεῖ;
1137 2727 1260 2779 Ὅτι
1283 2726 1344 2778 οὐ
1379 2725 1650 2795 πανταχοῦ
1675 2725 1736 2778 16
1764 2727 1992 2796 πρᾶγμα

419 2810 741 2874 κεκώλυται,
771 2812 1050 2868 ἀλλ’ἕστιν
1083 2815 1213 2868 ὅπου
1248 2815 1340 2867 καὶ
1372 2813 1664 2881 ἀναγκαῖόν
1697 2815 1833 2874 ἐστι,
1861 2814 1994 2884 μᾶλ-

418 2899 508 2953 λον
531 2898 588 2952 δὲ
621 2900 767 2953 ἐστιν
798 2901 932 2953 ὅπου
960 2901 1022 2954 οὑ
1047 2900 1407 2971 καυχώμενοι,
1440 2901 1576 2955 ἀλλά
1612 2901 1686 2971 μὴ
1710 2901 1995 2971 καυχώμε-

419 3002 520 3049 νοι,
576 2984 804 3057 ἄφρονες
852 2987 1135 3057 γινόμεθα.
1165 2987 1256 3040 Διὸ
1294 2988 1388 3040 καὶ
1430 2989 1458 3042 6
1497 2988 1706 3051 Παῦλος
1736 2987 1902 3056 λέγει·
1939 2987 1994 3040 '0

421 3071 822 3144 καυχώμενος,
862 3075 932 3128 ὲν
965 3073 1164 3140 Κυρίῳ
1193 3075 1534 3142 καυχάσθω.
1566 3076 1675 3127 Καὶ
1710 3074 1816 3145 γὰρ
1845 3077 1873 3128 6
1902 3074 1996 3128 ἐπὶ

421 3160 496 3232 τῷ
523 3160 739 3232 σταυρῴ
777 3161 850 3233 μὴ
876 3163 1228 3231 καυχώμενος
1253 3163 1469 3216 πάντων
1493 3162 1638 3215 ἐστὶν
1664 3162 1996 3232 ἀφρονέστα-

421 3265 512 3313 τος
559 3248 654 3301 καὶ
684 3247 1163 3318 παρανομώτατοςε
1197 3249 1226 3301 6
1268 3247 1417 3320 [572]
1452 3249 1543 3301 ἐπὶ
1588 3252 1653 3319 τῇ
1697 3249 1876 3302 πίστει
1921 3250 1996 3318 μὴ

426 3335 775 3408 καυχώμενος
805 3338 1023 3390 πάντων
1054 3336 1204 3389 ἐστὶν
1230 3335 1572 3399 ἀθλιώτερος·
1603 3338 1632 3389 6
1662 3335 1754 3388 ἐπὶ
1788 3336 1997 3398 τούτοις

429 3422 504 3496 μὴ
524 3420 874 3493 καυχώμενος
899 3423 994 3476 καὶ
1022 3421 1530 3496 παρρησιαζόμενος
1558 3422 1836 3475 ἀπολεῖται
1859 3423 1997 3476 πάν-

425 3526 553 3574 τως.
581 3509 678 3562 Διά
706 3507 861 3561 τοῦτο
886 3507 1105 3579 θαρρῶν
1129 3511 1157 3562 ό
1173 3504 1502 3570 ’Δπόστολος
1520 3505 1722 3574 ἔλεγεν·
1750 3508 1904 3578 Ἐμοὶ
1930 3509 1999 3562 δὲ

426 3595 509 3666 μὴ
549 3595 779 3666 γένοιτο
812 3593 1170 3664 καυχᾶσθαι,
1205 3595 1256 3648 εί
1293 3591 1380 3662 μὴ
1410 3593 1481 3647 ἐν
1510 3592 1591 3658 τῷ
1622 3593 1862 3661 σταυρῷ
1894 3594 2000 3648 τοῦ

431 3684 649 3751 Κυρίου
674 3681 842 3753 ἡμῶν
870 3681 1074 3750 Ἰησοῦ
1096 3681 1374 3751 Χριστοῦ.
1405 3682 1513 3735 Καὶ
1535 3681 1716 3735 πάλιν·
1743 3681 1840 3750 Μὴ
1861 3700 2004 3736 καυ-

435 3771 638 3840 χάσθω
671 3774 703 3824 ό
744 3771 1039 3837 πλούσιος
1074 3770 1144 3824 ἐν
1171 3769 1249 3835 τῷ
1287 3770 1526 3835 πλούτῳ
1559 3769 1766 3833 αὑτοῦ,
1789 3769 1942 3839 μηδέ
1971 3773 2004 3840 ό

432 3857 626 3928 σοφὸς
652 3858 722 3912 ἐν
753 3856 828 3925 τῇ
865 3859 1050 3927 σοφίᾳ
1083 3858 1290 3923 αὐτοῦ,
1315 3857 1452 3912 ἀλλ’
1478 3857 1549 3910 ἐν
1570 3857 1754 3922 τούτῳ
1781 3855 2006 3926 καυχά-

434 3949 582 4009 σθω,
623 3945 692 4000 ἐν
726 3943 806 4010 τῷ
831 3945 1068 3998 συνιεῒν
1093 3953 1112 3976 ³
1138 3945 1235 3998 καί
1268 3944 1585 4013 γινώσκειν
1622 3943 1729 3998 τὸν
1764 3943 2003 4010 Κύριον.

439 4032 559 4097 Ιίῶς
579 4033 636 4087 δὲ
657 4033 826 4088 κακὸν
846 4035 906 4086 16
929 4033 1229 4103 καυχᾶσθαι
1247 4050 1263 4099 ;
1281 4033 1403 4086 Ἐὰν
1424 4033 1498 4096 ὡς
1518 4035 1545 4086 6
1563 4033 1856 4103 Φαρισαῖος
1876 4030 2007 4084 αὐτὸ

437 4121 700 4192 ποιῶμεν.
737 4120 848 4174 Καί⁵
877 4120 966 4174 διά
996 4121 1068 4185 τί,
1105 4121 1289 4192 φησὶν,
1317 4121 1345 4173 6
1367 4119 1577 4183 Παῦλος
1604 4115 1746 4183 εἶπε,
1777 4119 2008 4187 Γεγονα

437 4210 641 4278 ἄφρων
683 4206 1085 4276 καυχώμενος·
1132 4208 1301 4277 ὑμεῖς
1327 4224 1402 4276 με
1440 4205 1819 4276 ἠναγκάσατε
1840 4223 1860 4270 ;
1889 4207 2008 4260 Ὀτι

441 4299 508 4350 τά
533 4295 930 4367 κατορθώματα
957 4295 1121 4350 αὑτοῦ
1158 4295 1394 4363 διηγεῖτο
1419 4293 1488 4347 τά
1520 4295 1610 4347 ἐπὶ
1640 4293 1735 4347 τοῦ
1771 4293 1886 4364 βίου
1917 4293 2011 4347 καὶ

440 4385 540 4454 τῆς
567 4383 859 4446 πολιτείας,
889 4381 1034 4451 ἀπερ
1062 4382 1163 4435 οὑκ
1196 4381 1302 4434 ἔδει
1330 4381 1619 4452 προφέρειν
1654 4381 1898 4452 ἀνάγκης
1934 4382 2009 4451 μὴ

442 4471 624 4544 οῦσης.
661 4471 916 4542 Ἀλλαχοῦ
957 4471 1013 4524 δέ
1057 4487 1240 4542 φησιν·
1285 4471 1418 4523 Ἐὰν
1461 4470 1558 4523 καὶ
1595 4469 1844 4537 θελήσω-
1867 4488 2011 4523 καυ-

445 4556 768 4626 χήσασθαι,
800 4559 910 4612 οὺκ
947 4559 1158 4626 ἔσομαι
1185 4556 1405 4626 ἄφρων·
1441 4557 1728 4624 ἀλήθειαν
1752 4558 1858 4626 γὰρ
1879 4556 2012 4626 ἐρῶ.

448 4649 606 4699 ’Ὥστε
648 4649 676 4700 6
713 4646 781 4700 τά
805 4644 980 4717 ἀληθῆ
1003 4645 1195 4713 λέγων,
1225 4645 1318 4698 τοῦ
1348 4644 1540 4717 καιροῦ
1574 4644 1880 4708 καλοῦντος,
1914 4647 2012 4698 οὐκ

447 4736 592 4787 ἔστιν
623 4734 830 4804 ἄφρων.
861 4735 976 4787 υὺκ
1002 4733 1110 4803 ἀρα
1143 4733 1262 4786 οὑδὲ
1297 4734 1326 4786 6
1351 4733 1639 4804 Προφήτης
1666 4733 1854 4802 ἄφρων
1883 4750 2017 4786 καυ-

447 4820 710 4892 χώμενος·
759 4821 853 4874 καὶ
881 4819 989 4892 γὰρ
1017 4819 1189 4892 ἀληθῆ
1217 4820 1419 4889 ἔλεγεν.
1460 4819 1616 4872 Ἀλλὰ
1661 4820 1744 4883 τίς
1788 4821 1820 4890 ή
1851 4820 2016 4883 αἰτία,

322 4931 331 4941 ο
443 4913 512 4964 δι’
541 4911 608 4982 ἢν
637 4911 718 4974 είς
747 4910 905 4963 τοῦτο
942 4911 1221 4981 κατήγαγε
1249 4911 1339 4964 τὸν
1367 4910 1556 4979 λόγον;
1589 4911 1751 4962 Ὥστε
1799 4909 2017 4963 παιδεῦ-

448 5019 540 5056 σαι
566 5001 693 5066 τοὺς
727 4999 1000 5071 ἀκροατὰς
1027 5002 1100 5071 μὴ
1127 4999 1265 5071 μετά
1295 5001 1392 5072 τὴν
1420 5000 1737 5071 ἀπαλλαγὴν
1766 5000 1872 5052 τῶν
1917 5019 2018 5053 κα-

449 5089 558 5143 κῶν
601 5090 680 5154 τίς
710 5087 968 5144 ἀπόνοιαν
1013 5086 1344 5152 ἐπανελθεῖν,
1393 5089 1524 5159 μηδέ
1563 5087 2019 5158 ἐλευθερωθέντας

448 5176 540 5230 τοῦ
572 5175 773 5247 δεσμοῦ
803 5177 1202 5248 ἀποσκιρτῆσαι
1227 5176 1409 5239 πάλιν,
1442 5177 1534 5230 καὶ
1560 5177 1638 5238 εἰς
1660 5177 1902 5246 ἀνάγκην
1932 5177 2022 5245 ἐμ-

451 5268 636 5320 πεσεῖν
674 5265 865 5336 ἐτέρας
904 5264 1294 5335 αἰχμαλωσίας.
1329 5263 1430 5316 Διά
1453 5263 1517 5336 δὴ
1545 5263 1702 5316 τοῦτο
1744 5264 1799 5315 ἐν
1838 5263 1915 5334 τῷ
1951 5263 2019 5316 τά

453 5353 626 5406 οἰκεῖα
654 5350 954 5422 διηγεῖσθαι
986 5351 1188 5422 διορθοῖ
1217 5351 1307 5405 τὸν
1331 5352 1625 5422 ἀκροατήν·
1653 5351 1743 5405 καὶ
1763 5351 1822 5404 οὑ
1849 5351 2018 5420 λέγει,

453 5440 796 5512 ὀτιΎψώθην
837 5441 958 5510 μὲν,
999 5441 1263 5510 κατέσχον
1304 5439 1359 5492 δὲ
1400 5438 1494 5492 τοῦ
1527 5437 1754 5503 πάθους,
1783 5439 1916 5492 ἀλλά
1942 5440 2021 5503 τίς

460 5525 582 5596 θύχ
616 5525 825 5595 ὑψώθη
867 5527 905 5595 ἠ
937 5525 1151 5597 καρδία
1193 5543 1332 5596 μου·
1361 5525 1656 5595 τουτέστιν,
1695 5527 1814 5580 οὑδὲ
1855 5525 2026 5598 ἥψατό

526 5676 547 5706 ⁸
573 5678 684 5726 Sal".
709 5679 757 5726 ἂν
778 5678 845 5742 τῷ
869 5681 1071 5728 συνιέναι
1100 5686 1151 5730 et
1177 5685 1224 5731 in
1246 5679 1463 5745 margine
1489 5680 1676 5730 σννιεῖν.

1113 243 1172 299 ε.
1212 245 1500 303 JOANNIS
1537 245 2031 305 CHRYSOSTOMI
2063 249 2388 311 ARCIIIEP.
2420 249 2968 311 CONSTANTINOP.

2074 383 2178 435 μου
2212 371 2311 439 τῆς
2347 368 2524 441 ψυχῆς
2556 373 2589 442 ἡ
2633 369 2884 442 πονηρία.
2912 361 3040 421 Οίον
3063 365 3170 437 γάρ
3199 371 3296 428 τις·
3325 364 3486 437 λιμὴν
3515 366 3642 420 611:2-

2074 470 2272 524 μαντος
2297 452 2364 528 ἦν
2388 460 2419 528 ή
2444 457 2670 521 διάνοια,
2705 459 2766 510 οὑ
2799 455 3062 526 δεχομένη
3090 453 3157 506 τά
3186 452 3406 523 κύματα
3439 451 3530 505 τοῦ
3559 470 3648 507 νο-

2074 543 2331 612 σήματος,
2362 543 2390 596 6
2421 545 2634 598 πάντων
2655 545 2822 597 αῐτιον
2842 541 2948 596 τῶν
2977 541 3182 602 κακῶν,
3208 539 3302 593 καὶ
3327 535 3452 610 ῥίζα
3475 557 3649 612 mpu-

2071 629 2263 700 νομίας
2297 632 2551 704 ἐσχάτης.
2583 633 2648 686 Τί
2691 634 2839 685 ἐστιν
2865 630 2896 684 δ
2924 630 3092 698 λέγει,
3116 629 3312 696 Κύριε,
3343 629 3457 696 οὐχ
3491 628 3639 696 61M

2074 719 2147 784 θη
2181 719 2220 785 ἡ
2247 717 2460 786 καρδία
2478 736 2619 788 μου,
2643 718 2786 774 οὐδὲ
2809 717 3328 788 ἐμετεωρίσθησαν
3352 717 3405 768 οί
3429 716 3650 784 ὀφθαλ-

2069 806 2178 874 μοί
2212 822 2368 874 μου;
2422 807 2536 860 Οῦκ
2591 807 2894 870 ἀνέσπασα,
2947 807 3098 877 φησὶ,
3145 804 3243 868 τὰς
3294 801 3486 874 ὀφρῦς.
3531 803 3650 856 ούδέ

2075 893 2318 947 ἀνέτεινα
2345 896 2434 949 τὸν
2456 896 2678 967 αὑχένα.
2715 898 2845 950 Ἀπὸ
2868 896 2975 967 γὰρ
2996 896 3095 965 τῆς
3121 893 3330 947 ἔνδοθεν
3357 892 3538 962 πηγῆς
3558 891 3651 944 τοῦ

2077 981 2280 1044 πάθους
2309 981 2642 1054 ὑπερϐλύζον
2681 984 2741 1037 16
2783 985 2994 1056 νόσημα
3034 982 3124 1035 καὶ
3163 981 3224 1034 16
3255 980 3414 1047 σῶμα
3455 997 3653 1051 συσχη-

2081 1069 2294 1138 ματίζει
2329 1070 2464 1143 πρὸς
2496 1071 2594 1142 τὴν
2626 1071 2836 1124 ἔνδοθεν
2876 1070 3202 1140 φλεγμονὴν.
3237 1067 3389 1121 Οὐδὲ
3407 1068 3653 1134 ἐπορεύ-

2079 1160 2193 1223 θην
2209 1157 2278 1210 ὲν
2297 1158 2604 1228 μεγάλοις,
2626 1158 2766 1214 οὑδὲ
2787 1161 2857 1212 ἐν
2876 1159 3230 1227 θαυμασίοις
3258 1154 3409 1224 ὑπὲρ
3429 1153 3551 1223 ἐμέ.
3588 1155 3654 1208 Τι

2079 1245 2246 1310 ἐστιν,
2299 1246 2395 1298 Ἑν
2411 1244 2733 1315 perri/late;
2767 1248 2890 1309 Τοῖς
2919 1245 3244 1316 ὑπερόγκοις
3275 1242 3520 1313 ἀνδράσι,
3544 1244 3658 1318 τοῖς

2080 1331 2386 1395 πλουτοῦσι,
2440 1336 2552 1396 τοῖς
2602 1334 2846 1398 ἀλαζόσι,
2897 1336 3008 1394 τοῖς
3057 1331 3447 1402 ὑπερηφάνοις.
3505 1326 3659 1391 Εἶδες

2080 1421 2366 1492 ἀκρίϐειαν
2386 1420 2914 1492 ταπεινοφροσύνης;
2943 1420 3017 1472 Οὑ
3041 1419 3196 1490 μόνον
3226 1416 3386 1480 αὐτὸς
3411 1412 3479 1486 ἦν
3503 1414 3660 1478 ἐκτὸς

2081 1507 2174 1561 τοῦ
2203 1510 2527 1578 νοσήματος,
2573 1508 2707 1562 ἀλλὰ
2758 1509 2850 1562 καὶ
2888 1507 3015 1569 τοὺς
3054 1505 3196 1558 οῦτω
3230 1504 3660 1574 φλεγμαίνοντας

2087 1595 2302 1666 ἔφευγε,
2334 1597 2428 1650 καὶ
2454 1596 2562 1649 τῶν
2593 1595 2846 1650 τοιούτων
2878 1595 3132 1665 ἀπεπήδα
3177 1593 3445 1660 συλλόγων
3479 1591 3566 1644 διὰ
3598 1589 3661 1643 16

2089 1683 2221 1737 πολὺ
2252 1684 2389 1756 πρὸς
2426 1685 2525 1752 τὴν
2566 1683 2881 1749 ἀλαζονείαν
2924 1685 3098 1753 μῖσος.
3147 1680 3362 1750 Ἐπειδὴ
3388 1679 3496 1749 γάρ
3525 1679 3663 1730 ἀπε-

2090 1771 2234 1842 χθῶς
2259 1767 2372 1840 εἶχε
2401 1771 2537 1841 πρὸς
2565 1772 2661 1842 τὴν
2683 1771 2881 1824 κακίαν
2913 1769 3117 1840 ταύτην
3134 1769 3184 1829 ὶι,
3209 1767 3270 1820 οὑ
3303 1767 3461 1836 μόνον
3489 1763 3661 1833 αὑτῆς

2089 1858 2360 1928 ἀπεπήδα,
2395 1858 2514 1911 οὑδὲ
2546 1857 2746 1912 ἄϐατον
2789 1857 2928 1927 αὐτῇ
2978 1856 3038 1910 τὸ
3072 1854 3268 1926 χωρίον
3300 1853 3400 1921 τῆς
3426 1851 3662 1913 διανοίας

2089 1946 2259 1998 ἐποίει
2287 1945 2466 2015 μόνον,
2500 1944 2634 1999 ἀλλά
2663 1946 2758 1998 καὶ
2793 1945 2919 2008 τοὺς
2951 1942 3229 2014 μετιόντας
3257 1940 3426 2010 αὑτὴν
3455 1942 3518 1993 ἐκ
3544 1938 3666 1992 πολ-

2089 2032 2183 2085 λοῦ
2208 2032 2302 2084 τοῦ
2327 2033 2688 2104 διαστήματος
2714 2031 2961 2102 ἔφευγεν,
2983 2029 3122 2082 ὥστε
3150 2026 3282 2100 μηδὲ
3310 2026 3516 2080 ἐκεῖθέν
3543 2041 3666 2078 τινα

2089 2119 2341 2184 δέξασθαι
2371 2119 2432 2172 λύ
2442 2139 2568 2192 μην.

2159 2225 2234 2278 Οὑ
2279 2223 2473 2295 μικρὸν
2523 2223 2578 2277 δὲ
2614 2223 2772 2276 τοῦτο
2813 2220 3145 2295 κατόρθωμα
3186 2220 3246 2273 τδ
3285 2217 3509 2288 φεύγειν
3537 2219 3666 2279 τοὺς

2092 2312 2459 2384 ὑπερόγκους,
2505 2312 2564 2364 16
2609 2313 2784 2380 μισεῖν
2822 2311 2946 2374 τοὺς
2989 2308 3275 2374 ἀλαζόνας,
3309 2307 3370 2360 16
3400 2304 3668 2376 ἀποστρέ-

2092 2398 2289 2467 φεσθαι
2353 2400 2448 2453 κα)⁵
2498 2399 2900 2470 βδελύσσεσθαι·
2943 2397 3173 2467 μεγίστη
3227 2393 3428 2465 ἀρετῆς
3491 2391 3672 2458 ἀσφά·’

2093 2487 2229 2552 λεια,
2276 2488 2504 2558 μεγίστη
2537 2499 2559 2527 ε
2591 2483 3087 2556 ταπεινοφροσύνης
3132 2482 3365 2552 φυλακή.
3413 2479 3566 2533 Οὐδὲ
3600 2479 3672 2531 ἐν

2095 2575 2456 2642 θαυμασίοις
2487 2573 2636 2642 ὑπὲρ
2663 2574 2787 2643 ἐμέ.
2823 2571 3034 2636 Ἀλλος,
3081 2569 3234 2624 οὐδὲ
3269 2566 3673 2635 ὑπερϐάλλου-

2095 2679 2198 2716 σιν
2248 2659 2400 2727 ὑπὲρ
2466 2661 2585 2730 ἐμέ.
2636 2663 2701 2714 El
2751 2659 2835 2731 μὴ
2888 2657 3451 2726 ὲταπεινοφρόνουν,
3513 2651 3674 2707 ἀλλὰ

2095 2750 2313 2817 ὕψωσα
2331 2747 2444 2813 τήν
2464 2746 2715 2816 καρδίαν
2737 2763 2874 2815 μου,
2903 2745 2984 2809 ὠς
3007 2742 3072 2796 τὸ
3091 2737 3674 2811 ἀπογεγαλακτισμέ-

2095 2853 2206 2888 νον
2225 2835 2321 2888 ἐπὶ
2349 2832 2682 2902 τὴνμητέρα
2705 2831 2889 2886 αὑτοῦ
2915 2829 3091 2902 [5T5],
3117 2831 3197 2895 ὡς
3221 2825 3673 2890 ἀντιιποδώσεις

2096 2923 2192 2976 ἐπὶ
2223 2921 2337 2988 τὴν
2359 2920 2573 2990 ψυχήν
2594 2937 2734 2988 μου.
2763 2919 2973 2983 Ἀλλος,
3011 2917 3208 2982 Οὕτως
3241 2913 3674 2979 ἀνταποδοθείη

2097 3008 2171 3076 τῇ
2209 3005 2383 3076 ψυχῇ
2427 3025 2567 3076 μου.
2610 3006 2746 3059 Καθ’
2773 3005 3076 3078 ὑπερϐατόν
3109 3006 3224 3056 ἐστι
3261 3003 3321 3054 16
3365 3001 3674 3073 εἰρημένον,

2097 3090 2230 3156 οἷον,
2262 3095 2324 3147 Εἰ
2341 3093 2415 3164 μὴ
2440 3093 2937 3164 ἐταπεινοφρόνουν,
2961 3093 3036 3155 ὡς
3063 3091 3122 3144 16
3146 3088 3680 3159 ἀπογεγαλακτισμέο

2098 3200 2187 3235 νον
2229 3183 2320 3235 ἐπὶ
2346 3182 2441 3252 τὴν
2475 3180 2686 3252 μητέρα
2719 3181 2903 3245 αὑτοῦ,
2932 3179 3045 3233 ἀλλ’
3080 3178 3272 3249 ῦψωσα
3316 3179 3410 3246 τὴν
3449 3176 3681 3246 καρδίαν

2105 3287 2228 3340 μου,
2255 3268 2427 3329 οῦτως
2458 3267 2839 3338 ἀνταποδοθείη
2878 3270 2944 3338 τῇ
2968 3267 3112 3337 ψυχῇ
3158 3282 3278 3337 μου.
3322 3266 3387 3318 Ὅ
3414 3264 3471 3316 δὲ
3504 3263 3678 3330 λέγει,

2100 3356 2337 3409 τοιοῦτόν
2375 3357 2540 3408 ἐστιν·
2572 3357 2631 3408 οὐ
2676 3355 2835 3426 μόνον
2862 3358 2961 3426 τῆς
3003 3354 3202 3416 κακίας
3244 3351 3483 3424 καθαρὸς
3509 3353 3678 3422 ήμην,

2101 3445 2199 3514 τῆς
2224 3442 2538 3507 ἀλαζονείας
2563 3442 2728 3511 λέγω,
2762 3442 2882 3495 οὑδέ
2916 3442 3076 3513 μόνον
3112 3441 3218 3493 τῶν
3247 3440 3478 3508 ἐχόντων
3511 3437 3680 3506 αὑτήν

2103 3532 2401 3600 ἀλλότριος,
2439 3531 2573 3584 ἀλλά
2620 3532 2714 3584 καὶ
2754 3530 2851 3601 τὴν
2885 3532 3085 3602 ἀρετὴν
3121 3529 3218 3600 τὴν
3261 3528 3502 3580 ἐναντίαν
3537 3527 3675 3595 αὑτῇ

2107 3617 2245 3688 μετὰ
2283 3618 2481 3688 πολλῆς
2514 3617 2780 3688 ἐδεξάμην
2817 3618 2916 3688 τῆς
2947 3615 3270 3687 ὑπερϐολῆς,
3304 3615 3402 3684 τὴν
3435 3629 3679 3667 ταπεινοο

2107 3704 2400 3777 φροσύνην,
2447 3704 2508 3757 τὸ
2557 3703 2890 3775 μετριάζειν,
2946 3703 3007 3756 16
3059 3702 3459 3772 συντετρίφθαι.
3513 3697 3680 3752 Τοῦτο

2106 3795 2282 3846 ἐκεῖνο
2308 3792 2337 3844 6
2375 3794 2490 3854 τοῖς
2543 3792 2808 3862 μαθηταῖς
2851 3793 2879 3844 6
2919 3791 3152 3862 Χριστὸς
3191 3789 3442 3842 ἐκέλευσε
3488 3788 3680 3855 λέγων·

2119 3881 2261 3935 Ἐὰν
2293 3879 2377 3948 μὴ
2417 3876 2742 3948 στραφῆτε,
2783 3877 2879 3931 καὶ
2912 3878 3167 3946 γένησθε
3212 3877 3292 3942 ώς
3340 3875 3410 3930 τὰ
3457 3874 3684 3938 παιδία,

2109 3970 2180 4022 οὑ
2201 3966 2286 4036 μὴ
2312 3966 2620 4032 εἰσέλθητε
2641 3967 2728 4032 είς
2759 3964 2875 4029 τὴν
2891 3963 3220 4028 βασιλείαν
3246 3963 3365 4016 τῶν
3391 3962 3686 4030 οὐρανῶν.

2111 4055 2396 4124 Τοιαύτην,
2428 4053 2614 4124 φησὶν,
2638 4053 2954 4123 ἐκτησάμην
2979 4051 3500 4122 ταπεινοφροσύνην,
3523 4050 3599 4114 ὡς
3629 4049 3691 4102 16

2113 4143 2414 4214 ὑπομάζιον
2457 4140 2688 4194 παιδίον.
2730 4141 2941 4210 ’Ὠσπερ
2992 4139 3100 4209 γὰρ
3148 4139 3320 4191 ἐκεῖνο
3373 4137 3555 4207 ἔχεται
3592 4137 3692 4208 τῆς

2117 4230 2338 4302 μητρὸς,
2368 4228 2756 4282 τεταπείνωται
2775 4227 2824 4292 ἀ,
2855 4225 3170 4290 ἀλαζονείας
3197 4227 3414 4296 ἀπάσης
3443 4226 3561 4279 ἐστὶ
3592 4243 3693 4278 κα·

2115 4317 2298 4389 θαρὸν,
2344 4315 2570 4387 ἀφελείᾳ
2613 4316 2746 4385 συζῇ
2793 4314 2887 4367 καὶ
2929 4313 3211 4385 ἁπλότητι·
3244 4312 3386 4366 οὕτω
3434 4312 3528 4365 καὶ
3582 4309 3694 4378 ἐγὼ

2119 4405 2256 4475 πρὸς
2295 4404 2385 4456 τὸν
2413 4403 2544 4456 Θεὸν
2577 4403 2744 4474 ήμην,
2781 4401 3038 4472 ἐχόμενος
3070 4399 3234 4453 αὑτοῦ
3271 4397 3551 4470 διηνεκῶς.
3580 4399 3696 4468 Οὑχ

2119 4493 2304 4554 ἁπλῶς
2353 4492 2410 4545 δὲ
2463 4490 2557 4544 τοῦ
2600 4488 3210 4560 ἀπογεγαλακτισμένου
3251 4486 3520 4557 ἐμνήσθη,
3557 4485 3694 4539 ἀλλά

2118 4580 2216 4651 τὴν
2253 4577 2426 4647 θλίψιν
2453 4578 2624 4631 θέλων
2659 4580 3027 4648 παραστῆσαι,
3061 4575 3158 4645 τὴν
3190 4573 3567 4644 στενοχωρίαν,
3598 4573 3697 4644 τὴν

2119 4666 2329 4735 ὀδύνην,
2353 4665 2414 4718 16
2437 4664 2663 4735 μέγεθος
2692 4664 2800 4717 τῶν
2826 4663 3031 4718 κακῶν.
3064 4660 3332 4731 Καθάπερ
3351 4656 3443 4713 οὖν
3473 4660 3533 4712 16
3570 4675 3695 4711 παι·

2120 4753 2230 4807 δίον
2276 4752 2399 4824 ἄρτι
2431 4750 2524 4804 τοῦ
2567 4750 2774 4821 μαστοῦ
2822 4749 3190 4813 ἀποσπασθὲν,
3227 4748 3349 4802 οὑδέ
3387 4745 3559 4809 οὕτως
3593 4747 3692 4813 ἀφ-

2123 4841 2335 4894 ίσταται
2363 4839 2461 4910 τῆς
2494 4837 2720 4910 μητρὸς,
2768 4837 2882 4891 ἀλλ’
2911 4837 3262 4907 ὀδυνώμενον,
3285 4833 3537 4907 θρηνοῦν,
3568 4832 3696 4886 δυσ-

2122 4931 2391 4998 χεραῖνον,
2423 4926 2604 4988 ἀλῦον,
2633 4925 3188 4997 κλαυθμυριζόμενον,
3219 4924 3366 4993 ὅμως
3395 4921 3574 4991 ἔχεται
3599 4919 3700 4988 τῆς

2121 5014 2406 5084 τεκούσης,
2449 5013 2543 5068 καὶ
2582 5013 2682 5065 οὑκ
2718 5011 2784 5066 ἀν
2819 5011 3110 5080 ἀποσταίη·
3151 5009 3292 5064 οὑτω
3329 5006 3505 5075 κάγὼ,
3541 5005 3693 5075 φησὶ,

2125 5106 2218 5158 καὶ
2259 5105 2316 5156 ἐν
2343 5102 2535 5173 θλίψει,
2571 5101 2666 5156 καὶ
2695 5103 2752 5155 ἐν
2781 5101 3130 5172 στενοχωρία,
3163 5101 3255 5153 καὶ
3280 5100 3338 5152 ὲν
3370 5097 3591 5159 πολλαῖς
3621 5093 3698 5148 ῶν

2190 5310 2218 5351 b
2240 5311 2350 5359 εον.
2374 5309 2588 5370 ἀπεχθῶς
2607 5307 2705 5370 εἶχε
2727 5304 2893 5370 ταύτῃ.

2193 5376 2215 5431 f'
2243 5373 2362 5431 εον.
2381 5360 2715 5431 δὶεἰὶεγίστὴ’ς,
2735 5360 2896 5415 mimis
2933 5369 3091 5423 recte,
3121 5366 3206 5428 qui
3231 5378 3340 5412 mox
3363 5365 3474 5424 post
3492 5360 3696 5424 φυλακή,

2108 5428 2249 5496 ιρςὶι,
2268 5430 2464 5496 0mi§sis
2479 5428 2810 5496 interpositis.
2831 5436 2887 5482 Εἰ
2909 5437 2972 5496 μή
2993 5436 3425 5496 ἐταπεινοφρὸνουν.
3455 5434 3699 5496 lnfralmc

2108 5495 2314 5560 ἱιιιβιςρ..
2339 5493 2848 5560 οὑτως-ἀνταποδορείη
2872 5493 2928 5559 τῇ
2955 5501 3080 5560 ψυχῇ
3105 5493 3317 5557 μηνίσω
3338 5493 3632 5560 Symmachi.

2172 5553 2198 5621 7‘
2225 5553 2808 5621 SaY._0uv1_é10_11m._l_nfra
2832 5553 3210 5621 ide'm'éié'p'evo;
3231 5553 3476 5606 αὑτοῦδια
3505 5557 3695 5621 παντὸς.

2111 5617 2418 5683 Οὐχὰπλῶς.
2449 5613 2634 5666 Ibidem
2663 5618 2781 5667 Mor.
2809 5623 2893 5678 τὴν
2914 5613 3229 5683 θλίῷίνθέλων
3249 5621 3462 5682 παραϐα)
3474 5621 3558 5670 εῖν.
3581 5618 3698 5667 Sav.

2113 5681 2295 5726 melius
2320 5681 2465 5727 €0.ch
2489 5688 2813 5742 παραστῆσαι.
