4134 6210
411 305 512 362 377

408 420 522 472 sive
553 429 679 468 non.
709 410 766 468 Si
795 410 937 467 enim
961 408 1089 464 dare
1127 407 1285 462 situm
1326 414 1407 460 est
1446 405 1495 459 in
1549 409 1664 474 ejus
1714 413 1992 474 potestate.

411 512 462 564 in
493 509 609 579 ejus
637 507 797 562 etiam
823 511 1089 576 potestate
1118 500 1276 556 situm
1302 507 1404 564 est,
1435 497 1646 568 quando
1670 498 1800 561 vult,
1834 495 1994 550 dare:

412 610 620 669 tempus
638 608 816 652 autem
845 595 988 649 novit
1011 593 1229 664 optime.
1253 591 1559 646 Maneamus
1583 603 1708 658 ergo
1730 597 1997 656 rogantes,

410 693 787 764 supplicantes,
838 687 1169 744 conﬁdentes
1218 685 1334 754 ejus
1383 681 1761 737 misericordiae
1814 690 1866 735 et
1893 681 2002 736 cle-

412 787 644 850 mentiae.
675 803 775 842 nec
805 798 1054 852 umquam
1083 781 1151 835 de
1183 787 1362 834 nostra
1403 775 1576 832 salute
1631 775 1998 844 desperemus,

411 881 507 939 sed
529 888 711 934 nostra
738 876 1024 931 atlcramus
1043 915 1055 934 .
1088 881 1142 928 et
1184 869 1272 924 ille
1302 867 1452 922 nobis
1479 881 1766 938 numquam
1791 863 1998 930 deerit,

412 967 841 1046 quandoquidem
880 973 962 1020 est
988 959 1361 1018 inenarrabilis
1392 957 1530 1029 apud
1557 973 1677 1012 eum
1701 955 2002 1010 misericor-

412 1066 520 1133 dia,
545 1073 599 1120 et
620 1063 821 1118 inlicita
848 1057 1126 1114 clementia
1153 1072 1167 1108 :
1197 1068 1354 1124 quam
1391 1051 1546 1106 detur
1575 1049 1727 1103 nobis
1745 1047 1992 1102 omnibus

414 1156 662 1226 assequi,
717 1152 883 1225 gratia
924 1159 978 1205 et
1026 1146 1350 1217 benignitate
1397 1142 1604 1198 Domini
1655 1141 1822 1195 nostri
1866 1139 1992 1194 Jesu

413 1248 641 1314 Christi,
677 1248 887 1316 quicum
935 1241 1078 1298 Patri
1120 1251 1174 1295 et
1210 1237 1426 1308 Spiritui
1461 1243 1645 1290 sancto
1687 1232 1889 1304 gloria,
1941 1229 1996 1286 in

426 1341 616 1396 saecula
670 1337 1006 1394 saeculorum.
1062 1331 1251 1387 Amen.

869 1449 934 1505 1N
978 1443 1298 1504 PSALMUM
1348 1439 1565 1498 CXXX.

421 1567 471 1622 Ι.
503 1564 735 1629 Domine,
787 1578 888 1616 non
915 1570 986 1615 est
1029 1557 1301 1612 exaltatum
1321 1570 1410 1608 cor
1447 1567 1631 1615 meum,
1678 1565 1836 1621 neque
1877 1547 1996 1602 elati

486 1666 602 1712 sunt
619 1653 752 1709 oculi
771 1653 887 1707 mei.
915 1651 1083 1713 Alius,
1117 1647 1292 1716 Neque
1308 1644 1518 1698 exaltati
1541 1651 1656 1696 sunt
1681 1644 1786 1710 (a).
1818 1637 1998 1708 Neque

490 1746 741 1801 ambulavi
769 1745 823 1798 in
849 1742 1064 1812 magnis,
1089 1754 1248 1806 neque
1273 1738 1325 1790 in
1373 1731 1681 1788 mirabilibus
1709 1747 1862 1799 super
1901 1745 2000 1782 me.

488 1842 656 1905 Alius,
703 1837 768 1893 In
799 1832 1246 1907 magnitudinibus.
1271 1829 1436 1894 Alius,
1465 1825 1534 1881 In
1587 1822 2000 1897 ntagniﬁcentiis,

487 1949 577 1986 nec
601 1947 682 1985 me
713 1924 1144 1998 exsuperamibus.

491 2065 828 2135 Quandonam
853 2059 1063 2132 gloriari
1085 2057 1248 2111 liceat.
1270 2051 1490 2121 -—Quid
1515 2049 1624 2105 hoc
1647 2045 1768 2100 est?
1809 2043 2004 2099 Paulus

417 2157 548 2216 dicit
571 2157 788 2212 stultum
818 2167 937 2207 esse
963 2150 1194 2218 seipsmn
1245 2144 1495 2201 laudare.
1548 2139 1753 2194 etim‘nsi
1799 2137 1866 2190 sit
1913 2149 2004 2187 ne-

416 2265 590 2312 cessc,
625 2257 676 2303 et
723 2246 842 2300 ideo
891 2240 1163 2312 subjunait
1209 2239 1392 2292 dit-ens
1427 2254 1440 2289 :
1474 2233 1574 2287 Fui
1619 2231 1861 2301 insipirns
1903 2226 2005 2299 gloo

416 2343 592 2404 riaus;
636 2353 722 2392 vos
763 2352 842 2390 nte
896 2332 1125 2404 coegistis
1169 2329 1254 2400 (2.
1304 2326 1422 2383 Cor.
1453 2324 1537 2379 12.
1572 2323 1630 2376 il
1654 2321 1696 2393 ).
1729 2317 2004 2388 Quomodo

419 2433 522 2488 hoc
546 2447 672 2502 ergo
699 2427 960 2500 ignoravit
985 2424 1264 2497 propheta,
1295 2430 1348 2474 et
1393 2433 1535 2472 nunc
1578 2415 1866 2486 gloriatur,
1897 2427 2002 2465 non

419 2525 557 2596 apud
586 2525 738 2586 duos,
768 2532 857 2576 aut
887 2531 1018 2586 tres,
1041 2529 1130 2572 aut
1154 2517 1359 2578 decem,
1390 2512 1482 2567 sed
1515 2508 1652 2580 apud
1702 2508 2000 2562 universum

419 2616 604 2671 orbem
643 2614 833 2669 terrm?
865 2611 1130 2668 Gloriatur
1165 2618 1340 2660 autem
1386 2605 1570 2658 dicens
1599 2620 1612 2654 :
1638 2600 1765 2656 Sum
1794 2598 2005 2651 humilis

419 2719 475 2763 et
531 2708 855 2772 moderatus,
906 2711 962 2758 et
1009 2699 1306 2758 mirandum
1339 2697 1390 2751 itt
1438 2695 1650 2749 modum
1683 2690 1896 2745 humilis
1943 2703 2006 2742 ac

419 2799 664 2869 simplex.
697 2796 809 2852 Hoc
833 2796 972 2851 enim
997 2793 1095 2848 sibi
1129 2793 1238 2845 vult
1272 2789 1431 2848 aliud.
1461 2787 1513 2840 2.
1544 2785 1837 2838 Abtactatus
1857 2797 2006 2850 super

420 2902 630 2945 matrem
675 2906 838 2944 suam.
881 2890 1058 2956 Quare
1091 2899 1218 2954 ergo
1265 2881 1366 2935 hoc
1412 2877 1572 2933 facit?
1609 2875 1868 2942 Quoniam
1919 2887 2005 2927 res

418 2980 630 3052 quidem
655 2995 758 3034 non
785 2988 866 3033 est
889 2977 1105 3032 omnino
1134 2971 1425 3043 prohibita,
1455 2970 1562 3023 imo
1587 2983 1715 3020 vero
1741 2979 2006 3020 nonnum-

418 3089 575 3145 quam
608 3079 692 3126 est
719 3069 1017 3125 necessaria
1037 3107 1054 3132 ,
1083 3076 1240 3134 atque
1267 3063 1399 3117 adeo
1445 3071 1844 3127 nonnumquam
1875 3053 2007 3108 inci-

423 3162 524 3228 dit,
552 3170 609 3216 ut
637 3176 741 3215 non
768 3161 811 3214 si
838 3159 1141 3228 gloriemur,
1175 3154 1268 3208 sed
1294 3153 1336 3207 si
1361 3166 1462 3205 non
1502 3150 1810 3220 gloriemur,
1836 3145 2004 3199 simus

419 3253 749 3322 insipientes.
795 3249 1055 3315 Quocirca
1098 3245 1289 3301 Paulus
1327 3257 1536 3312 quoque
1571 3241 1742 3295 dicit:
1772 3237 1872 3304 Qui
1891 3236 2004 3307 glo—

421 3345 606 3407 riatur,
663 3343 716 3396 in
765 3339 986 3394 Domino
1039 3336 1284 3408 glorietur
1337 3334 1421 3404 (2.
1467 3331 1584 3386 Cor.
1627 3329 1876 3399 10.17).
1905 3325 2003 3394 Qui

420 3436 562 3489 enim
594 3433 835 3486 in'crttce
864 3445 968 3484 non
995 3426 1270 3498 gloriatur,
1301 3433 1382 3478 est
1415 3422 1650 3477 omnittm
1677 3417 2004 3486 insipientis-

419 3523 623 3585 simus;
648 3521 736 3592 qui
767 3535 870 3575 non
913 3519 963 3572 in
997 3517 1098 3572 tide
1126 3516 1402 3586 gloriatur,
1444 3523 1524 3567 est
1552 3511 1789 3564 omnium
1819 3510 2008 3564 miser-

419 3613 728 3683 rimus;qui
786 3611 838 3666 in
870 3609 952 3664 bis
981 3625 1084 3664 non
1131 3607 1400 3679 gloriatur
1423 3612 1480 3659 et
1515 3604 1646 3670 ﬁdit,
1697 3603 1742 3658 is
1788 3601 2006 3656 omnino

420 3705 625 3776 peribit.
664 3703 730 3758 Et
769 3701 888 3759 ideo
915 3701 1166 3756 audacter
1191 3698 1400 3752 dicebat
1428 3697 1658 3752 Paulus:
1684 3694 1815 3749 Mihi
1839 3704 2006 3746 autem

421 3795 549 3848 absit
569 3793 799 3867 gloriari,
828 3792 924 3846 nisi
953 3791 1005 3844 in
1042 3805 1188 3843 cruce
1216 3787 1421 3840 Domini
1463 3787 1620 3839 nostri
1658 3785 1780 3840 Jesu
1818 3783 2006 3840 Christi

421 3886 440 3956 (
457 3885 573 3940 Gal.
604 3887 656 3940 6.
684 3884 750 3940 14
768 3883 813 3955 ).
839 3881 904 3936 Εῑ
931 3897 1116 3935 rursus
1148 3896 1161 3931 :
1196 3877 1276 3932 Ne
1299 3878 1540 3948 glorietur
1564 3876 1698 3928 dives
1740 3877 1792 3928 in
1822 3875 2006 3930 divitiis

421 3981 544 4041 suis.
577 3994 733 4050 neque
756 3978 958 4049 sapiens
989 3975 1042 4029 in
1071 3971 1319 4043 sapientia
1348 3988 1441 4023 sua
1470 3985 1487 4022 :
1515 3971 1601 4022 sed
1628 3969 1680 4022 in
1707 3969 1798 4021 hoc
1823 3969 2006 4038 glorie-

423 4081 524 4136 tur,
568 4071 702 4139 quod
726 4069 973 4140 intelligat
999 4076 1045 4118 et
1069 4073 1335 4136 cognoscat
1366 4061 1636 4114 Dominum
1659 4057 1805 4129 (Jer.
1833 4058 1888 4113 9.
1913 4058 2004 4114 25.

423 4161 554 4234 24).
583 4160 862 4229 Quomodo
892 4169 974 4214 est
1014 4172 1143 4227 ergo
1169 4155 1367 4210 malum
1397 4151 1650 4224 gloriari?
1680 4151 1734 4206 Si
1763 4151 1814 4205 id
1840 4151 2005 4205 facia-

425 4271 544 4312 mus
564 4265 620 4310 ttt
641 4254 940 4309 Pbarisaeus
969 4250 1133 4324 (Luc.
1161 4247 1284 4320 18).
1320 4246 1386 4300 Ει
1409 4260 1594 4318 quare,
1619 4243 1845 4314 inquies,
1880 4243 2009 4299 dicit

425 4343 640 4409 Paulus,
693 4343 797 4398 Fui
845 4343 1089 4413 insipiens
1135 4340 1396 4412 glorians;
1427 4354 1512 4391 vos
1539 4353 1618 4390 me
1659 4335 1885 4406 coegistis
1914 4333 2003 4403 (2.

424 4438 651 4494 ϐον.12.
685 4436 814 4510 il)?
857 4435 1116 4504 Quoniam
1154 4431 1403 4486 narrabat
1450 4428 1704 4499 praeclara
1745 4428 1870 4482 vita:
1896 4443 2006 4482 suae

426 4532 661 4588 instituta
690 4540 745 4585 et
768 4527 1020 4588 facinora,
1044 4541 1164 4596 quae
1198 4539 1303 4578 non
1332 4521 1612 4594 oportebat
1641 4535 1876 4579 narrare.
1907 4519 2007 4573 nisi

427 4637 646 4680 necesse
680 4629 845 4678 esset.
878 4618 1015 4674 Alibi
1057 4623 1230 4671 autem
1257 4614 1383 4668 dicit
1415 4631 1427 4666 :
1462 4611 1522 4667 Si
1548 4613 1749 4667 voluero
1776 4610 2006 4682 gloriari,

426 4731 527 4768 non
565 4729 653 4767 ero
698 4711 976 4782 insipiens;
1019 4709 1273 4761 veritatem
1297 4705 1428 4757 enim
1454 4703 1619 4757 dicam
1652 4703 1670 4772 (
1689 4701 1743 4756 2.
1767 4701 1885 4756 Cor.
1919 4699 2005 4753 12.

427 4807 518 4877 6).
549 4805 650 4873 Qui
693 4805 970 4858 veritatem
1001 4797 1300 4874 ergo'dicit,
1348 4814 1466 4850 cum
1511 4805 1720 4866 tempus
1745 4793 2007 4863 postulat,

429 4913 535 4951 non
565 4904 650 4950 est
672 4895 945 4964 insipiens.
973 4890 1088 4945 Non
1115 4897 1196 4944 est
1219 4904 1346 4958 ergo
1367 4887 1619 4956 insipiens
1641 4886 1894 4956 propheta
1923 4882 2010 4952 qui

429 4987 687 5060 gloriatur
718 5004 732 5040 :
759 5001 882 5040 vera
908 4984 1047 5038 enim
1092 4983 1243 5037 dixit.
1274 4981 1376 5036 Sed
1417 4994 1658 5050 quautam
1690 4992 1847 5032 causa
1889 4990 2011 5030 eum

429 5080 660 5146 induxit,
709 5087 768 5134 ut
817 5078 932 5134 haec
977 5075 1215 5132 diceret?
1246 5073 1315 5130 Ut
1365 5073 1576 5126 doceret
1623 5069 1893 5124 auditores
1947 5081 2014 5120 ne

433 5181 707 5242 postquam
735 5169 940 5226 liberati
970 5176 1094 5223 sunt
1121 5181 1150 5219 a
1179 5165 1331 5219 malis
1349 5206 1364 5229 ,
1393 5168 1723 5216 revertantur
1748 5158 1811 5212 ad
1835 5161 2015 5228 pristi-

435 5280 556 5320 nam
584 5263 872 5318 amentiam
905 5269 958 5316 et
1001 5257 1356 5320 insolentiam,
1390 5269 1488 5308 nec
1517 5269 1546 5304 a
1577 5250 1788 5306 vinculo
1809 5248 2012 5304 liberati

433 5357 694 5420 resiliant,
739 5364 793 5410 et
830 5354 881 5408 in
913 5353 1065 5405 aliam
1105 5348 1423 5418 captivitatis
1471 5343 1839 5401 necessitatem
1881 5341 2013 5400 inci-

428 5451 584 5506 dant.
606 5448 938 5518 Quapropter
955 5443 1079 5496 dum
1107 5455 1199 5494 sua
1223 5447 1416 5501 narrat,
1441 5436 1734 5491 auditorem
1761 5431 2013 5500 corrigit:

515 5609 568 5672 ro
599 5605 714 5672 Quis
735 5605 800 5656 εει
815 5603 898 5672 .hic
919 5598 1446 5672 unumsumer-
1473 5590 1764 5672 res!!!“
1789 5597 2015 5672 1'23"”

429 5650 718 5734 φιῃῖἓεῖιῖῧὲ
735 5650 797 5716 ἷῖ
815 5650 1366 5734 ἰιιιειῖρςβιῂξίρᾷθει
1389 5651 1760 5734 ῙΞιξιαέιιιιίιιω
1786 5659 1836 5701 et
1854 5650 2015 5701 Theo-

425 5716 694 5791 adiuuat,
718 5738 934 5793 sequens
957 5716 1084 5774 vero
1091 5722 1230 5784 juxta
1253 5716 1595 5782 Sytmuachum.

1510 291 1868 349 EXPOSITIO
1907 289 1969 346 IN
2011 289 2329 348 PSALMUM
2371 293 2584 348 CXXX.

3579 295 3694 356 379

2107 421 2212 462 non
2233 406 2358 461 dicit
2383 418 2581 475 autem,
2615 406 2884 461 Exaltattts
2905 407 3116 478 quidem
3156 423 3290 470 smn,
3336 407 3686 478 perturbatio.

2105 513 2226 552 nem
2254 505 2428 553 autem
2457 498 2618 551 animi
2641 498 2912 552 continui:
2942 498 3033 553 sed
3061 499 3218 568 quid!
3253 497 3371 553 Non
3398 510 3467 554 est
3489 498 3686 552 exulta-

2106 596 2210 642 tutn
2241 605 2326 643 cor
2347 604 2548 654 meum;
2588 589 2688 643 hoc
2717 599 2818 650 est.
2852 589 2966 644 Non
3011 589 3180 659 tetigit
3222 589 3456 644 animum
3507 605 3686 647 meum

2107 683 2358 753 nequitia.
2392 681 2540 736 Meus
2565 682 2706 737 enim
2757 681 2871 752 ejus
2915 693 3028 736 erat
3059 681 3216 736 veluti
3247 682 3458 750 quidam
3507 694 3692 750 portus

2109 777 2266 830 nullis
2309 775 2558 831 ﬂuctibus
2587 775 2832 846 agitatus,
2891 774 3007 842 ejus
3047 773 3216 828 morbi
3267 773 3436 826 ttndas
3473 771 3690 825 minimo

2106 866 2420 936 suscipiens,
2445 865 2535 937 qui
2581 876 2662 921 est
2705 881 2860 920 causa
2891 865 3127 918 omnium
3156 863 3437 927 malorum,
3462 871 3516 915 et
3542 862 3687 916 radix

2105 961 2360 1015 extremae
2410 960 2724 1029 iniquitatis.
2760 957 2895 1026 Quid
2937 967 3014 1012 est
3063 955 3202 1026 quod
3250 955 3396 1016 dicit,
3449 953 3686 1016 Domine,

2107 1067 2208 1104 non
2249 1059 2319 1105 est
2361 1052 2634 1105 exaltatum
2689 1067 2775 1104 cor
2811 1066 2995 1114 meum,
3048 1064 3204 1118 neque
3252 1047 3371 1100 elati
3400 1056 3516 1098 sunt
3556 1045 3691 1099 oculi

2108 1143 2244 1196 mei?
2282 1142 2398 1197 Non
2451 1141 2714 1207 contraxi,
2749 1141 2936 1211 inquit,
2993 1139 3269 1208 supercilia
3292 1179 3307 1202 ,
3339 1153 3509 1207 neque
3539 1135 3690 1190 erexi

2105 1235 2390 1289 cervicem.
2421 1235 2462 1288 Α
2496 1233 2640 1287 fonte
2664 1233 2804 1290 enim
2835 1231 3042 1285 interno
3085 1229 3391 1299 perturbth
3416 1228 3498 1283 nis
3525 1227 3688 1281 animi

2108 1327 2326 1382 morbus
2367 1327 2660 1382 scaturicns
2711 1325 2921 1380 interno
2965 1324 3153 1378 tumori
3198 1322 3470 1378 conformo
3495 1333 3690 1389 corpus

2094 1419 2333 1490 'cl'tingit.
2364 1417 2542 1490 Neque
2567 1417 2819 1472 ambulavi
2848 1418 2897 1471 in
2926 1417 3138 1488 magnis,
3169 1431 3326 1481 neque
3353 1415 3404 1467 in
3441 1411 3688 1466 mirabili—

2109 1512 2197 1566 bus
2238 1527 2389 1582 super
2429 1527 2526 1565 me.
2576 1510 2711 1578 Quid
2749 1519 2851 1575 cst,
2883 1507 2948 1564 In
2981 1507 3217 1580 magnis?
3262 1508 3314 1560 lu
3343 1503 3648 1559 hominibus
3671 1545 3684 1567 ,

2110 1607 2306 1675 inquit,
2356 1606 2606 1669 tumidis,
2642 1604 2930 1667 divitibus,
2972 1601 3371 1672 arrogantibus,
3424 1599 3688 1675 superbis.

2111 1699 2296 1754 Vidisti
2327 1709 2522 1769 quanta
2547 1699 2616 1752 sit
2641 1697 2947 1752 lmmilitas?
2991 1695 3104 1750 Non
3147 1694 3318 1749 solum
3357 1665 3630 1760 erat-ipsc
3658 1707 3686 1745 a

2110 1791 2296 1847 morbo
2325 1791 2553 1853 alienus,
2572 1789 2665 1844 sed
2695 1803 2788 1843 eos
2809 1789 2990 1853 etiam,
3009 1785 3100 1856 qui
3129 1795 3281 1842 erant
3305 1785 3509 1849 tumidi,
3532 1785 3693 1854 fngie-

2110 1884 2218 1950 bat,
2251 1893 2305 1939 et
2337 1899 2366 1937 a
2396 1882 2587 1937 talibus
2613 1880 2882 1936 resiliebat
2913 1879 3138 1934 emtibus
3166 1887 3381 1948 propter
3416 1891 3686 1942 magnum,

2108 1979 2248 2050 quod
2306 1979 2359 2032 in
2405 1976 2762 2046 arrogantiam
2810 1979 3149 2042 conceperat,
3192 1970 3393 2024 odium.
3423 1967 3684 2036 Quoniam

2109 2069 2251 2126 enim
2283 2068 2490 2123 infenso
2525 2076 2638 2121 erat
2682 2066 2732 2120 in
2763 2064 2864 2119 hoc
2907 2063 3089 2118 vitium
3142 2061 3340 2125 animo,
3384 2075 3486 2113 non
3517 2059 3690 2112 solum

2109 2163 2175 2218 ab
2228 2177 2293 2217 eo
2330 2159 2617 2224 resiliebat,
2656 2173 2757 2213 nec
2804 2156 3160 2227 permittebat,
3213 2163 3271 2208 ttt
3311 2154 3363 2209 in
3409 2153 3688 2206 castellum

2107 2256 2300 2310 anima:
2322 2262 2465 2309 esset
2491 2252 2539 2307 ei
2570 2251 2708 2306 ullus
2729 2249 2921 2312 aditus,
2953 2247 3044 2302 sed
3081 2262 3175 2302 eos
3213 2248 3394 2311 etiam,
3423 2244 3511 2315 qui
3559 2243 3684 2298 illud

2109 2349 2470 2412 sectabantur,
2497 2345 2808 2416 longissimo
2836 2342 3115 2398 intervallo
3144 2341 3393 2410 fugiebat,
3434 2348 3488 2391 ut
3515 2337 3582 2392 ab
3609 2337 3688 2392 eis

2109 2441 2239 2496 nihil
2269 2439 2572 2495 detrimenti
2602 2446 2837 2507 caperet.

2179 2536 2484 2604 Arrogantes
2511 2541 2556 2585 et
2580 2529 2781 2602 superbi
2807 2537 3112 2608 quantopere
3143 2524 3388 2598 fugiendi.
3417 2553 3483 2564 —-
3508 2520 3692 2592 Neque

2109 2644 2237 2684 vero
2266 2628 2405 2682 inter
2434 2639 2590 2694 parva
2619 2632 2762 2678 recte
2788 2621 2920 2677 facta
2947 2617 3244 2674 ducendum
3279 2624 3360 2671 est
3400 2613 3580 2684 lugere
3603 2628 3684 2666 ar-

2108 2729 2359 2794 rogantes
2383 2761 2396 2783 ,
2426 2718 2548 2772 odio
2577 2716 2775 2771 habere
2805 2712 3032 2769 tumidos
3057 2719 3112 2768 et
3137 2708 3454 2768 insolentes,
3492 2717 3691 2772 eosque

2108 2814 2395 2874 abhorrere
2424 2822 2474 2866 et
2503 2808 2734 2864 aversari
2765 2825 2778 2860 :
2809 2805 2901 2860 sed
2929 2811 3012 2858 est
3046 2801 3271 2855 maxima
3299 2797 3506 2851 virtutis
3535 2808 3689 2850 secu-

2109 2909 2265 2971 ritas,
2302 2901 2617 2958 humilitatis
2645 2899 2876 2952 maxima
2902 2892 3161 2949 custodia.
3197 2887 3375 2959 Neque
3403 2888 3453 2940 in
3481 2884 3689 2938 mirabi-

2110 3002 2236 3056 libus
2262 3013 2412 3066 super
2434 3011 2528 3049 me.
2557 2994 2723 3052 Alius,
2758 2988 2932 3060 Neque
2959 2988 3009 3040 in
3037 3003 3114 3039 me
3136 2980 3551 3050 exsuperantibus
3585 2975 3682 3047 la).

2108 3094 2160 3148 2.
2214 3094 2274 3149 Si
2313 3107 2412 3146 non
2452 3086 2706 3144 hmnilitcr
2737 3083 3005 3138 sentiebam
3029 3121 3044 3146 ,
3091 3077 3180 3134 scd
3209 3074 3425 3130 excitavi
3467 3072 3688 3126 animum

2112 3204 2297 3244 meam.
2339 3186 2393 3239 5.
2419 3183 2564 3238 Sicut
2585 3180 2864 3234 obluctatus
2889 3185 2959 3228 cst
2981 3187 3130 3240 super
3157 3179 3364 3223 matrem
3400 3182 3542 3220 suant
3563 3207 3580 3231 ,
3621 3165 3692 3217 ita

2109 3281 2348 3336 retribues
2369 3276 2419 3330 in
2446 3273 2666 3328 animam
2689 3285 2866 3324 meam.
2895 3265 3063 3328 Alius,
3089 3261 3172 3316 Ita
3190 3259 3493 3316 retribuatur
3508 3256 3690 3309 anima

2110 3387 2254 3427 ntere.
2287 3369 2490 3424 Dictum
2516 3374 2599 3422 est
2623 3379 2718 3436 per
2741 3359 3092 3434 hyperbaton,
3125 3367 3315 3422 nempe
3339 3367 3352 3403 :
3381 3349 3436 3403 Si
3462 3363 3563 3401 non
3592 3345 3692 3401 hu-

2111 3464 2306 3520 militer
2347 3457 2638 3515 sentiebam
2664 3496 2679 3519 ,
2723 3455 2851 3508 sicut
2899 3449 3216 3504 ablactatum
3247 3442 3424 3511 ‘super
3469 3448 3689 3494 matrem

2111 3571 2259 3612 suam
2279 3596 2294 3619 ,
2321 3550 2415 3608 sed
2442 3549 2664 3606 exaltavi
2686 3561 2778 3600 cor
2805 3558 2978 3598 meum
3003 3581 3018 3604 ,
3048 3539 3116 3593 ita
3148 3535 3473 3592 retribuatur
3500 3529 3691 3585 animai

2111 3618 2446 3712 mea-.(luod
2478 3651 2652 3698 autem
2673 3637 2821 3702 dicit,
2845 3641 2926 3690 est
2947 3628 3206 3701 ejusmodi
3238 3645 3253 3681 :
3281 3627 3392 3681 Non
3417 3624 3588 3678 solum
3617 3618 3688 3674 iul

2113 3740 2293 3794 libera
2325 3736 2450 3790 vitio
2474 3775 2488 3795 ,
2518 3727 2836 3801 arrogantia,
2869 3725 3081 3794 inquam
3102 3764 3116 3786 ,
3163 3735 3265 3774 nec
3291 3719 3460 3772 solum
3491 3713 3558 3769 ab
3587 3713 3648 3767 iis
3671 3750 3685 3778 ,

2111 3832 2198 3900 qui
2229 3829 2315 3884 illa
2347 3824 2554 3898 praediti
2599 3831 2755 3886 sunt,
2805 3817 3007 3872 alienus
3041 3832 3053 3867 :
3084 3809 3434 3868 verumetiam
3473 3814 3686 3862 contra‘

2111 3925 2242 3978 riam
2271 3922 2320 3976 ei
2349 3921 2594 3974 virtutem
2624 3911 3000 3984 supramodum
3032 3905 3263 3976 suscepi,
3295 3915 3484 3968 nempe
3513 3896 3689 3952 httmi«

2112 4016 2311 4069 litatcm
2339 4054 2354 4075 ,
2397 4006 2812 4063 moderationem
2840 4042 2854 4066 ,
2903 3998 3300 4052 contritiouem.
3351 3990 3480 4045 illud
3517 3990 3688 4058 ipsum

2112 4105 2358 4161 Christus
2384 4113 2595 4170 quoque
2621 4092 2858 4164 przecipit
2882 4087 3152 4156 discipulis
3177 4084 3306 4147 suis,
3329 4082 3512 4135 dicens
3536 4096 3548 4132 :
3577 4075 3675 4130 Nis

2113 4193 2339 4249 conversi
2367 4189 2591 4262 fueritis,
2621 4195 2670 4240 et
2699 4180 2978 4255 eﬁiciamini
2999 4180 3124 4231 sicut
3151 4172 3363 4244 parvuli,
3399 4187 3498 4224 non
3519 4169 3689 4236 ingre-

2114 4285 2317 4340 diemiui
2339 4259 2543 4352 regnum
2563 4277 2798 4331 cazlorum
2822 4275 2838 4341 (
2863 4269 3044 4326 Matth.
3070 4268 3157 4323 18.
3186 4269 3219 4323 5
3304 4263 3470 4326 Talis,
3497 4259 3688 4329 inquit,

2115 4377 2211 4432 fuit
2254 4390 2368 4429 mea
2393 4348 2677 4425 humilitas
2705 4409 2719 4431 ,
2768 4363 2940 4434 qualis
2983 4359 3195 4414 infantis
3219 4398 3234 4420 ,
3284 4355 3372 4425 qui
3405 4351 3598 4422 pendet
3624 4348 3693 4402 ab

2114 4471 2278 4526 ttbere
2307 4465 2509 4522 matris.
2541 4455 2995 4528 Quemadmodum
3026 4453 3166 4509 enim
3197 4450 3282 4503 ille
3311 4445 3545 4500 adhwret
3576 4456 3692 4495 ma-

2115 4561 2218 4628 tri,
2249 4556 2460 4614 humilis
2481 4563 2582 4616 est,
2609 4559 2664 4608 et
2690 4545 2834 4604 omni
2865 4541 3164 4614 arrogantia
3208 4551 3404 4593 vacuus
3429 4576 3444 4598 ,
3491 4532 3616 4586 vivit
3640 4530 3693 4585 in

2116 4627 2413 4712 innocentia
2444 4659 2649 4703 summa
2675 4649 2730 4698 et
2759 4637 3099 4706 simplicitate
3123 4650 3135 4685 ε
3165 4633 3233 4686 ita
3260 4645 3357 4699 ego
3380 4627 3535 4682 etiam
3570 4637 3694 4692 erga

2118 4747 2282 4802 Deum
2319 4757 2404 4795 me
2433 4736 2678 4810 gerebam
2700 4775 2716 4801 ,
2748 4732 2795 4786 ei
2826 4736 3080 4800 perpetuo
3107 4722 3407 4776 adhmreus.
3436 4710 3698 4788 Ablactati

2117 4848 2292 4894 autem
2319 4850 2425 4889 non
2445 4831 2542 4886 abs
2563 4843 2622 4886 re
2650 4824 2889 4881 meminit
2914 4836 2929 4885 ;
2961 4815 3054 4872 sed
3096 4814 3278 4870 volens
3309 4807 3590 4865 ostendrre
3614 4809 3698 4858 at-

2120 4931 2429 4991 ﬂictionem,
2457 4920 2771 4990 angustiam,
2799 4915 3066 4975 dolorem,
3093 4909 3353 4964 malorum
3379 4899 3700 4972 magnitudi-

2120 5037 2262 5077 nem.
2314 5011 2767 5084 Quemadmodum
2799 5021 2926 5076 ergo
2966 4999 3251 5074 parvulus,
3299 4996 3386 5066 qui
3417 5007 3588 5062 nuper
3633 4991 3700 5043 ab

2123 5116 2281 5167 ubere
2307 5109 2521 5164 avulsus
2556 5111 2670 5166 est,
2714 5116 2781 5154 ne
2815 5100 2891 5154 sic
2919 5095 3135 5167 quidem
3177 5106 3206 5146 a
3252 5099 3423 5144 matre
3463 5083 3696 5143 recedit,

2122 5205 2213 5268 sed
2242 5203 2394 5264 tiens,
2420 5211 2661 5270 gemens,
2691 5195 2878 5263 Ingens
2899 5233 2912 5254 ,
2943 5203 3083 5260 aegre
3112 5185 3288 5241 ferens
3321 5182 3339 5250 (
3355 5180 3419 5251 ὁ)
3455 5188 3594 5270 ethse
3619 5174 3702 5227 af-

2125 5266 2350 5356 ilictans,
2379 5266 2532 5364 matri
2557 5300 2768 5360 semper
2787 5283 3042 5344 adhaeret,
3075 5291 3172 5332 nec
3192 5274 3259 5331 ab
3279 5287 3340 5326 ea
3365 5268 3566 5324 recedit
3590 5283 3603 5318 :
3633 5266 3704 5318 ita

2124 5405 2222 5459 ego
2243 5361 2472 5456 quoque,
2501 5358 2687 5450 inquit,
2710 5391 2829 5431 cum
2849 5388 3021 5429 essem
3044 5370 3094 5426 in
3113 5363 3421 5427 afﬂictione,
3445 5358 3701 5429 angustiis

2186 5520 2259 5582 (τι)
2291 5527 2402 5582 ηερ
2421 5509 2760 5576 interpretatio
2784 5514 2862 5582 es
2878 5489 3706 5582 ,iteEfz‘fl'Eiﬁifﬁ‘filltﬁ‘m‘

2124 5550 3110 5638 itoiiKniT'iiiﬁ'éi'J'éEiéﬁiésiaaiam;
3130 5550 3177 5610 in
3201 5559 3418 5638 {stitione
3433 5550 3611 5638 Savilii.

2190 5618 2744 5710 ἱὶῖῐῖὶέέἲπὲιῖτὲηῗιὲεὸνὲ
2765 5618 3348 5710 *ίσνετηξλδυεκξραῖγοῖκ
3385 5623 3597 5672 mm“
3645 5618 3698 5666 "'

2128 5691 2312 5764 uiiétf
2330 5691 2433 5757 Sed
2459 5691 2506 5753 itt
2531 5691 2641 5753 aliis
2661 5691 3038 5759 Exemplaribus
3061 5691 3323 5740 habentur.
