4116 6204
457 307 563 365 579

455 434 510 479 et
535 423 716 479 multis
735 421 1144 490 calamitatibus,
1174 422 1286 478 Deo
1309 439 1523 494 semper
1541 423 1760 479 adhaesi.
1788 423 1842 479 Si
1868 435 2045 481 autem

457 517 530 569 ita
555 529 660 570 non
688 514 784 582 l‘ui,
813 515 1158 582 retribuatur,
1191 515 1383 587 inquit,
1414 531 1575 588 super
1589 517 1820 572 animam
1852 532 2046 583 meam,

463 608 564 660 hoc
589 615 692 671 est,
725 604 845 660 dem
877 604 1116 660 ultitntttn
1145 607 1482 677 supplicium.
1509 607 1563 661 4-.
1595 606 1776 676 Sperat
1802 603 1968 660 Israel
1994 610 2047 660 in

457 695 675 751 Domine
699 739 717 764 ,
747 713 811 751 ea:
837 697 932 751 hoc
957 715 1089 752 nunc
1127 707 1172 752 et
1209 715 1364 766 usque
1389 698 1443 751 in
1469 697 1732 752 steculunt.
1765 698 1926 754 Vides
1946 739 1960 764 ,
1991 707 2050 753 ut

455 788 564 843 dixi
591 791 642 843 in
674 791 934 860 principio
957 832 973 857 ,
1020 791 1072 846 in
1101 791 1164 846 iis
1189 791 1400 862 quidem
1427 808 1546 862 qua:
1573 792 1638 846 ad
1669 792 1825 847 fidem
1854 801 1908 848 et
1945 793 2045 848 do-

455 889 631 951 gmata
660 883 927 954 pertinent
950 925 965 950 ,
997 883 1097 938 etsi
1139 883 1283 938 nulla
1311 899 1471 938 causa
1499 884 1586 950 sit,
1631 893 1878 953 oportere
1907 885 2043 938 assi-

453 972 559 1028 due
579 973 814 1043 gloriari,
839 983 893 1028 et
917 988 1041 1028 eum
1065 974 1152 1043 qui
1186 989 1290 1028 non
1315 975 1571 1044 gloriatur
1593 974 1799 1044 perire:
1822 975 1873 1029 in
1899 984 2044 1031 recte

455 1071 632 1116 autetn
669 1062 842 1128 factis,
871 1078 990 1116 cum
1027 1071 1233 1134 tempus
1259 1065 1520 1136 postulat,
1550 1081 1654 1118 non
1689 1066 2042 1122 recusandum

455 1169 574 1209 esse
601 1155 837 1224 gloriari.
867 1154 1145 1222 Quodnam
1189 1166 1270 1209 est
1305 1164 1480 1210 autem
1515 1158 1758 1226 tempus?
1799 1157 1958 1213 Multa
1987 1169 2043 1214 et

457 1243 631 1308 varia,
659 1259 884 1313 quorum
913 1259 1076 1299 unum
1109 1253 1232 1310 est,
1277 1245 1499 1300 docendi
1527 1247 1846 1302 auditorem.
1888 1249 2039 1316 Quod

450 1333 538 1389 hic
565 1350 776 1405 quoque
802 1335 1002 1401 sciens,
1050 1345 1106 1392 et
1129 1338 1418 1393 ostendens
1464 1355 1522 1394 se
1572 1353 1664 1394 sua
1713 1351 1858 1396 recte
1901 1341 2036 1398 facta

449 1427 570 1482 ideo
588 1427 787 1491 dicere,
813 1439 871 1483 ut
891 1429 1189 1484 auditorem
1211 1429 1277 1484 ad
1300 1431 1381 1484 sui
1405 1431 1752 1486 imitationem
1782 1433 2034 1500 attrahat,

447 1520 722 1590 subjunxit
763 1522 987 1576 dicens:
1022 1521 1204 1593 Speret
1244 1521 1412 1577 Israel
1451 1524 1504 1577 in
1538 1522 1756 1578 Domino
1781 1529 1804 1584 .'
1843 1543 1906 1582 ea:
1943 1528 2037 1580 hoc

449 1626 583 1663 nunc
617 1619 662 1664 et
693 1627 845 1679 usque
871 1611 925 1664 in
951 1614 1216 1666 secutum.
1241 1611 1364 1667 Sive
1387 1654 1402 1679 ,
1451 1613 1636 1684 inquit,
1667 1615 1996 1671 calamitates
2015 1659 2031 1684 ,

446 1701 558 1755 sive
579 1701 940 1771 aegritudines,
963 1702 1075 1758 sive
1097 1703 1254 1771 bella,
1283 1712 1338 1758 et
1362 1705 1716 1773 captivitates,
1735 1707 1846 1762 sive
1866 1709 2036 1775 quod-

447 1810 676 1862 cumque
702 1794 841 1849 aliud
871 1801 1037 1863 gra‘ve
1065 1796 1465 1866 etinopiuatum
1496 1801 1692 1853 malum
1722 1810 1774 1856 te
1798 1802 2031 1857 circum-

448 1883 680 1947 sederit,
708 1899 855 1954 Spem
886 1886 940 1939 in
973 1887 1137 1942 Deum
1183 1896 1237 1942 et
1269 1890 1716 1958 exspectationem
1745 1892 1885 1947 illam
1913 1901 2034 1948 tene

448 1975 673 2030 tit-initer
698 2017 712 2040 ,
745 1985 799 2030 et
834 1976 1052 2032 omnino
1087 1978 1257 2034 bonus
1285 1981 1386 2035 erit
1428 1979 1521 2034 tibi
1559 1981 1677 2034 linis
1724 1991 1779 2036 et
1824 1984 2028 2053 exitus,

447 2066 558 2120 Deo
599 2066 802 2122 scilicet
845 2066 982 2122 hanc
1015 2079 1156 2123 tuam
1184 2070 1378 2125 bonam
1423 2085 1572 2140 spem
1602 2085 1976 2130 reniunerante
2001 2091 2031 2130 a

446 2158 597 2214 malis
623 2157 717 2213 tibi
759 2159 880 2212 data
927 2159 1280 2228 liberatione,
1327 2162 1378 2215 in
1422 2161 1632 2218 Christo
1661 2163 1786 2218 Jesu
1808 2165 2032 2222 Domino

444 2258 627 2304 nostro
657 2267 670 2304 :
703 2251 786 2304 cui
807 2250 976 2320 gloria
1005 2259 1062 2306 et
1089 2253 1367 2323 imperium
1391 2253 1443 2307 in
1471 2256 1663 2309 saecula
1691 2257 2026 2312 smculorum.

445 2342 636 2396 Amen.

865 2431 930 2487 ΙΝ
969 2431 1092 2488 PSA
1101 2432 1294 2488 LMUM
1331 2434 1572 2490 CXXXI.

444 2523 472 2576 l
529 2521 778 2578 Memento
803 2565 819 2595 ,
851 2523 1070 2579 Domine
1091 2567 1106 2594 ,
1135 2525 1301 2580 David
1323 2569 1338 2594 ,
1372 2536 1417 2581 et
1443 2529 1606 2582 omnis
1635 2531 2029 2588 mansuetudinis

1155 2619 1283 2690 ejus.

515 2729 568 2783 1.
599 2727 1378 2786 Hosismansuetudo.——Alibi
1401 2732 1614 2802 quidem
1643 2744 1831 2805 rogant
1852 2738 2024 2794 solum

441 2820 642 2875 servari
669 2836 736 2876 ex
762 2821 1020 2876 memoria
1047 2822 1309 2891 majorum
1341 2841 1354 2877 :
1388 2823 1472 2878 hic
1499 2832 1676 2880 autent
1702 2825 1838 2881 bona
1865 2841 2024 2896 opera

439 2919 657 2968 narrant
679 2951 696 2976 ,
729 2920 784 2967 et
824 2912 966 2982 quod
993 2921 1076 2968 est
1104 2915 1338 2969 onmium
1367 2915 1626 2971 bonorum
1653 2932 1812 2974 causa
1837 2961 1852 2984 ,
1906 2935 2024 2975 mo-

438 3002 809 3070 derationem,
846 3003 1198 3060 humilitatem
1223 3047 1238 3072 ,
1286 3007 1766 3063 mansuetudinem.
1809 3009 1933 3065 ldeo
1971 3011 2024 3066 in

441 3095 670 3150 maxima
697 3110 908 3166 quoque
933 3096 1284 3153 admiratione
1311 3098 1605 3155 habebatur
1628 3101 1820 3156 Moses.
1852 3101 1979 3156 Erat
2005 3144 2022 3170 ,

442 3187 611 3258 inquit
633 3229 649 3254 ,
695 3188 987 3244 mitissimus
1013 3190 1238 3244 omnium
1265 3190 1524 3246 hominum
1543 3233 1558 3258 ,
1600 3194 1685 3264 qui
1707 3204 1847 3248 erant
1875 3213 2024 3266 super

439 3289 625 3333 terram
651 3277 671 3352 (
695 3278 856 3333 Num.
883 3280 970 3334 12.
1001 3279 1090 3353 5).
1118 3280 1222 3336 Sed
1243 3283 1480 3336 nonnulli
1506 3282 1739 3339 hzeretici
1764 3285 1878 3354 ejus
1902 3285 2022 3340 vitae

439 3371 759 3435 institutum,
787 3380 842 3426 et
867 3371 918 3428 id
941 3371 1081 3442 quod
1107 3372 1306 3428 dietum
1333 3383 1414 3428 est
1442 3375 1892 3445 reprehendentes
1918 3377 2016 3449 (a),

439 3461 644 3528 dicunt,
695 3461 832 3530 Quid
860 3461 1032 3517 dicis?
1079 3473 1195 3518 erat
1225 3464 1312 3519 ille
1351 3466 1660 3521 mitissimus
1680 3509 1695 3534 ,
1719 3468 1807 3537 qui
1831 3469 2022 3524 invasit

437 3553 746 3626 Egyptium
771 3597 786 3624 ,
836 3563 892 3611 et
913 3571 1038 3611 eum
1079 3553 1384 3612 interfecit?
1414 3557 1502 3627 qui
1527 3557 1740 3614 Judteos
1780 3559 2020 3628 implevit

437 3647 694 3720 sanguine
722 3656 776 3704 et
800 3647 955 3704 bellis
980 3649 1288 3703 intestinis?
1316 3648 1405 3718 qui
1425 3648 1584 3718 jussit
1613 3658 1669 3704 ut
1697 3653 2018 3722 consangui-

437 3739 522 3800 nei
546 3748 801 3811 cognatos
825 3737 1174 3794 occiderent?
1199 3740 1285 3809 qui
1315 3739 1560 3808 precibus
1585 3748 1643 3794 ut
1673 3750 1809 3796 terra
1837 3741 2018 3797 dehis-

437 3839 586 3887 ceret
609 3829 801 3896 effecit,
831 3838 886 3884 et
909 3845 940 3885 e
967 3829 1213 3899 supernis
1255 3828 1454 3884 fulmen
1489 3828 1738 3886 deorsum
1764 3830 2014 3900 vibravit,

435 3932 489 3977 et
514 3922 636 3977 illos
663 3921 878 3990 quidem
903 3920 1226 3986 submersit,
1273 3920 1372 3976 ltos
1411 3937 1539 3978 vero
1585 3923 1826 3978 exussit?
1851 3925 1896 3978 si
1931 3923 2017 3980 hic

434 4014 598 4080 mitis,
624 4013 741 4084 quis
769 4027 940 4068 saevus
969 4021 1023 4068 et
1051 4011 1366 4069 iracundus?
1387 4013 1600 4080 Desine,
1633 4030 1805 4085 neque
1828 4030 2018 4085 super-

437 4121 668 4160 vacattca
700 4105 936 4175 loquere.
969 4103 1121 4172 Quod
1149 4105 1290 4159 enim
1316 4114 1433 4160 erat
1471 4107 1634 4173 mitis,
1680 4117 1736 4162 et
1779 4109 2014 4163 omnium

437 4200 710 4254 hominum
733 4199 1061 4263 mitissimus,
1085 4208 1138 4252 et
1165 4199 1304 4261 dico,
1326 4213 1499 4269 neque
1519 4215 1768 4270 umquam
1795 4203 2017 4258 cessabo

431 4292 630 4356 dicere,
659 4302 711 4346 et
736 4293 780 4346 si
805 4292 987 4358 vultis,
1013 4307 1116 4345 non
1143 4290 1355 4345 aliunde
1374 4307 1531 4361 quam
1561 4307 1627 4347 ex
1653 4293 1718 4346 iis
1737 4309 1854 4364 quae
1875 4295 2014 4349 dicta

431 4393 556 4440 sunt
581 4385 818 4440 conabor
843 4382 1127 4438 ostendere
1166 4382 1283 4451 ejus
1325 4381 1804 4437 mansuetudinem.
1853 4385 2014 4455 Atqui

434 4486 672 4546 poterant
701 4475 880 4532 dicere
909 4490 1026 4544 quae
1053 4471 1120 4528 de
1149 4487 1335 4527 sorore
1371 4472 1440 4526 ab
1464 4488 1529 4527 eo
1562 4473 1630 4527 ad
1666 4473 1831 4528 Deum
1873 4475 2013 4531 dicta

433 4577 579 4630 sunt,
608 4567 1049 4637 supplicationem
1081 4579 1181 4632 qua
1211 4579 1307 4633 pro
1334 4563 1531 4632 populo
1559 4577 1687 4617 usus
1710 4573 1809 4627 est,
1837 4566 2014 4621 omnia

435 4659 597 4713 verba
629 4658 715 4714 illa
740 4657 1033 4728 apostolica
1059 4697 1073 4722 ,
1104 4664 1158 4710 et
1191 4654 1322 4709 ctelo
1349 4653 1506 4723 digna
1531 4695 1546 4720 ,
1596 4654 2012 4710 moderationem

436 4765 539 4819 qua
561 4751 930 4818 alloquebatur
956 4749 1228 4817 pupulum.
1259 4748 1510 4802 Poterant
1540 4747 1652 4801 hmc
1671 4748 1772 4802 dici
1798 4789 1813 4814 ,
1849 4758 1903 4803 et
1929 4748 2014 4804 his

429 4840 534 4899 alia
563 4839 720 4909 longe
743 4839 894 4909 plura
923 4841 1256 4904 enumerari;
1282 4837 1376 4894 sed
1403 4839 1447 4892 si
1475 4838 1652 4903 vultis,
1677 4839 1760 4894 his
1792 4849 2012 4908 printer-

433 4931 643 4995 ntissis,
688 4945 754 4986 ex
783 4931 849 4985 iis
875 4931 1005 5000 ipsis
1028 4947 1145 5000 quae
1173 4941 1295 4986 ante
1321 4931 1460 4986 dicta
1499 4941 1628 4986 sunt
1661 4931 1971 4987 abinimicis
1991 4975 2009 5002 ,

429 5039 527 5094 age
553 5021 898 5082 ostendamus
928 5038 1050 5078 eum
1077 5021 1240 5078 fuisse
1262 5024 1496 5078 omnium
1529 5023 1802 5079 hominum
1839 5023 2010 5080 mitis-

430 5115 658 5180 simum,
682 5127 748 5168 ex
771 5113 962 5184 quibus
983 5128 1104 5168 ettm
1134 5127 1331 5167 szevunt
1356 5154 1372 5180 ,
1417 5113 1701 5170 immanem
1726 5126 1778 5170 et
1804 5115 2012 5170 iracun-

430 5206 556 5262 dum
582 5205 795 5275 quidam
820 5219 940 5260 esse
966 5205 1288 5263 existimant.
1311 5205 1587 5273 Quomodo
1612 5223 1740 5278 ergo
1766 5209 2013 5264 ostende-

431 5297 592 5360 mus?
624 5298 682 5359 Si
707 5299 856 5369 prius
881 5297 1282 5352 distinxerimus
1305 5339 1320 5362 ,
1365 5315 1428 5354 ac
1455 5299 1817 5357 delinierimus
1839 5341 1855 5368 ,
1886 5303 2010 5372 quid

429 5393 501 5446 sit
525 5391 898 5458 mansuetudo,
925 5399 982 5445 et
1005 5391 1132 5462 quid
1154 5389 1422 5446 ferocitas.
1451 5391 1634 5462 Neque
1663 5394 1804 5448 enim
1829 5393 2006 5458 ferire,

431 5493 514 5538 eat
541 5483 784 5542 absolute
813 5482 1140 5548 ferocitatis;
1180 5499 1352 5554 neque
1382 5499 1621 5554 parcere,
1653 5488 2010 5540 mansuetudi-

431 5577 514 5634 nis
542 5593 556 5630 :
584 5576 679 5630 sed
706 5576 848 5636 mitis
875 5577 965 5633 ille
992 5587 1075 5632 est
1101 5619 1115 5643 ,
1165 5579 1252 5647 qui
1282 5580 1420 5633 ferre
1459 5585 1634 5646 potest
1675 5595 1792 5648 qua:
1823 5580 1874 5632 in
1901 5579 2009 5632 sci-

491 5689 565 5749 (α)
579 5689 680 5756 Δ1ης
696 5689 892 5756 videtur
917 5698 1087 5743 notare
1105 5694 1401 5754 Manichzcos,
1425 5694 1508 5755 qui
1524 5691 1705 5756 legem
1731 5697 1780 5743 et
1806 5700 2008 5753 Moysem

429 5750 878 5814 reprehendebant.

1168 307 1226 364 S.
1266 306 1547 367 JOANNIS
1582 308 2058 366 CllliYSOSTOMl
2094 310 2410 366 ARClllEP.
2451 313 2980 375 CONSTANTINOP.

3641 331 3741 388 380

2158 439 2307 494 psum
2337 437 2550 496 peccata
2581 439 2703 485 sunt
2736 473 2752 499 ,
2796 433 2884 503 qui
2927 434 3046 491 aliis
3091 436 3281 496 factam
3326 443 3573 514 injuriam
3622 465 3743 518 pro-

2155 516 2346 584 pulsat,
2369 527 2422 572 et
2446 519 2522 573 eis
2550 518 2650 574 fert
2667 535 2845 592 opem,
2871 533 2925 578 et
2947 536 3031 580 est
3055 527 3344 588 vehemens
3365 534 3507 590 ultor
3527 516 3736 606 eorum,

2152 609 2244 698 qui
2273 609 2464 677 probra
2505 611 2792 680 ingerunt;
2833 615 3124 686 quiautem
3165 637 3269 676 non
3316 635 3397 681 est
3436 627 3736 698 ejusmodi,

2151 697 2246 751 sed
2270 708 2352 753 est
2380 698 2543 755 hebes
2561 741 2576 766 ,
2607 701 2783 770 deses,
2813 708 3181 767 somnolentus
3205 753 3219 778 ,
3251 723 3305 769 et
3332 727 3539 772 mortuo
3568 697 3733 776 nihili

2153 789 2342 845 melius
2366 789 2606 859 affectus,
2639 810 2744 849 non
2776 807 2859 850 est
2899 799 3042 853 mitis
3067 817 3166 856 nec
3193 817 3519 863 mansuetus.
3547 810 3732 881 Despi-

2149 894 2270 936 cere
2299 896 2393 936 eos
2417 884 2610 954 quibus
2641 885 2698 939 lit
2719 886 2911 957 injuria
2936 930 2952 955 ,
2999 905 3104 945 non
3127 892 3308 951 dolere
3329 897 3494 953 vicem
3544 916 3722 957 eorum

2148 972 2236 1040 qui
2265 972 2451 1042 injuria
2494 975 2799 1032 afficiuntur
2821 1019 2836 1043 ,
2884 995 2986 1035 nec
3037 982 3102 1037 iis
3124 984 3278 1041 irasci
3324 987 3412 1058 qui
3443 991 3650 1058 probris
3676 1005 3728 1049 et

2145 1064 2483 1120 contumeliis
2505 1069 2745 1124 afﬁciunt
2767 1111 2782 1135 ,
2810 1085 2920 1126 non
2945 1082 3028 1128 est
3059 1077 3283 1142 virtutis,
3312 1079 3405 1135 sed
3438 1083 3545 1137 vitii
3577 1102 3592 1138 :
3621 1102 3727 1142 nun

2145 1165 2226 1210 est
2273 1159 2725 1228 mansuetudinis,
2777 1164 2868 1220 sed
2900 1164 3142 1234 ignavize.
3185 1169 3360 1238 Quare
3399 1174 3502 1230 lioc
3550 1177 3722 1248 ipsum

2145 1247 2379 1302 ostendit
2428 1249 2545 1320 ejus
2573 1257 3034 1312 mansuetudinem
3062 1301 3078 1326 ,
3123 1269 3179 1314 et
3225 1263 3366 1331 quod
3410 1277 3551 1322 esset
3593 1269 3725 1324 adeo

2143 1338 2357 1406 ardens,
2392 1351 2448 1396 ut
2469 1345 2752 1412 prosiliret,
2783 1363 2904 1403 cum
2949 1351 3152 1407 videret
3185 1354 3316 1409 alios
3343 1358 3530 1428 injuria
3558 1361 3720 1430 affici,

2145 1427 2275 1482 iram
2315 1445 2412 1500 pro
2459 1432 2665 1502 justitia
2719 1453 2824 1492 non
2862 1440 3043 1497 valens
3088 1444 3340 1503 cohibere
3373 1459 3468 1504 :at
3510 1427 3722 1522 quando

2141 1518 2255 1587 ipse
2283 1522 2422 1576 malo
2448 1523 2627 1595 aliquo
2651 1527 2870 1584 allectus
2910 1542 3029 1596 est,
3063 1551 3159 1590 nec
3185 1538 3322 1593 ultus
3342 1551 3444 1606 est,
3471 1518 3572 1598 nec
3602 1561 3719 1615 pte-

2141 1627 2264 1665 nam
2297 1617 2564 1684 sumpsit,
2614 1634 2713 1673 nec
2750 1636 2782 1675 a
2829 1621 3179 1694 philosophia:
3205 1627 3445 1686 instituto
3471 1649 3716 1704 umquam

2141 1706 2381 1760 recessit.
2409 1707 2466 1762 Si
2505 1718 2679 1767 autem
2719 1710 2909 1768 fuisset
2949 1715 3084 1770 adeo
3107 1733 3281 1776 sazvus
3309 1732 3362 1776 et
3386 1723 3671 1782 iracundus
3701 1748 3714 1782 :

2139 1797 2227 1864 qui
2258 1812 2355 1866 pro
2383 1798 2503 1854 aliis
2531 1801 2666 1858 adeo
2696 1803 3122 1863 inilammabatur
3162 1820 3216 1866 et
3253 1817 3676 1876 excandescebat
3697 1863 3714 1888 ,

2139 1903 2426 1959 numquam
2453 1893 2690 1949 animum
2719 1895 3036 1965 induxisset,
3065 1911 3122 1955 ut
3148 1919 3246 1972 pro
3272 1906 3337 1960 iis
3357 1923 3475 1976 qua!
3490 1911 3554 1963 ad
3584 1914 3718 1983 scip-

2137 1993 2255 2034 sum
2284 1982 2641 2051 pertinebant,
2664 1987 2961 2056 quiesceret
2989 2007 3000 2040 :
3029 1993 3122 2047 sed
3146 2002 3269 2050 tunc
3295 2000 3460 2068 magis
3483 1982 3716 2060 irritatus

2137 2074 2344 2132 fuisset.
2389 2076 2548 2134 Scitis
2576 2081 2716 2136 enim
2759 2098 2859 2138 nos
2901 2086 3094 2156 a'grius
3139 2087 3279 2145 ferre
3325 2102 3504 2148 nostra
3551 2113 3710 2166 quam

2135 2169 2331 2224 aliena.
2356 2171 2449 2226 llle
2473 2183 2670 2238 autem,
2703 2191 2822 2229 cum
2846 2177 2930 2231 alii
2953 2179 3164 2248 quidem
3187 2184 3326 2238 male
3355 2187 3710 2258 patiebantur,

2137 2277 2242 2315 non
2272 2262 2446 2317 minus
2471 2279 2628 2334 quam
2657 2266 2733 2320 illi
2757 2267 2853 2339 ipsi
2879 2271 3071 2340 quibus
3095 2275 3234 2328 male
3277 2276 3457 2345 fiebat,
3491 2281 3715 2338 ulcisce-

2135 2351 2326 2406 batur:
2353 2352 2546 2408 delicta
2572 2366 2748 2411 autem
2779 2373 2898 2428 qua:
2928 2359 2980 2414 in
3011 2361 3180 2432 ipsum
3219 2364 3448 2421 admissa
3478 2369 3710 2438 fuerant,

2133 2457 2253 2497 cum
2282 2443 2513 2500 maxima
2541 2449 2978 2515 praetermittebat
3027 2451 3304 2510 tolerantia
3329 2497 3345 2521 ,
3387 2457 3439 2511 in
3487 2469 3712 2530 utroque

2133 2544 2374 2591 extremo
2399 2538 2698 2594 consistens
2718 2581 2734 2606 ,
2768 2541 2857 2595 illo
2882 2542 3094 2612 quidem
3116 2587 3132 2611 ,
3171 2562 3231 2602 se
3255 2563 3374 2603 esse
3400 2551 3551 2607 malis
3581 2553 3714 2609 infe-

2133 2641 2273 2684 stum
2298 2671 2314 2696 ,
2364 2629 2467 2685 hoc
2495 2645 2620 2687 vero
2647 2646 2706 2687 se
2755 2647 2872 2688 esse
2901 2633 3076 2690 lenem
3123 2647 3176 2691 et
3203 2639 3488 2707 patientem
3532 2655 3712 2698 osten-

2130 2720 2286 2775 dens.
2311 2719 2415 2776 Sed
2443 2720 2551 2788 dic,
2577 2737 2780 2792 quaeso,
2809 2723 2934 2794 quid
2961 2741 3082 2781 eum
3107 2726 3284 2785 facere
3307 2733 3570 2801 Oportuit?
3589 2751 3708 2792 eam

2130 2809 2442 2881 despicere,
2492 2826 2610 2880 qua:
2639 2812 3002 2882 inferebatur,
3047 2817 3354 2886 injuriam‘,
3415 2833 3468 2878 et
3511 2826 3706 2880 malum

2130 2903 2272 2975 quod
2305 2904 2601 2974 pertinebat
2638 2905 2703 2959 ad
2737 2907 3026 2976 p0pulum?
3059 2908 3163 2965 Sed
3203 2910 3256 2965 id
3301 2928 3404 2968 non
3436 2926 3551 2970 erat
3593 2919 3710 2987 ejus

2129 2995 2219 3065 qui
2248 2995 2465 3064 regebat
2493 2995 2768 3064 populum,
2801 3013 2900 3052 nec
2927 3001 3169 3067 patientis
3193 3001 3415 3073 alicujus
3442 3015 3496 3060 et
3525 3008 3665 3064 mitis
3691 3050 3707 3072 ,

2128 3086 2222 3142 sed
2248 3086 2446 3142 desidis
2475 3097 2530 3144 et
2550 3089 2744 3158 ignavi.
2770 3089 2849 3143 Tu
2877 3099 3052 3146 autem
3080 3093 3342 3149 medicum
3365 3097 3574 3167 quidem
3601 3117 3707 3156 non

2128 3179 2495 3251 reprehendis,
2523 3181 2614 3251 qui
2645 3182 2978 3252 putredinem
3007 3193 3173 3241 totum
3201 3200 3398 3257 corpus
3424 3206 3706 3260 permean-

2129 3280 2234 3327 tem
2260 3273 2498 3328 sectione
2518 3273 2794 3343 reprimit:
2823 3273 2970 3329 illum
2992 3285 3167 3332 autem
3195 3277 3326 3334 dicis
3350 3295 3468 3336 esse
3487 3285 3710 3338 atrocis-

2126 3361 2318 3417 simum
2347 3404 2363 3430 ,
2393 3362 2482 3432 qui
2506 3363 2748 3419 morbutn
2782 3365 2937 3436 longe
2963 3368 3242 3436 putredine
3283 3371 3578 3440 graviorem
3613 3391 3710 3444 per

2128 3461 2294 3508 totum
2321 3454 2573 3522 populum
2603 3465 3000 3523 permanentem
3033 3457 3140 3512 ictu
3170 3461 3324 3528 paulo
3347 3464 3578 3531 graviori
3607 3480 3704 3518 vo-

2127 3543 2282 3598 luerit
2309 3543 2594 3598 coercere?
2619 3545 2778 3615 Atqui
2798 3543 2912 3600 haec
2935 3555 3058 3600 sunt
3077 3547 3270 3616 judicis
3293 3565 3396 3605 non
3427 3553 3556 3608 satis
3577 3569 3702 3608 con-

2123 3636 2360 3691 siderati.
2388 3635 2541 3690 Tanti
2566 3637 2706 3691 enim
2731 3637 2911 3708 populi
2934 3638 3262 3708 praefectum,
3288 3649 3344 3697 et
3367 3645 3456 3712 qui
3478 3644 3705 3703 ducebat

2122 3733 2335 3797 gentem
2361 3723 2496 3780 adeo
2522 3739 2788 3796 asperam,
2811 3726 2998 3781 duram
3026 3736 3080 3784 et
3105 3729 3514 3801 intractabilem,
3543 3750 3702 3804 opor-

2126 3817 2270 3874 tebat
2305 3817 2483 3872 statim
2511 3831 2541 3872 a
2574 3817 2832 3888 principio
2859 3819 3149 3887 reprimere
3168 3863 3184 3888 ,
3226 3830 3281 3878 et
3316 3823 3368 3878 in
3397 3825 3511 3894 ipso
3539 3828 3702 3881 vesti-

2123 3909 2249 3964 bulo
2264 3907 2588 3975 rescindere,
2609 3923 2675 3962 ne
2695 3909 2892 3964 malum
2911 3909 3117 3980 longius
3134 3925 3391 3984 serperet.
3417 3916 3485 3972 At
3503 3918 3700 3982 ohrnit,

2123 4000 2311 4070 inquit,
2343 3999 2546 4054 Dathan
2568 4007 2623 4054 et
2649 3997 2870 4054 Abiron.
2893 4001 3029 4067 Quid
3051 4001 3219 4056 dicis?
3245 4005 3590 4073 oportebalne
3609 4009 3701 4063 de-

2122 4093 2328 4163 spicere
2347 4091 2724 4158 sacerdotium,
2739 4093 3057 4160 conculcari,
3083 4103 3138 4150 et
3166 4095 3256 4150 Dei
3284 4097 3427 4168 leges
3447 4100 3632 4165 everti,
3647 4112 3700 4157 et

2122 4186 2175 4240 id
2201 4185 2342 4255 quod
2367 4185 2542 4239 omnia
2566 4185 2804 4240 continet
2830 4184 3045 4240 dissolvi
3074 4203 3089 4239 :
3119 4185 3237 4240 dico
3263 4197 3436 4242 autem
3474 4189 3702 4258 dignitao

2122 4287 2228 4332 tem
2269 4275 2592 4341 sacerdotii;
2623 4283 2678 4329 et
2703 4275 2949 4330 omnibus
2972 4275 3129 4346 adyta
3162 4275 3494 4346 patefacere,
3533 4288 3590 4334 et
3631 4295 3697 4337 ex

2121 4383 2307 4424 eorum
2333 4374 2638 4435 contemptu
2663 4366 2971 4434 permittere
2994 4375 3051 4420 ut
3078 4366 3260 4421 liceret
3288 4367 3583 4423 volentibus
3607 4385 3699 4424 sa-

2121 4471 2395 4517 crosancta
2425 4459 2741 4514 conculcare
2763 4466 2910 4527 septa
2934 4497 2951 4524 ,
2995 4467 3048 4514 et
3085 4459 3261 4513 omnia
3307 4475 3501 4530 susque
3529 4460 3701 4530 deque

2119 4567 2277 4622 agere
2292 4560 2344 4606 et
2359 4547 2624 4607 miscere?
2644 4549 2802 4618 Atqui
2818 4565 2878 4604 ea
2899 4564 3002 4604 non
3021 4559 3134 4604 erat
3147 4551 3581 4612 mansuetudinis,
3603 4552 3698 4605 sed

2119 4643 2518 4699 inbumanitatis
2546 4651 2600 4697 et
2628 4641 2952 4697 crudelitatis
2972 4682 2988 4706 ,
3021 4641 3296 4710 despicere
3325 4650 3525 4697 tantum
3556 4639 3698 4710 quod

2118 4735 2392 4791 crescebat
2421 4733 2619 4787 malum
2647 4753 2660 4785 :
2691 4741 2746 4789 et
2770 4732 2895 4786 dum
2916 4731 3158 4787 ducentis
3184 4744 3445 4802 parceret,
3478 4732 3700 4801 perdere

2120 4837 2197 4882 tot
2219 4825 2400 4880 millia.
2434 4825 2529 4880 Dic
2551 4825 2692 4880 enim
2723 4823 2850 4878 mihi
2871 4865 2886 4890 ,
2917 4838 3097 4893 quaeso
3120 4865 3136 4890 ,
3184 4824 3396 4894 quando
3419 4823 3576 4894 jussit
3602 4840 3697 4894 ge.

2119 4933 2247 4972 nere
2275 4915 2597 4986 propinquos
2621 4914 2862 4970 occidere
2879 4955 2894 4980 ,
2917 4914 3043 4984 quid
3061 4929 3182 4968 eum
3223 4913 3399 4969 facere
3433 4917 3693 4986 oportuit,

2117 5022 2240 5061 cum
2271 5006 2412 5060 Deus
2449 5007 2798 5072 irasceretur,
2827 5013 3093 5059 cresceret
3117 5004 3387 5073 impietas,
3416 5022 3534 5060 cum
3565 5005 3696 5060 nihil

2119 5108 2281 5165 esset,
2311 5097 2451 5169 quod
2480 5111 2574 5152 eos
2602 5105 2780 5166 posset
2815 5096 2882 5150 ab
2909 5095 2983 5149 ira
3024 5094 3274 5165 eripere?
3321 5098 3696 5166 permitterene

2117 5190 2299 5246 debuit
2322 5198 2378 5244 ut
2407 5189 2556 5260 plaga
2584 5189 2810 5243 ctelestis
2840 5188 2896 5242 in
2923 5203 3109 5242 omnes
3135 5187 3300 5242 tribus
3325 5189 3721 5256 descenderet,

2117 5293 2171 5338 et
2199 5281 2445 5336 universo
2473 5279 2653 5350 generi
2679 5278 2946 5333 interitum
2973 5277 3186 5332 alferret
3209 5318 3225 5343 ,
3267 5288 3320 5332 ct
3343 5295 3461 5332 cum
3491 5279 3690 5348 suppli-

2117 5375 2202 5430 cio
2244 5373 2510 5442 negligere
2549 5379 2819 5440 peccatum
2858 5369 3288 5425 immedicabile?
3333 5385 3400 5423 an
3444 5386 3596 5440 ptena
3642 5383 3694 5424 ct

2179 5507 2198 5537 ⁸
2232 5502 2342 5569 Alii,
2363 5500 2610 5569 despicere
2647 5507 2940 5569 grassantem
2964 5500 3240 5569 nequitiam.
3260 5509 3426 5569 ,αρε-ιθ.
3444 5513 3534 5549 non
3553 5513 3692 5569 Sper:

2117 5566 2276 5616 nenda
2317 5559 2461 5613 lectio
2487 5577 2499 5611 :
2529 5559 2690 5612 erun'tr
2705 5576 2771 5612 ue
2811 5564 3013 5610 fortasse
3037 5559 3132 5624 'qui
3156 5559 3508 5622 praeferendam
3553 5559 3690 5608 alteri

2117 5629 2386 5671 mtlabum:
2418 5625 2506 5671 sed
2527 5638 2634 5671 cum
2658 5577 2799 5671 aliam
2835 5622 3033 5671 Savilius
3072 5623 3249 5671 nariter
3293 5628 3440 5671 atque
3476 5621 3690 5670 Mortaline

2116 5629 2386 5690 putabunt:
2418 5625 2506 5673 sed
2527 5638 2634 5672 cum
2658 5621 2799 5690 aliam
2835 5622 3033 5672 Savilius
3068 5621 3249 5690 pariter
3293 5628 3440 5690 atque
3476 5621 3691 5690 Mortaline

2116 5683 2440 5742 adhibuerim,
2479 5694 2627 5747 atque
2660 5687 2807 5750 ilaal)
2830 5691 3100 5750 Interpretc
3135 5683 3311 5750 lecmm
3334 5684 3413 5729 sit.
3445 5695 3551 5750 eam
3576 5685 3684 5730 ruti-

2121 5763 2241 5799 net'c
2267 5752 2418 5798 visunt
2438 5755 2512 5798 est
2540 5745 2680 5796 {cum
2703 5747 2876 5810 alioqui
2901 5758 2979 5796 res
3000 5745 3061 5791 sit
3085 5745 3262 5791 minimi
3287 5746 3538 5792 tttotnt‘tttt.
