4116 6204
432 339 533 394 579

432 448 754 519 συμφοραῖς,
790 446 1028 519 εἰχόμην
1045 446 1138 501 τοῦ
1161 448 1320 505 Θεοῦ.
1343 451 1404 503 Εἰ
1435 449 1491 505 δὲ
1523 449 1598 520 μὴ
1631 447 1803 511 οὕτως
1829 446 1998 523 ήμην,

300 526 319 535 ’
428 533 841 605 ἀνταποδοθείη,
874 537 1060 603 φησὶν,
1097 535 1191 590 ἐπὶ
1228 535 1326 607 τὴν
1352 535 1529 607 ψυχήν
1566 552 1690 606 μου,
1733 533 2000 592 τουτέστι.

430 623 579 694 δίκην
606 621 757 693 δοίην
794 622 895 694 τὴν
927 623 1180 696 ἐσχάτην.
1240 622 1576 679 Ἐλπισὰτω
1607 620 1858 692 Ἰσραὴλ
1901 621 2001 676 ἐπί

431 709 535 764 τὸν
578 709 826 778 Κύριον,
863 710 986 765 ἀπὸ
1022 712 1129 766 τοῦ
1171 711 1293 767 νῦν
1333 710 1434 765 καί
1467 710 1581 778 ἕως
1614 710 1722 766 τοῦ
1764 708 1999 777 αἰῶνος.

442 796 622 868 ὐρᾷς,
650 798 791 868 ὅπερ
810 797 950 869 ἔφην
978 799 1038 864 ἐξ
1062 800 1258 871 ἀρχῆς,
1288 800 1371 854 δτι
1403 802 1462 854 ἐν
1489 799 1589 871 μὲν
1618 801 1731 863 τοῖς
1758 798 1886 870 περί
1908 798 2000 853 πί-

432 900 597 947 στεως
619 884 716 937 καὶ
744 884 1053 957 δογμάτων,
1088 887 1180 941 καὶ
1199 887 1377 950 αἰτίας
1406 886 1507 940 οὐκ
1533 884 1718 949 οὔσης.
1741 884 2004 955 διηνεκῶς

430 971 509 1023 δεῖ
531 971 859 1041 καυχᾶσθαι,
882 972 976 1026 καὶ
1000 974 1033 1028 ὁ
1059 973 1135 1046 μὴ
1166 971 1517 1045 καυχώμενος
1538 972 1833 1028 ἀπόλωλεν·
1862 974 1921 1027 ἐν
1943 972 2004 1028 δὲ

429 1060 539 1122 τοῖς
587 1057 980 1130 κατορθώμασι
1023 1058 1117 1113 τοῦ
1169 1059 1310 1130 βίου,
1349 1059 1443 1115 τοῦ
1485 1059 1678 1131 καιροῦ
1711 1059 2005 1124 καλοῦντος

427 1146 678 1200 οὐδέποτε
727 1146 1116 1216 παραιτεῖσθαι
1158 1148 1242 1202 δεῖ
1273 1147 1336 1202 τὸ
1376 1149 1704 1220 καυχᾶσθαι.
1740 1150 1894 1213 Ποῖος
1947 1148 2005 1204 δὲ

429 1236 651 1307 καιρόςς
706 1236 901 1291 Πολλοὶ
949 1238 1042 1292 καὶ
1093 1237 1360 1310 διάφοροι,
1393 1231 1470 1293 ὧν
1527 1241 1625 1294 καὶ
1681 1234 1764 1303 εἷς
1792 1241 1908 1294 ἐστι
1941 1239 2006 1294 τδ

427 1323 711 1380 παιδεῦσαι
739 1325 832 1379 τὸν
855 1326 1153 1397 ἀκροατήν.
1189 1328 1254 1380 "0
1282 1327 1345 1399 δὴ
1384 1327 1479 1380 καὶ
1512 1322 1666 1392 οὗτος
1702 1327 1878 1393 εἰδὼς,
1912 1330 2006 1383 καὶ

428 1412 662 1477 δεικνὺς,
693 1412 774 1467 ὃτι
789 1411 879 1466 διά
904 1411 1062 1467 τοῦτο
1085 1412 1234 1482 λέγει
1255 1413 1420 1468 αὐτοῦ
1449 1414 1555 1469 ’τὰ
1586 1414 2003 1487 κατορθώματα,

427 1501 513 1556 ἵνα
541 1500 632 1554 τὸν
657 1497 934 1571 ἀκροατὴν
952 1499 1322 1572 ἐπισπάσηται
1350 1502 1486 1573 πρὸς
1512 1503 1602 1557 τδν
1625 1502 1788 1556 αὐτὸν
1822 1502 2002 1573 ζῆλον,

426 1587 672 1657 ἐπήγαγε
709 1585 911 1656 λέγων’
961 1585 1300 1641 Ἐλπισάτω
1349 1585 1587 1656 Ἰσραὴλ
1625 1587 1723 1641 ἐπὶ
1753 1586 1860 1641 τὸν
1889 1587 2007 1642 Κύ-

423 1690 575 1743 ριον,
599 1674 720 1729 ἀπὸ
745 1673 852 1729 τοῦ
892 1674 1011 1728 νῦν
1040 1673 1136 1728 καί
1175 1673 1287 1743 ἕως
1314 1674 1421 1729 τοῦ
1445 1676 1678 1742 αἰῶνος.
1712 1674 1833 1730 Κᾶν
1859 1692 2003 1747 συμ-

428 1761 609 1832 φοραὶ,
649 1759 803 1831 φησὶ,
840 1758 942 1815 κᾶν
975 1759 1222 1831 ἀθυμίαι,
1251 1760 1354 1815 κᾶν
1383 1761 1630 1833 πόλεμοι,
1668 1761 1769 1816 κᾶν
1808 1764 2006 1834 αἰχμα-

425 1847 637 1913 λωσίαι,
658 1847 764 1901 κᾶν
789 1846 969 1902 ὁτιοῦν
993 1847 1103 1901 τῶν
1133 1848 1411 1917 ἀδοκήτων
1434 1847 1728 1921 περισταίη
1745 1847 1934 1903 δεινῶν
1950 1848 2003 1916 δ,

428 1939 494 1993 σὺ
524 1938 624 2006 τῆς
652 1936 868 2007 ἐλπίδος
894 1937 1019 2009 ἔχου
1051 1940 1150 2008 τῆς
1179 1937 1258 2001 εἰς
1285 1937 1378 1991 τὸν
1400 1936 1553 2003 Θεὸν,
1584 1937 1679 1991 καί
1709 1938 1808 2008 τῆς
1837 1955 2006 2011 προσ-

425 2024 606 2090 δοκίας
651 2025 891 2093 ἐκείνης,
942 2024 1038 2079 καὶ
1086 2026 1304 2088 πάντως
1342 2024 1602 2097 ἐπιτεύξῃ
1631 2024 1871 2097 χρηστοῦ
1908 2022 2003 2079 τοῦ

425 2113 628 2179 τέλους,
667 2111 761 2166 τοῦ
795 2110 930 2166 Θεοῦ
969 2114 1036 2184 τῇ
1085 2110 1238 2166 λύσει
1264 2111 1374 2166 τῶν
1410 2112 1598 2167 δεινῶν
1640 2111 2002 2184 ἀμειϐομένου

428 2216 487 2255 σε
518 2202 617 2272 τῆς
645 2199 820 2270 καλῆς
851 2199 1068 2271 ταύτης
1092 2198 1324 2263 ἐλπίδος,
1349 2200 1409 2252 ἐν
1447 2197 1669 2271 Χριστῷ
1718 2198 1893 2271 Ἰησοῦ
1924 2197 2004 2270 τῷ

427 2288 615 2359 Κυρίῳ
642 2286 820 2359 ήμῶν,
850 2279 896 2355 ᾧ
924 2287 958 2357 ἡ
985 2285 1112 2351 δόξα
1130 2286 1226 2342 καὶ
1245 2284 1308 2340 τδ
1329 2284 1530 2357 κράτος
1551 2287 1631 2350 εἰς
1656 2286 1780 2350 τοὺς
1802 2285 2003 2350 αἰῶνας

424 2375 531 2431 τῶν
564 2375 797 2431 αἰώνων.
841 2374 1040 2446 Ἀμήν.

707 2578 856 2654 [574]
895 2580 1004 2633 Em
1040 2578 1180 2634 TON
1211 2578 1365 2633 PAA'
1400 2575 1720 2633 ΨΔΔΜΟΝ.

425 2725 759 2796 Μνήσθητι,
809 2724 1008 2791 Κύριε,
1062 2720 1170 2776 τοῦ
1232 2720 1435 2785 Δαυῒδ,
1483 2721 1583 2777 καί
1635 2720 1839 2790 πάσης
1892 2721 2002 2791 τῆς

915 2810 1249 2878 πραότητος
1303 2808 1514 2865 αὐτοῦ.

493 2952 564 3010 εἰ.
600 2951 861 3024 Ἀλλαχοῦ
896 2952 997 3024 μὲν
1033 2950 1141 3005 ἀπὸ
1171 2950 1272 3022 τῆς
1312 2951 1535 3022 μνήμης
1571 2948 1680 3004 τῶν
1720 2947 2003 3020 προγόνων

425 3044 585 3117 μόνον
643 3041 857 3110 ἀξιοῦσι
885 3040 1174 3106 σώζεσθαι·
1192 3039 1426 3094 ἐνταῦθα
1449 3039 1505 3094 δὲ
1522 3040 1616 3093 καὶ
1630 3037 1700 3093 τὰ
1721 3037 1998 3110 κατορθώ-

426 3150 572 3204 ματα
606 3130 844 3200 λέγουσι,
883 3129 979 3183 καὶ
1015 3127 1077 3182 τὸ
1122 3126 1340 3180 πάντων
1391 3125 1565 3180 αίτιον
1609 3124 1719 3179 τῶν
1756 3124 1999 3195 ἀγαθῶν,

423 3220 740 3281 ἐπιείκειαν,
755 3213 1276 3286 ταπεινοφροσύνην,
1299 3212 1600 3285 πραότητα,
1623 3214 1682 3265 ἐν
1700 3205 1747 3281 ᾧ
1766 3212 2000 3283 μάλιστα

424 3302 764 3377 ἐθαυμάζετο
789 3304 883 3358 καὶ
906 3302 1168 3373 Μωῦσῆς.
1197 3298 1320 3355 Ἦν
1331 3299 1442 3371 γάρ
1459 3299 1811 3369 πραότατος,
1843 3302 1998 3369 φησὶ,

423 3391 665 3447 πάντων
684 3388 919 3458 ἀνδρῶν
944 3389 1064 3443 τῶν
1090 3387 1189 3441 ἐπί
1211 3385 1323 3455 τῆς
1348 3385 1479 3456 τῆς,
1555 3385 1719 3440 Ἀλλά
1732 3402 1875 3450 τινες
1888 3386 1999 3441 τῶν

422 3478 714 3556 αἰρετικῶν
747 3477 1239 3551 ἐπιλαμϐανόμενοι
1262 3476 1367 3546 τῆς
1393 3474 1874 3541 πολιτείαςαύτοῦ,
1905 3475 1999 3530 καὶ

420 3570 517 3625 τοῦ
545 3568 863 3642 εἰρημένω,
888 3566 1052 3637 φασίο
1077 3563 1140 3618 Τί
1163 3564 1378 3634 λέγεις;
1405 3565 1709 3637 πραότατος
1737 3566 1942 3628 ἐκεῖνος
1972 3566 2000 3618 ό

420 3658 520 3726 λὰξ
558 3656 779 3726 ἐναφεὶς
806 3653 885 3725 τῷ
913 3653 1211 3722 Αἰγυπτίῳ,
1244 3654 1338 3707 καὶ
1371 3651 1610 3707 ἀνελώνά
1630 3669 1646 3719 ;
1667 3653 1835 3716 ότούς
1874 3653 2000 3706 Ἰου-

419 3747 599 3809 δαίους
623 3742 898 3816 ἐμφυλίων
924 3741 1208 3812 ἐμπλήσας
1228 3739 1475 3810 αἰμάτων
1513 3741 1608 3793 καῖ
1645 3739 1934 3811 πολέμων;
1967 3739 1997 3791 ὁ

423 3831 776 3903 συγγενικῶς
804 3828 1067 3893 κελεύσας
1095 3826 1430 3899 ἐργάσασθαι
1461 3826 1681 3896 φόνους;
1708 3827 1738 3880 ό
1763 3827 1862 3899 τὴν
1893 3826 1998 3897 γῆν

420 3925 555 3995 εὐχῇ
602 3920 814 3984 διελὼν,
855 3919 948 3974 καὶ
992 3919 1289 3991 κεραυνοὺς
1334 3916 1539 3972 ἀνωθεν
1595 3919 1622 3969 ὲ
1658 3916 1855 3986 εγκὼν,
1902 3919 1998 3971 καὶ

421 4012 547 4076 τοὺς
593 4008 693 4082 μὲν
721 4005 1143 4069 καταποντίσας,
1176 4005 1305 4068 τοὺς
1337 4004 1395 4057 δὲ
1431 4002 1809 4072 καταφλέξας;
1841 3997 1998 4068 οὗτος

422 4100 473 4152 εἰ
512 4098 687 4168 πρᾶος
714 4091 806 4169 ἦν,
840 4093 925 4159 τίς
954 4092 1168 4177 ὀργίλος
1206 4092 1302 4146 καὶ
1330 4090 1605 4177 ᾲσκληρόςς
1645 4089 1880 4153 Παῦσαι,
1920 4090 1996 4161 μὴ

428 4186 657 4259 περιττά
684 4185 940 4255 φθέγγου.
976 4182 1098 4236 Ὅτι
1127 4174 1299 4254 πρᾶος
1322 4174 1411 4252 ἦν,
1434 4180 1527 4234 καὶ
1552 4179 1767 4234 πάντων
1796 4179 1999 4251 ἀνθρώ-

429 4292 548 4330 πων
578 4274 901 4347 πραότατος,
932 4270 1027 4327 καί¹
1072 4270 1237 4339 λέγω,
1281 4268 1378 4322 καὶ
1415 4268 1513 4322 οὐκ
1559 4279 1584 4308 ο
1622 4268 1998 4340 ἀποστήσομαι

427 4359 601 4417 ταῦτα
626 4359 821 4428 λέγων,
849 4358 945 4412 καὶ
974 4358 1022 4410 εἰ
1046 4354 1296 4428 βούλεσθε
1324 4355 1423 4425 οὐχ
1442 4355 1728 4428 ἑτέρωθεν,
1762 4354 1877 4410 ἀλλ’
1899 4356 1996 4411 ἀπ’

423 4447 606 4505 αὐτῶν
633 4445 836 4500 τούτων
865 4444 973 4499 τῶν
1002 4442 1307 4515 εἰρημένων
1333 4442 1501 4508 δεῖξαι
1534 4443 1865 4513 πειράσομαι
1896 4443 1996 4499 αὐο

424 4534 520 4592 τοῦ
541 4534 642 4605 τὴν
666 4533 967 4606 πραότητα.
990 4530 1181 4584 Καίτοι
1209 4546 1272 4597 γε
1301 4528 1427 4598 ἐνῆν
1446 4527 1624 4597 λέγειν
1652 4527 1879 4600 τάπερὶ
1897 4530 1996 4600 τῆς

422 4621 658 4693 ἀδελφῆς
689 4619 955 4692 εἰρημένα
991 4617 1140 4689 αὐτῷ
1176 4617 1312 4690 πρὸς
1351 4616 1442 4670 τὸν
1472 4616 1625 4681 Θεὸν,
1666 4615 1765 4689 τὴν
1816 4618 1998 4689 ἰκετη-

427 4709 567 4781 ρίαν,
596 4709 663 4781 ἢν
695 4708 837 4775 ὑπὲρ
862 4705 958 4759 τοῦ
987 4705 1172 4768 ἔθνους
1190 4704 1443 4776 ἀνέθηκε,
1475 4705 1652 4758 πάντα
1678 4704 1747 4759 τά
1775 4706 1997 4776 ῥήματα

423 4797 608 4850 ἐκεῖνα
638 4794 708 4848 τά
738 4791 1093 4854 ἀποστολικά,
1134 4791 1227 4844 καὶ
1271 4790 1381 4843 τῶν
1419 4790 1669 4869 οὐρανῶν
1714 4790 1859 4858 ἀξια,
1898 4792 1996 4853 τὴν

424 4881 723 4937 ἐπιείκειαν
777 4879 894 4951 μεθ’
943 4875 1013 4950 ἧς
1068 4876 1145 4948 τῷ
1196 4877 1352 4948 δήμῳ
1386 4877 1671 4949 διελέγετο.
1711 4878 1868 4948 Ἐνῆν
1900 4880 1996 4934 καὶ

421 4970 595 5025 ταῦτα
619 4970 820 5039 λέγειν,
848 4966 946 5021 καὶ
973 4966 1135 5035 ἕτερα
1159 4965 1365 5019 τούτων
1395 4966 1616 5020 πλείονα
1639 4967 1991 5038 ἀπαριθμεῖνο

423 5058 538 5112 ἀλλ’
577 5059 627 5110 εἰ
662 5054 940 5127 βούλεσθε,
972 5050 1143 5105 ταῦτα
1189 5052 1472 5122 παρέντες,
1511 5053 1647 5126 φέρε
1688 5057 1783 5110 ἀπ’
1815 5054 1996 5109 αὐτῶν

421 5144 626 5200 τούτων
652 5143 760 5196 τῶν
793 5137 1102 5211 ἔμπροσθεν
1128 5138 1431 5208 εἰρημένων
1463 5141 1613 5210 παρά
1647 5141 1757 5195 τῶν
1785 5141 1996 5212 ἐχθρῶν

423 5229 708 5299 δείξωμεν,
729 5228 814 5280 ὅτι
845 5223 1143 5292 πραότατος
1173 5218 1262 5292 ἦν,
1301 5225 1394 5293 ἀφ’
1420 5220 1494 5279 ὧν
1531 5226 1700 5298 βαρὺν
1721 5228 1815 5281 καὶ
1841 5228 1997 5299 σκληο

429 5317 520 5391 ρδν
550 5315 644 5370 καὶ
664 5310 883 5384 ὀργίλον
903 5306 1065 5362 αὐτὸν
1103 5303 1240 5360 εἶναι
1261 5310 1534 5379 νομίζουσί
1559 5330 1720 5378 τινες.
1748 5315 1871 5380 Πῶς
1904 5311 1998 5369 οῦν

490 5533 516 5591 9
542 5532 657 5582 Sav.
678 5526 819 5591 αὐτά.
870 5581 916 5591 __
954 5581 988 5591 η

490 5590 518 5632 b
539 5579 651 5643 ἐὰν.
675 5588 844 5641 δεινόν.
870 5581 1052 5632 Melius
1074 5579 1193 5630 Mor.
1217 5586 1463 5645 περισταίη
1486 5588 1660 5639 δεινῶν.

489 5652 869 5717 ἳΑιιυεμόγφΥ·
941 5703 1003 5717 ..
1084 5703 1109 5715 -
1160 5702 1201 5717 ..
1328 5704 1341 5717 ,

489 5708 515 5778 ᾳ
532 5702 705 5778 55ng
827 5703 1030 5778 ῥνιχθεξς
1049 5703 1118 5769 τῷ
1146 5702 1399 5770 Αἰγυπτίῳ,
1425 5706 1503 5756 καί
1522 5709 1695 5761 ἀνελὼν
1715 5711 1875 5765 αὐτόν.

487 5775 506 5801 ⁸
524 5776 618 5829 Sav
640 5811 648 5821 .
673 5775 755 5826 καὶ
782 5771 936 5833 λέγων
959 5771 1063 5814 οῦκ.
1602 5832 1611 5833 7
1890 5820 1896 5825 η

1504 331 1869 392 EXI’OSITIO
1897 330 1961 386 IN
2000 331 2326 390 PSALMUM
2367 335 2597 392 CXXXL

3570 345 3678 401 330

2099 448 2381 522 δείξομενς
2408 451 2472 505 El
2496 449 2759 523 πρότερον
2779 450 3175 523 διακρίναιμεν,
3206 471 3299 509 και
3325 454 3675 527 δρισαίμεθα,

2102 537 2154 590 τί
2187 538 2319 592 ποτέ
2343 539 2462 593 ἐστι
2495 538 2764 612 πραότης,
2789 539 2883 592 καὶ
2905 538 2959 592 τί
2995 539 3286 611 τραχύτης.
3320 542 3456 598 Οὐδὲ
3480 543 3593 616 γὰρ
3617 542 3679 597 τὸ

2102 622 2379 697 πλήττειν,
2431 625 2769 697 τραχύτητος
2827 625 3031 689 ἀπλῶς,
3088 626 3208 680 οὐδέ
3258 629 3320 681 τὸ
3378 631 3676 697 φείδεσθαι,

2099 714 2426 787 πραότητος
2453 715 2587 771 ἀλλά
2614 719 2790 790 πρᾶος
2823 713 3028 779 ἐκεῖνός
3048 715 3216 779 ἐστιν,
3245 716 3275 768 ὁ
3295 715 3363 770 τὰ
3393 719 3473 782 εἰς
3490 719 3680 773 ἐαυτὸν

2104 803 2551 877 πλημμελήματα
2580 805 2766 877 φέρειν
2794 803 3115 875 δυνάμενος,
3150 803 3246 858 καὶ
3275 806 3304 857 ό
3328 807 3442 869 τοῖς
3461 805 3680 861 ἀδικου-

2108 901 2289 974 μένοις
2315 902 2562 975 ἀμύνων,
2602 904 2698 959 καὶ
2731 902 2962 975 σφοδρὸς
2985 902 3197 967 ἔκδικος
3228 902 3339 957 τῶν
3379 901 3682 974 ἐπηρεαζοο

2107 998 2284 1070 μένων
2334 998 2636 1070 γινόμενος*
2679 1000 2754 1065 ὡς
2794 1001 2823 1055 δ
2860 1017 2925 1069 γε
2958 999 3032 1072 μὴ
3066 996 3326 1064 τοιοῦτος,
3358 998 3555 1071 νωθὴς,
3588 999 3682 1053 καὶ

2104 1086 2367 1156 ὐπνηλδς,
2410 1087 2506 1141 καὶ
2542 1088 2737 1160 νεκροῦ
2772 1088 2925 1143 οὐδὲν
2960 1087 3183 1159 ἄμεινον
3226 1086 3585 1158 διακείμενος,
3617 1086 3679 1140 οὐ

2104 1175 2303 1244 πρᾶος,
2337 1174 2459 1229 οὐδέ
2488 1176 2760 1245 ἐπιεικής.
2789 1175 2864 1229 Tb
2892 1176 3138 1248 παρορᾷν
3174 1174 3580 1246 ἀδικουμένους,
3619 1172 3681 1229 τὸ

2108 1260 2185 1332 μὴ
2217 1261 2403 1330 ἀλγεῖν
2452 1262 2593 1333 ὐπέρ
2631 1260 2743 1316 τῶν
2782 1263 3172 1334 ἀδικουμένων,
3215 1261 3348 1333 μηδὲ
3377 1259 3680 1333 θυμοῦσθαι

2104 1352 2216 1412 τοῖς
2234 1348 2651 1420 ἐπηρεάζουσιν,
2678 1349 2780 1404 οὐκ
2802 1350 3025 1422 ἀρετῆς,
3050 1347 3187 1403 ἀλλά
3204 1347 3422 1412 κακίαςο
3443 1349 3544 1402 οὐκ
3570 1348 3680 1418 ἄρα

2106 1435 2431 1506 πραότητος,
2464 1435 2599 1489 ἀλλά
2634 1435 2880 1500 νωθείας.
2917 1436 3081 1489 ’Ὥστε
3118 1435 3249 1489 αὐτὸ
3280 1434 3345 1504 δὴ
3380 1433 3539 1488 τοῦτο
3577 1434 3682 1489 δεί-

2106 1539 2297 1579 κνυσιν
2323 1522 2489 1581 αὐτοῦ
2510 1522 2608 1593 τὴν
2628 1523 2932 1595 πραότητα,
2952 1524 3046 1577 καὶ
3069 1525 3152 1577 ὅτι
3174 1523 3346 1586 οὕτως
3368 1518 3435 1593 ἧν
3456 1521 3680 1595 θερμὸς,

2103 1610 2180 1674 ὡς
2201 1611 2296 1666 καὶ
2329 1610 2634 1682 προπηδᾷν,
2665 1612 2724 1663 ἐν
2749 1604 2830 1674 οἷς
2864 1610 3083 1682 ἐτέρους
3109 1609 3492 1678 ἀδικουμένους
3511 1609 3680 1681 ἑώρα,
3792 1632 3797 1637 ο

2106 1698 2356 1769 κατέχειν
2389 1699 2451 1752 οὐ
2484 1698 2783 1769 δυνάμενος
2818 1697 2912 1767 τὴν
2944 1698 3084 1767 ὑπὲρ
3115 1697 3209 1751 τοῦ
3236 1696 3447 1751 δικαίου
3484 1698 3682 1767 ἀγανά-

2106 1804 2316 1860 κτησιν·
2341 1787 2505 1858 ἡνίκα
2526 1785 2658 1856 γοῦν
2687 1786 2850 1851 αὐτὸς
2878 1785 3065 1850 κακῶς
3092 1785 3351 1856 ἔπασχεν,
3386 1784 3510 1839 οὔτε
3539 1785 3684 1857 ἠμύ-

2105 1892 2255 1939 νατο,
2283 1874 2408 1930 οὔτε
2440 1875 2682 1949 ἐπεξῄει,
2709 1874 2822 1929 ἀλλ’
2852 1877 3032 1947 ἔμεινε
3074 1874 3377 1944 φιλοσοφῶν
3398 1873 3681 1946 διηνεκῶς.

2106 1960 2258 2036 [575]
2286 1963 2350 2017 Εἰ
2380 1962 2437 2016 δὲ
2462 1964 2669 2034 τραχὺς
2688 1958 2778 2034 ἦν,
2800 1963 2895 2017 καὶ
2920 1962 3159 2035 ὀργίλος,
3178 1968 3280 2021 οὐκ
3307 1961 3375 2016 ἂν
3400 1962 3541 2034 ὑπὲρ
3570 1962 3686 2016 ἑτέ-

2107 2066 2217 2121 ρων
2239 2051 2269 2102 ὁ
2293 2048 2434 2103 οὕτω
2454 2048 2591 2113 ζέων
2617 2050 2709 2104 καὶ
2734 2048 3267 2122 διαθερμαινόμενος,
3295 2049 3436 2121 ὑπὲρ
3454 2049 3563 2103 τῶν
3588 2049 3686 2103 αὐ-

2104 2134 2199 2189 τοῦ
2232 2133 2297 2189 ἂν
2326 2136 2650 2203 κατεδέξατο
2676 2136 2969 2208 ήσυχάσαι,
2997 2136 3134 2192 ἀλλά
3173 2137 3307 2191 πολὺ
3341 2136 3539 2209 μᾶλλον
3562 2136 3686 2191 τότε

2104 2221 2171 2277 ἀν
2197 2222 2529 2295 ἐξηγριώθη.
2563 2224 2709 2278 Ἰστε
2738 2225 2869 2296 γάρ,
2890 2225 2971 2279 ὃτι
2995 2224 3194 2296 μᾶλλον
3213 2224 3308 2279 ἐπὶ
3334 2227 3446 2289 τοῖς
3463 2226 3685 2289 οἰκείοις

2104 2310 2139 2382 ἢ
2162 2312 2274 2375 τοῖς
2302 2310 2604 2383 ἀλλοτρίοις
2630 2311 2923 2383 ἀλγοῦμεν.
2971 2312 3208 2373 Ἐκεῖνος
3236 2312 3294 2366 δὲ
3320 2311 3430 2368 τῶν
3471 2313 3568 2385 μὲν
3588 2313 3684 2369 ἀλ-

2104 2398 2213 2453 λων
2240 2398 2558 2469 πασχόντων
2582 2399 2791 2464 κακῶς,
2827 2400 3004 2454 αὐτῶν
3041 2400 3141 2455 οὐκ
3175 2398 3395 2456 ἔλαττον
3441 2400 3549 2455 τῶν
3581 2418 3686 2456 πα-

2107 2486 2346 2557 σχόντων
2365 2485 2626 2558 ἡμύνετο’
2657 2487 2728 2541 τὰ
2750 2486 2809 2542 δὲ
2840 2489 2922 2551 εἰς
2943 2487 3107 2542 αὐτὸν
3138 2488 3396 2560 γινόμενα
3423 2488 3686 2561 πλημμε-

2104 2572 2327 2644 λήματα
2361 2573 2502 2645 μετά
2545 2572 2747 2646 πολλῆς
2786 2574 3091 2647 παρέτρεχε
3131 2577 3232 2648 τῆς
3273 2578 3589 2649 καρτερίας,
3623 2578 3685 2631 ἐν

2103 2660 2384 2732 ἑκατέροις
2411 2661 2580 2733 ἄκρος
2617 2658 2714 2725 ὢν,
2754 2662 2947 2733 καὶτῷ
2979 2665 3079 2733 μὲν
3098 2663 3162 2716 τὸ
3192 2664 3575 2735 μισοπόνηρον,
3605 2664 3684 2734 τῷ

2101 2747 2162 2801 δέ
2191 2747 2254 2801 τὸ
2290 2748 2645 2819 μακρόθυμον
2685 2749 3144 2819 ἐπιδεικνύμενος.
3200 2750 3361 2804 Ἀλλά
3403 2751 3457 2803 τί
3509 2753 3682 2805 ποιεῖν

2102 2835 2294 2907 ἐχρῆν,
2324 2836 2448 2889 εἰπέ
2483 2852 2607 2906 μοι;
2648 2838 2911 2908 περιορᾷν
2940 2836 3039 2908 τὴν
3073 2837 3288 2891 ἀδικίαν
3316 2835 3335 2876 ι
3368 2837 3680 2909 γινομένην,

2104 2923 2199 2977 καὶ
2241 2925 2321 2987 εἰς
2354 2922 2416 2976 τὸ
2445 2922 2647 2994 πλῆθος
2682 2923 2931 2977 ἐκϐαῖνον
2957 2922 3021 2977 τὸ
3048 2922 3251 2989 κακόν;
3295 2924 3433 2978 Ἀλλ’
3475 2927 3576 2978 οὐκ
3611 2921 3681 2996 ἦν

2102 3010 2260 3064 τοῦτο
2287 3008 2642 3081 δημαγωγοῦ,
2677 3011 2798 3066 οὐδὲ
2825 3010 3179 3083 μακροθύμου
3205 3012 3349 3076 τινὸς
3380 3011 3474 3066 καὶ
3504 3014 3684 3080 ἀνεξι-

2103 3097 2299 3166 κάκου,
2327 3096 2461 3152 ἀλλά
2481 3098 2689 3169 νωθροῦ
2711 3098 2806 3152 καὶ
2822 3098 3294 3161 ἀναπεπτωκότος.
3324 3101 3396 3153 Σὺ
3418 3100 3475 3154 δὲ
3514 3100 3684 3172 ἰατρῷ

2106 3185 2205 3257 μέν
2253 3186 2356 3239 οὐκ
2405 3185 2658 3255 ἐγκαλεῖς
2713 3185 2812 3261 τὴν
2866 3185 3133 3252 σηπεδόνα
3170 3184 3490 3257 βαδίζουσαν
3539 3189 3682 3244 κατά

2104 3276 2308 3342 παντὸς
2336 3274 2431 3331 τοῦ
2464 3273 2714 3346 σώματος
2755 3274 3235 3347 προαναστέλλοντι
3263 3278 3326 3347 τῇ
3355 3278 3517 3347 τομῇ,
3539 3277 3681 3331 ἐκεῖ·

2102 3387 2192 3424 νον
2224 3369 2283 3424 δέ
2318 3369 2652 3442 τραχύτατον
2679 3363 2818 3424 εἶναι
2849 3368 2975 3439 φῂς,
3004 3367 3098 3421 τὸν
3128 3367 3282 3422 νόσον
3305 3369 3483 3441 πολλῴ
3513 3387 3682 3443 σηπε-

2100 3461 2250 3525 δόνος
2282 3459 2669 3532 χαλεπωτέραν
2708 3459 2850 3513 κατὰ
2889 3458 3092 3521 παντὸς
3136 3458 3364 3532 ῥέουσαν
3389 3460 3482 3515 τοῦ
3508 3461 3680 3533 δήμου

2103 3546 2432 3620 βουληθέντα
2484 3548 2830 3619 ἀναχαιτίσαι
2881 3547 3063 3619 πληγῇ
3112 3547 3460 3620 τραχυτέρᾳὶ
3520 3549 3681 3604 Ἀλλά

2099 3632 2276 3689 ταῦτα
2293 3632 2607 3706 ἀγνώμονος
2624 3633 2899 3689 δικαστοῦ.
2923 3634 3026 3689 Τὸν
3052 3634 3161 3707 γάρ
3182 3636 3489 3709 προστάτην
3507 3637 3679 3709 δήμου

2100 3721 2379 3789 τοσούτου,
2411 3723 2507 3776 καί
2525 3721 2677 3785 ἔθνος
2698 3721 2841 3775 οὕτω
2867 3721 3101 3795 σκληρὸν
3121 3723 3339 3792 ἄγοντα,
3362 3725 3456 3779 καὶ
3480 3727 3678 3797 τραχὺ.

2100 3810 2193 3863 καὶ
2233 3810 2501 3880 δυσήνιον,
2534 3811 2593 3863 ἐν
2627 3809 2932 3880 προοιμίοις
2980 3809 3324 3865 ἀναστέλλειν
3357 3812 3546 3883 ἐχρῆν,
3584 3814 3680 3867 καὶ

2098 3897 2164 3950 ἐκ
2196 3896 2484 3969 προθύρων
2529 3896 2877 3961 ἀνακόπτειν,
2908 3893 3049 3949 ὥστε
3093 3898 3169 3968 μὴ
3192 3899 3503 3972 περαιτέρω
3539 3918 3677 3971 προ-

2097 3986 2301 4041 ϐαίνειν
2348 3987 2373 4026 ε
2402 3984 2462 4037 τὸ
2493 3983 2684 4037 δεινόν.
2744 3983 2907 4036 Ἀλλά
2955 3984 3234 4050 κατέδυσε,
3275 3986 3426 4054 φησὶ,
3483 3986 3676 4050 Δαθάν,

2099 4073 2196 4127 καὶ
2237 4071 2515 4143 ’Λϐειρών.
2555 4071 2622 4125 Τί
2650 4070 2868 4139 λέγεις;
2898 4071 2992 4124 καὶ
3015 4070 3124 4123 ἔδει
3154 4073 3417 4144 περιιδεῖν
3450 4074 3676 4145 ίερωσύ-

2098 4177 2197 4231 νην
2235 4157 2603 4227 πατουμένην,
2648 4157 2742 4210 καὶ
2771 4154 2906 4210 Θεοῦ
2947 4156 3147 4227 νόμους
3182 4159 3675 4230 ἀνατρεπομένους,

2100 4248 2194 4301 καὶ
2225 4246 2285 4300 τὸ
2311 4245 2533 4316 συνέχον
2567 4243 2784 4299 ἅπαντα
2812 4244 3175 4315 διαλυόμενον,
3216 4244 3358 4314 λέγω
3382 4245 3446 4316 δὴ
3482 4245 3544 4299 τὸ
3574 4248 3677 4316 τῆς

2102 4332 2404 4406 ἱερωσύνης
2436 4331 2675 4402 ἀξίωμα,
2700 4332 2792 4385 καὶ
2821 4333 2956 4386 πᾶσι
2984 4331 3120 4402 βατά
3146 4332 3368 4403 ποιῆσαι
3394 4333 3463 4386 τὰ
3484 4334 3674 4399 ἄδυτα,

2098 4421 2193 4475 καὶ
2228 4420 2337 4473 ἀπὸ
2376 4418 2476 4490 τῆς
2510 4419 2638 4489 περί
2672 4419 2895 4483 τούτους
2939 4418 3211 4490 ῥᾳθυμίας
3254 4419 3530 4491 προθεῖναι
3560 4425 3677 4488 τοῖς

2101 4508 2444 4581 βουλομένοις
2476 4507 2600 4571 τοὺς
2636 4507 2813 4578 ἰερούς
2849 4510 3182 4561 καταπατεῖν
3211 4508 3547 4578 περιϐόλους,
3581 4513 3674 4565 καὶ

2100 4600 2277 4655 πάντα
2302 4597 2414 4653 ἀνω
2445 4597 2539 4655 καὶ
2563 4597 2714 4651 κάτω
2735 4595 3009 4666 γίνεσθαι;
3052 4595 3212 4650 Ἀλλὰ
3236 4597 3410 4651 ταῦτα
3441 4599 3676 4668 μάλιστα

2102 4685 2408 4757 πραότητος
2431 4685 2529 4739 οὐκ
2547 4680 2638 4756 ἦν,
2670 4683 2804 4739 ἀλλά
2834 4683 3226 4755 ἀπανθρωπίας
3254 4686 3347 4739 καὶ
3370 4686 3673 4760 ὠμότητος,

2096 4773 2158 4827 τὸ
2192 4772 2451 4846 περιιδεῖν
2484 4769 2736 4826 τοσοῦτον
2765 4770 2933 4825 κακὸν
2964 4770 3279 4843 αὐξόμενον,
3310 4773 3402 4828 καὶ
3429 4775 3675 4846 ςρειδόμε⁶

2100 4878 2190 4915 νον
2235 4861 2543 4925 διακοσίων,
2584 4860 2845 4914 ἀπολέσαι
2897 4860 3160 4931 μυριάδας
3208 4862 3497 4927 τοσαύτας.
3540 4864 3673 4917 Εἰπὲ

2099 4946 2208 5018 γάρ
2249 4963 2360 5018 μοι,
2389 4947 2477 5000 ὅτε
2508 4945 2757 5000 ἐκέλευσε
2787 4944 2986 5015 σφάξαι
3026 4949 3152 5013 τοὺς
3183 4951 3590 5022 προσήκοντας,
3621 4950 3675 5003 τί

2100 5035 2323 5106 ποιῆσαι
2352 5034 2538 5105 ἐχρῆν,
2568 5032 2923 5115 ὀργιζομένου
2960 5036 3116 5102 Θεοῦ,
3145 5037 3245 5109 τῆς
3281 5038 3534 5101 ἀσεϐείας
3578 5036 3675 5093 αὐ-

2102 5121 2354 5194 ξομένης,
2382 5120 2597 5185 οὐδενὸς
2627 5120 2780 5185 ὄντος
2807 5121 2901 5176 τοῦ
2925 5123 3222 5195 δυναμένου
3245 5128 3345 5194 τῆς
3377 5124 3546 5194 ὀργῆς
3574 5125 3674 5176 ai-

2097 5211 2224 5273 τοὺς
2250 5208 2587 5280 ἐξαρπάσαι;
2622 5209 2834 5277 ἀφεῖναι
2856 5211 2952 5282 τὴν
2972 5213 3035 5264 ἐκ
3064 5210 3170 5266 τῶν
3197 5211 3438 5283 οὐρανῶν
3460 5210 3674 5283 πληγὴν

2099 5300 2192 5351 ἐπὶ
2235 5297 2334 5361 τάς
2388 5297 2561 5373 φυλὰς
2606 5298 2825 5362 ἀπάσας
2862 5298 3164 5370 ἐνεχθῆναι,
3196 5301 3293 5353 καὶ
3330 5299 3674 5371 πανωλεθρίᾳ

2098 5387 2434 5457 παραδοῦναι
2478 5386 2540 5439 τὸ
2580 5386 2755 5454 γένος,
2802 5386 2896 5439 καὶ
2929 5386 3067 5457 μετά
3089 5387 3188 5458 τῆς
3212 5387 3482 5450 κολάσεως
3517 5404 3672 5457 περι-

2104 5473 2230 5529 ιδείν
2261 5474 2355 5528 καὶ
2374 5473 2471 5545 τὴν
2490 5474 2763 5544 ἁμαρτίαν
2785 5474 3002 5535 ἀνίατον
3026 5475 3314 5545 γινομένην
3334 5493 3348 5543 ;
3382 5475 3669 5547 ῆτιμωρίίι

2168 5709 2188 5750 ί
2211 5711 2247 5760 Α
2258 5711 2307 5760 lii
2325 5711 2408 5767 τήν
2429 5710 2614 5759 κακίαν.

2163 5774 2189 5813 ι
2214 5774 2323 5822 Sav.
2349 5773 2597 5835 προϐῆναι,
2624 5777 2677 5821 el
2699 5768 2821 5823 intra
2844 5774 2922 5823 καὶ
2945 5772 2998 5823 τὸ
3019 5775 3214 5839 συνέχον
3237 5776 3377 5829 ἕπον.
