  <div class='ocr_page' id='page_1' title='image "/cluster/home/n/w/nwhite01/storage/ocr_20150623/55/hvd.32044054086814/377.png"; bbox 0 0 4134 6210; ppageno 0'>
   <div class='ocr_carea' id='block_1_1' title="bbox 510 268 616 327">
    <p class='ocr_par' dir='ltr' id='par_1_1' title="bbox 510 268 616 327">
     <span class='ocr_line' id='line_1_1' title="bbox 510 268 616 327; baseline 0 -1"><span class='ocrx_word' id='word_1_1' title='bbox 510 268 616 327; x_wconf 73' lang='grc'>381</span> 
     </span>
    </p>
   </div>
   <div class='ocr_carea' id='block_1_2' title="bbox 511 377 2089 455">
    <p class='ocr_par' dir='ltr' id='par_1_2' title="bbox 511 377 2089 455">
     <span class='ocr_line' id='line_1_2' title="bbox 511 377 2089 455; baseline -0.002 -18"><span class='ocrx_word' id='word_1_2' title='bbox 511 383 607 437; x_wconf 74' lang='grc' dir='ltr'>καὶ</span> <span class='ocrx_word' id='word_1_3' title='bbox 635 381 780 452; x_wconf 81' lang='grc' dir='ltr'>φόνῳ</span> <span class='ocrx_word' id='word_1_4' title='bbox 813 379 1082 451; x_wconf 83' lang='grc' dir='ltr'>σωμάτων</span> <span class='ocrx_word' id='word_1_5' title='bbox 1106 377 1302 448; x_wconf 86' lang='grc' dir='ltr'>όλίγων</span> <span class='ocrx_word' id='word_1_6' title='bbox 1332 378 1391 436; x_wconf 84' lang='grc' dir='ltr'>τό</span> <span class='ocrx_word' id='word_1_7' title='bbox 1425 397 1485 434; x_wconf 80' lang='grc' dir='ltr'>τε</span> <span class='ocrx_word' id='word_1_8' title='bbox 1526 381 1831 455; x_wconf 85' lang='grc' dir='ltr'>ἀμάρτημα</span> <span class='ocrx_word' id='word_1_9' title='bbox 1859 381 2089 447; x_wconf 85' lang='grc' dir='ltr'>ἀνελεῖν,</span> 
     </span>
    </p>
   </div>
   <div class='ocr_carea' id='block_1_3' title="bbox 510 465 2092 540">
    <p class='ocr_par' dir='ltr' id='par_1_3' title="bbox 510 465 2092 540">
     <span class='ocr_line' id='line_1_3' title="bbox 510 465 2092 540; baseline 0 -16"><span class='ocrx_word' id='word_1_10' title='bbox 510 471 610 538; x_wconf 85' lang='grc' dir='ltr'>τήν</span> <span class='ocrx_word' id='word_1_11' title='bbox 638 485 698 522; x_wconf 86' lang='grc' dir='ltr'>τε</span> <span class='ocrx_word' id='word_1_12' title='bbox 731 465 902 540; x_wconf 76' lang='grc' dir='ltr'>όργην</span> <span class='ocrx_word' id='word_1_13' title='bbox 940 466 1308 538; x_wconf 85' lang='grc' dir='ltr'>ἀναχαιτίσαι,</span> <span class='ocrx_word' id='word_1_14' title='bbox 1346 469 1438 523; x_wconf 90' lang='grc' dir='ltr'>τόν</span> <span class='ocrx_word' id='word_1_15' title='bbox 1459 486 1518 522; x_wconf 91' lang='grc' dir='ltr'>τε</span> <span class='ocrx_word' id='word_1_16' title='bbox 1548 469 1681 523; x_wconf 80' lang='grc' dir='ltr'>Θεὸν</span> <span class='ocrx_word' id='word_1_17' title='bbox 1713 470 1839 523; x_wconf 89' lang='grc' dir='ltr'>ῖλεω</span> <span class='ocrx_word' id='word_1_18' title='bbox 1870 482 1895 511; x_wconf 79' lang='grc' dir='ltr'>ι</span> <span class='ocrx_word' id='word_1_19' title='bbox 1924 488 2092 524; x_wconf 85' lang='grc' dir='ltr'>κατα-</span> 
     </span>
    </p>
   </div>
   <div class='ocr_carea' id='block_1_4' title="bbox 513 553 2094 627">
    <p class='ocr_par' dir='ltr' id='par_1_4' title="bbox 513 553 2094 627">
     <span class='ocr_line' id='line_1_4' title="bbox 513 553 2094 627; baseline 0.003 -20"><span class='ocrx_word' id='word_1_20' title='bbox 513 555 709 627; x_wconf 73' lang='grc' dir='ltr'>στῆσαι</span> <span class='ocrx_word' id='word_1_21' title='bbox 727 558 838 620; x_wconf 86' lang='grc' dir='ltr'>τοῖς</span> <span class='ocrx_word' id='word_1_22' title='bbox 858 556 928 610; x_wconf 89' lang='grc' dir='ltr'>τά</span> <span class='ocrx_word' id='word_1_23' title='bbox 957 553 1180 610; x_wconf 87' lang='grc' dir='ltr'>τοιαῦτα</span> <span class='ocrx_word' id='word_1_24' title='bbox 1207 555 1760 627; x_wconf 88' lang='grc' dir='ltr'>πεπλημμεληκόσιν;</span> <span class='ocrx_word' id='word_1_25' title='bbox 1789 559 1885 610; x_wconf 75' lang='grc' dir='ltr'>Ἂν</span> <span class='ocrx_word' id='word_1_26' title='bbox 1920 557 2094 622; x_wconf 76' lang='grc' dir='ltr'>οὕτως</span> 
     </span>
    </p>
   </div>
   <div class='ocr_carea' id='block_1_5' title="bbox 511 641 2092 717">
    <p class='ocr_par' dir='ltr' id='par_1_5' title="bbox 511 641 2092 717">
     <span class='ocr_line' id='line_1_5' title="bbox 511 641 2092 717; baseline 0 -19"><span class='ocrx_word' id='word_1_27' title='bbox 511 641 772 717; x_wconf 65' lang='grc' dir='ltr'>ἐξετάζῃς</span> <span class='ocrx_word' id='word_1_28' title='bbox 803 642 871 698; x_wconf 87' lang='grc' dir='ltr'>τά</span> <span class='ocrx_word' id='word_1_29' title='bbox 895 642 990 697; x_wconf 90' lang='grc' dir='ltr'>τοῦ</span> <span class='ocrx_word' id='word_1_30' title='bbox 1016 642 1246 707; x_wconf 78' lang='grc' dir='ltr'>δικαίου,</span> <span class='ocrx_word' id='word_1_31' title='bbox 1276 642 1396 712; x_wconf 74' lang='grc' dir='ltr'>ὄψει</span> <span class='ocrx_word' id='word_1_32' title='bbox 1433 642 1665 714; x_wconf 87' lang='grc' dir='ltr'>μάλιστα</span> <span class='ocrx_word' id='word_1_33' title='bbox 1693 643 1942 699; x_wconf 66' lang='grc' dir='ltr'>ἐντεῦθεν</span> <span class='ocrx_word' id='word_1_34' title='bbox 1964 644 2092 698; x_wconf 71' lang='grc' dir='ltr'>ὄντα</span> 
     </span>
    </p>
   </div>
   <div class='ocr_carea' id='block_1_6' title="bbox 509 731 2078 804">
    <p class='ocr_par' dir='ltr' id='par_1_6' title="bbox 509 731 2078 804">
     <span class='ocr_line' id='line_1_6' title="bbox 509 731 2078 804; baseline 0 -19"><span class='ocrx_word' id='word_1_35' title='bbox 509 731 675 786; x_wconf 70' lang='grc' dir='ltr'>αὑτὸν</span> <span class='ocrx_word' id='word_1_36' title='bbox 704 733 1024 804; x_wconf 81' lang='grc' dir='ltr'>πραότατον.</span> <span class='ocrx_word' id='word_1_37' title='bbox 2073 731 2078 734; x_wconf 79' lang='grc'><em>’</em></span> 
     </span>
    </p>
   </div>
   <div class='ocr_carea' id='block_1_7' title="bbox 584 817 2091 890">
    <p class='ocr_par' dir='ltr' id='par_1_7' title="bbox 584 817 2091 890">
     <span class='ocr_line' id='line_1_7' title="bbox 584 817 2091 890; baseline 0 -16"><span class='ocrx_word' id='word_1_38' title='bbox 584 820 650 890; x_wconf 84' lang='grc' dir='ltr'>β’.</span> <span class='ocrx_word' id='word_1_39' title='bbox 693 817 856 874; x_wconf 83' lang='grc' dir='ltr'>Ἀλλά</span> <span class='ocrx_word' id='word_1_40' title='bbox 873 818 1046 873; x_wconf 87' lang='grc' dir='ltr'>ταῦτα</span> <span class='ocrx_word' id='word_1_41' title='bbox 1069 819 1134 872; x_wconf 69' lang='grc' dir='ltr'>ἐκ</span> <span class='ocrx_word' id='word_1_42' title='bbox 1156 817 1262 872; x_wconf 86' lang='grc' dir='ltr'>τῶν</span> <span class='ocrx_word' id='word_1_43' title='bbox 1283 820 1400 888; x_wconf 84' lang='grc' dir='ltr'>είρη</span> <span class='ocrx_word' id='word_1_44' title='bbox 1411 817 1586 888; x_wconf 84' lang='grc' dir='ltr'>μένων</span> <span class='ocrx_word' id='word_1_45' title='bbox 1601 819 1714 882; x_wconf 86' lang='grc' dir='ltr'>τοῖς</span> <span class='ocrx_word' id='word_1_46' title='bbox 1738 817 2091 890; x_wconf 87' lang='grc' dir='ltr'>φιλομαθέσιν</span> 
     </span>
    </p>
   </div>
   <div class='ocr_carea' id='block_1_8' title="bbox 511 904 2094 978">
    <p class='ocr_par' dir='ltr' id='par_1_8' title="bbox 511 904 2094 978">
     <span class='ocr_line' id='line_1_8' title="bbox 511 904 2094 978; baseline 0.001 -20"><span class='ocrx_word' id='word_1_47' title='bbox 511 906 743 976; x_wconf 76' lang='grc' dir='ltr'>ἀφέντες</span> <span class='ocrx_word' id='word_1_48' title='bbox 766 906 1068 974; x_wconf 88' lang='grc' dir='ltr'>ἀναλέγειν,</span> <span class='ocrx_word' id='word_1_49' title='bbox 1099 906 1184 958; x_wconf 78' lang='grc' dir='ltr'>ἶνα</span> <span class='ocrx_word' id='word_1_50' title='bbox 1221 905 1293 976; x_wconf 82' lang='grc' dir='ltr'>μὴ</span> <span class='ocrx_word' id='word_1_51' title='bbox 1321 904 1380 957; x_wconf 82' lang='grc' dir='ltr'>τὺ</span> <span class='ocrx_word' id='word_1_52' title='bbox 1403 907 1679 977; x_wconf 83' lang='grc' dir='ltr'>πάρεργον</span> <span class='ocrx_word' id='word_1_53' title='bbox 1707 905 1800 959; x_wconf 90' lang='grc' dir='ltr'>τοῦ</span> <span class='ocrx_word' id='word_1_54' title='bbox 1831 907 1968 978; x_wconf 85' lang='grc' dir='ltr'>μετά</span> <span class='ocrx_word' id='word_1_55' title='bbox 1988 911 2094 977; x_wconf 86' lang='grc' dir='ltr'>χεῖ-</span> 
     </span>
    </p>
   </div>
   <div class='ocr_carea' id='block_1_9' title="bbox 513 991 2090 1066">
    <p class='ocr_par' dir='ltr' id='par_1_9' title="bbox 513 991 2090 1066">
     <span class='ocr_line' id='line_1_9' title="bbox 513 991 2090 1066; baseline -0.001 -18"><span class='ocrx_word' id='word_1_56' title='bbox 513 1012 615 1066; x_wconf 86' lang='grc' dir='ltr'>ρας</span> <span class='ocrx_word' id='word_1_57' title='bbox 645 995 827 1066; x_wconf 78' lang='grc' dir='ltr'>μεῖζον</span> <span class='ocrx_word' id='word_1_58' title='bbox 857 994 1197 1064; x_wconf 85' lang='grc' dir='ltr'>ποιήσωμεν,</span> <span class='ocrx_word' id='word_1_59' title='bbox 1229 993 1320 1044; x_wconf 75' lang='grc' dir='ltr'>ἐπὶ</span> <span class='ocrx_word' id='word_1_60' title='bbox 1351 992 1410 1045; x_wconf 78' lang='grc' dir='ltr'>τὸ</span> <span class='ocrx_word' id='word_1_61' title='bbox 1430 991 1788 1062; x_wconf 85' lang='grc' dir='ltr'>προκείμενον</span> <span class='ocrx_word' id='word_1_62' title='bbox 1811 995 1998 1063; x_wconf 90' lang='grc' dir='ltr'>ῖωμεν.</span> <span class='ocrx_word' id='word_1_63' title='bbox 2026 994 2090 1046; x_wconf 94' lang='grc' dir='ltr'>Τί</span> 
     </span>
    </p>
   </div>
   <div class='ocr_carea' id='block_1_10' title="bbox 509 1077 2088 1154">
    <p class='ocr_par' dir='ltr' id='par_1_10' title="bbox 509 1077 2088 1154">
     <span class='ocr_line' id='line_1_10' title="bbox 509 1077 2088 1154; baseline 0.001 -20"><span class='ocrx_word' id='word_1_64' title='bbox 509 1082 564 1134; x_wconf 72' lang='grc' dir='ltr'>δὶ</span> <span class='ocrx_word' id='word_1_65' title='bbox 593 1077 660 1153; x_wconf 77' lang='grc' dir='ltr'>ἦν</span> <span class='ocrx_word' id='word_1_66' title='bbox 689 1081 750 1134; x_wconf 79' lang='grc' dir='ltr'>τὸ</span> <span class='ocrx_word' id='word_1_67' title='bbox 776 1080 1167 1150; x_wconf 82' lang='grc' dir='ltr'>προκείμενον;</span> <span class='ocrx_word' id='word_1_68' title='bbox 1193 1078 1530 1146; x_wconf 82' lang='grc' dir='ltr'>Μνήσθητι,</span> <span class='ocrx_word' id='word_1_69' title='bbox 1569 1082 1768 1148; x_wconf 84' lang='grc' dir='ltr'>Κύριε,</span> <span class='ocrx_word' id='word_1_70' title='bbox 1798 1080 1906 1135; x_wconf 86' lang='grc' dir='ltr'>τοῦ</span> <span class='ocrx_word' id='word_1_71' title='bbox 1938 1081 2088 1154; x_wconf 79' lang='grc'>[576]</span> 
     </span>
    </p>
   </div>
   <div class='ocr_carea' id='block_1_11' title="bbox 509 1165 2092 1237">
    <p class='ocr_par' dir='ltr' id='par_1_11' title="bbox 509 1165 2092 1237">
     <span class='ocr_line' id='line_1_11' title="bbox 509 1165 2092 1237; baseline -0.001 -15"><span class='ocrx_word' id='word_1_72' title='bbox 509 1167 708 1232; x_wconf 79' lang='grc' dir='ltr'>Δαυῒδ,</span> <span class='ocrx_word' id='word_1_73' title='bbox 750 1167 848 1221; x_wconf 79' lang='grc' dir='ltr'>καὶ</span> <span class='ocrx_word' id='word_1_74' title='bbox 881 1165 1086 1232; x_wconf 82' lang='grc' dir='ltr'>πάσης</span> <span class='ocrx_word' id='word_1_75' title='bbox 1112 1165 1220 1233; x_wconf 82' lang='grc' dir='ltr'>τῆς</span> <span class='ocrx_word' id='word_1_76' title='bbox 1239 1166 1574 1234; x_wconf 83' lang='grc' dir='ltr'>πραότητος</span> <span class='ocrx_word' id='word_1_77' title='bbox 1602 1167 1812 1221; x_wconf 80' lang='grc' dir='ltr'>αὐτοῦ’</span> <span class='ocrx_word' id='word_1_78' title='bbox 1835 1169 1914 1234; x_wconf 89' lang='grc' dir='ltr'>ὡς</span> <span class='ocrx_word' id='word_1_79' title='bbox 1948 1167 2092 1237; x_wconf 83' lang='grc' dir='ltr'>ὤμο-</span> 
     </span>
    </p>
   </div>
   <div class='ocr_carea' id='block_1_12' title="bbox 509 1252 2088 1324">
    <p class='ocr_par' dir='ltr' id='par_1_12' title="bbox 509 1252 2088 1324">
     <span class='ocr_line' id='line_1_12' title="bbox 509 1252 2088 1324; baseline 0.001 -14"><span class='ocrx_word' id='word_1_80' title='bbox 509 1271 584 1310; x_wconf 84' lang='grc' dir='ltr'>σε</span> <span class='ocrx_word' id='word_1_81' title='bbox 612 1254 693 1321; x_wconf 85' lang='grc' dir='ltr'>τῷ</span> <span class='ocrx_word' id='word_1_82' title='bbox 733 1255 927 1322; x_wconf 82' lang='grc' dir='ltr'>Κυρίῳ</span> <span class='ocrx_word' id='word_1_83' title='bbox 949 1255 1002 1318; x_wconf 64' lang='grc' dir='ltr'>δ,</span> <span class='ocrx_word' id='word_1_84' title='bbox 1042 1255 1268 1324; x_wconf 79' lang='grc' dir='ltr'>ηὔξατο</span> <span class='ocrx_word' id='word_1_85' title='bbox 1321 1252 1398 1319; x_wconf 76' lang='grc' dir='ltr'>τῷ</span> <span class='ocrx_word' id='word_1_86' title='bbox 1449 1252 1570 1319; x_wconf 85' lang='grc' dir='ltr'>Θεῷ</span> <span class='ocrx_word' id='word_1_87' title='bbox 1603 1254 1815 1309; x_wconf 75' lang='grc' dir='ltr'>Ἰακώϐ.</span> <span class='ocrx_word' id='word_1_88' title='bbox 1862 1257 2088 1324; x_wconf 76' lang='grc' dir='ltr'>Προθεὶς</span> 
     </span>
    </p>
   </div>
   <div class='ocr_carea' id='block_1_13' title="bbox 509 1342 2090 1416">
    <p class='ocr_par' dir='ltr' id='par_1_13' title="bbox 509 1342 2090 1416">
     <span class='ocr_line' id='line_1_13' title="bbox 509 1342 2090 1416; baseline 0 -19"><span class='ocrx_word' id='word_1_89' title='bbox 509 1346 682 1398; x_wconf 77' lang='grc' dir='ltr'>εἰπεῖν</span> <span class='ocrx_word' id='word_1_90' title='bbox 705 1344 830 1415; x_wconf 72' lang='grc' dir='ltr'>περὶ</span> <span class='ocrx_word' id='word_1_91' title='bbox 846 1342 1166 1416; x_wconf 84' lang='grc' dir='ltr'>πραότητος,</span> <span class='ocrx_word' id='word_1_92' title='bbox 1191 1343 1347 1412; x_wconf 73' lang='grc' dir='ltr'>ἀφεὶς</span> <span class='ocrx_word' id='word_1_93' title='bbox 1370 1342 1731 1412; x_wconf 83' lang='grc' dir='ltr'>διηγήσασθαι</span> <span class='ocrx_word' id='word_1_94' title='bbox 1754 1342 1820 1396; x_wconf 80' lang='grc' dir='ltr'>τὰ</span> <span class='ocrx_word' id='word_1_95' title='bbox 1841 1343 1979 1396; x_wconf 82' lang='grc' dir='ltr'>κατά</span> <span class='ocrx_word' id='word_1_96' title='bbox 1999 1345 2090 1398; x_wconf 75' lang='grc' dir='ltr'>τὸν</span> 
     </span>
    </p>
   </div>
   <div class='ocr_carea' id='block_1_14' title="bbox 510 1431 2089 1506">
    <p class='ocr_par' dir='ltr' id='par_1_14' title="bbox 510 1431 2089 1506">
     <span class='ocr_line' id='line_1_14' title="bbox 510 1431 2089 1506; baseline 0.001 -22"><span class='ocrx_word' id='word_1_97' title='bbox 510 1431 704 1498; x_wconf 77' lang='grc' dir='ltr'>Σαοὺλ,</span> <span class='ocrx_word' id='word_1_98' title='bbox 736 1433 804 1485; x_wconf 85' lang='grc' dir='ltr'>τά</span> <span class='ocrx_word' id='word_1_99' title='bbox 835 1431 976 1485; x_wconf 89' lang='grc' dir='ltr'>κατά</span> <span class='ocrx_word' id='word_1_100' title='bbox 1000 1432 1130 1494; x_wconf 83' lang='grc' dir='ltr'>τοὺς</span> <span class='ocrx_word' id='word_1_101' title='bbox 1159 1431 1442 1500; x_wconf 81' lang='grc' dir='ltr'>ἀδελφοὺς,</span> <span class='ocrx_word' id='word_1_102' title='bbox 1471 1431 1536 1486; x_wconf 85' lang='grc' dir='ltr'>τά</span> <span class='ocrx_word' id='word_1_103' title='bbox 1560 1431 1654 1484; x_wconf 89' lang='grc' dir='ltr'>τοῦ</span> <span class='ocrx_word' id='word_1_104' title='bbox 1691 1432 1960 1492; x_wconf 86' lang='grc' dir='ltr'>Ἰωνάθαν,</span> <span class='ocrx_word' id='word_1_105' title='bbox 1990 1433 2089 1506; x_wconf 78' lang='grc' dir='ltr'>τὴν</span> 
     </span>
    </p>
   </div>
   <div class='ocr_carea' id='block_1_15' title="bbox 511 1517 2088 1591">
    <p class='ocr_par' dir='ltr' id='par_1_15' title="bbox 511 1517 2088 1591">
     <span class='ocr_line' id='line_1_15' title="bbox 511 1517 2088 1591; baseline 0.001 -19"><span class='ocrx_word' id='word_1_106' title='bbox 511 1519 892 1590; x_wconf 79' lang='grc' dir='ltr'>μακροθυμίαν</span> <span class='ocrx_word' id='word_1_107' title='bbox 918 1517 1015 1589; x_wconf 77' lang='grc' dir='ltr'>τὴν</span> <span class='ocrx_word' id='word_1_108' title='bbox 1036 1518 1129 1571; x_wconf 69' lang='grc' dir='ltr'>ἐπὶ</span> <span class='ocrx_word' id='word_1_109' title='bbox 1157 1518 1252 1571; x_wconf 89' lang='grc' dir='ltr'>τοῦ</span> <span class='ocrx_word' id='word_1_110' title='bbox 1275 1519 1606 1590; x_wconf 89' lang='grc' dir='ltr'>στρατιώτου</span> <span class='ocrx_word' id='word_1_111' title='bbox 1631 1518 1724 1573; x_wconf 87' lang='grc' dir='ltr'>τοῦ</span> <span class='ocrx_word' id='word_1_112' title='bbox 1749 1519 1960 1591; x_wconf 89' lang='grc' dir='ltr'>μυρίοις</span> <span class='ocrx_word' id='word_1_113' title='bbox 1986 1522 2088 1574; x_wconf 71' lang='grc' dir='ltr'>αθ-</span> 
     </span>
    </p>
   </div>
   <div class='ocr_carea' id='block_1_16' title="bbox 507 1605 2083 1678">
    <p class='ocr_par' dir='ltr' id='par_1_16' title="bbox 507 1605 2083 1678">
     <span class='ocr_line' id='line_1_16' title="bbox 507 1605 2083 1678; baseline 0.001 -18"><span class='ocrx_word' id='word_1_114' title='bbox 507 1608 598 1660; x_wconf 79' lang='grc' dir='ltr'>τδν</span> <span class='ocrx_word' id='word_1_115' title='bbox 641 1605 1028 1678; x_wconf 88' lang='grc' dir='ltr'>περιϐαλόντος</span> <span class='ocrx_word' id='word_1_116' title='bbox 1078 1605 1354 1668; x_wconf 82' lang='grc' dir='ltr'>ὀνείδεσιν,</span> <span class='ocrx_word' id='word_1_117' title='bbox 1393 1605 1556 1677; x_wconf 83' lang='grc' dir='ltr'>ἒτερα</span> <span class='ocrx_word' id='word_1_118' title='bbox 1604 1607 1822 1660; x_wconf 78' lang='grc' dir='ltr'>πλείονα</span> <span class='ocrx_word' id='word_1_119' title='bbox 1861 1607 2083 1675; x_wconf 88' lang='grc' dir='ltr'>τούτων,</span> 
     </span>
    </p>
   </div>
   <div class='ocr_carea' id='block_1_17' title="bbox 507 1691 2088 1764">
    <p class='ocr_par' dir='ltr' id='par_1_17' title="bbox 507 1691 2088 1764">
     <span class='ocr_line' id='line_1_17' title="bbox 507 1691 2088 1764; baseline 0.002 -17"><span class='ocrx_word' id='word_1_120' title='bbox 507 1693 593 1764; x_wconf 67' lang='grc' dir='ltr'>ἔφ’</span> <span class='ocrx_word' id='word_1_121' title='bbox 619 1694 805 1764; x_wconf 67' lang='grc' dir='ltr'>ἕτερον</span> <span class='ocrx_word' id='word_1_122' title='bbox 831 1692 1127 1761; x_wconf 79' lang='grc' dir='ltr'>κεφάλαιον</span> <span class='ocrx_word' id='word_1_123' title='bbox 1151 1693 1275 1760; x_wconf 79' lang='grc' dir='ltr'>ἄγει</span> <span class='ocrx_word' id='word_1_124' title='bbox 1297 1692 1387 1745; x_wconf 80' lang='grc' dir='ltr'>τὸν</span> <span class='ocrx_word' id='word_1_125' title='bbox 1409 1691 1586 1760; x_wconf 83' lang='grc' dir='ltr'>λόγον,</span> <span class='ocrx_word' id='word_1_126' title='bbox 1615 1693 1643 1745; x_wconf 89' lang='lat'>6</span> <span class='ocrx_word' id='word_1_127' title='bbox 1666 1692 1827 1762; x_wconf 93' lang='grc' dir='ltr'>ζήλου</span> <span class='ocrx_word' id='word_1_128' title='bbox 1853 1695 2088 1764; x_wconf 82' lang='grc' dir='ltr'>μάλιστα</span> 
     </span>
    </p>
   </div>
   <div class='ocr_carea' id='block_1_18' title="bbox 507 1777 2084 1852">
    <p class='ocr_par' dir='ltr' id='par_1_18' title="bbox 507 1777 2084 1852">
     <span class='ocr_line' id='line_1_18' title="bbox 507 1777 2084 1852; baseline 0.003 -20"><span class='ocrx_word' id='word_1_129' title='bbox 507 1777 576 1852; x_wconf 78' lang='grc' dir='ltr'>ἦν</span> <span class='ocrx_word' id='word_1_130' title='bbox 609 1781 824 1836; x_wconf 82' lang='grc' dir='ltr'>πολλοῦ.</span> <span class='ocrx_word' id='word_1_131' title='bbox 850 1780 1005 1843; x_wconf 80' lang='grc' dir='ltr'>Τίνος</span> <span class='ocrx_word' id='word_1_132' title='bbox 1031 1781 1088 1833; x_wconf 81' lang='grc' dir='ltr'>δὲ</span> <span class='ocrx_word' id='word_1_133' title='bbox 1120 1780 1305 1833; x_wconf 74' lang='grc' dir='ltr'>ἕνεκεν</span> <span class='ocrx_word' id='word_1_134' title='bbox 1327 1779 1488 1833; x_wconf 89' lang='grc' dir='ltr'>τοῦτο</span> <span class='ocrx_word' id='word_1_135' title='bbox 1517 1783 1691 1846; x_wconf 88' lang='grc' dir='ltr'>ποιεῖ;</span> <span class='ocrx_word' id='word_1_136' title='bbox 1721 1783 1876 1836; x_wconf 86' lang='grc' dir='ltr'>Δυοῖν</span> <span class='ocrx_word' id='word_1_137' title='bbox 1900 1782 2084 1836; x_wconf 76' lang='grc' dir='ltr'>ἕνεκα·</span> 
     </span>
    </p>
   </div>
   <div class='ocr_carea' id='block_1_19' title="bbox 507 1868 2083 1941">
    <p class='ocr_par' dir='ltr' id='par_1_19' title="bbox 507 1868 2083 1941">
     <span class='ocr_line' id='line_1_19' title="bbox 507 1868 2083 1941; baseline 0.001 -18"><span class='ocrx_word' id='word_1_138' title='bbox 507 1870 626 1934; x_wconf 77' lang='grc' dir='ltr'>ἀνδς</span> <span class='ocrx_word' id='word_1_139' title='bbox 651 1870 771 1941; x_wconf 78' lang='grc' dir='ltr'>μὲν,</span> <span class='ocrx_word' id='word_1_140' title='bbox 793 1869 982 1940; x_wconf 62' lang='grc' dir='ltr'>ἐπειδὴ</span> <span class='ocrx_word' id='word_1_141' title='bbox 1011 1868 1185 1939; x_wconf 86' lang='grc' dir='ltr'>τούτῳ</span> <span class='ocrx_word' id='word_1_142' title='bbox 1217 1869 1448 1940; x_wconf 88' lang='grc' dir='ltr'>μάλιστα</span> <span class='ocrx_word' id='word_1_143' title='bbox 1481 1869 1833 1940; x_wconf 75' lang='grc' dir='ltr'>ἐπιτέρπεται</span> <span class='ocrx_word' id='word_1_144' title='bbox 1865 1871 1893 1924; x_wconf 92' lang='lat'>6</span> <span class='ocrx_word' id='word_1_145' title='bbox 1930 1871 2083 1936; x_wconf 83' lang='grc' dir='ltr'>Θεός⁶</span> 
     </span>
    </p>
   </div>
   <div class='ocr_carea' id='block_1_20' title="bbox 519 1956 2086 2026">
    <p class='ocr_par' dir='ltr' id='par_1_20' title="bbox 519 1956 2086 2026">
     <span class='ocr_line' id='line_1_20' title="bbox 519 1956 2086 2026; baseline 0.001 -15"><span class='ocrx_word' id='word_1_146' title='bbox 519 1958 648 2012; x_wconf 80' lang='grc' dir='ltr'>Ἐπί</span> <span class='ocrx_word' id='word_1_147' title='bbox 702 1957 835 2011; x_wconf 82' lang='grc' dir='ltr'>τίνα</span> <span class='ocrx_word' id='word_1_148' title='bbox 871 1956 980 2025; x_wconf 80' lang='grc' dir='ltr'>τὰρ</span> <span class='ocrx_word' id='word_1_149' title='bbox 1009 1956 1333 2024; x_wconf 69' lang='grc' dir='ltr'>ἐπιϐλέψω,</span> <span class='ocrx_word' id='word_1_150' title='bbox 1385 1957 1569 2026; x_wconf 73' lang='grc' dir='ltr'>φησὶν,</span> <span class='ocrx_word' id='word_1_151' title='bbox 1604 1959 1741 2010; x_wconf 69' lang='grc' dir='ltr'><em>ἀλλ’</em></span> <span class='ocrx_word' id='word_1_152' title='bbox 1776 1959 1813 2026; x_wconf 76' lang='grc' dir='ltr'><strong><em>ἢ</em></strong></span> <span class='ocrx_word' id='word_1_153' title='bbox 1854 1958 1949 2011; x_wconf 73' lang='grc' dir='ltr'>ἐπὶ</span> <span class='ocrx_word' id='word_1_154' title='bbox 1981 1959 2086 2012; x_wconf 81' lang='grc' dir='ltr'>τὸν</span> 
     </span>
    </p>
   </div>
   <div class='ocr_carea' id='block_1_21' title="bbox 504 2043 2084 2116">
    <p class='ocr_par' dir='ltr' id='par_1_21' title="bbox 504 2043 2084 2116">
     <span class='ocr_line' id='line_1_21' title="bbox 504 2043 2084 2116; baseline 0.002 -18"><span class='ocrx_word' id='word_1_155' title='bbox 504 2043 699 2116; x_wconf 84' lang='grc' dir='ltr'>πρᾶον</span> <span class='ocrx_word' id='word_1_156' title='bbox 723 2055 746 2084; x_wconf 72' lang='grc' dir='ltr'>ε</span> <span class='ocrx_word' id='word_1_157' title='bbox 781 2043 879 2098; x_wconf 78' lang='grc' dir='ltr'>καί</span> <span class='ocrx_word' id='word_1_158' title='bbox 902 2044 1184 2112; x_wconf 80' lang='grc' dir='ltr'>ήσύχιον,</span> <span class='ocrx_word' id='word_1_159' title='bbox 1219 2045 1314 2097; x_wconf 75' lang='grc' dir='ltr'>καί</span> <span class='ocrx_word' id='word_1_160' title='bbox 1344 2044 1633 2114; x_wconf 81' lang='grc' dir='ltr'>τρέμοντά</span> <span class='ocrx_word' id='word_1_161' title='bbox 1651 2063 1770 2115; x_wconf 89' lang='grc' dir='ltr'>μου</span> <span class='ocrx_word' id='word_1_162' title='bbox 1808 2046 1950 2112; x_wconf 90' lang='grc' dir='ltr'>τοὺς</span> <span class='ocrx_word' id='word_1_163' title='bbox 1981 2049 2084 2101; x_wconf 74' lang='grc' dir='ltr'>λό-</span> 
     </span>
    </p>
   </div>
   <div class='ocr_carea' id='block_1_22' title="bbox 502 2133 2083 2206">
    <p class='ocr_par' dir='ltr' id='par_1_22' title="bbox 502 2133 2083 2206">
     <span class='ocr_line' id='line_1_22' title="bbox 502 2133 2083 2206; baseline 0.003 -20"><span class='ocrx_word' id='word_1_164' title='bbox 502 2150 683 2204; x_wconf 83' lang='grc' dir='ltr'>τους;</span> <span class='ocrx_word' id='word_1_165' title='bbox 707 2133 893 2206; x_wconf 76' lang='grc' dir='ltr'>ἑτέρου</span> <span class='ocrx_word' id='word_1_166' title='bbox 917 2133 996 2200; x_wconf 74' lang='grc' dir='ltr'>δὲ,</span> <span class='ocrx_word' id='word_1_167' title='bbox 1025 2133 1211 2204; x_wconf 75' lang='grc' dir='ltr'>ἐπειδὴ</span> <span class='ocrx_word' id='word_1_168' title='bbox 1233 2133 1292 2186; x_wconf 85' lang='grc' dir='ltr'>τὸ</span> <span class='ocrx_word' id='word_1_169' title='bbox 1318 2138 1640 2203; x_wconf 82' lang='grc' dir='ltr'>κατεπεῖγον</span> <span class='ocrx_word' id='word_1_170' title='bbox 1663 2135 1817 2189; x_wconf 88' lang='grc' dir='ltr'>τοῦτο</span> <span class='ocrx_word' id='word_1_171' title='bbox 1851 2136 2083 2206; x_wconf 87' lang='grc' dir='ltr'>μάλιστα</span> 
     </span>
    </p>
   </div>
   <div class='ocr_carea' id='block_1_23' title="bbox 501 2217 2082 2292">
    <p class='ocr_par' dir='ltr' id='par_1_23' title="bbox 501 2217 2082 2292">
     <span class='ocr_line' id='line_1_23' title="bbox 501 2217 2082 2292; baseline 0.001 -16"><span class='ocrx_word' id='word_1_172' title='bbox 501 2217 592 2292; x_wconf 76' lang='grc' dir='ltr'>ἦν,</span> <span class='ocrx_word' id='word_1_173' title='bbox 661 2221 956 2285; x_wconf 86' lang='grc' dir='ltr'>ἀνάστασις</span> <span class='ocrx_word' id='word_1_174' title='bbox 1019 2218 1171 2285; x_wconf 83' lang='grc' dir='ltr'>ναοῦ,</span> <span class='ocrx_word' id='word_1_175' title='bbox 1237 2220 1332 2274; x_wconf 70' lang='grc' dir='ltr'>καὶ</span> <span class='ocrx_word' id='word_1_176' title='bbox 1383 2222 1638 2292; x_wconf 79' lang='grc' dir='ltr'>οἰκοδομὴ</span> <span class='ocrx_word' id='word_1_177' title='bbox 1701 2223 1926 2287; x_wconf 83' lang='grc' dir='ltr'>πόλεως,</span> <span class='ocrx_word' id='word_1_178' title='bbox 1987 2225 2082 2278; x_wconf 77' lang='grc' dir='ltr'>καὶ</span> 
     </span>
    </p>
   </div>
   <div class='ocr_carea' id='block_1_24' title="bbox 501 2307 2081 2380">
    <p class='ocr_par' dir='ltr' id='par_1_24' title="bbox 501 2307 2081 2380">
     <span class='ocr_line' id='line_1_24' title="bbox 501 2307 2081 2380; baseline 0 -17"><span class='ocrx_word' id='word_1_179' title='bbox 501 2309 535 2375; x_wconf 76' lang='grc' dir='ltr'><strong>ἡ</strong></span> <span class='ocrx_word' id='word_1_180' title='bbox 561 2309 660 2380; x_wconf 88' lang='grc' dir='ltr'>τῆς</span> <span class='ocrx_word' id='word_1_181' title='bbox 691 2308 926 2371; x_wconf 80' lang='grc' dir='ltr'>παλαιᾶς</span> <span class='ocrx_word' id='word_1_182' title='bbox 956 2307 1230 2372; x_wconf 83' lang='grc' dir='ltr'>πολιτείας</span> <span class='ocrx_word' id='word_1_183' title='bbox 1259 2307 1531 2370; x_wconf 79' lang='grc' dir='ltr'>ἀπόδοσις,</span> <span class='ocrx_word' id='word_1_184' title='bbox 1565 2309 1701 2379; x_wconf 77' lang='grc' dir='ltr'>πρὸς</span> <span class='ocrx_word' id='word_1_185' title='bbox 1724 2308 1882 2363; x_wconf 81' lang='grc' dir='ltr'>τοῦτο</span> <span class='ocrx_word' id='word_1_186' title='bbox 1917 2310 2081 2380; x_wconf 80' lang='grc' dir='ltr'>μάλι-</span> 
     </span>
    </p>
   </div>
   <div class='ocr_carea' id='block_1_25' title="bbox 501 2390 2078 2463">
    <p class='ocr_par' dir='ltr' id='par_1_25' title="bbox 501 2390 2078 2463">
     <span class='ocr_line' id='line_1_25' title="bbox 501 2390 2078 2463; baseline 0 -16"><span class='ocrx_word' id='word_1_187' title='bbox 501 2408 604 2447; x_wconf 84' lang='grc' dir='ltr'>στα</span> <span class='ocrx_word' id='word_1_188' title='bbox 635 2392 845 2460; x_wconf 67' lang='grc' dir='ltr'>ἐπείγει</span> <span class='ocrx_word' id='word_1_189' title='bbox 875 2391 967 2444; x_wconf 77' lang='grc' dir='ltr'>τὸν</span> <span class='ocrx_word' id='word_1_190' title='bbox 989 2390 1168 2460; x_wconf 87' lang='grc' dir='ltr'>λόγον,</span> <span class='ocrx_word' id='word_1_191' title='bbox 1197 2391 1291 2444; x_wconf 78' lang='grc' dir='ltr'>καὶ</span> <span class='ocrx_word' id='word_1_192' title='bbox 1319 2391 1378 2443; x_wconf 87' lang='grc' dir='ltr'>τὸ</span> <span class='ocrx_word' id='word_1_193' title='bbox 1415 2390 1513 2460; x_wconf 80' lang='grc' dir='ltr'>μὲν</span> <span class='ocrx_word' id='word_1_194' title='bbox 1541 2391 1614 2455; x_wconf 88' lang='grc' dir='ltr'>ὡς</span> <span class='ocrx_word' id='word_1_195' title='bbox 1641 2391 1798 2461; x_wconf 86' lang='grc' dir='ltr'>δῆλον</span> <span class='ocrx_word' id='word_1_196' title='bbox 1827 2395 1920 2446; x_wconf 71' lang='grc' dir='ltr'>καὶ</span> <span class='ocrx_word' id='word_1_197' title='bbox 1943 2394 2078 2463; x_wconf 81' lang='grc' dir='ltr'>ώμο·</span> 
     </span>
    </p>
   </div>
   <div class='ocr_carea' id='block_1_26' title="bbox 496 2473 2081 2547">
    <p class='ocr_par' dir='ltr' id='par_1_26' title="bbox 496 2473 2081 2547">
     <span class='ocr_line' id='line_1_26' title="bbox 496 2473 2081 2547; baseline 0.001 -18"><span class='ocrx_word' id='word_1_198' title='bbox 496 2473 798 2546; x_wconf 83' lang='grc' dir='ltr'>λογημένον</span> <span class='ocrx_word' id='word_1_199' title='bbox 830 2476 1062 2546; x_wconf 82' lang='grc' dir='ltr'>παρίησι</span> <span class='ocrx_word' id='word_1_200' title='bbox 1085 2492 1100 2508; x_wconf 78' lang='grc' dir='ltr'><strong>ο</strong></span> <span class='ocrx_word' id='word_1_201' title='bbox 1151 2473 1212 2527; x_wconf 81' lang='grc' dir='ltr'>τὸ</span> <span class='ocrx_word' id='word_1_202' title='bbox 1258 2473 1316 2526; x_wconf 73' lang='grc' dir='ltr'>δὲ</span> <span class='ocrx_word' id='word_1_203' title='bbox 1363 2474 1498 2527; x_wconf 78' lang='grc' dir='ltr'>πᾶσι</span> <span class='ocrx_word' id='word_1_204' title='bbox 1531 2476 1860 2544; x_wconf 82' lang='grc' dir='ltr'>καταφανὲς,</span> <span class='ocrx_word' id='word_1_205' title='bbox 1893 2475 1954 2530; x_wconf 82' lang='grc' dir='ltr'>τὸ</span> <span class='ocrx_word' id='word_1_206' title='bbox 1981 2476 2081 2547; x_wconf 86' lang='grc' dir='ltr'>τῆς</span> 
     </span>
    </p>
   </div>
   <div class='ocr_carea' id='block_1_27' title="bbox 498 2551 2076 2631">
    <p class='ocr_par' dir='ltr' id='par_1_27' title="bbox 498 2551 2076 2631">
     <span class='ocr_line' id='line_1_27' title="bbox 498 2551 2076 2631; baseline 0.001 -21"><span class='ocrx_word' id='word_1_207' title='bbox 498 2558 834 2630; x_wconf 83' lang='grc' dir='ltr'>πραότητος·</span> <span class='ocrx_word' id='word_1_208' title='bbox 867 2551 928 2611; x_wconf 83' lang='lat'>06</span> <span class='ocrx_word' id='word_1_209' title='bbox 957 2556 1020 2628; x_wconf 79' lang='grc' dir='ltr'>δὴ</span> <span class='ocrx_word' id='word_1_210' title='bbox 1051 2555 1284 2628; x_wconf 82' lang='grc' dir='ltr'>μάλιστα</span> <span class='ocrx_word' id='word_1_211' title='bbox 1317 2555 1344 2596; x_wconf 71' lang='grc' dir='ltr'>ἀ</span> <span class='ocrx_word' id='word_1_212' title='bbox 1376 2556 1544 2610; x_wconf 85' lang='grc' dir='ltr'>ὲδεῖτο</span> <span class='ocrx_word' id='word_1_213' title='bbox 1573 2559 1654 2620; x_wconf 88' lang='grc' dir='ltr'>είς</span> <span class='ocrx_word' id='word_1_214' title='bbox 1687 2557 1749 2610; x_wconf 80' lang='grc' dir='ltr'>τὸ</span> <span class='ocrx_word' id='word_1_215' title='bbox 1776 2558 2076 2631; x_wconf 85' lang='grc' dir='ltr'>προκείμε-</span> 
     </span>
    </p>
   </div>
   <div class='ocr_carea' id='block_1_28' title="bbox 495 2638 2074 2712">
    <p class='ocr_par' dir='ltr' id='par_1_28' title="bbox 495 2638 2074 2712">
     <span class='ocr_line' id='line_1_28' title="bbox 495 2638 2074 2712; baseline -0.001 -16"><span class='ocrx_word' id='word_1_216' title='bbox 495 2658 608 2706; x_wconf 84' lang='grc' dir='ltr'>νον,</span> <span class='ocrx_word' id='word_1_217' title='bbox 647 2639 804 2696; x_wconf 87' lang='grc' dir='ltr'>τοῦτο</span> <span class='ocrx_word' id='word_1_218' title='bbox 831 2641 912 2704; x_wconf 78' lang='grc' dir='ltr'>εἰς</span> <span class='ocrx_word' id='word_1_219' title='bbox 951 2640 1118 2711; x_wconf 82' lang='grc' dir='ltr'>μέσον</span> <span class='ocrx_word' id='word_1_220' title='bbox 1143 2640 1318 2710; x_wconf 88' lang='grc' dir='ltr'>φέρει.</span> <span class='ocrx_word' id='word_1_221' title='bbox 1348 2639 1414 2692; x_wconf 94' lang='grc' dir='ltr'>Τί</span> <span class='ocrx_word' id='word_1_222' title='bbox 1444 2638 1554 2710; x_wconf 85' lang='grc' dir='ltr'>γὰρ</span> <span class='ocrx_word' id='word_1_223' title='bbox 1583 2639 1890 2712; x_wconf 75' lang='grc' dir='ltr'>ἐπεθύμουν</span> <span class='ocrx_word' id='word_1_224' title='bbox 1915 2641 2074 2707; x_wconf 86' lang='grc' dir='ltr'>ίδεῖν;</span> 
     </span>
    </p>
   </div>
   <div class='ocr_carea' id='block_1_29' title="bbox 495 2721 2077 2794">
    <p class='ocr_par' dir='ltr' id='par_1_29' title="bbox 495 2721 2077 2794">
     <span class='ocr_line' id='line_1_29' title="bbox 495 2721 2077 2794; baseline 0.002 -18"><span class='ocrx_word' id='word_1_225' title='bbox 495 2721 600 2777; x_wconf 83' lang='grc' dir='ltr'>Τὸν</span> <span class='ocrx_word' id='word_1_226' title='bbox 621 2722 751 2776; x_wconf 80' lang='grc' dir='ltr'>ναὸν</span> <span class='ocrx_word' id='word_1_227' title='bbox 774 2722 1104 2788; x_wconf 82' lang='grc' dir='ltr'>ἀναστάντα,</span> <span class='ocrx_word' id='word_1_228' title='bbox 1135 2724 1228 2776; x_wconf 79' lang='grc' dir='ltr'>καὶ</span> <span class='ocrx_word' id='word_1_229' title='bbox 1250 2723 1350 2794; x_wconf 84' lang='grc' dir='ltr'>τὴν</span> <span class='ocrx_word' id='word_1_230' title='bbox 1376 2722 1610 2776; x_wconf 79' lang='grc' dir='ltr'>παλαιὰν</span> <span class='ocrx_word' id='word_1_231' title='bbox 1635 2723 1922 2792; x_wconf 87' lang='grc' dir='ltr'>ἀγιαστίαν</span> <span class='ocrx_word' id='word_1_232' title='bbox 1944 2725 2077 2779; x_wconf 87' lang='grc' dir='ltr'>ἀπο-</span> 
     </span>
    </p>
   </div>
   <div class='ocr_carea' id='block_1_30' title="bbox 491 2802 2078 2878">
    <p class='ocr_par' dir='ltr' id='par_1_30' title="bbox 491 2802 2078 2878">
     <span class='ocr_line' id='line_1_30' title="bbox 491 2802 2078 2878; baseline 0.002 -18"><span class='ocrx_word' id='word_1_233' title='bbox 491 2806 757 2861; x_wconf 81' lang='grc' dir='ltr'>δοθεῖσαν.</span> <span class='ocrx_word' id='word_1_234' title='bbox 793 2807 944 2860; x_wconf 79' lang='grc' dir='ltr'>Ἐπεὶ</span> <span class='ocrx_word' id='word_1_235' title='bbox 993 2802 1087 2861; x_wconf 84' lang='grc' dir='ltr'>οῦν</span> <span class='ocrx_word' id='word_1_236' title='bbox 1131 2807 1191 2859; x_wconf 82' lang='grc' dir='ltr'>ὲν</span> <span class='ocrx_word' id='word_1_237' title='bbox 1244 2806 1421 2876; x_wconf 85' lang='grc' dir='ltr'>τούτῳ</span> <span class='ocrx_word' id='word_1_238' title='bbox 1474 2807 1711 2878; x_wconf 84' lang='grc' dir='ltr'>μάλιστα</span> <span class='ocrx_word' id='word_1_239' title='bbox 1768 2807 2009 2878; x_wconf 73' lang='grc' dir='ltr'>ἔλαμψεν</span> <span class='ocrx_word' id='word_1_240' title='bbox 2049 2811 2078 2864; x_wconf 97' lang='lat'>6</span> 
     </span>
    </p>
   </div>
   <div class='ocr_carea' id='block_1_31' title="bbox 493 2887 2080 2962">
    <p class='ocr_par' dir='ltr' id='par_1_31' title="bbox 493 2887 2080 2962">
     <span class='ocr_line' id='line_1_31' title="bbox 493 2887 2080 2962; baseline 0.002 -20"><span class='ocrx_word' id='word_1_241' title='bbox 493 2887 679 2954; x_wconf 75' lang='grc' dir='ltr'>Δαυῖὸ,</span> <span class='ocrx_word' id='word_1_242' title='bbox 715 2889 906 2959; x_wconf 83' lang='grc' dir='ltr'>ὥσπερ</span> <span class='ocrx_word' id='word_1_243' title='bbox 935 2889 1174 2960; x_wconf 75' lang='grc' dir='ltr'>ἀμοιϐὴν</span> <span class='ocrx_word' id='word_1_244' title='bbox 1201 2889 1302 2960; x_wconf 90' lang='grc' dir='ltr'>τῆς</span> <span class='ocrx_word' id='word_1_245' title='bbox 1353 2891 1562 2943; x_wconf 69' lang='grc' dir='ltr'>ἐκείνου</span> <span class='ocrx_word' id='word_1_246' title='bbox 1596 2891 1829 2962; x_wconf 82' lang='grc' dir='ltr'>σπουδῆς</span> <span class='ocrx_word' id='word_1_247' title='bbox 1857 2893 2080 2946; x_wconf 86' lang='grc' dir='ltr'>ἀπαιτεῖ</span> 
     </span>
    </p>
   </div>
   <div class='ocr_carea' id='block_1_32' title="bbox 489 2971 2074 3044">
    <p class='ocr_par' dir='ltr' id='par_1_32' title="bbox 489 2971 2074 3044">
     <span class='ocr_line' id='line_1_32' title="bbox 489 2971 2074 3044; baseline 0.001 -17"><span class='ocrx_word' id='word_1_248' title='bbox 489 2973 584 3027; x_wconf 75' lang='grc' dir='ltr'>τὸν</span> <span class='ocrx_word' id='word_1_249' title='bbox 611 2971 743 3026; x_wconf 83' lang='grc' dir='ltr'>Θεδν</span> <span class='ocrx_word' id='word_1_250' title='bbox 772 2971 868 3026; x_wconf 90' lang='grc' dir='ltr'>τοῦ</span> <span class='ocrx_word' id='word_1_251' title='bbox 902 2973 1030 3026; x_wconf 88' lang='grc' dir='ltr'>ναοῦ</span> <span class='ocrx_word' id='word_1_252' title='bbox 1059 2972 1156 3043; x_wconf 83' lang='grc' dir='ltr'>τὴν</span> <span class='ocrx_word' id='word_1_253' title='bbox 1188 2972 1496 3043; x_wconf 80' lang='grc' dir='ltr'>οἰκοδομὴν,</span> <span class='ocrx_word' id='word_1_254' title='bbox 1547 2973 1642 3026; x_wconf 88' lang='grc' dir='ltr'>καί</span> <span class='ocrx_word' id='word_1_255' title='bbox 1691 2991 1824 3044; x_wconf 89' lang='grc' dir='ltr'>φησι</span> <span class='ocrx_word' id='word_1_256' title='bbox 1843 2988 1858 3006; x_wconf 76' lang='grc'><strong><em>⁸</em></strong></span> <span class='ocrx_word' id='word_1_257' title='bbox 1906 2973 2074 3042; x_wconf 80' lang='grc' dir='ltr'>Μνή-</span> 
     </span>
    </p>
   </div>
   <div class='ocr_carea' id='block_1_33' title="bbox 490 3055 2076 3126">
    <p class='ocr_par' dir='ltr' id='par_1_33' title="bbox 490 3055 2076 3126">
     <span class='ocr_line' id='line_1_33' title="bbox 490 3055 2076 3126; baseline 0.001 -16"><span class='ocrx_word' id='word_1_258' title='bbox 490 3058 688 3124; x_wconf 82' lang='grc' dir='ltr'>σθητι,</span> <span class='ocrx_word' id='word_1_259' title='bbox 727 3056 926 3124; x_wconf 81' lang='grc' dir='ltr'>Κύριε,</span> <span class='ocrx_word' id='word_1_260' title='bbox 974 3055 1081 3110; x_wconf 83' lang='grc' dir='ltr'>τοῦ</span> <span class='ocrx_word' id='word_1_261' title='bbox 1116 3055 1319 3120; x_wconf 77' lang='grc' dir='ltr'>Δαυὶδ,</span> <span class='ocrx_word' id='word_1_262' title='bbox 1369 3055 1468 3108; x_wconf 80' lang='grc' dir='ltr'>καὶ</span> <span class='ocrx_word' id='word_1_263' title='bbox 1508 3055 1716 3125; x_wconf 82' lang='grc' dir='ltr'>πάσης</span> <span class='ocrx_word' id='word_1_264' title='bbox 1753 3055 1864 3124; x_wconf 83' lang='grc' dir='ltr'>τῆς</span> <span class='ocrx_word' id='word_1_265' title='bbox 1900 3057 2076 3126; x_wconf 83' lang='grc' dir='ltr'>πραό-</span> 
     </span>
    </p>
   </div>
   <div class='ocr_carea' id='block_1_34' title="bbox 490 3137 2074 3208">
    <p class='ocr_par' dir='ltr' id='par_1_34' title="bbox 490 3137 2074 3208">
     <span class='ocr_line' id='line_1_34' title="bbox 490 3137 2074 3208; baseline 0.002 -17"><span class='ocrx_word' id='word_1_266' title='bbox 490 3156 668 3206; x_wconf 74' lang='grc' dir='ltr'>τητος</span> <span class='ocrx_word' id='word_1_267' title='bbox 705 3138 928 3193; x_wconf 84' lang='grc' dir='ltr'>αὐτοῦ’</span> <span class='ocrx_word' id='word_1_268' title='bbox 987 3139 1069 3204; x_wconf 90' lang='grc' dir='ltr'>ὠς</span> <span class='ocrx_word' id='word_1_269' title='bbox 1101 3137 1299 3208; x_wconf 81' lang='grc' dir='ltr'>ὤμοσε</span> <span class='ocrx_word' id='word_1_270' title='bbox 1341 3137 1420 3203; x_wconf 86' lang='grc' dir='ltr'>τῷ</span> <span class='ocrx_word' id='word_1_271' title='bbox 1473 3140 1689 3207; x_wconf 64' lang='grc' dir='ltr'>Κυρίῳ,</span> <span class='ocrx_word' id='word_1_272' title='bbox 1734 3141 1960 3207; x_wconf 80' lang='grc' dir='ltr'>ηὔξατο</span> <span class='ocrx_word' id='word_1_273' title='bbox 1994 3141 2074 3207; x_wconf 85' lang='grc' dir='ltr'>τῷ</span> 
     </span>
    </p>
   </div>
   <div class='ocr_carea' id='block_1_35' title="bbox 491 3219 2072 3291">
    <p class='ocr_par' dir='ltr' id='par_1_35' title="bbox 491 3219 2072 3291">
     <span class='ocr_line' id='line_1_35' title="bbox 491 3219 2072 3291; baseline 0.003 -17"><span class='ocrx_word' id='word_1_274' title='bbox 491 3219 615 3286; x_wconf 88' lang='grc' dir='ltr'>Θεῷ</span> <span class='ocrx_word' id='word_1_275' title='bbox 647 3220 876 3276; x_wconf 75' lang='grc' dir='ltr'>Ἰακώόο</span> <span class='ocrx_word' id='word_1_276' title='bbox 911 3220 976 3274; x_wconf 78' lang='lat' dir='ltr'><strong><em>El</em></strong></span> <span class='ocrx_word' id='word_1_277' title='bbox 1002 3222 1424 3291; x_wconf 73' lang='grc' dir='ltr'>εἰσελεύσομαι</span> <span class='ocrx_word' id='word_1_278' title='bbox 1457 3224 1543 3288; x_wconf 80' lang='grc' dir='ltr'>εὶς</span> <span class='ocrx_word' id='word_1_279' title='bbox 1573 3222 1862 3291; x_wconf 73' lang='grc' dir='ltr'>σκήνωμα</span> <span class='ocrx_word' id='word_1_280' title='bbox 1900 3225 2072 3278; x_wconf 77' lang='grc' dir='ltr'>οἷκον</span> 
     </span>
    </p>
   </div>
   <div class='ocr_carea' id='block_1_36' title="bbox 482 3303 2068 3376">
    <p class='ocr_par' dir='ltr' id='par_1_36' title="bbox 482 3303 2068 3376">
     <span class='ocr_line' id='line_1_36' title="bbox 482 3303 2068 3376; baseline 0.001 -17"><span class='ocrx_word' id='word_1_281' title='bbox 482 3322 624 3375; x_wconf 79' lang='grc' dir='ltr'>μου,</span> <span class='ocrx_word' id='word_1_282' title='bbox 668 3307 720 3360; x_wconf 80' lang='grc' dir='ltr'>εί</span> <span class='ocrx_word' id='word_1_283' title='bbox 759 3305 1138 3372; x_wconf 79' lang='grc' dir='ltr'>ἀναϐήσομαι</span> <span class='ocrx_word' id='word_1_284' title='bbox 1182 3303 1280 3357; x_wconf 76' lang='grc' dir='ltr'>ἐπὶ</span> <span class='ocrx_word' id='word_1_285' title='bbox 1325 3306 1540 3371; x_wconf 74' lang='grc' dir='ltr'>κλίνης</span> <span class='ocrx_word' id='word_1_286' title='bbox 1586 3305 1900 3376; x_wconf 82' lang='grc' dir='ltr'>στρωμνῆς</span> <span class='ocrx_word' id='word_1_287' title='bbox 1928 3325 2068 3376; x_wconf 82' lang='grc' dir='ltr'>μου,</span> 
     </span>
    </p>
   </div>
   <div class='ocr_carea' id='block_1_37' title="bbox 485 3386 2071 3456">
    <p class='ocr_par' dir='ltr' id='par_1_37' title="bbox 485 3386 2071 3456">
     <span class='ocr_line' id='line_1_37' title="bbox 485 3386 2071 3456; baseline 0 -16"><span class='ocrx_word' id='word_1_288' title='bbox 485 3390 539 3440; x_wconf 86' lang='grc' dir='ltr'>εὶ</span> <span class='ocrx_word' id='word_1_289' title='bbox 586 3386 758 3441; x_wconf 90' lang='grc' dir='ltr'>δώσω</span> <span class='ocrx_word' id='word_1_290' title='bbox 807 3386 1008 3440; x_wconf 87' lang='grc' dir='ltr'>ὕπνον</span> <span class='ocrx_word' id='word_1_291' title='bbox 1056 3386 1181 3453; x_wconf 85' lang='grc' dir='ltr'>τοῖς</span> <span class='ocrx_word' id='word_1_292' title='bbox 1233 3387 1560 3456; x_wconf 66' lang='grc' dir='ltr'>ὀφθαλμοῖς</span> <span class='ocrx_word' id='word_1_293' title='bbox 1599 3405 1738 3456; x_wconf 91' lang='grc' dir='ltr'>μου,</span> <span class='ocrx_word' id='word_1_294' title='bbox 1789 3389 1887 3441; x_wconf 77' lang='grc' dir='ltr'>καὶ</span> <span class='ocrx_word' id='word_1_295' title='bbox 1947 3389 2071 3453; x_wconf 83' lang='grc' dir='ltr'>τοῖς</span> 
     </span>
    </p>
   </div>
   <div class='ocr_carea' id='block_1_38' title="bbox 482 3468 2070 3542">
    <p class='ocr_par' dir='ltr' id='par_1_38' title="bbox 482 3468 2070 3542">
     <span class='ocr_line' id='line_1_38' title="bbox 482 3468 2070 3542; baseline 0 -19"><span class='ocrx_word' id='word_1_296' title='bbox 482 3468 815 3542; x_wconf 72' lang='grc' dir='ltr'>βλεφάροις</span> <span class='ocrx_word' id='word_1_297' title='bbox 851 3487 972 3538; x_wconf 85' lang='grc' dir='ltr'>μου</span> <span class='ocrx_word' id='word_1_298' title='bbox 1006 3471 1377 3539; x_wconf 65' lang='grc' dir='ltr'>νυσταγμὸν,</span> <span class='ocrx_word' id='word_1_299' title='bbox 1429 3471 1528 3524; x_wconf 80' lang='grc' dir='ltr'>καὶ</span> <span class='ocrx_word' id='word_1_300' title='bbox 1569 3471 1919 3526; x_wconf 81' lang='grc' dir='ltr'>ἀνάπαυσιν</span> <span class='ocrx_word' id='word_1_301' title='bbox 1944 3472 2070 3537; x_wconf 81' lang='grc' dir='ltr'>τοῖς</span> 
     </span>
    </p>
   </div>
   <div class='ocr_carea' id='block_1_39' title="bbox 487 3548 2065 3623">
    <p class='ocr_par' dir='ltr' id='par_1_39' title="bbox 487 3548 2065 3623">
     <span class='ocr_line' id='line_1_39' title="bbox 487 3548 2065 3623; baseline 0.004 -20"><span class='ocrx_word' id='word_1_302' title='bbox 487 3552 807 3620; x_wconf 67' lang='grc' dir='ltr'>κροτάφοις</span> <span class='ocrx_word' id='word_1_303' title='bbox 841 3569 985 3620; x_wconf 90' lang='grc' dir='ltr'>μου,</span> <span class='ocrx_word' id='word_1_304' title='bbox 1035 3552 1147 3618; x_wconf 87' lang='grc' dir='ltr'>ἓως</span> <span class='ocrx_word' id='word_1_305' title='bbox 1183 3548 1256 3608; x_wconf 83' lang='grc' dir='ltr'>οὗ</span> <span class='ocrx_word' id='word_1_306' title='bbox 1289 3553 1441 3620; x_wconf 86' lang='grc' dir='ltr'>εὕρω</span> <span class='ocrx_word' id='word_1_307' title='bbox 1499 3554 1685 3607; x_wconf 83' lang='grc' dir='ltr'>τόπον</span> <span class='ocrx_word' id='word_1_308' title='bbox 1731 3553 1812 3619; x_wconf 84' lang='grc' dir='ltr'>τῷ</span> <span class='ocrx_word' id='word_1_309' title='bbox 1851 3557 2065 3623; x_wconf 60' lang='grc' dir='ltr'>Κυρίῳ,</span> 
     </span>
    </p>
   </div>
   <div class='ocr_carea' id='block_1_40' title="bbox 484 3632 2062 3710">
    <p class='ocr_par' dir='ltr' id='par_1_40' title="bbox 484 3632 2062 3710">
     <span class='ocr_line' id='line_1_40' title="bbox 484 3632 2062 3710; baseline 0.004 -26"><span class='ocrx_word' id='word_1_310' title='bbox 484 3632 778 3706; x_wconf 77' lang='grc' dir='ltr'>σκήνωμα</span> <span class='ocrx_word' id='word_1_311' title='bbox 816 3633 898 3700; x_wconf 83' lang='grc' dir='ltr'>τῷ</span> <span class='ocrx_word' id='word_1_312' title='bbox 932 3634 1055 3700; x_wconf 82' lang='grc' dir='ltr'>Θεῷ</span> <span class='ocrx_word' id='word_1_313' title='bbox 1086 3635 1299 3692; x_wconf 80' lang='grc' dir='ltr'>Ἰακώϐ.</span> <span class='ocrx_word' id='word_1_314' title='bbox 1339 3636 1448 3690; x_wconf 69' lang='grc' dir='ltr'>Καὶ</span> <span class='ocrx_word' id='word_1_315' title='bbox 1486 3635 1539 3689; x_wconf 89' lang='grc' dir='ltr'>τί</span> <span class='ocrx_word' id='word_1_316' title='bbox 1593 3637 1751 3689; x_wconf 87' lang='grc' dir='ltr'>τοῦτο</span> <span class='ocrx_word' id='word_1_317' title='bbox 1798 3638 1934 3710; x_wconf 78' lang='grc' dir='ltr'>πρὸς</span> <span class='ocrx_word' id='word_1_318' title='bbox 1971 3639 2062 3706; x_wconf 61' lang='lat' dir='ltr'>ei;</span> 
     </span>
    </p>
   </div>
   <div class='ocr_carea' id='block_1_41' title="bbox 487 3719 2064 3791">
    <p class='ocr_par' dir='ltr' id='par_1_41' title="bbox 487 3719 2064 3791">
     <span class='ocr_line' id='line_1_41' title="bbox 487 3719 2064 3791; baseline 0.002 -18"><span class='ocrx_word' id='word_1_319' title='bbox 487 3720 610 3773; x_wconf 86' lang='grc' dir='ltr'>Ὅτι</span> <span class='ocrx_word' id='word_1_320' title='bbox 648 3719 881 3782; x_wconf 74' lang='grc' dir='ltr'>ἐκείνου,</span> <span class='ocrx_word' id='word_1_321' title='bbox 913 3719 1100 3790; x_wconf 62' lang='grc' dir='ltr'>φησιν,</span> <span class='ocrx_word' id='word_1_322' title='bbox 1149 3720 1371 3789; x_wconf 74' lang='grc' dir='ltr'>ἔκγονός</span> <span class='ocrx_word' id='word_1_323' title='bbox 1400 3722 1536 3791; x_wconf 87' lang='grc' dir='ltr'>είμι,</span> <span class='ocrx_word' id='word_1_324' title='bbox 1569 3720 1664 3774; x_wconf 76' lang='grc' dir='ltr'>καὶ</span> <span class='ocrx_word' id='word_1_325' title='bbox 1707 3721 1829 3774; x_wconf 68' lang='grc' dir='ltr'>ἐπεὶ</span> <span class='ocrx_word' id='word_1_326' title='bbox 1860 3723 2064 3778; x_wconf 75' lang='grc' dir='ltr'>ἐκεῖνον</span> 
     </span>
    </p>
   </div>
   <div class='ocr_carea' id='block_1_42' title="bbox 484 3802 2062 3874">
    <p class='ocr_par' dir='ltr' id='par_1_42' title="bbox 484 3802 2062 3874">
     <span class='ocr_line' id='line_1_42' title="bbox 484 3802 2062 3874; baseline 0.003 -19"><span class='ocrx_word' id='word_1_327' title='bbox 484 3802 883 3872; x_wconf 79' lang='grc' dir='ltr'>ἀποδεξάμενος</span> <span class='ocrx_word' id='word_1_328' title='bbox 915 3802 1014 3872; x_wconf 89' lang='grc' dir='ltr'>τῆς</span> <span class='ocrx_word' id='word_1_329' title='bbox 1037 3802 1292 3874; x_wconf 87' lang='grc' dir='ltr'>σπουδῆς,</span> <span class='ocrx_word' id='word_1_330' title='bbox 1324 3803 1532 3872; x_wconf 76' lang='grc' dir='ltr'>ἔφησας</span> <span class='ocrx_word' id='word_1_331' title='bbox 1568 3806 1784 3872; x_wconf 84' lang='grc' dir='ltr'>στήσειν</span> <span class='ocrx_word' id='word_1_332' title='bbox 1810 3804 1974 3859; x_wconf 81' lang='grc' dir='ltr'>αὐτοῦ</span> <span class='ocrx_word' id='word_1_333' title='bbox 2001 3805 2062 3859; x_wconf 82' lang='grc' dir='ltr'>τὸ</span> 
     </span>
    </p>
   </div>
   <div class='ocr_carea' id='block_1_43' title="bbox 484 3883 2059 3956">
    <p class='ocr_par' dir='ltr' id='par_1_43' title="bbox 484 3883 2059 3956">
     <span class='ocr_line' id='line_1_43' title="bbox 484 3883 2059 3956; baseline 0.002 -17"><span class='ocrx_word' id='word_1_334' title='bbox 484 3885 642 3954; x_wconf 73' lang='grc' dir='ltr'>γένος</span> <span class='ocrx_word' id='word_1_335' title='bbox 677 3885 774 3938; x_wconf 77' lang='grc' dir='ltr'>καὶ</span> <span class='ocrx_word' id='word_1_336' title='bbox 796 3886 895 3954; x_wconf 84' lang='grc' dir='ltr'>τὴν</span> <span class='ocrx_word' id='word_1_337' title='bbox 925 3883 1224 3956; x_wconf 85' lang='grc' dir='ltr'>βασιλείαν,</span> <span class='ocrx_word' id='word_1_338' title='bbox 1255 3886 1344 3939; x_wconf 90' lang='grc' dir='ltr'>διά</span> <span class='ocrx_word' id='word_1_339' title='bbox 1371 3886 1532 3940; x_wconf 89' lang='grc' dir='ltr'>τοῦτο</span> <span class='ocrx_word' id='word_1_340' title='bbox 1557 3885 1761 3950; x_wconf 87' lang='grc' dir='ltr'>ταύτας</span> <span class='ocrx_word' id='word_1_341' title='bbox 1793 3888 2059 3943; x_wconf 83' lang='grc' dir='ltr'>ἀπαιτοῦ-</span> 
     </span>
    </p>
   </div>
   <div class='ocr_carea' id='block_1_44' title="bbox 487 3966 2063 4038">
    <p class='ocr_par' dir='ltr' id='par_1_44' title="bbox 487 3966 2063 4038">
     <span class='ocr_line' id='line_1_44' title="bbox 487 3966 2063 4038; baseline 0.002 -16"><span class='ocrx_word' id='word_1_342' title='bbox 487 3985 586 4038; x_wconf 87' lang='grc' dir='ltr'>μεν</span> <span class='ocrx_word' id='word_1_343' title='bbox 613 3967 710 4032; x_wconf 84' lang='grc' dir='ltr'>τάς</span> <span class='ocrx_word' id='word_1_344' title='bbox 741 3967 1014 4038; x_wconf 80' lang='grc' dir='ltr'>συνθήκας</span> <span class='ocrx_word' id='word_1_345' title='bbox 1041 3967 1155 4023; x_wconf 90' lang='grc' dir='ltr'>νῦν.</span> <span class='ocrx_word' id='word_1_346' title='bbox 1189 3969 1299 4022; x_wconf 76' lang='grc' dir='ltr'>Καὶ</span> <span class='ocrx_word' id='word_1_347' title='bbox 1324 3969 1424 4022; x_wconf 83' lang='grc' dir='ltr'>οὐκ</span> <span class='ocrx_word' id='word_1_348' title='bbox 1449 3966 1621 4036; x_wconf 85' lang='grc' dir='ltr'>εἶπεν,</span> <span class='ocrx_word' id='word_1_349' title='bbox 1651 3969 1756 4033; x_wconf 75' lang='grc' dir='ltr'>ἕως</span> <span class='ocrx_word' id='word_1_350' title='bbox 1776 3966 1837 4025; x_wconf 82' lang='lat'>06</span> <span class='ocrx_word' id='word_1_351' title='bbox 1867 3971 2063 4025; x_wconf 87' lang='grc' dir='ltr'>οίκοδο-</span> 
     </span>
    </p>
   </div>
   <div class='ocr_carea' id='block_1_45' title="bbox 485 4049 2058 4122">
    <p class='ocr_par' dir='ltr' id='par_1_45' title="bbox 485 4049 2058 4122">
     <span class='ocr_line' id='line_1_45' title="bbox 485 4049 2058 4122; baseline 0.004 -18"><span class='ocrx_word' id='word_1_352' title='bbox 485 4053 646 4120; x_wconf 86' lang='grc' dir='ltr'>μήσω</span> <span class='ocrx_word' id='word_1_353' title='bbox 673 4049 854 4120; x_wconf 88' lang='grc' dir='ltr'>(τοῦτο</span> <span class='ocrx_word' id='word_1_354' title='bbox 883 4050 993 4121; x_wconf 83' lang='grc' dir='ltr'>γὰρ</span> <span class='ocrx_word' id='word_1_355' title='bbox 1033 4051 1182 4122; x_wconf 81' lang='grc' dir='ltr'>αὐτῷ</span> <span class='ocrx_word' id='word_1_356' title='bbox 1221 4051 1323 4106; x_wconf 86' lang='grc' dir='ltr'>οὐκ</span> <span class='ocrx_word' id='word_1_357' title='bbox 1363 4054 1586 4121; x_wconf 72' lang='grc' dir='ltr'>ἐφεῖτο),</span> <span class='ocrx_word' id='word_1_358' title='bbox 1637 4053 1776 4118; x_wconf 79' lang='grc' dir='ltr'>ἀλλ’,</span> <span class='ocrx_word' id='word_1_359' title='bbox 1801 4053 1950 4120; x_wconf 90' lang='grc' dir='ltr'>Ἕως</span> <span class='ocrx_word' id='word_1_360' title='bbox 1985 4049 2058 4110; x_wconf 81' lang='grc' dir='ltr'>οὗ</span> 
     </span>
    </p>
   </div>
   <div class='ocr_carea' id='block_1_46' title="bbox 479 4132 2059 4206">
    <p class='ocr_par' dir='ltr' id='par_1_46' title="bbox 479 4132 2059 4206">
     <span class='ocr_line' id='line_1_46' title="bbox 479 4132 2059 4206; baseline 0.002 -19"><span class='ocrx_word' id='word_1_361' title='bbox 479 4135 632 4202; x_wconf 76' lang='grc' dir='ltr'>εὕρω</span> <span class='ocrx_word' id='word_1_362' title='bbox 663 4134 854 4187; x_wconf 82' lang='grc' dir='ltr'>τόπον</span> <span class='ocrx_word' id='word_1_363' title='bbox 878 4133 960 4200; x_wconf 84' lang='grc' dir='ltr'>τῷ</span> <span class='ocrx_word' id='word_1_364' title='bbox 992 4135 1188 4202; x_wconf 80' lang='grc' dir='ltr'>Κυρίῳ</span> <span class='ocrx_word' id='word_1_365' title='bbox 1223 4135 1322 4190; x_wconf 78' lang='grc' dir='ltr'>καί</span> <span class='ocrx_word' id='word_1_366' title='bbox 1356 4134 1662 4205; x_wconf 79' lang='grc' dir='ltr'>σκήνωμα.</span> <span class='ocrx_word' id='word_1_367' title='bbox 1687 4132 1821 4190; x_wconf 78' lang='grc' dir='ltr'>Εἶτα</span> <span class='ocrx_word' id='word_1_368' title='bbox 1843 4136 1933 4190; x_wconf 84' lang='grc' dir='ltr'>τὸν</span> <span class='ocrx_word' id='word_1_369' title='bbox 1959 4137 2059 4206; x_wconf 87' lang='grc' dir='ltr'>μὲν</span> 
     </span>
    </p>
   </div>
   <div class='ocr_carea' id='block_1_47' title="bbox 464 4216 2056 4289">
    <p class='ocr_par' dir='ltr' id='par_1_47' title="bbox 464 4216 2056 4289">
     <span class='ocr_line' id='line_1_47' title="bbox 464 4216 2056 4289; baseline 0.003 -20"><span class='ocrx_word' id='word_1_370' title='bbox 464 4216 910 4288; x_wconf 74' lang='grc' dir='ltr'>,οἰκοδομήσαντα</span> <span class='ocrx_word' id='word_1_371' title='bbox 959 4217 1325 4289; x_wconf 83' lang='grc' dir='ltr'>παρατρέχει·</span> <span class='ocrx_word' id='word_1_372' title='bbox 1362 4217 1454 4270; x_wconf 79' lang='grc' dir='ltr'>τὸν</span> <span class='ocrx_word' id='word_1_373' title='bbox 1494 4217 1551 4272; x_wconf 74' lang='grc' dir='ltr'>δὲ</span> <span class='ocrx_word' id='word_1_374' title='bbox 1589 4219 2056 4289; x_wconf 70' lang='grc' dir='ltr'>ἐπαγγειλάμενον</span> 
     </span>
    </p>
   </div>
   <div class='ocr_carea' id='block_1_48' title="bbox 477 4299 2055 4376">
    <p class='ocr_par' dir='ltr' id='par_1_48' title="bbox 477 4299 2055 4376">
     <span class='ocr_line' id='line_1_48' title="bbox 477 4299 2055 4376; baseline 0.003 -24"><span class='ocrx_word' id='word_1_375' title='bbox 477 4301 558 4362; x_wconf 82' lang='grc' dir='ltr'>είς</span> <span class='ocrx_word' id='word_1_376' title='bbox 589 4299 755 4370; x_wconf 83' lang='grc' dir='ltr'>μέσον</span> <span class='ocrx_word' id='word_1_377' title='bbox 777 4299 1012 4371; x_wconf 84' lang='grc' dir='ltr'>τίθησιν,</span> <span class='ocrx_word' id='word_1_378' title='bbox 1042 4301 1129 4354; x_wconf 83' lang='grc' dir='ltr'>ἵνα</span> <span class='ocrx_word' id='word_1_379' title='bbox 1161 4301 1340 4374; x_wconf 81' lang='grc' dir='ltr'>μάθῃς</span> <span class='ocrx_word' id='word_1_380' title='bbox 1370 4302 1531 4354; x_wconf 88' lang='grc' dir='ltr'>πόσον</span> <span class='ocrx_word' id='word_1_381' title='bbox 1559 4303 1678 4356; x_wconf 78' lang='grc' dir='ltr'>ἐστὶ</span> <span class='ocrx_word' id='word_1_382' title='bbox 1707 4301 1899 4373; x_wconf 84' lang='grc' dir='ltr'>γνώμη</span> <span class='ocrx_word' id='word_1_383' title='bbox 1922 4303 2055 4376; x_wconf 83' lang='grc' dir='ltr'>ὀρθὴ</span> 
     </span>
    </p>
   </div>
   <div class='ocr_carea' id='block_1_49' title="bbox 475 4381 2058 4456">
    <p class='ocr_par' dir='ltr' id='par_1_49' title="bbox 475 4381 2058 4456">
     <span class='ocr_line' id='line_1_49' title="bbox 475 4381 2058 4456; baseline 0.004 -22"><span class='ocrx_word' id='word_1_384' title='bbox 475 4381 703 4449; x_wconf 81' lang='grc' dir='ltr'>ἀγαθὸν,</span> <span class='ocrx_word' id='word_1_385' title='bbox 729 4382 824 4435; x_wconf 74' lang='grc' dir='ltr'>καὶ</span> <span class='ocrx_word' id='word_1_386' title='bbox 850 4382 964 4446; x_wconf 85' lang='grc' dir='ltr'>πῶς</span> <span class='ocrx_word' id='word_1_387' title='bbox 987 4384 1073 4436; x_wconf 77' lang='grc' dir='ltr'>ἀεὶ</span> <span class='ocrx_word' id='word_1_388' title='bbox 1099 4386 1166 4454; x_wconf 82' lang='grc' dir='ltr'>τῇ</span> <span class='ocrx_word' id='word_1_389' title='bbox 1193 4383 1509 4455; x_wconf 82' lang='grc' dir='ltr'>προαιρέσει</span> <span class='ocrx_word' id='word_1_390' title='bbox 1538 4385 1629 4438; x_wconf 74' lang='grc' dir='ltr'>τὸν</span> <span class='ocrx_word' id='word_1_391' title='bbox 1653 4385 1842 4456; x_wconf 82' lang='grc' dir='ltr'>μισθὸν</span> <span class='ocrx_word' id='word_1_392' title='bbox 1869 4387 1898 4438; x_wconf 90' lang='lat'>6</span> <span class='ocrx_word' id='word_1_393' title='bbox 1925 4386 2058 4451; x_wconf 83' lang='grc' dir='ltr'>Θεὸς</span> 
     </span>
    </p>
   </div>
   <div class='ocr_carea' id='block_1_50' title="bbox 473 4465 2052 4540">
    <p class='ocr_par' dir='ltr' id='par_1_50' title="bbox 473 4465 2052 4540">
     <span class='ocr_line' id='line_1_50' title="bbox 473 4465 2052 4540; baseline 0.003 -22"><span class='ocrx_word' id='word_1_394' title='bbox 473 4465 678 4535; x_wconf 76' lang='grc' dir='ltr'>ὁρίζειν</span> <span class='ocrx_word' id='word_1_395' title='bbox 706 4466 866 4520; x_wconf 82' lang='grc' dir='ltr'>είωθε</span> <span class='ocrx_word' id='word_1_396' title='bbox 888 4485 902 4500; x_wconf 76' lang='grc' dir='ltr'><strong><em>ο</em></strong></span> <span class='ocrx_word' id='word_1_397' title='bbox 937 4467 1024 4520; x_wconf 89' lang='grc' dir='ltr'>διά</span> <span class='ocrx_word' id='word_1_398' title='bbox 1056 4467 1119 4536; x_wconf 80' lang='grc' dir='ltr'>δὴ</span> <span class='ocrx_word' id='word_1_399' title='bbox 1148 4467 1305 4522; x_wconf 88' lang='grc' dir='ltr'>τοῦτο</span> <span class='ocrx_word' id='word_1_400' title='bbox 1330 4467 1494 4522; x_wconf 83' lang='grc' dir='ltr'>αὑτοῦ</span> <span class='ocrx_word' id='word_1_401' title='bbox 1525 4468 1798 4539; x_wconf 79' lang='grc' dir='ltr'>μέμνηται</span> <span class='ocrx_word' id='word_1_402' title='bbox 1835 4469 2052 4540; x_wconf 77' lang='grc' dir='ltr'>μᾶλλον,</span> 
     </span>
    </p>
   </div>
   <div class='ocr_carea' id='block_1_51' title="bbox 475 4547 2054 4623">
    <p class='ocr_par' dir='ltr' id='par_1_51' title="bbox 475 4547 2054 4623">
     <span class='ocr_line' id='line_1_51' title="bbox 475 4547 2054 4623; baseline 0.002 -22"><span class='ocrx_word' id='word_1_403' title='bbox 475 4547 662 4620; x_wconf 62' lang='grc' dir='ltr'>ἐπειδὴ</span> <span class='ocrx_word' id='word_1_404' title='bbox 693 4551 787 4602; x_wconf 62' lang='grc' dir='ltr'>καί⁵</span> <span class='ocrx_word' id='word_1_405' title='bbox 830 4549 992 4613; x_wconf 75' lang='grc' dir='ltr'>αὐτὸς</span> <span class='ocrx_word' id='word_1_406' title='bbox 1043 4550 1242 4621; x_wconf 80' lang='grc' dir='ltr'>μᾶλλόν</span> <span class='ocrx_word' id='word_1_407' title='bbox 1275 4551 1424 4604; x_wconf 77' lang='grc' dir='ltr'>ἐστιν</span> <span class='ocrx_word' id='word_1_408' title='bbox 1468 4552 1497 4604; x_wconf 92' lang='lat'>6</span> <span class='ocrx_word' id='word_1_409' title='bbox 1543 4551 1928 4622; x_wconf 83' lang='grc' dir='ltr'>ᾠκοδομηκὼς,</span> <span class='ocrx_word' id='word_1_410' title='bbox 1961 4552 1993 4623; x_wconf 81' lang='grc' dir='ltr'>ἢ</span> <span class='ocrx_word' id='word_1_411' title='bbox 2025 4553 2054 4604; x_wconf 92' lang='lat'>6</span> 
     </span>
    </p>
   </div>
   <div class='ocr_carea' id='block_1_52' title="bbox 475 4631 2053 4705">
    <p class='ocr_par' dir='ltr' id='par_1_52' title="bbox 475 4631 2053 4705">
     <span class='ocr_line' id='line_1_52' title="bbox 475 4631 2053 4705; baseline 0.004 -21"><span class='ocrx_word' id='word_1_412' title='bbox 475 4633 625 4692; x_wconf 86' lang='grc' dir='ltr'>παῖς.</span> <span class='ocrx_word' id='word_1_413' title='bbox 655 4631 714 4684; x_wconf 86' lang='lat'>&#39;0</span> <span class='ocrx_word' id='word_1_414' title='bbox 750 4633 850 4702; x_wconf 82' lang='grc' dir='ltr'>μὲν</span> <span class='ocrx_word' id='word_1_415' title='bbox 883 4632 990 4700; x_wconf 83' lang='grc' dir='ltr'>γὰρ</span> <span class='ocrx_word' id='word_1_416' title='bbox 1023 4633 1414 4704; x_wconf 78' lang='grc' dir='ltr'>ἐπηγγείλατο,</span> <span class='ocrx_word' id='word_1_417' title='bbox 1467 4635 1496 4686; x_wconf 94' lang='lat'>6</span> <span class='ocrx_word' id='word_1_418' title='bbox 1542 4633 1598 4686; x_wconf 75' lang='grc' dir='ltr'>δὲ</span> <span class='ocrx_word' id='word_1_419' title='bbox 1632 4635 1896 4705; x_wconf 80' lang='grc' dir='ltr'>ἐπετάγη.</span> <span class='ocrx_word' id='word_1_420' title='bbox 1942 4636 2053 4690; x_wconf 74' lang='grc' dir='ltr'>Καὶ</span> 
     </span>
    </p>
   </div>
   <div class='ocr_carea' id='block_1_53' title="bbox 472 4712 2051 4790">
    <p class='ocr_par' dir='ltr' id='par_1_53' title="bbox 472 4712 2051 4790">
     <span class='ocr_line' id='line_1_53' title="bbox 472 4712 2051 4790; baseline 0.005 -25"><span class='ocrx_word' id='word_1_421' title='bbox 472 4712 574 4783; x_wconf 82' lang='grc' dir='ltr'>δρα</span> <span class='ocrx_word' id='word_1_422' title='bbox 602 4714 765 4767; x_wconf 82' lang='grc' dir='ltr'>αὑτοῦ</span> <span class='ocrx_word' id='word_1_423' title='bbox 794 4715 891 4786; x_wconf 75' lang='grc' dir='ltr'>τὴν</span> <span class='ocrx_word' id='word_1_424' title='bbox 923 4716 1250 4787; x_wconf 87' lang='grc' dir='ltr'>προθυμίαν.</span> <span class='ocrx_word' id='word_1_425' title='bbox 1277 4717 1351 4769; x_wconf 82' lang='grc' dir='ltr'>Οὐ</span> <span class='ocrx_word' id='word_1_426' title='bbox 1377 4715 1536 4784; x_wconf 87' lang='grc' dir='ltr'>μόνον</span> <span class='ocrx_word' id='word_1_427' title='bbox 1563 4717 1642 4780; x_wconf 85' lang='grc' dir='ltr'>είς</span> <span class='ocrx_word' id='word_1_428' title='bbox 1669 4717 1845 4769; x_wconf 86' lang='grc' dir='ltr'>οἰκίαν</span> <span class='ocrx_word' id='word_1_429' title='bbox 1887 4721 2051 4790; x_wconf 71' lang='grc' dir='ltr'>φησὶν</span> 
     </span>
    </p>
   </div>
   <div class='ocr_carea' id='block_1_54' title="bbox 471 4795 2048 4870">
    <p class='ocr_par' dir='ltr' id='par_1_54' title="bbox 471 4795 2048 4870">
     <span class='ocr_line' id='line_1_54' title="bbox 471 4795 2048 4870; baseline 0.005 -23"><span class='ocrx_word' id='word_1_430' title='bbox 471 4795 572 4848; x_wconf 82' lang='grc' dir='ltr'>οὐκ</span> <span class='ocrx_word' id='word_1_431' title='bbox 621 4797 1043 4860; x_wconf 84' lang='grc' dir='ltr'>εἰσελεύσεσθαι,</span> <span class='ocrx_word' id='word_1_432' title='bbox 1101 4799 1224 4852; x_wconf 75' lang='grc' dir='ltr'>οὐδὲ</span> <span class='ocrx_word' id='word_1_433' title='bbox 1277 4800 1356 4862; x_wconf 88' lang='grc' dir='ltr'>είς</span> <span class='ocrx_word' id='word_1_434' title='bbox 1408 4798 1596 4869; x_wconf 79' lang='grc' dir='ltr'>κλίνην</span> <span class='ocrx_word' id='word_1_435' title='bbox 1655 4799 2048 4870; x_wconf 88' lang='grc' dir='ltr'>ἀναϐήσεσθαι,</span> 
     </span>
    </p>
   </div>
   <div class='ocr_carea' id='block_1_55' title="bbox 471 4877 2052 4954">
    <p class='ocr_par' dir='ltr' id='par_1_55' title="bbox 471 4877 2052 4954">
     <span class='ocr_line' id='line_1_55' title="bbox 471 4877 2052 4954; baseline 0.004 -23"><span class='ocrx_word' id='word_1_436' title='bbox 471 4877 587 4932; x_wconf 81' lang='grc' dir='ltr'>ἀλλ’</span> <span class='ocrx_word' id='word_1_437' title='bbox 626 4879 748 4932; x_wconf 78' lang='grc' dir='ltr'>οὐδὲ</span> <span class='ocrx_word' id='word_1_438' title='bbox 774 4879 811 4934; x_wconf 83' lang='grc' dir='ltr'>ἀ</span> <span class='ocrx_word' id='word_1_439' title='bbox 847 4881 955 4934; x_wconf 82' lang='grc' dir='ltr'>ἀπὸ</span> <span class='ocrx_word' id='word_1_440' title='bbox 984 4883 1083 4952; x_wconf 86' lang='grc' dir='ltr'>τῆς</span> <span class='ocrx_word' id='word_1_441' title='bbox 1112 4882 1347 4953; x_wconf 84' lang='grc' dir='ltr'>φυσικῆς</span> <span class='ocrx_word' id='word_1_442' title='bbox 1375 4883 1620 4954; x_wconf 83' lang='grc' dir='ltr'>ἀνάγκης</span> <span class='ocrx_word' id='word_1_443' title='bbox 1655 4877 1747 4954; x_wconf 80' lang='grc' dir='ltr'>ἦν,</span> <span class='ocrx_word' id='word_1_444' title='bbox 1776 4884 1896 4938; x_wconf 82' lang='grc' dir='ltr'>οὐδὲ</span> <span class='ocrx_word' id='word_1_445' title='bbox 1925 4885 2052 4939; x_wconf 85' lang='grc' dir='ltr'>τού-</span> 
     </span>
    </p>
   </div>
   <div class='ocr_carea' id='block_1_56' title="bbox 469 4960 2049 5040">
    <p class='ocr_par' dir='ltr' id='par_1_56' title="bbox 469 4960 2049 5040">
     <span class='ocr_line' id='line_1_56' title="bbox 469 4960 2049 5040; baseline 0.004 -24"><span class='ocrx_word' id='word_1_446' title='bbox 469 4978 578 5016; x_wconf 87' lang='grc' dir='ltr'>των</span> <span class='ocrx_word' id='word_1_447' title='bbox 605 4961 1008 5018; x_wconf 89' lang='grc' dir='ltr'>ἀπολαύσεσθαι</span> <span class='ocrx_word' id='word_1_448' title='bbox 1045 4977 1068 5006; x_wconf 79' lang='grc' dir='ltr'><strong>ο</strong></span> <span class='ocrx_word' id='word_1_449' title='bbox 1107 4965 1244 5037; x_wconf 88' lang='grc' dir='ltr'>μετά</span> <span class='ocrx_word' id='word_1_450' title='bbox 1287 4966 1490 5030; x_wconf 87' lang='grc' dir='ltr'>ἀδείας,</span> <span class='ocrx_word' id='word_1_451' title='bbox 1527 4967 1633 5029; x_wconf 82' lang='grc' dir='ltr'>ἓως</span> <span class='ocrx_word' id='word_1_452' title='bbox 1679 4960 1740 5020; x_wconf 75' lang='grc' dir='ltr'>οὗ</span> <span class='ocrx_word' id='word_1_453' title='bbox 1783 4967 1918 5040; x_wconf 75' lang='grc' dir='ltr'>εὕρῃ</span> <span class='ocrx_word' id='word_1_454' title='bbox 1959 4969 2049 5022; x_wconf 82' lang='grc' dir='ltr'>τό-</span> 
     </span>
    </p>
   </div>
   <div class='ocr_carea' id='block_1_57' title="bbox 469 5043 2049 5120">
    <p class='ocr_par' dir='ltr' id='par_1_57' title="bbox 469 5043 2049 5120">
     <span class='ocr_line' id='line_1_57' title="bbox 469 5043 2049 5120; baseline 0.005 -22"><span class='ocrx_word' id='word_1_455' title='bbox 469 5062 572 5098; x_wconf 86' lang='grc' dir='ltr'>πον</span> <span class='ocrx_word' id='word_1_456' title='bbox 609 5046 704 5102; x_wconf 74' lang='grc' dir='ltr'>καὶ</span> <span class='ocrx_word' id='word_1_457' title='bbox 743 5049 1007 5119; x_wconf 85' lang='grc' dir='ltr'>σκήνωμα</span> <span class='ocrx_word' id='word_1_458' title='bbox 1049 5049 1129 5119; x_wconf 83' lang='grc' dir='ltr'>τῷ</span> <span class='ocrx_word' id='word_1_459' title='bbox 1174 5048 1296 5120; x_wconf 87' lang='grc' dir='ltr'>Θεῷ</span> <span class='ocrx_word' id='word_1_460' title='bbox 1335 5048 1553 5104; x_wconf 84' lang='grc' dir='ltr'>Ἰακώϐ.</span> <span class='ocrx_word' id='word_1_461' title='bbox 1584 5043 1684 5104; x_wconf 80' lang='grc' dir='ltr'>Ὧν</span> <span class='ocrx_word' id='word_1_462' title='bbox 1725 5049 1797 5103; x_wconf 85' lang='grc' dir='ltr'>τά</span> <span class='ocrx_word' id='word_1_463' title='bbox 1831 5051 2049 5106; x_wconf 76' lang='grc' dir='ltr'>ἐναντία</span> 
     </span>
    </p>
   </div>
   <div class='ocr_carea' id='block_1_58' title="bbox 468 5130 2044 5208">
    <p class='ocr_par' dir='ltr' id='par_1_58' title="bbox 468 5130 2044 5208">
     <span class='ocr_line' id='line_1_58' title="bbox 468 5130 2044 5208; baseline 0.003 -24"><span class='ocrx_word' id='word_1_464' title='bbox 468 5130 625 5184; x_wconf 76' lang='grc' dir='ltr'>αὐτοὶ</span> <span class='ocrx_word' id='word_1_465' title='bbox 653 5132 1004 5188; x_wconf 70' lang='grc' dir='ltr'>ἐνεκαλοῦντο</span> <span class='ocrx_word' id='word_1_466' title='bbox 1044 5133 1196 5206; x_wconf 87' lang='grc' dir='ltr'>παρά</span> <span class='ocrx_word' id='word_1_467' title='bbox 1225 5133 1317 5188; x_wconf 86' lang='grc' dir='ltr'>τοῦ</span> <span class='ocrx_word' id='word_1_468' title='bbox 1347 5134 1504 5200; x_wconf 87' lang='grc' dir='ltr'>Θεοῦ,</span> <span class='ocrx_word' id='word_1_469' title='bbox 1547 5135 1794 5205; x_wconf 87' lang='grc' dir='ltr'>λέγοντος</span> <span class='ocrx_word' id='word_1_470' title='bbox 1814 5150 1827 5166; x_wconf 85' lang='grc'><strong>·</strong></span> <span class='ocrx_word' id='word_1_471' title='bbox 1859 5135 2044 5208; x_wconf 80' lang='grc' dir='ltr'>Ὑμεῖς</span> 
     </span>
    </p>
   </div>
   <div class='ocr_carea' id='block_1_59' title="bbox 531 5294 2038 5438">
    <p class='ocr_par' dir='ltr' id='par_1_59' title="bbox 531 5294 2038 5438">
     <span class='ocr_line' id='line_1_59' title="bbox 531 5294 868 5348; baseline 0.006 -4"><span class='ocrx_word' id='word_1_472' title='bbox 531 5295 555 5325; x_wconf 83' lang='grc'><em>³</em></span> <span class='ocrx_word' id='word_1_473' title='bbox 575 5294 687 5346; x_wconf 72' lang='lat' dir='ltr'>Sav.</span> <span class='ocrx_word' id='word_1_474' title='bbox 711 5297 868 5348; x_wconf 81' lang='grc' dir='ltr'>ῑλεων.</span> 
     </span>
     <span class='ocr_line' id='line_1_60' title="bbox 531 5356 2038 5438; baseline 0.005 -31"><span class='ocrx_word' id='word_1_475' title='bbox 531 5356 560 5438; x_wconf 60' lang='grc' dir='ltr'>ξς</span> <span class='ocrx_word' id='word_1_476' title='bbox 573 5357 994 5438; x_wconf 35' lang='grc' dir='ltr'>μρςληζιιὼεῑ,</span> <span class='ocrx_word' id='word_1_477' title='bbox 1025 5363 1154 5438; x_wconf 65' lang='grc' dir='ltr'>Θεῷ,</span> <span class='ocrx_word' id='word_1_478' title='bbox 1188 5363 1335 5414; x_wconf 84' lang='lat' dir='ltr'>male.</span> <span class='ocrx_word' id='word_1_479' title='bbox 1378 5361 1502 5413; x_wconf 71' lang='lat' dir='ltr'>Ibid.</span> <span class='ocrx_word' id='word_1_480' title='bbox 1536 5373 1656 5438; x_wconf 43' lang='grc' dir='ltr'>ροσε</span> <span class='ocrx_word' id='word_1_481' title='bbox 1697 5365 1871 5438; x_wconf 53' lang='grc' dir='ltr'>ξῖακωξε</span> <span class='ocrx_word' id='word_1_482' title='bbox 1895 5379 2038 5438; x_wconf 42' lang='lat' dir='ltr'>unus:</span> 
     </span>
    </p>
   </div>
   <div class='ocr_carea' id='block_1_60' title="bbox 465 5419 2039 5486">
    <p class='ocr_par' dir='ltr' id='par_1_60' title="bbox 465 5419 2039 5486">
     <span class='ocr_line' id='line_1_61' title="bbox 465 5419 2039 5486; baseline 0.007 -21"><span class='ocrx_word' id='word_1_483' title='bbox 465 5421 599 5486; x_wconf 63' lang='lat' dir='ltr'>teslp</span> <span class='ocrx_word' id='word_1_484' title='bbox 626 5419 829 5486; x_wconf 62' lang='lat' dir='ltr'>Savilip,</span> <span class='ocrx_word' id='word_1_485' title='bbox 852 5419 987 5486; x_wconf 66' lang='lat' dir='ltr'>addit</span> <span class='ocrx_word' id='word_1_486' title='bbox 1023 5424 1068 5471; x_wconf 89' lang='grc' dir='ltr'>τί</span> <span class='ocrx_word' id='word_1_487' title='bbox 1099 5419 1273 5486; x_wconf 72' lang='grc' dir='ltr'>λέγειες</span> <span class='ocrx_word' id='word_1_488' title='bbox 1316 5439 1410 5474; x_wconf 87' lang='lat' dir='ltr'><strong>non</strong></span> <span class='ocrx_word' id='word_1_489' title='bbox 1453 5419 1598 5475; x_wconf 63' lang='lat' dir='ltr'>mal&#39;e.</span> <span class='ocrx_word' id='word_1_490' title='bbox 1644 5428 1766 5476; x_wconf 75' lang='lat' dir='ltr'>Infra</span> <span class='ocrx_word' id='word_1_491' title='bbox 1804 5425 1917 5475; x_wconf 84' lang='lat' dir='ltr'>Sav.</span> <span class='ocrx_word' id='word_1_492' title='bbox 1953 5419 2039 5476; x_wconf 81' lang='grc' dir='ltr'>τοῦ</span> 
     </span>
    </p>
   </div>
   <div class='ocr_carea' id='block_1_61' title="bbox 466 5479 2034 5596">
    <p class='ocr_par' dir='ltr' id='par_1_61' title="bbox 466 5479 2034 5596">
     <span class='ocr_line' id='line_1_62' title="bbox 466 5479 2034 5568; baseline 0.009 -44"><span class='ocrx_word' id='word_1_493' title='bbox 466 5479 648 5568; x_wconf 70' lang='grc' dir='ltr'>μυρίοις</span> <span class='ocrx_word' id='word_1_494' title='bbox 686 5479 830 5530; x_wconf 76' lang='grc' dir='ltr'>αὐτὸν</span> <span class='ocrx_word' id='word_1_495' title='bbox 849 5485 1103 5559; x_wconf 62' lang='grc' dir='ltr'>πλύνοντας</span> <span class='ocrx_word' id='word_1_496' title='bbox 1132 5479 1241 5538; x_wconf 72' lang='grc' dir='ltr'>ὸνιῖ</span> <span class='ocrx_word' id='word_1_497' title='bbox 1283 5487 1436 5536; x_wconf 82' lang='lat' dir='ltr'><strong>Paulo</strong></span> <span class='ocrx_word' id='word_1_498' title='bbox 1459 5495 1569 5548; x_wconf 73' lang='lat' dir='ltr'>post</span> <span class='ocrx_word' id='word_1_499' title='bbox 1587 5489 1722 5562; x_wconf 54' lang='grc' dir='ltr'>ἱιίιηιι⁸</span> <span class='ocrx_word' id='word_1_500' title='bbox 1735 5488 1860 5536; x_wconf 84' lang='grc' dir='ltr'>δυεῖν</span> <span class='ocrx_word' id='word_1_501' title='bbox 1881 5491 2034 5562; x_wconf 69' lang='grc' dir='ltr'>ἕνεκα.</span> 
     </span>
     <span class='ocr_line' id='line_1_63' title="bbox 582 5539 2034 5596; baseline 0.006 -8"><span class='ocrx_word' id='word_1_502' title='bbox 582 5539 633 5588; x_wconf 88' lang='lat' dir='ltr'>In</span> <span class='ocrx_word' id='word_1_503' title='bbox 659 5544 876 5593; x_wconf 72' lang='lat' dir='ltr'>editione</span> <span class='ocrx_word' id='word_1_504' title='bbox 899 5563 993 5594; x_wconf 85' lang='grc' dir='ltr'>των</span> <span class='ocrx_word' id='word_1_505' title='bbox 1015 5547 1084 5595; x_wconf 91' lang='lat'>0’</span> <span class='ocrx_word' id='word_1_506' title='bbox 1125 5547 1338 5596; x_wconf 70' lang='lat' dir='ltr'><strong>Romana</strong></span> <span class='ocrx_word' id='word_1_507' title='bbox 1365 5549 1544 5596; x_wconf 62' lang='lat' dir='ltr'>[exitur</span> <span class='ocrx_word' id='word_1_508' title='bbox 1564 5550 1638 5596; x_wconf 80' lang='grc' dir='ltr'>ἐπὶ</span> <span class='ocrx_word' id='word_1_509' title='bbox 1678 5565 1758 5596; x_wconf 87' lang='grc' dir='ltr'>τον</span> <span class='ocrx_word' id='word_1_510' title='bbox 1798 5565 2034 5596; x_wconf 58' lang='grc' dir='ltr'>ταπεινοί.</span> 
     </span>
    </p>
   </div>
   <div class='ocr_carea' id='block_1_62' title="bbox 525 5660 1745 5734">
    <p class='ocr_par' dir='ltr' id='par_1_62' title="bbox 525 5660 1745 5734">
     <span class='ocr_line' id='line_1_64' title="bbox 525 5660 1745 5734; baseline 0.015 -32"><span class='ocrx_word' id='word_1_511' title='bbox 525 5660 550 5734; x_wconf 64' lang='lat' dir='ltr'>:l</span> <span class='ocrx_word' id='word_1_512' title='bbox 573 5660 865 5734; x_wconf 35' lang='grc' dir='ltr'>διιεῖ-(ἐξιῇ</span> <span class='ocrx_word' id='word_1_513' title='bbox 887 5660 1062 5734; x_wconf 37' lang='lat' dir='ltr'>mimi”:</span> <span class='ocrx_word' id='word_1_514' title='bbox 1088 5660 1322 5734; x_wconf 37' lang='lat' dir='ltr'>“qu-&#39;06</span> <span class='ocrx_word' id='word_1_515' title='bbox 1345 5672 1396 5719; x_wconf 86' lang='grc' dir='ltr'>δὲ</span> <span class='ocrx_word' id='word_1_516' title='bbox 1420 5672 1498 5717; x_wconf 85' lang='grc' dir='ltr'>καὶ</span> <span class='ocrx_word' id='word_1_517' title='bbox 1523 5673 1745 5734; x_wconf 66' lang='grc' dir='ltr'>μάλιστα.</span> 
     </span>
    </p>
   </div>
   <div class='ocr_carea' id='block_1_63' title="bbox 461 5722 2030 5832">
    <p class='ocr_par' dir='ltr' id='par_1_63' title="bbox 461 5722 2030 5832">
     <span class='ocr_line' id='line_1_65' title="bbox 461 5722 2030 5832; baseline 0.012 -66"><span class='ocrx_word' id='word_1_518' title='bbox 461 5723 539 5828; x_wconf 56' lang='lat' dir='ltr'><strong>mf</strong></span> <span class='ocrx_word' id='word_1_519' title='bbox 573 5722 865 5832; x_wconf 55' lang='grc' dir='ltr'>εκι21.&gt;ἀλλ’</span> <span class='ocrx_word' id='word_1_520' title='bbox 905 5729 1015 5777; x_wconf 68' lang='grc' dir='ltr'>οὺιι</span> <span class='ocrx_word' id='word_1_521' title='bbox 1043 5722 1184 5778; x_wconf 69' lang='grc' dir='ltr'>ὃάπὸ</span> <span class='ocrx_word' id='word_1_522' title='bbox 1207 5722 1288 5788; x_wconf 74' lang='grc' dir='ltr'>τῆς</span> <span class='ocrx_word' id='word_1_523' title='bbox 1328 5722 1533 5794; x_wconf 55' lang='lat' dir='ltr'>mm;</span> <span class='ocrx_word' id='word_1_524' title='bbox 1559 5722 1763 5795; x_wconf 77' lang='grc' dir='ltr'>ἀνάγκης</span> <span class='ocrx_word' id='word_1_525' title='bbox 1802 5730 1877 5794; x_wconf 74' lang='grc' dir='ltr'>ἦν,</span> <span class='ocrx_word' id='word_1_526' title='bbox 1922 5734 2030 5784; x_wconf 74' lang='grc' dir='ltr'>οὐδὲ</span> 
     </span>
     <span class='ocr_line' id='line_1_66' title="bbox 517 5798 794 5832; baseline 0.007 -2"><span class='ocrx_word' id='word_1_527' title='bbox 517 5798 628 5831; x_wconf 74' lang='grc' dir='ltr'>υτου</span> <span class='ocrx_word' id='word_1_528' title='bbox 683 5800 744 5832; x_wconf 81' lang='grc' dir='ltr'>πο</span> <span class='ocrx_word' id='word_1_529' title='bbox 765 5816 794 5832; x_wconf 71' lang='grc' dir='ltr'>,ο</span> 
     </span>
    </p>
   </div>
   <div class='ocr_carea' id='block_1_64' title="bbox 1203 262 3062 330">
    <p class='ocr_par' dir='ltr' id='par_1_64' title="bbox 1203 262 3062 330">
     <span class='ocr_line' id='line_1_67' title="bbox 1203 262 3062 330; baseline 0.004 -9"><span class='ocrx_word' id='word_1_530' title='bbox 1203 262 1264 324; x_wconf 76' lang='grc' dir='ltr'>Β.</span> <span class='ocrx_word' id='word_1_531' title='bbox 1299 264 1584 322; x_wconf 75' lang='lat' dir='ltr'>JOANNIS</span> <span class='ocrx_word' id='word_1_532' title='bbox 1621 265 2111 330; x_wconf 70' lang='lat' dir='ltr'>CHRYSOSTOMI</span> <span class='ocrx_word' id='word_1_533' title='bbox 2150 265 2470 326; x_wconf 77' lang='lat' dir='ltr'>ARCHIEP.</span> <span class='ocrx_word' id='word_1_534' title='bbox 2511 270 3062 329; x_wconf 74' lang='lat' dir='ltr'>CONSTAN‘I‘INOP.</span> 
     </span>
    </p>
   </div>
   <div class='ocr_carea' id='block_1_65' title="bbox 3672 279 3780 338">
    <p class='ocr_par' dir='ltr' id='par_1_65' title="bbox 3672 279 3780 338">
     <span class='ocr_line' id='line_1_68' title="bbox 3672 279 3780 338; baseline 0.037 -5"><span class='ocrx_word' id='word_1_535' title='bbox 3672 279 3780 338; x_wconf 71' lang='lat'>582</span> 
     </span>
    </p>
   </div>
   <div class='ocr_carea' id='block_1_66' title="bbox 2193 382 3776 460">
    <p class='ocr_par' dir='ltr' id='par_1_66' title="bbox 2193 382 3776 460">
     <span class='ocr_line' id='line_1_69' title="bbox 2193 382 3776 460; baseline 0.009 -25"><span class='ocrx_word' id='word_1_536' title='bbox 2193 382 2311 450; x_wconf 78' lang='grc' dir='ltr'>μὲν</span> <span class='ocrx_word' id='word_1_537' title='bbox 2338 384 2550 448; x_wconf 70' lang='grc' dir='ltr'>οἰκεῖτε</span> <span class='ocrx_word' id='word_1_538' title='bbox 2595 386 2665 439; x_wconf 86' lang='grc' dir='ltr'>ἐν</span> <span class='ocrx_word' id='word_1_539' title='bbox 2691 387 2878 453; x_wconf 79' lang='grc' dir='ltr'>οἶκοις</span> <span class='ocrx_word' id='word_1_540' title='bbox 2916 385 3404 460; x_wconf 67' lang='grc' dir='ltr'>κοιλοστάθμοις·</span> <span class='ocrx_word' id='word_1_541' title='bbox 3452 391 3486 444; x_wconf 88' lang='grc' dir='ltr'>ό</span> <span class='ocrx_word' id='word_1_542' title='bbox 3520 390 3588 444; x_wconf 79' lang='grc' dir='ltr'>δὲ</span> <span class='ocrx_word' id='word_1_543' title='bbox 3611 389 3776 460; x_wconf 75' lang='grc' dir='ltr'>οἶκός</span> 
     </span>
    </p>
   </div>
   <div class='ocr_carea' id='block_1_67' title="bbox 2189 465 3772 542">
    <p class='ocr_par' dir='ltr' id='par_1_67' title="bbox 2189 465 3772 542">
     <span class='ocr_line' id='line_1_70' title="bbox 2189 465 3772 542; baseline 0.006 -23"><span class='ocrx_word' id='word_1_544' title='bbox 2189 467 2309 535; x_wconf 84' lang='grc' dir='ltr'>μού</span> <span class='ocrx_word' id='word_1_545' title='bbox 2337 467 2508 522; x_wconf 87' lang='grc' dir='ltr'>ἐστιν</span> <span class='ocrx_word' id='word_1_546' title='bbox 2529 469 2766 538; x_wconf 87' lang='grc' dir='ltr'>ἕρημος.</span> <span class='ocrx_word' id='word_1_547' title='bbox 2788 470 2938 540; x_wconf 87' lang='grc' dir='ltr'>Ἕως</span> <span class='ocrx_word' id='word_1_548' title='bbox 2968 465 3040 525; x_wconf 82' lang='grc' dir='ltr'>οὗ</span> <span class='ocrx_word' id='word_1_549' title='bbox 3069 469 3220 537; x_wconf 82' lang='grc' dir='ltr'>εὕρω</span> <span class='ocrx_word' id='word_1_550' title='bbox 3243 474 3432 526; x_wconf 83' lang='grc' dir='ltr'>τόπον</span> <span class='ocrx_word' id='word_1_551' title='bbox 3451 472 3532 539; x_wconf 87' lang='grc' dir='ltr'>τῷ</span> <span class='ocrx_word' id='word_1_552' title='bbox 3557 476 3772 542; x_wconf 78' lang='grc' dir='ltr'>Κυρίῳ,</span> 
     </span>
    </p>
   </div>
   <div class='ocr_carea' id='block_1_68' title="bbox 2193 548 3774 626">
    <p class='ocr_par' dir='ltr' id='par_1_68' title="bbox 2193 548 3774 626">
     <span class='ocr_line' id='line_1_71' title="bbox 2193 548 3774 626; baseline 0.007 -25"><span class='ocrx_word' id='word_1_553' title='bbox 2193 548 2485 620; x_wconf 84' lang='grc' dir='ltr'>σκήνωμα</span> <span class='ocrx_word' id='word_1_554' title='bbox 2515 551 2594 618; x_wconf 88' lang='grc' dir='ltr'>τῷ</span> <span class='ocrx_word' id='word_1_555' title='bbox 2624 551 2747 618; x_wconf 80' lang='grc' dir='ltr'>Θεῷ</span> <span class='ocrx_word' id='word_1_556' title='bbox 2778 551 3005 609; x_wconf 81' lang='grc' dir='ltr'>Ἰακώϐ.</span> <span class='ocrx_word' id='word_1_557' title='bbox 3029 554 3172 626; x_wconf 86' lang='grc' dir='ltr'>Ὅρα</span> <span class='ocrx_word' id='word_1_558' title='bbox 3206 554 3367 610; x_wconf 83' lang='grc' dir='ltr'>πάλιν</span> <span class='ocrx_word' id='word_1_559' title='bbox 3392 557 3486 610; x_wconf 77' lang='grc' dir='ltr'>καὶ</span> <span class='ocrx_word' id='word_1_560' title='bbox 3523 558 3774 612; x_wconf 72' lang='grc' dir='ltr'>ἐντεῦθεν</span> 
     </span>
    </p>
   </div>
   <div class='ocr_carea' id='block_1_69' title="bbox 2191 633 3770 712">
    <p class='ocr_par' dir='ltr' id='par_1_69' title="bbox 2191 633 3770 712">
     <span class='ocr_line' id='line_1_72' title="bbox 2191 633 3770 712; baseline 0.006 -27"><span class='ocrx_word' id='word_1_561' title='bbox 2191 633 2288 702; x_wconf 83' lang='grc' dir='ltr'>τὴν</span> <span class='ocrx_word' id='word_1_562' title='bbox 2319 634 2569 705; x_wconf 81' lang='grc' dir='ltr'>σπουδὴν,</span> <span class='ocrx_word' id='word_1_563' title='bbox 2597 635 2692 688; x_wconf 67' lang='grc' dir='ltr'>καὶ</span> <span class='ocrx_word' id='word_1_564' title='bbox 2718 636 2818 707; x_wconf 75' lang='grc' dir='ltr'>τὴν</span> <span class='ocrx_word' id='word_1_565' title='bbox 2859 639 3346 709; x_wconf 83' lang='grc' dir='ltr'>μεμεριμνημένην</span> <span class='ocrx_word' id='word_1_566' title='bbox 3381 638 3532 712; x_wconf 78' lang='lat'>[3&#39;77]</span> <span class='ocrx_word' id='word_1_567' title='bbox 3571 640 3770 711; x_wconf 81' lang='grc' dir='ltr'>ψυχήν.</span> 
     </span>
    </p>
   </div>
   <div class='ocr_carea' id='block_1_70' title="bbox 2203 715 3770 790">
    <p class='ocr_par' dir='ltr' id='par_1_70' title="bbox 2203 715 3770 790">
     <span class='ocr_line' id='line_1_73' title="bbox 2203 715 3770 790; baseline 0.004 -21"><span class='ocrx_word' id='word_1_568' title='bbox 2203 715 2263 769; x_wconf 85' lang='lat'>&#39;0</span> <span class='ocrx_word' id='word_1_569' title='bbox 2287 715 2536 786; x_wconf 75' lang='grc' dir='ltr'>βασιλεὺς</span> <span class='ocrx_word' id='word_1_570' title='bbox 2569 717 2751 788; x_wconf 85' lang='grc' dir='ltr'>λέγει,</span> <span class='ocrx_word' id='word_1_571' title='bbox 2777 720 2926 786; x_wconf 89' lang='grc' dir='ltr'>Ἕως</span> <span class='ocrx_word' id='word_1_572' title='bbox 2949 715 3022 775; x_wconf 82' lang='grc' dir='ltr'>οὗ</span> <span class='ocrx_word' id='word_1_573' title='bbox 3047 721 3201 789; x_wconf 85' lang='grc' dir='ltr'>εὕρω</span> <span class='ocrx_word' id='word_1_574' title='bbox 3238 723 3425 776; x_wconf 86' lang='grc' dir='ltr'>τόπον</span> <span class='ocrx_word' id='word_1_575' title='bbox 3455 720 3534 787; x_wconf 78' lang='grc' dir='ltr'>τῷ</span> <span class='ocrx_word' id='word_1_576' title='bbox 3555 725 3770 790; x_wconf 79' lang='grc' dir='ltr'>Κυρίῳ,</span> 
     </span>
    </p>
   </div>
   <div class='ocr_carea' id='block_1_71' title="bbox 2191 799 3768 878">
    <p class='ocr_par' dir='ltr' id='par_1_71' title="bbox 2191 799 3768 878">
     <span class='ocr_line' id='line_1_74' title="bbox 2191 799 3768 878; baseline 0.004 -24"><span class='ocrx_word' id='word_1_577' title='bbox 2191 799 2484 871; x_wconf 75' lang='grc' dir='ltr'>σκήνωμα</span> <span class='ocrx_word' id='word_1_578' title='bbox 2527 802 2609 869; x_wconf 83' lang='grc' dir='ltr'>τῷ</span> <span class='ocrx_word' id='word_1_579' title='bbox 2654 803 2776 870; x_wconf 77' lang='grc' dir='ltr'>Θεῷ</span> <span class='ocrx_word' id='word_1_580' title='bbox 2802 804 3002 859; x_wconf 81' lang='grc' dir='ltr'>Ἰακὼϐ</span> <span class='ocrx_word' id='word_1_581' title='bbox 3027 805 3073 870; x_wconf 67' lang='grc' dir='ltr'>ἲ,</span> <span class='ocrx_word' id='word_1_582' title='bbox 3104 809 3133 860; x_wconf 86' lang='lat'>6</span> <span class='ocrx_word' id='word_1_583' title='bbox 3169 807 3388 861; x_wconf 81' lang='grc' dir='ltr'>πάντων</span> <span class='ocrx_word' id='word_1_584' title='bbox 3412 807 3652 878; x_wconf 84' lang='grc' dir='ltr'>κρατῶν.</span> <span class='ocrx_word' id='word_1_585' title='bbox 3693 811 3768 860; x_wconf 77' lang='grc' dir='ltr'>οὐ</span> 
     </span>
    </p>
   </div>
   <div class='ocr_carea' id='block_1_72' title="bbox 2189 883 3772 960">
    <p class='ocr_par' dir='ltr' id='par_1_72' title="bbox 2189 883 3772 960">
     <span class='ocr_line' id='line_1_75' title="bbox 2189 883 3772 960; baseline 0.005 -24"><span class='ocrx_word' id='word_1_586' title='bbox 2189 883 2298 955; x_wconf 83' lang='grc' dir='ltr'>γὰρ</span> <span class='ocrx_word' id='word_1_587' title='bbox 2329 885 2516 950; x_wconf 80' lang='grc' dir='ltr'>ἁπλῶς</span> <span class='ocrx_word' id='word_1_588' title='bbox 2544 886 2896 958; x_wconf 78' lang='grc' dir='ltr'>οἰκοδομῆσαι</span> <span class='ocrx_word' id='word_1_589' title='bbox 2921 887 3194 950; x_wconf 71' lang='grc' dir='ltr'>ἐϐούλετο,</span> <span class='ocrx_word' id='word_1_590' title='bbox 3229 890 3344 943; x_wconf 81' lang='grc' dir='ltr'>ἀλλ’</span> <span class='ocrx_word' id='word_1_591' title='bbox 3385 892 3442 944; x_wconf 69' lang='grc' dir='ltr'>ἑν</span> <span class='ocrx_word' id='word_1_592' title='bbox 3471 891 3772 960; x_wconf 67' lang='grc' dir='ltr'>ἐπιτηδειο·</span> 
     </span>
    </p>
   </div>
   <div class='ocr_carea' id='block_1_73' title="bbox 2192 969 3768 1046">
    <p class='ocr_par' dir='ltr' id='par_1_73' title="bbox 2192 969 3768 1046">
     <span class='ocr_line' id='line_1_76' title="bbox 2192 969 3768 1046; baseline 0.012 -25"><span class='ocrx_word' id='word_1_593' title='bbox 2192 969 2342 1039; x_wconf 78' lang='grc' dir='ltr'>τάτῳ</span> <span class='ocrx_word' id='word_1_594' title='bbox 2368 971 2574 1041; x_wconf 86' lang='grc' dir='ltr'>χωρίῳ,</span> <span class='ocrx_word' id='word_1_595' title='bbox 2607 972 2701 1026; x_wconf 78' lang='grc' dir='ltr'>καὶ</span> <span class='ocrx_word' id='word_1_596' title='bbox 2727 972 2933 1044; x_wconf 88' lang='grc' dir='ltr'>σφόδρα</span> <span class='ocrx_word' id='word_1_597' title='bbox 2961 974 3038 1046; x_wconf 82' lang='grc' dir='ltr'>τῷ</span> <span class='ocrx_word' id='word_1_598' title='bbox 3067 974 3182 1045; x_wconf 79' lang='grc' dir='ltr'>ναῷ</span> <span class='ocrx_word' id='word_1_599' title='bbox 3207 973 3494 1046; x_wconf 84' lang='grc' dir='ltr'>πρέποντι,</span> <span class='ocrx_word' id='word_1_600' title='bbox 3549 975 3643 1030; x_wconf 71' lang='grc' dir='ltr'>καὶ</span> <span class='ocrx_word' id='word_1_601' title='bbox 3669 973 3768 1044; x_wconf 74' lang='grc' dir='ltr'>ζη-</span> 
     </span>
    </p>
   </div>
   <div class='ocr_carea' id='block_1_74' title="bbox 2190 1053 3767 1131">
    <p class='ocr_par' dir='ltr' id='par_1_74' title="bbox 2190 1053 3767 1131">
     <span class='ocr_line' id='line_1_77' title="bbox 2190 1053 3767 1131; baseline 0.004 -26"><span class='ocrx_word' id='word_1_602' title='bbox 2190 1053 2398 1122; x_wconf 80' lang='grc' dir='ltr'>τήσεως</span> <span class='ocrx_word' id='word_1_603' title='bbox 2429 1054 2632 1108; x_wconf 70' lang='grc' dir='ltr'>ἐδεῖτοο</span> <span class='ocrx_word' id='word_1_604' title='bbox 2693 1056 2864 1121; x_wconf 75' lang='grc' dir='ltr'>οὕτως</span> <span class='ocrx_word' id='word_1_605' title='bbox 2906 1054 2973 1129; x_wconf 81' lang='grc' dir='ltr'>ἦν</span> <span class='ocrx_word' id='word_1_606' title='bbox 3005 1059 3280 1130; x_wconf 82' lang='grc' dir='ltr'>ἄγρυπνος</span> <span class='ocrx_word' id='word_1_607' title='bbox 3321 1062 3387 1131; x_wconf 78' lang='grc' dir='ltr'>τῇ</span> <span class='ocrx_word' id='word_1_608' title='bbox 3433 1057 3767 1128; x_wconf 73' lang='grc' dir='ltr'>ψυχῇ.Ἰδοὺ</span> 
     </span>
    </p>
   </div>
   <div class='ocr_carea' id='block_1_75' title="bbox 2185 1135 3768 1210">
    <p class='ocr_par' dir='ltr' id='par_1_75' title="bbox 2185 1135 3768 1210">
     <span class='ocr_line' id='line_1_78' title="bbox 2185 1135 3768 1210; baseline 0.004 -22"><span class='ocrx_word' id='word_1_609' title='bbox 2185 1135 2537 1205; x_wconf 69' lang='grc' dir='ltr'>ἠκούσαμεν</span> <span class='ocrx_word' id='word_1_610' title='bbox 2561 1137 2756 1206; x_wconf 79' lang='grc' dir='ltr'>αὐτὴν</span> <span class='ocrx_word' id='word_1_611' title='bbox 2780 1141 2851 1194; x_wconf 88' lang='grc' dir='ltr'>ἑν</span> <span class='ocrx_word' id='word_1_612' title='bbox 2880 1141 3154 1210; x_wconf 73' lang='grc' dir='ltr'>Ἐφραθὰ,</span> <span class='ocrx_word' id='word_1_613' title='bbox 3195 1143 3449 1210; x_wconf 81' lang='grc' dir='ltr'>εὕρομεν</span> <span class='ocrx_word' id='word_1_614' title='bbox 3477 1139 3673 1209; x_wconf 79' lang='grc' dir='ltr'>αὐτὴν</span> <span class='ocrx_word' id='word_1_615' title='bbox 3699 1141 3768 1194; x_wconf 83' lang='grc' dir='ltr'>ἐν</span> 
     </span>
    </p>
   </div>
   <div class='ocr_carea' id='block_1_76' title="bbox 2188 1217 3766 1294">
    <p class='ocr_par' dir='ltr' id='par_1_76' title="bbox 2188 1217 3766 1294">
     <span class='ocr_line' id='line_1_79' title="bbox 2188 1217 3766 1294; baseline 0.004 -24"><span class='ocrx_word' id='word_1_616' title='bbox 2188 1217 2310 1285; x_wconf 78' lang='grc' dir='ltr'>τοῖς</span> <span class='ocrx_word' id='word_1_617' title='bbox 2336 1220 2567 1286; x_wconf 81' lang='grc' dir='ltr'>πεδίοις</span> <span class='ocrx_word' id='word_1_618' title='bbox 2594 1221 2699 1275; x_wconf 81' lang='grc' dir='ltr'>τοῦ</span> <span class='ocrx_word' id='word_1_619' title='bbox 2730 1222 2978 1292; x_wconf 86' lang='grc' dir='ltr'>δρυμοῦ.</span> <span class='ocrx_word' id='word_1_620' title='bbox 3015 1224 3096 1278; x_wconf 86' lang='grc' dir='ltr'>Τά</span> <span class='ocrx_word' id='word_1_621' title='bbox 3126 1224 3332 1279; x_wconf 83' lang='grc' dir='ltr'>παλαιὰ</span> <span class='ocrx_word' id='word_1_622' title='bbox 3362 1224 3626 1294; x_wconf 84' lang='grc' dir='ltr'>διηγεῖται</span> <span class='ocrx_word' id='word_1_623' title='bbox 3649 1222 3766 1287; x_wconf 86' lang='grc' dir='ltr'>νῦν,</span> 
     </span>
    </p>
   </div>
   <div class='ocr_carea' id='block_1_77' title="bbox 2188 1299 3760 1378">
    <p class='ocr_par' dir='ltr' id='par_1_77' title="bbox 2188 1299 3760 1378">
     <span class='ocr_line' id='line_1_80' title="bbox 2188 1299 3760 1378; baseline 0.005 -26"><span class='ocrx_word' id='word_1_624' title='bbox 2188 1299 2404 1365; x_wconf 79' lang='grc' dir='ltr'>δεικνὺς</span> <span class='ocrx_word' id='word_1_625' title='bbox 2431 1302 2514 1355; x_wconf 83' lang='grc' dir='ltr'>ὅτι</span> <span class='ocrx_word' id='word_1_626' title='bbox 2559 1304 2654 1356; x_wconf 70' lang='grc' dir='ltr'>καὶ</span> <span class='ocrx_word' id='word_1_627' title='bbox 2698 1305 3004 1376; x_wconf 84' lang='grc' dir='ltr'>ἔμπροσθεν</span> <span class='ocrx_word' id='word_1_628' title='bbox 3038 1307 3205 1361; x_wconf 79' lang='grc' dir='ltr'>πολὺν</span> <span class='ocrx_word' id='word_1_629' title='bbox 3244 1307 3460 1378; x_wconf 78' lang='grc' dir='ltr'>περιῄει</span> <span class='ocrx_word' id='word_1_630' title='bbox 3501 1307 3690 1377; x_wconf 88' lang='grc' dir='ltr'>χρόνον</span> <span class='ocrx_word' id='word_1_631' title='bbox 3727 1308 3760 1375; x_wconf 82' lang='grc' dir='ltr'>ἡ</span> 
     </span>
    </p>
   </div>
   <div class='ocr_carea' id='block_1_78' title="bbox 2189 1382 3762 1461">
    <p class='ocr_par' dir='ltr' id='par_1_78' title="bbox 2189 1382 3762 1461">
     <span class='ocr_line' id='line_1_81' title="bbox 2189 1382 3762 1461; baseline 0.004 -26"><span class='ocrx_word' id='word_1_632' title='bbox 2189 1382 2438 1448; x_wconf 86' lang='grc' dir='ltr'>κιϐωτὸς,</span> <span class='ocrx_word' id='word_1_633' title='bbox 2468 1385 2631 1440; x_wconf 87' lang='grc' dir='ltr'>τόπον</span> <span class='ocrx_word' id='word_1_634' title='bbox 2655 1388 2719 1440; x_wconf 80' lang='grc' dir='ltr'>ἐκ</span> <span class='ocrx_word' id='word_1_635' title='bbox 2748 1388 2913 1441; x_wconf 89' lang='grc' dir='ltr'>τόπου</span> <span class='ocrx_word' id='word_1_636' title='bbox 2943 1389 3242 1460; x_wconf 85' lang='grc' dir='ltr'>ἀμείϐουσα</span> <span class='ocrx_word' id='word_1_637' title='bbox 3259 1406 3275 1420; x_wconf 86' lang='grc'>·</span> <span class='ocrx_word' id='word_1_638' title='bbox 3297 1390 3383 1444; x_wconf 81' lang='grc' dir='ltr'>διὰ</span> <span class='ocrx_word' id='word_1_639' title='bbox 3398 1389 3555 1443; x_wconf 88' lang='grc' dir='ltr'>τοῦτό</span> <span class='ocrx_word' id='word_1_640' title='bbox 3578 1401 3762 1461; x_wconf 82' lang='grc' dir='ltr'>φησιν’</span> 
     </span>
    </p>
   </div>
   <div class='ocr_carea' id='block_1_79' title="bbox 2201 1466 3764 1542">
    <p class='ocr_par' dir='ltr' id='par_1_79' title="bbox 2201 1466 3764 1542">
     <span class='ocr_line' id='line_1_82' title="bbox 2201 1466 3764 1542; baseline 0.01 -22"><span class='ocrx_word' id='word_1_641' title='bbox 2201 1466 2347 1520; x_wconf 83' lang='grc' dir='ltr'>Ἰδοὺ</span> <span class='ocrx_word' id='word_1_642' title='bbox 2395 1469 2747 1539; x_wconf 76' lang='grc' dir='ltr'>ἠκούσαμεν</span> <span class='ocrx_word' id='word_1_643' title='bbox 2793 1471 2988 1539; x_wconf 79' lang='grc' dir='ltr'>αὐτὴν</span> <span class='ocrx_word' id='word_1_644' title='bbox 3039 1472 3110 1528; x_wconf 78' lang='grc' dir='ltr'>ἐν</span> <span class='ocrx_word' id='word_1_645' title='bbox 3148 1472 3442 1542; x_wconf 67' lang='grc' dir='ltr'>Ἐφραθάε</span> <span class='ocrx_word' id='word_1_646' title='bbox 3497 1475 3764 1535; x_wconf 76' lang='grc' dir='ltr'>τουτέστιν</span> 
     </span>
    </p>
   </div>
   <div class='ocr_carea' id='block_1_80' title="bbox 2187 1549 3764 1627">
    <p class='ocr_par' dir='ltr' id='par_1_80' title="bbox 2187 1549 3764 1627">
     <span class='ocr_line' id='line_1_83' title="bbox 2187 1549 3764 1627; baseline 0.004 -25"><span class='ocrx_word' id='word_1_647' title='bbox 2187 1549 2359 1603; x_wconf 88' lang='grc' dir='ltr'>ταῦτα</span> <span class='ocrx_word' id='word_1_648' title='bbox 2395 1551 2723 1625; x_wconf 86' lang='grc' dir='ltr'>διηγήσαντο</span> <span class='ocrx_word' id='word_1_649' title='bbox 2752 1556 2883 1626; x_wconf 88' lang='grc' dir='ltr'>ήμῖν</span> <span class='ocrx_word' id='word_1_650' title='bbox 2925 1558 2973 1610; x_wconf 84' lang='grc' dir='ltr'>οί</span> <span class='ocrx_word' id='word_1_651' title='bbox 3019 1558 3252 1627; x_wconf 86' lang='grc' dir='ltr'>πατέρες</span> <span class='ocrx_word' id='word_1_652' title='bbox 3296 1556 3474 1627; x_wconf 78' lang='grc' dir='ltr'>ήμῶν,</span> <span class='ocrx_word' id='word_1_653' title='bbox 3505 1555 3674 1610; x_wconf 89' lang='grc' dir='ltr'>ταῦτα</span> <span class='ocrx_word' id='word_1_654' title='bbox 3705 1555 3764 1622; x_wconf 80' lang='grc' dir='ltr'><strong>ἐξ</strong></span> 
     </span>
    </p>
   </div>
   <div class='ocr_carea' id='block_1_81' title="bbox 2187 1632 3763 1710">
    <p class='ocr_par' dir='ltr' id='par_1_81' title="bbox 2187 1632 3763 1710">
     <span class='ocr_line' id='line_1_84' title="bbox 2187 1632 3763 1710; baseline 0.004 -26"><span class='ocrx_word' id='word_1_655' title='bbox 2187 1632 2356 1703; x_wconf 80' lang='grc' dir='ltr'>ἀκοῆς</span> <span class='ocrx_word' id='word_1_656' title='bbox 2383 1635 2706 1706; x_wconf 85' lang='grc' dir='ltr'>κατέχομεν,</span> <span class='ocrx_word' id='word_1_657' title='bbox 2748 1639 2830 1691; x_wconf 87' lang='grc' dir='ltr'>ὃτι</span> <span class='ocrx_word' id='word_1_658' title='bbox 2864 1638 2957 1692; x_wconf 78' lang='grc' dir='ltr'>καὶ</span> <span class='ocrx_word' id='word_1_659' title='bbox 2986 1639 3108 1692; x_wconf 86' lang='grc' dir='ltr'>τότε</span> <span class='ocrx_word' id='word_1_660' title='bbox 3144 1639 3431 1710; x_wconf 86' lang='grc' dir='ltr'>περιιοῦσα</span> <span class='ocrx_word' id='word_1_661' title='bbox 3461 1638 3763 1709; x_wconf 83' lang='grc' dir='ltr'>πανταχοῦ,</span> 
     </span>
    </p>
   </div>
   <div class='ocr_carea' id='block_1_82' title="bbox 2186 1717 3764 1794">
    <p class='ocr_par' dir='ltr' id='par_1_82' title="bbox 2186 1717 3764 1794">
     <span class='ocr_line' id='line_1_85' title="bbox 2186 1717 3764 1794; baseline 0.005 -26"><span class='ocrx_word' id='word_1_662' title='bbox 2186 1717 2244 1768; x_wconf 79' lang='grc' dir='ltr'>ὲν</span> <span class='ocrx_word' id='word_1_663' title='bbox 2272 1719 2474 1782; x_wconf 81' lang='grc' dir='ltr'>πεδίοις</span> <span class='ocrx_word' id='word_1_664' title='bbox 2523 1721 2617 1773; x_wconf 74' lang='grc' dir='ltr'>καὶ</span> <span class='ocrx_word' id='word_1_665' title='bbox 2645 1722 2854 1792; x_wconf 81' lang='grc' dir='ltr'>ἀγροῖς,</span> <span class='ocrx_word' id='word_1_666' title='bbox 2899 1722 3140 1794; x_wconf 82' lang='grc' dir='ltr'>ήδράσθη</span> <span class='ocrx_word' id='word_1_667' title='bbox 3181 1723 3320 1790; x_wconf 80' lang='grc' dir='ltr'>μετὰ</span> <span class='ocrx_word' id='word_1_668' title='bbox 3358 1723 3564 1778; x_wconf 86' lang='grc' dir='ltr'>ταῦτα·</span> <span class='ocrx_word' id='word_1_669' title='bbox 3607 1721 3764 1776; x_wconf 89' lang='grc' dir='ltr'>τοῦτο</span> 
     </span>
    </p>
   </div>
   <div class='ocr_carea' id='block_1_83' title="bbox 2185 1797 3763 1877">
    <p class='ocr_par' dir='ltr' id='par_1_83' title="bbox 2185 1797 3763 1877">
     <span class='ocr_line' id='line_1_86' title="bbox 2185 1797 3763 1877; baseline 0.003 -23"><span class='ocrx_word' id='word_1_670' title='bbox 2185 1797 2249 1870; x_wconf 82' lang='grc' dir='ltr'>δὴ</span> <span class='ocrx_word' id='word_1_671' title='bbox 2274 1801 2514 1865; x_wconf 87' lang='grc' dir='ltr'>γενέσθω</span> <span class='ocrx_word' id='word_1_672' title='bbox 2539 1803 2634 1856; x_wconf 75' lang='grc' dir='ltr'>καὶ</span> <span class='ocrx_word' id='word_1_673' title='bbox 2654 1803 2768 1859; x_wconf 90' lang='grc' dir='ltr'>νῦν.</span> <span class='ocrx_word' id='word_1_674' title='bbox 2787 1805 3033 1874; x_wconf 86' lang='grc' dir='ltr'>Ἐφραθά</span> <span class='ocrx_word' id='word_1_675' title='bbox 3051 1805 3284 1860; x_wconf 69' lang='grc' dir='ltr'>ἐνταῦθα</span> <span class='ocrx_word' id='word_1_676' title='bbox 3306 1806 3404 1877; x_wconf 86' lang='grc' dir='ltr'>τὴν</span> <span class='ocrx_word' id='word_1_677' title='bbox 3432 1805 3600 1860; x_wconf 80' lang='grc' dir='ltr'>Ἰούδα</span> <span class='ocrx_word' id='word_1_678' title='bbox 3614 1804 3763 1874; x_wconf 83' lang='grc' dir='ltr'>λέγει</span> 
     </span>
    </p>
   </div>
   <div class='ocr_carea' id='block_1_84' title="bbox 2187 1883 3757 1960">
    <p class='ocr_par' dir='ltr' id='par_1_84' title="bbox 2187 1883 3757 1960">
     <span class='ocr_line' id='line_1_87' title="bbox 2187 1883 3757 1960; baseline 0.006 -26"><span class='ocrx_word' id='word_1_679' title='bbox 2187 1883 2378 1958; x_wconf 78' lang='grc' dir='ltr'>φυλὴν,</span> <span class='ocrx_word' id='word_1_680' title='bbox 2409 1886 2488 1948; x_wconf 86' lang='grc' dir='ltr'>εἰς</span> <span class='ocrx_word' id='word_1_681' title='bbox 2516 1885 2584 1956; x_wconf 82' lang='grc' dir='ltr'>ήν</span> <span class='ocrx_word' id='word_1_682' title='bbox 2621 1887 2756 1957; x_wconf 85' lang='grc' dir='ltr'>μετά</span> <span class='ocrx_word' id='word_1_683' title='bbox 2794 1886 2894 1959; x_wconf 84' lang='grc' dir='ltr'>τὴν</span> <span class='ocrx_word' id='word_1_684' title='bbox 2928 1887 3128 1959; x_wconf 74' lang='grc' dir='ltr'>πολλὴν</span> <span class='ocrx_word' id='word_1_685' title='bbox 3158 1888 3406 1958; x_wconf 87' lang='grc' dir='ltr'>περίοδον</span> <span class='ocrx_word' id='word_1_686' title='bbox 3447 1887 3757 1960; x_wconf 77' lang='grc' dir='ltr'>εἰσηνέχθη.</span> 
     </span>
    </p>
   </div>
   <div class='ocr_carea' id='block_1_85' title="bbox 2185 1968 3762 2042">
    <p class='ocr_par' dir='ltr' id='par_1_85' title="bbox 2185 1968 3762 2042">
     <span class='ocr_line' id='line_1_88' title="bbox 2185 1968 3762 2042; baseline 0.004 -22"><span class='ocrx_word' id='word_1_687' title='bbox 2185 1968 2680 2036; x_wconf 72' lang='grc' dir='ltr'>Εἰσελευσόμεθα</span> <span class='ocrx_word' id='word_1_688' title='bbox 2697 1971 2783 2036; x_wconf 83' lang='grc' dir='ltr'>εις</span> <span class='ocrx_word' id='word_1_689' title='bbox 2812 1970 2883 2024; x_wconf 85' lang='grc' dir='ltr'>τὰ</span> <span class='ocrx_word' id='word_1_690' title='bbox 2925 1971 3289 2042; x_wconf 81' lang='grc' dir='ltr'>σκηνώματα</span> <span class='ocrx_word' id='word_1_691' title='bbox 3334 1972 3544 2036; x_wconf 80' lang='grc' dir='ltr'>αὑτοῦ,</span> <span class='ocrx_word' id='word_1_692' title='bbox 3581 1987 3762 2042; x_wconf 84' lang='grc' dir='ltr'>προσ-</span> 
     </span>
    </p>
   </div>
   <div class='ocr_carea' id='block_1_86' title="bbox 2183 2049 3760 2124">
    <p class='ocr_par' dir='ltr' id='par_1_86' title="bbox 2183 2049 3760 2124">
     <span class='ocr_line' id='line_1_89' title="bbox 2183 2049 3760 2124; baseline 0.006 -23"><span class='ocrx_word' id='word_1_693' title='bbox 2183 2049 2536 2120; x_wconf 80' lang='grc' dir='ltr'>κυνήσομεν</span> <span class='ocrx_word' id='word_1_694' title='bbox 2571 2054 2658 2119; x_wconf 81' lang='grc' dir='ltr'>εἰς</span> <span class='ocrx_word' id='word_1_695' title='bbox 2687 2053 2793 2107; x_wconf 81' lang='grc' dir='ltr'>τὸν</span> <span class='ocrx_word' id='word_1_696' title='bbox 2823 2055 3030 2120; x_wconf 84' lang='grc' dir='ltr'>τόπον,</span> <span class='ocrx_word' id='word_1_697' title='bbox 3069 2052 3140 2111; x_wconf 86' lang='grc' dir='ltr'>οὗ</span> <span class='ocrx_word' id='word_1_698' title='bbox 3175 2057 3451 2124; x_wconf 81' lang='grc' dir='ltr'>ἔστησαν</span> <span class='ocrx_word' id='word_1_699' title='bbox 3486 2060 3540 2110; x_wconf 78' lang='lat' dir='ltr'>al</span> <span class='ocrx_word' id='word_1_700' title='bbox 3578 2057 3760 2122; x_wconf 81' lang='grc' dir='ltr'>πόδες</span> 
     </span>
    </p>
   </div>
   <div class='ocr_carea' id='block_1_87' title="bbox 2183 2129 3758 2211">
    <p class='ocr_par' dir='ltr' id='par_1_87' title="bbox 2183 2129 3758 2211">
     <span class='ocr_line' id='line_1_90' title="bbox 2183 2129 3758 2211; baseline 0.006 -26"><span class='ocrx_word' id='word_1_701' title='bbox 2183 2132 2389 2187; x_wconf 83' lang='grc' dir='ltr'>αὑτοῦ.</span> <span class='ocrx_word' id='word_1_702' title='bbox 2441 2129 2597 2198; x_wconf 80' lang='grc' dir='ltr'>Εἶδες</span> <span class='ocrx_word' id='word_1_703' title='bbox 2631 2135 2772 2210; x_wconf 74' lang='grc' dir='ltr'>πόσῃ</span> <span class='ocrx_word' id='word_1_704' title='bbox 2818 2137 3090 2210; x_wconf 83' lang='grc' dir='ltr'>παχύτητι</span> <span class='ocrx_word' id='word_1_705' title='bbox 3131 2139 3396 2211; x_wconf 85' lang='grc' dir='ltr'>κέχρηται</span> <span class='ocrx_word' id='word_1_706' title='bbox 3433 2141 3532 2208; x_wconf 88' lang='grc' dir='ltr'>τῆς</span> <span class='ocrx_word' id='word_1_707' title='bbox 3562 2139 3758 2204; x_wconf 81' lang='grc' dir='ltr'>λέξεως</span> 
     </span>
    </p>
   </div>
   <div class='ocr_carea' id='block_1_88' title="bbox 2181 2213 3758 2294">
    <p class='ocr_par' dir='ltr' id='par_1_88' title="bbox 2181 2213 3758 2294">
     <span class='ocr_line' id='line_1_91' title="bbox 2181 2213 3758 2294; baseline 0.006 -28"><span class='ocrx_word' id='word_1_708' title='bbox 2181 2213 2270 2267; x_wconf 83' lang='grc' dir='ltr'>διὰ</span> <span class='ocrx_word' id='word_1_709' title='bbox 2298 2213 2396 2285; x_wconf 81' lang='grc' dir='ltr'>τὴν</span> <span class='ocrx_word' id='word_1_710' title='bbox 2421 2215 2621 2287; x_wconf 74' lang='grc' dir='ltr'>πολλὴν</span> <span class='ocrx_word' id='word_1_711' title='bbox 2653 2217 2762 2272; x_wconf 83' lang='grc' dir='ltr'>τῶν</span> <span class='ocrx_word' id='word_1_712' title='bbox 2790 2220 3092 2274; x_wconf 88' lang='grc' dir='ltr'>ἀκουόντων</span> <span class='ocrx_word' id='word_1_713' title='bbox 3131 2221 3508 2292; x_wconf 86' lang='grc' dir='ltr'>ἀναισθησίαν,</span> <span class='ocrx_word' id='word_1_714' title='bbox 3545 2220 3758 2294; x_wconf 83' lang='grc' dir='ltr'>σκηνώ-</span> 
     </span>
    </p>
   </div>
   <div class='ocr_carea' id='block_1_89' title="bbox 2187 2297 3760 2370">
    <p class='ocr_par' dir='ltr' id='par_1_89' title="bbox 2187 2297 3760 2370">
     <span class='ocr_line' id='line_1_92' title="bbox 2187 2297 3760 2370; baseline 0.007 -22"><span class='ocrx_word' id='word_1_715' title='bbox 2187 2313 2332 2366; x_wconf 88' lang='grc' dir='ltr'>ματα</span> <span class='ocrx_word' id='word_1_716' title='bbox 2363 2297 2537 2368; x_wconf 88' lang='grc' dir='ltr'>λέγων</span> <span class='ocrx_word' id='word_1_717' title='bbox 2568 2300 2664 2353; x_wconf 91' lang='grc' dir='ltr'>τοῦ</span> <span class='ocrx_word' id='word_1_718' title='bbox 2708 2301 2865 2366; x_wconf 85' lang='grc' dir='ltr'>Θεοῦ,</span> <span class='ocrx_word' id='word_1_719' title='bbox 2901 2304 2996 2356; x_wconf 73' lang='grc' dir='ltr'>καὶ</span> <span class='ocrx_word' id='word_1_720' title='bbox 3040 2304 3227 2370; x_wconf 83' lang='grc' dir='ltr'>πόδας,</span> <span class='ocrx_word' id='word_1_721' title='bbox 3274 2305 3370 2358; x_wconf 76' lang='grc' dir='ltr'>καὶ</span> <span class='ocrx_word' id='word_1_722' title='bbox 3409 2304 3595 2366; x_wconf 80' lang='grc' dir='ltr'>τόπον,</span> <span class='ocrx_word' id='word_1_723' title='bbox 3628 2303 3760 2358; x_wconf 80' lang='grc' dir='ltr'>ἔνθα</span> 
     </span>
    </p>
   </div>
   <div class='ocr_carea' id='block_1_90' title="bbox 2184 2379 3758 2457">
    <p class='ocr_par' dir='ltr' id='par_1_90' title="bbox 2184 2379 3758 2457">
     <span class='ocr_line' id='line_1_93' title="bbox 2184 2379 3758 2457; baseline 0.007 -26"><span class='ocrx_word' id='word_1_724' title='bbox 2184 2379 2415 2450; x_wconf 77' lang='grc' dir='ltr'>ἔστησαν</span> <span class='ocrx_word' id='word_1_725' title='bbox 2446 2382 2494 2434; x_wconf 71' lang='lat' dir='ltr'>of.</span> <span class='ocrx_word' id='word_1_726' title='bbox 2530 2382 2709 2447; x_wconf 88' lang='grc' dir='ltr'>πόδες.</span> <span class='ocrx_word' id='word_1_727' title='bbox 2749 2384 2935 2439; x_wconf 86' lang='grc' dir='ltr'>Ταῦτα</span> <span class='ocrx_word' id='word_1_728' title='bbox 2981 2385 3039 2439; x_wconf 83' lang='grc' dir='ltr'>δὲ</span> <span class='ocrx_word' id='word_1_729' title='bbox 3085 2387 3264 2444; x_wconf 85' lang='grc' dir='ltr'>πάντα</span> <span class='ocrx_word' id='word_1_730' title='bbox 3291 2389 3383 2442; x_wconf 81' lang='grc' dir='ltr'>τὸν</span> <span class='ocrx_word' id='word_1_731' title='bbox 3407 2388 3571 2442; x_wconf 82' lang='grc' dir='ltr'>τόπον</span> <span class='ocrx_word' id='word_1_732' title='bbox 3605 2388 3758 2457; x_wconf 83' lang='grc' dir='ltr'>λέγει</span> 
     </span>
    </p>
   </div>
   <div class='ocr_carea' id='block_1_91' title="bbox 2181 2464 3755 2545">
    <p class='ocr_par' dir='ltr' id='par_1_91' title="bbox 2181 2464 3755 2545">
     <span class='ocr_line' id='line_1_94' title="bbox 2181 2464 3755 2545; baseline 0.007 -30"><span class='ocrx_word' id='word_1_733' title='bbox 2181 2466 2280 2533; x_wconf 79' lang='grc' dir='ltr'>τῆς</span> <span class='ocrx_word' id='word_1_734' title='bbox 2317 2464 2571 2530; x_wconf 88' lang='grc' dir='ltr'>κιϐωτοῦ,</span> <span class='ocrx_word' id='word_1_735' title='bbox 2613 2468 2802 2538; x_wconf 73' lang='grc' dir='ltr'>ἐπειδὴ</span> <span class='ocrx_word' id='word_1_736' title='bbox 2834 2469 3044 2524; x_wconf 79' lang='grc' dir='ltr'>ἐκεῖθεν</span> <span class='ocrx_word' id='word_1_737' title='bbox 3073 2473 3129 2524; x_wconf 91' lang='grc' dir='ltr'>αί</span> <span class='ocrx_word' id='word_1_738' title='bbox 3162 2472 3388 2545; x_wconf 71' lang='grc' dir='ltr'>φρικταὶ</span> <span class='ocrx_word' id='word_1_739' title='bbox 3419 2472 3595 2543; x_wconf 69' lang='grc' dir='ltr'>φωναὶ⁷</span> <span class='ocrx_word' id='word_1_740' title='bbox 3627 2471 3755 2541; x_wconf 78' lang='grc' dir='ltr'>ἐφέ-</span> 
     </span>
    </p>
   </div>
   <div class='ocr_carea' id='block_1_92' title="bbox 2182 2548 3756 2626">
    <p class='ocr_par' dir='ltr' id='par_1_92' title="bbox 2182 2548 3756 2626">
     <span class='ocr_line' id='line_1_95' title="bbox 2182 2548 3756 2626; baseline 0.008 -28"><span class='ocrx_word' id='word_1_741' title='bbox 2182 2561 2336 2616; x_wconf 90' lang='grc' dir='ltr'>ροντο</span> <span class='ocrx_word' id='word_1_742' title='bbox 2368 2548 2496 2619; x_wconf 83' lang='grc' dir='ltr'>περὶ</span> <span class='ocrx_word' id='word_1_743' title='bbox 2539 2548 2646 2603; x_wconf 83' lang='grc' dir='ltr'>τῶν</span> <span class='ocrx_word' id='word_1_744' title='bbox 2680 2552 2737 2604; x_wconf 83' lang='grc' dir='ltr'>ὲν</span> <span class='ocrx_word' id='word_1_745' title='bbox 2768 2554 2882 2616; x_wconf 85' lang='grc' dir='ltr'>τοῖς</span> <span class='ocrx_word' id='word_1_746' title='bbox 2911 2553 3184 2618; x_wconf 77' lang='grc' dir='ltr'>Ἰουδαίοις</span> <span class='ocrx_word' id='word_1_747' title='bbox 3219 2556 3565 2626; x_wconf 82' lang='grc' dir='ltr'>πραγμάτων</span> <span class='ocrx_word' id='word_1_748' title='bbox 3593 2555 3756 2610; x_wconf 88' lang='grc' dir='ltr'>λύου-</span> 
     </span>
    </p>
   </div>
   <div class='ocr_carea' id='block_1_93' title="bbox 2181 2629 3751 2710">
    <p class='ocr_par' dir='ltr' id='par_1_93' title="bbox 2181 2629 3751 2710">
     <span class='ocr_line' id='line_1_96' title="bbox 2181 2629 3751 2710; baseline 0.008 -28"><span class='ocrx_word' id='word_1_749' title='bbox 2181 2647 2272 2682; x_wconf 91' lang='grc' dir='ltr'>σαι</span> <span class='ocrx_word' id='word_1_750' title='bbox 2305 2629 2374 2683; x_wconf 89' lang='grc' dir='ltr'>τά</span> <span class='ocrx_word' id='word_1_751' title='bbox 2403 2631 2610 2703; x_wconf 80' lang='grc' dir='ltr'>ἀσαφῆ,</span> <span class='ocrx_word' id='word_1_752' title='bbox 2652 2634 2747 2686; x_wconf 79' lang='grc' dir='ltr'>καὶ</span> <span class='ocrx_word' id='word_1_753' title='bbox 2778 2636 2909 2706; x_wconf 74' lang='grc' dir='ltr'>περὶ</span> <span class='ocrx_word' id='word_1_754' title='bbox 2953 2635 3065 2691; x_wconf 79' lang='grc' dir='ltr'>τῶν</span> <span class='ocrx_word' id='word_1_755' title='bbox 3119 2637 3423 2709; x_wconf 87' lang='grc' dir='ltr'>μελλόντων</span> <span class='ocrx_word' id='word_1_756' title='bbox 3456 2638 3751 2710; x_wconf 78' lang='grc' dir='ltr'>προλέγου⁶</span> 
     </span>
    </p>
   </div>
   <div class='ocr_carea' id='block_1_94' title="bbox 2181 2713 3752 2788">
    <p class='ocr_par' dir='ltr' id='par_1_94' title="bbox 2181 2713 3752 2788">
     <span class='ocr_line' id='line_1_97' title="bbox 2181 2713 3752 2788; baseline 0.008 -21"><span class='ocrx_word' id='word_1_757' title='bbox 2181 2729 2291 2768; x_wconf 91' lang='grc' dir='ltr'>σαι.</span> <span class='ocrx_word' id='word_1_758' title='bbox 2328 2713 2657 2782; x_wconf 80' lang='grc' dir='ltr'>Ἀνάστηθι,</span> <span class='ocrx_word' id='word_1_759' title='bbox 2703 2718 2898 2785; x_wconf 77' lang='grc' dir='ltr'>Κύριε,</span> <span class='ocrx_word' id='word_1_760' title='bbox 2945 2721 3034 2786; x_wconf 77' lang='grc' dir='ltr'>εἰς</span> <span class='ocrx_word' id='word_1_761' title='bbox 3075 2719 3191 2788; x_wconf 78' lang='grc' dir='ltr'>τὴν</span> <span class='ocrx_word' id='word_1_762' title='bbox 3228 2721 3580 2780; x_wconf 82' lang='grc' dir='ltr'>ἀνάπαυσιν</span> <span class='ocrx_word' id='word_1_763' title='bbox 3614 2739 3752 2787; x_wconf 86' lang='grc' dir='ltr'>σου.</span> 
     </span>
    </p>
   </div>
   <div class='ocr_carea' id='block_1_95' title="bbox 2178 2797 3752 2876">
    <p class='ocr_par' dir='ltr' id='par_1_95' title="bbox 2178 2797 3752 2876">
     <span class='ocr_line' id='line_1_98' title="bbox 2178 2797 3752 2876; baseline 0.004 -27"><span class='ocrx_word' id='word_1_764' title='bbox 2178 2797 2260 2850; x_wconf 90' lang='grc' dir='ltr'>σὺ</span> <span class='ocrx_word' id='word_1_765' title='bbox 2290 2798 2388 2850; x_wconf 79' lang='grc' dir='ltr'>καί</span> <span class='ocrx_word' id='word_1_766' title='bbox 2415 2798 2452 2864; x_wconf 80' lang='grc' dir='ltr'><strong><em>ἠ</em></strong></span> <span class='ocrx_word' id='word_1_767' title='bbox 2487 2799 2731 2866; x_wconf 74' lang='grc' dir='ltr'>κιϐωτὸς</span> <span class='ocrx_word' id='word_1_768' title='bbox 2772 2801 2877 2856; x_wconf 87' lang='grc' dir='ltr'>τοῦ</span> <span class='ocrx_word' id='word_1_769' title='bbox 2920 2800 3290 2871; x_wconf 78' lang='grc' dir='ltr'>ἁγιάσματός</span> <span class='ocrx_word' id='word_1_770' title='bbox 3339 2819 3478 2862; x_wconf 91' lang='grc' dir='ltr'>σου.</span> <span class='ocrx_word' id='word_1_771' title='bbox 3504 2807 3752 2876; x_wconf 83' lang='grc' dir='ltr'>Ἕτερος.</span> 
     </span>
    </p>
   </div>
   <div class='ocr_carea' id='block_1_96' title="bbox 2183 2879 3744 2960">
    <p class='ocr_par' dir='ltr' id='par_1_96' title="bbox 2183 2879 3744 2960">
     <span class='ocr_line' id='line_1_99' title="bbox 2183 2879 3744 2960; baseline 0.008 -28"><span class='ocrx_word' id='word_1_772' title='bbox 2183 2879 2298 2948; x_wconf 82' lang='grc' dir='ltr'>Τῆς</span> <span class='ocrx_word' id='word_1_773' title='bbox 2336 2881 2550 2950; x_wconf 70' lang='grc' dir='ltr'>ἰσχύος</span> <span class='ocrx_word' id='word_1_774' title='bbox 2577 2897 2714 2936; x_wconf 90' lang='grc' dir='ltr'>σου.</span> <span class='ocrx_word' id='word_1_775' title='bbox 2737 2883 2944 2948; x_wconf 84' lang='grc' dir='ltr'>Ἀλλος.</span> <span class='ocrx_word' id='word_1_776' title='bbox 2971 2885 3080 2938; x_wconf 86' lang='grc' dir='ltr'>Τοῦ</span> <span class='ocrx_word' id='word_1_777' title='bbox 3109 2885 3368 2954; x_wconf 81' lang='grc' dir='ltr'>κράτους</span> <span class='ocrx_word' id='word_1_778' title='bbox 3395 2903 3513 2943; x_wconf 90' lang='grc' dir='ltr'>σου</span> <span class='ocrx_word' id='word_1_779' title='bbox 3531 2904 3546 2918; x_wconf 85' lang='grc'><strong>·</strong></span> <span class='ocrx_word' id='word_1_780' title='bbox 3577 2889 3744 2960; x_wconf 73' lang='grc' dir='ltr'>ἀμφό·</span> 
     </span>
    </p>
   </div>
   <div class='ocr_carea' id='block_1_97' title="bbox 2174 2963 3751 3041">
    <p class='ocr_par' dir='ltr' id='par_1_97' title="bbox 2174 2963 3751 3041">
     <span class='ocr_line' id='line_1_100' title="bbox 2174 2963 3751 3041; baseline 0.008 -26"><span class='ocrx_word' id='word_1_781' title='bbox 2174 2979 2309 3034; x_wconf 90' lang='grc' dir='ltr'>τερα</span> <span class='ocrx_word' id='word_1_782' title='bbox 2333 2963 2390 3016; x_wconf 81' lang='grc' dir='ltr'>δὲ</span> <span class='ocrx_word' id='word_1_783' title='bbox 2415 2963 2609 3034; x_wconf 85' lang='grc' dir='ltr'>ἀληθῆ.</span> <span class='ocrx_word' id='word_1_784' title='bbox 2634 2966 2743 3018; x_wconf 74' lang='grc' dir='ltr'>Καὶ</span> <span class='ocrx_word' id='word_1_785' title='bbox 2775 2967 2885 3037; x_wconf 65' lang='grc' dir='ltr'>γὰρ</span> <span class='ocrx_word' id='word_1_786' title='bbox 2913 2968 2945 3038; x_wconf 78' lang='grc' dir='ltr'>ἡ</span> <span class='ocrx_word' id='word_1_787' title='bbox 2978 2968 3254 3041; x_wconf 88' lang='grc' dir='ltr'>ἀγιωσύνη</span> <span class='ocrx_word' id='word_1_788' title='bbox 3287 2971 3497 3025; x_wconf 78' lang='grc' dir='ltr'>ἐκεῖθεν</span> <span class='ocrx_word' id='word_1_789' title='bbox 3529 2972 3751 3039; x_wconf 75' lang='grc' dir='ltr'>ἐδίδοτο,</span> 
     </span>
    </p>
   </div>
   <div class='ocr_carea' id='block_1_98' title="bbox 2175 3044 3753 3126">
    <p class='ocr_par' dir='ltr' id='par_1_98' title="bbox 2175 3044 3753 3126">
     <span class='ocr_line' id='line_1_101' title="bbox 2175 3044 3753 3126; baseline 0.008 -28"><span class='ocrx_word' id='word_1_790' title='bbox 2175 3046 2268 3098; x_wconf 74' lang='grc' dir='ltr'>καὶ</span> <span class='ocrx_word' id='word_1_791' title='bbox 2316 3046 2623 3119; x_wconf 81' lang='grc' dir='ltr'>ἁγιωσύνης</span> <span class='ocrx_word' id='word_1_792' title='bbox 2664 3044 2733 3120; x_wconf 78' lang='grc' dir='ltr'>ἦν</span> <span class='ocrx_word' id='word_1_793' title='bbox 2766 3050 3024 3122; x_wconf 88' lang='grc' dir='ltr'>ποιητικά</span> <span class='ocrx_word' id='word_1_794' title='bbox 3071 3052 3141 3106; x_wconf 87' lang='grc' dir='ltr'>τά</span> <span class='ocrx_word' id='word_1_795' title='bbox 3185 3052 3490 3126; x_wconf 85' lang='grc' dir='ltr'>γράμματα</span> <span class='ocrx_word' id='word_1_796' title='bbox 3534 3055 3602 3110; x_wconf 87' lang='grc' dir='ltr'>τά</span> <span class='ocrx_word' id='word_1_797' title='bbox 3631 3055 3753 3110; x_wconf 69' lang='grc' dir='ltr'>ἐπι·</span> 
     </span>
    </p>
   </div>
   <div class='ocr_carea' id='block_1_99' title="bbox 2175 3129 2774 3201">
    <p class='ocr_par' dir='ltr' id='par_1_99' title="bbox 2175 3129 2774 3201">
     <span class='ocr_line' id='line_1_102' title="bbox 2175 3129 2774 3201; baseline 0.005 -19"><span class='ocrx_word' id='word_1_798' title='bbox 2175 3129 2418 3200; x_wconf 86' lang='grc' dir='ltr'>κείμενα,</span> <span class='ocrx_word' id='word_1_799' title='bbox 2449 3132 2542 3185; x_wconf 77' lang='grc' dir='ltr'>καὶ</span> <span class='ocrx_word' id='word_1_800' title='bbox 2571 3131 2774 3201; x_wconf 80' lang='grc' dir='ltr'>ἰσχύος.</span> 
     </span>
    </p>
   </div>
   <div class='ocr_carea' id='block_1_100' title="bbox 2240 3210 3750 3291">
    <p class='ocr_par' dir='ltr' id='par_1_100' title="bbox 2240 3210 3750 3291">
     <span class='ocr_line' id='line_1_103' title="bbox 2240 3210 3750 3291; baseline 0.007 -24"><span class='ocrx_word' id='word_1_801' title='bbox 2240 3211 2308 3283; x_wconf 80' lang='grc' dir='ltr'>γ’.</span> <span class='ocrx_word' id='word_1_802' title='bbox 2336 3214 2530 3278; x_wconf 76' lang='grc' dir='ltr'>Καλῶς</span> <span class='ocrx_word' id='word_1_803' title='bbox 2555 3211 2647 3270; x_wconf 78' lang='grc' dir='ltr'>οὖν</span> <span class='ocrx_word' id='word_1_804' title='bbox 2675 3215 2848 3278; x_wconf 81' lang='grc' dir='ltr'>οὕτως</span> <span class='ocrx_word' id='word_1_805' title='bbox 2880 3210 3004 3270; x_wconf 75' lang='grc' dir='ltr'>εἶπε</span> <span class='ocrx_word' id='word_1_806' title='bbox 3021 3233 3038 3250; x_wconf 81' lang='grc' dir='ltr'><strong>ο</strong></span> <span class='ocrx_word' id='word_1_807' title='bbox 3060 3217 3260 3291; x_wconf 78' lang='grc' dir='ltr'>πολλὴν</span> <span class='ocrx_word' id='word_1_808' title='bbox 3287 3219 3398 3291; x_wconf 90' lang='grc' dir='ltr'>γάρ</span> <span class='ocrx_word' id='word_1_809' title='bbox 3421 3222 3450 3276; x_wconf 89' lang='lat'>6</span> <span class='ocrx_word' id='word_1_810' title='bbox 3473 3219 3608 3286; x_wconf 82' lang='grc' dir='ltr'>Θεὸς</span> <span class='ocrx_word' id='word_1_811' title='bbox 3630 3221 3750 3278; x_wconf 74' lang='grc' dir='ltr'>ὲνεο</span> 
     </span>
    </p>
   </div>
   <div class='ocr_carea' id='block_1_101' title="bbox 2169 3296 3748 3371">
    <p class='ocr_par' dir='ltr' id='par_1_101' title="bbox 2169 3296 3748 3371">
     <span class='ocr_line' id='line_1_104' title="bbox 2169 3296 3748 3371; baseline 0.007 -21"><span class='ocrx_word' id='word_1_812' title='bbox 2169 3296 2380 3362; x_wconf 82' lang='grc' dir='ltr'>δείξατο</span> <span class='ocrx_word' id='word_1_813' title='bbox 2418 3297 2488 3352; x_wconf 87' lang='grc' dir='ltr'>δι’</span> <span class='ocrx_word' id='word_1_814' title='bbox 2526 3300 2695 3371; x_wconf 79' lang='grc' dir='ltr'>αὐτῆς</span> <span class='ocrx_word' id='word_1_815' title='bbox 2734 3300 2986 3371; x_wconf 87' lang='grc' dir='ltr'>δύναμιν,</span> <span class='ocrx_word' id='word_1_816' title='bbox 3023 3303 3120 3356; x_wconf 77' lang='grc' dir='ltr'>καὶ</span> <span class='ocrx_word' id='word_1_817' title='bbox 3158 3303 3328 3369; x_wconf 73' lang='grc' dir='ltr'>ἅπαξ,</span> <span class='ocrx_word' id='word_1_818' title='bbox 3381 3306 3476 3359; x_wconf 80' lang='grc' dir='ltr'>καὶ</span> <span class='ocrx_word' id='word_1_819' title='bbox 3517 3304 3616 3370; x_wconf 77' lang='grc' dir='ltr'>δὶς.</span> <span class='ocrx_word' id='word_1_820' title='bbox 3653 3308 3748 3362; x_wconf 68' lang='grc' dir='ltr'>καὶ</span> 
     </span>
    </p>
   </div>
   <div class='ocr_carea' id='block_1_102' title="bbox 2172 3379 3746 3459">
    <p class='ocr_par' dir='ltr' id='par_1_102' title="bbox 2172 3379 3746 3459">
     <span class='ocr_line' id='line_1_105' title="bbox 2172 3379 3746 3459; baseline 0.008 -24"><span class='ocrx_word' id='word_1_821' title='bbox 2172 3383 2450 3448; x_wconf 86' lang='grc' dir='ltr'>πολλάκις,</span> <span class='ocrx_word' id='word_1_822' title='bbox 2482 3381 2595 3437; x_wconf 78' lang='grc' dir='ltr'>οἷον</span> <span class='ocrx_word' id='word_1_823' title='bbox 2637 3385 2726 3438; x_wconf 81' lang='grc' dir='ltr'>ὅτε</span> <span class='ocrx_word' id='word_1_824' title='bbox 2761 3379 2969 3458; x_wconf 70' lang='grc' dir='ltr'>ἐλήφθη</span> <span class='ocrx_word' id='word_1_825' title='bbox 3011 3387 3162 3459; x_wconf 86' lang='grc' dir='ltr'>παρά</span> <span class='ocrx_word' id='word_1_826' title='bbox 3197 3389 3305 3442; x_wconf 81' lang='grc' dir='ltr'>τῶν</span> <span class='ocrx_word' id='word_1_827' title='bbox 3339 3390 3632 3457; x_wconf 69' lang='grc' dir='ltr'>Ἀζωτίων,</span> <span class='ocrx_word' id='word_1_828' title='bbox 3658 3394 3746 3448; x_wconf 81' lang='grc' dir='ltr'>ὅτε</span> 
     </span>
    </p>
   </div>
   <div class='ocr_carea' id='block_1_103' title="bbox 2169 3465 3742 3548">
    <p class='ocr_par' dir='ltr' id='par_1_103' title="bbox 2169 3465 3742 3548">
     <span class='ocr_line' id='line_1_106' title="bbox 2169 3465 3742 3548; baseline 0.008 -29"><span class='ocrx_word' id='word_1_829' title='bbox 2169 3465 2236 3548; x_wconf 76' lang='grc' dir='ltr'>τὰ</span> <span class='ocrx_word' id='word_1_830' title='bbox 2268 3466 2462 3520; x_wconf 79' lang='grc' dir='ltr'>εἴδωλα</span> <span class='ocrx_word' id='word_1_831' title='bbox 2503 3469 2862 3539; x_wconf 86' lang='grc' dir='ltr'>κατήνεγκεν,</span> <span class='ocrx_word' id='word_1_832' title='bbox 2893 3472 2983 3525; x_wconf 82' lang='grc' dir='ltr'>ὅτε</span> <span class='ocrx_word' id='word_1_833' title='bbox 3023 3471 3222 3542; x_wconf 75' lang='grc' dir='ltr'>ἔπληξε</span> <span class='ocrx_word' id='word_1_834' title='bbox 3258 3475 3386 3538; x_wconf 77' lang='grc' dir='ltr'>τοὺς</span> <span class='ocrx_word' id='word_1_835' title='bbox 3432 3475 3742 3548; x_wconf 76' lang='grc' dir='ltr'>εἰληφότας,</span> 
     </span>
    </p>
   </div>
   <div class='ocr_carea' id='block_1_104' title="bbox 2167 3547 3742 3628">
    <p class='ocr_par' dir='ltr' id='par_1_104' title="bbox 2167 3547 3742 3628">
     <span class='ocr_line' id='line_1_107' title="bbox 2167 3547 3742 3628; baseline 0.009 -28"><span class='ocrx_word' id='word_1_836' title='bbox 2167 3547 2256 3600; x_wconf 83' lang='grc' dir='ltr'>ὅτε</span> <span class='ocrx_word' id='word_1_837' title='bbox 2288 3548 2479 3618; x_wconf 78' lang='grc' dir='ltr'>ἔστησε</span> <span class='ocrx_word' id='word_1_838' title='bbox 2508 3550 2606 3620; x_wconf 82' lang='grc' dir='ltr'>τὴν</span> <span class='ocrx_word' id='word_1_839' title='bbox 2650 3551 2864 3628; x_wconf 80' lang='grc' dir='ltr'>πληγὴν</span> <span class='ocrx_word' id='word_1_840' title='bbox 2894 3554 3248 3626; x_wconf 79' lang='grc' dir='ltr'>ἀποδοθείσης</span> <span class='ocrx_word' id='word_1_841' title='bbox 3298 3557 3493 3628; x_wconf 81' lang='grc' dir='ltr'>αὐτῆς,</span> <span class='ocrx_word' id='word_1_842' title='bbox 3531 3559 3622 3613; x_wconf 76' lang='grc' dir='ltr'>καὶ</span> <span class='ocrx_word' id='word_1_843' title='bbox 3655 3560 3742 3614; x_wconf 92' lang='grc' dir='ltr'>διά</span> 
     </span>
    </p>
   </div>
   <div class='ocr_carea' id='block_1_105' title="bbox 2165 3627 3740 3713">
    <p class='ocr_par' dir='ltr' id='par_1_105' title="bbox 2165 3627 3740 3713">
     <span class='ocr_line' id='line_1_108' title="bbox 2165 3627 3740 3713; baseline 0.008 -29"><span class='ocrx_word' id='word_1_844' title='bbox 2165 3631 2275 3684; x_wconf 87' lang='grc' dir='ltr'>τῶν</span> <span class='ocrx_word' id='word_1_845' title='bbox 2300 3631 2474 3686; x_wconf 78' lang='grc' dir='ltr'>ἄλλων</span> <span class='ocrx_word' id='word_1_846' title='bbox 2519 3632 2599 3696; x_wconf 89' lang='grc' dir='ltr'>δὲ,</span> <span class='ocrx_word' id='word_1_847' title='bbox 2643 3633 2710 3687; x_wconf 83' lang='grc' dir='ltr'>δι’</span> <span class='ocrx_word' id='word_1_848' title='bbox 2753 3627 2830 3688; x_wconf 85' lang='grc' dir='ltr'>ὦν</span> <span class='ocrx_word' id='word_1_849' title='bbox 2879 3636 3067 3690; x_wconf 81' lang='grc' dir='ltr'>αὐτόθι</span> <span class='ocrx_word' id='word_1_850' title='bbox 3113 3639 3418 3710; x_wconf 75' lang='grc' dir='ltr'>εἰργάζετο.</span> <span class='ocrx_word' id='word_1_851' title='bbox 3462 3641 3555 3713; x_wconf 80' lang='grc' dir='ltr'>τὴν</span> <span class='ocrx_word' id='word_1_852' title='bbox 3586 3644 3740 3712; x_wconf 74' lang='grc' dir='ltr'>ίσχὺν</span> 
     </span>
    </p>
   </div>
   <div class='ocr_carea' id='block_1_106' title="bbox 2165 3713 3739 3792">
    <p class='ocr_par' dir='ltr' id='par_1_106' title="bbox 2165 3713 3739 3792">
     <span class='ocr_line' id='line_1_109' title="bbox 2165 3713 3739 3792; baseline 0.01 -28"><span class='ocrx_word' id='word_1_853' title='bbox 2165 3713 2511 3767; x_wconf 78' lang='grc' dir='ltr'>ἐπεδείκνυτο</span> <span class='ocrx_word' id='word_1_854' title='bbox 2541 3713 2640 3786; x_wconf 80' lang='grc' dir='ltr'>τήν</span> <span class='ocrx_word' id='word_1_855' title='bbox 2669 3715 2886 3770; x_wconf 77' lang='grc' dir='ltr'>ἑαυτοῦ.</span> <span class='ocrx_word' id='word_1_856' title='bbox 2917 3717 2982 3770; x_wconf 88' lang='grc' dir='ltr'>Τί</span> <span class='ocrx_word' id='word_1_857' title='bbox 3019 3720 3078 3773; x_wconf 89' lang='grc' dir='ltr'>δέ</span> <span class='ocrx_word' id='word_1_858' title='bbox 3109 3721 3278 3787; x_wconf 76' lang='grc' dir='ltr'>ἐστιν,</span> <span class='ocrx_word' id='word_1_859' title='bbox 3310 3721 3615 3792; x_wconf 81' lang='grc' dir='ltr'>Ἀνάστηθι</span> <span class='ocrx_word' id='word_1_860' title='bbox 3651 3726 3739 3792; x_wconf 83' lang='grc' dir='ltr'>εις</span> 
     </span>
    </p>
   </div>
   <div class='ocr_carea' id='block_1_107' title="bbox 2165 3794 3737 3876">
    <p class='ocr_par' dir='ltr' id='par_1_107' title="bbox 2165 3794 3737 3876">
     <span class='ocr_line' id='line_1_110' title="bbox 2165 3794 3737 3876; baseline 0.008 -29"><span class='ocrx_word' id='word_1_861' title='bbox 2165 3794 2280 3862; x_wconf 80' lang='grc' dir='ltr'>τὴν</span> <span class='ocrx_word' id='word_1_862' title='bbox 2332 3795 2683 3850; x_wconf 75' lang='grc' dir='ltr'>ἀνάπαυσιν</span> <span class='ocrx_word' id='word_1_863' title='bbox 2728 3813 2884 3862; x_wconf 85' lang='grc' dir='ltr'>σου;</span> <span class='ocrx_word' id='word_1_864' title='bbox 2941 3801 3147 3870; x_wconf 86' lang='grc' dir='ltr'>Στῆσον</span> <span class='ocrx_word' id='word_1_865' title='bbox 3197 3805 3343 3875; x_wconf 75' lang='grc' dir='ltr'>ἡμᾶς</span> <span class='ocrx_word' id='word_1_866' title='bbox 3404 3806 3737 3876; x_wconf 85' lang='grc' dir='ltr'>ἀλωμένους,</span> 
     </span>
    </p>
   </div>
   <div class='ocr_carea' id='block_1_108' title="bbox 2164 3877 3740 3960">
    <p class='ocr_par' dir='ltr' id='par_1_108' title="bbox 2164 3877 3740 3960">
     <span class='ocr_line' id='line_1_111' title="bbox 2164 3877 3740 3960; baseline 0.01 -30"><span class='ocrx_word' id='word_1_867' title='bbox 2164 3877 2319 3949; x_wconf 74' lang='grc' dir='ltr'>φησὶ,</span> <span class='ocrx_word' id='word_1_868' title='bbox 2352 3879 2446 3933; x_wconf 74' lang='grc' dir='ltr'>καὶ</span> <span class='ocrx_word' id='word_1_869' title='bbox 2471 3878 2568 3949; x_wconf 81' lang='grc' dir='ltr'>τὴν</span> <span class='ocrx_word' id='word_1_870' title='bbox 2592 3881 2826 3936; x_wconf 76' lang='grc' dir='ltr'>κιϐωτὸν</span> <span class='ocrx_word' id='word_1_871' title='bbox 2855 3886 3316 3958; x_wconf 84' lang='grc' dir='ltr'>περιφερομένην,</span> <span class='ocrx_word' id='word_1_872' title='bbox 3362 3888 3455 3942; x_wconf 81' lang='grc' dir='ltr'>καὶ</span> <span class='ocrx_word' id='word_1_873' title='bbox 3485 3890 3583 3959; x_wconf 75' lang='grc' dir='ltr'>ὀψὲ</span> <span class='ocrx_word' id='word_1_874' title='bbox 3609 3890 3740 3960; x_wconf 86' lang='grc' dir='ltr'>γοῦν</span> 
     </span>
    </p>
   </div>
   <div class='ocr_carea' id='block_1_109' title="bbox 2163 3962 3738 4036">
    <p class='ocr_par' dir='ltr' id='par_1_109' title="bbox 2163 3962 3738 4036">
     <span class='ocr_line' id='line_1_112' title="bbox 2163 3962 3738 4036; baseline 0.009 -22"><span class='ocrx_word' id='word_1_875' title='bbox 2163 3977 2292 4014; x_wconf 89' lang='grc' dir='ltr'>ποτε</span> <span class='ocrx_word' id='word_1_876' title='bbox 2335 3962 2645 4016; x_wconf 86' lang='grc' dir='ltr'>ἀνάπαυσον</span> <span class='ocrx_word' id='word_1_877' title='bbox 2673 3965 2864 4035; x_wconf 83' lang='grc' dir='ltr'>αὐτήν.</span> <span class='ocrx_word' id='word_1_878' title='bbox 2911 3970 2976 4020; x_wconf 82' lang='grc' dir='ltr'>Οἱ</span> <span class='ocrx_word' id='word_1_879' title='bbox 3020 3969 3193 4036; x_wconf 75' lang='grc' dir='ltr'>ἱερεῖς</span> <span class='ocrx_word' id='word_1_880' title='bbox 3226 3985 3344 4025; x_wconf 90' lang='grc' dir='ltr'>σου</span> <span class='ocrx_word' id='word_1_881' title='bbox 3373 3971 3738 4029; x_wconf 83' lang='grc' dir='ltr'>ἐνδύσονται</span> 
     </span>
    </p>
   </div>
   <div class='ocr_carea' id='block_1_110' title="bbox 2161 4043 3734 4124">
    <p class='ocr_par' dir='ltr' id='par_1_110' title="bbox 2161 4043 3734 4124">
     <span class='ocr_line' id='line_1_113' title="bbox 2161 4043 3734 4124; baseline 0.008 -25"><span class='ocrx_word' id='word_1_882' title='bbox 2161 4043 2574 4114; x_wconf 86' lang='grc' dir='ltr'>δικαιοσύνην.</span> <span class='ocrx_word' id='word_1_883' title='bbox 2628 4048 2870 4119; x_wconf 85' lang='grc' dir='ltr'>Ἕτερος,</span> <span class='ocrx_word' id='word_1_884' title='bbox 2930 4051 3472 4120; x_wconf 68' lang='grc' dir='ltr'>Ἀμφιεσθήτωσαν.</span> <span class='ocrx_word' id='word_1_885' title='bbox 3517 4055 3734 4124; x_wconf 83' lang='grc' dir='ltr'>Ἀλλος,</span> 
     </span>
    </p>
   </div>
   <div class='ocr_carea' id='block_1_111' title="bbox 2173 4128 3730 4211">
    <p class='ocr_par' dir='ltr' id='par_1_111' title="bbox 2173 4128 3730 4211">
     <span class='ocr_line' id='line_1_114' title="bbox 2173 4128 3730 4211; baseline 0.01 -31"><span class='ocrx_word' id='word_1_886' title='bbox 2173 4128 2700 4196; x_wconf 79' lang='grc' dir='ltr'>Ἑνδυσάσθωσαν,</span> <span class='ocrx_word' id='word_1_887' title='bbox 2739 4132 2876 4204; x_wconf 82' lang='grc' dir='ltr'>ὅπερ</span> <span class='ocrx_word' id='word_1_888' title='bbox 2913 4135 3151 4204; x_wconf 89' lang='grc' dir='ltr'>μάλιστά</span> <span class='ocrx_word' id='word_1_889' title='bbox 3195 4137 3310 4191; x_wconf 81' lang='grc' dir='ltr'>ἐστι</span> <span class='ocrx_word' id='word_1_890' title='bbox 3363 4141 3730 4211; x_wconf 78' lang='grc' dir='ltr'>σαφέστερονο</span> 
     </span>
    </p>
   </div>
   <div class='ocr_carea' id='block_1_112' title="bbox 2159 4211 3736 4291">
    <p class='ocr_par' dir='ltr' id='par_1_112' title="bbox 2159 4211 3736 4291">
     <span class='ocr_line' id='line_1_115' title="bbox 2159 4211 3736 4291; baseline 0.01 -27"><span class='ocrx_word' id='word_1_891' title='bbox 2159 4211 2613 4285; x_wconf 26' lang='grc' dir='ltr'>εὐχομένου-γάρ</span> <span class='ocrx_word' id='word_1_892' title='bbox 2649 4217 2818 4282; x_wconf 78' lang='grc' dir='ltr'>ἐστιν,</span> <span class='ocrx_word' id='word_1_893' title='bbox 2867 4217 2987 4288; x_wconf 72' lang='grc' dir='ltr'>οὐχὶ</span> <span class='ocrx_word' id='word_1_894' title='bbox 3034 4221 3484 4291; x_wconf 87' lang='grc' dir='ltr'>προφητεύοντος.</span> <span class='ocrx_word' id='word_1_895' title='bbox 3523 4225 3619 4278; x_wconf 74' lang='grc' dir='ltr'>καὶ</span> <span class='ocrx_word' id='word_1_896' title='bbox 3650 4227 3736 4279; x_wconf 78' lang='grc' dir='ltr'>αίο</span> 
     </span>
    </p>
   </div>
   <div class='ocr_carea' id='block_1_113' title="bbox 2156 4296 3735 4376">
    <p class='ocr_par' dir='ltr' id='par_1_113' title="bbox 2156 4296 3735 4376">
     <span class='ocr_line' id='line_1_116' title="bbox 2156 4296 3735 4376; baseline 0.009 -28"><span class='ocrx_word' id='word_1_897' title='bbox 2156 4296 2374 4360; x_wconf 86' lang='grc' dir='ltr'>τοῦντος</span> <span class='ocrx_word' id='word_1_898' title='bbox 2403 4298 2501 4370; x_wconf 82' lang='grc' dir='ltr'>τὴν</span> <span class='ocrx_word' id='word_1_899' title='bbox 2530 4299 2628 4370; x_wconf 85' lang='grc' dir='ltr'>τῆς</span> <span class='ocrx_word' id='word_1_900' title='bbox 2655 4301 2859 4372; x_wconf 84' lang='grc' dir='ltr'>ἀρετῆς</span> <span class='ocrx_word' id='word_1_901' title='bbox 2904 4302 3118 4373; x_wconf 87' lang='grc' dir='ltr'>κτῆσιν.</span> <span class='ocrx_word' id='word_1_902' title='bbox 3164 4306 3520 4376; x_wconf 85' lang='grc' dir='ltr'>Δικαιοσύνην</span> <span class='ocrx_word' id='word_1_903' title='bbox 3550 4307 3605 4361; x_wconf 84' lang='grc' dir='ltr'>δὲ</span> <span class='ocrx_word' id='word_1_904' title='bbox 3647 4311 3735 4364; x_wconf 81' lang='grc' dir='ltr'>ὲν-</span> 
     </span>
    </p>
   </div>
   <div class='ocr_carea' id='block_1_114' title="bbox 2155 4378 3734 4461">
    <p class='ocr_par' dir='ltr' id='par_1_114' title="bbox 2155 4378 3734 4461">
     <span class='ocr_line' id='line_1_117' title="bbox 2155 4378 3734 4461; baseline 0.009 -31"><span class='ocrx_word' id='word_1_905' title='bbox 2155 4378 2332 4432; x_wconf 90' lang='grc' dir='ltr'>ταῦθά</span> <span class='ocrx_word' id='word_1_906' title='bbox 2364 4397 2496 4451; x_wconf 86' lang='grc' dir='ltr'>φησι</span> <span class='ocrx_word' id='word_1_907' title='bbox 2521 4382 2620 4452; x_wconf 82' lang='grc' dir='ltr'>τὴν</span> <span class='ocrx_word' id='word_1_908' title='bbox 2661 4383 2969 4451; x_wconf 88' lang='grc' dir='ltr'>ἀγιαστίαν,</span> <span class='ocrx_word' id='word_1_909' title='bbox 2998 4387 3097 4456; x_wconf 84' lang='grc' dir='ltr'>τὴν</span> <span class='ocrx_word' id='word_1_910' title='bbox 3129 4388 3448 4460; x_wconf 74' lang='grc' dir='ltr'>ἱερωσύνην,</span> <span class='ocrx_word' id='word_1_911' title='bbox 3495 4389 3593 4461; x_wconf 79' lang='grc' dir='ltr'>τὴν</span> <span class='ocrx_word' id='word_1_912' title='bbox 3638 4391 3734 4446; x_wconf 75' lang='grc' dir='ltr'>λαο</span> 
     </span>
    </p>
   </div>
   <div class='ocr_carea' id='block_1_115' title="bbox 2155 4463 3732 4540">
    <p class='ocr_par' dir='ltr' id='par_1_115' title="bbox 2155 4463 3732 4540">
     <span class='ocr_line' id='line_1_118' title="bbox 2155 4463 3732 4540; baseline 0.009 -26"><span class='ocrx_word' id='word_1_913' title='bbox 2155 4463 2360 4532; x_wconf 88' lang='grc' dir='ltr'>τρείαν,</span> <span class='ocrx_word' id='word_1_914' title='bbox 2391 4463 2490 4526; x_wconf 87' lang='grc' dir='ltr'>τάς</span> <span class='ocrx_word' id='word_1_915' title='bbox 2520 4464 2730 4528; x_wconf 82' lang='grc' dir='ltr'>θυσίας,</span> <span class='ocrx_word' id='word_1_916' title='bbox 2760 4465 2859 4528; x_wconf 85' lang='grc' dir='ltr'>τάς</span> <span class='ocrx_word' id='word_1_917' title='bbox 2890 4470 3224 4540; x_wconf 76' lang='grc' dir='ltr'>προσφορὰς,</span> <span class='ocrx_word' id='word_1_918' title='bbox 3252 4473 3346 4524; x_wconf 76' lang='grc' dir='ltr'>καὶ</span> <span class='ocrx_word' id='word_1_919' title='bbox 3367 4473 3506 4540; x_wconf 85' lang='grc' dir='ltr'>μετά</span> <span class='ocrx_word' id='word_1_920' title='bbox 3526 4474 3732 4528; x_wconf 85' lang='grc' dir='ltr'>τούτων</span> 
     </span>
    </p>
   </div>
   <div class='ocr_carea' id='block_1_116' title="bbox 2152 4546 3729 4627">
    <p class='ocr_par' dir='ltr' id='par_1_116' title="bbox 2152 4546 3729 4627">
     <span class='ocr_line' id='line_1_119' title="bbox 2152 4546 3729 4627; baseline 0.008 -31"><span class='ocrx_word' id='word_1_921' title='bbox 2152 4546 2253 4616; x_wconf 79' lang='grc' dir='ltr'>τὴν</span> <span class='ocrx_word' id='word_1_922' title='bbox 2306 4547 2510 4618; x_wconf 87' lang='grc' dir='ltr'>ἀκριϐῆ</span> <span class='ocrx_word' id='word_1_923' title='bbox 2567 4548 2862 4611; x_wconf 85' lang='grc' dir='ltr'>πολιτείαν,</span> <span class='ocrx_word' id='word_1_924' title='bbox 2927 4551 3113 4624; x_wconf 78' lang='grc' dir='ltr'>ἐπειδὴ</span> <span class='ocrx_word' id='word_1_925' title='bbox 3165 4554 3399 4624; x_wconf 90' lang='grc' dir='ltr'>μάλιστα</span> <span class='ocrx_word' id='word_1_926' title='bbox 3443 4557 3535 4609; x_wconf 80' lang='grc' dir='ltr'>καὶ</span> <span class='ocrx_word' id='word_1_927' title='bbox 3579 4558 3729 4627; x_wconf 86' lang='grc' dir='ltr'>παρά</span> 
     </span>
    </p>
   </div>
   <div class='ocr_carea' id='block_1_117' title="bbox 2158 4628 3726 4707">
    <p class='ocr_par' dir='ltr' id='par_1_117' title="bbox 2158 4628 3726 4707">
     <span class='ocr_line' id='line_1_120' title="bbox 2158 4628 3726 4707; baseline 0.01 -27"><span class='ocrx_word' id='word_1_928' title='bbox 2158 4628 2347 4700; x_wconf 80' lang='grc' dir='ltr'>ἱερέων</span> <span class='ocrx_word' id='word_1_929' title='bbox 2374 4629 2578 4701; x_wconf 86' lang='grc' dir='ltr'>ταύτην</span> <span class='ocrx_word' id='word_1_930' title='bbox 2618 4633 2965 4687; x_wconf 84' lang='grc' dir='ltr'>ἀπαιτεῖσθαι</span> <span class='ocrx_word' id='word_1_931' title='bbox 3019 4637 3145 4707; x_wconf 79' lang='grc' dir='ltr'>χρή.</span> <span class='ocrx_word' id='word_1_932' title='bbox 3185 4637 3295 4692; x_wconf 79' lang='grc' dir='ltr'>Καὶ</span> <span class='ocrx_word' id='word_1_933' title='bbox 3325 4641 3379 4692; x_wconf 82' lang='grc' dir='ltr'>οι</span> <span class='ocrx_word' id='word_1_934' title='bbox 3408 4639 3568 4693; x_wconf 87' lang='grc' dir='ltr'>ὅσιοί</span> <span class='ocrx_word' id='word_1_935' title='bbox 3607 4658 3726 4696; x_wconf 83' lang='grc' dir='ltr'>σου</span> 
     </span>
    </p>
   </div>
   <div class='ocr_carea' id='block_1_118' title="bbox 2152 4711 3725 4792">
    <p class='ocr_par' dir='ltr' id='par_1_118' title="bbox 2152 4711 3725 4792">
     <span class='ocr_line' id='line_1_121' title="bbox 2152 4711 3725 4792; baseline 0.008 -28"><span class='ocrx_word' id='word_1_936' title='bbox 2152 4711 2661 4781; x_wconf 75' lang='grc' dir='ltr'>ἀγγαλλιὰσονται</span> <span class='ocrx_word' id='word_1_937' title='bbox 2682 4731 2695 4745; x_wconf 77' lang='grc' dir='ltr'><strong><em>ο</em></strong></span> <span class='ocrx_word' id='word_1_938' title='bbox 2728 4715 2930 4769; x_wconf 86' lang='grc' dir='ltr'>τούτων</span> <span class='ocrx_word' id='word_1_939' title='bbox 2953 4720 3278 4788; x_wconf 83' lang='grc' dir='ltr'>γενομένων.</span> <span class='ocrx_word' id='word_1_940' title='bbox 3303 4721 3444 4792; x_wconf 84' lang='grc' dir='ltr'>Ὅρα</span> <span class='ocrx_word' id='word_1_941' title='bbox 3476 4723 3638 4776; x_wconf 77' lang='grc' dir='ltr'>αὑτὸν</span> <span class='ocrx_word' id='word_1_942' title='bbox 3661 4725 3725 4777; x_wconf 75' lang='grc' dir='ltr'>οὐ</span> 
     </span>
    </p>
   </div>
   <div class='ocr_carea' id='block_1_119' title="bbox 2152 4794 3720 4874">
    <p class='ocr_par' dir='ltr' id='par_1_119' title="bbox 2152 4794 3720 4874">
     <span class='ocr_line' id='line_1_122' title="bbox 2152 4794 3720 4874; baseline 0.009 -28"><span class='ocrx_word' id='word_1_943' title='bbox 2152 4794 2360 4856; x_wconf 83' lang='grc' dir='ltr'>πόλεως</span> <span class='ocrx_word' id='word_1_944' title='bbox 2388 4795 2654 4867; x_wconf 84' lang='grc' dir='ltr'>ζητοῦντα</span> <span class='ocrx_word' id='word_1_945' title='bbox 2679 4799 2986 4871; x_wconf 84' lang='grc' dir='ltr'>οἰκοδομὴν,</span> <span class='ocrx_word' id='word_1_946' title='bbox 3018 4802 3118 4854; x_wconf 77' lang='grc' dir='ltr'>οὐκ</span> <span class='ocrx_word' id='word_1_947' title='bbox 3145 4803 3403 4871; x_wconf 86' lang='grc' dir='ltr'>ἀφθονίαν</span> <span class='ocrx_word' id='word_1_948' title='bbox 3430 4807 3628 4874; x_wconf 79' lang='grc' dir='ltr'>ὠνίων,</span> <span class='ocrx_word' id='word_1_949' title='bbox 3661 4809 3720 4860; x_wconf 81' lang='grc' dir='ltr'>οὐ</span> 
     </span>
    </p>
   </div>
   <div class='ocr_carea' id='block_1_120' title="bbox 2149 4878 3720 4956">
    <p class='ocr_par' dir='ltr' id='par_1_120' title="bbox 2149 4878 3720 4956">
     <span class='ocr_line' id='line_1_123' title="bbox 2149 4878 3720 4956; baseline 0.009 -26"><span class='ocrx_word' id='word_1_950' title='bbox 2149 4879 2249 4949; x_wconf 83' lang='grc' dir='ltr'>τὴν</span> <span class='ocrx_word' id='word_1_951' title='bbox 2281 4878 2447 4949; x_wconf 74' lang='grc' dir='ltr'>ἀλλην</span> <span class='ocrx_word' id='word_1_952' title='bbox 2467 4881 2792 4951; x_wconf 79' lang='grc' dir='ltr'>εὐπραγίαν,</span> <span class='ocrx_word' id='word_1_953' title='bbox 2819 4882 2955 4935; x_wconf 88' lang='grc' dir='ltr'>ἀλλά</span> <span class='ocrx_word' id='word_1_954' title='bbox 2980 4883 3078 4954; x_wconf 87' lang='grc' dir='ltr'>τὴν</span> <span class='ocrx_word' id='word_1_955' title='bbox 3099 4885 3432 4956; x_wconf 83' lang='grc' dir='ltr'>εὐπρέπειαν</span> <span class='ocrx_word' id='word_1_956' title='bbox 3450 4887 3544 4942; x_wconf 90' lang='grc' dir='ltr'>τοῦ</span> <span class='ocrx_word' id='word_1_957' title='bbox 3568 4891 3720 4955; x_wconf 90' lang='grc' dir='ltr'>ναοῦ,</span> 
     </span>
    </p>
   </div>
   <div class='ocr_carea' id='block_1_121' title="bbox 2149 4959 3724 5042">
    <p class='ocr_par' dir='ltr' id='par_1_121' title="bbox 2149 4959 3724 5042">
     <span class='ocr_line' id='line_1_124' title="bbox 2149 4959 3724 5042; baseline 0.01 -30"><span class='ocrx_word' id='word_1_958' title='bbox 2149 4959 2247 5031; x_wconf 76' lang='grc' dir='ltr'>τὴν</span> <span class='ocrx_word' id='word_1_959' title='bbox 2282 4961 2384 5032; x_wconf 88' lang='grc' dir='ltr'>τῆς</span> <span class='ocrx_word' id='word_1_960' title='bbox 2433 4962 2668 5016; x_wconf 88' lang='grc' dir='ltr'>κιϐωτοῦ</span> <span class='ocrx_word' id='word_1_961' title='bbox 2715 4964 3081 5029; x_wconf 85' lang='grc' dir='ltr'>κατάπαυσιν,</span> <span class='ocrx_word' id='word_1_962' title='bbox 3121 4967 3183 5021; x_wconf 83' lang='grc' dir='ltr'>τὺ</span> <span class='ocrx_word' id='word_1_963' title='bbox 3209 4968 3319 5024; x_wconf 83' lang='grc' dir='ltr'>τῶν</span> <span class='ocrx_word' id='word_1_964' title='bbox 3355 4970 3544 5040; x_wconf 85' lang='grc' dir='ltr'>ίερέων</span> <span class='ocrx_word' id='word_1_965' title='bbox 3583 4972 3724 5042; x_wconf 81' lang='grc' dir='ltr'>πλή-</span> 
     </span>
    </p>
   </div>
   <div class='ocr_carea' id='block_1_122' title="bbox 2149 5042 3718 5125">
    <p class='ocr_par' dir='ltr' id='par_1_122' title="bbox 2149 5042 3718 5125">
     <span class='ocr_line' id='line_1_125' title="bbox 2149 5042 3718 5125; baseline 0.01 -31"><span class='ocrx_word' id='word_1_966' title='bbox 2149 5059 2329 5125; x_wconf 80' lang='grc' dir='ltr'>ρωμα.</span> <span class='ocrx_word' id='word_1_967' title='bbox 2359 5042 2458 5114; x_wconf 76' lang='grc' dir='ltr'>τήν</span> <span class='ocrx_word' id='word_1_968' title='bbox 2490 5045 2800 5113; x_wconf 89' lang='grc' dir='ltr'>ἀγιαστίαν,</span> <span class='ocrx_word' id='word_1_969' title='bbox 2829 5047 2928 5118; x_wconf 82' lang='grc' dir='ltr'>τὴν</span> <span class='ocrx_word' id='word_1_970' title='bbox 2969 5045 3244 5120; x_wconf 81' lang='grc' dir='ltr'>λατρείαν,</span> <span class='ocrx_word' id='word_1_971' title='bbox 3270 5051 3370 5124; x_wconf 78' lang='grc' dir='ltr'>τὴν</span> <span class='ocrx_word' id='word_1_972' title='bbox 3398 5055 3718 5125; x_wconf 84' lang='grc' dir='ltr'>ἱερωσύνην.</span> 
     </span>
    </p>
   </div>
   <div class='ocr_carea' id='block_1_123' title="bbox 2149 5122 3721 5209">
    <p class='ocr_par' dir='ltr' id='par_1_123' title="bbox 2149 5122 3721 5209">
     <span class='ocr_line' id='line_1_126' title="bbox 2149 5122 3721 5209; baseline 0.008 -30"><span class='ocrx_word' id='word_1_973' title='bbox 2149 5122 2283 5180; x_wconf 83' lang='grc' dir='ltr'>Εἶτα</span> <span class='ocrx_word' id='word_1_974' title='bbox 2313 5127 2500 5209; x_wconf 66' lang='grc' dir='ltr'>ἐπειδὴ</span> <span class='ocrx_word' id='word_1_975' title='bbox 2528 5129 2699 5183; x_wconf 86' lang='grc' dir='ltr'>ταῦτα</span> <span class='ocrx_word' id='word_1_976' title='bbox 2722 5130 2950 5201; x_wconf 70' lang='grc' dir='ltr'>ᾔτησαν,</span> <span class='ocrx_word' id='word_1_977' title='bbox 2983 5132 3137 5186; x_wconf 80' lang='grc' dir='ltr'>αὐτοὶ</span> <span class='ocrx_word' id='word_1_978' title='bbox 3155 5132 3214 5187; x_wconf 82' lang='grc' dir='ltr'>δὲ</span> <span class='ocrx_word' id='word_1_979' title='bbox 3243 5122 3528 5192; x_wconf 75' lang='grc' dir='ltr'>ὑπεύθυνοι</span> <span class='ocrx_word' id='word_1_980' title='bbox 3550 5122 3721 5209; x_wconf 73' lang='grc' dir='ltr'>ἁμαρ⁴</span> 
     </span>
    </p>
   </div>
   <div class='ocr_carea' id='block_1_124' title="bbox 2147 5205 3716 5290">
    <p class='ocr_par' dir='ltr' id='par_1_124' title="bbox 2147 5205 3716 5290">
     <span class='ocr_line' id='line_1_127' title="bbox 2147 5205 3716 5290; baseline 0.01 -31"><span class='ocrx_word' id='word_1_981' title='bbox 2147 5210 2209 5276; x_wconf 86' lang='grc' dir='ltr'>τή</span> <span class='ocrx_word' id='word_1_982' title='bbox 2221 5225 2384 5277; x_wconf 88' lang='grc' dir='ltr'>μασιν</span> <span class='ocrx_word' id='word_1_983' title='bbox 2406 5205 2545 5281; x_wconf 81' lang='grc' dir='ltr'>ἦσαν</span> <span class='ocrx_word' id='word_1_984' title='bbox 2586 5212 2818 5276; x_wconf 88' lang='grc' dir='ltr'>πολλοῖς,</span> <span class='ocrx_word' id='word_1_985' title='bbox 2849 5214 2941 5267; x_wconf 78' lang='grc' dir='ltr'>ἐπὶ</span> <span class='ocrx_word' id='word_1_986' title='bbox 2965 5215 3054 5268; x_wconf 72' lang='grc' dir='ltr'>τὸν</span> <span class='ocrx_word' id='word_1_987' title='bbox 3096 5218 3357 5288; x_wconf 86' lang='grc' dir='ltr'>πρόγονον</span> <span class='ocrx_word' id='word_1_988' title='bbox 3382 5205 3716 5290; x_wconf 77' lang='grc' dir='ltr'>καταφεύγει</span> 
     </span>
    </p>
   </div>
   <div class='ocr_carea' id='block_1_125' title="bbox 2150 5291 3715 5372">
    <p class='ocr_par' dir='ltr' id='par_1_125' title="bbox 2150 5291 3715 5372">
     <span class='ocr_line' id='line_1_128' title="bbox 2150 5291 3715 5372; baseline 0.01 -30"><span class='ocrx_word' id='word_1_989' title='bbox 2150 5291 2307 5343; x_wconf 85' lang='grc' dir='ltr'>πάλιν</span> <span class='ocrx_word' id='word_1_990' title='bbox 2343 5291 2514 5360; x_wconf 86' lang='grc' dir='ltr'>λέγων</span> <span class='ocrx_word' id='word_1_991' title='bbox 2534 5308 2549 5323; x_wconf 76' lang='grc' dir='ltr'><strong>ο</strong></span> <span class='ocrx_word' id='word_1_992' title='bbox 2582 5295 2833 5348; x_wconf 81' lang='grc' dir='ltr'>’Ἕνεκεν</span> <span class='ocrx_word' id='word_1_993' title='bbox 2869 5298 3052 5352; x_wconf 81' lang='grc' dir='ltr'>Δαυῒδ</span> <span class='ocrx_word' id='word_1_994' title='bbox 3087 5299 3194 5354; x_wconf 85' lang='grc' dir='ltr'>τοῦ</span> <span class='ocrx_word' id='word_1_995' title='bbox 3219 5301 3446 5356; x_wconf 67' lang='grc' dir='ltr'>δούλου</span> <span class='ocrx_word' id='word_1_996' title='bbox 3482 5318 3600 5356; x_wconf 91' lang='grc' dir='ltr'>σου</span> <span class='ocrx_word' id='word_1_997' title='bbox 3630 5301 3715 5372; x_wconf 77' lang='grc' dir='ltr'>μὴ</span> 
     </span>
    </p>
   </div>
   <div class='ocr_carea' id='block_1_126' title="bbox 2144 5372 3716 5454">
    <p class='ocr_par' dir='ltr' id='par_1_126' title="bbox 2144 5372 3716 5454">
     <span class='ocr_line' id='line_1_129' title="bbox 2144 5372 3716 5454; baseline 0.007 -26"><span class='ocrx_word' id='word_1_998' title='bbox 2144 5372 2295 5447; x_wconf 80' lang='lat' dir='ltr'>I578]</span> <span class='ocrx_word' id='word_1_999' title='bbox 2348 5376 2743 5446; x_wconf 69' lang='grc' dir='ltr'>ἁποστρέψῃς</span> <span class='ocrx_word' id='word_1_1000' title='bbox 2802 5380 2869 5432; x_wconf 86' lang='grc' dir='ltr'>τὸ</span> <span class='ocrx_word' id='word_1_1001' title='bbox 2923 5383 3248 5448; x_wconf 84' lang='grc' dir='ltr'>πρόσωπον</span> <span class='ocrx_word' id='word_1_1002' title='bbox 3299 5385 3408 5437; x_wconf 87' lang='grc' dir='ltr'>τοῦ</span> <span class='ocrx_word' id='word_1_1003' title='bbox 3460 5385 3716 5454; x_wconf 69' lang='grc' dir='ltr'>πριστοῦ</span> 
     </span>
    </p>
   </div>
   <div class='ocr_carea' id='block_1_127' title="bbox 2141 5461 3717 5534">
    <p class='ocr_par' dir='ltr' id='par_1_127' title="bbox 2141 5461 3717 5534">
     <span class='ocr_line' id='line_1_130' title="bbox 2141 5461 3717 5534; baseline 0.006 -22"><span class='ocrx_word' id='word_1_1004' title='bbox 2141 5475 2280 5514; x_wconf 87' lang='grc' dir='ltr'>σου.</span> <span class='ocrx_word' id='word_1_1005' title='bbox 2323 5461 2386 5512; x_wconf 83' lang='grc' dir='ltr'>Τί</span> <span class='ocrx_word' id='word_1_1006' title='bbox 2431 5463 2601 5526; x_wconf 76' lang='grc' dir='ltr'>ἐστιν,</span> <span class='ocrx_word' id='word_1_1007' title='bbox 2637 5463 2884 5517; x_wconf 82' lang='grc' dir='ltr'>Ἕνεκεν</span> <span class='ocrx_word' id='word_1_1008' title='bbox 2917 5464 3100 5518; x_wconf 84' lang='grc' dir='ltr'>Δαυῒδ</span> <span class='ocrx_word' id='word_1_1009' title='bbox 3146 5467 3252 5522; x_wconf 87' lang='grc' dir='ltr'>τοῦ</span> <span class='ocrx_word' id='word_1_1010' title='bbox 3299 5467 3526 5523; x_wconf 70' lang='grc' dir='ltr'>δούλου</span> <span class='ocrx_word' id='word_1_1011' title='bbox 3561 5484 3717 5534; x_wconf 87' lang='grc' dir='ltr'>σου;</span> 
     </span>
    </p>
   </div>
   <div class='ocr_carea' id='block_1_128' title="bbox 2141 5543 3714 5622">
    <p class='ocr_par' dir='ltr' id='par_1_128' title="bbox 2141 5543 3714 5622">
     <span class='ocr_line' id='line_1_131' title="bbox 2141 5543 3714 5622; baseline 0.006 -27"><span class='ocrx_word' id='word_1_1012' title='bbox 2141 5543 2214 5596; x_wconf 78' lang='grc' dir='ltr'>Οὐ</span> <span class='ocrx_word' id='word_1_1013' title='bbox 2251 5543 2339 5597; x_wconf 86' lang='grc' dir='ltr'>διὰ</span> <span class='ocrx_word' id='word_1_1014' title='bbox 2365 5543 2460 5615; x_wconf 77' lang='grc' dir='ltr'>τὴν</span> <span class='ocrx_word' id='word_1_1015' title='bbox 2484 5545 2684 5617; x_wconf 78' lang='grc' dir='ltr'>ἀρετὴν</span> <span class='ocrx_word' id='word_1_1016' title='bbox 2712 5546 2920 5600; x_wconf 83' lang='grc' dir='ltr'>ἐκείνου</span> <span class='ocrx_word' id='word_1_1017' title='bbox 2951 5547 3132 5618; x_wconf 80' lang='grc' dir='ltr'>μόνον,</span> <span class='ocrx_word' id='word_1_1018' title='bbox 3158 5551 3345 5622; x_wconf 76' lang='grc' dir='ltr'>φησὶν,</span> <span class='ocrx_word' id='word_1_1019' title='bbox 3375 5551 3485 5606; x_wconf 77' lang='grc' dir='ltr'>οὐδ’</span> <span class='ocrx_word' id='word_1_1020' title='bbox 3514 5552 3596 5607; x_wconf 81' lang='grc' dir='ltr'>ότι</span> <span class='ocrx_word' id='word_1_1021' title='bbox 3622 5568 3714 5604; x_wconf 88' lang='grc' dir='ltr'>το-</span> 
     </span>
    </p>
   </div>
   <div class='ocr_carea' id='block_1_129' title="bbox 2143 5627 3714 5702">
    <p class='ocr_par' dir='ltr' id='par_1_129' title="bbox 2143 5627 3714 5702">
     <span class='ocr_line' id='line_1_132' title="bbox 2143 5627 3714 5702; baseline 0.006 -25"><span class='ocrx_word' id='word_1_1022' title='bbox 2143 5627 2344 5698; x_wconf 79' lang='grc' dir='ltr'>σαύτην</span> <span class='ocrx_word' id='word_1_1023' title='bbox 2369 5627 2604 5700; x_wconf 81' lang='grc' dir='ltr'>σπουδὴν</span> <span class='ocrx_word' id='word_1_1024' title='bbox 2638 5631 2664 5670; x_wconf 78' lang='grc' dir='ltr'>ε</span> <span class='ocrx_word' id='word_1_1025' title='bbox 2701 5629 2990 5700; x_wconf 72' lang='grc' dir='ltr'>ἐποιήσατο</span> <span class='ocrx_word' id='word_1_1026' title='bbox 3023 5631 3157 5702; x_wconf 79' lang='grc' dir='ltr'>πρὸς</span> <span class='ocrx_word' id='word_1_1027' title='bbox 3199 5633 3259 5687; x_wconf 78' lang='grc' dir='ltr'>τὸ</span> <span class='ocrx_word' id='word_1_1028' title='bbox 3297 5633 3388 5687; x_wconf 80' lang='grc' dir='ltr'>τὸν</span> <span class='ocrx_word' id='word_1_1029' title='bbox 3415 5635 3542 5690; x_wconf 82' lang='grc' dir='ltr'>ναὸν</span> <span class='ocrx_word' id='word_1_1030' title='bbox 3584 5635 3714 5688; x_wconf 85' lang='grc' dir='ltr'>ἀνα-</span> 
     </span>
    </p>
   </div>
   <div class='ocr_carea' id='block_1_130' title="bbox 2207 5734 3524 5802">
    <p class='ocr_par' dir='ltr' id='par_1_130' title="bbox 2207 5734 3524 5802">
     <span class='ocr_line' id='line_1_133' title="bbox 2207 5734 3524 5802; baseline 0.005 -18"><span class='ocrx_word' id='word_1_1031' title='bbox 2207 5734 2227 5802; x_wconf 60' lang='grc' dir='ltr'>ξ</span> <span class='ocrx_word' id='word_1_1032' title='bbox 2255 5736 2386 5802; x_wconf 64' lang='lat' dir='ltr'>Haec.</span> <span class='ocrx_word' id='word_1_1033' title='bbox 2408 5739 2638 5802; x_wconf 64' lang='grc' dir='ltr'>σκήνωμα</span> <span class='ocrx_word' id='word_1_1034' title='bbox 2662 5742 2730 5799; x_wconf 76' lang='grc' dir='ltr'>τῷ</span> <span class='ocrx_word' id='word_1_1035' title='bbox 2753 5741 2863 5802; x_wconf 76' lang='grc' dir='ltr'>θεῷ</span> <span class='ocrx_word' id='word_1_1036' title='bbox 2907 5741 3099 5792; x_wconf 78' lang='grc' dir='ltr'>Ἰακώϐ.</span> <span class='ocrx_word' id='word_1_1037' title='bbox 3124 5758 3220 5793; x_wconf 83' lang='lat' dir='ltr'><strong>non</strong></span> <span class='ocrx_word' id='word_1_1038' title='bbox 3245 5744 3392 5793; x_wconf 79' lang='lat' dir='ltr'><strong>habet</strong></span> <span class='ocrx_word' id='word_1_1039' title='bbox 3413 5744 3524 5794; x_wconf 68' lang='grc' dir='ltr'>εστ.</span> 
     </span>
    </p>
   </div>
   <div class='ocr_carea' id='block_1_131' title="bbox 2205 5797 3707 5866">
    <p class='ocr_par' dir='ltr' id='par_1_131' title="bbox 2205 5797 3707 5866">
     <span class='ocr_line' id='line_1_134' title="bbox 2205 5797 3707 5866; baseline 0.006 -19"><span class='ocrx_word' id='word_1_1040' title='bbox 2205 5797 2228 5839; x_wconf 66' lang='grc' dir='ltr'>ί</span> <span class='ocrx_word' id='word_1_1041' title='bbox 2251 5798 2359 5848; x_wconf 70' lang='grc' dir='ltr'>ειν.</span> <span class='ocrx_word' id='word_1_1042' title='bbox 2387 5802 2448 5861; x_wconf 76' lang='grc' dir='ltr'>μή</span> <span class='ocrx_word' id='word_1_1043' title='bbox 2475 5801 2551 5848; x_wconf 75' lang='grc' dir='ltr'>διὰ</span> <span class='ocrx_word' id='word_1_1044' title='bbox 2573 5797 2654 5858; x_wconf 74' lang='grc' dir='ltr'>τήν</span> <span class='ocrx_word' id='word_1_1045' title='bbox 2675 5797 2898 5862; x_wconf 71' lang='grc' dir='ltr'>ἀρετήν...</span> <span class='ocrx_word' id='word_1_1046' title='bbox 2935 5807 3049 5866; x_wconf 81' lang='grc' dir='ltr'>μηδὲ</span> <span class='ocrx_word' id='word_1_1047' title='bbox 3077 5807 3193 5855; x_wconf 83' lang='grc' dir='ltr'>οιότι</span> <span class='ocrx_word' id='word_1_1048' title='bbox 3218 5806 3451 5863; x_wconf 79' lang='grc' dir='ltr'>τοσαύτην</span> <span class='ocrx_word' id='word_1_1049' title='bbox 3479 5805 3707 5861; x_wconf 51' lang='lat' dir='ltr'>eam.</span> 
     </span>
    </p>
   </div>
  </div>
