4116 6204
351 327 447 382 58!

347 437 495 490 czede
521 449 819 508 paucorum
851 449 1130 503 corporum
1160 443 1214 489 et
1243 444 1512 505 peccatum
1541 439 1608 492 de
1637 437 1814 493 medio
1836 436 1934 493 tol-

350 527 458 580 lere
485 567 500 590 ,
529 536 580 580 et
613 526 749 579 iram
781 535 1024 582 avertere
1045 566 1062 593 ,
1115 525 1383 595 Deumque
1403 525 1623 582 reddere
1648 529 1932 597 propitium

351 616 434 680 iis,
465 616 554 686 qui
587 616 715 670 talia
755 616 1128 672 admiserant?
1151 616 1206 674 Si
1231 617 1300 671 ita
1326 618 1706 672 examinaveris
1747 634 1866 688 qua:
1901 631 1934 671 a

350 707 493 776 justo
523 708 657 760 facta
686 719 833 776 sunt,
863 723 927 763 ex
953 723 1019 766 eo
1039 710 1266 765 maxime
1287 707 1486 764 videbis
1508 723 1629 763 eum
1651 710 1810 766 fuisse
1837 711 1937 765 mi-

353 798 638 852 tissimum.

419 887 476 944 2.
503 887 610 942 Sed
649 888 766 943 haec
795 904 863 944 ex
887 891 950 944 iis
975 905 1091 959 qua:
1111 889 1246 944 dicta
1276 897 1400 944 sunt
1423 890 1658 946 sinentes
1683 891 1934 948 studiosis

354 996 656 1046 recensere,
681 998 748 1034 ne
773 998 836 1036 ea
858 1025 872 1048 ,
905 997 1024 1051 qua:
1043 983 1215 1035 obiter
1239 982 1532 1036 aﬂ‘eruntur
1549 1025 1564 1050 ,
1598 984 1704 1036 sint
1731 983 1929 1051 majora

354 1075 420 1130 iis
445 1090 563 1146 quae
588 1085 714 1129 sunt
738 1075 788 1128 in
821 1073 1095 1136 manibus,
1135 1073 1198 1128 ad
1227 1073 1276 1128 id
1302 1075 1439 1144 quod
1466 1082 1549 1130 est
1569 1075 1721 1130 nobis
1743 1090 1935 1146 propo-

357 1166 553 1229 situm,
606 1175 962 1218 revertamur.
1007 1162 1140 1229 Quid
1174 1175 1288 1218 erat
1333 1171 1507 1219 autem
1555 1167 1928 1234 propositum:

354 1254 645 1320 Memento,
695 1254 944 1320 Domine,
1000 1238 1194 1318 David,
1243 1264 1291 1308 et
1337 1256 1500 1308 omnis
1537 1255 1933 1309 mansuetudinis

352 1351 463 1414 eius
481 1365 502 1403 :
521 1348 578 1402 2.
607 1349 733 1400 sicut
763 1347 958 1418 juravit
989 1345 1208 1399 Domino
1229 1387 1242 1409 ,
1275 1357 1441 1398 uotum
1469 1347 1594 1399 vovit
1621 1345 1728 1399 Deo
1747 1345 1929 1400 Iacob.

351 1443 483 1495 Cum
508 1441 871 1514 proposuisset
887 1439 1065 1494 dieare
1087 1439 1154 1493 de
1176 1439 1599 1504 mansuetudine,
1623 1440 1686 1493 iis
1715 1449 1938 1508 prteter-

352 1535 528 1589 missis
561 1549 678 1602 qua:
705 1533 849 1610 Sauli
879 1531 1105 1598 fecerat,
1135 1547 1251 1601 qua:
1278 1531 1526 1586 fratribus
1551 1572 1565 1596 ,
1611 1547 1729 1601 qua:
1765 1530 1934 1586 Jona-

353 1626 476 1690 tlne,
509 1626 704 1680 omissa
748 1623 876 1678 item
909 1622 1159 1692 patientia
1185 1637 1288 1691 qua
1311 1637 1436 1676 usus
1459 1622 1648 1676 eratin
1680 1621 1930 1687 militem,

351 1719 438 1786 qui
467 1731 587 1770 eum
614 1712 929 1784 aspergebat
952 1713 1098 1766 mille
1126 1712 1330 1780 probris
1350 1726 1411 1766 ac
1431 1710 1746 1775 maledictis,
1775 1719 1828 1765 et
1850 1711 1932 1766 bis

351 1808 508 1878 longe
538 1806 811 1875 pluribus,
860 1803 928 1857 ad
971 1802 1113 1856 aliud
1151 1812 1307 1870 caput
1333 1801 1545 1857 deducit
1590 1801 1928 1869 orationem,

354 1901 491 1969 quod
532 1899 818 1953 niaximum
884 1898 934 1950 in
962 1911 1022 1950 se
1073 1895 1245 1952 zelum
1294 1903 1347 1950 et
1385 1894 1630 1950 ardorem
1672 1896 1930 1950 continet.

353 1993 524 2058 Quare
548 2005 675 2058 ergo
700 1990 796 2044 hoc
821 1988 941 2044 facit
966 1987 989 2039 ζ’
1015 1987 1226 2042 Duabus
1245 1986 1314 2042 de
1332 1987 1506 2042 causis
1531 2007 1545 2042 :
1567 2001 1669 2040 una
1695 1988 1929 2056 quidem,

351 2082 599 2152 quoniam
638 2081 778 2135 Deus
819 2096 884 2135 eo
928 2080 1156 2138 maxime
1204 2079 1501 2133 delectatur
1534 2097 1546 2132 :
1578 2077 1746 2148 Super
1785 2094 1931 2149 quem

351 2173 501 2239 enini,
534 2171 736 2242 inquit,
763 2172 1054 2242 respiciam,
1083 2170 1177 2225 nisi
1207 2186 1357 2238 super
1383 2180 1695 2224 mansuetum
1717 2180 1764 2224 et
1788 2171 1930 2240 quie-

351 2275 476 2327 tum,
501 2272 550 2318 et
574 2271 858 2316 trementem
881 2261 1027 2315 verba
1059 2277 1167 2315 mea
1195 2263 1214 2332 (
1237 2259 1362 2314 Isai.
1393 2261 1474 2318 66.
1510 2261 1620 2333 2)?
1648 2261 1751 2316 alia
1782 2277 1928 2328 vero,

349 2355 594 2426 quoniam
623 2354 724 2409 hoc
765 2354 904 2425 quod
948 2355 1178 2409 maxime
1207 2353 1468 2424 urgebat,
1516 2369 1707 2423 nempe
1749 2353 1929 2423 templi

349 2447 710 2512 constructio,
760 2455 816 2502 et
845 2446 1073 2500 civitatis
1097 2445 1410 2512 aediﬁcatio,
1457 2457 1508 2501 et
1534 2447 1736 2516 antiqui
1763 2455 1931 2501 status

349 2537 655 2606 reipublicae
681 2536 944 2591 restitutio
965 2577 981 2602 ,
1023 2535 1089 2590 ad
1118 2535 1219 2591 hoc
1246 2537 1474 2590 maxime
1518 2536 1697 2605 dirigit
1733 2537 1930 2590 oratio-

349 2645 494 2692 nem,
524 2636 578 2683 et
611 2627 735 2683 illud
763 2627 974 2705 quidem
1008 2627 1382 2696 praetermittit,
1413 2635 1468 2681 ut
1497 2626 1637 2697 quod
1667 2628 1731 2681 sit
1764 2628 1933 2680 mani-

348 2723 540 2776 festum
582 2731 639 2778 et
674 2720 727 2775 in
765 2718 1013 2774 confesso
1042 2737 1057 2774 :
1085 2719 1293 2789 cognita
1337 2719 1478 2773 enim
1524 2728 1639 2773 erat
1679 2720 1924 2773 omnibus

348 2816 464 2886 ejus
485 2813 866 2878 mansuetudo;
893 2813 944 2867 id
969 2822 1144 2868 autem
1169 2827 1275 2884 quo
1297 2813 1526 2868 maxime
1546 2827 1678 2881 Opus
1701 2811 1920 2866 habebat
1975 2847 1978 2850 .

347 2907 413 2962 ad
454 2922 607 2960 suum
653 2905 950 2960 institutum
980 2946 996 2970 ,
1050 2904 1100 2958 id
1134 2905 1182 2957 in
1233 2904 1466 2958 medium
1517 2902 1746 2958 adducit.
1791 2902 1929 2970 Quid

348 3001 488 3056 enim
533 2999 710 3054 videre
757 2997 1079 3068 cupiebant?
1109 2996 1386 3066 Templum
1424 2998 1706 3053 excitatura
1734 3038 1748 3062 ,
1778 3005 1928 3052 vete-

349 3106 541 3161 resque
583 3093 714 3145 ritus
747 3098 801 3144 et
834 3090 1164 3144 ceremonias
1191 3090 1479 3143 restitutas.
1512 3089 1771 3155 Quoniam
1803 3102 1929 3157 ergo

351 3185 514 3240 David
556 3194 669 3238 erat
707 3198 767 3238 ea
813 3197 871 3238 re
918 3182 1148 3236 maxime
1198 3181 1438 3250 insignis,
1489 3180 1630 3234 illius
1676 3179 1833 3235 smdii
1877 3187 1933 3235 et

348 3275 512 3330 animi
541 3274 690 3342 quasi
716 3272 1198 3328 remunerationem
1230 3274 1362 3340 petit
1387 3286 1416 3323 a
1446 3271 1552 3324 Deo
1580 3269 1768 3340 templi,
1802 3269 1927 3324 a-di-

353 3365 674 3429 ﬁcationem,
698 3375 749 3421 et
772 3365 901 3420 dicit
929 3385 943 3420 :
973 3363 1244 3430 Memento,
1275 3361 1511 3427 Domine,
1538 3361 1724 3428 David,
1749 3372 1800 3416 et
1820 3379 1927 3414 om-

349 3462 429 3515 nis
467 3460 860 3514 mansuetudinis
899 3461 1008 3525 eius
1035 3473 1054 3512 :
1090 3459 1217 3512 sicut
1245 3458 1436 3529 juravit
1475 3455 1732 3520 Domino,
1759 3466 1929 3509 votum

349 3553 477 3606 uouit
504 3549 608 3605 Deo
627 3549 807 3605 Iacob.
835 3551 888 3606 ὃ.
915 3550 974 3604 Si
1001 3549 1238 3603 introiero
1262 3549 1314 3602 in
1346 3547 1720 3602 tabernaculum
1750 3545 1928 3600 domus

350 3659 490 3709 metu,
513 3644 556 3696 si
575 3643 847 3697 escendero
865 3643 917 3695 in
938 3642 1119 3696 lectum
1139 3640 1286 3694 strati
1308 3641 1424 3706 mei,
1446 3640 1496 3693 ι.
1517 3639 1561 3692 si
1589 3639 1771 3692 dedero
1793 3654 1928 3692 som-

349 3751 468 3788 num
491 3735 648 3790 oculis
674 3734 817 3796 meis,
847 3743 894 3787 et
918 3731 1168 3802 palpebris
1197 3731 1318 3786 meis
1342 3731 1766 3795 dormitationem,
1798 3729 1853 3784 5.
1877 3738 1925 3782 et

348 3827 563 3894 requiem
577 3825 880 3894 temporibus
898 3824 1039 3889 meis,
1062 3823 1218 3876 donec
1237 3813 1482 3875 inveniam
1505 3823 1668 3875 locant
1687 3819 1922 3885 Domino,

349 3919 722 3971 tabernaculum
740 3915 850 3970 Deo
874 3915 1054 3969 Iacob.
1079 3915 1139 3968 Et
1165 3913 1289 3984 quid
1312 3914 1412 3967 hoc
1431 3912 1496 3966 ad
1521 3924 1572 3967 te
1597 3913 1620 3966 ’ἶ
1642 3912 1923 3980 Quoniam,

351 4009 538 4079 inquit,
571 4009 637 4064 ab
665 4023 730 4064 eo
757 4023 924 4079 genus
950 4007 1094 4068 duxi,
1123 4016 1176 4060 et
1202 4007 1450 4075 quoniam
1479 4021 1595 4060 cum
1623 4005 1712 4061 tibi
1741 4005 1928 4060 fuisset

349 4087 620 4170 acceptum
647 4099 761 4170 ejus
789 4099 1018 4152 studium
1045 4106 1100 4152 et
1127 4096 1394 4174 diligentia
1421 4137 1436 4164 ,
1483 4096 1662 4150 dixisti
1709 4107 1762 4153 te
1809 4098 1926 4166 ejus

349 4207 517 4264 genus
551 4201 604 4246 et
648 4207 865 4262 regnum
911 4201 1255 4246 erecturum:
1297 4199 1575 4259 propterea
1616 4189 1728 4244 hare
1774 4203 1923 4260 pacta

349 4294 608 4342 conventa
638 4299 778 4339 nunc
801 4300 831 4338 a
858 4293 909 4338 te
935 4284 1214 4354 exigimus.
1238 4281 1352 4336 Non
1378 4282 1510 4336 dixit
1527 4291 1726 4350 autem,
1748 4283 1926 4340 Donec

349 4377 685 4432 ardilicavero
705 4375 838 4447 (hoc
853 4377 995 4432 enim
1018 4391 1122 4431 non
1147 4375 1318 4432 fuerat
1333 4376 1379 4430 ei
1403 4375 1718 4446 permissum
1737 4375 1780 4446 ),
1807 4379 1923 4446 sed,

349 4468 524 4524 Donec
546 4468 776 4522 invenero
806 4467 968 4521 locum
998 4465 1212 4520 Domino
1239 4476 1284 4520 et
1307 4466 1702 4520 tabernaculum.
1727 4469 1926 4524 Deinde

349 4575 471 4616 eum
498 4558 710 4630 quidem
738 4558 826 4629 qui
854 4565 936 4614 est
960 4547 1315 4612 aediﬁcaturus
1346 4559 1581 4627 printerit
1611 4601 1622 4612 .
1651 4575 1772 4612 eum
1800 4575 1927 4616 vero

351 4652 438 4723 qui
464 4658 545 4704 est
574 4649 839 4720 pollicitus
858 4691 874 4716 ,
908 4649 958 4703 in
986 4649 1217 4702 medium
1243 4649 1477 4714 adducit,
1511 4659 1568 4704 ut
1591 4651 1729 4705 scias
1759 4668 1925 4722 quan-

349 4755 456 4798 tum
485 4742 680 4797 bonum
703 4741 772 4796 sit
793 4749 970 4796 rectus
995 4740 1226 4806 animus,
1255 4750 1310 4796 et
1333 4743 1602 4812 quomodo
1627 4745 1766 4797 Deus
1786 4760 1926 4798 sem-

349 4853 442 4907 per
470 4835 806 4890 consueverit
833 4841 980 4888 recto
1007 4833 1165 4886 animi
1197 4834 1432 4888 instituto
1461 4844 1514 4889 et
1555 4836 1707 4891 bonte
1739 4838 1926 4892 volun-

345 4929 438 4984 tati
468 4927 767 4983 mercedem
789 4927 1114 4981 constituere
1146 4943 1158 4978 :
1187 4936 1242 4980 et
1291 4927 1411 4981 ideo
1447 4930 1563 4996 ejns
1597 4932 1768 4999 potius
1809 4948 1924 4986 me-

347 5021 522 5088 minit,
555 5021 806 5090 quoniam
836 5019 948 5087 ipse
990 5028 1071 5073 est
1102 5017 1276 5087 potius
1300 5020 1386 5088 qui
1422 5021 1734 5088 mdilicavit,
1767 5041 1925 5094 quam

349 5095 508 5166 filius.
539 5109 637 5165 Hic
661 5109 805 5164 enim
849 5109 1113 5177 pollicitus
1141 5119 1220 5164 est
1251 5129 1263 5163 :
1296 5111 1385 5166 ille
1433 5127 1561 5166 vero
1599 5113 1780 5182 jussus
1824 5127 1924 5172 est.

349 5203 482 5259 Vide
519 5211 696 5258 autem
737 5200 1022 5254 maximam
1061 5201 1176 5268 ejus
1213 5203 1370 5256 animi
1420 5204 1769 5260 alacritatem.
1814 5209 1926 5264 Non

348 5296 524 5351 solum
551 5292 680 5346 dicit
707 5306 766 5345 se
798 5305 902 5342 non
944 5290 1298 5356 ingressurum
1325 5294 1544 5350 domum
1564 5338 1578 5363 ,
1612 5313 1710 5352 nec
1737 5299 1926 5354 lectum

349 5398 698 5442 ascensurum
721 5421 735 5442 .
769 5378 862 5434 sed
905 5392 972 5432 ne
997 5394 1058 5431 ea
1086 5379 1295 5449 quidem
1337 5401 1456 5453 qua:
1497 5398 1651 5442 erant
1677 5393 1930 5448 naturalis

351 5477 685 5536 necessitatis
712 5474 880 5528 libere
907 5470 1305 5541 dcsntnpturum
1327 5517 1342 5535 ,
1375 5475 1545 5532 donec
1575 5479 1832 5535 invenerit
1852 5485 1928 5536 lo-

351 5586 468 5624 cum
500 5579 555 5624 et
586 5562 988 5624 tabernaculum
1023 5561 1128 5614 Deo
1162 5560 1346 5616 Jacob.
1395 5567 1628 5631 Quorum
1669 5573 1930 5630 contraria

348 5663 428 5714 eis
457 5675 486 5715 τι
514 5660 628 5715 Deo
656 5653 1064 5725 objiciebantur.
1091 5650 1300 5704 dicente
1331 5671 1341 5703 :
1388 5654 1483 5709 Vos
1512 5659 1708 5723 quidem
1735 5661 1929 5716 habita-

357 5753 414 5803 tis
461 5751 510 5805 in
553 5748 784 5804 domibus
827 5741 1068 5810 laqueatis
1099 5756 1114 5792 .'
1145 5740 1320 5795 domus
1365 5756 1529 5798 autem
1575 5764 1680 5800 mea
1728 5765 1799 5804 est
1841 5744 1952 5812 de?

1487 324 1837 383 EXPOSlTiO
1875 324 1940 381 ΙΝ
1978 323 2298 384 ΡὸᾹῐιΜυΜ
2335 329 2570 388 CXXXI.

3517 347 3623 403 38%

2041 448 2175 492 serta
2201 439 2300 511 (a).
2334 439 2504 496 Donec
2533 445 2764 502 invenero
2791 449 2955 503 locum
2976 451 3210 518 Domino,
3245 459 3624 516 tabernaculum

2041 527 2151 584 Deo
2189 529 2348 586 Iacob
2397 535 2564 606 (Agg.
2612 539 2664 592 l.
2709 539 2799 608 4).
2854 541 2982 597 Vide
3029 546 3116 600 llic
3164 565 3348 606 rursus
3385 554 3620 609 studium

2038 631 2092 678 et
2116 625 2278 682 animi
2327 628 2759 686 sollicitudinem.
2801 631 2913 693 Rex
2956 635 3120 699 dicit,
3174 637 3348 695 Donec
3389 645 3624 700 inuenero

2040 714 2207 768 locum
2253 715 2472 772 Domino
2495 760 2509 782 ,
2553 723 2932 778 tabernaculum
2966 725 3074 779 Deo
3098 727 3258 783 Iacob
3312 732 3408 802 (ὸ)
3439 753 3453 788 :
3487 751 3578 790 rex
3601 777 3617 800 .

2039 805 2252 875 inquam
2276 849 2290 872 ,
2321 811 2408 879 qui
2438 811 2492 864 in
2521 827 2707 867 omnes
2723 813 3054 870 dominatum
3079 811 3624 880 obtinebat.lNolebat

2038 897 2184 954 enim
2209 900 2381 956 solum
2405 913 2706 972 exstruere,
2727 907 2820 960 sed
2847 908 3005 961 etiam
3035 912 3086 963 in
3121 911 3240 965 loco
3265 914 3544 982 aptissimo
3568 928 3624 972 et

2035 992 2125 1062 qui
2149 993 2345 1062 templo
2375 994 2525 1049 valde
2549 1009 2888 1066 congrueret,
2925 1009 2981 1054 et
3010 1017 3144 1072 opus
3169 1005 3219 1058 ei
3251 1017 3367 1060 erat
3399 1008 3624 1076 inquisi-

2037 1083 2184 1138 tione
2216 1101 2230 1139 :
2265 1093 2406 1140 tanta
2435 1096 2549 1142 erat
2571 1089 2736 1143 animi
2775 1091 3062 1159 vigilantia.
3093 1095 3147 1151 6.
3181 1095 3316 1153 Ecce
3338 1101 3624 1158 audiuimus

2035 1190 2146 1229 eam
2169 1175 2224 1229 in
2248 1175 2496 1245 Epltrata,
2527 1180 2806 1236 inuenimus
2829 1200 2938 1236 eam
2973 1185 3025 1238 in
3055 1189 3250 1257 campis
3283 1192 3456 1261 sylva.
3483 1191 3622 1247 Nar-

2035 1274 2117 1319 rat
2163 1283 2309 1322 nunc
2335 1279 2534 1334 vetera,
2567 1272 2858 1328 ostendens
2896 1289 3074 1331 aream
3101 1289 3258 1332 antea
3297 1281 3455 1351 longo
3481 1292 3619 1338 tem-

2039 1371 2166 1424 pore
2193 1373 2400 1414 errasse
2425 1400 2439 1423 ,
2484 1361 2655 1416 locum
2692 1361 2812 1418 loco
2833 1375 3161 1434 mutantem,
3203 1381 3256 1423 et
3293 1371 3414 1425 ideo
3443 1375 3572 1430 dicit
3603 1393 3618 1430 :

2035 1447 2170 1503 Ecce
2193 1451 2476 1506 audiuimus
2518 1469 2628 1506 eam
2655 1453 2710 1508 in
2753 1455 3024 1527 [ip/irata;
3062 1465 3162 1516 ltoe
3185 1475 3265 1518 est
3286 1506 3300 1530 ,
3333 1465 3407 1520 Ea
3438 1484 3622 1524 narra-

2043 1549 2232 1594 verunt
2257 1541 2408 1596 nobis
2435 1553 2612 1610 patres
2640 1546 2828 1611 nostri,
2861 1547 2978 1602 ιιωο
3004 1553 3219 1608 auribus
3250 1559 3444 1610 nostris
3464 1572 3619 1614 acce-

2038 1629 2230 1698 pimus,
2261 1633 2400 1702 quod
2435 1649 2555 1688 cum
2593 1644 2718 1691 tunc
2751 1653 2964 1708 quoque
3007 1641 3200 1712 ubique
3242 1645 3515 1703 oberraret
3563 1651 3616 1705 in

2033 1721 2174 1791 agris
2194 1732 2249 1776 et
2273 1725 2497 1792 campis.
2528 1737 2708 1796 postea
2734 1731 2989 1786 collocata
3013 1733 3083 1786 sit
3109 1751 3122 1786 :
3155 1735 3254 1789 hoc
3282 1738 3451 1806 ipsum
3479 1755 3622 1798 nunc

2035 1827 2244 1882 quoque
2280 1816 2395 1870 ﬁat.
2435 1816 2670 1887 Epltrata
2695 1820 2780 1875 ltic
2809 1822 2936 1878 dicit
2967 1824 3160 1879 tribum
3185 1825 3338 1894 Juda,
3373 1830 3438 1883 ad
3461 1847 3618 1900 quam

2034 1915 2156 1974 post
2183 1906 2396 1976 longam
2422 1910 2794 1968 circuitionem
2818 1913 3043 1971 deducta
3073 1926 3175 1973 est.
3213 1919 3264 1973 7.
3290 1919 3621 1979 lntroibintus

2033 1998 2085 2050 in
2109 1998 2436 2054 tabernacula
2477 2003 2608 2071 ejus,
2640 2002 2966 2060 adorabimus
3011 2007 3066 2060 in
3108 2009 3240 2074 loco,
3267 2011 3352 2064 ubi
3377 2021 3620 2068 steterunt

2035 2090 2184 2156 pedes
2211 2092 2339 2160 ejus.
2367 2093 2555 2148 Vidisti
2601 2111 2764 2164 quam
2806 2113 2990 2154 crasso
3036 2100 3248 2158 dicendi
3302 2106 3463 2160 modo
3493 2123 3620 2162 usus

2032 2190 2116 2236 est
2147 2192 2362 2251 propter
2409 2194 2678 2255 stuporem
2727 2204 2911 2243 eorum
2956 2193 3043 2262 qui
3082 2193 3399 2265 audiebant,
3434 2197 3618 2256 dicent

2036 2272 2127 2326 Dei
2156 2273 2515 2342 tabernacula,
2543 2287 2597 2333 et
2633 2279 2814 2347 pedes.
2837 2289 2892 2336 et
2930 2283 3103 2338 locum
3129 2341 3142 2354 θ
3165 2285 3254 2340 ubi
3289 2289 3500 2343 stabant
3528 2307 3618 2362 pe-

2033 2363 2129 2418 des
2149 2365 2282 2433 ejus.
2307 2365 2401 2422 llis
2425 2380 2600 2422 autem
2619 2372 2866 2427 omnibus
2889 2373 3086 2431 indicat
3106 2379 3280 2434 locum
3305 2395 3464 2447 areae,
3487 2400 3616 2454 quo-

2033 2454 2173 2507 niam
2204 2471 2267 2510 ex
2297 2471 2362 2510 eo
2390 2457 2510 2512 loco
2537 2460 2830 2516 edebantur
2850 2479 3008 2520 voces
3048 2465 3336 2526 horribiles
3362 2472 3430 2527 de
3456 2475 3618 2530 rebus

2033 2559 2151 2614 qua:
2183 2545 2246 2599 ad
2277 2546 2492 2602 Judznos
2522 2553 2895 2620 pertinebant,
2926 2571 3046 2626 quae
3075 2569 3227 2614 erant
3251 2563 3473 2618 obscura
3511 2567 3622 2620 sol-

2035 2647 2238 2700 ventes,
2265 2647 2319 2693 et
2345 2639 2515 2693 futura
2549 2643 2918 2710 prtcdicentes.
2944 2649 2997 2702 8.
3031 2648 3231 2719 Surge,
3268 2652 3482 2708 Domine
3504 2696 3518 2719 ,
3567 2659 3621 2710 in

2033 2731 2250 2798 requiem
2310 2742 2483 2798 tuam,
2521 2745 2576 2790 tu
2622 2747 2668 2789 et
2699 2754 2820 2791 arca
2861 2741 3274 2809 sanctiﬁcationis
3301 2754 3418 2799 tua.
3472 2748 3624 2803 Alius

2031 2821 2198 2890 dicit,
2232 2821 2570 2880 Fortitudinis
2599 2835 2719 2884 tuae.
2753 2829 2926 2894 Alius,
2960 2829 3173 2900 Imperii
3209 2835 3322 2891 tui:
3351 2837 3428 2907 (ι)
3475 2849 3624 2892 utra-

2031 2929 2135 2983 que
2163 2927 2340 2970 autem
2371 2933 2516 2973 vera.
2563 2917 2715 2974 Illinc
2743 2921 2886 2976 enim
2915 2923 3225 2980 tradebatur
3245 2932 3538 2996 sanctitas,
3567 2942 3624 2988 et

2025 3020 2149 3075 qua:
2197 3016 2350 3061 erant
2395 3009 2443 3062 ei
2495 3010 2756 3078 Imposita:
2785 3011 2992 3081 literae,
3027 3025 3182 3072 erant
3217 3027 3274 3074 et
3317 3021 3616 3078 sanctitatis

2031 3093 2330 3151 effectrices
2357 3108 2410 3152 et
2452 3101 2684 3155 roboris.

2101 3189 2151 3244 5.
2196 3189 2422 3246 Pulchre
2453 3207 2581 3262 ergo
2606 3194 2684 3248 sic
2705 3194 2865 3261 dixit;
2895 3212 3137 3268 magnam
3164 3201 3306 3256 enim
3337 3202 3477 3259 Deus
3508 3220 3607 3275 per

2030 3294 2146 3335 eam
2175 3283 2460 3349 potentiam
2485 3285 2713 3340 ostendit
2738 3291 2927 3355 semel,
2953 3297 3006 3344 ct
3031 3291 3136 3359 bis,
3158 3301 3211 3347 et
3230 3309 3618 3364 smpennmero,

2030 3381 2086 3426 ut
2112 3374 2320 3442 quando
2337 3383 2488 3445 capta
2520 3376 2586 3432 ab
2609 3378 2832 3447 Azotiis,
2863 3383 3075 3450 quando
3097 3385 3381 3441 simulacra
3406 3387 3618 3460 dejeeit,

2029 3465 2241 3535 quando
2265 3482 2360 3522 eos
2389 3471 2477 3540 qui
2509 3471 2790 3541 tetigerunt
2831 3476 3128 3544 percussit,
3157 3479 3370 3547 quando
3397 3497 3458 3536 ea
3491 3484 3618 3538 red-

2028 3556 2134 3610 dita
2177 3566 2235 3612 ut
2263 3558 2414 3630 plaga
2461 3572 2697 3618 cessaret
2723 3564 2938 3631 effecit,
2967 3576 3022 3621 et
3051 3583 3146 3637 per
3169 3569 3270 3624 alia
3300 3611 3316 3637 ,
3346 3587 3464 3642 quae
3513 3574 3623 3631 illic

2029 3647 2175 3715 fecit,
2200 3665 2347 3704 suam
2370 3653 2606 3708 ostendit
2628 3657 2939 3723 potentiam.
2961 3657 3096 3726 Quid
3118 3669 3200 3716 est
3228 3673 3430 3730 autem,
3454 3665 3622 3737 Surge

2029 3741 2082 3794 in
2107 3743 2325 3812 requiem
2371 3753 2506 3798 tuam
2528 3747 2554 3801 ?
2584 3747 2722 3814 Fac,
2754 3749 2942 3818 inquit.
2973 3760 3030 3806 ut
3061 3767 3160 3807 nos
3181 3754 3503 3811 desistamus
3531 3774 3620 3811 ero

2030 3848 2168 3896 rare,
2183 3843 2234 3887 et
2255 3850 2375 3888 arca
2399 3837 2749 3906 circumferri,
2773 3851 2829 3894 et
2849 3856 2910 3896 ea
2937 3843 3146 3898 tandem
3166 3845 3450 3916 aliquando
3467 3850 3620 3916 quie-

2027 3932 2162 3978 scat.
2194 3924 2251 3978 9.
2279 3925 2576 3980 Sacerdotes
2617 3930 2691 3980 tui
2718 3931 2990 3985 inducatur
3027 3935 3242 4004 iustitia.
3275 3937 3442 4001 Alius,
3477 3941 3621 3992 Amt-

2028 4017 2244 4082 ciantur,
2263 4017 2419 4080 alius,
2434 4017 2743 4086 lnduantur,
2769 4023 2908 4091 quod
2926 4025 3137 4093 quidem
3156 4037 3236 4081 est
3256 4031 3518 4098 apertius:
3540 4041 3624 4087 est

2029 4108 2171 4162 enim
2200 4119 2486 4176 precantis,
2511 4123 2614 4162 non
2639 4111 2992 4178 prazdicentis,
3012 4124 3065 4168 et
3087 4119 3312 4183 petentis
3329 4121 3625 4189 possessio-

2029 4216 2150 4255 nem
2172 4200 2401 4258 virtutis.
2419 4201 2680 4260 Justitiam
2699 4212 2875 4259 autem
2900 4205 2986 4261 hic
3007 4207 3134 4262 dicit
3163 4210 3293 4265 ritus
3309 4225 3512 4278 sacros,
3531 4227 3623 4266 sa-

2029 4291 2346 4355 cerdotium,
2367 4293 2590 4359 cultum,
2611 4297 2951 4363 sacrilicium,
2975 4298 3291 4368 oblationes,
3318 4312 3510 4357 etcum
3538 4303 3621 4358 bis

2029 4383 2319 4452 perfectam
2339 4384 2459 4438 vitae
2490 4385 2896 4452 institutionem,
2917 4390 3167 4458 quoniam
3181 4406 3248 4444 ea
3279 4401 3361 4448 est
3387 4393 3624 4450 maxime

2030 4475 2344 4545 requirenda
2365 4491 2394 4529 a
2417 4477 2798 4534 sacerdotibus.
2823 4479 2887 4533 Et
2901 4481 3062 4536 sancti
3081 4482 3153 4535 tui
3171 4484 3488 4538 exsultabant
3503 4487 3623 4544 :ubi

2029 4568 2144 4630 haec
2159 4568 2361 4623 Scilicet
2371 4567 2504 4622 facta
2522 4568 2732 4626 fuerint.
2745 4571 2870 4626 Vide
2884 4585 3006 4628 eum
3019 4589 3125 4628 non
3138 4588 3377 4642 qua-rere
3389 4587 3632 4635 constru-

2029 4661 2258 4722 ctionem
2282 4662 2532 4729 civitatis,
2560 4678 2662 4717 non
2695 4679 2870 4717 rerum
2904 4665 3166 4720 venalium
3188 4667 3565 4724 abundantiam
3596 4709 3616 4736 ,

2029 4766 2137 4806 non
2159 4752 2381 4806 aliarum
2397 4768 2574 4807 rerum
2595 4753 3022 4824 prosperitatem,
3042 4756 3137 4812 sed
3158 4759 3338 4827 templi
3351 4758 3620 4826 decorem,

2030 4851 2084 4894 et
2110 4857 2248 4896 arca:
2286 4843 2522 4911 requiem
2543 4883 2558 4907 ,
2587 4845 2922 4900 sacerdotum
2957 4844 3164 4914 plenam
3198 4849 3576 4918 perfectionem
3607 4893 3624 4917 ,

2031 4933 2166 4988 ritus
2191 4947 2372 4990 sacros
2400 4973 2416 4995 ,
2449 4933 2686 4998 cultum,
2716 4936 3094 4994 sacerdotium.
3125 4939 3330 4996 Deinde
3356 4947 3476 5011 quia
3507 4943 3621 4998 haec

2030 5025 2316 5094 petierunt,
2348 5024 2557 5093 ipsique
2584 5025 2793 5080 fuerunt
2820 5029 2998 5084 multis
3025 5031 3254 5098 peccatis
3278 5034 3522 5098 obnoxii,
3556 5035 3623 5088 ad

2033 5123 2305 5186 parentem
2323 5129 2506 5170 rursus
2519 5116 2776 5184 confugit,
2796 5118 2979 5174 dicens
2993 5138 3002 5173 :
3016 5120 3100 5176 lo.
3119 5119 3332 5191 Propter
3349 5123 3626 5178 Davidser-

2033 5224 2144 5262 cum
2163 5217 2415 5261 tuumnon
2433 5215 2629 5260 avertas
2643 5211 2822 5276 [aciem
2841 5210 3014 5264 claristi
3035 5213 3124 5262 tui.
3137 5207 3276 5272 Quid
3293 5221 3398 5277 est,
3414 5212 3626 5284 Propter

2039 5299 2200 5352 David
2213 5314 2406 5351 servum
2431 5307 2569 5350 tuum
2590 5299 2614 5351 Ρ
2633 5299 2744 5352 Non
2769 5309 3001 5370 propter,
3033 5301 3230 5369 inquit,
3256 5301 3394 5356 illius
3426 5312 3627 5360 tantum

2037 5390 2303 5455 virtutem,
2333 5405 2428 5443 nee
2471 5389 2611 5459 quod
2643 5399 2846 5445 tantum
2873 5389 3104 5446 studium
3135 5393 3310 5460 posuit
3345 5393 3412 5449 ad
3443 5393 3543 5449 hoc
3575 5407 3627 5451 ut

2063 5587 2070 5596 _
2099 5525 2172 5585 (a)
2198 5531 2314 5596 tunc
2333 5525 2532 5573 omnino
2578 5525 2742 5576 uerbis
2784 5523 3014 5575 differunt
3035 5536 3060 5572 a
3085 5527 3227 5573 textu
3252 5523 3421 5590 Aggrei
3447 5528 3496 5577 in
3523 5529 3626 5577 Edi-

2039 5594 2176 5764 mle
2443 5643 2621 5694 desunt
2644 5646 2748 5694 bare
2771 5646 2938 5704 verba,
2953 5642 3313 5698 tabernaculum
3345 5657 3438 5698 Deo
3459 5651 3618 5700 Jacob-

2107 5709 2154 5757 ic
2200 5715 2372 5756 ttarum
2394 5715 2442 5756 et
2463 5707 2771 5764 sequentium
2788 5707 3240 5764 it'tterpretationum
3259 5719 3481 5764 auctores
3495 5717 3609 5764 iuno

2107 5707 2176 5764 lc)
2200 5715 2372 5756 ttarum
2394 5715 2442 5756 et
2463 5707 2771 5769 sequentium
2788 5707 3240 5770 it'tterpretationum
3259 5719 3481 5766 auctores
3495 5717 3609 5775 igno
3621 5741 3632 5750 -

2045 5783 2210 5819 rantur
2217 5805 2229 5819 .
