4134 6210
507 340 601 392 285

497 449 750 518 templum
783 446 1060 512 excitaret,
1083 443 1178 499 sed
1200 444 1358 498 etiam
1390 443 1511 512 quia
1544 441 1593 496 id
1623 457 1682 495 es
1711 442 1758 496 ei
1796 440 2081 510 pollicitus.

501 541 716 608 l'ropter
751 537 916 592 Dauid
955 552 1151 592 servum
1173 544 1312 588 tuum
1336 576 1352 602 ,
1384 551 1446 587 ne
1471 544 1664 587 avertas
1691 533 1873 603 [aciem
1917 530 2091 586 christi

496 630 590 696 ιαμ.
619 631 910 700 Cujusuani
933 627 1134 700 inquit?
1161 627 1287 696 Ejus
1307 627 1394 695 qui
1421 635 1544 679 tunc
1573 633 1764 679 unctus
1785 633 1887 688 est,
1919 636 2092 692 popu-

496 727 716 796 lumque
739 721 874 794 regit
898 731 951 777 et
978 722 1028 778 ei
1055 730 1268 792 pratest.
1304 719 1388 773 ll.
1419 715 1620 772 Iuravit
1648 716 1896 771 Dominus
1923 714 2089 770 David

498 817 755 871 veritatem
783 824 830 869 et
870 830 970 868 non
996 812 1320 884 frustrabitur
1349 827 1478 863 eam.
1508 807 1585 863 De
1609 809 1778 878 fructu
1803 807 1987 862 ventris
2021 805 2094 858 tui

502 922 688 976 ponam
711 923 864 974 super
878 906 1044 960 sedem
1069 915 1228 958 tuam.
1262 902 1545 970 Postquam
1568 901 1710 953 enim
1741 898 1956 953 Davidis
1982 913 2096 953 me-

505 999 679 1063 minit,
709 1008 763 1052 et
786 998 998 1051 virtutis
1025 996 1145 1064 viri,
1174 1005 1228 1050 et
1248 993 1406 1048 studii
1437 993 1576 1063 quod
1601 993 1653 1046 in
1683 992 1935 1063 templum
1965 1006 2095 1046 cou-

510 1092 724 1153 tulerat,
756 1105 820 1144 ac
846 1098 1020 1144 vetera
1051 1089 1321 1150 narravit,
1352 1095 1406 1140 et
1435 1095 1492 1141 ut
1517 1087 1568 1140 in
1597 1085 1756 1155 priori
1784 1085 1904 1138 vita:
1935 1085 2090 1144 iusti,-

505 1190 622 1235 tuto
649 1191 965 1251 appareret,
998 1181 1224 1250 rogavit,
1255 1179 1305 1234 id
1332 1178 1471 1248 quod
1498 1188 1581 1232 est
1609 1179 1905 1231 maximum
1933 1190 2088 1245 caput

503 1274 755 1340 adducit,
788 1274 878 1327 Dei
913 1274 1192 1341 promissa.
1222 1273 1476 1339 Qumnam
1514 1281 1689 1325 autem
1735 1286 1796 1326 ea
1826 1273 1989 1325 sunt?
2019 1271 2096 1326 De

503 1372 671 1436 fructu
713 1371 898 1419 ventris
933 1366 1006 1418 tui
1046 1381 1230 1434 ponam
1261 1380 1415 1430 super
1443 1363 1610 1418 sedem
1636 1373 1794 1416 tuam.
1823 1363 1927 1418 Sed
1970 1379 2086 1432 pro-

505 1459 666 1513 missa
697 1473 801 1512 non
830 1457 966 1512 facta
1012 1465 1137 1510 sunt
1167 1471 1298 1526 pure
1337 1465 1389 1510 et
1434 1456 1696 1519 absolute,
1725 1455 1817 1509 sed
1859 1470 1981 1509 eum
2017 1455 2094 1509 eis

505 1546 794 1602 accedente
819 1548 1045 1616 quadam
1077 1546 1401 1600 conditione.
1422 1546 1674 1611 Qumnain
1697 1555 1870 1599 autem
1889 1555 2002 1600 erat
2032 1560 2091 1600 ea

504 1638 773 1692 conditio?
797 1637 933 1692 Audi
959 1654 974 1698 ;
1005 1637 1276 1707 sulijnngit
1304 1638 1446 1692 enim
1475 1638 1490 1668 ¹
1515 1654 1529 1690 :
1565 1637 1650 1691 12.
1686 1637 1746 1692 Si
1772 1637 2094 1690 custodierint

507 1731 604 1796 lilii
627 1730 700 1782 tui
720 1739 1068 1782 testamentum
1091 1747 1254 1782 meum
1281 1770 1294 1793 ,
1327 1740 1372 1782 et
1409 1729 1691 1782 testimonia
1727 1745 1838 1782 mea
1863 1729 1969 1782 Ita'c
1987 1745 2098 1799 qua:

507 1821 692 1874 docebo
718 1821 854 1890 ipsos
875 1863 888 1884 ,
929 1831 974 1874 et
1011 1821 1104 1888 ﬁlii
1127 1837 1297 1873 eorum
1326 1837 1478 1891 usque
1501 1821 1554 1874 in
1593 1821 1832 1874 stcculum
1859 1821 2095 1874 sedebant

505 1929 654 1982 super
672 1911 907 1965 thronum
929 1921 1088 1964 tuum.
1113 1911 1243 1966 Cum
1267 1912 1347 1965 his
1369 1912 1540 1965 verbis
1560 1920 1814 1980 concepta
1838 1911 2096 1982 promissa

508 2005 648 2086 Deus
687 2004 938 2072 fecisset,
969 2003 1046 2057 eis
1093 2002 1306 2056 tradidit
1331 2001 1742 2073 chirographum
1777 2019 1791 2056 :
1822 2003 1893 2057 illi
1917 2011 2096 2057 autem

511 2108 698 2149 rursus
721 2094 1005 2159 dixerunt,
1037 2092 1220 2148 Omnia
1239 2109 1562 2162 quwcumque
1591 2093 1710 2146 dicit
1740 2091 1989 2146 Dominus
2013 2097 2095 2162 [a-

508 2189 695 2240 ciemus
730 2195 776 2241 et
809 2185 1071 2240 audiemus
1115 2184 1322 2256 (Exod.
1371 2185 1460 2238 26.
1489 2183 1582 2257 7).
1624 2184 1823 2239 Deinde
1849 2185 2096 2254 quoniam

507 2279 720 2336 videbat
755 2293 912 2332 unam
941 2287 1145 2347 partem
1178 2291 1298 2331 esse
1323 2287 1475 2345 pacta
1505 2285 1762 2330 conventa
1799 2287 2098 2346 transgres-

506 2385 644 2438 sam,
670 2369 885 2425 deducit
908 2369 1201 2423 orationem
1227 2368 1294 2422 ad
1323 2369 1516 2426 locum,
1546 2367 1963 2422 consolationem
1996 2385 2098 2421 un-

506 2463 669 2532 dique
692 2464 953 2526 excitaus.
977 2472 1030 2518 et
1053 2463 1272 2518 dicens:
1296 2464 1380 2517 l3.
1417 2463 1665 2528 Quoniam
1685 2463 1829 2533 elegit
1855 2462 2099 2518 Dominus

508 2557 660 2624 Sion,
685 2557 832 2629 elegit
853 2574 962 2612 eam
988 2558 1040 2610 in
1081 2557 1436 2611 habitationem
1465 2557 1579 2610 sibi.
1610 2557 1695 2611 H.
1741 2555 1866 2610 Haec
1906 2557 2099 2626 requies

509 2667 620 2704 mea
657 2651 709 2704 in
747 2651 992 2704 sccullm
1032 2649 1227 2704 steculi.
1269 2649 1366 2703 llic
1391 2649 1660 2715 habitabo,
1706 2651 1944 2720 quoniam
1972 2650 2100 2720 elegi

505 2757 637 2796 eam.
662 2739 776 2796 lloo
795 2749 894 2806 est,
922 2740 1039 2795 Non
1064 2743 1224 2796 homo
1244 2741 1418 2796 locum
1444 2741 1620 2811 elegit,
1644 2741 1736 2796 sed
1767 2741 1906 2797 Deus
1927 2741 2098 2811 ipsum

507 2851 602 2891 sua
629 2837 890 2892 sententia
929 2835 1243 2898 constituit,
1282 2850 1340 2888 se
1369 2834 1433 2887 ad
1460 2849 1642 2888 eorum
1685 2833 2098 2889 imbecillitatem

509 2927 818 2982 demittens.
858 2925 970 2981 Hoc
995 2933 1078 2980 est
1115 2940 1244 2996 ergo
1267 2925 1409 2996 quod
1450 2924 1578 2980 dicit
1611 2942 1624 2979 :
1655 2925 1822 2992 Quem
1852 2924 2096 2994 elegisti,

506 3033 663 3088 quem
689 3025 775 3072 tua
802 3017 1062 3072 sententia
1083 3016 1420 3080 constituisti,
1445 3032 1602 3086 quem
1621 3025 1800 3084 aptum
1827 3030 1947 3071 esse
1967 3031 2098 3069 cen-

506 3110 680 3173 suisti,
705 3127 768 3164 ne
790 3111 1063 3180 permittas
1082 3117 1139 3164 ut
1157 3110 1450 3164 collabatur
1468 3118 1522 3164 et
1543 3110 1784 3163 intereat.
1815 3109 1938 3164 Haec
1957 3109 2097 3163 enim

506 3202 708 3268 dixisti,
741 3201 840 3255 Hic
858 3202 1109 3255 habitabo.
1134 3200 1240 3256 Sed
1268 3200 1382 3255 hinc
1407 3200 1615 3255 dicebat
1645 3216 1764 3254 cum
1797 3201 1900 3256 illis
1930 3201 2099 3272 pactis

509 3295 805 3349 conventis.
857 3292 1226 3360 Quibusnam?
1257 3291 1317 3346 Si
1347 3291 1672 3345 custodierint
1713 3292 1808 3357 ﬁlii
1837 3293 1909 3346 tui
1947 3302 2098 3346 testa-

515 3395 734 3440 mentum
760 3401 944 3438 meum.
974 3384 1060 3439 15.
1100 3383 1421 3436 Venationem
1439 3383 1546 3452 ejus
1575 3383 1867 3437 benedicens
1894 3383 2097 3438 benedi-

507 3495 639 3532 cam.
669 3477 820 3533 Alius
840 3518 856 3542 ,
884 3475 1060 3532 Cibum
1089 3477 1131 3530 '.
1167 3476 1510 3530 Venationem
1539 3475 1704 3542 dicit,
1735 3492 1911 3532 rerum
1938 3492 2100 3532 vena-

514 3571 640 3624 lium
667 3569 1044 3623 abundantiam
1068 3608 1084 3634 ,
1119 3567 1441 3622 fertilitatem
1467 3607 1482 3631 ,
1515 3578 1569 3624 et
1609 3578 1854 3637 precatur
1889 3577 1946 3624 ut
1983 3568 2099 3625 haec

515 3662 692 3716 innuia
723 3662 802 3716 eis
844 3671 1108 3732 tamquam
1156 3676 1185 3714 a
1218 3660 1450 3715 fontibus
1493 3661 1736 3715 affluant.
1767 3661 1910 3719 Talis
1952 3663 2097 3719 enim

511 3761 629 3807 erat
652 3751 777 3806 olim
805 3751 1108 3807 Judzeorum
1135 3751 1442 3820 reipublicae
1470 3761 1641 3806 status
1664 3793 1679 3816 ,
1724 3761 1782 3806 ut
1816 3754 1894 3810 eis
1918 3755 2096 3809 omnia

509 3861 605 3900 eeu
637 3861 666 3897 a
689 3843 922 3899 fontibus
943 3844 1245 3908 aftIuerent,
1272 3859 1370 3900 nec
1389 3845 1646 3899 sentirent
1670 3845 1803 3901 ullas
1831 3848 2096 3903 naturales

519 3935 866 3991 necessitates
893 3978 906 4000 ,
940 3935 1202 4004 siquando
1247 3935 1411 3990 Deum
1463 3934 1722 3991 haberent
1763 3937 2048 4006 propitium
2079 3955 2094 3992 :

511 4031 655 4084 nulla
681 4029 823 4085 enim
849 4039 966 4084 erat
1007 4028 1146 4098 apud
1175 4043 1271 4084 eos
1300 4029 1517 4099 penuria
1540 4069 1554 4093 ,
1598 4044 1703 4083 non
1747 4029 1918 4085 fames
1939 4070 1956 4095 ,
1989 4045 2095 4084 non

509 4121 710 4189 pestis,
741 4134 840 4174 nec
865 4134 1006 4174 mors
1037 4118 1319 4173 immatura
1341 4159 1355 4183 ,
1391 4133 1491 4173 nec
1533 4119 1728 4190 aliquid
1768 4135 1951 4174 eorum
1979 4135 2097 4190 qua:

508 4213 676 4268 Solent
711 4211 929 4266 evenire
964 4209 1288 4275 hominibus,
1320 4209 1413 4264 sed
1438 4210 1515 4265 eis
1553 4211 1729 4264 onmia
1757 4226 1853 4264 ceu
1883 4226 1946 4265 ex
1975 4209 2095 4265 fon-

510 4307 649 4360 tibus
676 4303 984 4366 affluebant,
1016 4301 1110 4356 Dei
1130 4302 1332 4356 scilicet
1351 4317 1510 4355 manu
1540 4301 1561 4332 ³
1587 4302 1884 4372 corrigente
1905 4301 2096 4356 huma-

510 4413 694 4452 narum
721 4411 899 4450 rerum
927 4393 1369 4449 imbecillitatem.
1405 4393 1513 4446 Iloc
1537 4407 1664 4462 ergo
1695 4391 1782 4447 hic
1803 4392 1950 4458 dicit,
1979 4393 2097 4446 Pol-

509 4489 683 4542 licitus
709 4502 768 4542 es
799 4493 849 4540 te
877 4501 996 4540 esse
1021 4485 1421 4540 benedicturum
1452 4482 1568 4552 ejus
1593 4484 1926 4537 venationem
1949 4525 1962 4550 ,
1993 4483 2096 4538 hoc

508 4589 610 4646 est,
641 4591 693 4634 te
720 4577 1059 4648 praebiturum
1092 4591 1268 4630 rerum
1299 4575 1718 4630 necessariarum
1746 4575 1951 4643 copiam
1974 4591 2092 4629 cum

511 4671 677 4724 multa
706 4670 1018 4724 securitate.
1049 4667 1314 4738 Pauperes
1343 4668 1452 4737 ejus
1473 4665 1709 4720 saturabo
1739 4667 1972 4736 panibus.
2005 4667 2092 4723 16.

507 4763 806 4817 Sacerdotes
831 4767 940 4830 ejus
965 4761 1173 4813 induant
1197 4758 1444 4822 salutari,
1470 4768 1514 4811 et
1552 4759 1714 4811 sancti
1739 4759 1847 4830 ejus
1868 4759 2094 4812 exsulta-

507 4856 643 4907 tione
678 4851 1021 4906 exsultabant.
1063 4851 1149 4904 17.
1202 4849 1336 4904 Illuc
1375 4851 1650 4920 producam
1692 4867 1848 4904 cornu
1885 4849 2055 4904 David
2075 4866 2094 4905 :

511 4945 682 5019 paraui
703 4944 958 4998 lucernam
989 4943 1175 4996 christo
1201 4958 1328 4996 meo.
1357 4942 1442 4996 18.
1475 4940 1717 4995 Inimicos
1754 4943 1862 5012 ejus
1887 4941 2093 4994 induam

507 5040 802 5110 confusione
827 5053 847 5092 :
872 5053 1026 5107 super
1074 5036 1241 5106 ipsum
1287 5047 1451 5088 autem
1491 5033 1722 5104 eﬂlorebit
1761 5034 2094 5102 sanctificatio

506 5148 634 5185 mea.
660 5129 790 5185 \‘ide
806 5128 1037 5198 undique
1056 5128 1394 5182 constitutam
1421 5123 1842 5195 prosperitatem,
1867 5141 1932 5179 eo
1951 5125 2091 5194 quod

506 5224 662 5278 rebus
687 5220 1002 5277 necessariis
1027 5233 1132 5273 non
1160 5227 1369 5288 egeant,
1398 5217 1536 5286 quod
1564 5216 1614 5268 iu
1641 5224 1752 5268 tuto
1780 5216 1888 5268 sint
1917 5230 2093 5270 sacer-

579 5398 592 5426 '
622 5399 763 5452 Illud.
795 5398 932 5457 ,tndi,
972 5399 1216 5460 subiungit
1253 5401 1396 5460 erant,
1435 5393 1801 5443 desiderabatur
1840 5407 1888 5442 in
1925 5392 2090 5441 Morel.

506 5465 595 5510 Sed
621 5465 829 5512 habetur
847 5463 896 5510 iu
923 5457 1336 5510 l-ld'tliuueSavilii.

573 5544 593 5572 ’
632 5542 682 5590 In
724 5542 891 5590 (ira-co
917 5577 928 5594 ,
974 5541 1136 5601 θήραν.
1164 5538 1333 5601 ,Multa
1380 5535 1500 5601 LXX
1537 5533 1843 5601 exemplaria
1869 5572 1882 5592 ,
1906 5537 2020 5601 “iam
2063 5551 2086 5583 a

509 5605 686 5667 priscis
728 5595 1048 5661 lt’lttpul’lbtls;
1100 5600 1300 5652 habent,
1345 5599 1512 5660 χήραν,
1564 5595 1794 5657 viduam;
1832 5596 1920 5646 scd
1975 5611 2088 5667 vera

510 5665 662 5720 lectio
687 5677 782 5726 est,
817 5672 990 5730 Θήραν,
1022 5669 1162 5717 ltebr.
1205 5668 1354 5726 DJ’Y,
1397 5669 1526 5726 quud
1568 5668 1745 5729 Aquila
1794 5668 1947 5716 vertit
1987 5665 2091 5714 ἐπι-

509 5732 748 5790 σιτισμὸν.
783 5731 954 5778 cibum.

473 5821 481 5836 ι
574 5793 596 5824 ³
619 5788 702 5842 Sic
733 5792 907 5848 Sa\'il.,
943 5792 1134 5852 Morel,
1165 5788 1451 5841 1)ρίδ(ι’1ἱπ·ρι
1475 5788 1651 5853 gratia.

462 5883 476 5916 Ι

1227 333 1282 388 S.
1315 331 1594 388 JOANNIS
1629 325 2103 387 CIIRYSOSTOMI
2136 325 2452 384 AllClllEI’.
2485 328 3016 385 CONSTANTINOP.

3680 325 3784 379 38b

2204 439 2376 507 dotes,
2401 439 2539 510 quod
2566 441 2789 511 populus
2812 441 2881 494 sit
2903 440 2952 493 in
2977 438 3178 504 laetitia,
3197 437 3337 508 quod
3363 453 3454 491 rex
3471 438 3540 491 sit
3563 435 3714 490 fortis
3733 449 3789 490 et

2201 534 2513 604 ll0lt'llS.”lC
2535 535 2674 588 enim
2699 534 2826 588 dicit
2851 534 3140 594 lucernam,
3165 530 3246 586 vel
3268 545 3468 600 regem,
3497 530 3579 584 vel
3600 529 3792 586 deleti»

2199 625 2510 687 sionem,vel
2528 625 2772 686 salutem,
2791 623 2876 678 vel
2895 624 3060 678 lucem
3079 640 3091 675 :
3111 637 3231 676 cum
3247 620 3328 674 liis
3340 629 3515 675 autem
3533 620 3659 674 dicit
3677 636 3791 673 ma-

2202 719 2402 772 ximum
2429 732 2597 788 genus
2620 717 3005 787 prosperitatis.
3026 715 3301 783 Quodnam
3318 714 3367 768 id
3385 714 3493 769 est?
3517 714 3787 768 Miscendi

2202 810 2466 875 inimicos,
2507 819 2560 864 et
2582 810 2784 864 nullum
2815 825 2936 865 esse
2965 811 3054 879 qui
3085 810 3167 863 his
3211 808 3364 863 bonis
3391 807 3557 877 possit
3584 808 3785 875 aliquid

2200 902 2503 958 detrimenti
2533 901 2743 956 afferre.
2784 901 2898 956 Non
2931 901 3063 955 dixit
3106 910 3285 954 autem
3315 899 3563 952 absolute
3596 900 3786 952 Interi-

2203 1004 2332 1060 tnm,
2364 995 2481 1060 sed,
2514 992 2893 1048 Confusionem
2913 1035 2928 1058 ,
2959 993 3142 1046 vo!cns
3172 1007 3267 1046 eos
3295 1006 3353 1046 se
3381 992 3528 1045 vivos
3557 991 3788 1045 abscon-

2201 1088 2362 1153 dere,
2393 1097 2446 1142 et
2475 1085 2706 1142 latebras
2732 1101 2968 1157 qmervre
2992 1127 3006 1149 ,
3033 1094 3087 1139 et
3117 1101 3211 1155 per
3251 1100 3312 1138 ea
3355 1100 3472 1154 quin
3517 1085 3790 1153 patiuntur

2203 1178 2384 1232 testari
2427 1187 2622 1247 quanta
2666 1179 2735 1234 sit
2780 1177 2858 1230 vis
2901 1186 2955 1232 et
2985 1176 3205 1231 felicitas
3254 1175 3376 1229 huic
3420 1176 3587 1244 genti.
3617 1174 3789 1244 Super

2201 1271 2367 1340 ipsum
2393 1281 2560 1324 autem
2587 1271 2820 1342 eﬂlorebit
2847 1269 3180 1338 sanctiﬁcatio
3203 1284 3332 1320 mea.
3354 1266 3490 1334 Quid
3513 1275 3614 1330 est,
3637 1283 3791 1334 super

2201 1366 2365 1435 ipsum
2389 1366 2414 1418 7
2436 1365 2606 1435 Super
2631 1366 2876 1435 populum
2904 1379 3099 1418 meum.
3131 1363 3232 1417 Pro
3258 1377 3322 1418 eo
3349 1371 3524 1415 autem
3548 1361 3684 1430 quod
3707 1373 3792 1415 est

2203 1461 2554 1530 Sanctiﬁcatio
2574 1498 2588 1520 ,
2621 1459 2754 1510 alius
2778 1455 2941 1520 dixit,
2969 1452 3139 1508 Cornu
3172 1455 3210 1508 ¹.
3248 1453 3428 1516 Alius,
3462 1450 3593 1522 Ejus
3618 1468 3786 1519 segre-

2201 1554 2354 1625 gatio.
2386 1553 2536 1607 Alius
2556 1590 2570 1614 ,
2598 1548 2727 1622 Ejus
2752 1557 3079 1619 segregatum.
3109 1544 3248 1614 Quid
3277 1554 3358 1598 est
3387 1559 3516 1612 ergo
3540 1545 3676 1611 quod
3704 1545 3790 1597 di-

2203 1655 2344 1697 ctum
2373 1653 2456 1697 est
2477 1641 2500 1694 ?
2524 1640 2648 1694 Mihi
2681 1640 2888 1694 videtur
2918 1639 3002 1692 hic
3041 1637 3221 1692 dicere
3251 1634 3674 1706 prosperitatem,
3705 1651 3794 1689 se-

2202 1735 2504 1799 curitatem,
2535 1732 2694 1794 vires,
2722 1746 2968 1800 regnum.

2278 1827 2534 1880 Promissa
2563 1824 2656 1878 Dei
2677 1823 3012 1894 Operationem
3035 1831 3256 1874 nostram
3278 1819 3793 1888 exspectant—Qua:

2203 1919 2252 1973 ei
2284 1916 2556 1988 segregavi
2577 1913 2979 1979 abinitio,h:nc,
3005 1914 3191 1983 inquit,
3217 1913 3503 1966 manebunt
3525 1912 3789 1976 ﬂorentia,

2207 2010 2518 2080 pullulantia
2544 2050 2560 2074 ,
2587 2023 2692 2062 non
2723 2007 2937 2061 ﬂaceida
2955 2048 2968 2071 ,
3000 2021 3172 2075 neque
3193 2005 3488 2059 deeidentia
3513 2021 3528 2068 ;
3558 2003 3648 2058 sed
3675 2003 3793 2057 lia-c

2203 2103 2381 2155 omnia
2410 2108 2587 2164 erunt,
2610 2100 2652 2152 si
2683 2110 2891 2152 maneat
2911 2113 2974 2152 ea
3002 2111 3120 2166 quae
3149 2097 3292 2164 prius
3325 2095 3462 2149 dicta
3491 2105 3573 2148 est
3601 2095 3788 2148 condi-

2206 2197 2297 2250 tio.
2346 2195 2596 2262 Qutenani
2645 2204 2820 2248 autem
2853 2208 2913 2246 ea
2959 2193 3077 2246 est?
3121 2190 3182 2245 Si
3211 2191 3534 2244 custodierint
3578 2190 3671 2258 ﬁlii
3717 2192 3793 2241 tui

2206 2297 2550 2342 testamentum
2577 2302 2761 2339 meum.
2795 2284 2933 2341 Sola:
2953 2284 3093 2338 enim
3121 2284 3211 2338 Dei
3241 2283 3572 2352 promissioni
3592 2297 3618 2336 s
3641 2283 3794 2335 nobis

2206 2380 2341 2434 bona
2373 2395 2480 2434 non
2513 2379 2750 2448 pra-bent
2774 2419 2787 2441 ,
2817 2377 2920 2431 nisi
2966 2391 3062 2430 nos
3106 2390 3318 2445 quoque
3349 2374 3606 2428 faciamus
3630 2415 3645 2438 ,
3673 2389 3793 2442 qua:

2208 2472 2258 2526 in
2290 2481 2471 2526 nostra
2520 2478 2782 2540 potestate
2825 2470 2923 2522 sita
2954 2476 3109 2532 sunt,
3134 2481 3233 2520 nec
3257 2473 3470 2534 oportet
3505 2478 3598 2518 cas
3623 2473 3794 2516 allen-

2205 2565 2393 2618 dentes
2419 2578 2539 2618 esse
2569 2562 2822 2630 supinos,
2856 2575 2954 2614 nec
2983 2559 3257 2613 remissos.
3298 2556 3458 2611 Multa
3489 2555 3630 2610 enim
3672 2571 3792 2624 qua:

2203 2654 2447 2727 piomisit
2488 2655 2624 2710 bona
2657 2654 2794 2708 Deus
2824 2667 2928 2706 non
2959 2649 3104 2718 facit,
3132 2650 3175 2704 si
3203 2650 3289 2719 qui
3324 2648 3582 2718 promissa
3613 2663 3793 2700 suste-

2206 2758 2398 2819 pcrtmt
2441 2747 2776 2801 inveniantur
2825 2743 3024 2815 indigni
3055 2758 3073 2797 :
3099 2741 3360 2812 quemadu
3384 2741 3543 2795 odum
3573 2750 3627 2794 et
3654 2741 3788 2793 mala

2203 2855 2324 2910 (ιιιω
2363 2840 2594 2894 minatus
2620 2846 2702 2892 est
2724 2878 2739 2901 ,
2771 2852 2874 2890 non
2917 2835 3096 2890 educit
3126 2835 3176 2888 in
3208 2848 3342 2903 opus
3366 2874 3381 2898 ,
3420 2832 3463 2886 si
3495 2833 3528 2885 ii
3550 2832 3637 2902 qui
3668 2847 3789 2885 cum

2205 2932 2514 2998 irritarunt,
2545 2939 2727 3001 postea
2757 2936 3060 2994 mutentur,
3093 2936 3146 2982 et
3187 2925 3317 2979 iram
3349 2925 3632 2993 expellant.
3669 2923 3792 2977 Ilzec

2204 3040 2324 3080 cum
2351 3039 2448 3080 nos
2471 3037 2681 3093 quoque
2701 3023 2953 3084 sciamus,
2977 3035 3082 3074 non
3101 3019 3270 3073 simus
3291 3025 3508 3088 propter
3534 3016 3790 3085 promissa

2205 3118 2477 3184 socordes,
2501 3133 2568 3171 ne
2603 3129 2936 3178 corruamus,
2971 3128 3069 3166 nec
3097 3120 3313 3182 propter
3334 3111 3505 3164 minas
3534 3109 3790 3176 despere-

2206 3228 2324 3268 mus
2348 3253 2363 3278 ,
2389 3211 2482 3267 sed
2512 3219 2796 3266 mutentur.
2838 3207 2910 3262 lta
2949 3206 3089 3262 enim
3123 3204 3416 3275 poterimus
3447 3217 3544 3255 nos
3581 3217 3793 3271 quoque

2205 3304 2382 3358 futura
2412 3303 2551 3358 bona
2579 3299 2864 3370 consequi,
2889 3297 3057 3368 gratia
3095 3305 3148 3351 et
3187 3292 3550 3349 misericordia
3580 3291 3789 3346 Domini

2206 3396 2374 3451 nostri
2403 3395 2531 3451 Jesu
2559 3393 2778 3458 Christi,
2809 3391 2894 3447 cui
2923 3389 3088 3461 gloria
3115 3398 3170 3444 et
3197 3387 3482 3458 imperium
3513 3386 3564 3440 in
3592 3385 3789 3441 smeula

2204 3489 2542 3546 saeculorum.
2572 3489 2763 3541 Amen.

2636 3621 2700 3677 IN
2733 3619 2947 3676 I‘SALM
2959 3617 3050 3674 ΗΜ
3076 3615 3333 3672 CXXXII.

2206 3741 2256 3795 1.
2285 3738 2414 3792 Ecce
2427 3752 2575 3807 quam
2593 3736 2774 3788 bonum
2798 3739 2844 3785 et
2868 3747 3019 3801 quam
3037 3728 3327 3800 jucundum
3349 3724 3525 3793 (Alius
3539 3720 3636 3795 [a],
3658 3717 3785 3771 Ecce

2273 3829 2396 3898 quid
2415 3830 2598 3884 bonum
2623 3836 2670 3882 et
2692 3824 2813 3897 quid
2837 3820 3154 3895 pulchrum),
3169 3819 3266 3874 nisi
3292 3819 3516 3872 habitare
3540 3820 3718 3887 fratres
3734 3815 3786 3865 in

2273 3937 2449 3977 unum.

2273 4038 2447 4092 Multae
2468 4032 2680 4105 quidem
2706 4046 2793 4086 res
2810 4038 2933 4084 sunt
2959 4028 3192 4098 pulchra:
3215 4035 3268 4080 et
3294 4025 3550 4092 honestze,
3575 4026 3669 4082 sed
3693 4044 3782 4082 ea-

2201 4139 2322 4184 rent
2345 4125 2736 4186 delectatione;
2763 4121 2883 4175 alize
2911 4127 3036 4174 sunt
3063 4117 3274 4188 quidem
3305 4132 3489 4170 rursus
3512 4117 3784 4187 jucundae,

2202 4221 2295 4277 sed
2321 4220 2474 4275 deest
2498 4218 2578 4272 eis
2607 4217 2887 4270 honestum
2920 4229 2934 4266 :
2963 4227 3067 4266 non
3101 4210 3254 4265 facile
3296 4218 3471 4263 autem
3503 4211 3783 4280 contingit,

2202 4325 2258 4370 ut
2280 4324 2504 4382 utraque
2544 4307 2884 4365 conveniant.
2911 4303 3017 4360 Sed
3049 4304 3100 4358 in
3130 4304 3230 4358 hoc
3267 4300 3404 4372 quod
3451 4301 3651 4356 dictum
3681 4313 3783 4365 est,

2203 4409 2314 4462 haec
2345 4415 2568 4475 utraque
2587 4407 2931 4464 concurrunt,
2961 4406 3015 4452 et
3041 4396 3302 4465 voluptas,
3324 4403 3378 4449 et
3407 4393 3657 4448 honestas
3683 4410 3784 4448 ma-

2201 4502 2362 4555 xima.
2381 4497 2494 4552 lloc
2518 4494 2658 4551 enim
2682 4493 2732 4546 in
2751 4491 2934 4562 primis
2949 4488 3104 4542 habet
3124 4485 3490 4555 caritas,qnod
3511 4500 3630 4538 cum
3647 4485 3787 4539 utili-

2201 4603 2305 4649 tate
2326 4593 2392 4647 sit
2412 4590 2597 4647 eadem
2627 4587 2870 4642 facillima
2898 4593 3056 4654 atque
3078 4580 3476 4652 jucundissima.
3504 4578 3633 4633 Eam
3657 4595 3785 4648 ergo

2201 4684 2286 4738 hic
2304 4697 2513 4754 quoque
2542 4677 2735 4733 laudat.
2757 4675 2870 4730 Non
2901 4673 3035 4728 dixit
3059 4672 3198 4726 enim
3229 4669 3469 4724 absolute
3499 4668 3782 4722 habitatio-

2200 4794 2344 4843 nem,
2373 4789 2544 4845 neque
2584 4789 2686 4826 una
2728 4766 2988 4823 contineri
3033 4762 3376 4828 domuncula,
3411 4760 3505 4816 sed
3538 4762 3588 4815 in
3618 4776 3780 4814 unum

2201 4871 2456 4930 habitare,
2493 4867 2593 4920 hoc
2633 4872 2734 4925 est,
2762 4876 2882 4915 eum
2928 4855 3210 4913 concordia
3240 4863 3293 4910 ct
3319 4853 3604 4908 dilectione
3636 4870 3647 4904 :
3683 4851 3783 4906 hoc

2197 4965 2339 5022 enim
2367 4963 2489 5017 facit
2517 4973 2675 5013 unam
2702 4970 2822 5011 esse
2849 4953 3098 5006 animam.
3125 4947 3324 5002 Deinde
3347 4957 3622 5017 postquam
3651 4945 3781 4999 dixit

2200 5059 2481 5114 honestum
2507 5048 2882 5122 etjueundum,
2913 5045 2964 5100 id
2991 5042 3184 5100 clarius
3205 5041 3454 5104 reddens,
3478 5055 3573 5108 per
3601 5054 3782 5093 exeni-

2200 5151 2283 5221 pla
2332 5164 2442 5202 rem
2483 5141 2765 5212 exprimit,
2798 5145 2852 5192 et
2878 5133 3183 5204 corporales
3227 5130 3620 5192 similitudines,
3663 5143 3780 5197 qua:

2201 5218 2421 5312 possunt
2462 5232 2716 5288 auditoris
2751 5229 2920 5284 oculis
2948 5241 3064 5280 eam
3109 5223 3300 5278 melius
3334 5221 3616 5288 subjicere.
3652 5218 3782 5273 Vide

2199 5341 2373 5386 autem
2418 5339 2659 5398 quaenam
2699 5329 2824 5375 sunt
2865 5316 3256 5374 similitudines.
3285 5313 3339 5366 2.
3373 5313 3518 5366 Sicut
3558 5327 3781 5381 unguen-

2199 5433 2302 5476 tum
2331 5421 2382 5474 in
2411 5418 2592 5488 capite,
2616 5413 2751 5485 quod
2775 5411 3028 5466 descendit
3048 5410 3100 5462 in
3114 5407 3340 5470 barbam,
3360 5404 3564 5458 barbam
3589 5404 3777 5463 Aaron,

2198 5519 2248 5572 ὖ.
2289 5514 2423 5587 quod
2467 5508 2718 5565 descendit
2757 5507 2810 5560 in
2853 5521 2994 5560 orant
3027 5500 3300 5557 vestimenti
3336 5500 3465 5569 ejus.
3505 5495 3600 5550 llic
3639 5494 3778 5548 enim

2262 5652 2278 5682 ί
2315 5652 2397 5698 vix
2425 5658 2603 5707 capere
2645 5642 2819 5706 possim
2857 5652 2956 5702 quo
2987 5643 3122 5707 pacto
3153 5633 3419 5707 quispiam,
3456 5635 3592 5695 Tm,
3631 5638 3777 5678 corna

2199 5723 2321 5786 ejus,
2346 5705 2548 5784 verterit
2562 5705 2707 5786 ;_qua|
2727 5719 2892 5772 rer-ter
2927 5705 3406 5786 niendnm‘snspieor.

2262 5787 2333 5843 (α)
2365 5793 2474 5840 ιρυιει
2499 5781 2559 5828 sit
2580 5778 2656 5827 hic
2681 5779 2924 5837 interpres
2950 5778 3212 5831 ignoratur.
