4134 6210
376 358 482 411 38ῗὶ

373 484 496 524 eum
523 471 662 519 esset
697 457 951 530 pontifex,
976 453 1267 523 angebatur
1295 448 1394 501 hoc
1420 454 1708 514 unguento,
1733 450 1783 492 et
1804 437 1958 493 undi-

371 576 476 631 que
505 553 796 610 distillahat
825 567 838 603 :
868 557 985 603 erat
1021 553 1197 598 autem
1244 538 1398 592 valde
1444 543 1647 605 gratus,
1677 530 1957 602 iucundus,

373 619 426 704 et
448 644 690 699 amabilis
711 641 777 696 iis
805 639 894 709 qui
925 651 1050 691 eum
1075 633 1342 694 videbant,
1359 635 1574 698 prOpter
1598 623 1734 678 hanc
1758 619 1963 676 unctio-

378 753 520 807 nem.
565 728 1020 804 Quemadmodum
1067 739 1194 794 ergo
1223 722 1330 785 ille,
1374 717 1584 789 inquit,
1631 724 1822 768 unctus
1862 710 1962 764 hoc

271 885 280 890 .
377 805 682 898 unguento,
727 833 810 878 est
855 821 955 874 hoc
990 817 1170 870 habitu
1214 813 1460 874 decorus,
1506 808 1648 860 vultu
1697 805 1880 866 hctus,
1909 810 1962 856 et

377 894 541 974 multa
568 916 801 984 repletus
830 907 1136 980 fragrantia,
1176 905 1504 974 gratiamque
1532 897 1730 968 praebet
1773 894 1960 946 viden-

378 1011 521 1066 tibus
550 983 717 1063 oculis
740 1025 751 1058 :
774 1007 844 1060 ita
861 1004 1018 1058 etiam
1053 999 1153 1053 huc
1185 995 1463 1066 pulchrum
1493 1000 1574 1045 cst
1599 1007 1612 1052 ;
1637 998 1690 1043 et
1709 983 1963 1058 quemad-

379 1102 596 1156 modum
637 1097 761 1152 illnd
803 1092 1161 1164 spectaculum
1205 1102 1308 1141 non
1355 1085 1527 1137 solum
1569 1090 1651 1135 est
1695 1080 1807 1132 visu
1845 1076 1954 1146 pul-

351 1190 601 1257 ‘chrutn,
654 1189 748 1243 sed
796 1186 953 1242 etiam
1001 1181 1232 1235 delectat
1279 1175 1463 1229 oculos
1492 1193 1504 1226 :
1534 1174 1604 1226 ita
1653 1171 1812 1225 etiam
1862 1167 1962 1220 hoc

380 1283 534 1336 aliert
570 1280 896 1348 voluptatem
936 1275 1148 1328 animm.
1174 1270 1226 1324 4.
1262 1267 1406 1323 Sicut
1448 1281 1531 1317 ros
1576 1261 1832 1321 Harmon,
1877 1259 1962 1326 qui

381 1372 631 1427 descendit
653 1370 704 1422 in
725 1377 940 1421 montem
987 1361 1136 1418 Sion.
1183 1357 1416 1414 Adduxit
1456 1357 1612 1409 etiam
1657 1349 1960 1404 similitudi-

381 1481 526 1530 nem,
553 1479 671 1534 qua:
719 1460 933 1514 multam
981 1455 1140 1509 habet
1175 1449 1579 1522 jucunditatem,
1602 1454 1652 1498 et
1677 1439 1959 1510 spectaturi

381 1531 587 1626 prwbet
612 1551 1042 1607 delectationem.
1068 1543 1190 1599 Haec
1214 1551 1390 1594 autem
1415 1551 1521 1590 non
1547 1535 1642 1588 abs
1659 1548 1718 1586 re
1742 1531 1917 1600 posuit
1946 1546 1957 1581 :

381 1625 748 1718 sedquoniam
786 1653 908 1698 ante
947 1637 1301 1708 captivitatem
1349 1631 1534 1685 decem
1563 1627 1668 1681 illa:
1715 1625 1881 1678 tribus
1909 1631 1963 1676 et

379 1741 500 1796 diue
529 1740 645 1794 alia:
686 1744 838 1791 erant
880 1733 1154 1801 dispersa),
1179 1741 1239 1780 ac
1267 1723 1474 1785 divisze,
1505 1731 1560 1773 et
1583 1734 1642 1772 ea
1668 1730 1824 1771 causa
1863 1713 1962 1767 fuit

379 1834 560 1888 multa:
599 1827 907 1898 iniquitatis,
931 1835 1129 1892 eosque
1156 1818 1224 1874 ad
1253 1815 1562 1878 seditiones,
1593 1808 1962 1866 contentiones

377 1941 431 1984 et
457 1927 589 1982 bella
634 1922 836 1991 impulit
869 1935 882 1972 :
914 1917 1028 1971 hmc
1067 1930 1132 1968 ne
1162 1913 1350 1966 ﬁerent
1394 1907 1602 1972 suadet,
1633 1909 1687 1957 et
1735 1899 1964 1956 consulit

379 2036 447 2074 ne
475 2016 697 2088 p0pulus
723 2011 950 2081 amplius
996 2004 1357 2064 distrahatur;
1389 1997 1482 2052 sed
1530 1993 1690 2050 simul
1738 1991 1959 2054 habitet,

379 2114 443 2166 sit
476 2085 830 2176 conjunctus,
878 2101 1072 2169 unique
1108 2089 1519 2150 administratori
1541 2097 1596 2143 et
1622 2085 1731 2156 regi
1761 2089 1960 2152 pareat,

377 2206 672 2271 caritasque
694 2200 761 2253 ab
799 2196 948 2251 initio
971 2193 1036 2246 ad
1068 2191 1223 2244 linem
1251 2201 1414 2256 usque
1441 2182 1666 2248 difﬂuat,
1695 2187 1961 2247 tamquam

378 2310 468 2349 ros
494 2307 680 2348 omnes
703 2286 1016 2359 pervadens.
1039 2282 1328 2349 Comparat
1354 2287 1530 2330 autem
1557 2273 1832 2327 caritatem
1866 2284 1962 2322 un-

379 2392 577 2456 guento
601 2391 654 2436 et
677 2379 786 2434 rori
817 2396 830 2432 :
863 2392 958 2446 per
978 2373 1104 2429 illud
1147 2369 1362 2440 quidem
1409 2365 1720 2434 suavitatem
1760 2360 1958 2420 odoris,

385 2489 478 2544 per
508 2473 651 2526 hunc
681 2483 807 2524 vero
844 2466 1070 2535 quietem
1102 2471 1154 2516 et
1179 2457 1583 2514 delectationem
1612 2454 1755 2507 visus
1780 2449 1963 2504 volens

380 2543 682 2620 ostendere.
733 2559 982 2628 Quoniam
1027 2555 1149 2609 illuc
1175 2551 1430 2605 mandavit
1471 2547 1720 2602 Dominus
1759 2543 1961 2600 benedi-

382 2659 613 2712 ctionem.
658 2653 812 2722 illuc,
863 2647 1126 2721 quonam?
1156 2646 1210 2700 In
1253 2645 1414 2698 talem
1459 2641 1860 2704 habitationem,
1911 2638 1962 2690 in

383 2748 540 2802 talem
583 2741 944 2805 concordiam,
972 2739 1022 2793 in
1055 2739 1211 2792 talem
1242 2747 1586 2796 consensum,
1615 2731 1667 2784 in
1699 2731 1801 2784 tale
1837 2743 1966 2784 cou-

385 2839 708 2894 lubernium.
742 2835 854 2888 Hoc
897 2831 1037 2886 enim
1081 2838 1160 2882 est
1209 2825 1528 2885 benedictio,
1569 2822 1706 2876 sicut
1753 2831 1965 2874 contra-

385 2933 522 2986 rium
573 2926 895 2984 maledictio.
941 2920 1200 2989 Quocirca
1241 2917 1344 2971 hoc
1370 2929 1579 2985 quoque
1614 2911 1792 2966 laudat
1821 2913 1966 2978 quis-

383 3025 520 3094 piam
546 3064 562 3089 ,
593 3022 777 3090 dicens
808 3034 822 3071 :
848 3015 1081 3071 Amicitia
1127 3016 1341 3082 fratrum
1365 3051 1380 3074 ,
1408 3018 1454 3062 et
1482 3006 1750 3061 concordia
1794 3004 1964 3072 proxi-

382 3093 598 3176 morum,
625 3121 668 3165 et
694 3110 768 3165 vir
792 3117 836 3162 et
861 3106 1038 3159 mulier
1073 3119 1242 3158 secum
1265 3099 1620 3153 consentientes
1651 3095 1833 3166 (Eccli.
1870 3093 1962 3148 25.

383 3206 462 3274 2).
493 3205 557 3258 Et
585 3202 716 3256 alius
754 3199 894 3252 vires
931 3196 1048 3264 ejus
1078 3190 1412 3260 aanigmatice
1439 3187 1764 3258 signiﬁcans,
1795 3185 1960 3238 dicit:

386 3297 448 3352 Si
467 3296 566 3348 duo
601 3292 911 3351 dormierint,
947 3289 1086 3340 calor
1129 3286 1221 3337 erit
1253 3282 1396 3351 ipsis,
1421 3294 1472 3364 et
1492 3279 1747 3347 funiculus
1785 3277 1967 3345 triplex

385 3405 484 3441 non
514 3385 664 3456 facile
705 3391 961 3450 rumpetur
994 3375 1186 3448 (Eccle.
1217 3374 1270 3428 4.
1302 3374 1389 3427 Η.
1425 3370 1535 3439 12).
1568 3369 1697 3423 Nam
1726 3376 1780 3423 et
1814 3369 1962 3420 voln-

389 3487 584 3549 ptatem
633 3473 717 3526 hic
761 3469 1011 3531 ostendit,
1045 3476 1094 3521 et
1135 3465 1314 3518 vires:
1343 3476 1534 3532 nempe
1574 3459 1968 3531 quiescentibus

385 3548 628 3638 magnam
662 3562 773 3618 fore
794 3561 1138 3626 voluptatem,
1171 3565 1224 3609 et
1253 3568 1469 3622 magnas
1514 3552 1650 3605 vires
1699 3548 1967 3620 operanti-

388 3661 504 3713 btts.
527 3659 588 3710 Et
620 3668 820 3716 rursus,
875 3651 1054 3705 Frater
1075 3666 1105 3700 a
1133 3648 1290 3718 fratre
1331 3645 1557 3714 adjutus,
1602 3651 1672 3696 est
1711 3653 1966 3710 tamquam

388 3750 505 3803 urbs
535 3747 698 3800 calida
729 3744 908 3816 (Prov.
935 3744 1020 3796 18.
1054 3739 1334 3810 l9).Porro
1361 3736 1601 3789 Christus
1636 3748 1846 3802 qucque
1887 3731 1967 3784 di-

388 3843 481 3906 cit,
509 3840 605 3896 Ubi
633 3839 734 3892 duo
759 3847 844 3890 aut
875 3847 974 3889 tres
1005 3830 1292 3902 congregati
1319 3831 1502 3899 fuerint
1528 3827 1579 3878 in
1610 3825 1808 3878 nomine
1836 3840 1962 3884 meo,

389 3934 492 3988 illic
534 3949 644 3986 sum
675 3932 728 3984 in
771 3928 933 3981 medio
971 3939 1145 3980 eorum
1170 3919 1380 3994 (Matth.
1413 3919 1500 3980 l8,
1533 3916 1646 3988 20).
1680 3915 1796 3970 Jam
1841 3929 1969 3967 vero

393 4027 504 4097 ipsa
547 4037 760 4093 quoque
803 4020 906 4073 hoc
949 4025 1134 4070 natura
1188 4012 1367 4081 exigit.
1411 4005 1666 4078 Quocirca
1710 4006 1778 4060 ab
1822 4005 1970 4058 initio

391 4095 532 4172 Deus
559 4131 677 4171 cum
709 4111 976 4168 hominem
1007 4108 1245 4176 lingeret,
1276 4103 1504 4167 dicebat,
1540 4097 1660 4152 Non
1686 4107 1758 4151 est
1787 4095 1970 4149 bonum

392 4210 640 4265 hominen:
668 4221 771 4259 esse
803 4203 963 4256 solum
988 4196 1139 4268 (Gen.
1167 4195 1221 4249 2.
1257 4193 1344 4263 18)
1377 4209 1389 4245 :
1422 4203 1470 4245 et
1499 4205 1618 4244 cum
1649 4187 1845 4242 faceret
1871 4185 1970 4238 hoc

390 4301 606 4364 animal,
640 4299 912 4352 mulierem
950 4293 1184 4361 inquam,
1219 4295 1432 4356 propter
1457 4281 1824 4337 necessitatem
1852 4293 1968 4331 eam

392 4396 508 4448 viro
527 4390 815 4460 colligavit,
839 4387 980 4441 mille
1005 4383 1175 4437 modis
1205 4395 1300 4434 nos
1330 4380 1466 4434 inter
1496 4391 1591 4430 nos
1619 4373 1966 4442 conjungens.

392 4487 461 4542 Et
485 4487 632 4541 vitam
660 4498 812 4553 usque
837 4481 888 4534 in
913 4477 1170 4532 saxulum.
1222 4472 1332 4526 lloc
1360 4468 1580 4540 pulchre
1605 4465 1817 4538 adjecit.
1872 4461 1969 4518 Uhi

392 4583 532 4638 enim
556 4588 639 4634 est
664 4576 898 4638 dilectio,
931 4571 1036 4626 illic
1063 4579 1143 4624 est
1174 4580 1359 4636 magna
1390 4565 1664 4622 securitas,
1695 4567 1749 4614 et
1787 4555 1970 4624 copio~

393 4688 510 4726 sum
533 4686 564 4724 a
591 4671 700 4724 Deo
729 4666 1000 4721 auxilium.
1027 4661 1099 4716 Ea
1125 4659 1266 4714 enim
1294 4663 1375 4710 est
1399 4661 1568 4707 mater
1595 4650 1876 4708 bonorum,
1906 4661 1968 4700 ea

392 4773 475 4817 est
523 4761 640 4815 fons
663 4767 716 4812 et
759 4757 934 4820 radix,
961 4768 1023 4808 ea
1069 4759 1150 4806 est
1186 4747 1446 4802 bellorum
1489 4741 1728 4806 exitium,
1754 4749 1974 4793 conten-

394 4851 556 4906 tionis
580 4849 840 4902 interitns.
869 4843 1122 4912 Quocirca
1151 4839 1200 4892 id
1231 4835 1553 4908 signiﬁcans,
1581 4821 1872 4898 subjunxit,
1906 4826 1973 4880 Et

393 4947 548 4999 vitam
571 4955 728 5009 usque
751 4940 803 4992 in
831 4935 1091 4992 siccatum.
1118 4926 1570 4999 Quemadmodum
1599 4923 1740 4977 enim
1783 4918 1973 4974 seditio

393 5046 449 5092 et
477 5008 748 5088 contentio
785 5036 1005 5082 mortem
1035 5023 1190 5093 parit,
1223 5032 1446 5087 eamque
1493 5016 1828 5068 immaturam
1857 5025 1872 5064 :
1903 5008 1970 5062 ita

395 5126 556 5183 etiam
589 5119 803 5176 dilectio
823 5127 876 5173 et
904 5112 1182 5172 consensio
1205 5124 1383 5180 pacem
1406 5119 1459 5161 ct
1477 5102 1850 5166 concordiam;
1885 5097 1971 5152 ubi

394 5226 576 5272 autem
619 5219 703 5268 est
744 5224 844 5282 pax
889 5215 943 5262 et
981 5203 1285 5266 concordia,
1334 5200 1436 5253 vita
1486 5205 1567 5250 est
1608 5192 1887 5253 tutissima,
1919 5196 1975 5242 et

396 5311 552 5376 longe
577 5302 934 5361 sccnrissima.
959 5295 1161 5365 thuid
1188 5307 1321 5362 opus
1345 5300 1430 5346 est
1446 5289 1624 5343 dicere
1656 5281 1976 5356 przesentia?

395 5401 467 5455 Ea
496 5375 639 5453 enim
668 5393 826 5448 nobis
844 5389 1032 5444 caelum
1074 5385 1313 5452 largitur,
1335 5390 1392 5436 et
1417 5381 1553 5435 bona
1585 5375 1890 5440 inel‘ﬁtbilia,
1920 5382 1975 5429 ct

394 5500 476 5547 est
518 5489 695 5560 regina
731 5485 1005 5540 virtutum.
1059 5477 1181 5532 ﬂare
1229 5489 1360 5544 ergo
1391 5487 1514 5526 cum
1563 5470 1812 5532 sciamus,
1853 5479 1973 5521 eam

393 5555 674 5652 diligenter
736 5575 1154 5644 persequamur,
1201 5576 1258 5620 ut
1306 5572 1363 5620 et
1412 5560 1762 5634 przesentibus
1821 5555 1975 5612 bonis

393 5670 413 5722 t‘
443 5649 652 5731 uantur,
687 5673 744 5722 et
763 5662 954 5720 futuris
980 5680 994 5715 .
1020 5673 1140 5729 quae
1180 5657 1336 5712 detur
1373 5653 1527 5708 nobis
1549 5649 1797 5708 omnibus
1822 5660 1972 5701 asse-

391 5763 506 5837 qui,
529 5763 693 5833 gratia
720 5765 774 5815 et
801 5750 1122 5826 benignitate
1154 5744 1363 5804 Domini
1411 5743 1574 5798 nostri
1599 5742 1723 5798 .Icsu
1752 5738 1968 5807 Christi.

1479 326 1838 388 EXPOSITIO
1879 320 1945 381 IN
1975 317 2295 380 PSALMUM
2333 315 2622 376 CXXXIII.

3545 306 3654 359 386

2066 446 2321 503 cumquo
2366 433 2505 484 Patri
2555 425 2723 499 gloria
2767 423 2928 480 simul
2966 435 3086 478 cum
3123 433 3309 480 sancto
3347 423 3571 494 Spiritu,
3601 423 3652 475 in

2065 524 2256 578 sa—cula
2287 522 2626 577 sasculorum.
2657 520 2847 573 Amen.

2492 632 2554 687 IN
2583 625 2906 686 PSALMUM
2932 619 3222 681 CXXXI”.

2069 749 2120 802 1.
2155 746 2284 802 Ecce
2303 763 2434 800 nunc
2461 744 2733 800 benedicite
2762 741 3053 807 Dominum,
3077 755 3248 793 onmes
3269 739 3396 792 servi
3427 735 3659 799 Domini,

2471 835 2557 905 qui
2578 833 2719 888 statis
2747 833 2802 886 in
2834 832 2982 884 domo
3012 829 3230 884 Domini.

2137 971 2376 1027 Psahnos
2396 971 2462 1025 de
2488 968 2739 1039 gradibus
2767 965 2853 1020 hic
2882 964 3129 1027 absolvit,
3157 963 3400 1017 oratione
3427 961 3656 1032 pulchro

2067 1064 2170 1118 ﬁne
2197 1063 2468 1125 conclusa,
2501 1059 2654 1114 laude
2680 1059 2880 1112 scilicet
2897 1063 2950 1111 et
2981 1055 3367 1110 benedictione.
3395 1053 3517 1108 Vult
3531 1066 3652 1108 esse

2068 1157 2158 1210 Dei
2187 1169 2370 1210 servos
2419 1169 2522 1206 non
2561 1152 2732 1205 solum
2775 1149 3126 1219 dogmatibus,
3169 1145 3266 1201 sed
3307 1145 3472 1199 etiam
3496 1157 3655 1198 accu-

2065 1257 2176 1302 rata
2217 1247 2336 1300 vita:
2375 1243 2703 1298 institutione
2732 1261 2745 1296 :
2775 1251 2832 1297 et
2871 1241 2988 1295 ideo
3022 1238 3236 1308 adjecit,
3282 1233 3380 1302 Qui
3413 1237 3564 1290 statis
3599 1236 3652 1288 in

2065 1337 2214 1390 domo
2258 1334 2481 1399 Domini,
2519 1335 2570 1386 in
2615 1332 2757 1385 atriis
2794 1330 2974 1384 domus
3004 1328 3097 1381 Dei
3128 1327 3305 1380 nostri.
3337 1326 3468 1380 Eum
3507 1327 3650 1380 enim

2065 1430 2261 1498 quiest
2309 1429 2544 1495 impurus
2590 1433 2643 1478 et
2680 1421 2952 1492 profanus,
2998 1417 3146 1475 nel‘as
3194 1429 3276 1473 est
3312 1427 3649 1472 sacrasancta

2066 1527 2214 1590 septa
2253 1516 2472 1588 ingredi.
2513 1514 2866 1581 Quamobrem
2894 1513 2937 1566 si
2969 1511 3088 1580 quis
3131 1509 3322 1579 dignus
3349 1509 3544 1579 estqui
3573 1509 3652 1562 in-

2065 1611 2357 1680 grediatur,
2381 1609 2424 1662 is
2447 1621 2657 1678 quoque
2685 1605 2876 1676 dignus
2901 1603 3092 1672 estqui
3123 1601 3419 1657 benedicat.
3451 1600 3653 1655 Doinus

2065 1702 2208 1758 enim
2256 1701 2347 1756 Dei
2388 1707 2469 1754 est
2511 1699 2641 1754 cath
2663 1697 2852 1753 similis
2879 1713 2894 1752 :
2917 1705 2970 1751 et
2994 1693 3438 1764 quemadmodum
3465 1705 3529 1748 ex
3555 1691 3650 1745 ad-

2067 1791 2315 1846 versariis
2359 1789 2706 1862 potestatibus
2749 1785 2946 1842 nullam
2972 1785 3052 1840 fas
3073 1794 3154 1840 est
3182 1784 3306 1838 illuc
3330 1783 3550 1849 intrare,
3579 1782 3652 1836 ita

2068 1901 2167 1942 nec
2188 1888 2239 1939 in
2271 1884 2486 1939 domum
2519 1881 2628 1936 Dei.
3327 1939 3334 1944 _

2141 1979 2394 2042 Quantam
2437 1973 2660 2044 requirat
2695 1972 3009 2026 sanctitatem
3039 1964 3376 2022 Eucharistiar
3403 1966 3654 2035 receptio:

2069 2067 2264 2136 Corpus
2286 2075 2331 2121 et
2359 2065 2566 2136 sanguis
2593 2059 2797 2118 Domini
2815 2063 2868 2117 in
2895 2061 3254 2125 Eucharistia;
3285 2057 3408 2113 Nam
3426 2075 3528 2113 non
3550 2069 3654 2112 tota

2066 2177 2243 2237 somno
2289 2157 2650 2214 consumenda.
2675 2185 2751 2197 -—
2774 2155 3086 2220 Considera,
3119 2165 3152 2208 ο
3177 2151 3357 2215 homo,
3398 2159 3651 2222 quantam

2066 2250 2378 2320 dignitatem
2417 2248 2760 2318 assequeris:
2793 2253 2996 2301 etcum
3031 2255 3083 2299 tu
3115 2245 3226 2314 ipse
3269 2255 3479 2314 quoque
3521 2251 3656 2296 tem-

2067 2341 2212 2411 plum
2244 2340 2412 2394 l'actus
2452 2339 2546 2405 sis,
2575 2348 2770 2409 quanta
2793 2353 2822 2392 a
2853 2335 3045 2412 te'jure
3078 2336 3145 2390 sit
3170 2334 3465 2405 priestanda
3515 2334 3657 2403 puri-

2070 2441 2168 2487 tas.
2212 2431 2491 2497 Quomodo
2535 2442 2712 2484 autem
2760 2427 3065 2483 exhibueris
3107 2427 3423 2496 puritatem?
3450 2426 3504 2480 Si
3533 2435 3652 2479 om-

2069 2538 2187 2578 nem
2235 2523 2426 2577 malam
2469 2519 2840 2591 cogitationem
2889 2517 3175 2586 expuleris,
3205 2517 3247 2570 si
3285 2513 3474 2570 feceris
3502 2526 3561 2570 ut
3585 2515 3651 2568 ad

2068 2614 2264 2668 mentis
2295 2605 2569 2666 castellum
2614 2608 2888 2664 diabolicis
2934 2609 3232 2663 actionibus
3275 2607 3452 2661 nullus
3477 2615 3655 2676 putt-at

2069 2706 2265 2771 aditus,
2299 2705 2341 2759 si
2375 2715 2640 2772 tamquam
2670 2704 2719 2755 in
2743 2701 2941 2756 sanctis
2983 2700 3158 2770 adytis
3206 2708 3461 2770 perpetuo
3508 2707 3650 2755 tuum

2069 2795 2301 2850 animum
2330 2808 2578 2849 exornes.
2606 2793 2660 2848 Si
2687 2792 2829 2847 enim
2853 2791 2904 2844 in
2930 2789 3126 2859 templo
3154 2789 3373 2845 Judaico
3395 2805 3500 2842 non
3529 2787 3651 2842 lice-

2068 2889 2158 2945 bat
2185 2889 2428 2942 omnibus
2456 2887 2694 2957 quemvis
2721 2885 2891 2939 locum
2921 2883 3121 2954 ingredi
3149 2900 3162 2936 :
3194 2881 3288 2938 sed
3317 2891 3468 2936 erant
3489 2882 3652 2936 multa

2068 2991 2123 3038 ct
2145 2982 2292 3035 varia
2318 2979 2645 3043 discrimina,
2671 2987 2723 3032 et
2751 2987 2866 3032 erat
2896 2977 2980 3031 hic
3007 2975 3220 3046 quidem
3249 2974 3396 3028 locus
3438 2975 3647 3044 pnes-ti-

2070 3085 2214 3130 tutus
2257 3073 2554 3146 proselytis,
2590 3073 2678 3128 ille
2721 3085 2849 3126 vero
2874 3069 3073 3125 Judreis
3112 3067 3199 3138 qui
3229 3067 3431 3122 fuerant
3459 3067 3525 3120 ab
3549 3067 3648 3120 ini-

2069 3169 2164 3232 tio,
2198 3167 2332 3220 alius
2357 3164 2740 3229 sacerdotibus,
2774 3161 2909 3216 alius
2947 3158 3178 3230 tontillci
3205 3157 3326 3223 soli,
3359 3158 3514 3228 idque
3546 3173 3650 3211 non

2069 3272 2301 3328 semper,
2329 3257 2422 3312 sed
2463 3255 2628 3311 semel
2666 3254 2716 3308 io
2763 3265 2906 3308 anno
2935 3253 3140 3321 :cogita
3180 3249 3320 3320 apud
3361 3257 3412 3303 te
3454 3258 3647 3319 quanta

2069 3348 2163 3404 tibi
2193 3347 2469 3402 sanctitate
2495 3359 2628 3415 opus
2665 3345 2754 3410 sit,
2786 3344 2874 3414 qui
2906 3343 3050 3411 signa
3084 3341 3248 3395 multo
3271 3337 3468 3408 majora
3496 3353 3655 3392 acce-

2069 3440 2231 3510 peris,
2258 3453 2414 3508 quam
2440 3453 2558 3508 quae
2595 3446 2775 3491 sancta
2813 3445 3116 3490 sanctorum
3165 3441 3288 3486 tunc
3326 3435 3648 3499 acceperint.

2069 3531 2250 3601 Neque
2275 3530 2414 3584 enim
2436 3529 2742 3592 Clierubim,
2775 3526 2868 3582 sed
2900 3527 3130 3594 ipsorum
3161 3519 3450 3577 Cherubim
3476 3519 3654 3575 Domi-

2076 3637 2202 3676 num
2235 3619 2400 3674 babes
2443 3618 2860 3682 inhalﬁtantem,
2876 3627 3048 3684 neque
3090 3625 3300 3678 urnam,
3331 3625 3545 3673 manna,
3573 3617 3655 3662 ta-

2072 3710 2224 3765 bulas
2267 3709 2523 3779 lapideas,
2555 3719 2608 3763 et
2633 3709 2836 3778 virgam
2863 3708 3061 3772 Aaron,
3101 3704 3193 3759 sed
3237 3717 3432 3770 corpus
3459 3710 3512 3756 et
3535 3714 3657 3754 san-

2071 3804 2280 3872 guinem
2324 3800 2670 3863 dominicum,
2703 3807 2756 3854 et
2802 3797 3066 3867 Spiritum
3103 3809 3199 3866 pro
3237 3794 3406 3858 litera,
3439 3803 3491 3847 et
3531 3807 3656 3862 gra-

2075 3894 2221 3956 tiam,
2250 3908 2368 3960 qure
2403 3899 2620 3960 superat
2645 3889 2925 3942 humanam
2951 3887 3346 3955 cogitationem,
3377 3893 3430 3938 et
3459 3882 3656 3938 donum

2074 3981 2450 4038 inenarrabile.
2479 3981 2594 4046 Quo
2621 3987 2799 4032 autem
2845 3975 3132 4044 majoribus
3158 3974 3322 4041 signis
3345 3989 3407 4028 ac
3435 3973 3652 4044 symbo-

2075 4074 2142 4128 lis
2168 4082 2221 4128 et
2242 4073 2412 4142 magis
2437 4067 2754 4125 venerandis
2776 4065 3047 4136 mysteriis
3069 4063 3315 4132 dignatus
3333 4075 3412 4122 es,
3446 4076 3512 4116 eo
3541 4077 3656 4114 ma-

2071 4165 2158 4234 jo‘r
2186 4173 2268 4218 est
2287 4179 2316 4216 a
2349 4172 2398 4216 te
2419 4158 2716 4232 praestanda
2751 4157 3024 4218 sanctitas,
3050 4161 3192 4208 eteo
3215 4151 3322 4206 eris
3349 4151 3533 4218 majori
3557 4151 3658 4204 ob-

2075 4246 2265 4310 noxius
2291 4251 2569 4323 supplicio,
2601 4249 2646 4305 si
2675 4263 2794 4321 quat
2832 4248 2979 4318 jussa
3005 4253 3129 4299 sunt
3151 4241 3486 4298 transilieris.
3505 4240 3558 4294 2.
3587 4239 3656 4293 In

2074 4347 2301 4402 noctibus
2322 4343 2543 4400 extollite
2563 4359 2739 4396 manus
2759 4349 2945 4394 vestras
2965 4338 3018 4391 in
3037 4345 3232 4391 sancta.
3253 4333 3424 4398 Alius,
3449 4332 3658 4387 Sancte.

2076 4440 2240 4503 Alius,
2262 4437 2600 4505 Sancti/irate.
2621 4433 2688 4488 Et
2705 4431 2976 4488 benedirite
2987 4429 3258 4484 Dominum
3274 4425 3368 4498 (a).
3388 4424 3494 4480 Cur
3504 4424 3659 4488 dixit,

2074 4531 2143 4586 In
2171 4527 2434 4585 noctibus?
2462 4529 2669 4582 Docens
2694 4539 2790 4579 nos
2814 4539 2918 4577 non
2948 4536 3066 4576 eam
3113 4528 3275 4573 totam
3300 4531 3488 4570 somno
3525 4530 3658 4568 con-

2077 4619 2388 4676 sumendam
2446 4633 2594 4685 esse,
2640 4614 3034 4682 ostendensque
3087 4611 3326 4680 puriores
3368 4619 3492 4662 tunc
3538 4620 3658 4662 esse

2076 4728 2284 4784 preces,
2313 4710 2524 4782 quando
2549 4718 2602 4763 et
2643 4723 2793 4761 mens
2841 4714 2922 4759 est
2959 4703 3144 4767 levior,
3173 4710 3229 4756 et
3255 4697 3406 4754 nobis
3431 4706 3514 4754 est
3542 4698 3663 4767 plus

2078 4803 2194 4859 atii.
2242 4801 2394 4870 Quod
2444 4800 2489 4853 si
2534 4800 2586 4852 in
2634 4807 2790 4852 nocle
2835 4803 3043 4864 oportet
3068 4793 3136 4848 ad
3163 4801 3344 4847 sancta
3385 4789 3658 4854 accedere,

2076 4892 2354 4949 cansidera
2413 4903 2696 4960 quamnam
2754 4893 3112 4956 consequetur
3167 4885 3409 4948 veniam,
3459 4882 3548 4953 qui
3593 4895 3662 4936 ne

2077 4987 2221 5043 domi
2266 4983 2479 5055 quidem
2523 4982 2616 5036 illo
2662 4990 2900 5049 tempore
2941 4991 3123 5048 preces
3157 4976 3346 5032 fundit.
3393 4973 3658 5042 PrOpheta

2077 5077 2218 5131 enim
2254 5083 2355 5129 tee
2383 5074 2520 5128 lecto
2561 5071 2776 5137 excitat,
2821 5078 2876 5124 et
2918 5069 3129 5123 deducit
3174 5067 3228 5121 in
3257 5065 3530 5133 templum.
3569 5062 3659 5130 ju-

2079 5169 2210 5222 bcns
2238 5177 2398 5221 totam
2424 5165 2529 5219 illic
2561 5171 2769 5218 noctem
2797 5173 2954 5232 agere
2984 5175 2999 5213 :
3025 5167 3081 5213 at
3101 5169 3154 5210 tn
3184 5171 3250 5211 ne
3277 5155 3418 5210 domi
3444 5153 3658 5222 quidem

2080 5275 2301 5314 manens
2328 5257 2427 5311 hoc
2449 5256 2594 5310 facis.
2615 5253 2842 5309 Pulchre
2865 5262 3043 5306 autem
3063 5249 3216 5312 dixit,
3235 5245 3442 5308 Sancte,
3462 5243 3659 5298 docens

2081 5363 2201 5408 eSSe
2243 5348 2502 5404 orandum
2547 5346 2748 5415 absque
2786 5341 2941 5398 malis
2972 5337 3379 5408 cogitationibus
3402 5374 3420 5401 ,
3464 5335 3665 5402 absque

2080 5445 2204 5502 odio
2246 5452 2301 5498 et
2348 5437 2736 5501 malevolentia,
2783 5436 2984 5502 absque
3027 5429 3269 5493 avaritia,
3307 5425 3509 5495 abSque
3552 5421 3662 5479 ttlln

2081 5536 2186 5593 alio
2205 5531 2462 5605 ejusmodi
2490 5535 2729 5600 peccato,
2755 5522 2897 5595 quod
2926 5520 3079 5577 affert
3103 5519 3296 5574 animae
3323 5517 3559 5572 exitium.
3596 5513 3659 5568 Et

2083 5626 2358 5684 benedicite
2397 5619 2691 5676 Dominum.
2718 5615 2831 5672 Hoc
2853 5623 2937 5670 est
2971 5613 3114 5668 enim
3158 5611 3386 5666 maxime
3431 5606 3663 5679 perfecta

2148 5739 2220 5802 (a)
2247 5737 2298 5786 ui
2320 5736 2617 5799 interpretes
2643 5729 2729 5793 qui
2749 5727 2847 5779 sint
2867 5731 3138 5792 ignoratur.
