4116 6204
479 313 579 370 587

481 432 798 498 benedictio,
824 428 1036 499 quando
1074 427 1356 482 verborum
1387 434 1441 480 et
1461 425 1580 479 vita:
1628 423 1786 478 fuerit
1823 436 2051 475 consen-

478 541 592 588 sus,
615 533 668 580 et
699 539 791 592 per
815 536 974 592 opera
1003 521 1170 574 Deum
1199 518 1288 589 qui
1309 527 1358 572 te
1377 517 1580 572 creavit
1603 516 1766 586 gloria
1792 513 2052 578 olfeceris,

479 625 531 667 ot
571 611 1050 682 vultEvangelium
1093 610 1276 664 dicens
1305 607 1531 660 :Luceat
1569 606 1658 658 tua:
1689 614 1848 658 vestra
1885 619 2055 656 coram

479 705 780 768 hominibus,
804 714 857 757 ut
880 704 1080 756 uideant
1126 717 1278 769 opera
1324 707 1485 752 uestra
1527 697 1677 758 bona,
1708 705 1754 748 et
1775 695 2055 765 gloriﬁcent

477 795 684 850 Patrem
724 805 961 859 vestrum,
983 793 1069 864 qui
1088 801 1158 847 est
1179 793 1230 844 in
1255 791 1388 844 caelis
1411 787 1620 858 (Matth.
1647 787 1699 841 5.
1734 787 1841 856 16).
1871 787 1924 840 5.
1957 783 2054 838 Βε-

477 887 670 937 uedicat
701 893 748 938 te
778 884 1020 937 Dominus
1045 898 1108 936 ea:
1137 881 1285 945 Sion,
1311 881 1397 948 qui
1425 878 1540 949 fecit
1564 877 1744 930 cwlutn
1773 886 1818 929 et
1845 885 2049 928 terram.

480 979 590 1032 lloc
616 988 716 1042 est,
740 977 796 1032 Si
816 978 928 1030 hanc
961 974 1164 1037 feceris,
1187 971 1528 1040 consequeris
1553 983 1762 1039 quoque
1785 967 1877 1022 Dei
1897 966 2054 1020 bene-

477 1070 780 1128 dirtionem.
813 1067 855 1120 si
883 1073 1184 1134 pernoctes,
1212 1063 1256 1116 si
1288 1069 1470 1115 sancte
1515 1075 1656 1126 ores,
1686 1059 1728 1113 si
1753 1059 1826 1112 sis
1863 1058 2052 1126 dignus

476 1170 616 1212 stare
645 1159 695 1210 in
739 1156 902 1210 domo
947 1154 1174 1216 Domini,
1205 1153 1250 1208 si
1300 1153 1522 1222 teipsum
1571 1150 1826 1220 templum
1870 1157 2048 1218 aptum

476 1249 786 1319 pra-bueris.
821 1248 1105 1316 P05tqoam
1150 1259 1277 1314 ergo
1302 1259 1364 1299 ea
1385 1260 1486 1314 qua
1527 1243 1757 1312 oportuit
1799 1241 2050 1295 exhorta-

477 1353 769 1392 nuncusos
800 1346 898 1400 est,
935 1336 1238 1406 precatione
1266 1333 1534 1388 concludit
1577 1319 1891 1387 brationem.
1939 1330 2052 1385 Hoc

473 1442 554 1484 est
580 1431 721 1484 cnim
761 1429 946 1499 Optimi
992 1428 1244 1491 doctoris,
1268 1435 1320 1479 et
1341 1425 1564 1479 consilio
1603 1423 1897 1477 auditorem
1941 1421 2050 1476 eri-

471 1539 619 1591 gere,
644 1532 694 1576 et
725 1521 966 1591 precibus
996 1519 1334 1583 confirmare,
1374 1518 1756 1584 robustumque
1803 1513 2048 1568 reddere.

472 1613 606 1678 Quid
636 1613 733 1666 sibi
767 1611 878 1664 vult
908 1610 1006 1664 hoc
1034 1608 1175 1679 quod
1205 1607 1350 1666 dicit,
1384 1605 1463 1659 Ea:
1488 1605 1654 1659 Sion?
1691 1604 1818 1679 Erat
1843 1604 1919 1658 eis
1949 1618 2050 1658 n0-

477 1717 596 1758 men
630 1699 1002 1764 desiderabile,
1049 1698 1291 1766 sacrique
1317 1699 1502 1749 omnes
1525 1694 1658 1747 ritus
1688 1692 1796 1747 illic
1823 1707 2048 1762 perage-

476 1795 702 1848 bantur:
735 1801 790 1847 et
814 1791 935 1865 ideo
977 1800 1219 1859 precatur
1242 1796 1301 1842 ut
1326 1791 1642 1855 recuperent
1685 1784 1914 1854 priorem
1944 1792 2051 1836 sta-

477 1896 584 1936 lum
617 1882 906 1952 religionis,
935 1881 1156 1949 illosque
1185 1893 1363 1932 sacros
1388 1878 1519 1931 ritus
1548 1881 1816 1945 peragant,
1838 1883 1891 1928 et
1916 1873 2052 1930 hanc

474 1985 864 2046 consequantur
882 1971 1322 2028 benedictionem.
1347 1969 1545 2025 Deinde
1571 1984 1664 2024 eos
1684 1967 1968 2022 sustollens
1983 1966 2049 2021 ad

474 2070 659 2121 altiora
705 2067 971 2136 degmata,
1004 2073 1058 2116 et
1084 2062 1246 2116 Deum
1293 2059 1485 2130 ubique
1530 2074 1651 2116 esse
1691 2057 2048 2128 docens,jus-

473 2158 610 2211 sisse
636 2166 811 2212 autem
838 2155 1089 2228 templum
1119 2152 1365 2208 :cdifiCari
1399 2159 1611 2221 propter
1641 2150 1848 2204 illorum
1886 2151 2050 2205 imbe-

473 2247 766 2313 cillitatem,
787 2256 840 2300 et
864 2255 1113 2315 Oportere
1137 2259 1256 2298 eum
1284 2243 1514 2313 undique
1535 2243 1806 2308 invocare,
1824 2241 2047 2312 subjun-

475 2339 570 2402 xit,
610 2338 706 2402 Qui
731 2339 844 2409 fecit
865 2337 1043 2391 caelum
1065 2346 1109 2390 et
1135 2345 1337 2390 terram.

546 2430 728 2484 Preces
773 2431 950 2500 ubique
978 2427 1275 2482 emittendte.
1299 2457 1370 2467 —
1405 2425 1509 2482 Sed
1553 2425 1626 2480 illi
1663 2425 1877 2495 quidem
1926 2440 2048 2480 eum

476 2531 600 2574 tunc
644 2521 750 2574 illic
797 2521 1132 2586 invocabant,
1178 2533 1273 2574 nos
1320 2525 1499 2573 autem
1542 2518 1594 2572 in
1640 2519 1784 2572 omni
1829 2518 1967 2580 loco,
1994 2518 2046 2572 in

473 2615 616 2667 οιηηί
644 2628 791 2682 agro,
843 2613 894 2666 in
942 2612 1120 2676 domo,
1154 2612 1204 2664 in
1235 2609 1372 2674 foro,
1405 2609 1456 2664 in
1485 2609 1788 2674 solitudine,
1823 2609 1872 2664 in
1905 2609 2044 2674 nari,

474 2703 528 2758 in
567 2703 887 2769 diversorio,
933 2712 988 2757 et
1016 2702 1330 2768 ubicumque
1377 2699 1652 2754 fuerimus.
1687 2701 1730 2754 Α
1761 2699 1878 2754 loco
1904 2702 2046 2755 enim

475 2807 578 2846 non
628 2792 976 2863 prohibentur
1014 2805 1221 2862 preces,
1251 2790 1411 2846 modo
1451 2791 1558 2845 sint
1583 2804 1779 2854 mores,
1814 2791 1901 2860 qui
1931 2807 2048 2860 pre-

472 2887 621 2940 cibus
647 2886 985 2940 conveniant.
1013 2885 1295 2953 Postquam
1326 2898 1453 2954 ergo
1484 2883 1532 2936 in
1561 2882 1659 2937 hac
1686 2898 1743 2938 re
1778 2898 1874 2936 nos
1905 2893 2046 2938 recte

472 2976 808 3044 gesserimus,
832 2975 1002 3030 Deum
1037 2976 1228 3044 ubique
1267 2974 1589 3038 invocemus,
1621 2982 1676 3028 et
1712 2973 1900 3039 aderit,
1927 2988 2047 3028 nos-

471 3083 575 3138 que
615 3067 900 3136 adjuvabit,
937 3075 993 3121 et
1030 3081 1375 3136 qutecumque
1416 3076 1540 3120 sunt
1587 3065 1741 3121 nobis
1787 3066 2040 3132 difficilia,

471 3160 641 3215 facilia
661 3160 848 3215 reddet
875 3168 930 3214 et
950 3160 1216 3229 expedita,
1245 3173 1447 3229 nosque
1475 3157 1627 3213 bonis
1653 3159 1842 3214 futuris
1863 3160 2045 3230 digna-

473 3253 612 3306 bitur
639 3269 652 3306 :
698 3267 816 3322 qua:
861 3251 1017 3306 detur
1048 3251 1200 3305 nobis
1228 3251 1473 3306 omnibus
1501 3253 1774 3321 consequi,
1800 3254 1964 3322 gratia
1993 3264 2048 3308 et

473 3343 793 3413 benignitate
843 3341 1051 3396 Domini
1095 3341 1262 3395 nostri
1287 3340 1413 3396 Jesu
1444 3341 1657 3404 Christi,
1692 3345 1774 3396 cui
1798 3345 1964 3414 gloria
1992 3355 2047 3401 et

465 3431 751 3504 imperium
795 3448 933 3487 nunc
973 3441 1026 3488 et
1066 3446 1295 3501 semper,
1326 3439 1378 3486 ct
1407 3432 1460 3486 in
1488 3433 1680 3488 saecula
1707 3435 2042 3505 szeculorum.

472 3531 662 3580 Amen.

879 3639 945 3694 1N
997 3639 1115 3696 PSA
1124 3640 1313 3698 LMUM
1347 3641 1628 3697 CXXXIV.

475 3752 525 3805 1.
570 3750 796 3804 Laudate
832 3767 1010 3805 nomen
1060 3751 1284 3818 Domini,
1315 3753 1537 3819 laudate,
1564 3755 1712 3819 servi,
1748 3754 2040 3809 Dominum.

543 3846 594 3899 '2.
643 3845 739 3908 Qui
785 3846 927 3897 statis
967 3844 1018 3896 in
1063 3843 1212 3896 donto
1244 3844 1465 3910 Domini,
1493 3846 1546 3899 in
1579 3848 1719 3900 atriis
1745 3847 1923 3900 domus
1953 3846 2048 3902 Dei

542 3935 717 3989 nostri.
748 3935 798 3987 5.
833 3932 1061 3989 Laudate
1082 3933 1378 3998 Dominum,
1405 3937 1523 4006 quia
1549 3937 1703 3990 bonus
1727 3935 1992 3991 Dominus.

543 4069 594 4120 l.
636 4065 714 4119 Ad
764 4066 866 4120 hoc
909 4081 1090 4120 rursus
1138 4064 1379 4120 hortatur
1425 4067 1759 4134 sacrificium,
1813 4068 1954 4139 quod
1985 4069 2044 4124 fit

469 4175 565 4229 per
603 4159 803 4214 laudes.
847 4157 960 4212 Hoc
987 4167 1070 4213 est
1093 4158 1235 4212 enim
1265 4159 1370 4213 Deo
1405 4160 1719 4215 sacrificium
1747 4168 1801 4214 et
1824 4161 2041 4216 oblatio.

473 4251 538 4304 Et
576 4251 693 4304 ideo
734 4249 858 4304 alibi
901 4263 1111 4320 quoque
1149 4249 1275 4302 dicit
1298 4267 1311 4302 :
1337 4247 1576 4303 Laudabo
1605 4267 1784 4306 nomen
1828 4251 1924 4304 Dei
1949 4254 2046 4306 mei

469 4359 580 4394 cum
605 4342 820 4405 cantico,
847 4340 1016 4409 magni
1020 4340 1179 4408 ﬁcabo
1205 4355 1318 4392 eum
1346 4340 1397 4392 iu
1427 4340 1607 4403 laude;
1633 4349 1679 4394 et
1704 4341 1915 4409 placebit
1940 4342 2043 4396 Deo

469 4449 620 4498 super
658 4433 865 4485 vitulum
905 4431 1175 4496 novellum,
1207 4447 1394 4484 cornua
1419 4432 1770 4500 prodaceutem
1796 4443 1844 4488 et
1882 4450 2043 4504 ungu-

471 4525 546 4576 Ias
576 4525 592 4592 (
623 4523 764 4576 Psal.
791 4523 880 4576 68.
907 4523 996 4577 51.
1027 4521 1095 4576 52
1115 4521 1156 4593 ).
1185 4521 1311 4577 Loci
1341 4532 1518 4577 autem
1548 4533 1600 4578 et
1625 4525 1882 4580 atriorum
1906 4526 2042 4581 assi-

469 4615 572 4668 due
595 4614 854 4680 meminit,
879 4629 972 4668 eos
993 4614 1108 4668 loco
1130 4613 1367 4684 affigens,
1393 4623 1447 4668 et
1475 4631 1580 4668 non
1610 4615 1790 4670 sinens
1815 4617 2040 4683 resilire;

470 4705 897 4775 quandoquidem
939 4706 991 4759 in
1023 4706 1278 4775 principio
1302 4720 1512 4776 quoque
1538 4705 1712 4775 ipsum
1741 4707 1859 4762 ideo
1887 4708 2044 4778 jussit

470 4807 767 4860 exstruere,
807 4809 913 4864 quo
959 4795 1130 4848 omnis
1171 4795 1413 4864 impietas
1458 4807 1513 4850 et
1559 4797 1839 4852 simulacra
1894 4799 2044 4854 tolle-

472 4892 673 4948 rentur,
723 4893 778 4936 ιιι
807 4897 992 4937 omnes
1014 4883 1065 4937 in
1091 4899 1256 4937 unum
1286 4885 1457 4940 locum
1483 4896 1817 4956 cogerentur,
1855 4900 1907 4943 et
1937 4907 2043 4944 non

471 4977 638 5030 libere
681 4973 950 5042 effuseque
1002 4982 1337 5043 vagarentur,
1384 4992 1484 5032 nec
1537 4993 1790 5044 nemora,
1849 4979 2040 5046 fontes,

471 5077 678 5121 montes
702 5073 755 5119 et
779 5063 944 5118 colles
971 5073 1285 5136 usurparent
1308 5075 1784 5138 converterentque
1813 5070 1864 5124 in
1891 5086 2045 5128 occa-

470 5159 673 5212 sionem
720 5156 1027 5228 impietatis,
1077 5156 1186 5211 illic
1225 5159 1606 5227 sacrificantes,
1637 5170 1693 5216 et
1741 5163 1962 5219 libantes
1991 5166 2042 5220 in

469 5250 714 5304 excelsis.
754 5249 1012 5314 Quocirca
1056 5263 1180 5304 eum
1215 5265 1425 5320 quoque
1467 5262 1639 5307 morte
1685 5253 1900 5310 damnat
1953 5258 2045 5327 qui

472 5351 616 5394 extra
666 5341 920 5410 templum
963 5342 1242 5408 sacrificat,
1293 5343 1514 5400 dicens:
1547 5345 1650 5412 Qui
1688 5363 1787 5403 non
1815 5349 2046 5404 obtulerit

475 5428 528 5482 in
550 5431 895 5497 tabernaculo,
921 5440 968 5486 et
991 5434 1361 5500 sacriﬁcaverit,
1407 5437 1611 5506 sanguis
1639 5439 1684 5490 ei
1721 5439 2048 5507 imputabitur

471 5520 657 5590 (ιρι-η.
683 5523 744 5578 l7
803 5523 876 5594 ι).
913 5522 986 5578 Ea
1016 5523 1082 5578 de
1107 5539 1265 5578 causa
1297 5540 1390 5580 eos
1417 5527 1646 5598 undique
1673 5529 1780 5583 illic
1804 5529 1858 5583 in
1883 5545 2044 5585 unum

470 5613 648 5667 locum
694 5613 856 5685 cogit,
905 5621 962 5668 ut
1011 5614 1287 5671 audientes
1334 5631 1393 5672 se
1415 5617 1656 5674 modeste
1677 5629 1730 5674 et
1756 5629 2048 5686 temperate

473 5712 678 5770 gerant,
705 5719 735 5758 a
777 5704 1014 5774 falsaque
1036 5715 1089 5760 et
1118 5723 1340 5762 erronea
1375 5709 1692 5779 cogitatione
1721 5711 2040 5766 abstineant.

1180 311 1232 368 S.
1271 308 1548 367 JOANNIS
1583 305 2050 365 CHRYSOSTOMI
2091 305 2408 367 ARCHIEP.
2448 311 2979 371 CONSTANTINOP.

3638 323 3736 378 388

2166 420 2326 478 Jubet
2349 435 2526 480 autem
2553 444 2647 482 eos
2669 445 2881 496 canere,
2912 431 3137 502 psallere
3163 445 3214 488 et
3237 435 3472 500 laudare,
3499 437 3622 507 quia
3651 439 3737 493 Dei

2165 512 2347 570 laudes
2363 529 2512 571 erant
2535 520 2610 573 eis
2632 523 2841 575 occasio
2864 523 3087 591 pietatis,
3113 525 3238 580 dum
3253 529 3738 584 continerentvetc-

2161 618 2248 660 res
2270 610 2618 675 narrationes,
2637 627 2696 665 ea
2719 628 2908 684 nempe
2927 631 3045 684 qua:
3064 616 3114 669 in
3129 617 3379 689 Egypto,
3395 637 3515 690 quze
3533 620 3584 676 in
3610 623 3736 676 soli-

2165 695 2364 762 tudine,
2384 714 2500 768 quae
2529 701 2578 752 in
2611 710 2747 755 terra
2777 704 3142 770 promissionis
3158 705 3290 761 facta
3311 712 3738 781 sunt,qttom0tlo

2164 782 2248 838 lex
2283 785 2383 839 lata
2414 789 2501 853 sit,
2521 806 2637 857 qum
2651 801 2797 859 gesta
2829 801 2951 846 sunt
2975 794 3026 847 in
3058 805 3238 852 monte
3253 797 3395 864 Sina,
3426 810 3479 855 et
3494 817 3734 871 quaenam

2161 872 2296 928 bella
2321 877 2662 932 confecerunt
2695 898 2706 931 :
2737 882 3002 954 simulque
3034 901 3138 939 uno
3174 888 3466 960 eodemque
3495 902 3729 963 tempore

2161 963 2300 1019 Deus
2320 966 2470 1022 laude
2490 968 2836 1039 afficiebatur,
2867 983 2922 1030 et
2945 977 3030 1045 qui
3055 979 3333 1044 canebant,
3362 995 3728 1052 argumentum

2160 1053 2418 1111 doctrina:
2438 1062 2736 1130 capiebant,
2753 1080 2871 1133 qua:
2890 1076 2944 1119 et
2966 1069 3127 1122 vitam
3151 1085 3337 1126 eorum
3358 1077 3727 1144 componebat,

2159 1154 2215 1200 et
2243 1147 2306 1200 ad
2331 1148 2558 1216 perfeeta
2584 1152 2826 1222 dogmata
2854 1155 3168 1213 deducebat.
3189 1160 3419 1218 Laudate
3437 1161 3726 1233 Dominum,

2156 1239 2394 1306 quoniam
2445 1242 2601 1298 bonus
2629 1245 2891 1300 Dominus.
2921 1251 3089 1316 Alius,
3119 1251 3192 1326 (α)
3218 1253 3467 1318 Quoniam
3493 1258 3729 1330 benignus

2157 1341 2248 1384 est.
2285 1333 2434 1398 Quod
2465 1347 2546 1390 est
2588 1337 2651 1392 iis
2683 1339 2782 1408 qui
2811 1342 3034 1396 audiunt
3083 1346 3310 1400 maxime
3352 1351 3722 1417 expetendum,

2158 1421 2258 1476 hoc
2278 1426 2424 1492 ponit
2456 1427 2691 1495 assidue,
2724 1429 3127 1502 humanitatem,
3161 1436 3612 1509 misericordiam,
3641 1441 3726 1496 be-

2157 1513 2484 1584 nignitatem.

2233 1603 2537 1661 Psalmodite
2584 1609 2672 1663 vis.
2708 1609 2916 1667 Iudaici
2970 1617 3143 1687 populi
3198 1617 3392 1674 electio.
3421 1653 3492 1664 —
3517 1623 3728 1679 Psallite

2156 1694 2347 1746 nomini
2370 1700 2500 1765 ejus,
2527 1699 2761 1766 quoniam
2795 1719 2946 1757 suave
2973 1715 3062 1758 est.
3113 1707 3222 1762 Hoc
3263 1710 3392 1765 dicit
3441 1715 3726 1770 ostendens

2155 1797 2266 1838 rem
2312 1785 2478 1853 ipsam
2523 1787 2718 1844 habere
2755 1793 3038 1862 quamdam
3076 1798 3159 1852 vel
3191 1815 3284 1868 per
3309 1815 3367 1855 se
3403 1804 3722 1873 voluptatem

2153 1891 2260 1930 una
2289 1893 2410 1932 cum
2437 1880 2680 1936 utilitate.
2700 1883 3029 1955 Praecipuum
3057 1890 3214 1944 etiam
3241 1891 3356 1960 ejus
3387 1893 3592 1949 lucrum
3622 1909 3720 1962 est,

2153 1971 2219 2026 ad
2247 1973 2408 2028 Deum
2437 1974 2664 2046 hymnos
2691 1979 2892 2048 dicere,
2923 1983 3154 2040 animam
3183 2003 3500 2060 expurgare,
3527 1997 3723 2063 cogita-

2155 2062 2349 2118 tionem
2377 2065 2428 2119 in
2460 2066 2622 2122 altum
2653 2071 2937 2138 extollere,
2970 2089 3094 2129 vera
3132 2087 3186 2132 et
3213 2091 3456 2135 accurata
3481 2062 3720 2153 dogmata

2152 2151 2381 2221 discere,
2405 2156 2471 2212 de
2495 2161 2843 2227 prmsentibus
2863 2171 2918 2216 et
2946 2163 3132 2221 futuris
3157 2167 3538 2241 pliilosOphari.
3559 2151 3725 2230 ilabet

2152 2254 2326 2300 autem
2354 2263 2474 2303 cum
2522 2252 2604 2305 his
2644 2268 2737 2322 per
2780 2255 3062 2312 melodiam
3104 2263 3320 2316 multam
3371 2266 3718 2337 voluptatem,

2152 2338 2568 2395 consolationem
2609 2343 2839 2413 aliquam
2885 2356 2940 2402 et
2985 2353 3388 2420 recreationem,
3416 2365 3574 2426 atque
3602 2375 3721 2414 eum

2153 2430 2238 2496 qui
2269 2431 2408 2486 canit
2439 2436 2799 2492 venerandum
2819 2439 3011 2494 reddit.
3041 2443 3190 2510 Quod
3235 2458 3412 2502 autem
3445 2449 3576 2504 tales
3605 2450 3715 2505 effi-

2151 2519 2277 2586 ciat,
2326 2521 2528 2578 clarum
2569 2534 2652 2581 est
2693 2543 2757 2582 ex
2806 2545 2871 2584 eo
2897 2533 3038 2602 quod
3061 2534 3198 2589 alter
3222 2537 3433 2604 quidem
3463 2539 3721 2610 interpres

2152 2607 2312 2674 dicat,
2347 2611 2478 2677 Quia
2506 2615 2743 2670 decorant
2768 2617 2867 2689 (b);
2887 2622 3021 2676 alter
3043 2639 3186 2690 vero,
3219 2626 3348 2690 Quia
3363 2645 3530 2682 suave.
3555 2607 3722 2685 Ambo

2151 2709 2328 2756 autem
2358 2718 2481 2758 vera
2512 2703 2711 2761 dicunt.
2753 2709 2886 2763 Nam
2932 2711 3050 2766 licet
3088 2713 3158 2768 sit
3185 2716 3380 2772 millies
3427 2719 3652 2776 lascivus
3679 2723 3722 2778 is

2151 2792 2238 2859 qui
2266 2793 2427 2859 canit,
2459 2796 2583 2850 dum
2613 2799 2872 2866 psalmum
2903 2814 3192 2870 reveretur,
3221 2808 3360 2878 sopit
3393 2811 3720 2880 tyrannidem

2151 2881 2380 2938 lascivite
2406 2901 2515 2941 suae
2545 2905 2558 2940 :
2593 2889 2716 2944 licet
2740 2893 2804 2944 sit
2835 2905 3121 2963 Oppressus
3165 2899 3317 2952 malis
3357 2900 3718 2956 innumerabi-

2150 2975 2308 3040 libus,
2337 2984 2391 3031 et
2417 2978 2484 3032 ab
2510 2981 2821 3050 aegritudine
2847 2985 3006 3039 animi
3033 2998 3336 3057 occupetur,
3361 2991 3488 3046 dum
3515 2993 3719 3049 demul-

2149 3076 2300 3122 cetur
2325 3083 2354 3122 a
2385 3069 2653 3140 voluptate
2681 3112 2696 3136 ,
2730 3072 2867 3128 levat
2907 3077 3162 3144 animum,
3205 3081 3409 3134 extollit
3449 3084 3721 3153 (‘Ogilalio-

2151 3175 2295 3227 nem,
2325 3170 2378 3214 et
2403 3173 2635 3216 mentem
2663 3165 2943 3220 sublimem
2969 3167 3167 3224 evehit.
3199 3171 3250 3224 4.
3289 3171 3538 3236 Quoniam
3562 3173 3720 3228 Iacob

2149 3253 2295 3322 elegit
2341 3257 2436 3310 sibi
2489 3256 2754 3325 Dominus,
2801 3258 2966 3314 Israel
3005 3261 3057 3314 in
3083 3265 3438 3331 possessionem
3462 3266 3574 3320 sibi.
3603 3268 3718 3322 Non

2150 3346 2277 3399 dicit
2308 3347 2554 3401 beneficia
2585 3366 2702 3420 qua:
2720 3359 2845 3405 sunt
2872 3351 2950 3406 eis
2978 3367 3096 3406 cum
3125 3355 3240 3409 aliis
3270 3360 3590 3424 communia,
3626 3361 3718 3414 sed

2149 3439 2289 3508 quod
2319 3450 2400 3494 est
2429 3456 2613 3496 eorum
2645 3445 2912 3513 proprium
2943 3455 2996 3500 et
3025 3431 3296 3502 eximium.
3327 3450 3601 3516 Quodnam
3623 3469 3717 3508 an-

2151 3537 2255 3584 tem
2289 3529 2390 3584 hoc
2432 3531 2584 3585 erat?
2608 3533 2758 3601 Quod
2785 3535 3040 3592 Dominus
3081 3539 3330 3609 populum
3371 3557 3492 3597 eum
3539 3545 3716 3615 elegit,

2149 3629 2203 3676 et
2224 3621 2323 3676 sibi
2354 3621 2637 3691 dedicavit,
2683 3634 2736 3679 et
2778 3641 2888 3695 prae
2928 3629 3045 3682 aliis
3074 3632 3392 3699 peculiarem
3439 3635 3718 3704 quamdam

2150 3713 2202 3768 in
2229 3729 2322 3769 eos
2347 3715 2578 3769 ostendit
2602 3715 3039 3773 benevolentiam.
3090 3719 3146 3774 Id
3177 3732 3356 3776 autem
3384 3722 3578 3779 faciunt
3604 3727 3720 3779 ubi-

2149 3821 2251 3876 que
2281 3807 2570 3876 prophette,
2599 3823 2668 3862 ex
2699 3809 2970 3865 beneficiis
2998 3811 3048 3865 in
3078 3813 3218 3882 ipsos
3239 3816 3443 3870 collatis
3461 3817 3720 3886 permulta

2148 3899 2286 3954 dicta
2317 3915 2412 3954 sua
2439 3912 2838 3970 componentes.
2865 3902 2998 3969 Quid
3029 3915 3111 3959 est
3134 3915 3334 3970 autem,
3365 3907 3430 3962 In
3455 3912 3722 3979 possessio.

2147 4008 2260 4047 nem
2287 3993 2420 4047 sibi?
2444 3992 2497 4046 In
2528 4009 2678 4064 opes,
2705 3995 2756 4049 in
2778 3994 3071 4052 facultates.
3096 3997 3210 4052 Etsi
3232 3999 3374 4054 enim
3405 4001 3476 4055 sit
3496 4003 3725 4072 populus

2148 4088 2389 4158 exiguus,
2421 4102 2541 4140 eum
2573 4095 2840 4158 tamquam
2871 4087 3079 4143 divitias
3123 4089 3300 4159 elegit,
3349 4107 3452 4146 non
3491 4095 3722 4162 paucita-

2149 4185 2274 4242 tem,
2327 4176 2420 4230 sed
2468 4177 2716 4232 virtutem
2748 4179 3048 4246 attendens,
3073 4180 3136 4235 ad
3165 4197 3319 4249 quam
3352 4183 3532 4238 volens
3551 4184 3720 4239 dedu-

2147 4285 2273 4325 cere
2291 4272 2449 4340 elegit
2477 4285 2590 4336 eos,
2622 4287 2689 4326 eo
2714 4272 2916 4326 scilicet
2935 4273 3074 4341 quod
3097 4275 3182 4327 alii
3207 4273 3450 4330 homines
3471 4291 3577 4332 non
3607 4286 3724 4331 tan-

2151 4369 2232 4415 tas
2258 4359 2306 4413 ei
2333 4376 2461 4430 opes
2488 4370 2696 4429 parent,
2725 4370 2949 4430 quantas
2999 4362 3084 4416 hic
3109 4364 3334 4433 populus
3355 4405 3371 4430 ,
3423 4365 3494 4419 ita
3527 4375 3584 4420 ut
3621 4367 3724 4422 hoc

2149 4452 2469 4520 processerit
2513 4459 2567 4506 et
2593 4468 2655 4506 ex
2686 4453 2800 4521 ejus
2829 4453 2916 4523 qui
2958 4452 3102 4506 illum
3132 4453 3292 4523 elegit
3331 4455 3721 4525 benevolentia,

2148 4553 2200 4597 et
2222 4541 2287 4596 ad
2331 4557 2515 4597 eorum
2563 4542 2968 4597 institutionem.
3001 4541 3152 4598 Solet
3180 4545 3321 4599 enim
3361 4545 3556 4601 Paulus
3591 4563 3724 4617 quo-

2149 4650 2252 4703 que
2293 4634 2558 4702 appellare
2597 4633 2812 4690 divitias
2850 4634 3071 4688 salutem
3101 4634 3392 4702 hominum,
3425 4647 3484 4691 ut
3511 4639 3724 4707 quando

2148 4723 2276 4778 dicit
2306 4742 2319 4778 :
2346 4723 2490 4777 Idem
2527 4724 2656 4778 enim
2695 4721 2958 4790 Dominus,
2997 4725 3084 4794 qui
3125 4735 3198 4779 est
3224 4726 3361 4781 diues
3383 4728 3434 4780 in
3459 4743 3649 4794 omnes,
3677 4739 3723 4781 et

2148 4832 2297 4882 super
2334 4831 2501 4868 omnes
2541 4815 2626 4884 qui
2677 4815 2909 4867 invocant
2956 4815 3160 4885 ipsum(
3192 4815 3342 4869 Rom.
3377 4817 3464 4871 10.
3498 4817 3564 4870 12
3586 4815 3627 4886 ).
3658 4818 3725 4872 Et

2150 4923 2353 4974 rursus,
2381 4907 2594 4960 Domino
2621 4923 2710 4960 suo
2733 4915 2852 4972 stat,
2879 4917 2965 4960 aut
2984 4907 3116 4959 cadit
3146 4905 3318 4981 (Rom.
3350 4909 3436 4963 M.
3461 4909 3538 4977 4).
3560 4908 3726 4965 Vides

2149 4997 2415 5068 quomodo
2442 4997 2673 5052 ostendit
2701 4997 2793 5052 Dei
2843 4997 2894 5051 in
2937 5011 3032 5052 eos
3061 4999 3507 5066 beneVolc-ntiam,
3542 5003 3723 5069 provi-

2150 5091 2402 5154 dentiam,
2431 5103 2636 5155 curam,
2665 5089 3016 5155 adactionem,
3045 5105 3164 5143 cum
3191 5104 3284 5144 eos
3312 5093 3585 5147 vocaverit
3605 5109 3725 5162 pos-

2150 5183 2465 5238 sessionem.
2507 5180 2610 5236 Per
2655 5181 2770 5235 haec
2807 5189 3031 5252 utraque
3060 5196 3187 5252 ergo
3218 5184 3452 5238 ostendit
3477 5186 3723 5240 eximiam

2151 5273 2204 5328 in
2251 5289 2344 5329 eos
2387 5272 2792 5344 providentiam,
2833 5280 2888 5328 et
2927 5273 3067 5344 quod
3115 5274 3352 5344 elegerit,
3401 5285 3456 5330 et
3501 5276 3641 5344 quod
3673 5277 3725 5332 in

2211 5374 2282 5437 (ιι)
2308 5374 2430 5437 Quis
2449 5371 2517 5420 sit
2547 5371 2628 5437 hic
2654 5370 2905 5437 interpres
2937 5370 3237 5436 ignoramus.
3263 5373 3386 5437 Tota
3407 5381 3577 5424 autem
3614 5376 3720 5425 haec

2146 5431 2510 5494 lec‘ti'o,‘Alius,
2543 5448 2561 5481 ι
2597 5431 2830 5492 Quoniam
2862 5431 3092 5499 benignus
3129 5439 3218 5493 est,
3255 5449 3274 5482 ι
3303 5434 3450 5483 deest
3492 5438 3541 5484 in
3570 5437 3722 5485 Savil.

2211 5505 2279 5568 (ιι)
2303 5503 2554 5570 ηΗθιηῄεἰςε
2583 5505 2735 5556 verba
2762 5513 2920 5570 sunt,
2953 5505 3085 5560 D’Yl
3122 5505 3198 5556 τι.
3239 5503 3599 5570 lqterpretatio
3638 5520 3724 5553 au-

2147 5565 2250 5634 tem
2262 5565 2367 5634 _’_6-rt
2386 5568 2656 5634 Αεύπρεπές,
2688 5565 2805 5630 quia
2840 5566 3039 5634 decens,
3065 5573 3167 5634 aut,
3203 5565 3318 5634 quia
3343 5565 3602 5634 {let-orum,
3622 5629 3629 5634 Α
3651 5575 3726 5634 est

2147 5628 2356 5692 Aquilae.
2383 5626 2613 5690 Sequens
2638 5626 2806 5692 autem
2839 5626 3224 5692 interpretatio;
3262 5626 3385 5692 Quia
3425 5640 3576 5678 suave
3615 5629 3725 5692 (an

2145 5689 2276 5750 ἡδύ),
2305 5703 2402 5738 non
2429 5689 2685 5741 observata
2711 5690 2804 5740 fuit
2833 5703 2880 5739 tn
2914 5689 3152 5750 Ilexaplis
3186 5691 3398 5748 nostris,
3433 5695 3486 5736 et
3515 5694 3595 5737 est
3624 5689 3718 5738 fm-

2148 5759 2278 5801 tasse
2308 5753 2600 5812 Symmachi.
