  <div class='ocr_page' id='page_1' title='image "/cluster/home/n/w/nwhite01/storage/ocr_20150623/55/hvd.32044054086814/386.png"; bbox 0 0 4116 6204; ppageno 0'>
   <div class='ocr_carea' id='block_1_1' title="bbox 352 285 458 340">
    <p class='ocr_par' dir='ltr' id='par_1_1' title="bbox 352 285 458 340">
     <span class='ocr_line' id='line_1_1' title="bbox 352 285 458 340; baseline -0.009 -1"><span class='ocrx_word' id='word_1_1' title='bbox 352 285 458 340; x_wconf 65' lang='grc' dir='ltr'><strong>δερ</strong></span> 
     </span>
    </p>
   </div>
   <div class='ocr_carea' id='block_1_2' title="bbox 345 382 1926 463">
    <p class='ocr_par' dir='ltr' id='par_1_2' title="bbox 345 382 1926 463">
     <span class='ocr_line' id='line_1_2' title="bbox 345 382 1926 463; baseline -0.009 -14"><span class='ocrx_word' id='word_1_2' title='bbox 345 410 494 450; x_wconf 81' lang='lat' dir='ltr'><strong>suam</strong></span> <span class='ocrx_word' id='word_1_3' title='bbox 527 392 940 463; x_wconf 61' lang='lat' dir='ltr'><strong>possessionem.</strong></span> <span class='ocrx_word' id='word_1_4' title='bbox 973 391 1156 445; x_wconf 75' lang='lat' dir='ltr'><strong>\‘idisti</strong></span> <span class='ocrx_word' id='word_1_5' title='bbox 1181 388 1446 460; x_wconf 87' lang='lat' dir='ltr'><strong>quomodo</strong></span> <span class='ocrx_word' id='word_1_6' title='bbox 1474 384 1768 441; x_wconf 89' lang='lat' dir='ltr'><strong>ostenderit</strong></span> <span class='ocrx_word' id='word_1_7' title='bbox 1809 382 1926 451; x_wconf 84' lang='lat' dir='ltr'><strong>ejus</strong></span> 
     </span>
    </p>
   </div>
   <div class='ocr_carea' id='block_1_3' title="bbox 348 475 1924 551">
    <p class='ocr_par' dir='ltr' id='par_1_3' title="bbox 348 475 1924 551">
     <span class='ocr_line' id='line_1_3' title="bbox 348 475 1924 551; baseline -0.009 -11"><span class='ocrx_word' id='word_1_8' title='bbox 348 484 778 540; x_wconf 87' lang='lat' dir='ltr'><strong>humanitatem?</strong></span> <span class='ocrx_word' id='word_1_9' title='bbox 808 493 862 540; x_wconf 87' lang='lat' dir='ltr'><strong>et</strong></span> <span class='ocrx_word' id='word_1_10' title='bbox 884 483 1004 538; x_wconf 89' lang='lat' dir='ltr'><strong>ideo</strong></span> <span class='ocrx_word' id='word_1_11' title='bbox 1028 483 1284 551; x_wconf 76' lang='lat' dir='ltr'><strong>incipiens</strong></span> <span class='ocrx_word' id='word_1_12' title='bbox 1308 479 1460 542; x_wconf 90' lang='lat' dir='ltr'><strong>dixit,</strong></span> <span class='ocrx_word' id='word_1_13' title='bbox 1493 477 1718 532; x_wconf 74' lang='lat' dir='ltr'><strong>Laudato</strong></span> <span class='ocrx_word' id='word_1_14' title='bbox 1747 475 1924 530; x_wconf 89' lang='lat' dir='ltr'><strong>Domi-</strong></span> 
     </span>
    </p>
   </div>
   <div class='ocr_carea' id='block_1_4' title="bbox 345 566 1920 644">
    <p class='ocr_par' dir='ltr' id='par_1_4' title="bbox 345 566 1920 644">
     <span class='ocr_line' id='line_1_4' title="bbox 345 566 1920 644; baseline -0.006 -16"><span class='ocrx_word' id='word_1_15' title='bbox 345 592 485 642; x_wconf 87' lang='lat' dir='ltr'><strong>num,</strong></span> <span class='ocrx_word' id='word_1_16' title='bbox 534 575 653 644; x_wconf 86' lang='lat' dir='ltr'><strong>quia</strong></span> <span class='ocrx_word' id='word_1_17' title='bbox 685 575 842 627; x_wconf 86' lang='lat' dir='ltr'><strong>bonus</strong></span> <span class='ocrx_word' id='word_1_18' title='bbox 887 583 958 626; x_wconf 82' lang='lat' dir='ltr'><strong>est</strong></span> <span class='ocrx_word' id='word_1_19' title='bbox 999 572 1257 626; x_wconf 75' lang='lat' dir='ltr'><strong>Dominus.</strong></span> <span class='ocrx_word' id='word_1_20' title='bbox 1316 570 1367 622; x_wconf 80' lang='grc'><strong>5.</strong></span> <span class='ocrx_word' id='word_1_21' title='bbox 1419 569 1550 634; x_wconf 84' lang='lat' dir='ltr'><strong>Quia</strong></span> <span class='ocrx_word' id='word_1_22' title='bbox 1581 584 1670 637; x_wconf 84' lang='lat' dir='ltr'><strong>ego</strong></span> <span class='ocrx_word' id='word_1_23' title='bbox 1695 566 1920 637; x_wconf 77' lang='lat' dir='ltr'><strong>cognovi,</strong></span> 
     </span>
    </p>
   </div>
   <div class='ocr_carea' id='block_1_5' title="bbox 346 655 1923 736">
    <p class='ocr_par' dir='ltr' id='par_1_5' title="bbox 346 655 1923 736">
     <span class='ocr_line' id='line_1_5' title="bbox 346 655 1923 736; baseline -0.007 -17"><span class='ocrx_word' id='word_1_24' title='bbox 346 668 474 736; x_wconf 78' lang='lat' dir='ltr'><strong>quod</strong></span> <span class='ocrx_word' id='word_1_25' title='bbox 504 681 715 734; x_wconf 83' lang='lat' dir='ltr'><strong>magnus</strong></span> <span class='ocrx_word' id='word_1_26' title='bbox 745 673 816 717; x_wconf 82' lang='lat' dir='ltr'><strong>est</strong></span> <span class='ocrx_word' id='word_1_27' title='bbox 847 661 1109 717; x_wconf 77' lang='lat' dir='ltr'><strong>Dominus.</strong></span> <span class='ocrx_word' id='word_1_28' title='bbox 1140 663 1274 716; x_wconf 78' lang='lat' dir='ltr'><strong>Ecce</strong></span> <span class='ocrx_word' id='word_1_29' title='bbox 1293 659 1454 713; x_wconf 77' lang='lat' dir='ltr'><strong>aliam</strong></span> <span class='ocrx_word' id='word_1_30' title='bbox 1482 657 1633 711; x_wconf 68' lang='lat' dir='ltr'><strong>affert</strong></span> <span class='ocrx_word' id='word_1_31' title='bbox 1679 655 1923 710; x_wconf 89' lang='lat' dir='ltr'><strong>laudandi</strong></span> 
     </span>
    </p>
   </div>
   <div class='ocr_carea' id='block_1_6' title="bbox 343 749 1924 822">
    <p class='ocr_par' dir='ltr' id='par_1_6' title="bbox 343 749 1924 822">
     <span class='ocr_line' id='line_1_6' title="bbox 343 749 1924 822; baseline -0.008 -8"><span class='ocrx_word' id='word_1_32' title='bbox 343 773 578 814; x_wconf 86' lang='lat' dir='ltr'><strong>causam.</strong></span> <span class='ocrx_word' id='word_1_33' title='bbox 626 757 716 811; x_wconf 88' lang='lat' dir='ltr'><strong>Dic</strong></span> <span class='ocrx_word' id='word_1_34' title='bbox 763 758 891 810; x_wconf 92' lang='lat' dir='ltr'><strong>mihi</strong></span> <span class='ocrx_word' id='word_1_35' title='bbox 939 767 1136 820; x_wconf 90' lang='lat' dir='ltr'><strong>autem,</strong></span> <span class='ocrx_word' id='word_1_36' title='bbox 1181 768 1307 822; x_wconf 82' lang='lat' dir='ltr'><strong>rogo</strong></span> <span class='ocrx_word' id='word_1_37' title='bbox 1339 768 1355 806; x_wconf 88' lang='lat'><strong>:</strong></span> <span class='ocrx_word' id='word_1_38' title='bbox 1387 759 1440 805; x_wconf 89' lang='lat' dir='ltr'><strong>tu</strong></span> <span class='ocrx_word' id='word_1_39' title='bbox 1467 749 1627 816; x_wconf 91' lang='lat' dir='ltr'><strong>nosti,</strong></span> <span class='ocrx_word' id='word_1_40' title='bbox 1669 749 1755 803; x_wconf 90' lang='lat' dir='ltr'><strong>alii</strong></span> <span class='ocrx_word' id='word_1_41' title='bbox 1795 763 1924 802; x_wconf 74' lang='lat' dir='ltr'><strong>vero</strong></span> 
     </span>
    </p>
   </div>
   <div class='ocr_carea' id='block_1_7' title="bbox 347 837 1924 915">
    <p class='ocr_par' dir='ltr' id='par_1_7' title="bbox 347 837 1924 915">
     <span class='ocr_line' id='line_1_7' title="bbox 347 837 1924 915; baseline -0.006 -13"><span class='ocrx_word' id='word_1_42' title='bbox 347 863 449 902; x_wconf 90' lang='lat' dir='ltr'><strong>non</strong></span> <span class='ocrx_word' id='word_1_43' title='bbox 481 847 711 901; x_wconf 75' lang='lat' dir='ltr'><strong>narunt?</strong></span> <span class='ocrx_word' id='word_1_44' title='bbox 738 845 946 900; x_wconf 89' lang='lat' dir='ltr'><strong>Norunt</strong></span> <span class='ocrx_word' id='word_1_45' title='bbox 977 845 1210 915; x_wconf 80' lang='lat' dir='ltr'><strong>quidem,</strong></span> <span class='ocrx_word' id='word_1_46' title='bbox 1241 842 1334 896; x_wconf 88' lang='lat' dir='ltr'><strong>sed</strong></span> <span class='ocrx_word' id='word_1_47' title='bbox 1366 857 1467 894; x_wconf 94' lang='lat' dir='ltr'><strong>non</strong></span> <span class='ocrx_word' id='word_1_48' title='bbox 1495 841 1564 894; x_wconf 91' lang='lat' dir='ltr'><strong>ita</strong></span> <span class='ocrx_word' id='word_1_49' title='bbox 1600 848 1656 893; x_wconf 91' lang='lat' dir='ltr'><strong>ut</strong></span> <span class='ocrx_word' id='word_1_50' title='bbox 1683 854 1802 908; x_wconf 83' lang='lat' dir='ltr'><strong>ego.</strong></span> <span class='ocrx_word' id='word_1_51' title='bbox 1831 837 1924 892; x_wconf 82' lang='lat' dir='ltr'><strong>Est</strong></span> 
     </span>
    </p>
   </div>
   <div class='ocr_carea' id='block_1_8' title="bbox 345 931 1919 1001">
    <p class='ocr_par' dir='ltr' id='par_1_8' title="bbox 345 931 1919 1001">
     <span class='ocr_line' id='line_1_8' title="bbox 345 931 1919 1001; baseline -0.004 -12"><span class='ocrx_word' id='word_1_52' title='bbox 345 939 484 994; x_wconf 87' lang='lat' dir='ltr'><strong>enim</strong></span> <span class='ocrx_word' id='word_1_53' title='bbox 535 937 766 990; x_wconf 81' lang='lat' dir='ltr'><strong>maxime</strong></span> <span class='ocrx_word' id='word_1_54' title='bbox 816 945 1140 998; x_wconf 86' lang='lat' dir='ltr'><strong>sanctorum,</strong></span> <span class='ocrx_word' id='word_1_55' title='bbox 1200 942 1252 987; x_wconf 92' lang='lat' dir='ltr'><strong>et</strong></span> <span class='ocrx_word' id='word_1_56' title='bbox 1297 947 1478 986; x_wconf 90' lang='lat' dir='ltr'><strong>eorum</strong></span> <span class='ocrx_word' id='word_1_57' title='bbox 1523 931 1919 1001; x_wconf 86' lang='lat' dir='ltr'><strong>quiplurinnnn</strong></span> 
     </span>
    </p>
   </div>
   <div class='ocr_carea' id='block_1_9' title="bbox 341 1024 1916 1092">
    <p class='ocr_par' dir='ltr' id='par_1_9' title="bbox 341 1024 1916 1092">
     <span class='ocr_line' id='line_1_9' title="bbox 341 1024 1916 1092; baseline -0.006 -6"><span class='ocrx_word' id='word_1_58' title='bbox 341 1029 716 1089; x_wconf 87' lang='lat' dir='ltr'><strong>ascenderunt,</strong></span> <span class='ocrx_word' id='word_1_59' title='bbox 745 1029 1047 1080; x_wconf 75' lang='lat' dir='ltr'><strong>accuratius</strong></span> <span class='ocrx_word' id='word_1_60' title='bbox 1075 1027 1188 1092; x_wconf 87' lang='lat' dir='ltr'><strong>ejus</strong></span> <span class='ocrx_word' id='word_1_61' title='bbox 1212 1037 1537 1092; x_wconf 82' lang='lat' dir='ltr'><strong>cognoscere</strong></span> <span class='ocrx_word' id='word_1_62' title='bbox 1565 1024 1916 1091; x_wconf 86' lang='lat' dir='ltr'><strong>majestatem,</strong></span> 
     </span>
    </p>
   </div>
   <div class='ocr_carea' id='block_1_10' title="bbox 337 1113 1917 1190">
    <p class='ocr_par' dir='ltr' id='par_1_10' title="bbox 337 1113 1917 1190">
     <span class='ocr_line' id='line_1_10' title="bbox 337 1113 1917 1190; baseline -0.005 -18"><span class='ocrx_word' id='word_1_63' title='bbox 337 1135 446 1175; x_wconf 86' lang='lat' dir='ltr'><strong>non</strong></span> <span class='ocrx_word' id='word_1_64' title='bbox 469 1119 681 1190; x_wconf 82' lang='lat' dir='ltr'><strong>quidem</strong></span> <span class='ocrx_word' id='word_1_65' title='bbox 713 1119 1009 1171; x_wconf 86' lang='lat' dir='ltr'><strong>universam</strong></span> <span class='ocrx_word' id='word_1_66' title='bbox 1042 1116 1060 1184; x_wconf 95' lang='lat'>(</span> <span class='ocrx_word' id='word_1_67' title='bbox 1089 1117 1189 1169; x_wconf 91' lang='lat' dir='ltr'><strong>hoc</strong></span> <span class='ocrx_word' id='word_1_68' title='bbox 1217 1114 1356 1168; x_wconf 89' lang='lat' dir='ltr'><strong>enim</strong></span> <span class='ocrx_word' id='word_1_69' title='bbox 1386 1113 1495 1167; x_wconf 81' lang='lat' dir='ltr'><strong>ﬁeri</strong></span> <span class='ocrx_word' id='word_1_70' title='bbox 1532 1127 1636 1168; x_wconf 93' lang='lat' dir='ltr'><strong>non</strong></span> <span class='ocrx_word' id='word_1_71' title='bbox 1662 1113 1917 1186; x_wconf 77' lang='lat' dir='ltr'><strong>potest‘),</strong></span> 
     </span>
    </p>
   </div>
   <div class='ocr_carea' id='block_1_11' title="bbox 343 1204 1919 1278">
    <p class='ocr_par' dir='ltr' id='par_1_11' title="bbox 343 1204 1919 1278">
     <span class='ocr_line' id='line_1_11' title="bbox 343 1204 1919 1278; baseline -0.005 -14"><span class='ocrx_word' id='word_1_72' title='bbox 343 1210 435 1264; x_wconf 86' lang='lat' dir='ltr'><strong>sed</strong></span> <span class='ocrx_word' id='word_1_73' title='bbox 464 1209 702 1278; x_wconf 74' lang='lat' dir='ltr'><strong>apertius</strong></span> <span class='ocrx_word' id='word_1_74' title='bbox 733 1223 888 1276; x_wconf 87' lang='lat' dir='ltr'><strong>quam</strong></span> <span class='ocrx_word' id='word_1_75' title='bbox 918 1206 1027 1259; x_wconf 86' lang='lat' dir='ltr'><strong>alii.</strong></span> <span class='ocrx_word' id='word_1_76' title='bbox 1058 1205 1126 1258; x_wconf 81' lang='lat' dir='ltr'><strong>Et</strong></span> <span class='ocrx_word' id='word_1_77' title='bbox 1163 1204 1303 1258; x_wconf 88' lang='lat' dir='ltr'><strong>Deus</strong></span> <span class='ocrx_word' id='word_1_78' title='bbox 1348 1215 1514 1258; x_wconf 77' lang='lat' dir='ltr'><strong>noster</strong></span> <span class='ocrx_word' id='word_1_79' title='bbox 1543 1220 1650 1274; x_wconf 75' lang='lat' dir='ltr'><strong>pro:</strong></span> <span class='ocrx_word' id='word_1_80' title='bbox 1692 1204 1919 1257; x_wconf 83' lang='lat' dir='ltr'><strong>omnibus</strong></span> 
     </span>
    </p>
   </div>
   <div class='ocr_carea' id='block_1_12' title="bbox 342 1297 1915 1368">
    <p class='ocr_par' dir='ltr' id='par_1_12' title="bbox 342 1297 1915 1368">
     <span class='ocr_line' id='line_1_12' title="bbox 342 1297 1915 1368; baseline -0.004 -13"><span class='ocrx_word' id='word_1_81' title='bbox 342 1301 457 1355; x_wconf 86' lang='lat' dir='ltr'><strong>diis.</strong></span> <span class='ocrx_word' id='word_1_82' title='bbox 487 1301 641 1364; x_wconf 76' lang='lat' dir='ltr'><strong>Ecce,</strong></span> <span class='ocrx_word' id='word_1_83' title='bbox 671 1299 898 1368; x_wconf 89' lang='lat' dir='ltr'><strong>inquies,</strong></span> <span class='ocrx_word' id='word_1_84' title='bbox 926 1297 1014 1368; x_wconf 89' lang='lat' dir='ltr'><strong>qui</strong></span> <span class='ocrx_word' id='word_1_85' title='bbox 1047 1298 1167 1350; x_wconf 90' lang='lat' dir='ltr'><strong>dicit</strong></span> <span class='ocrx_word' id='word_1_86' title='bbox 1197 1313 1440 1366; x_wconf 81' lang='lat' dir='ltr'><strong>magnum</strong></span> <span class='ocrx_word' id='word_1_87' title='bbox 1470 1311 1589 1350; x_wconf 91' lang='lat' dir='ltr'><strong>esse</strong></span> <span class='ocrx_word' id='word_1_88' title='bbox 1618 1297 1915 1359; x_wconf 86' lang='lat' dir='ltr'><strong>Dominum,</strong></span> 
     </span>
    </p>
   </div>
   <div class='ocr_carea' id='block_1_13' title="bbox 337 1387 1913 1457">
    <p class='ocr_par' dir='ltr' id='par_1_13' title="bbox 337 1387 1913 1457">
     <span class='ocr_line' id='line_1_13' title="bbox 337 1387 1913 1457; baseline -0.003 -13"><span class='ocrx_word' id='word_1_89' title='bbox 337 1409 391 1454; x_wconf 74' lang='grc' dir='ltr'><strong>ει</strong></span> <span class='ocrx_word' id='word_1_90' title='bbox 432 1406 490 1446; x_wconf 89' lang='lat' dir='ltr'><strong>se</strong></span> <span class='ocrx_word' id='word_1_91' title='bbox 518 1390 572 1445; x_wconf 91' lang='lat' dir='ltr'><strong>id</strong></span> <span class='ocrx_word' id='word_1_92' title='bbox 603 1391 836 1451; x_wconf 84' lang='lat' dir='ltr'><strong>novisse,</strong></span> <span class='ocrx_word' id='word_1_93' title='bbox 867 1389 1159 1457; x_wconf 84' lang='lat' dir='ltr'><strong>procedens</strong></span> <span class='ocrx_word' id='word_1_94' title='bbox 1181 1388 1228 1442; x_wconf 91' lang='lat' dir='ltr'><strong>ei</strong></span> <span class='ocrx_word' id='word_1_95' title='bbox 1253 1387 1394 1456; x_wconf 88' lang='lat' dir='ltr'><strong>quod</strong></span> <span class='ocrx_word' id='word_1_96' title='bbox 1421 1388 1629 1441; x_wconf 82' lang='lat' dir='ltr'><strong>dixerat</strong></span> <span class='ocrx_word' id='word_1_97' title='bbox 1663 1387 1913 1451; x_wconf 82' lang='lat' dir='ltr'><strong>detrahit,</strong></span> 
     </span>
    </p>
   </div>
   <div class='ocr_carea' id='block_1_14' title="bbox 335 1477 1915 1548">
    <p class='ocr_par' dir='ltr' id='par_1_14' title="bbox 335 1477 1915 1548">
     <span class='ocr_line' id='line_1_14' title="bbox 335 1477 1915 1548; baseline -0.004 -12"><span class='ocrx_word' id='word_1_98' title='bbox 335 1491 390 1538; x_wconf 87' lang='lat' dir='ltr'><strong>et</strong></span> <span class='ocrx_word' id='word_1_99' title='bbox 414 1498 534 1536; x_wconf 90' lang='lat' dir='ltr'><strong>eum</strong></span> <span class='ocrx_word' id='word_1_100' title='bbox 579 1479 787 1534; x_wconf 88' lang='lat' dir='ltr'><strong>confert</strong></span> <span class='ocrx_word' id='word_1_101' title='bbox 833 1495 954 1534; x_wconf 90' lang='lat' dir='ltr'><strong>cum</strong></span> <span class='ocrx_word' id='word_1_102' title='bbox 983 1480 1132 1542; x_wconf 89' lang='lat' dir='ltr'><strong>aliis,</strong></span> <span class='ocrx_word' id='word_1_103' title='bbox 1162 1489 1213 1533; x_wconf 91' lang='lat' dir='ltr'><strong>et</strong></span> <span class='ocrx_word' id='word_1_104' title='bbox 1253 1494 1348 1548; x_wconf 88' lang='lat' dir='ltr'><strong>per</strong></span> <span class='ocrx_word' id='word_1_105' title='bbox 1389 1477 1836 1547; x_wconf 89' lang='lat' dir='ltr'><strong>comparationem</strong></span> <span class='ocrx_word' id='word_1_106' title='bbox 1869 1477 1915 1530; x_wconf 91' lang='lat' dir='ltr'><strong>ei</strong></span> 
     </span>
    </p>
   </div>
   <div class='ocr_carea' id='block_1_15' title="bbox 340 1569 1916 1640">
    <p class='ocr_par' dir='ltr' id='par_1_15' title="bbox 340 1569 1916 1640">
     <span class='ocr_line' id='line_1_15' title="bbox 340 1569 1916 1640; baseline -0.008 -8"><span class='ocrx_word' id='word_1_107' title='bbox 340 1573 704 1632; x_wconf 82' lang='lat' dir='ltr'><strong>excellentiam</strong></span> <span class='ocrx_word' id='word_1_108' title='bbox 733 1572 935 1626; x_wconf 85' lang='lat' dir='ltr'><strong>tribuit.</strong></span> <span class='ocrx_word' id='word_1_109' title='bbox 963 1570 1326 1640; x_wconf 88' lang='lat' dir='ltr'><strong>Nequaquam,</strong></span> <span class='ocrx_word' id='word_1_110' title='bbox 1353 1571 1542 1640; x_wconf 83' lang='lat' dir='ltr'><strong>inquit,</strong></span> <span class='ocrx_word' id='word_1_111' title='bbox 1567 1569 1659 1624; x_wconf 89' lang='lat' dir='ltr'><strong>sed</strong></span> <span class='ocrx_word' id='word_1_112' title='bbox 1685 1578 1809 1623; x_wconf 90' lang='lat' dir='ltr'><strong>tunc</strong></span> <span class='ocrx_word' id='word_1_113' title='bbox 1840 1569 1916 1621; x_wconf 78' lang='lat' dir='ltr'><strong>lo-</strong></span> 
     </span>
    </p>
   </div>
   <div class='ocr_carea' id='block_1_16' title="bbox 339 1659 1916 1734">
    <p class='ocr_par' dir='ltr' id='par_1_16' title="bbox 339 1659 1916 1734">
     <span class='ocr_line' id='line_1_16' title="bbox 339 1659 1916 1734; baseline -0.002 -19"><span class='ocrx_word' id='word_1_114' title='bbox 339 1663 598 1734; x_wconf 88' lang='lat' dir='ltr'><strong>quebatur</strong></span> <span class='ocrx_word' id='word_1_115' title='bbox 620 1661 820 1716; x_wconf 86' lang='lat' dir='ltr'><strong>habens</strong></span> <span class='ocrx_word' id='word_1_116' title='bbox 846 1663 1101 1715; x_wconf 88' lang='lat' dir='ltr'><strong>rationem</strong></span> <span class='ocrx_word' id='word_1_117' title='bbox 1126 1677 1330 1726; x_wconf 89' lang='lat' dir='ltr'><strong>eorum,</strong></span> <span class='ocrx_word' id='word_1_118' title='bbox 1349 1662 1435 1730; x_wconf 86' lang='lat' dir='ltr'><strong>qui</strong></span> <span class='ocrx_word' id='word_1_119' title='bbox 1457 1659 1761 1724; x_wconf 88' lang='lat' dir='ltr'><strong>audiebant,</strong></span> <span class='ocrx_word' id='word_1_120' title='bbox 1788 1674 1916 1728; x_wconf 86' lang='lat' dir='ltr'><strong>pau-</strong></span> 
     </span>
    </p>
   </div>
   <div class='ocr_carea' id='block_1_17' title="bbox 340 1751 1914 1823">
    <p class='ocr_par' dir='ltr' id='par_1_17' title="bbox 340 1751 1914 1823">
     <span class='ocr_line' id='line_1_17' title="bbox 340 1751 1914 1823; baseline -0.002 -15"><span class='ocrx_word' id='word_1_121' title='bbox 340 1755 486 1809; x_wconf 91' lang='lat' dir='ltr'><strong>latim</strong></span> <span class='ocrx_word' id='word_1_122' title='bbox 509 1769 604 1811; x_wconf 88' lang='lat' dir='ltr'><strong>eos</strong></span> <span class='ocrx_word' id='word_1_123' title='bbox 631 1754 698 1808; x_wconf 87' lang='lat' dir='ltr'><strong>ad</strong></span> <span class='ocrx_word' id='word_1_124' title='bbox 729 1754 779 1809; x_wconf 88' lang='lat' dir='ltr'><strong>id</strong></span> <span class='ocrx_word' id='word_1_125' title='bbox 822 1754 1104 1809; x_wconf 85' lang='lat' dir='ltr'><strong>deducens.</strong></span> <span class='ocrx_word' id='word_1_126' title='bbox 1130 1753 1308 1823; x_wconf 83' lang='lat' dir='ltr'><strong>Neque</strong></span> <span class='ocrx_word' id='word_1_127' title='bbox 1335 1753 1475 1806; x_wconf 90' lang='lat' dir='ltr'><strong>enim</strong></span> <span class='ocrx_word' id='word_1_128' title='bbox 1505 1751 1606 1806; x_wconf 88' lang='lat' dir='ltr'><strong>hoc</strong></span> <span class='ocrx_word' id='word_1_129' title='bbox 1631 1752 1914 1806; x_wconf 85' lang='lat' dir='ltr'><strong>admodum</strong></span> 
     </span>
    </p>
   </div>
   <div class='ocr_carea' id='block_1_18' title="bbox 343 1843 1916 1916">
    <p class='ocr_par' dir='ltr' id='par_1_18' title="bbox 343 1843 1916 1916">
     <span class='ocr_line' id='line_1_18' title="bbox 343 1843 1916 1916; baseline -0.003 -18"><span class='ocrx_word' id='word_1_130' title='bbox 343 1861 587 1916; x_wconf 84' lang='lat' dir='ltr'><strong>magnum</strong></span> <span class='ocrx_word' id='word_1_131' title='bbox 627 1861 747 1900; x_wconf 89' lang='lat' dir='ltr'><strong>eum</strong></span> <span class='ocrx_word' id='word_1_132' title='bbox 778 1845 1030 1911; x_wconf 89' lang='lat' dir='ltr'><strong>ostendit,</strong></span> <span class='ocrx_word' id='word_1_133' title='bbox 1077 1843 1216 1915; x_wconf 90' lang='lat' dir='ltr'><strong>quod</strong></span> <span class='ocrx_word' id='word_1_134' title='bbox 1245 1845 1451 1898; x_wconf 89' lang='lat' dir='ltr'><strong>dicatur</strong></span> <span class='ocrx_word' id='word_1_135' title='bbox 1483 1844 1620 1898; x_wconf 90' lang='lat' dir='ltr'><strong>Dens</strong></span> <span class='ocrx_word' id='word_1_136' title='bbox 1657 1857 1775 1897; x_wconf 90' lang='lat' dir='ltr'><strong>esse</strong></span> <span class='ocrx_word' id='word_1_137' title='bbox 1805 1858 1916 1894; x_wconf 83' lang='lat' dir='ltr'><strong>ma-</strong></span> 
     </span>
    </p>
   </div>
   <div class='ocr_carea' id='block_1_19' title="bbox 341 1933 1912 2006">
    <p class='ocr_par' dir='ltr' id='par_1_19' title="bbox 341 1933 1912 2006">
     <span class='ocr_line' id='line_1_19' title="bbox 341 1933 1912 2006; baseline -0.004 -16"><span class='ocrx_word' id='word_1_138' title='bbox 341 1939 500 2006; x_wconf 75' lang='lat' dir='ltr'><strong>ior,et</strong></span> <span class='ocrx_word' id='word_1_139' title='bbox 525 1950 744 2006; x_wconf 79' lang='lat' dir='ltr'><strong>magnus</strong></span> <span class='ocrx_word' id='word_1_140' title='bbox 772 1951 881 2004; x_wconf 76' lang='lat' dir='ltr'><strong>prze</strong></span> <span class='ocrx_word' id='word_1_141' title='bbox 907 1935 1010 1988; x_wconf 90' lang='lat' dir='ltr'><strong>illis</strong></span> <span class='ocrx_word' id='word_1_142' title='bbox 1038 1951 1052 1988; x_wconf 92' lang='lat'>:</span> <span class='ocrx_word' id='word_1_143' title='bbox 1087 1934 1201 2000; x_wconf 89' lang='lat' dir='ltr'><strong>sed,</strong></span> <span class='ocrx_word' id='word_1_144' title='bbox 1231 1935 1366 1987; x_wconf 88' lang='lat' dir='ltr'><strong>sicut</strong></span> <span class='ocrx_word' id='word_1_145' title='bbox 1391 1934 1521 1993; x_wconf 83' lang='lat' dir='ltr'><strong>dixi,</strong></span> <span class='ocrx_word' id='word_1_146' title='bbox 1547 1933 1762 2002; x_wconf 83' lang='lat' dir='ltr'><strong>adaptat</strong></span> <span class='ocrx_word' id='word_1_147' title='bbox 1796 1946 1912 1984; x_wconf 90' lang='lat' dir='ltr'><strong>ora-</strong></span> 
     </span>
    </p>
   </div>
   <div class='ocr_carea' id='block_1_20' title="bbox 343 2025 1908 2096">
    <p class='ocr_par' dir='ltr' id='par_1_20' title="bbox 343 2025 1908 2096">
     <span class='ocr_line' id='line_1_20' title="bbox 343 2025 1908 2096; baseline -0.004 -15"><span class='ocrx_word' id='word_1_148' title='bbox 343 2029 538 2082; x_wconf 87' lang='lat' dir='ltr'><strong>tionem</strong></span> <span class='ocrx_word' id='word_1_149' title='bbox 580 2025 862 2080; x_wconf 81' lang='lat' dir='ltr'><strong>humilitati</strong></span> <span class='ocrx_word' id='word_1_150' title='bbox 905 2025 1231 2090; x_wconf 86' lang='lat' dir='ltr'><strong>auditorum,</strong></span> <span class='ocrx_word' id='word_1_151' title='bbox 1274 2042 1367 2081; x_wconf 83' lang='lat' dir='ltr'><strong>eos</strong></span> <span class='ocrx_word' id='word_1_152' title='bbox 1407 2025 1655 2096; x_wconf 86' lang='lat' dir='ltr'><strong>paulatim</strong></span> <span class='ocrx_word' id='word_1_153' title='bbox 1681 2025 1908 2093; x_wconf 81' lang='lat' dir='ltr'><strong>erigens.</strong></span> 
     </span>
    </p>
   </div>
   <div class='ocr_carea' id='block_1_21' title="bbox 341 2118 1914 2191">
    <p class='ocr_par' dir='ltr' id='par_1_21' title="bbox 341 2118 1914 2191">
     <span class='ocr_line' id='line_1_21' title="bbox 341 2118 1914 2191; baseline -0.003 -17"><span class='ocrx_word' id='word_1_154' title='bbox 341 2119 483 2174; x_wconf 81' lang='lat' dir='ltr'><strong>Bene</strong></span> <span class='ocrx_word' id='word_1_155' title='bbox 516 2121 656 2174; x_wconf 90' lang='lat' dir='ltr'><strong>enim</strong></span> <span class='ocrx_word' id='word_1_156' title='bbox 687 2129 809 2174; x_wconf 88' lang='lat' dir='ltr'><strong>tunc</strong></span> <span class='ocrx_word' id='word_1_157' title='bbox 835 2135 958 2174; x_wconf 90' lang='lat' dir='ltr'><strong>cum</strong></span> <span class='ocrx_word' id='word_1_158' title='bbox 1003 2119 1082 2174; x_wconf 89' lang='lat' dir='ltr'><strong>eis</strong></span> <span class='ocrx_word' id='word_1_159' title='bbox 1125 2121 1398 2191; x_wconf 82' lang='lat' dir='ltr'><strong>agebatur,</strong></span> <span class='ocrx_word' id='word_1_160' title='bbox 1453 2121 1592 2190; x_wconf 87' lang='lat' dir='ltr'><strong>quod</strong></span> <span class='ocrx_word' id='word_1_161' title='bbox 1625 2119 1739 2173; x_wconf 62' lang='lat' dir='ltr'><strong>hate</strong></span> <span class='ocrx_word' id='word_1_162' title='bbox 1765 2118 1914 2171; x_wconf 82' lang='lat' dir='ltr'><strong>audi-</strong></span> 
     </span>
    </p>
   </div>
   <div class='ocr_carea' id='block_1_22' title="bbox 339 2211 1225 2279">
    <p class='ocr_par' dir='ltr' id='par_1_22' title="bbox 339 2211 1225 2279">
     <span class='ocr_line' id='line_1_22' title="bbox 339 2211 1225 2279; baseline -0.001 -15"><span class='ocrx_word' id='word_1_163' title='bbox 339 2212 559 2274; x_wconf 87' lang='lat' dir='ltr'><strong>vissent,</strong></span> <span class='ocrx_word' id='word_1_164' title='bbox 589 2220 638 2265; x_wconf 91' lang='lat' dir='ltr'><strong>et</strong></span> <span class='ocrx_word' id='word_1_165' title='bbox 669 2226 918 2279; x_wconf 89' lang='lat' dir='ltr'><strong>persuasa</strong></span> <span class='ocrx_word' id='word_1_166' title='bbox 946 2211 1225 2266; x_wconf 84' lang='lat' dir='ltr'><strong>haberent.</strong></span> 
     </span>
    </p>
   </div>
   <div class='ocr_carea' id='block_1_23' title="bbox 407 2299 1910 2372">
    <p class='ocr_par' dir='ltr' id='par_1_23' title="bbox 407 2299 1910 2372">
     <span class='ocr_line' id='line_1_23' title="bbox 407 2299 1910 2372; baseline 0 -17"><span class='ocrx_word' id='word_1_167' title='bbox 407 2299 462 2355; x_wconf 78' lang='lat'><strong>2.</strong></span> <span class='ocrx_word' id='word_1_168' title='bbox 538 2303 686 2369; x_wconf 86' lang='lat' dir='ltr'><strong>Quod</strong></span> <span class='ocrx_word' id='word_1_169' title='bbox 716 2302 854 2356; x_wconf 90' lang='lat' dir='ltr'><strong>enim</strong></span> <span class='ocrx_word' id='word_1_170' title='bbox 886 2317 1070 2357; x_wconf 88' lang='lat' dir='ltr'><strong>omnes</strong></span> <span class='ocrx_word' id='word_1_171' title='bbox 1111 2304 1239 2356; x_wconf 90' lang='lat' dir='ltr'><strong>citra</strong></span> <span class='ocrx_word' id='word_1_172' title='bbox 1270 2303 1427 2356; x_wconf 91' lang='lat' dir='ltr'><strong>ullam</strong></span> <span class='ocrx_word' id='word_1_173' title='bbox 1465 2301 1910 2372; x_wconf 89' lang='lat' dir='ltr'><strong>comparationem</strong></span> 
     </span>
    </p>
   </div>
   <div class='ocr_carea' id='block_1_24' title="bbox 338 2393 1912 2466">
    <p class='ocr_par' dir='ltr' id='par_1_24' title="bbox 338 2393 1912 2466">
     <span class='ocr_line' id='line_1_24' title="bbox 338 2393 1912 2466; baseline -0.001 -19"><span class='ocrx_word' id='word_1_174' title='bbox 338 2404 588 2461; x_wconf 90' lang='lat' dir='ltr'><strong>superet,</strong></span> <span class='ocrx_word' id='word_1_175' title='bbox 632 2393 862 2448; x_wconf 90' lang='lat' dir='ltr'><strong>ostendit</strong></span> <span class='ocrx_word' id='word_1_176' title='bbox 905 2405 1000 2462; x_wconf 88' lang='lat' dir='ltr'><strong>per</strong></span> <span class='ocrx_word' id='word_1_177' title='bbox 1039 2401 1102 2449; x_wconf 86' lang='lat' dir='ltr'><strong>ea</strong></span> <span class='ocrx_word' id='word_1_178' title='bbox 1155 2411 1273 2466; x_wconf 77' lang='lat' dir='ltr'><strong>qua:</strong></span> <span class='ocrx_word' id='word_1_179' title='bbox 1316 2405 1636 2464; x_wconf 90' lang='lat' dir='ltr'><strong>sequuntur,</strong></span> <span class='ocrx_word' id='word_1_180' title='bbox 1685 2393 1912 2450; x_wconf 79' lang='lat' dir='ltr'><strong>achrens</strong></span> 
     </span>
    </p>
   </div>
   <div class='ocr_carea' id='block_1_25' title="bbox 338 2485 1912 2554">
    <p class='ocr_par' dir='ltr' id='par_1_25' title="bbox 338 2485 1912 2554">
     <span class='ocr_line' id='line_1_25' title="bbox 338 2485 1912 2554; baseline 0.001 -15"><span class='ocrx_word' id='word_1_181' title='bbox 338 2486 623 2539; x_wconf 80' lang='lat' dir='ltr'><strong>maximum</strong></span> <span class='ocrx_word' id='word_1_182' title='bbox 672 2493 1036 2554; x_wconf 84' lang='lat' dir='ltr'><strong>argumentum</strong></span> <span class='ocrx_word' id='word_1_183' title='bbox 1067 2485 1180 2553; x_wconf 76' lang='lat' dir='ltr'><strong>ejus</strong></span> <span class='ocrx_word' id='word_1_184' title='bbox 1226 2487 1506 2554; x_wconf 73' lang='lat' dir='ltr'><strong>potentim,</strong></span> <span class='ocrx_word' id='word_1_185' title='bbox 1537 2497 1590 2539; x_wconf 86' lang='lat' dir='ltr'><strong>et</strong></span> <span class='ocrx_word' id='word_1_186' title='bbox 1627 2485 1912 2540; x_wconf 88' lang='lat' dir='ltr'><strong>ostendens</strong></span> 
     </span>
    </p>
   </div>
   <div class='ocr_carea' id='block_1_26' title="bbox 339 2573 1908 2646">
    <p class='ocr_par' dir='ltr' id='par_1_26' title="bbox 339 2573 1908 2646">
     <span class='ocr_line' id='line_1_26' title="bbox 339 2573 1908 2646; baseline 0.001 -16"><span class='ocrx_word' id='word_1_187' title='bbox 339 2588 398 2630; x_wconf 91' lang='lat' dir='ltr'><strong>se</strong></span> <span class='ocrx_word' id='word_1_188' title='bbox 424 2575 598 2646; x_wconf 86' lang='lat' dir='ltr'><strong>priora</strong></span> <span class='ocrx_word' id='word_1_189' title='bbox 627 2573 829 2631; x_wconf 78' lang='lat' dir='ltr'><strong>dixisse</strong></span> <span class='ocrx_word' id='word_1_190' title='bbox 875 2585 1088 2646; x_wconf 82' lang='lat' dir='ltr'><strong>propter</strong></span> <span class='ocrx_word' id='word_1_191' title='bbox 1117 2577 1526 2632; x_wconf 74' lang='lat' dir='ltr'><strong>imbecillitatem</strong></span> <span class='ocrx_word' id='word_1_192' title='bbox 1557 2577 1858 2630; x_wconf 87' lang='lat' dir='ltr'><strong>auditorum</strong></span> <span class='ocrx_word' id='word_1_193' title='bbox 1895 2595 1908 2631; x_wconf 92' lang='lat'><strong>:</strong></span> 
     </span>
    </p>
   </div>
   <div class='ocr_carea' id='block_1_27' title="bbox 338 2663 1915 2736">
    <p class='ocr_par' dir='ltr' id='par_1_27' title="bbox 338 2663 1915 2736">
     <span class='ocr_line' id='line_1_27' title="bbox 338 2663 1915 2736; baseline 0.001 -16"><span class='ocrx_word' id='word_1_194' title='bbox 338 2674 392 2720; x_wconf 85' lang='lat' dir='ltr'><strong>et</strong></span> <span class='ocrx_word' id='word_1_195' title='bbox 420 2667 538 2721; x_wconf 84' lang='lat' dir='ltr'><strong>ideo</strong></span> <span class='ocrx_word' id='word_1_196' title='bbox 564 2666 774 2736; x_wconf 87' lang='lat' dir='ltr'><strong>quando</strong></span> <span class='ocrx_word' id='word_1_197' title='bbox 798 2676 996 2721; x_wconf 87' lang='lat' dir='ltr'><strong>tantum</strong></span> <span class='ocrx_word' id='word_1_198' title='bbox 1029 2670 1296 2732; x_wconf 81' lang='lat' dir='ltr'><strong>enuntiat,</strong></span> <span class='ocrx_word' id='word_1_199' title='bbox 1332 2681 1493 2736; x_wconf 87' lang='lat' dir='ltr'><strong>parva</strong></span> <span class='ocrx_word' id='word_1_200' title='bbox 1524 2663 1915 2734; x_wconf 86' lang='lat' dir='ltr'><strong>dicit;quando</strong></span> 
     </span>
    </p>
   </div>
   <div class='ocr_carea' id='block_1_28' title="bbox 338 2759 1916 2828">
    <p class='ocr_par' dir='ltr' id='par_1_28' title="bbox 338 2759 1916 2828">
     <span class='ocr_line' id='line_1_28' title="bbox 338 2759 1916 2828; baseline -0.001 -14"><span class='ocrx_word' id='word_1_201' title='bbox 338 2769 512 2814; x_wconf 77' lang='lat' dir='ltr'><strong>autem</strong></span> <span class='ocrx_word' id='word_1_202' title='bbox 540 2759 850 2822; x_wconf 83' lang='lat' dir='ltr'><strong>confirmat,</strong></span> <span class='ocrx_word' id='word_1_203' title='bbox 879 2769 933 2815; x_wconf 90' lang='lat' dir='ltr'><strong>et</strong></span> <span class='ocrx_word' id='word_1_204' title='bbox 976 2761 1335 2825; x_wconf 87' lang='lat' dir='ltr'><strong>demonstrat,</strong></span> <span class='ocrx_word' id='word_1_205' title='bbox 1387 2770 1442 2814; x_wconf 88' lang='lat' dir='ltr'><strong>et</strong></span> <span class='ocrx_word' id='word_1_206' title='bbox 1470 2759 1589 2828; x_wconf 85' lang='lat' dir='ltr'><strong>ejus</strong></span> <span class='ocrx_word' id='word_1_207' title='bbox 1617 2760 1916 2828; x_wconf 81' lang='lat' dir='ltr'><strong>majestatis</strong></span> 
     </span>
    </p>
   </div>
   <div class='ocr_carea' id='block_1_29' title="bbox 338 2851 1913 2924">
    <p class='ocr_par' dir='ltr' id='par_1_29' title="bbox 338 2851 1913 2924">
     <span class='ocr_line' id='line_1_29' title="bbox 338 2851 1913 2924; baseline -0.001 -18"><span class='ocrx_word' id='word_1_208' title='bbox 338 2851 491 2906; x_wconf 81' lang='lat' dir='ltr'><strong>all&#39;ert</strong></span> <span class='ocrx_word' id='word_1_209' title='bbox 519 2852 904 2922; x_wconf 86' lang='lat' dir='ltr'><strong>probationem,</strong></span> <span class='ocrx_word' id='word_1_210' title='bbox 951 2869 1134 2924; x_wconf 82' lang='lat' dir='ltr'><strong>magna</strong></span> <span class='ocrx_word' id='word_1_211' title='bbox 1165 2855 1378 2922; x_wconf 87' lang='lat' dir='ltr'><strong>profert.</strong></span> <span class='ocrx_word' id='word_1_212' title='bbox 1413 2851 1551 2919; x_wconf 83' lang='lat' dir='ltr'><strong>Quid</strong></span> <span class='ocrx_word' id='word_1_213' title='bbox 1572 2863 1701 2920; x_wconf 77' lang='lat' dir='ltr'><strong>ergo</strong></span> <span class='ocrx_word' id='word_1_214' title='bbox 1727 2862 1913 2922; x_wconf 87' lang='lat' dir='ltr'><strong>postea</strong></span> 
     </span>
    </p>
   </div>
   <div class='ocr_carea' id='block_1_30' title="bbox 340 2941 1916 3017">
    <p class='ocr_par' dir='ltr' id='par_1_30' title="bbox 340 2941 1916 3017">
     <span class='ocr_line' id='line_1_30' title="bbox 340 2941 1916 3017; baseline -0.002 -20"><span class='ocrx_word' id='word_1_215' title='bbox 340 2945 568 3007; x_wconf 82' lang='lat' dir='ltr'><strong>adducit,</strong></span> <span class='ocrx_word' id='word_1_216' title='bbox 586 2945 722 3014; x_wconf 89' lang='lat' dir='ltr'><strong>quod</strong></span> <span class='ocrx_word' id='word_1_217' title='bbox 753 2945 823 2999; x_wconf 93' lang='lat' dir='ltr'><strong>sit</strong></span> <span class='ocrx_word' id='word_1_218' title='bbox 851 2960 914 2999; x_wconf 88' lang='lat' dir='ltr'><strong>eo</strong></span> <span class='ocrx_word' id='word_1_219' title='bbox 935 2946 1148 3017; x_wconf 76' lang='lat' dir='ltr'><strong>dignum</strong></span> <span class='ocrx_word' id='word_1_220' title='bbox 1171 2954 1247 3010; x_wconf 83' lang='lat' dir='ltr'><strong>,ct</strong></span> <span class='ocrx_word' id='word_1_221' title='bbox 1272 2945 1413 3012; x_wconf 80' lang='lat' dir='ltr'><strong>quod</strong></span> <span class='ocrx_word' id='word_1_222' title='bbox 1455 2946 1522 2999; x_wconf 88' lang='lat' dir='ltr'><strong>sit</strong></span> <span class='ocrx_word' id='word_1_223' title='bbox 1551 2945 1638 2997; x_wconf 81' lang='lat' dir='ltr'><strong>Dei</strong></span> <span class='ocrx_word' id='word_1_224' title='bbox 1661 2941 1916 3000; x_wconf 88' lang='lat' dir='ltr'><strong>tantum?</strong></span> 
     </span>
    </p>
   </div>
   <div class='ocr_carea' id='block_1_31' title="bbox 341 3024 1911 3108">
    <p class='ocr_par' dir='ltr' id='par_1_31' title="bbox 341 3024 1911 3108">
     <span class='ocr_line' id='line_1_31' title="bbox 341 3024 1911 3108; baseline -0.003 -19"><span class='ocrx_word' id='word_1_225' title='bbox 341 3024 471 3092; x_wconf 75' lang='lat' dir='ltr'><strong>Vide</strong></span> <span class='ocrx_word' id='word_1_226' title='bbox 516 3037 822 3108; x_wconf 76' lang='lat' dir='ltr'><strong>:subjungit</strong></span> <span class='ocrx_word' id='word_1_227' title='bbox 857 3039 997 3093; x_wconf 89' lang='lat' dir='ltr'><strong>enim</strong></span> <span class='ocrx_word' id='word_1_228' title='bbox 1026 3057 1040 3092; x_wconf 90' lang='lat'><strong>:</strong></span> <span class='ocrx_word' id='word_1_229' title='bbox 1087 3037 1138 3092; x_wconf 90' lang='lat'><strong>6.</strong></span> <span class='ocrx_word' id='word_1_230' title='bbox 1171 3037 1353 3092; x_wconf 83' lang='lat' dir='ltr'><strong>Omnia</strong></span> <span class='ocrx_word' id='word_1_231' title='bbox 1397 3053 1712 3107; x_wconf 65' lang='lat' dir='ltr'><strong>quaecumque</strong></span> <span class='ocrx_word' id='word_1_232' title='bbox 1747 3036 1911 3090; x_wconf 78' lang='lat' dir='ltr'><strong>uoluit</strong></span> 
     </span>
    </p>
   </div>
   <div class='ocr_carea' id='block_1_32' title="bbox 339 3129 1911 3201">
    <p class='ocr_par' dir='ltr' id='par_1_32' title="bbox 339 3129 1911 3201">
     <span class='ocr_line' id='line_1_32' title="bbox 339 3129 1911 3201; baseline -0.003 -17"><span class='ocrx_word' id='word_1_233' title='bbox 339 3129 620 3199; x_wconf 74' lang='lat' dir='ltr'><strong>Dominus,</strong></span> <span class='ocrx_word' id='word_1_234' title='bbox 649 3131 762 3201; x_wconf 78' lang='lat' dir='ltr'><strong>fecit</strong></span> <span class='ocrx_word' id='word_1_235' title='bbox 791 3130 846 3183; x_wconf 86' lang='lat' dir='ltr'><strong>in</strong></span> <span class='ocrx_word' id='word_1_236' title='bbox 885 3129 1010 3183; x_wconf 65' lang='lat' dir='ltr'><strong>ca’lo</strong></span> <span class='ocrx_word' id='word_1_237' title='bbox 1063 3140 1106 3183; x_wconf 88' lang='lat' dir='ltr'><strong>et</strong></span> <span class='ocrx_word' id='word_1_238' title='bbox 1135 3131 1186 3182; x_wconf 87' lang='lat' dir='ltr'><strong>in</strong></span> <span class='ocrx_word' id='word_1_239' title='bbox 1229 3141 1390 3194; x_wconf 80' lang='lat' dir='ltr'><strong>terra,</strong></span> <span class='ocrx_word' id='word_1_240' title='bbox 1418 3147 1468 3182; x_wconf 80' lang='lat' dir='ltr'><strong>tn</strong></span> <span class='ocrx_word' id='word_1_241' title='bbox 1507 3129 1725 3181; x_wconf 80' lang='lat' dir='ltr'><strong>maribus</strong></span> <span class='ocrx_word' id='word_1_242' title='bbox 1776 3137 1822 3181; x_wconf 86' lang='lat' dir='ltr'><strong>et</strong></span> <span class='ocrx_word' id='word_1_243' title='bbox 1859 3129 1911 3179; x_wconf 88' lang='lat' dir='ltr'><strong>in</strong></span> 
     </span>
    </p>
   </div>
   <div class='ocr_carea' id='block_1_33' title="bbox 339 3218 1910 3290">
    <p class='ocr_par' dir='ltr' id='par_1_33' title="bbox 339 3218 1910 3290">
     <span class='ocr_line' id='line_1_33' title="bbox 339 3218 1910 3290; baseline -0.001 -17"><span class='ocrx_word' id='word_1_244' title='bbox 339 3221 564 3276; x_wconf 86' lang='lat' dir='ltr'><strong>omnibus</strong></span> <span class='ocrx_word' id='word_1_245' title='bbox 608 3221 816 3290; x_wconf 75' lang='lat' dir='ltr'><strong>abyssis.</strong></span> <span class='ocrx_word' id='word_1_246' title='bbox 847 3221 1031 3274; x_wconf 77' lang='lat' dir='ltr'><strong>V‘idisti</strong></span> <span class='ocrx_word' id='word_1_247' title='bbox 1072 3221 1354 3290; x_wconf 88' lang='lat' dir='ltr'><strong>potentiam</strong></span> <span class='ocrx_word' id='word_1_248' title='bbox 1397 3219 1480 3274; x_wconf 89' lang='lat' dir='ltr'><strong>cui</strong></span> <span class='ocrx_word' id='word_1_249' title='bbox 1521 3218 1648 3272; x_wconf 90' lang='lat' dir='ltr'><strong>nihil</strong></span> <span class='ocrx_word' id='word_1_250' title='bbox 1695 3219 1910 3272; x_wconf 90' lang='lat' dir='ltr'><strong>omnino</strong></span> 
     </span>
    </p>
   </div>
   <div class='ocr_carea' id='block_1_34' title="bbox 337 3311 1908 3378">
    <p class='ocr_par' dir='ltr' id='par_1_34' title="bbox 337 3311 1908 3378">
     <span class='ocr_line' id='line_1_34' title="bbox 337 3311 1908 3378; baseline -0.004 -12"><span class='ocrx_word' id='word_1_251' title='bbox 337 3311 540 3366; x_wconf 77' lang='lat' dir='ltr'><strong>deest?</strong></span> <span class='ocrx_word' id='word_1_252' title='bbox 581 3313 751 3366; x_wconf 83' lang='lat' dir='ltr'><strong>vidisti</strong></span> <span class='ocrx_word' id='word_1_253' title='bbox 779 3311 976 3367; x_wconf 86' lang='lat' dir='ltr'><strong>fontem</strong></span> <span class='ocrx_word' id='word_1_254' title='bbox 1000 3312 1165 3365; x_wconf 66' lang='lat' dir='ltr'><strong>vita)?</strong></span> <span class='ocrx_word' id='word_1_255' title='bbox 1212 3311 1385 3364; x_wconf 80' lang='lat' dir='ltr'><strong>vidisti</strong></span> <span class='ocrx_word' id='word_1_256' title='bbox 1427 3311 1908 3378; x_wconf 69' lang='lat' dir='ltr'><strong>viresincxpuem-</strong></span> 
     </span>
    </p>
   </div>
   <div class='ocr_carea' id='block_1_35' title="bbox 338 3400 1911 3470">
    <p class='ocr_par' dir='ltr' id='par_1_35' title="bbox 338 3400 1911 3470">
     <span class='ocr_line' id='line_1_35' title="bbox 338 3400 1911 3470; baseline -0.003 -13"><span class='ocrx_word' id='word_1_257' title='bbox 338 3401 475 3457; x_wconf 90' lang='lat' dir='ltr'><strong>biles</strong></span> <span class='ocrx_word' id='word_1_258' title='bbox 498 3400 522 3453; x_wconf 69' lang='grc' dir='ltr'><strong><em>τ</em></strong></span> <span class='ocrx_word' id='word_1_259' title='bbox 542 3401 714 3456; x_wconf 80' lang='lat' dir='ltr'><strong>vidisti</strong></span> <span class='ocrx_word' id='word_1_260' title='bbox 747 3402 1108 3457; x_wconf 82' lang='lat' dir='ltr'><strong>excellentiam</strong></span> <span class='ocrx_word' id='word_1_261' title='bbox 1141 3400 1356 3454; x_wconf 91' lang='lat' dir='ltr'><strong>omnino</strong></span> <span class='ocrx_word' id='word_1_262' title='bbox 1397 3400 1859 3470; x_wconf 87' lang='lat' dir='ltr'><strong>incomparabilem</strong></span> <span class='ocrx_word' id='word_1_263' title='bbox 1889 3400 1911 3452; x_wconf 71' lang='grc' dir='ltr'><strong>’ἒ</strong></span> 
     </span>
    </p>
   </div>
   <div class='ocr_carea' id='block_1_36' title="bbox 337 3491 1908 3564">
    <p class='ocr_par' dir='ltr' id='par_1_36' title="bbox 337 3491 1908 3564">
     <span class='ocr_line' id='line_1_36' title="bbox 337 3491 1908 3564; baseline -0.001 -20"><span class='ocrx_word' id='word_1_264' title='bbox 337 3492 509 3546; x_wconf 83' lang='lat' dir='ltr'><strong>vidisti</strong></span> <span class='ocrx_word' id='word_1_265' title='bbox 533 3501 842 3562; x_wconf 88' lang='lat' dir='ltr'><strong>potestatem</strong></span> <span class='ocrx_word' id='word_1_266' title='bbox 869 3509 983 3564; x_wconf 79' lang='lat' dir='ltr'><strong>quae</strong></span> <span class='ocrx_word' id='word_1_267' title='bbox 1006 3493 1150 3546; x_wconf 89' lang='lat' dir='ltr'><strong>nullo</strong></span> <span class='ocrx_word' id='word_1_268' title='bbox 1179 3491 1334 3544; x_wconf 89' lang='lat' dir='ltr'><strong>modo</strong></span> <span class='ocrx_word' id='word_1_269' title='bbox 1363 3491 1707 3560; x_wconf 83' lang='lat' dir='ltr'><strong>prohibetur?</strong></span> <span class='ocrx_word' id='word_1_270' title='bbox 1738 3492 1908 3544; x_wconf 82' lang='lat' dir='ltr'><strong>vidisti</strong></span> 
     </span>
    </p>
   </div>
   <div class='ocr_carea' id='block_1_37' title="bbox 337 3581 1913 3654">
    <p class='ocr_par' dir='ltr' id='par_1_37' title="bbox 337 3581 1913 3654">
     <span class='ocr_line' id='line_1_37' title="bbox 337 3581 1913 3654; baseline -0.003 -16"><span class='ocrx_word' id='word_1_271' title='bbox 337 3583 385 3638; x_wconf 90' lang='lat' dir='ltr'><strong>ci</strong></span> <span class='ocrx_word' id='word_1_272' title='bbox 411 3584 583 3636; x_wconf 83' lang='lat' dir='ltr'><strong>omnia</strong></span> <span class='ocrx_word' id='word_1_273' title='bbox 612 3582 854 3652; x_wconf 80' lang='lat' dir='ltr'><strong>expedita</strong></span> <span class='ocrx_word' id='word_1_274' title='bbox 881 3593 933 3638; x_wconf 87' lang='lat' dir='ltr'><strong>et</strong></span> <span class='ocrx_word' id='word_1_275' title='bbox 958 3582 1168 3638; x_wconf 77' lang='lat' dir='ltr'><strong>facilia?</strong></span> <span class='ocrx_word' id='word_1_276' title='bbox 1197 3581 1377 3637; x_wconf 83' lang='lat' dir='ltr'><strong>Omnia</strong></span> <span class='ocrx_word' id='word_1_277' title='bbox 1405 3583 1565 3646; x_wconf 84' lang='lat' dir='ltr'><strong>enim,</strong></span> <span class='ocrx_word' id='word_1_278' title='bbox 1587 3584 1913 3654; x_wconf 80' lang='lat' dir='ltr'><strong>inquit,qmr—</strong></span> 
     </span>
    </p>
   </div>
   <div class='ocr_carea' id='block_1_38' title="bbox 339 3671 1908 3744">
    <p class='ocr_par' dir='ltr' id='par_1_38' title="bbox 339 3671 1908 3744">
     <span class='ocr_line' id='line_1_38' title="bbox 339 3671 1908 3744; baseline 0.001 -20"><span class='ocrx_word' id='word_1_279' title='bbox 339 3689 545 3744; x_wconf 85' lang='lat' dir='ltr'><strong>cumque</strong></span> <span class='ocrx_word' id='word_1_280' title='bbox 582 3674 734 3728; x_wconf 74' lang='lat' dir='ltr'><strong>voluit</strong></span> <span class='ocrx_word' id='word_1_281' title='bbox 760 3671 891 3742; x_wconf 82' lang='lat' dir='ltr'><strong>fecit.</strong></span> <span class='ocrx_word' id='word_1_282' title='bbox 924 3673 1038 3740; x_wconf 90' lang='lat' dir='ltr'><strong>Dic,</strong></span> <span class='ocrx_word' id='word_1_283' title='bbox 1065 3673 1311 3728; x_wconf 82' lang='lat' dir='ltr'><strong>ubinam?</strong></span> <span class='ocrx_word' id='word_1_284' title='bbox 1349 3674 1416 3728; x_wconf 85' lang='lat' dir='ltr'><strong>In</strong></span> <span class='ocrx_word' id='word_1_285' title='bbox 1441 3674 1564 3728; x_wconf 65' lang='lat' dir='ltr'><strong>carlo</strong></span> <span class='ocrx_word' id='word_1_286' title='bbox 1600 3684 1644 3727; x_wconf 83' lang='lat' dir='ltr'><strong>et</strong></span> <span class='ocrx_word' id='word_1_287' title='bbox 1674 3675 1723 3727; x_wconf 88' lang='lat' dir='ltr'><strong>in</strong></span> <span class='ocrx_word' id='word_1_288' title='bbox 1757 3683 1908 3727; x_wconf 86' lang='lat' dir='ltr'><strong>terra.</strong></span> 
     </span>
    </p>
   </div>
   <div class='ocr_carea' id='block_1_39' title="bbox 340 3763 1911 3831">
    <p class='ocr_par' dir='ltr' id='par_1_39' title="bbox 340 3763 1911 3831">
     <span class='ocr_line' id='line_1_39' title="bbox 340 3763 1911 3831; baseline -0.001 -14"><span class='ocrx_word' id='word_1_289' title='bbox 340 3763 451 3818; x_wconf 87' lang='lat' dir='ltr'><strong>lloc</strong></span> <span class='ocrx_word' id='word_1_290' title='bbox 475 3773 556 3818; x_wconf 88' lang='lat' dir='ltr'><strong>est</strong></span> <span class='ocrx_word' id='word_1_291' title='bbox 584 3781 685 3818; x_wconf 91' lang='lat' dir='ltr'><strong>non</strong></span> <span class='ocrx_word' id='word_1_292' title='bbox 707 3764 793 3819; x_wconf 88' lang='lat' dir='ltr'><strong>bic</strong></span> <span class='ocrx_word' id='word_1_293' title='bbox 811 3765 1002 3831; x_wconf 88' lang='lat' dir='ltr'><strong>solum,</strong></span> <span class='ocrx_word' id='word_1_294' title='bbox 1027 3765 1119 3820; x_wconf 88' lang='lat' dir='ltr'><strong>sed</strong></span> <span class='ocrx_word' id='word_1_295' title='bbox 1141 3767 1296 3820; x_wconf 90' lang='lat' dir='ltr'><strong>etiam</strong></span> <span class='ocrx_word' id='word_1_296' title='bbox 1325 3766 1376 3819; x_wconf 89' lang='lat' dir='ltr'><strong>in</strong></span> <span class='ocrx_word' id='word_1_297' title='bbox 1395 3766 1544 3821; x_wconf 64' lang='lat' dir='ltr'><strong>caelo.</strong></span> <span class='ocrx_word' id='word_1_298' title='bbox 1567 3765 1680 3821; x_wconf 81' lang='lat' dir='ltr'><strong>Non</strong></span> <span class='ocrx_word' id='word_1_299' title='bbox 1704 3766 1756 3819; x_wconf 92' lang='lat' dir='ltr'><strong>in</strong></span> <span class='ocrx_word' id='word_1_300' title='bbox 1780 3767 1911 3820; x_wconf 63' lang='lat' dir='ltr'><strong>caelo</strong></span> 
     </span>
    </p>
   </div>
   <div class='ocr_carea' id='block_1_40' title="bbox 339 3855 1910 3919">
    <p class='ocr_par' dir='ltr' id='par_1_40' title="bbox 339 3855 1910 3919">
     <span class='ocr_line' id='line_1_40' title="bbox 339 3855 1910 3919; baseline 0.001 -12"><span class='ocrx_word' id='word_1_301' title='bbox 339 3855 546 3919; x_wconf 89' lang='lat' dir='ltr'><strong>solum,</strong></span> <span class='ocrx_word' id='word_1_302' title='bbox 586 3855 678 3908; x_wconf 83' lang='lat' dir='ltr'><strong>sed</strong></span> <span class='ocrx_word' id='word_1_303' title='bbox 725 3855 882 3909; x_wconf 81' lang='lat' dir='ltr'><strong>etiam</strong></span> <span class='ocrx_word' id='word_1_304' title='bbox 923 3856 974 3910; x_wconf 91' lang='lat' dir='ltr'><strong>in</strong></span> <span class='ocrx_word' id='word_1_305' title='bbox 1005 3863 1167 3910; x_wconf 89' lang='lat' dir='ltr'><strong>terra.</strong></span> <span class='ocrx_word' id='word_1_306' title='bbox 1212 3855 1326 3910; x_wconf 79' lang='lat' dir='ltr'><strong>Non</strong></span> <span class='ocrx_word' id='word_1_307' title='bbox 1353 3856 1586 3910; x_wconf 87' lang='lat' dir='ltr'><strong>solumin</strong></span> <span class='ocrx_word' id='word_1_308' title='bbox 1617 3867 1774 3918; x_wconf 88' lang='lat' dir='ltr'><strong>terra,</strong></span> <span class='ocrx_word' id='word_1_309' title='bbox 1817 3855 1910 3910; x_wconf 77' lang='lat' dir='ltr'><strong>sed</strong></span> 
     </span>
    </p>
   </div>
   <div class='ocr_carea' id='block_1_41' title="bbox 341 3946 1910 4017">
    <p class='ocr_par' dir='ltr' id='par_1_41' title="bbox 341 3946 1910 4017">
     <span class='ocr_line' id='line_1_41' title="bbox 341 3946 1910 4017; baseline -0.004 -15"><span class='ocrx_word' id='word_1_310' title='bbox 341 3949 498 4002; x_wconf 59' lang='lat' dir='ltr'><strong>‘etiam</strong></span> <span class='ocrx_word' id='word_1_311' title='bbox 547 3946 614 4001; x_wconf 85' lang='lat' dir='ltr'><strong>In</strong></span> <span class='ocrx_word' id='word_1_312' title='bbox 646 3949 896 4013; x_wconf 89' lang='lat' dir='ltr'><strong>maribus,</strong></span> <span class='ocrx_word' id='word_1_313' title='bbox 926 3956 973 4002; x_wconf 81' lang='lat' dir='ltr'><strong>et</strong></span> <span class='ocrx_word' id='word_1_314' title='bbox 1001 3947 1053 4000; x_wconf 87' lang='lat' dir='ltr'><strong>in</strong></span> <span class='ocrx_word' id='word_1_315' title='bbox 1080 3947 1306 4001; x_wconf 86' lang='lat' dir='ltr'><strong>omnibus</strong></span> <span class='ocrx_word' id='word_1_316' title='bbox 1345 3946 1535 4017; x_wconf 83' lang='lat' dir='ltr'><strong>abyssis</strong></span> <span class='ocrx_word' id='word_1_317' title='bbox 1555 3984 1569 3998; x_wconf 93' lang='lat'><strong>.</strong></span> <span class='ocrx_word' id='word_1_318' title='bbox 1616 3947 1716 4001; x_wconf 91' lang='lat' dir='ltr'><strong>Per</strong></span> <span class='ocrx_word' id='word_1_319' title='bbox 1752 3947 1910 4016; x_wconf 71' lang='lat' dir='ltr'><strong>abys-</strong></span> 
     </span>
    </p>
   </div>
   <div class='ocr_carea' id='block_1_42' title="bbox 338 4039 1910 4110">
    <p class='ocr_par' dir='ltr' id='par_1_42' title="bbox 338 4039 1910 4110">
     <span class='ocr_line' id='line_1_42' title="bbox 338 4039 1910 4110; baseline -0.001 -18"><span class='ocrx_word' id='word_1_320' title='bbox 338 4053 456 4093; x_wconf 90' lang='lat' dir='ltr'><strong>sum</strong></span> <span class='ocrx_word' id='word_1_321' title='bbox 473 4041 612 4093; x_wconf 90' lang='lat' dir='ltr'><strong>enim</strong></span> <span class='ocrx_word' id='word_1_322' title='bbox 643 4040 766 4094; x_wconf 87' lang='lat' dir='ltr'><strong>dicit</strong></span> <span class='ocrx_word' id='word_1_323' title='bbox 787 4055 904 4110; x_wconf 74' lang='lat' dir='ltr'><strong>qua:</strong></span> <span class='ocrx_word' id='word_1_324' title='bbox 927 4047 1052 4096; x_wconf 89' lang='lat' dir='ltr'><strong>sunt</strong></span> <span class='ocrx_word' id='word_1_325' title='bbox 1071 4039 1204 4094; x_wconf 85' lang='lat' dir='ltr'><strong>infra</strong></span> <span class='ocrx_word' id='word_1_326' title='bbox 1233 4048 1448 4105; x_wconf 88' lang='lat' dir='ltr'><strong>terram,</strong></span> <span class='ocrx_word' id='word_1_327' title='bbox 1471 4039 1910 4109; x_wconf 86' lang='lat' dir='ltr'><strong>quemadmodum</strong></span> 
     </span>
    </p>
   </div>
   <div class='ocr_carea' id='block_1_43' title="bbox 340 4130 1904 4202">
    <p class='ocr_par' dir='ltr' id='par_1_43' title="bbox 340 4130 1904 4202">
     <span class='ocr_line' id='line_1_43' title="bbox 340 4130 1904 4202; baseline -0.001 -17"><span class='ocrx_word' id='word_1_328' title='bbox 340 4130 667 4195; x_wconf 88' lang='lat' dir='ltr'><strong>dicendo,ln</strong></span> <span class='ocrx_word' id='word_1_329' title='bbox 687 4133 901 4197; x_wconf 72' lang='lat' dir='ltr'><strong>cwl0,ea</strong></span> <span class='ocrx_word' id='word_1_330' title='bbox 927 4147 1043 4202; x_wconf 73' lang='lat' dir='ltr'><strong>quae</strong></span> <span class='ocrx_word' id='word_1_331' title='bbox 1073 4139 1195 4186; x_wconf 91' lang='lat' dir='ltr'><strong>sunt</strong></span> <span class='ocrx_word' id='word_1_332' title='bbox 1216 4147 1376 4201; x_wconf 85' lang='lat' dir='ltr'><strong>super</strong></span> <span class='ocrx_word' id='word_1_333' title='bbox 1411 4131 1590 4185; x_wconf 67' lang='lat' dir='ltr'><strong>caelos.</strong></span> <span class='ocrx_word' id='word_1_334' title='bbox 1614 4131 1765 4187; x_wconf 87' lang='lat' dir='ltr'><strong>Unde</strong></span> <span class='ocrx_word' id='word_1_335' title='bbox 1785 4147 1904 4185; x_wconf 88' lang='lat' dir='ltr'><strong>cum</strong></span> 
     </span>
    </p>
   </div>
   <div class='ocr_carea' id='block_1_44' title="bbox 344 4221 1909 4293">
    <p class='ocr_par' dir='ltr' id='par_1_44' title="bbox 344 4221 1909 4293">
     <span class='ocr_line' id='line_1_44' title="bbox 344 4221 1909 4293; baseline -0.001 -18"><span class='ocrx_word' id='word_1_336' title='bbox 344 4232 422 4275; x_wconf 89' lang='lat' dir='ltr'><strong>tot</strong></span> <span class='ocrx_word' id='word_1_337' title='bbox 446 4230 661 4276; x_wconf 79' lang='lat' dir='ltr'><strong>ettanta</strong></span> <span class='ocrx_word' id='word_1_338' title='bbox 691 4225 826 4287; x_wconf 88' lang='lat' dir='ltr'><strong>sint,</strong></span> <span class='ocrx_word' id='word_1_339' title='bbox 859 4225 1100 4278; x_wconf 77' lang='lat' dir='ltr'><strong>voluntas</strong></span> <span class='ocrx_word' id='word_1_340' title='bbox 1121 4223 1235 4293; x_wconf 84' lang='lat' dir='ltr'><strong>ejus</strong></span> <span class='ocrx_word' id='word_1_341' title='bbox 1248 4237 1577 4293; x_wconf 87' lang='lat' dir='ltr'><strong>nequaquam</strong></span> <span class='ocrx_word' id='word_1_342' title='bbox 1609 4221 1909 4290; x_wconf 86' lang='lat' dir='ltr'><strong>impeditur,</strong></span> 
     </span>
    </p>
   </div>
   <div class='ocr_carea' id='block_1_45' title="bbox 340 4311 1911 4384">
    <p class='ocr_par' dir='ltr' id='par_1_45' title="bbox 340 4311 1911 4384">
     <span class='ocr_line' id='line_1_45' title="bbox 340 4311 1911 4384; baseline 0.001 -20"><span class='ocrx_word' id='word_1_343' title='bbox 340 4311 436 4366; x_wconf 84' lang='lat' dir='ltr'><strong>sed</strong></span> <span class='ocrx_word' id='word_1_344' title='bbox 465 4313 638 4365; x_wconf 85' lang='lat' dir='ltr'><strong>omnia</strong></span> <span class='ocrx_word' id='word_1_345' title='bbox 659 4313 925 4384; x_wconf 82' lang='lat' dir='ltr'><strong>pervadit,</strong></span> <span class='ocrx_word' id='word_1_346' title='bbox 945 4313 1152 4384; x_wconf 89' lang='lat' dir='ltr'><strong>etquod</strong></span> <span class='ocrx_word' id='word_1_347' title='bbox 1171 4322 1250 4368; x_wconf 89' lang='lat' dir='ltr'><strong>est</strong></span> <span class='ocrx_word' id='word_1_348' title='bbox 1271 4312 1602 4376; x_wconf 87' lang='lat' dir='ltr'><strong>admirabile,</strong></span> <span class='ocrx_word' id='word_1_349' title='bbox 1635 4313 1679 4365; x_wconf 90' lang='lat' dir='ltr'><strong>is</strong></span> <span class='ocrx_word' id='word_1_350' title='bbox 1701 4353 1714 4378; x_wconf 91' lang='lat'><strong>,</strong></span> <span class='ocrx_word' id='word_1_351' title='bbox 1737 4314 1823 4380; x_wconf 91' lang='lat' dir='ltr'><strong>qui</strong></span> <span class='ocrx_word' id='word_1_352' title='bbox 1851 4327 1911 4365; x_wconf 85' lang='lat' dir='ltr'><strong>ea</strong></span> 
     </span>
    </p>
   </div>
   <div class='ocr_carea' id='block_1_46' title="bbox 341 4401 1915 4474">
    <p class='ocr_par' dir='ltr' id='par_1_46' title="bbox 341 4401 1915 4474">
     <span class='ocr_line' id='line_1_46' title="bbox 341 4401 1915 4474; baseline -0.003 -17"><span class='ocrx_word' id='word_1_353' title='bbox 341 4403 494 4465; x_wconf 83' lang='lat' dir='ltr'><strong>fecit,</strong></span> <span class='ocrx_word' id='word_1_354' title='bbox 529 4401 673 4456; x_wconf 87' lang='lat' dir='ltr'><strong>nullo</strong></span> <span class='ocrx_word' id='word_1_355' title='bbox 721 4405 960 4473; x_wconf 76' lang='lat' dir='ltr'><strong>negotio,</strong></span> <span class='ocrx_word' id='word_1_356' title='bbox 993 4405 1074 4459; x_wconf 90' lang='lat' dir='ltr'><strong>vel</strong></span> <span class='ocrx_word' id='word_1_357' title='bbox 1105 4403 1320 4468; x_wconf 87' lang='lat' dir='ltr'><strong>labore,</strong></span> <span class='ocrx_word' id='word_1_358' title='bbox 1350 4419 1454 4458; x_wconf 90' lang='lat' dir='ltr'><strong>non</strong></span> <span class='ocrx_word' id='word_1_359' title='bbox 1493 4401 1672 4474; x_wconf 84' lang='lat' dir='ltr'><strong>jussu,</strong></span> <span class='ocrx_word' id='word_1_360' title='bbox 1701 4403 1795 4456; x_wconf 85' lang='lat' dir='ltr'><strong>sed</strong></span> <span class='ocrx_word' id='word_1_361' title='bbox 1826 4418 1915 4453; x_wconf 85' lang='lat' dir='ltr'><strong>vo-</strong></span> 
     </span>
    </p>
   </div>
   <div class='ocr_carea' id='block_1_47' title="bbox 341 4494 1915 4564">
    <p class='ocr_par' dir='ltr' id='par_1_47' title="bbox 341 4494 1915 4564">
     <span class='ocr_line' id='line_1_47' title="bbox 341 4494 1915 4564; baseline -0.003 -15"><span class='ocrx_word' id='word_1_362' title='bbox 341 4494 546 4549; x_wconf 89' lang='lat' dir='ltr'><strong>luntate</strong></span> <span class='ocrx_word' id='word_1_363' title='bbox 571 4495 726 4548; x_wconf 87' lang='lat' dir='ltr'><strong>fecit:</strong></span> <span class='ocrx_word' id='word_1_364' title='bbox 752 4495 920 4550; x_wconf 87' lang='lat' dir='ltr'><strong>solum</strong></span> <span class='ocrx_word' id='word_1_365' title='bbox 946 4496 1090 4550; x_wconf 90' lang='lat' dir='ltr'><strong>enim</strong></span> <span class='ocrx_word' id='word_1_366' title='bbox 1115 4497 1306 4558; x_wconf 87' lang='lat' dir='ltr'><strong>voluit,</strong></span> <span class='ocrx_word' id='word_1_367' title='bbox 1333 4505 1387 4550; x_wconf 89' lang='lat' dir='ltr'><strong>et</strong></span> <span class='ocrx_word' id='word_1_368' title='bbox 1413 4509 1546 4564; x_wconf 87' lang='lat' dir='ltr'><strong>opus</strong></span> <span class='ocrx_word' id='word_1_369' title='bbox 1570 4495 1744 4549; x_wconf 86' lang='lat' dir='ltr'><strong>statim</strong></span> <span class='ocrx_word' id='word_1_370' title='bbox 1789 4508 1915 4546; x_wconf 87' lang='lat' dir='ltr'><strong>con-</strong></span> 
     </span>
    </p>
   </div>
   <div class='ocr_carea' id='block_1_48' title="bbox 341 4586 1914 4658">
    <p class='ocr_par' dir='ltr' id='par_1_48' title="bbox 341 4586 1914 4658">
     <span class='ocr_line' id='line_1_48' title="bbox 341 4586 1914 4658; baseline 0.001 -18"><span class='ocrx_word' id='word_1_371' title='bbox 341 4597 624 4654; x_wconf 86' lang='lat' dir='ltr'><strong>sequutum</strong></span> <span class='ocrx_word' id='word_1_372' title='bbox 667 4595 765 4640; x_wconf 89' lang='lat' dir='ltr'><strong>est.</strong></span> <span class='ocrx_word' id='word_1_373' title='bbox 838 4587 1022 4642; x_wconf 81' lang='lat' dir='ltr'><strong>Vidisti</strong></span> <span class='ocrx_word' id='word_1_374' title='bbox 1077 4586 1343 4658; x_wconf 88' lang='lat' dir='ltr'><strong>quomodo</strong></span> <span class='ocrx_word' id='word_1_375' title='bbox 1409 4587 1699 4644; x_wconf 89' lang='lat' dir='ltr'><strong>ostenderit</strong></span> <span class='ocrx_word' id='word_1_376' title='bbox 1756 4603 1914 4658; x_wconf 90' lang='lat' dir='ltr'><strong>quam</strong></span> 
     </span>
    </p>
   </div>
   <div class='ocr_carea' id='block_1_49' title="bbox 352 4677 1917 4750">
    <p class='ocr_par' dir='ltr' id='par_1_49' title="bbox 352 4677 1917 4750">
     <span class='ocr_line' id='line_1_49' title="bbox 352 4677 1917 4750; baseline 0.003 -19"><span class='ocrx_word' id='word_1_377' title='bbox 352 4677 516 4732; x_wconf 81' lang='lat' dir='ltr'><strong>iacilia</strong></span> <span class='ocrx_word' id='word_1_378' title='bbox 546 4695 608 4734; x_wconf 92' lang='lat' dir='ltr'><strong>ac</strong></span> <span class='ocrx_word' id='word_1_379' title='bbox 630 4681 840 4749; x_wconf 88' lang='lat' dir='ltr'><strong>copiosa</strong></span> <span class='ocrx_word' id='word_1_380' title='bbox 865 4679 1056 4736; x_wconf 89' lang='lat' dir='ltr'><strong>fuerint</strong></span> <span class='ocrx_word' id='word_1_381' title='bbox 1080 4680 1195 4750; x_wconf 75' lang='lat' dir='ltr'><strong>ejus</strong></span> <span class='ocrx_word' id='word_1_382' title='bbox 1217 4695 1375 4749; x_wconf 88' lang='lat' dir='ltr'><strong>opera</strong></span> <span class='ocrx_word' id='word_1_383' title='bbox 1392 4723 1406 4743; x_wconf 89' lang='lat'><strong>,</strong></span> <span class='ocrx_word' id='word_1_384' title='bbox 1436 4690 1487 4736; x_wconf 91' lang='lat' dir='ltr'><strong>et</strong></span> <span class='ocrx_word' id='word_1_385' title='bbox 1507 4680 1774 4750; x_wconf 90' lang='lat' dir='ltr'><strong>quomodo</strong></span> <span class='ocrx_word' id='word_1_386' title='bbox 1799 4680 1917 4750; x_wconf 83' lang='lat' dir='ltr'><strong>ejus</strong></span> 
     </span>
    </p>
   </div>
   <div class='ocr_carea' id='block_1_50' title="bbox 347 4771 1918 4844">
    <p class='ocr_par' dir='ltr' id='par_1_50' title="bbox 347 4771 1918 4844">
     <span class='ocr_line' id='line_1_50' title="bbox 347 4771 1918 4844; baseline 0.004 -24"><span class='ocrx_word' id='word_1_387' title='bbox 347 4779 580 4841; x_wconf 74' lang='lat' dir='ltr'><strong>potestas</strong></span> <span class='ocrx_word' id='word_1_388' title='bbox 621 4771 882 4840; x_wconf 88' lang='lat' dir='ltr'><strong>prohiberi</strong></span> <span class='ocrx_word' id='word_1_389' title='bbox 929 4788 1034 4828; x_wconf 92' lang='lat' dir='ltr'><strong>non</strong></span> <span class='ocrx_word' id='word_1_390' title='bbox 1089 4774 1332 4844; x_wconf 84' lang='lat' dir='ltr'><strong>poterat?</strong></span> <span class='ocrx_word' id='word_1_391' title='bbox 1364 4773 1560 4828; x_wconf 89' lang='lat' dir='ltr'><strong>Deinde</strong></span> <span class='ocrx_word' id='word_1_392' title='bbox 1597 4775 1810 4828; x_wconf 89' lang='lat' dir='ltr'><strong>mittens</strong></span> <span class='ocrx_word' id='word_1_393' title='bbox 1839 4772 1918 4826; x_wconf 84' lang='lat' dir='ltr'><strong>di-</strong></span> 
     </span>
    </p>
   </div>
   <div class='ocr_carea' id='block_1_51' title="bbox 349 4864 1919 4939">
    <p class='ocr_par' dir='ltr' id='par_1_51' title="bbox 349 4864 1919 4939">
     <span class='ocr_line' id='line_1_51' title="bbox 349 4864 1919 4939; baseline 0.003 -22"><span class='ocrx_word' id='word_1_394' title='bbox 349 4880 472 4920; x_wconf 89' lang='lat' dir='ltr'><strong>cere</strong></span> <span class='ocrx_word' id='word_1_395' title='bbox 501 4864 568 4920; x_wconf 91' lang='lat' dir='ltr'><strong>de</strong></span> <span class='ocrx_word' id='word_1_396' title='bbox 596 4865 728 4920; x_wconf 65' lang='lat' dir='ltr'><strong>caalo</strong></span> <span class='ocrx_word' id='word_1_397' title='bbox 766 4877 820 4920; x_wconf 88' lang='lat' dir='ltr'><strong>et</strong></span> <span class='ocrx_word' id='word_1_398' title='bbox 851 4875 990 4920; x_wconf 90' lang='lat' dir='ltr'><strong>terra</strong></span> <span class='ocrx_word' id='word_1_399' title='bbox 1041 4877 1096 4922; x_wconf 88' lang='lat' dir='ltr'><strong>et</strong></span> <span class='ocrx_word' id='word_1_400' title='bbox 1146 4868 1300 4930; x_wconf 90' lang='lat' dir='ltr'><strong>mari,</strong></span> <span class='ocrx_word' id='word_1_401' title='bbox 1331 4868 1485 4924; x_wconf 80' lang='lat' dir='ltr'><strong>achrt</strong></span> <span class='ocrx_word' id='word_1_402' title='bbox 1534 4883 1593 4923; x_wconf 90' lang='lat' dir='ltr'><strong>ea</strong></span> <span class='ocrx_word' id='word_1_403' title='bbox 1647 4884 1765 4939; x_wconf 65' lang='lat' dir='ltr'><strong>quin</strong></span> <span class='ocrx_word' id='word_1_404' title='bbox 1795 4877 1919 4921; x_wconf 87' lang='lat' dir='ltr'><strong>sunt</strong></span> 
     </span>
    </p>
   </div>
   <div class='ocr_carea' id='block_1_52' title="bbox 347 4956 1914 5029">
    <p class='ocr_par' dir='ltr' id='par_1_52' title="bbox 347 4956 1914 5029">
     <span class='ocr_line' id='line_1_52' title="bbox 347 4956 1914 5029; baseline 0 -19"><span class='ocrx_word' id='word_1_405' title='bbox 347 4957 399 5010; x_wconf 90' lang='lat' dir='ltr'><strong>in</strong></span> <span class='ocrx_word' id='word_1_406' title='bbox 445 4956 558 5020; x_wconf 88' lang='lat' dir='ltr'><strong>eis,</strong></span> <span class='ocrx_word' id='word_1_407' title='bbox 616 4956 709 5010; x_wconf 89' lang='lat' dir='ltr'><strong>sed</strong></span> <span class='ocrx_word' id='word_1_408' title='bbox 761 4971 859 5010; x_wconf 90' lang='lat' dir='ltr'><strong>nec</strong></span> <span class='ocrx_word' id='word_1_409' title='bbox 913 4958 1088 5011; x_wconf 88' lang='lat' dir='ltr'><strong>omnia</strong></span> <span class='ocrx_word' id='word_1_410' title='bbox 1137 4957 1348 5027; x_wconf 83' lang='lat' dir='ltr'><strong>quidem</strong></span> <span class='ocrx_word' id='word_1_411' title='bbox 1392 4975 1510 5029; x_wconf 80' lang='lat' dir='ltr'><strong>qua:</strong></span> <span class='ocrx_word' id='word_1_412' title='bbox 1555 4970 1680 5013; x_wconf 89' lang='lat' dir='ltr'><strong>sunt</strong></span> <span class='ocrx_word' id='word_1_413' title='bbox 1730 4959 1780 5011; x_wconf 91' lang='lat' dir='ltr'><strong>in</strong></span> <span class='ocrx_word' id='word_1_414' title='bbox 1817 4958 1914 5018; x_wconf 77' lang='lat' dir='ltr'><strong>eis,</strong></span> 
     </span>
    </p>
   </div>
   <div class='ocr_carea' id='block_1_53' title="bbox 347 5047 1922 5119">
    <p class='ocr_par' dir='ltr' id='par_1_53' title="bbox 347 5047 1922 5119">
     <span class='ocr_line' id='line_1_53' title="bbox 347 5047 1922 5119; baseline -0.003 -14"><span class='ocrx_word' id='word_1_415' title='bbox 347 5047 437 5106; x_wconf 89' lang='lat' dir='ltr'><strong>sed</strong></span> <span class='ocrx_word' id='word_1_416' title='bbox 462 5064 584 5105; x_wconf 91' lang='lat' dir='ltr'><strong>cum</strong></span> <span class='ocrx_word' id='word_1_417' title='bbox 614 5050 1039 5119; x_wconf 82' lang='lat' dir='ltr'><strong>praetermisisset</strong></span> <span class='ocrx_word' id='word_1_418' title='bbox 1064 5065 1125 5104; x_wconf 88' lang='lat' dir='ltr'><strong>ea</strong></span> <span class='ocrx_word' id='word_1_419' title='bbox 1147 5065 1264 5118; x_wconf 72' lang='lat' dir='ltr'><strong>qum</strong></span> <span class='ocrx_word' id='word_1_420' title='bbox 1284 5060 1402 5104; x_wconf 87' lang='lat' dir='ltr'><strong>sunt</strong></span> <span class='ocrx_word' id='word_1_421' title='bbox 1430 5051 1482 5105; x_wconf 90' lang='lat' dir='ltr'><strong>in</strong></span> <span class='ocrx_word' id='word_1_422' title='bbox 1503 5049 1656 5118; x_wconf 77' lang='lat' dir='ltr'><strong>cado,</strong></span> <span class='ocrx_word' id='word_1_423' title='bbox 1674 5050 1772 5105; x_wconf 86' lang='lat' dir='ltr'><strong>etsi</strong></span> <span class='ocrx_word' id='word_1_424' title='bbox 1799 5060 1922 5103; x_wconf 81' lang='lat' dir='ltr'><strong>sunt</strong></span> 
     </span>
    </p>
   </div>
   <div class='ocr_carea' id='block_1_54' title="bbox 344 5139 1918 5211">
    <p class='ocr_par' dir='ltr' id='par_1_54' title="bbox 344 5139 1918 5211">
     <span class='ocr_line' id='line_1_54' title="bbox 344 5139 1918 5211; baseline -0.002 -15"><span class='ocrx_word' id='word_1_425' title='bbox 344 5139 761 5204; x_wconf 80' lang='lat' dir='ltr'><strong>admirabiliora,</strong></span> <span class='ocrx_word' id='word_1_426' title='bbox 793 5139 920 5193; x_wconf 92' lang='lat' dir='ltr'><strong>dicit</strong></span> <span class='ocrx_word' id='word_1_427' title='bbox 961 5155 1022 5194; x_wconf 88' lang='lat' dir='ltr'><strong>ea</strong></span> <span class='ocrx_word' id='word_1_428' title='bbox 1049 5157 1164 5208; x_wconf 76' lang='lat' dir='ltr'><strong>quzc</strong></span> <span class='ocrx_word' id='word_1_429' title='bbox 1203 5151 1325 5194; x_wconf 90' lang='lat' dir='ltr'><strong>sunt</strong></span> <span class='ocrx_word' id='word_1_430' title='bbox 1372 5143 1510 5197; x_wconf 89' lang='lat' dir='ltr'><strong>circa</strong></span> <span class='ocrx_word' id='word_1_431' title='bbox 1555 5142 1763 5197; x_wconf 75' lang='lat' dir='ltr'><strong>cadum.</strong></span> <span class='ocrx_word' id='word_1_432' title='bbox 1809 5142 1918 5211; x_wconf 87' lang='lat' dir='ltr'><strong>Qua</strong></span> 
     </span>
    </p>
   </div>
   <div class='ocr_carea' id='block_1_55' title="bbox 346 5227 1918 5301">
    <p class='ocr_par' dir='ltr' id='par_1_55' title="bbox 346 5227 1918 5301">
     <span class='ocr_line' id='line_1_55' title="bbox 346 5227 1918 5301; baseline 0.002 -18"><span class='ocrx_word' id='word_1_433' title='bbox 346 5231 412 5284; x_wconf 89' lang='lat' dir='ltr'><strong>de</strong></span> <span class='ocrx_word' id='word_1_434' title='bbox 461 5228 556 5285; x_wconf 84' lang='lat' dir='ltr'><strong>re?</strong></span> <span class='ocrx_word' id='word_1_435' title='bbox 601 5228 863 5297; x_wconf 85' lang='lat' dir='ltr'><strong>Quoniam</strong></span> <span class='ocrx_word' id='word_1_436' title='bbox 911 5227 996 5282; x_wconf 88' lang='lat' dir='ltr'><strong>illa</strong></span> <span class='ocrx_word' id='word_1_437' title='bbox 1046 5229 1279 5298; x_wconf 85' lang='lat' dir='ltr'><strong>quidem.</strong></span> <span class='ocrx_word' id='word_1_438' title='bbox 1329 5232 1426 5285; x_wconf 91' lang='lat' dir='ltr'><strong>etsi</strong></span> <span class='ocrx_word' id='word_1_439' title='bbox 1477 5247 1664 5301; x_wconf 78' lang='lat' dir='ltr'><strong>magna</strong></span> <span class='ocrx_word' id='word_1_440' title='bbox 1708 5243 1918 5294; x_wconf 88' lang='lat' dir='ltr'><strong>essent,</strong></span> 
     </span>
    </p>
   </div>
   <div class='ocr_carea' id='block_1_56' title="bbox 348 5316 1923 5394">
    <p class='ocr_par' dir='ltr' id='par_1_56' title="bbox 348 5316 1923 5394">
     <span class='ocr_line' id='line_1_56' title="bbox 348 5316 1923 5394; baseline 0.003 -21"><span class='ocrx_word' id='word_1_441' title='bbox 348 5329 500 5373; x_wconf 89' lang='lat' dir='ltr'><strong>erant</strong></span> <span class='ocrx_word' id='word_1_442' title='bbox 555 5328 731 5372; x_wconf 90' lang='lat' dir='ltr'><strong>tamen</strong></span> <span class='ocrx_word' id='word_1_443' title='bbox 765 5316 942 5372; x_wconf 88' lang='lat' dir='ltr'><strong>multis</strong></span> <span class='ocrx_word' id='word_1_444' title='bbox 973 5319 1191 5388; x_wconf 71' lang='lat' dir='ltr'><strong>ignota:</strong></span> <span class='ocrx_word' id='word_1_445' title='bbox 1232 5318 1344 5373; x_wconf 71' lang='lat' dir='ltr'><strong>bme</strong></span> <span class='ocrx_word' id='word_1_446' title='bbox 1387 5321 1598 5386; x_wconf 87' lang='lat' dir='ltr'><strong>autem,</strong></span> <span class='ocrx_word' id='word_1_447' title='bbox 1645 5325 1774 5394; x_wconf 80' lang='lat' dir='ltr'><strong>licet</strong></span> <span class='ocrx_word' id='word_1_448' title='bbox 1822 5326 1923 5378; x_wconf 87' lang='lat' dir='ltr'><strong>mi-</strong></span> 
     </span>
    </p>
   </div>
   <div class='ocr_carea' id='block_1_57' title="bbox 350 5409 1925 5487">
    <p class='ocr_par' dir='ltr' id='par_1_57' title="bbox 350 5409 1925 5487">
     <span class='ocr_line' id='line_1_57' title="bbox 350 5409 1925 5487; baseline 0.003 -22"><span class='ocrx_word' id='word_1_449' title='bbox 350 5428 496 5474; x_wconf 89' lang='lat' dir='ltr'><strong>nora,</strong></span> <span class='ocrx_word' id='word_1_450' title='bbox 528 5411 886 5467; x_wconf 85' lang='lat' dir='ltr'><strong>cernebantur</strong></span> <span class='ocrx_word' id='word_1_451' title='bbox 917 5418 1110 5470; x_wconf 85' lang='lat' dir='ltr'><strong>tamen.</strong></span> <span class='ocrx_word' id='word_1_452' title='bbox 1159 5416 1214 5462; x_wconf 91' lang='lat' dir='ltr'><strong>et</strong></span> <span class='ocrx_word' id='word_1_453' title='bbox 1254 5409 1439 5464; x_wconf 86' lang='lat' dir='ltr'><strong>omnes</strong></span> <span class='ocrx_word' id='word_1_454' title='bbox 1484 5412 1752 5472; x_wconf 87' lang='lat' dir='ltr'><strong>habebant</strong></span> <span class='ocrx_word' id='word_1_455' title='bbox 1800 5433 1925 5487; x_wconf 86' lang='lat' dir='ltr'><strong>spe-</strong></span> 
     </span>
    </p>
   </div>
   <div class='ocr_carea' id='block_1_58' title="bbox 352 5495 1927 5576">
    <p class='ocr_par' dir='ltr' id='par_1_58' title="bbox 352 5495 1927 5576">
     <span class='ocr_line' id='line_1_58' title="bbox 352 5495 1927 5576; baseline 0.003 -20"><span class='ocrx_word' id='word_1_456' title='bbox 352 5495 604 5557; x_wconf 82' lang='lat' dir='ltr'><strong>ctatores.</strong></span> <span class='ocrx_word' id='word_1_457' title='bbox 631 5500 765 5568; x_wconf 86' lang='lat' dir='ltr'><strong>Quia</strong></span> <span class='ocrx_word' id='word_1_458' title='bbox 792 5513 920 5567; x_wconf 81' lang='lat' dir='ltr'><strong>ergo</strong></span> <span class='ocrx_word' id='word_1_459' title='bbox 943 5498 1104 5551; x_wconf 75' lang='lat' dir='ltr'><strong>verba</strong></span> <span class='ocrx_word' id='word_1_460' title='bbox 1131 5496 1353 5550; x_wconf 90' lang='lat' dir='ltr'><strong>faciebat</strong></span> <span class='ocrx_word' id='word_1_461' title='bbox 1381 5501 1515 5569; x_wconf 88' lang='lat' dir='ltr'><strong>apud</strong></span> <span class='ocrx_word' id='word_1_462' title='bbox 1544 5504 1804 5571; x_wconf 84' lang='lat' dir='ltr'><strong>homines,</strong></span> <span class='ocrx_word' id='word_1_463' title='bbox 1837 5507 1927 5576; x_wconf 89' lang='lat' dir='ltr'><strong>qni</strong></span> 
     </span>
    </p>
   </div>
   <div class='ocr_carea' id='block_1_59' title="bbox 417 5609 1930 5680">
    <p class='ocr_par' dir='ltr' id='par_1_59' title="bbox 417 5609 1930 5680">
     <span class='ocr_line' id='line_1_59' title="bbox 417 5609 1930 5680; baseline 0.019 -34"><span class='ocrx_word' id='word_1_464' title='bbox 417 5617 449 5680; x_wconf 62' lang='lat' dir='ltr'><strong>r</strong></span> <span class='ocrx_word' id='word_1_465' title='bbox 470 5623 570 5666; x_wconf 68' lang='lat' dir='ltr'><strong>mo</strong></span> <span class='ocrx_word' id='word_1_466' title='bbox 593 5623 727 5680; x_wconf 53' lang='grc' dir='ltr'><strong>κεςη</strong></span> <span class='ocrx_word' id='word_1_467' title='bbox 749 5613 838 5680; x_wconf 47' lang='lat' dir='ltr'><strong>[me</strong></span> <span class='ocrx_word' id='word_1_468' title='bbox 858 5610 985 5661; x_wconf 54' lang='lat' dir='ltr'><strong>eam</strong></span> <span class='ocrx_word' id='word_1_469' title='bbox 1004 5609 1270 5660; x_wconf 75' lang='lat' dir='ltr'><strong>absurdum</strong></span> <span class='ocrx_word' id='word_1_470' title='bbox 1291 5616 1390 5673; x_wconf 82' lang='lat' dir='ltr'><strong>est;</strong></span> <span class='ocrx_word' id='word_1_471' title='bbox 1413 5628 1522 5676; x_wconf 73' lang='lat' dir='ltr'><strong>qnze</strong></span> <span class='ocrx_word' id='word_1_472' title='bbox 1553 5620 1744 5680; x_wconf 78' lang='lat' dir='ltr'><strong>quidem</strong></span> <span class='ocrx_word' id='word_1_473' title='bbox 1772 5628 1930 5676; x_wconf 62' lang='grc' dir='ltr'><strong>γει-διο</strong></span> 
     </span>
    </p>
   </div>
   <div class='ocr_carea' id='block_1_60' title="bbox 351 5674 1060 5742">
    <p class='ocr_par' dir='ltr' id='par_1_60' title="bbox 351 5674 1060 5742">
     <span class='ocr_line' id='line_1_60' title="bbox 351 5674 1060 5742; baseline -0.003 -20"><span class='ocrx_word' id='word_1_474' title='bbox 351 5677 534 5732; x_wconf 72' lang='lat' dir='ltr'><strong>optime</strong></span> <span class='ocrx_word' id='word_1_475' title='bbox 554 5677 756 5742; x_wconf 79' lang='lat' dir='ltr'><strong>quadrat</strong></span> <span class='ocrx_word' id='word_1_476' title='bbox 781 5674 838 5723; x_wconf 83' lang='lat' dir='ltr'><strong>ad</strong></span> <span class='ocrx_word' id='word_1_477' title='bbox 863 5685 1060 5721; x_wconf 73' lang='lat' dir='ltr'><strong>seriem.</strong></span> 
     </span>
    </p>
   </div>
   <div class='ocr_carea' id='block_1_61' title="bbox 1451 265 2598 328">
    <p class='ocr_par' dir='ltr' id='par_1_61' title="bbox 1451 265 2598 328">
     <span class='ocr_line' id='line_1_61' title="bbox 1451 265 2598 328; baseline -0.002 0"><span class='ocrx_word' id='word_1_478' title='bbox 1451 269 1808 328; x_wconf 71' lang='lat' dir='ltr'><strong>EXPOSITIO</strong></span> <span class='ocrx_word' id='word_1_479' title='bbox 1846 266 1910 324; x_wconf 78' lang='lat' dir='ltr'><strong>IN</strong></span> <span class='ocrx_word' id='word_1_480' title='bbox 1955 265 2272 325; x_wconf 68' lang='lat' dir='ltr'><strong>PSALMUM</strong></span> <span class='ocrx_word' id='word_1_481' title='bbox 2309 271 2598 328; x_wconf 70' lang='lat' dir='ltr'><strong>CXXXIV.</strong></span> 
     </span>
    </p>
   </div>
   <div class='ocr_carea' id='block_1_62' title="bbox 3510 291 3624 345">
    <p class='ocr_par' dir='ltr' id='par_1_62' title="bbox 3510 291 3624 345">
     <span class='ocr_line' id='line_1_62' title="bbox 3510 291 3624 345; baseline 0 0"><span class='ocrx_word' id='word_1_482' title='bbox 3510 291 3609 345; x_wconf 69' lang='lat'><strong>390</strong></span> <span class='ocrx_word' id='word_1_483' title='bbox 3621 298 3624 301; x_wconf 83' lang='grc'><strong>’</strong></span> 
     </span>
    </p>
   </div>
   <div class='ocr_carea' id='block_1_63' title="bbox 2039 375 3608 472">
    <p class='ocr_par' dir='ltr' id='par_1_63' title="bbox 2039 375 3608 472">
     <span class='ocr_line' id='line_1_63' title="bbox 2039 375 3608 472; baseline 0.017 -38"><span class='ocrx_word' id='word_1_484' title='bbox 2039 396 2144 437; x_wconf 90' lang='lat' dir='ltr'><strong>non</strong></span> <span class='ocrx_word' id='word_1_485' title='bbox 2177 391 2378 438; x_wconf 87' lang='lat' dir='ltr'><strong>tantum</strong></span> <span class='ocrx_word' id='word_1_486' title='bbox 2400 384 2501 440; x_wconf 80' lang='lat' dir='ltr'><strong>ﬁde</strong></span> <span class='ocrx_word' id='word_1_487' title='bbox 2527 386 2852 444; x_wconf 81' lang='lat' dir='ltr'><strong>ducebantur</strong></span> <span class='ocrx_word' id='word_1_488' title='bbox 2873 394 2936 445; x_wconf 87' lang='lat' dir='ltr'><strong>ad</strong></span> <span class='ocrx_word' id='word_1_489' title='bbox 2964 410 3023 449; x_wconf 86' lang='lat' dir='ltr'><strong>ea</strong></span> <span class='ocrx_word' id='word_1_490' title='bbox 3041 375 3329 468; x_wconf 70' lang='lat' dir='ltr'><strong>cogitanda</strong></span> <span class='ocrx_word' id='word_1_491' title='bbox 3357 418 3477 472; x_wconf 68' lang='lat' dir='ltr'><strong>qua:</strong></span> <span class='ocrx_word' id='word_1_492' title='bbox 3503 421 3608 460; x_wconf 86' lang='lat' dir='ltr'><strong>nou</strong></span> 
     </span>
    </p>
   </div>
   <div class='ocr_carea' id='block_1_64' title="bbox 2034 473 3608 556">
    <p class='ocr_par' dir='ltr' id='par_1_64' title="bbox 2034 473 3608 556">
     <span class='ocr_line' id='line_1_64' title="bbox 2034 473 3608 556; baseline 0.014 -29"><span class='ocrx_word' id='word_1_493' title='bbox 2034 473 2380 542; x_wconf 83' lang='lat' dir='ltr'><strong>apparebant,</strong></span> <span class='ocrx_word' id='word_1_494' title='bbox 2414 487 2668 545; x_wconf 87' lang='lat' dir='ltr'><strong>quantum</strong></span> <span class='ocrx_word' id='word_1_495' title='bbox 2696 494 2758 533; x_wconf 85' lang='lat' dir='ltr'><strong>cx</strong></span> <span class='ocrx_word' id='word_1_496' title='bbox 2808 481 2871 535; x_wconf 91' lang='lat' dir='ltr'><strong>iis</strong></span> <span class='ocrx_word' id='word_1_497' title='bbox 2909 497 3028 551; x_wconf 81' lang='lat' dir='ltr'><strong>quae</strong></span> <span class='ocrx_word' id='word_1_498' title='bbox 3073 491 3396 556; x_wconf 84' lang='lat' dir='ltr'><strong>apparebant</strong></span> <span class='ocrx_word' id='word_1_499' title='bbox 3443 495 3608 549; x_wconf 89' lang='lat' dir='ltr'><strong>veluti</strong></span> 
     </span>
    </p>
   </div>
   <div class='ocr_carea' id='block_1_65' title="bbox 2036 563 3609 640">
    <p class='ocr_par' dir='ltr' id='par_1_65' title="bbox 2036 563 3609 640">
     <span class='ocr_line' id='line_1_65' title="bbox 2036 563 3609 640; baseline 0.015 -24"><span class='ocrx_word' id='word_1_500' title='bbox 2036 579 2195 616; x_wconf 87' lang='lat' dir='ltr'><strong>manu</strong></span> <span class='ocrx_word' id='word_1_501' title='bbox 2227 563 2555 620; x_wconf 90' lang='lat' dir='ltr'><strong>ducebantur</strong></span> <span class='ocrx_word' id='word_1_502' title='bbox 2586 583 2599 617; x_wconf 96' lang='lat'>:</span> <span class='ocrx_word' id='word_1_503' title='bbox 2633 569 2698 624; x_wconf 88' lang='lat' dir='ltr'><strong>ab</strong></span> <span class='ocrx_word' id='word_1_504' title='bbox 2729 570 2794 622; x_wconf 91' lang='lat' dir='ltr'><strong>iis</strong></span> <span class='ocrx_word' id='word_1_505' title='bbox 2817 567 2997 640; x_wconf 89' lang='lat' dir='ltr'><strong>incipit</strong></span> <span class='ocrx_word' id='word_1_506' title='bbox 3030 582 3208 631; x_wconf 79' lang='lat' dir='ltr'><strong>texere</strong></span> <span class='ocrx_word' id='word_1_507' title='bbox 3236 581 3527 636; x_wconf 90' lang='lat' dir='ltr'><strong>orationem</strong></span> <span class='ocrx_word' id='word_1_508' title='bbox 3557 595 3609 639; x_wconf 90' lang='lat' dir='ltr'><strong>et</strong></span> 
     </span>
    </p>
   </div>
   <div class='ocr_carea' id='block_1_66' title="bbox 2033 655 3607 740">
    <p class='ocr_par' dir='ltr' id='par_1_66' title="bbox 2033 655 3607 740">
     <span class='ocr_line' id='line_1_66' title="bbox 2033 655 3607 740; baseline 0.013 -31"><span class='ocrx_word' id='word_1_509' title='bbox 2033 655 2350 720; x_wconf 86' lang='lat' dir='ltr'><strong>doctrinam,</strong></span> <span class='ocrx_word' id='word_1_510' title='bbox 2385 659 2523 726; x_wconf 90' lang='lat' dir='ltr'><strong>quod</strong></span> <span class='ocrx_word' id='word_1_511' title='bbox 2551 659 2666 712; x_wconf 89' lang='lat' dir='ltr'><strong>aliis</strong></span> <span class='ocrx_word' id='word_1_512' title='bbox 2715 660 3008 716; x_wconf 86' lang='lat' dir='ltr'><strong>faciendum</strong></span> <span class='ocrx_word' id='word_1_513' title='bbox 3037 666 3224 720; x_wconf 87' lang='lat' dir='ltr'><strong>suadet</strong></span> <span class='ocrx_word' id='word_1_514' title='bbox 3253 669 3354 723; x_wconf 87' lang='lat' dir='ltr'><strong>hoc</strong></span> <span class='ocrx_word' id='word_1_515' title='bbox 3397 682 3451 726; x_wconf 87' lang='lat' dir='ltr'><strong>et</strong></span> <span class='ocrx_word' id='word_1_516' title='bbox 3494 675 3607 740; x_wconf 73' lang='lat' dir='ltr'><strong>ipse</strong></span> 
     </span>
    </p>
   </div>
   <div class='ocr_carea' id='block_1_67' title="bbox 2030 743 3605 827">
    <p class='ocr_par' dir='ltr' id='par_1_67' title="bbox 2030 743 3605 827">
     <span class='ocr_line' id='line_1_67' title="bbox 2030 743 3605 827; baseline 0.013 -29"><span class='ocrx_word' id='word_1_517' title='bbox 2030 743 2250 800; x_wconf 83' lang='lat' dir='ltr'><strong>faciens.</strong></span> <span class='ocrx_word' id='word_1_518' title='bbox 2277 749 2551 814; x_wconf 89' lang='lat' dir='ltr'><strong>Quodnam</strong></span> <span class='ocrx_word' id='word_1_519' title='bbox 2581 750 2713 805; x_wconf 87' lang='lat' dir='ltr'><strong>hoc?</strong></span> <span class='ocrx_word' id='word_1_520' title='bbox 2759 753 2919 806; x_wconf 87' lang='lat' dir='ltr'><strong>Detnn</strong></span> <span class='ocrx_word' id='word_1_521' title='bbox 2961 769 3022 808; x_wconf 83' lang='lat' dir='ltr'><strong>ex</strong></span> <span class='ocrx_word' id='word_1_522' title='bbox 3066 756 3181 824; x_wconf 83' lang='lat' dir='ltr'><strong>ejus</strong></span> <span class='ocrx_word' id='word_1_523' title='bbox 3209 761 3458 827; x_wconf 85' lang='lat' dir='ltr'><strong>cperihus</strong></span> <span class='ocrx_word' id='word_1_524' title='bbox 3490 765 3605 818; x_wconf 86' lang='lat' dir='ltr'><strong>lau-</strong></span> 
     </span>
    </p>
   </div>
   <div class='ocr_carea' id='block_1_68' title="bbox 2028 833 3606 922">
    <p class='ocr_par' dir='ltr' id='par_1_68' title="bbox 2028 833 3606 922">
     <span class='ocr_line' id='line_1_68' title="bbox 2028 833 3606 922; baseline 0.011 -32"><span class='ocrx_word' id='word_1_525' title='bbox 2028 833 2175 903; x_wconf 87' lang='lat' dir='ltr'><strong>dare,</strong></span> <span class='ocrx_word' id='word_1_526' title='bbox 2209 855 2328 892; x_wconf 90' lang='lat' dir='ltr'><strong>eum</strong></span> <span class='ocrx_word' id='word_1_527' title='bbox 2357 843 2444 910; x_wconf 92' lang='lat' dir='ltr'><strong>qni</strong></span> <span class='ocrx_word' id='word_1_528' title='bbox 2493 844 2694 910; x_wconf 79' lang='lat' dir='ltr'><strong>singula</strong></span> <span class='ocrx_word' id='word_1_529' title='bbox 2735 844 2849 912; x_wconf 85' lang='lat' dir='ltr'><strong>ejus</strong></span> <span class='ocrx_word' id='word_1_530' title='bbox 2887 861 3046 914; x_wconf 89' lang='lat' dir='ltr'><strong>opera</strong></span> <span class='ocrx_word' id='word_1_531' title='bbox 3075 847 3317 903; x_wconf 89' lang='lat' dir='ltr'><strong>didicerit</strong></span> <span class='ocrx_word' id='word_1_532' title='bbox 3343 893 3358 916; x_wconf 98' lang='lat'><strong>,</strong></span> <span class='ocrx_word' id='word_1_533' title='bbox 3401 852 3606 922; x_wconf 80' lang='lat' dir='ltr'><strong>ipsique</strong></span> 
     </span>
    </p>
   </div>
   <div class='ocr_carea' id='block_1_69' title="bbox 2030 928 3604 1002">
    <p class='ocr_par' dir='ltr' id='par_1_69' title="bbox 2030 928 3604 1002">
     <span class='ocr_line' id='line_1_69' title="bbox 2030 928 3604 1002; baseline 0.013 -25"><span class='ocrx_word' id='word_1_534' title='bbox 2030 941 2126 993; x_wconf 88' lang='lat' dir='ltr'><strong>pro</strong></span> <span class='ocrx_word' id='word_1_535' title='bbox 2145 928 2368 998; x_wconf 79' lang='lat' dir='ltr'><strong>singulis</strong></span> <span class='ocrx_word' id='word_1_536' title='bbox 2391 931 2613 1000; x_wconf 80' lang='lat' dir='ltr'><strong>gloriam</strong></span> <span class='ocrx_word' id='word_1_537' title='bbox 2645 934 2858 988; x_wconf 82' lang='lat' dir='ltr'><strong>referre.</strong></span> <span class='ocrx_word' id='word_1_538' title='bbox 2885 935 3015 1002; x_wconf 89' lang='lat' dir='ltr'><strong>Quia</strong></span> <span class='ocrx_word' id='word_1_539' title='bbox 3046 941 3184 992; x_wconf 89' lang='lat' dir='ltr'><strong>enim</strong></span> <span class='ocrx_word' id='word_1_540' title='bbox 3209 941 3275 993; x_wconf 85' lang='lat' dir='ltr'><strong>ad</strong></span> <span class='ocrx_word' id='word_1_541' title='bbox 3315 931 3434 996; x_wconf 85' lang='lat' dir='ltr'><strong>eum</strong></span> <span class='ocrx_word' id='word_1_542' title='bbox 3489 945 3604 998; x_wconf 82' lang='lat' dir='ltr'><strong>lau-</strong></span> 
     </span>
    </p>
   </div>
   <div class='ocr_carea' id='block_1_70' title="bbox 2026 1014 3601 1090">
    <p class='ocr_par' dir='ltr' id='par_1_70' title="bbox 2026 1014 3601 1090">
     <span class='ocr_line' id='line_1_70' title="bbox 2026 1014 3601 1090; baseline 0.013 -21"><span class='ocrx_word' id='word_1_543' title='bbox 2026 1014 2256 1072; x_wconf 88' lang='lat' dir='ltr'><strong>dandttm</strong></span> <span class='ocrx_word' id='word_1_544' title='bbox 2288 1019 2597 1086; x_wconf 86' lang='lat' dir='ltr'><strong>adhortans,</strong></span> <span class='ocrx_word' id='word_1_545' title='bbox 2637 1023 2849 1079; x_wconf 84' lang='lat' dir='ltr'><strong>assidue</strong></span> <span class='ocrx_word' id='word_1_546' title='bbox 2878 1026 3086 1080; x_wconf 86' lang='lat' dir='ltr'><strong>dicebat</strong></span> <span class='ocrx_word' id='word_1_547' title='bbox 3117 1046 3129 1082; x_wconf 90' lang='lat'>:</span> <span class='ocrx_word' id='word_1_548' title='bbox 3161 1027 3391 1086; x_wconf 79' lang='lat' dir='ltr'><strong>Laudate</strong></span> <span class='ocrx_word' id='word_1_549' title='bbox 3423 1050 3601 1090; x_wconf 82' lang='lat' dir='ltr'><strong>nomen</strong></span> 
     </span>
    </p>
   </div>
   <div class='ocr_carea' id='block_1_71' title="bbox 2029 1107 3602 1194">
    <p class='ocr_par' dir='ltr' id='par_1_71' title="bbox 2029 1107 3602 1194">
     <span class='ocr_line' id='line_1_71' title="bbox 2029 1107 3602 1194; baseline 0.012 -33"><span class='ocrx_word' id='word_1_550' title='bbox 2029 1107 2254 1177; x_wconf 81' lang='lat' dir='ltr'><strong>Domini,</strong></span> <span class='ocrx_word' id='word_1_551' title='bbox 2280 1112 2499 1178; x_wconf 84' lang='lat' dir='ltr'><strong>laudate,</strong></span> <span class='ocrx_word' id='word_1_552' title='bbox 2522 1115 2668 1177; x_wconf 80' lang='lat' dir='ltr'><strong>servi,</strong></span> <span class='ocrx_word' id='word_1_553' title='bbox 2698 1115 2964 1170; x_wconf 87' lang='lat' dir='ltr'><strong>Dominmn</strong></span> <span class='ocrx_word' id='word_1_554' title='bbox 2992 1135 3010 1171; x_wconf 94' lang='lat'><em>:</em></span> <span class='ocrx_word' id='word_1_555' title='bbox 3035 1122 3267 1174; x_wconf 80' lang='lat' dir='ltr'><strong>ostendit</strong></span> <span class='ocrx_word' id='word_1_556' title='bbox 3287 1125 3444 1178; x_wconf 87' lang='lat' dir='ltr'><strong>etiam</strong></span> <span class='ocrx_word' id='word_1_557' title='bbox 3471 1144 3602 1194; x_wconf 88' lang='lat' dir='ltr'><strong>quo-</strong></span> 
     </span>
    </p>
   </div>
   <div class='ocr_carea' id='block_1_72' title="bbox 2028 1199 3596 1276">
    <p class='ocr_par' dir='ltr' id='par_1_72' title="bbox 2028 1199 3596 1276">
     <span class='ocr_line' id='line_1_72' title="bbox 2028 1199 3596 1276; baseline 0.012 -25"><span class='ocrx_word' id='word_1_558' title='bbox 2028 1199 2188 1254; x_wconf 86' lang='lat' dir='ltr'><strong>modo</strong></span> <span class='ocrx_word' id='word_1_559' title='bbox 2217 1201 2430 1256; x_wconf 87' lang='lat' dir='ltr'><strong>laudare</strong></span> <span class='ocrx_word' id='word_1_560' title='bbox 2459 1213 2718 1270; x_wconf 85' lang='lat' dir='ltr'><strong>oporteat,</strong></span> <span class='ocrx_word' id='word_1_561' title='bbox 2749 1209 3115 1276; x_wconf 80' lang='lat' dir='ltr'><strong>persequendo</strong></span> <span class='ocrx_word' id='word_1_562' title='bbox 3143 1212 3444 1266; x_wconf 82' lang='lat' dir='ltr'><strong>universum</strong></span> <span class='ocrx_word' id='word_1_563' title='bbox 3477 1230 3596 1270; x_wconf 89' lang='lat' dir='ltr'><strong>cor-</strong></span> 
     </span>
    </p>
   </div>
   <div class='ocr_carea' id='block_1_73' title="bbox 2025 1295 3596 1373">
    <p class='ocr_par' dir='ltr' id='par_1_73' title="bbox 2025 1295 3596 1373">
     <span class='ocr_line' id='line_1_73' title="bbox 2025 1295 3596 1373; baseline 0.011 -31"><span class='ocrx_word' id='word_1_564' title='bbox 2025 1305 2124 1358; x_wconf 89' lang='lat' dir='ltr'><strong>pus</strong></span> <span class='ocrx_word' id='word_1_565' title='bbox 2164 1302 2441 1359; x_wconf 69' lang='lat' dir='ltr'><strong>creatnrze,</strong></span> <span class='ocrx_word' id='word_1_566' title='bbox 2469 1295 2763 1362; x_wconf 89' lang='lat' dir='ltr'><strong>laudando,</strong></span> <span class='ocrx_word' id='word_1_567' title='bbox 2795 1309 2846 1352; x_wconf 91' lang='lat' dir='ltr'><strong>ct</strong></span> <span class='ocrx_word' id='word_1_568' title='bbox 2871 1299 3185 1357; x_wconf 86' lang='lat' dir='ltr'><strong>admirando</strong></span> <span class='ocrx_word' id='word_1_569' title='bbox 3210 1305 3224 1335; x_wconf 87' lang='grc'>¹</span> <span class='ocrx_word' id='word_1_570' title='bbox 3253 1306 3596 1373; x_wconf 79' lang='lat' dir='ltr'><strong>sapientiam,</strong></span> 
     </span>
    </p>
   </div>
   <div class='ocr_carea' id='block_1_74' title="bbox 2027 1381 3600 1453">
    <p class='ocr_par' dir='ltr' id='par_1_74' title="bbox 2027 1381 3600 1453">
     <span class='ocr_line' id='line_1_74' title="bbox 2027 1381 3600 1453; baseline 0.011 -21"><span class='ocrx_word' id='word_1_571' title='bbox 2027 1381 2434 1449; x_wconf 84' lang='lat' dir='ltr'><strong>providentiam,</strong></span> <span class='ocrx_word' id='word_1_572' title='bbox 2457 1387 2780 1453; x_wconf 72' lang='lat' dir='ltr'><strong>potentiam,</strong></span> <span class='ocrx_word' id='word_1_573' title='bbox 2819 1404 3020 1444; x_wconf 89' lang='lat' dir='ltr'><strong>curam.</strong></span> <span class='ocrx_word' id='word_1_574' title='bbox 3047 1393 3180 1448; x_wconf 84' lang='lat' dir='ltr'><strong>liinc</strong></span> <span class='ocrx_word' id='word_1_575' title='bbox 3208 1394 3459 1451; x_wconf 90' lang='lat' dir='ltr'><strong>discimus</strong></span> <span class='ocrx_word' id='word_1_576' title='bbox 3492 1411 3600 1450; x_wconf 88' lang='lat' dir='ltr'><strong>non</strong></span> 
     </span>
    </p>
   </div>
   <div class='ocr_carea' id='block_1_75' title="bbox 2023 1470 3594 1552">
    <p class='ocr_par' dir='ltr' id='par_1_75' title="bbox 2023 1470 3594 1552">
     <span class='ocr_line' id='line_1_75' title="bbox 2023 1470 3594 1552; baseline 0.011 -25"><span class='ocrx_word' id='word_1_577' title='bbox 2023 1489 2142 1528; x_wconf 89' lang='lat' dir='ltr'><strong>esse</strong></span> <span class='ocrx_word' id='word_1_578' title='bbox 2175 1475 2272 1530; x_wconf 93' lang='lat' dir='ltr'><strong>boc</strong></span> <span class='ocrx_word' id='word_1_579' title='bbox 2294 1477 2464 1530; x_wconf 90' lang='lat' dir='ltr'><strong>solum</strong></span> <span class='ocrx_word' id='word_1_580' title='bbox 2496 1489 2730 1532; x_wconf 85' lang='lat' dir='ltr'><strong>nostrum</strong></span> <span class='ocrx_word' id='word_1_581' title='bbox 2761 1497 2925 1543; x_wconf 88' lang='lat' dir='ltr'><strong>mare.</strong></span> <span class='ocrx_word' id='word_1_582' title='bbox 2954 1484 3046 1538; x_wconf 91' lang='lat' dir='ltr'><strong>sed</strong></span> <span class='ocrx_word' id='word_1_583' title='bbox 3080 1487 3239 1540; x_wconf 86' lang='lat' dir='ltr'><strong>multa</strong></span> <span class='ocrx_word' id='word_1_584' title='bbox 3287 1499 3340 1541; x_wconf 85' lang='lat' dir='ltr'><strong>et</strong></span> <span class='ocrx_word' id='word_1_585' title='bbox 3363 1470 3594 1552; x_wconf 82' lang='lat' dir='ltr'><strong>diversa.</strong></span> 
     </span>
    </p>
   </div>
   <div class='ocr_carea' id='block_1_76' title="bbox 2021 1565 3595 1635">
    <p class='ocr_par' dir='ltr' id='par_1_76' title="bbox 2021 1565 3595 1635">
     <span class='ocr_line' id='line_1_76' title="bbox 2021 1565 3595 1635; baseline 0.009 -16"><span class='ocrx_word' id='word_1_586' title='bbox 2021 1575 2074 1619; x_wconf 91' lang='lat' dir='ltr'><strong>et</strong></span> <span class='ocrx_word' id='word_1_587' title='bbox 2097 1565 2292 1619; x_wconf 75' lang='lat' dir='ltr'><strong>infinita</strong></span> <span class='ocrx_word' id='word_1_588' title='bbox 2325 1569 2507 1621; x_wconf 87' lang='lat' dir='ltr'><strong>maria.</strong></span> <span class='ocrx_word' id='word_1_589' title='bbox 2543 1569 2681 1623; x_wconf 83' lang='lat' dir='ltr'><strong>Dixit</strong></span> <span class='ocrx_word' id='word_1_590' title='bbox 2711 1572 2848 1624; x_wconf 89' lang='lat' dir='ltr'><strong>enim</strong></span> <span class='ocrx_word' id='word_1_591' title='bbox 2871 1615 2884 1635; x_wconf 86' lang='lat'><strong>,</strong></span> <span class='ocrx_word' id='word_1_592' title='bbox 2927 1573 2992 1627; x_wconf 83' lang='lat' dir='ltr'><strong>In</strong></span> <span class='ocrx_word' id='word_1_593' title='bbox 3021 1578 3243 1631; x_wconf 87' lang='lat' dir='ltr'><strong>maribus</strong></span> <span class='ocrx_word' id='word_1_594' title='bbox 3287 1589 3331 1632; x_wconf 86' lang='lat' dir='ltr'><strong>et</strong></span> <span class='ocrx_word' id='word_1_595' title='bbox 3366 1581 3595 1634; x_wconf 79' lang='lat' dir='ltr'><strong>omnibus</strong></span> 
     </span>
    </p>
   </div>
   <div class='ocr_carea' id='block_1_77' title="bbox 2019 1655 3597 1726">
    <p class='ocr_par' dir='ltr' id='par_1_77' title="bbox 2019 1655 3597 1726">
     <span class='ocr_line' id='line_1_77' title="bbox 2019 1655 3597 1726; baseline 0.009 -20"><span class='ocrx_word' id='word_1_596' title='bbox 2019 1655 2230 1724; x_wconf 80' lang='lat' dir='ltr'><strong>abyssis.</strong></span> <span class='ocrx_word' id='word_1_597' title='bbox 2263 1655 2512 1726; x_wconf 89' lang='lat' dir='ltr'><strong>Caspium</strong></span> <span class='ocrx_word' id='word_1_598' title='bbox 2535 1660 2695 1716; x_wconf 88' lang='lat' dir='ltr'><strong>enim.</strong></span> <span class='ocrx_word' id='word_1_599' title='bbox 2716 1670 2767 1715; x_wconf 89' lang='lat' dir='ltr'><strong>et</strong></span> <span class='ocrx_word' id='word_1_600' title='bbox 2788 1662 3020 1717; x_wconf 92' lang='lat' dir='ltr'><strong>Indicum</strong></span> <span class='ocrx_word' id='word_1_601' title='bbox 3039 1673 3092 1719; x_wconf 90' lang='lat' dir='ltr'><strong>et</strong></span> <span class='ocrx_word' id='word_1_602' title='bbox 3116 1665 3351 1720; x_wconf 81' lang='lat' dir='ltr'><strong>Rubrum</strong></span> <span class='ocrx_word' id='word_1_603' title='bbox 3383 1681 3504 1722; x_wconf 87' lang='lat' dir='ltr'><strong>sunt</strong></span> <span class='ocrx_word' id='word_1_604' title='bbox 3529 1673 3597 1722; x_wconf 81' lang='lat' dir='ltr'><strong>ab</strong></span> 
     </span>
    </p>
   </div>
   <div class='ocr_carea' id='block_1_78' title="bbox 2017 1744 3592 1824">
    <p class='ocr_par' dir='ltr' id='par_1_78' title="bbox 2017 1744 3592 1824">
     <span class='ocr_line' id='line_1_78' title="bbox 2017 1744 3592 1824; baseline 0.011 -26"><span class='ocrx_word' id='word_1_605' title='bbox 2017 1744 2120 1800; x_wconf 91' lang='lat' dir='ltr'><strong>boc</strong></span> <span class='ocrx_word' id='word_1_606' title='bbox 2149 1747 2328 1811; x_wconf 85' lang='lat' dir='ltr'><strong>utique</strong></span> <span class='ocrx_word' id='word_1_607' title='bbox 2354 1747 2638 1816; x_wconf 87' lang='lat' dir='ltr'><strong>disjuncta,</strong></span> <span class='ocrx_word' id='word_1_608' title='bbox 2670 1761 2724 1804; x_wconf 86' lang='lat' dir='ltr'><strong>et</strong></span> <span class='ocrx_word' id='word_1_609' title='bbox 2749 1750 2990 1806; x_wconf 81' lang='lat' dir='ltr'><strong>Oceanus</strong></span> <span class='ocrx_word' id='word_1_610' title='bbox 3015 1756 3103 1824; x_wconf 92' lang='lat' dir='ltr'><strong>qui</strong></span> <span class='ocrx_word' id='word_1_611' title='bbox 3135 1756 3298 1811; x_wconf 89' lang='lat' dir='ltr'><strong>ambit</strong></span> <span class='ocrx_word' id='word_1_612' title='bbox 3330 1763 3592 1816; x_wconf 70' lang='lat' dir='ltr'><strong>extrinse-</strong></span> 
     </span>
    </p>
   </div>
   <div class='ocr_carea' id='block_1_79' title="bbox 2017 1837 3594 1911">
    <p class='ocr_par' dir='ltr' id='par_1_79' title="bbox 2017 1837 3594 1911">
     <span class='ocr_line' id='line_1_79' title="bbox 2017 1837 3594 1911; baseline 0.01 -20"><span class='ocrx_word' id='word_1_613' title='bbox 2017 1851 2133 1891; x_wconf 89' lang='lat' dir='ltr'><strong>cus.</strong></span> <span class='ocrx_word' id='word_1_614' title='bbox 2163 1838 2213 1890; x_wconf 89' lang='lat'><strong>7.</strong></span> <span class='ocrx_word' id='word_1_615' title='bbox 2247 1837 2482 1893; x_wconf 85' lang='lat' dir='ltr'><strong>Educens</strong></span> <span class='ocrx_word' id='word_1_616' title='bbox 2506 1840 2659 1893; x_wconf 89' lang='lat' dir='ltr'><strong>nubes</strong></span> <span class='ocrx_word' id='word_1_617' title='bbox 2687 1840 2747 1894; x_wconf 83' lang='lat' dir='ltr'><strong>ab</strong></span> <span class='ocrx_word' id='word_1_618' title='bbox 2768 1851 2984 1897; x_wconf 73' lang='lat' dir='ltr'><strong>extremo</strong></span> <span class='ocrx_word' id='word_1_619' title='bbox 3010 1854 3170 1900; x_wconf 73' lang='lat' dir='ltr'><strong>term.</strong></span> <span class='ocrx_word' id='word_1_620' title='bbox 3203 1849 3369 1911; x_wconf 79' lang='lat' dir='ltr'><strong>Alius,</strong></span> <span class='ocrx_word' id='word_1_621' title='bbox 3391 1850 3594 1906; x_wconf 67' lang='lat' dir='ltr'><strong>Sustul-</strong></span> 
     </span>
    </p>
   </div>
   <div class='ocr_carea' id='block_1_80' title="bbox 2018 1927 3590 2010">
    <p class='ocr_par' dir='ltr' id='par_1_80' title="bbox 2018 1927 3590 2010">
     <span class='ocr_line' id='line_1_80' title="bbox 2018 1927 3590 2010; baseline 0.011 -32"><span class='ocrx_word' id='word_1_622' title='bbox 2018 1927 2143 1980; x_wconf 86' lang='lat' dir='ltr'><strong>lens.</strong></span> <span class='ocrx_word' id='word_1_623' title='bbox 2173 1929 2340 2001; x_wconf 85' lang='lat' dir='ltr'><strong>Alius,</strong></span> <span class='ocrx_word' id='word_1_624' title='bbox 2371 1929 2589 1984; x_wconf 77' lang='lat' dir='ltr'><strong>Altraltit</strong></span> <span class='ocrx_word' id='word_1_625' title='bbox 2618 1930 2679 1983; x_wconf 90' lang='lat' dir='ltr'><strong>ab</strong></span> <span class='ocrx_word' id='word_1_626' title='bbox 2695 1934 2928 1985; x_wconf 77' lang='lat' dir='ltr'><strong>extremis</strong></span> <span class='ocrx_word' id='word_1_627' title='bbox 2954 1935 3157 2002; x_wconf 77' lang='lat' dir='ltr'><strong>ﬁnibus.</strong></span> <span class='ocrx_word' id='word_1_628' title='bbox 3186 1937 3354 2006; x_wconf 80' lang='lat' dir='ltr'><strong>Alius,</strong></span> <span class='ocrx_word' id='word_1_629' title='bbox 3397 1941 3441 1994; x_wconf 83' lang='grc' dir='ltr'><em>Α</em></span> <span class='ocrx_word' id='word_1_630' title='bbox 3469 1945 3590 2010; x_wconf 82' lang='lat' dir='ltr'><strong>ﬁni-</strong></span> 
     </span>
    </p>
   </div>
   <div class='ocr_carea' id='block_1_81' title="bbox 2018 2017 3594 2100">
    <p class='ocr_par' dir='ltr' id='par_1_81' title="bbox 2018 2017 3594 2100">
     <span class='ocr_line' id='line_1_81' title="bbox 2018 2017 3594 2100; baseline 0.011 -32"><span class='ocrx_word' id='word_1_631' title='bbox 2018 2017 2109 2070; x_wconf 87' lang='lat' dir='ltr'><strong>bus</strong></span> <span class='ocrx_word' id='word_1_632' title='bbox 2141 2017 2235 2087; x_wconf 87' lang='lat' dir='ltr'><strong>(a).</strong></span> <span class='ocrx_word' id='word_1_633' title='bbox 2263 2019 2372 2073; x_wconf 93' lang='lat' dir='ltr'><strong>lloc</strong></span> <span class='ocrx_word' id='word_1_634' title='bbox 2397 2021 2552 2074; x_wconf 85' lang='lat' dir='ltr'><strong>etiam</strong></span> <span class='ocrx_word' id='word_1_635' title='bbox 2584 2021 2634 2073; x_wconf 88' lang='lat' dir='ltr'><strong>in</strong></span> <span class='ocrx_word' id='word_1_636' title='bbox 2660 2021 2761 2076; x_wconf 84' lang='lat' dir='ltr'><strong>Job</strong></span> <span class='ocrx_word' id='word_1_637' title='bbox 2787 2022 2984 2077; x_wconf 85' lang='lat' dir='ltr'><strong>dictum</strong></span> <span class='ocrx_word' id='word_1_638' title='bbox 3017 2034 3095 2079; x_wconf 90' lang='lat' dir='ltr'><strong>est</strong></span> <span class='ocrx_word' id='word_1_639' title='bbox 3117 2045 3129 2079; x_wconf 86' lang='lat'><strong>:</strong></span> <span class='ocrx_word' id='word_1_640' title='bbox 3153 2025 3380 2098; x_wconf 82' lang='lat' dir='ltr'><strong>Alligans</strong></span> <span class='ocrx_word' id='word_1_641' title='bbox 3409 2017 3594 2100; x_wconf 74' lang='lat' dir='ltr'><strong>aquam</strong></span> 
     </span>
    </p>
   </div>
   <div class='ocr_carea' id='block_1_82' title="bbox 2016 2111 3592 2184">
    <p class='ocr_par' dir='ltr' id='par_1_82' title="bbox 2016 2111 3592 2184">
     <span class='ocr_line' id='line_1_82' title="bbox 2016 2111 3592 2184; baseline 0.012 -24"><span class='ocrx_word' id='word_1_642' title='bbox 2016 2111 2067 2161; x_wconf 89' lang='lat' dir='ltr'><strong>in</strong></span> <span class='ocrx_word' id='word_1_643' title='bbox 2107 2111 2314 2164; x_wconf 86' lang='lat' dir='ltr'><strong>nubibus</strong></span> <span class='ocrx_word' id='word_1_644' title='bbox 2344 2113 2446 2166; x_wconf 87' lang='lat' dir='ltr'><strong>suis</strong></span> <span class='ocrx_word' id='word_1_645' title='bbox 2491 2112 2635 2176; x_wconf 84' lang='lat' dir='ltr'><strong>(Job.</strong></span> <span class='ocrx_word' id='word_1_646' title='bbox 2665 2113 2754 2166; x_wconf 71' lang='grc'><strong>26.</strong></span> <span class='ocrx_word' id='word_1_647' title='bbox 2797 2114 2874 2184; x_wconf 89' lang='grc'><strong>8).</strong></span> <span class='ocrx_word' id='word_1_648' title='bbox 2905 2115 2973 2169; x_wconf 86' lang='lat' dir='ltr'><strong>Et</strong></span> <span class='ocrx_word' id='word_1_649' title='bbox 3013 2116 3260 2173; x_wconf 89' lang='lat' dir='ltr'><strong>Salomon</strong></span> <span class='ocrx_word' id='word_1_650' title='bbox 3285 2139 3300 2174; x_wconf 88' lang='lat'><strong>:</strong></span> <span class='ocrx_word' id='word_1_651' title='bbox 3324 2119 3592 2179; x_wconf 79' lang='lat' dir='ltr'><strong>Contincus</strong></span> 
     </span>
    </p>
   </div>
   <div class='ocr_carea' id='block_1_83' title="bbox 2015 2203 3588 2278">
    <p class='ocr_par' dir='ltr' id='par_1_83' title="bbox 2015 2203 3588 2278">
     <span class='ocr_line' id='line_1_83' title="bbox 2015 2203 3588 2278; baseline 0.012 -27"><span class='ocrx_word' id='word_1_652' title='bbox 2015 2217 2198 2269; x_wconf 80' lang='lat' dir='ltr'><strong>aquam</strong></span> <span class='ocrx_word' id='word_1_653' title='bbox 2235 2203 2286 2254; x_wconf 87' lang='lat' dir='ltr'><strong>in</strong></span> <span class='ocrx_word' id='word_1_654' title='bbox 2335 2204 2620 2257; x_wconf 80' lang='lat' dir='ltr'><strong>vestimento</strong></span> <span class='ocrx_word' id='word_1_655' title='bbox 2648 2203 2840 2274; x_wconf 83' lang='lat' dir='ltr'><strong><em>(Prov.</em></strong></span> <span class='ocrx_word' id='word_1_656' title='bbox 2869 2205 2958 2261; x_wconf 79' lang='grc'>50.</span> <span class='ocrx_word' id='word_1_657' title='bbox 2992 2207 3084 2278; x_wconf 75' lang='grc'><strong>4).</strong></span> <span class='ocrx_word' id='word_1_658' title='bbox 3131 2209 3223 2263; x_wconf 77' lang='lat' dir='ltr'><strong>Hic</strong></span> <span class='ocrx_word' id='word_1_659' title='bbox 3263 2222 3438 2266; x_wconf 81' lang='lat' dir='ltr'><strong>autem</strong></span> <span class='ocrx_word' id='word_1_660' title='bbox 3483 2209 3517 2268; x_wconf 85' lang='lat' dir='ltr'><strong>n</strong></span> <span class='ocrx_word' id='word_1_661' title='bbox 3541 2235 3588 2270; x_wconf 72' lang='lat' dir='ltr'><strong>tn</strong></span> 
     </span>
    </p>
   </div>
   <div class='ocr_carea' id='block_1_84' title="bbox 2017 2291 3592 2371">
    <p class='ocr_par' dir='ltr' id='par_1_84' title="bbox 2017 2291 3592 2371">
     <span class='ocr_line' id='line_1_84' title="bbox 2017 2291 3592 2371; baseline 0.013 -29"><span class='ocrx_word' id='word_1_662' title='bbox 2017 2291 2118 2346; x_wconf 91' lang='lat' dir='ltr'><strong>hoc</strong></span> <span class='ocrx_word' id='word_1_663' title='bbox 2161 2293 2306 2357; x_wconf 82' lang='lat' dir='ltr'><strong>dicit,</strong></span> <span class='ocrx_word' id='word_1_664' title='bbox 2355 2294 2452 2348; x_wconf 90' lang='lat' dir='ltr'><strong>sed</strong></span> <span class='ocrx_word' id='word_1_665' title='bbox 2504 2295 2644 2348; x_wconf 88' lang='lat' dir='ltr'><strong>aliud</strong></span> <span class='ocrx_word' id='word_1_666' title='bbox 2677 2297 2937 2351; x_wconf 89' lang='lat' dir='ltr'><strong>mirabile.</strong></span> <span class='ocrx_word' id='word_1_667' title='bbox 2969 2298 3272 2364; x_wconf 81' lang='lat' dir='ltr'><strong>Quidnam?</strong></span> <span class='ocrx_word' id='word_1_668' title='bbox 3311 2304 3462 2371; x_wconf 90' lang='lat' dir='ltr'><strong>Quod</strong></span> <span class='ocrx_word' id='word_1_669' title='bbox 3499 2325 3592 2362; x_wconf 79' lang='lat' dir='ltr'><strong>at-r</strong></span> 
     </span>
    </p>
   </div>
   <div class='ocr_carea' id='block_1_85' title="bbox 2017 2384 3582 2451">
    <p class='ocr_par' dir='ltr' id='par_1_85' title="bbox 2017 2384 3582 2451">
     <span class='ocr_line' id='line_1_85' title="bbox 2017 2384 3582 2451; baseline 0.01 -17"><span class='ocrx_word' id='word_1_670' title='bbox 2017 2395 2136 2434; x_wconf 88' lang='lat' dir='ltr'><strong>eum</strong></span> <span class='ocrx_word' id='word_1_671' title='bbox 2167 2384 2400 2436; x_wconf 81' lang='lat' dir='ltr'><strong>crassior</strong></span> <span class='ocrx_word' id='word_1_672' title='bbox 2441 2385 2618 2449; x_wconf 78' lang='lat' dir='ltr'><strong>fuerit,</strong></span> <span class='ocrx_word' id='word_1_673' title='bbox 2662 2399 2874 2438; x_wconf 87' lang='lat' dir='ltr'><strong>sursum</strong></span> <span class='ocrx_word' id='word_1_674' title='bbox 2938 2387 3107 2442; x_wconf 82' lang='lat' dir='ltr'><strong>fertur</strong></span> <span class='ocrx_word' id='word_1_675' title='bbox 3159 2401 3212 2445; x_wconf 89' lang='lat' dir='ltr'><strong>et</strong></span> <span class='ocrx_word' id='word_1_676' title='bbox 3264 2397 3582 2451; x_wconf 86' lang='lat' dir='ltr'><strong>transmitti-</strong></span> 
     </span>
    </p>
   </div>
   <div class='ocr_carea' id='block_1_86' title="bbox 2017 2475 3586 2545">
    <p class='ocr_par' dir='ltr' id='par_1_86' title="bbox 2017 2475 3586 2545">
     <span class='ocr_line' id='line_1_86' title="bbox 2017 2475 3586 2545; baseline 0.01 -22"><span class='ocrx_word' id='word_1_677' title='bbox 2017 2479 2121 2534; x_wconf 88' lang='lat' dir='ltr'><strong>tur,</strong></span> <span class='ocrx_word' id='word_1_678' title='bbox 2171 2482 2223 2527; x_wconf 88' lang='lat' dir='ltr'><strong>et</strong></span> <span class='ocrx_word' id='word_1_679' title='bbox 2249 2475 2487 2528; x_wconf 86' lang='lat' dir='ltr'><strong>ascendit</strong></span> <span class='ocrx_word' id='word_1_680' title='bbox 2513 2476 2562 2528; x_wconf 92' lang='lat' dir='ltr'><strong>id</strong></span> <span class='ocrx_word' id='word_1_681' title='bbox 2593 2476 2731 2544; x_wconf 92' lang='lat' dir='ltr'><strong>quod</strong></span> <span class='ocrx_word' id='word_1_682' title='bbox 2758 2491 2917 2545; x_wconf 83' lang='lat' dir='ltr'><strong>grave</strong></span> <span class='ocrx_word' id='word_1_683' title='bbox 2942 2485 3023 2533; x_wconf 88' lang='lat' dir='ltr'><strong>est</strong></span> <span class='ocrx_word' id='word_1_684' title='bbox 3042 2521 3057 2545; x_wconf 95' lang='lat'><strong>,</strong></span> <span class='ocrx_word' id='word_1_685' title='bbox 3086 2480 3168 2534; x_wconf 82' lang='lat' dir='ltr'><strong>via</strong></span> <span class='ocrx_word' id='word_1_686' title='bbox 3207 2487 3469 2540; x_wconf 78' lang='lat' dir='ltr'><strong>contraria</strong></span> <span class='ocrx_word' id='word_1_687' title='bbox 3503 2489 3553 2542; x_wconf 83' lang='lat' dir='ltr'><strong>in</strong></span> <span class='ocrx_word' id='word_1_688' title='bbox 3573 2522 3586 2532; x_wconf 80' lang='lat'><strong><em>.</em></strong></span> 
     </span>
    </p>
   </div>
   <div class='ocr_carea' id='block_1_87' title="bbox 2013 2560 3587 2640">
    <p class='ocr_par' dir='ltr' id='par_1_87' title="bbox 2013 2560 3587 2640">
     <span class='ocr_line' id='line_1_87' title="bbox 2013 2560 3587 2640; baseline 0.012 -28"><span class='ocrx_word' id='word_1_689' title='bbox 2013 2560 2277 2628; x_wconf 79' lang='lat' dir='ltr'><strong>grediens.</strong></span> <span class='ocrx_word' id='word_1_690' title='bbox 2310 2564 2634 2619; x_wconf 80' lang='lat' dir='ltr'><strong>Admirabile</strong></span> <span class='ocrx_word' id='word_1_691' title='bbox 2657 2575 2833 2620; x_wconf 81' lang='lat' dir='ltr'><strong>autem</strong></span> <span class='ocrx_word' id='word_1_692' title='bbox 2861 2577 2942 2621; x_wconf 84' lang='lat' dir='ltr'><strong>est</strong></span> <span class='ocrx_word' id='word_1_693' title='bbox 2971 2570 3107 2636; x_wconf 88' lang='lat' dir='ltr'><strong>quod</strong></span> <span class='ocrx_word' id='word_1_694' title='bbox 3134 2586 3264 2640; x_wconf 88' lang='lat' dir='ltr'><strong>aqua</strong></span> <span class='ocrx_word' id='word_1_695' title='bbox 3292 2574 3341 2626; x_wconf 90' lang='lat' dir='ltr'><strong>in</strong></span> <span class='ocrx_word' id='word_1_696' title='bbox 3369 2589 3432 2628; x_wconf 88' lang='lat' dir='ltr'><strong>eo</strong></span> <span class='ocrx_word' id='word_1_697' title='bbox 3457 2591 3587 2630; x_wconf 87' lang='lat' dir='ltr'><strong>con-</strong></span> 
     </span>
    </p>
   </div>
   <div class='ocr_carea' id='block_1_88' title="bbox 2017 2649 3584 2734">
    <p class='ocr_par' dir='ltr' id='par_1_88' title="bbox 2017 2649 3584 2734">
     <span class='ocr_line' id='line_1_88' title="bbox 2017 2649 3584 2734; baseline 0.01 -30"><span class='ocrx_word' id='word_1_698' title='bbox 2017 2649 2248 2706; x_wconf 88' lang='lat' dir='ltr'><strong>tineatur</strong></span> <span class='ocrx_word' id='word_1_699' title='bbox 2278 2669 2291 2705; x_wconf 91' lang='lat'>:</span> <span class='ocrx_word' id='word_1_700' title='bbox 2324 2653 2414 2705; x_wconf 77' lang='lat' dir='ltr'><strong>sed</strong></span> <span class='ocrx_word' id='word_1_701' title='bbox 2467 2655 2634 2709; x_wconf 88' lang='lat' dir='ltr'><strong>multo</strong></span> <span class='ocrx_word' id='word_1_702' title='bbox 2673 2655 3058 2723; x_wconf 82' lang='lat' dir='ltr'><strong>admirabilius,</strong></span> <span class='ocrx_word' id='word_1_703' title='bbox 3086 2662 3222 2728; x_wconf 84' lang='lat' dir='ltr'><strong>quod</strong></span> <span class='ocrx_word' id='word_1_704' title='bbox 3258 2663 3306 2715; x_wconf 89' lang='lat' dir='ltr'><strong>in</strong></span> <span class='ocrx_word' id='word_1_705' title='bbox 3349 2679 3412 2716; x_wconf 92' lang='lat' dir='ltr'><strong>eo</strong></span> <span class='ocrx_word' id='word_1_706' title='bbox 3445 2667 3584 2734; x_wconf 89' lang='lat' dir='ltr'><strong>quod</strong></span> 
     </span>
    </p>
   </div>
   <div class='ocr_carea' id='block_1_89' title="bbox 2014 2741 3586 2821">
    <p class='ocr_par' dir='ltr' id='par_1_89' title="bbox 2014 2741 3586 2821">
     <span class='ocr_line' id='line_1_89' title="bbox 2014 2741 3586 2821; baseline 0.008 -26"><span class='ocrx_word' id='word_1_707' title='bbox 2014 2741 2130 2795; x_wconf 89' lang='lat' dir='ltr'><strong>leve</strong></span> <span class='ocrx_word' id='word_1_708' title='bbox 2176 2748 2263 2796; x_wconf 84' lang='lat' dir='ltr'><strong>est</strong></span> <span class='ocrx_word' id='word_1_709' title='bbox 2307 2751 2555 2797; x_wconf 88' lang='lat' dir='ltr'><strong>contenta</strong></span> <span class='ocrx_word' id='word_1_710' title='bbox 2607 2746 2848 2801; x_wconf 86' lang='lat' dir='ltr'><strong>feratur:</strong></span> <span class='ocrx_word' id='word_1_711' title='bbox 2883 2759 2938 2802; x_wconf 91' lang='lat' dir='ltr'><strong>et</strong></span> <span class='ocrx_word' id='word_1_712' title='bbox 2985 2751 3158 2804; x_wconf 88' lang='lat' dir='ltr'><strong>adhuc</strong></span> <span class='ocrx_word' id='word_1_713' title='bbox 3187 2752 3586 2821; x_wconf 85' lang='lat' dir='ltr'><strong>admirabilius,</strong></span> 
     </span>
    </p>
   </div>
   <div class='ocr_carea' id='block_1_90' title="bbox 2015 2829 3587 2912">
    <p class='ocr_par' dir='ltr' id='par_1_90' title="bbox 2015 2829 3587 2912">
     <span class='ocr_line' id='line_1_90' title="bbox 2015 2829 3587 2912; baseline 0.01 -31"><span class='ocrx_word' id='word_1_714' title='bbox 2015 2829 2155 2899; x_wconf 90' lang='lat' dir='ltr'><strong>quod</strong></span> <span class='ocrx_word' id='word_1_715' title='bbox 2185 2843 2320 2900; x_wconf 89' lang='lat' dir='ltr'><strong>aqua</strong></span> <span class='ocrx_word' id='word_1_716' title='bbox 2360 2847 2478 2899; x_wconf 70' lang='lat' dir='ltr'><strong>quae</strong></span> <span class='ocrx_word' id='word_1_717' title='bbox 2508 2833 2559 2886; x_wconf 92' lang='lat' dir='ltr'><strong>in</strong></span> <span class='ocrx_word' id='word_1_718' title='bbox 2601 2834 2692 2887; x_wconf 92' lang='lat' dir='ltr'><strong>illo</strong></span> <span class='ocrx_word' id='word_1_719' title='bbox 2718 2849 2840 2890; x_wconf 88' lang='lat' dir='ltr'><strong>aere</strong></span> <span class='ocrx_word' id='word_1_720' title='bbox 2879 2839 3216 2902; x_wconf 89' lang='lat' dir='ltr'><strong>continetur,</strong></span> <span class='ocrx_word' id='word_1_721' title='bbox 3250 2853 3525 2912; x_wconf 76' lang='lat' dir='ltr'><strong>postquam</strong></span> <span class='ocrx_word' id='word_1_722' title='bbox 3557 2862 3587 2897; x_wconf 89' lang='lat' dir='ltr'><strong>e</strong></span> 
     </span>
    </p>
   </div>
   <div class='ocr_carea' id='block_1_91' title="bbox 2015 2917 3587 3000">
    <p class='ocr_par' dir='ltr' id='par_1_91' title="bbox 2015 2917 3587 3000">
     <span class='ocr_line' id='line_1_91' title="bbox 2015 2917 3587 3000; baseline 0.01 -29"><span class='ocrx_word' id='word_1_723' title='bbox 2015 2917 2154 2972; x_wconf 89' lang='lat' dir='ltr'><strong>nube</strong></span> <span class='ocrx_word' id='word_1_724' title='bbox 2181 2918 2465 2985; x_wconf 80' lang='lat' dir='ltr'><strong>effluxerit,</strong></span> <span class='ocrx_word' id='word_1_725' title='bbox 2513 2921 2580 2976; x_wconf 88' lang='lat' dir='ltr'><strong>ab</strong></span> <span class='ocrx_word' id='word_1_726' title='bbox 2605 2937 2729 2978; x_wconf 90' lang='lat' dir='ltr'><strong>aere</strong></span> <span class='ocrx_word' id='word_1_727' title='bbox 2755 2925 2842 2992; x_wconf 91' lang='lat' dir='ltr'><strong>qui</strong></span> <span class='ocrx_word' id='word_1_728' title='bbox 2884 2929 3123 2996; x_wconf 89' lang='lat' dir='ltr'><strong>sequitur</strong></span> <span class='ocrx_word' id='word_1_729' title='bbox 3145 2970 3159 2991; x_wconf 96' lang='lat'><strong>,</strong></span> <span class='ocrx_word' id='word_1_730' title='bbox 3209 2945 3314 2982; x_wconf 89' lang='lat' dir='ltr'><strong>non</strong></span> <span class='ocrx_word' id='word_1_731' title='bbox 3341 2933 3587 3000; x_wconf 54' lang='lat' dir='ltr'><strong>.atnpiius</strong></span> 
     </span>
    </p>
   </div>
   <div class='ocr_carea' id='block_1_92' title="bbox 2014 3012 3586 3084">
    <p class='ocr_par' dir='ltr' id='par_1_92' title="bbox 2014 3012 3586 3084">
     <span class='ocr_line' id='line_1_92' title="bbox 2014 3012 3586 3084; baseline 0.007 -18"><span class='ocrx_word' id='word_1_732' title='bbox 2014 3012 2367 3075; x_wconf 88' lang='lat' dir='ltr'><strong>contineatur,</strong></span> <span class='ocrx_word' id='word_1_733' title='bbox 2395 3013 2486 3068; x_wconf 91' lang='lat' dir='ltr'><strong>sed</strong></span> <span class='ocrx_word' id='word_1_734' title='bbox 2518 3015 2749 3084; x_wconf 86' lang='lat' dir='ltr'><strong>undique</strong></span> <span class='ocrx_word' id='word_1_735' title='bbox 2777 3016 3001 3084; x_wconf 84' lang='lat' dir='ltr'><strong>difﬂuat,</strong></span> <span class='ocrx_word' id='word_1_736' title='bbox 3024 3027 3078 3073; x_wconf 90' lang='lat' dir='ltr'><strong>et</strong></span> <span class='ocrx_word' id='word_1_737' title='bbox 3120 3020 3169 3072; x_wconf 90' lang='lat' dir='ltr'><strong>in</strong></span> <span class='ocrx_word' id='word_1_738' title='bbox 3203 3029 3395 3074; x_wconf 85' lang='lat' dir='ltr'><strong>terram</strong></span> <span class='ocrx_word' id='word_1_739' title='bbox 3438 3022 3586 3078; x_wconf 71' lang='lat' dir='ltr'><strong>dele-</strong></span> 
     </span>
    </p>
   </div>
   <div class='ocr_carea' id='block_1_93' title="bbox 2015 3103 3588 3180">
    <p class='ocr_par' dir='ltr' id='par_1_93' title="bbox 2015 3103 3588 3180">
     <span class='ocr_line' id='line_1_93' title="bbox 2015 3103 3588 3180; baseline 0.009 -27"><span class='ocrx_word' id='word_1_740' title='bbox 2015 3109 2180 3155; x_wconf 85' lang='lat' dir='ltr'><strong>ratur.</strong></span> <span class='ocrx_word' id='word_1_741' title='bbox 2209 3103 2367 3173; x_wconf 79' lang='lat' dir='ltr'><strong>Atqui</strong></span> <span class='ocrx_word' id='word_1_742' title='bbox 2416 3103 2460 3156; x_wconf 92' lang='lat' dir='ltr'><strong>si</strong></span> <span class='ocrx_word' id='word_1_743' title='bbox 2491 3119 2552 3157; x_wconf 89' lang='lat' dir='ltr'><strong>ea</strong></span> <span class='ocrx_word' id='word_1_744' title='bbox 2579 3105 2943 3161; x_wconf 89' lang='lat' dir='ltr'><strong>contineretur</strong></span> <span class='ocrx_word' id='word_1_745' title='bbox 2968 3123 3032 3162; x_wconf 83' lang='lat' dir='ltr'><strong>ex</strong></span> <span class='ocrx_word' id='word_1_746' title='bbox 3072 3118 3288 3174; x_wconf 84' lang='lat' dir='ltr'><strong>natura,</strong></span> <span class='ocrx_word' id='word_1_747' title='bbox 3320 3122 3588 3180; x_wconf 85' lang='lat' dir='ltr'><strong>oporteret</strong></span> 
     </span>
    </p>
   </div>
   <div class='ocr_carea' id='block_1_94' title="bbox 2013 3194 3584 3266">
    <p class='ocr_par' dir='ltr' id='par_1_94' title="bbox 2013 3194 3584 3266">
     <span class='ocr_line' id='line_1_94' title="bbox 2013 3194 3584 3266; baseline 0.008 -20"><span class='ocrx_word' id='word_1_748' title='bbox 2013 3207 2129 3247; x_wconf 90' lang='lat' dir='ltr'><strong>eam</strong></span> <span class='ocrx_word' id='word_1_749' title='bbox 2157 3194 2314 3246; x_wconf 89' lang='lat' dir='ltr'><strong>etiam</strong></span> <span class='ocrx_word' id='word_1_750' title='bbox 2343 3194 2602 3249; x_wconf 87' lang='lat' dir='ltr'><strong>contineri</strong></span> <span class='ocrx_word' id='word_1_751' title='bbox 2630 3196 2681 3250; x_wconf 90' lang='lat' dir='ltr'><strong>in</strong></span> <span class='ocrx_word' id='word_1_752' title='bbox 2711 3211 2856 3252; x_wconf 88' lang='lat' dir='ltr'><strong>aere.</strong></span> <span class='ocrx_word' id='word_1_753' title='bbox 2881 3198 3334 3266; x_wconf 87' lang='lat' dir='ltr'><strong>Quemadmodum</strong></span> <span class='ocrx_word' id='word_1_754' title='bbox 3361 3204 3500 3258; x_wconf 90' lang='lat' dir='ltr'><strong>enim</strong></span> <span class='ocrx_word' id='word_1_755' title='bbox 3541 3206 3584 3258; x_wconf 90' lang='lat' dir='ltr'><strong>si</strong></span> 
     </span>
    </p>
   </div>
   <div class='ocr_carea' id='block_1_95' title="bbox 2013 3285 3587 3362">
    <p class='ocr_par' dir='ltr' id='par_1_95' title="bbox 2013 3285 3587 3362">
     <span class='ocr_line' id='line_1_95' title="bbox 2013 3285 3587 3362; baseline 0.008 -25"><span class='ocrx_word' id='word_1_756' title='bbox 2013 3285 2131 3354; x_wconf 91' lang='lat' dir='ltr'><strong>quis</strong></span> <span class='ocrx_word' id='word_1_757' title='bbox 2151 3293 2319 3339; x_wconf 88' lang='lat' dir='ltr'><strong>utrem</strong></span> <span class='ocrx_word' id='word_1_758' title='bbox 2341 3285 2392 3338; x_wconf 92' lang='lat' dir='ltr'><strong>in</strong></span> <span class='ocrx_word' id='word_1_759' title='bbox 2411 3301 2588 3340; x_wconf 89' lang='lat' dir='ltr'><strong>aerem</strong></span> <span class='ocrx_word' id='word_1_760' title='bbox 2600 3287 2747 3344; x_wconf 89' lang='lat' dir='ltr'><strong>abire</strong></span> <span class='ocrx_word' id='word_1_761' title='bbox 2760 3290 2979 3356; x_wconf 88' lang='lat' dir='ltr'><strong>sineret,</strong></span> <span class='ocrx_word' id='word_1_762' title='bbox 2994 3307 3127 3362; x_wconf 89' lang='lat' dir='ltr'><strong>aqua</strong></span> <span class='ocrx_word' id='word_1_763' title='bbox 3149 3295 3380 3362; x_wconf 81' lang='lat' dir='ltr'><strong>plenum,</strong></span> <span class='ocrx_word' id='word_1_764' title='bbox 3395 3295 3587 3352; x_wconf 88' lang='lat' dir='ltr'><strong>deinde</strong></span> 
     </span>
    </p>
   </div>
   <div class='ocr_carea' id='block_1_96' title="bbox 2015 3374 3589 3454">
    <p class='ocr_par' dir='ltr' id='par_1_96' title="bbox 2015 3374 3589 3454">
     <span class='ocr_line' id='line_1_96' title="bbox 2015 3374 3589 3454; baseline 0.01 -27"><span class='ocrx_word' id='word_1_765' title='bbox 2015 3374 2241 3429; x_wconf 89' lang='lat' dir='ltr'><strong>ferretur</strong></span> <span class='ocrx_word' id='word_1_766' title='bbox 2260 3375 2326 3430; x_wconf 89' lang='lat' dir='ltr'><strong>ab</strong></span> <span class='ocrx_word' id='word_1_767' title='bbox 2339 3391 2482 3444; x_wconf 89' lang='lat' dir='ltr'><strong>aere,</strong></span> <span class='ocrx_word' id='word_1_768' title='bbox 2497 3376 2723 3434; x_wconf 89' lang='lat' dir='ltr'><strong>ferretur</strong></span> <span class='ocrx_word' id='word_1_769' title='bbox 2737 3381 2895 3435; x_wconf 90' lang='lat' dir='ltr'><strong>etiam</strong></span> <span class='ocrx_word' id='word_1_770' title='bbox 2913 3397 3044 3452; x_wconf 88' lang='lat' dir='ltr'><strong>aqua</strong></span> <span class='ocrx_word' id='word_1_771' title='bbox 3067 3398 3186 3454; x_wconf 78' lang='lat' dir='ltr'><strong>qua:</strong></span> <span class='ocrx_word' id='word_1_772' title='bbox 3202 3384 3342 3440; x_wconf 89' lang='lat' dir='ltr'><strong>intus</strong></span> <span class='ocrx_word' id='word_1_773' title='bbox 3353 3388 3589 3442; x_wconf 87' lang='lat' dir='ltr'><strong>contine-</strong></span> 
     </span>
    </p>
   </div>
   <div class='ocr_carea' id='block_1_97' title="bbox 2015 3464 3589 3532">
    <p class='ocr_par' dir='ltr' id='par_1_97' title="bbox 2015 3464 3589 3532">
     <span class='ocr_line' id='line_1_97' title="bbox 2015 3464 3589 3532; baseline 0.01 -15"><span class='ocrx_word' id='word_1_774' title='bbox 2015 3473 2120 3528; x_wconf 91' lang='lat' dir='ltr'><strong>tur,</strong></span> <span class='ocrx_word' id='word_1_775' title='bbox 2138 3465 2180 3518; x_wconf 92' lang='lat' dir='ltr'><strong>si</strong></span> <span class='ocrx_word' id='word_1_776' title='bbox 2200 3464 2492 3522; x_wconf 74' lang='lat' dir='ltr'><strong>efﬂuxisset</strong></span> <span class='ocrx_word' id='word_1_777' title='bbox 2520 3468 2588 3522; x_wconf 89' lang='lat' dir='ltr'><strong>ab</strong></span> <span class='ocrx_word' id='word_1_778' title='bbox 2613 3479 2728 3524; x_wconf 89' lang='lat' dir='ltr'><strong>utre</strong></span> <span class='ocrx_word' id='word_1_779' title='bbox 2756 3487 2770 3523; x_wconf 91' lang='lat'>:</span> <span class='ocrx_word' id='word_1_780' title='bbox 2802 3470 2875 3525; x_wconf 88' lang='lat' dir='ltr'><strong>ita</strong></span> <span class='ocrx_word' id='word_1_781' title='bbox 2905 3483 3319 3530; x_wconf 88' lang='lat' dir='ltr'><strong>consentaneum</strong></span> <span class='ocrx_word' id='word_1_782' title='bbox 3345 3486 3486 3532; x_wconf 89' lang='lat' dir='ltr'><strong>esset</strong></span> <span class='ocrx_word' id='word_1_783' title='bbox 3502 3478 3589 3532; x_wconf 88' lang='lat' dir='ltr'><strong>hic</strong></span> 
     </span>
    </p>
   </div>
   <div class='ocr_carea' id='block_1_98' title="bbox 2013 3560 3592 3636">
    <p class='ocr_par' dir='ltr' id='par_1_98' title="bbox 2013 3560 3592 3636">
     <span class='ocr_line' id='line_1_98' title="bbox 2013 3560 3592 3636; baseline 0.01 -26"><span class='ocrx_word' id='word_1_784' title='bbox 2013 3573 2224 3630; x_wconf 88' lang='lat' dir='ltr'><strong>quoque</strong></span> <span class='ocrx_word' id='word_1_785' title='bbox 2242 3560 2376 3616; x_wconf 87' lang='lat' dir='ltr'><strong>fieri.</strong></span> <span class='ocrx_word' id='word_1_786' title='bbox 2393 3561 2497 3617; x_wconf 87' lang='lat' dir='ltr'><strong>Sed</strong></span> <span class='ocrx_word' id='word_1_787' title='bbox 2507 3563 2632 3633; x_wconf 87' lang='lat' dir='ltr'><strong>quia</strong></span> <span class='ocrx_word' id='word_1_788' title='bbox 2645 3572 2834 3619; x_wconf 90' lang='lat' dir='ltr'><strong>cuncta</strong></span> <span class='ocrx_word' id='word_1_789' title='bbox 2851 3579 3012 3636; x_wconf 77' lang='lat' dir='ltr'><strong>Opera</strong></span> <span class='ocrx_word' id='word_1_790' title='bbox 3031 3575 3153 3621; x_wconf 88' lang='lat' dir='ltr'><strong>sunt</strong></span> <span class='ocrx_word' id='word_1_791' title='bbox 3167 3568 3516 3633; x_wconf 88' lang='lat' dir='ltr'><strong>admirabilia.</strong></span> <span class='ocrx_word' id='word_1_792' title='bbox 3537 3581 3592 3626; x_wconf 89' lang='lat' dir='ltr'><strong>et</strong></span> 
     </span>
    </p>
   </div>
   <div class='ocr_carea' id='block_1_99' title="bbox 2014 3652 3588 3723">
    <p class='ocr_par' dir='ltr' id='par_1_99' title="bbox 2014 3652 3588 3723">
     <span class='ocr_line' id='line_1_99' title="bbox 2014 3652 3588 3723; baseline 0.007 -19"><span class='ocrx_word' id='word_1_793' title='bbox 2014 3659 2268 3719; x_wconf 87' lang='lat' dir='ltr'><strong>superant</strong></span> <span class='ocrx_word' id='word_1_794' title='bbox 2291 3652 2618 3722; x_wconf 79' lang='lat' dir='ltr'><strong>Opinionem,</strong></span> <span class='ocrx_word' id='word_1_795' title='bbox 2647 3668 2806 3723; x_wconf 85' lang='lat' dir='ltr'><strong>supra</strong></span> <span class='ocrx_word' id='word_1_796' title='bbox 2831 3671 3008 3712; x_wconf 87' lang='lat' dir='ltr'><strong>rerum</strong></span> <span class='ocrx_word' id='word_1_797' title='bbox 3039 3658 3278 3713; x_wconf 90' lang='lat' dir='ltr'><strong>ordinem</strong></span> <span class='ocrx_word' id='word_1_798' title='bbox 3327 3671 3384 3714; x_wconf 88' lang='lat' dir='ltr'><strong>et</strong></span> <span class='ocrx_word' id='word_1_799' title='bbox 3423 3661 3588 3715; x_wconf 88' lang='lat' dir='ltr'><strong>ratio-</strong></span> 
     </span>
    </p>
   </div>
   <div class='ocr_carea' id='block_1_100' title="bbox 2016 3742 3592 3814">
    <p class='ocr_par' dir='ltr' id='par_1_100' title="bbox 2016 3742 3592 3814">
     <span class='ocr_line' id='line_1_100' title="bbox 2016 3742 3592 3814; baseline 0.007 -20"><span class='ocrx_word' id='word_1_800' title='bbox 2016 3755 2136 3795; x_wconf 88' lang='lat' dir='ltr'><strong>nem</strong></span> <span class='ocrx_word' id='word_1_801' title='bbox 2168 3755 2381 3796; x_wconf 90' lang='lat' dir='ltr'><strong>omnem</strong></span> <span class='ocrx_word' id='word_1_802' title='bbox 2426 3742 2560 3798; x_wconf 81' lang='lat' dir='ltr'><strong>fiunt</strong></span> <span class='ocrx_word' id='word_1_803' title='bbox 2603 3743 2718 3799; x_wconf 67' lang='lat' dir='ltr'><strong>haec</strong></span> <span class='ocrx_word' id='word_1_804' title='bbox 2754 3747 2951 3800; x_wconf 86' lang='lat' dir='ltr'><strong>omnia.</strong></span> <span class='ocrx_word' id='word_1_805' title='bbox 2976 3747 3126 3814; x_wconf 83' lang='lat' dir='ltr'><strong>Quod</strong></span> <span class='ocrx_word' id='word_1_806' title='bbox 3156 3751 3295 3804; x_wconf 88' lang='lat' dir='ltr'><strong>enim</strong></span> <span class='ocrx_word' id='word_1_807' title='bbox 3339 3751 3389 3804; x_wconf 91' lang='lat' dir='ltr'><strong>in</strong></span> <span class='ocrx_word' id='word_1_808' title='bbox 3436 3752 3592 3808; x_wconf 85' lang='lat' dir='ltr'><strong>nubis</strong></span> 
     </span>
    </p>
   </div>
   <div class='ocr_carea' id='block_1_101' title="bbox 2014 3833 3586 3913">
    <p class='ocr_par' dir='ltr' id='par_1_101' title="bbox 2014 3833 3586 3913">
     <span class='ocr_line' id='line_1_101' title="bbox 2014 3833 3586 3913; baseline 0.008 -28"><span class='ocrx_word' id='word_1_809' title='bbox 2014 3847 2138 3886; x_wconf 85' lang='lat' dir='ltr'><strong>aere</strong></span> <span class='ocrx_word' id='word_1_810' title='bbox 2164 3833 2486 3900; x_wconf 90' lang='lat' dir='ltr'><strong>continetur,</strong></span> <span class='ocrx_word' id='word_1_811' title='bbox 2517 3849 2624 3888; x_wconf 91' lang='lat' dir='ltr'><strong>non</strong></span> <span class='ocrx_word' id='word_1_812' title='bbox 2645 3836 2946 3892; x_wconf 91' lang='lat' dir='ltr'><strong>continetur</strong></span> <span class='ocrx_word' id='word_1_813' title='bbox 2974 3838 3026 3892; x_wconf 91' lang='lat' dir='ltr'><strong>in</strong></span> <span class='ocrx_word' id='word_1_814' title='bbox 3055 3853 3176 3894; x_wconf 89' lang='lat' dir='ltr'><strong>aere</strong></span> <span class='ocrx_word' id='word_1_815' title='bbox 3197 3843 3283 3910; x_wconf 91' lang='lat' dir='ltr'><strong>qui</strong></span> <span class='ocrx_word' id='word_1_816' title='bbox 3305 3844 3586 3913; x_wconf 88' lang='lat' dir='ltr'><strong>consequi-</strong></span> 
     </span>
    </p>
   </div>
   <div class='ocr_carea' id='block_1_102' title="bbox 2017 3922 3589 4003">
    <p class='ocr_par' dir='ltr' id='par_1_102' title="bbox 2017 3922 3589 4003">
     <span class='ocr_line' id='line_1_102' title="bbox 2017 3922 3589 4003; baseline 0.008 -29"><span class='ocrx_word' id='word_1_817' title='bbox 2017 3931 2120 3974; x_wconf 89' lang='lat' dir='ltr'><strong>tur.</strong></span> <span class='ocrx_word' id='word_1_818' title='bbox 2155 3922 2342 3975; x_wconf 79' lang='lat' dir='ltr'><strong>Vidisti</strong></span> <span class='ocrx_word' id='word_1_819' title='bbox 2391 3939 2504 3977; x_wconf 85' lang='lat' dir='ltr'><strong>rem</strong></span> <span class='ocrx_word' id='word_1_820' title='bbox 2551 3923 2954 3986; x_wconf 86' lang='lat' dir='ltr'><strong>admirabilem,</strong></span> <span class='ocrx_word' id='word_1_821' title='bbox 3006 3937 3058 3980; x_wconf 90' lang='lat' dir='ltr'><strong>et</strong></span> <span class='ocrx_word' id='word_1_822' title='bbox 3106 3931 3412 3997; x_wconf 87' lang='lat' dir='ltr'><strong>quomodo,</strong></span> <span class='ocrx_word' id='word_1_823' title='bbox 3449 3935 3589 4003; x_wconf 80' lang='lat' dir='ltr'><strong>quod</strong></span> 
     </span>
    </p>
   </div>
   <div class='ocr_carea' id='block_1_103' title="bbox 2015 4014 3595 4087">
    <p class='ocr_par' dir='ltr' id='par_1_103' title="bbox 2015 4014 3595 4087">
     <span class='ocr_line' id='line_1_103' title="bbox 2015 4014 3595 4087; baseline 0.007 -22"><span class='ocrx_word' id='word_1_824' title='bbox 2015 4015 2223 4067; x_wconf 73' lang='lat' dir='ltr'><strong>caeteris</strong></span> <span class='ocrx_word' id='word_1_825' title='bbox 2251 4014 2458 4068; x_wconf 90' lang='lat' dir='ltr'><strong>videtur</strong></span> <span class='ocrx_word' id='word_1_826' title='bbox 2488 4029 2606 4068; x_wconf 81' lang='lat' dir='ltr'><strong>esse</strong></span> <span class='ocrx_word' id='word_1_827' title='bbox 2635 4015 2858 4084; x_wconf 85' lang='lat' dir='ltr'><strong>minus,</strong></span> <span class='ocrx_word' id='word_1_828' title='bbox 2901 4017 2952 4069; x_wconf 91' lang='lat' dir='ltr'><strong>id</strong></span> <span class='ocrx_word' id='word_1_829' title='bbox 2992 4032 3111 4071; x_wconf 89' lang='lat' dir='ltr'><strong>cum</strong></span> <span class='ocrx_word' id='word_1_830' title='bbox 3145 4029 3340 4087; x_wconf 79' lang='lat' dir='ltr'><strong>posuit,</strong></span> <span class='ocrx_word' id='word_1_831' title='bbox 3385 4021 3510 4076; x_wconf 89' lang='lat' dir='ltr'><strong>fecit</strong></span> <span class='ocrx_word' id='word_1_832' title='bbox 3538 4039 3595 4077; x_wconf 70' lang='lat' dir='ltr'><strong>ut</strong></span> 
     </span>
    </p>
   </div>
   <div class='ocr_carea' id='block_1_104' title="bbox 2019 4101 3589 4163">
    <p class='ocr_par' dir='ltr' id='par_1_104' title="bbox 2019 4101 3589 4163">
     <span class='ocr_line' id='line_1_104' title="bbox 2019 4101 3589 4163; baseline 0.005 -7"><span class='ocrx_word' id='word_1_833' title='bbox 2019 4103 2087 4156; x_wconf 89' lang='lat' dir='ltr'><strong>sit</strong></span> <span class='ocrx_word' id='word_1_834' title='bbox 2118 4101 2468 4156; x_wconf 84' lang='lat' dir='ltr'><strong>admirabile?</strong></span> <span class='ocrx_word' id='word_1_835' title='bbox 2499 4103 2698 4157; x_wconf 89' lang='lat' dir='ltr'><strong>Deinde</strong></span> <span class='ocrx_word' id='word_1_836' title='bbox 2723 4104 2956 4158; x_wconf 90' lang='lat' dir='ltr'><strong>ostendit</strong></span> <span class='ocrx_word' id='word_1_837' title='bbox 2981 4105 3137 4160; x_wconf 77' lang='lat' dir='ltr'><strong>etiam</strong></span> <span class='ocrx_word' id='word_1_838' title='bbox 3169 4109 3309 4162; x_wconf 88' lang='lat' dir='ltr'><strong>aliud</strong></span> <span class='ocrx_word' id='word_1_839' title='bbox 3356 4109 3589 4163; x_wconf 76' lang='lat' dir='ltr'><strong>adrnira-</strong></span> 
     </span>
    </p>
   </div>
   <div class='ocr_carea' id='block_1_105' title="bbox 2021 4192 3589 4261">
    <p class='ocr_par' dir='ltr' id='par_1_105' title="bbox 2021 4192 3589 4261">
     <span class='ocr_line' id='line_1_105' title="bbox 2021 4192 3589 4261; baseline 0.004 -15"><span class='ocrx_word' id='word_1_840' title='bbox 2021 4192 2144 4256; x_wconf 87' lang='lat' dir='ltr'><strong>bile,</strong></span> <span class='ocrx_word' id='word_1_841' title='bbox 2177 4193 2380 4254; x_wconf 88' lang='lat' dir='ltr'><strong>dicens.</strong></span> <span class='ocrx_word' id='word_1_842' title='bbox 2414 4193 2488 4248; x_wconf 81' lang='lat' dir='ltr'><strong>Ab</strong></span> <span class='ocrx_word' id='word_1_843' title='bbox 2521 4203 2741 4248; x_wconf 68' lang='lat' dir='ltr'><strong>extremo</strong></span> <span class='ocrx_word' id='word_1_844' title='bbox 2775 4202 2952 4261; x_wconf 62' lang='lat' dir='ltr'><strong>terra,</strong></span> <span class='ocrx_word' id='word_1_845' title='bbox 2982 4196 3100 4261; x_wconf 84' lang='lat' dir='ltr'><strong>vel,</strong></span> <span class='ocrx_word' id='word_1_846' title='bbox 3134 4199 3176 4251; x_wconf 86' lang='grc' dir='ltr'><em>Α</em></span> <span class='ocrx_word' id='word_1_847' title='bbox 3199 4215 3394 4252; x_wconf 86' lang='lat' dir='ltr'><strong>summa</strong></span> <span class='ocrx_word' id='word_1_848' title='bbox 3423 4209 3589 4254; x_wconf 60' lang='lat' dir='ltr'><strong>terra.</strong></span> 
     </span>
    </p>
   </div>
   <div class='ocr_carea' id='block_1_106' title="bbox 2019 4285 3594 4353">
    <p class='ocr_par' dir='ltr' id='par_1_106' title="bbox 2019 4285 3594 4353">
     <span class='ocr_line' id='line_1_106' title="bbox 2019 4285 3594 4353; baseline 0.003 -14"><span class='ocrx_word' id='word_1_849' title='bbox 2019 4285 2131 4339; x_wconf 86' lang='lat' dir='ltr'><strong>Non</strong></span> <span class='ocrx_word' id='word_1_850' title='bbox 2181 4285 2351 4340; x_wconf 93' lang='lat' dir='ltr'><strong>solum</strong></span> <span class='ocrx_word' id='word_1_851' title='bbox 2391 4286 2533 4340; x_wconf 88' lang='lat' dir='ltr'><strong>enim</strong></span> <span class='ocrx_word' id='word_1_852' title='bbox 2561 4285 2875 4350; x_wconf 88' lang='lat' dir='ltr'><strong>ascendunt,</strong></span> <span class='ocrx_word' id='word_1_853' title='bbox 2905 4286 2997 4341; x_wconf 88' lang='lat' dir='ltr'><strong>sed</strong></span> <span class='ocrx_word' id='word_1_854' title='bbox 3026 4289 3186 4341; x_wconf 86' lang='lat' dir='ltr'><strong>etiam</strong></span> <span class='ocrx_word' id='word_1_855' title='bbox 3226 4288 3443 4353; x_wconf 87' lang='lat' dir='ltr'><strong>vadunt,</strong></span> <span class='ocrx_word' id='word_1_856' title='bbox 3495 4307 3594 4344; x_wconf 79' lang='lat' dir='ltr'><strong>nec</strong></span> 
     </span>
    </p>
   </div>
   <div class='ocr_carea' id='block_1_107' title="bbox 2017 4375 3590 4448">
    <p class='ocr_par' dir='ltr' id='par_1_107' title="bbox 2017 4375 3590 4448">
     <span class='ocr_line' id='line_1_107' title="bbox 2017 4375 3590 4448; baseline 0.001 -18"><span class='ocrx_word' id='word_1_857' title='bbox 2017 4375 2108 4431; x_wconf 89' lang='lat' dir='ltr'><strong>ubi</strong></span> <span class='ocrx_word' id='word_1_858' title='bbox 2152 4385 2543 4448; x_wconf 88' lang='lat' dir='ltr'><strong>apparuerunt,</strong></span> <span class='ocrx_word' id='word_1_859' title='bbox 2591 4375 2697 4430; x_wconf 90' lang='lat' dir='ltr'><strong>illic</strong></span> <span class='ocrx_word' id='word_1_860' title='bbox 2739 4377 2991 4430; x_wconf 87' lang='lat' dir='ltr'><strong>emittunt</strong></span> <span class='ocrx_word' id='word_1_861' title='bbox 3031 4377 3297 4445; x_wconf 89' lang='lat' dir='ltr'><strong>pluviam,</strong></span> <span class='ocrx_word' id='word_1_862' title='bbox 3339 4379 3430 4432; x_wconf 89' lang='lat' dir='ltr'><strong>sed</strong></span> <span class='ocrx_word' id='word_1_863' title='bbox 3471 4393 3590 4434; x_wconf 83' lang='lat' dir='ltr'><strong>cum</strong></span> 
     </span>
    </p>
   </div>
   <div class='ocr_carea' id='block_1_108' title="bbox 2017 4467 3591 4538">
    <p class='ocr_par' dir='ltr' id='par_1_108' title="bbox 2017 4467 3591 4538">
     <span class='ocr_line' id='line_1_108' title="bbox 2017 4467 3591 4538; baseline 0.001 -15"><span class='ocrx_word' id='word_1_864' title='bbox 2017 4469 2184 4523; x_wconf 88' lang='lat' dir='ltr'><strong>multa</strong></span> <span class='ocrx_word' id='word_1_865' title='bbox 2201 4481 2341 4536; x_wconf 62' lang='lat' dir='ltr'><strong>saepe</strong></span> <span class='ocrx_word' id='word_1_866' title='bbox 2357 4468 2470 4522; x_wconf 90' lang='lat' dir='ltr'><strong>loca</strong></span> <span class='ocrx_word' id='word_1_867' title='bbox 2489 4467 2971 4538; x_wconf 78' lang='lat' dir='ltr'><strong>praetercurrerint,</strong></span> <span class='ocrx_word' id='word_1_868' title='bbox 2991 4468 3115 4522; x_wconf 91' lang='lat' dir='ltr'><strong>alibi</strong></span> <span class='ocrx_word' id='word_1_869' title='bbox 3140 4467 3335 4523; x_wconf 85' lang='lat' dir='ltr'><strong>imbres</strong></span> <span class='ocrx_word' id='word_1_870' title='bbox 3361 4470 3591 4538; x_wconf 84' lang='lat' dir='ltr'><strong>pariunt,</strong></span> 
     </span>
    </p>
   </div>
   <div class='ocr_carea' id='block_1_109' title="bbox 2022 4543 3596 4630">
    <p class='ocr_par' dir='ltr' id='par_1_109' title="bbox 2022 4543 3596 4630">
     <span class='ocr_line' id='line_1_109' title="bbox 2022 4543 3596 4630; baseline 0.001 -17"><span class='ocrx_word' id='word_1_871' title='bbox 2022 4558 2320 4613; x_wconf 86' lang='lat' dir='ltr'><strong>civitatibus</strong></span> <span class='ocrx_word' id='word_1_872' title='bbox 2348 4566 2403 4613; x_wconf 90' lang='lat' dir='ltr'><strong>et</strong></span> <span class='ocrx_word' id='word_1_873' title='bbox 2427 4557 2674 4629; x_wconf 75' lang='lat' dir='ltr'><strong>gentibus</strong></span> <span class='ocrx_word' id='word_1_874' title='bbox 2701 4543 3002 4626; x_wconf 71' lang='lat' dir='ltr'><strong>praeteritis.</strong></span> <span class='ocrx_word' id='word_1_875' title='bbox 3049 4557 3164 4614; x_wconf 84' lang='lat' dir='ltr'><strong>Non</strong></span> <span class='ocrx_word' id='word_1_876' title='bbox 3212 4567 3449 4630; x_wconf 76' lang='lat' dir='ltr'><strong>estergo</strong></span> <span class='ocrx_word' id='word_1_877' title='bbox 3495 4560 3596 4615; x_wconf 82' lang='lat' dir='ltr'><strong>hoc</strong></span> 
     </span>
    </p>
   </div>
   <div class='ocr_carea' id='block_1_110' title="bbox 2021 4648 3596 4724">
    <p class='ocr_par' dir='ltr' id='par_1_110' title="bbox 2021 4648 3596 4724">
     <span class='ocr_line' id='line_1_110' title="bbox 2021 4648 3596 4724; baseline 0.002 -20"><span class='ocrx_word' id='word_1_878' title='bbox 2021 4649 2191 4704; x_wconf 88' lang='lat' dir='ltr'><strong>solum</strong></span> <span class='ocrx_word' id='word_1_879' title='bbox 2217 4649 2480 4715; x_wconf 86' lang='lat' dir='ltr'><strong>mirabile,</strong></span> <span class='ocrx_word' id='word_1_880' title='bbox 2525 4648 2666 4718; x_wconf 89' lang='lat' dir='ltr'><strong>quod</strong></span> <span class='ocrx_word' id='word_1_881' title='bbox 2706 4648 3201 4712; x_wconf 88' lang='lat' dir='ltr'><strong>sustolluntur,sed</strong></span> <span class='ocrx_word' id='word_1_882' title='bbox 3242 4651 3403 4706; x_wconf 83' lang='lat' dir='ltr'><strong>etiam</strong></span> <span class='ocrx_word' id='word_1_883' title='bbox 3454 4651 3596 4724; x_wconf 80' lang='lat' dir='ltr'><strong>quod</strong></span> 
     </span>
    </p>
   </div>
   <div class='ocr_carea' id='block_1_111' title="bbox 2022 4739 3602 4810">
    <p class='ocr_par' dir='ltr' id='par_1_111' title="bbox 2022 4739 3602 4810">
     <span class='ocr_line' id='line_1_111' title="bbox 2022 4739 3602 4810; baseline 0 -14"><span class='ocrx_word' id='word_1_884' title='bbox 2022 4741 2274 4796; x_wconf 88' lang='lat' dir='ltr'><strong>incedunt</strong></span> <span class='ocrx_word' id='word_1_885' title='bbox 2302 4751 2568 4810; x_wconf 86' lang='lat' dir='ltr'><strong>tamquam</strong></span> <span class='ocrx_word' id='word_1_886' title='bbox 2599 4741 2649 4793; x_wconf 91' lang='lat' dir='ltr'><strong>in</strong></span> <span class='ocrx_word' id='word_1_887' title='bbox 2684 4740 2950 4807; x_wconf 88' lang='lat' dir='ltr'><strong>tabulatis,</strong></span> <span class='ocrx_word' id='word_1_888' title='bbox 2975 4739 3206 4796; x_wconf 85' lang='lat' dir='ltr'><strong>ferentes</strong></span> <span class='ocrx_word' id='word_1_889' title='bbox 3234 4750 3434 4798; x_wconf 84' lang='lat' dir='ltr'><strong>tantam</strong></span> <span class='ocrx_word' id='word_1_890' title='bbox 3479 4761 3602 4799; x_wconf 52' lang='lat' dir='ltr'><strong>mea</strong></span> 
     </span>
    </p>
   </div>
   <div class='ocr_carea' id='block_1_112' title="bbox 2022 4832 2432 4900">
    <p class='ocr_par' dir='ltr' id='par_1_112' title="bbox 2022 4832 2432 4900">
     <span class='ocr_line' id='line_1_112' title="bbox 2022 4832 2432 4900; baseline -0.007 -14"><span class='ocrx_word' id='word_1_891' title='bbox 2022 4832 2126 4887; x_wconf 87' lang='lat' dir='ltr'><strong>lem</strong></span> <span class='ocrx_word' id='word_1_892' title='bbox 2153 4848 2432 4900; x_wconf 75' lang='lat' dir='ltr'><strong>aquarum.</strong></span> 
     </span>
    </p>
   </div>
   <div class='ocr_carea' id='block_1_113' title="bbox 2095 4923 3600 4989">
    <p class='ocr_par' dir='ltr' id='par_1_113' title="bbox 2095 4923 3600 4989">
     <span class='ocr_line' id='line_1_113' title="bbox 2095 4923 3600 4989; baseline 0.002 -13"><span class='ocrx_word' id='word_1_893' title='bbox 2095 4927 2146 4981; x_wconf 78' lang='lat'><strong>3.</strong></span> <span class='ocrx_word' id='word_1_894' title='bbox 2183 4925 2316 4978; x_wconf 68' lang='lat' dir='ltr'><strong>illim</strong></span> <span class='ocrx_word' id='word_1_895' title='bbox 2343 4923 2697 4977; x_wconf 79' lang='lat' dir='ltr'><strong>elementorum</strong></span> <span class='ocrx_word' id='word_1_896' title='bbox 2718 4925 3082 4979; x_wconf 83' lang='lat' dir='ltr'><strong>contrariorum</strong></span> <span class='ocrx_word' id='word_1_897' title='bbox 3110 4927 3319 4989; x_wconf 73' lang='lat' dir='ltr'><strong>titixtio:</strong></span> <span class='ocrx_word' id='word_1_898' title='bbox 3345 4939 3600 4983; x_wconf 67' lang='lat' dir='ltr'><strong>venturam</strong></span> 
     </span>
    </p>
   </div>
   <div class='ocr_carea' id='block_1_114' title="bbox 2023 5015 3602 5089">
    <p class='ocr_par' dir='ltr' id='par_1_114' title="bbox 2023 5015 3602 5089">
     <span class='ocr_line' id='line_1_114' title="bbox 2023 5015 3602 5089; baseline -0.003 -17"><span class='ocrx_word' id='word_1_899' title='bbox 2023 5017 2326 5079; x_wconf 80' lang='lat' dir='ltr'><strong>commoda;</strong></span> <span class='ocrx_word' id='word_1_900' title='bbox 2357 5015 2488 5068; x_wconf 83' lang='lat' dir='ltr'><strong>uenti</strong></span> <span class='ocrx_word' id='word_1_901' title='bbox 2527 5016 2775 5084; x_wconf 82' lang='lat' dir='ltr'><strong>quomodo</strong></span> <span class='ocrx_word' id='word_1_902' title='bbox 2816 5017 2869 5071; x_wconf 84' lang='lat' dir='ltr'><strong>in</strong></span> <span class='ocrx_word' id='word_1_903' title='bbox 2907 5017 3172 5073; x_wconf 79' lang='lat' dir='ltr'><strong>thesauris.</strong></span> <span class='ocrx_word' id='word_1_904' title='bbox 3199 5049 3273 5061; x_wconf 88' lang='lat'><strong>—-</strong></span> <span class='ocrx_word' id='word_1_905' title='bbox 3299 5018 3527 5089; x_wconf 77' lang='lat' dir='ltr'><strong>Fulgura</strong></span> <span class='ocrx_word' id='word_1_906' title='bbox 3553 5021 3602 5069; x_wconf 80' lang='lat' dir='ltr'><strong>iu</strong></span> 
     </span>
    </p>
   </div>
   <div class='ocr_carea' id='block_1_115' title="bbox 2027 5105 3602 5180">
    <p class='ocr_par' dir='ltr' id='par_1_115' title="bbox 2027 5105 3602 5180">
     <span class='ocr_line' id='line_1_115' title="bbox 2027 5105 3602 5180; baseline -0.004 -16"><span class='ocrx_word' id='word_1_907' title='bbox 2027 5111 2243 5180; x_wconf 79' lang='lat' dir='ltr'><strong>pluviam</strong></span> <span class='ocrx_word' id='word_1_908' title='bbox 2287 5109 2421 5176; x_wconf 78' lang='lat' dir='ltr'><strong>fecit.</strong></span> <span class='ocrx_word' id='word_1_909' title='bbox 2457 5105 2588 5161; x_wconf 75' lang='lat' dir='ltr'><strong>Vide</strong></span> <span class='ocrx_word' id='word_1_910' title='bbox 2633 5123 2818 5162; x_wconf 84' lang='lat' dir='ltr'><strong>rursus</strong></span> <span class='ocrx_word' id='word_1_911' title='bbox 2869 5109 3009 5163; x_wconf 77' lang='lat' dir='ltr'><strong>aliud</strong></span> <span class='ocrx_word' id='word_1_912' title='bbox 3057 5109 3337 5172; x_wconf 88' lang='lat' dir='ltr'><strong>mirabile,</strong></span> <span class='ocrx_word' id='word_1_913' title='bbox 3366 5109 3602 5164; x_wconf 69' lang='lat' dir='ltr'><strong>diversas</strong></span> 
     </span>
    </p>
   </div>
   <div class='ocr_carea' id='block_1_116' title="bbox 2030 5197 3602 5268">
    <p class='ocr_par' dir='ltr' id='par_1_116' title="bbox 2030 5197 3602 5268">
     <span class='ocr_line' id='line_1_116' title="bbox 2030 5197 3602 5268; baseline -0.004 -13"><span class='ocrx_word' id='word_1_914' title='bbox 2030 5211 2246 5255; x_wconf 87' lang='lat' dir='ltr'><strong>naturas</strong></span> <span class='ocrx_word' id='word_1_915' title='bbox 2269 5198 2664 5253; x_wconf 84' lang='lat' dir='ltr'><strong>convenientes.</strong></span> <span class='ocrx_word' id='word_1_916' title='bbox 2692 5197 2874 5268; x_wconf 80' lang='lat' dir='ltr'><strong>Neque</strong></span> <span class='ocrx_word' id='word_1_917' title='bbox 2916 5200 3058 5254; x_wconf 89' lang='lat' dir='ltr'><strong>enim</strong></span> <span class='ocrx_word' id='word_1_918' title='bbox 3103 5198 3309 5267; x_wconf 80' lang='lat' dir='ltr'><strong>fulgure</strong></span> <span class='ocrx_word' id='word_1_919' title='bbox 3345 5208 3428 5252; x_wconf 87' lang='lat' dir='ltr'><strong>est</strong></span> <span class='ocrx_word' id='word_1_920' title='bbox 3455 5199 3602 5266; x_wconf 81' lang='lat' dir='ltr'><strong>quid-</strong></span> 
     </span>
    </p>
   </div>
   <div class='ocr_carea' id='block_1_117' title="bbox 2028 5288 3576 5363">
    <p class='ocr_par' dir='ltr' id='par_1_117' title="bbox 2028 5288 3576 5363">
     <span class='ocr_line' id='line_1_117' title="bbox 2028 5288 3576 5363; baseline -0.003 -17"><span class='ocrx_word' id='word_1_921' title='bbox 2028 5307 2184 5363; x_wconf 87' lang='lat' dir='ltr'><strong>quam</strong></span> <span class='ocrx_word' id='word_1_922' title='bbox 2215 5289 2381 5359; x_wconf 76' lang='lat' dir='ltr'><strong>magis</strong></span> <span class='ocrx_word' id='word_1_923' title='bbox 2421 5289 2654 5360; x_wconf 77' lang='lat' dir='ltr'><strong>igneum,</strong></span> <span class='ocrx_word' id='word_1_924' title='bbox 2696 5305 2868 5361; x_wconf 85' lang='lat' dir='ltr'><strong>neque</strong></span> <span class='ocrx_word' id='word_1_925' title='bbox 2915 5291 3067 5359; x_wconf 84' lang='lat' dir='ltr'><strong>aquis</strong></span> <span class='ocrx_word' id='word_1_926' title='bbox 3101 5298 3182 5346; x_wconf 86' lang='lat' dir='ltr'><strong>est</strong></span> <span class='ocrx_word' id='word_1_927' title='bbox 3221 5288 3416 5360; x_wconf 88' lang='lat' dir='ltr'><strong>aliquid</strong></span> <span class='ocrx_word' id='word_1_928' title='bbox 3463 5289 3576 5359; x_wconf 66' lang='lat' dir='ltr'><strong>irigi</strong></span> 
     </span>
    </p>
   </div>
   <div class='ocr_carea' id='block_1_118' title="bbox 2031 5376 3606 5448">
    <p class='ocr_par' dir='ltr' id='par_1_118' title="bbox 2031 5376 3606 5448">
     <span class='ocr_line' id='line_1_118' title="bbox 2031 5376 3606 5448; baseline -0.001 -12"><span class='ocrx_word' id='word_1_929' title='bbox 2031 5382 2180 5437; x_wconf 87' lang='lat' dir='ltr'><strong>dius:</strong></span> <span class='ocrx_word' id='word_1_930' title='bbox 2215 5393 2276 5435; x_wconf 87' lang='lat' dir='ltr'><strong>ea</strong></span> <span class='ocrx_word' id='word_1_931' title='bbox 2311 5387 2488 5432; x_wconf 84' lang='lat' dir='ltr'><strong>tamen</strong></span> <span class='ocrx_word' id='word_1_932' title='bbox 2531 5379 2837 5440; x_wconf 87' lang='lat' dir='ltr'><strong>miscentur,</strong></span> <span class='ocrx_word' id='word_1_933' title='bbox 2870 5394 2966 5434; x_wconf 80' lang='lat' dir='ltr'><strong>nec</strong></span> <span class='ocrx_word' id='word_1_934' title='bbox 2987 5376 3402 5441; x_wconf 75' lang='lat' dir='ltr'><strong>confunduntur.</strong></span> <span class='ocrx_word' id='word_1_935' title='bbox 3436 5393 3606 5448; x_wconf 80' lang='lat' dir='ltr'><strong>neque</strong></span> 
     </span>
    </p>
   </div>
   <div class='ocr_carea' id='block_1_119' title="bbox 2033 5468 3607 5539">
    <p class='ocr_par' dir='ltr' id='par_1_119' title="bbox 2033 5468 3607 5539">
     <span class='ocr_line' id='line_1_119' title="bbox 2033 5468 3607 5539; baseline -0.004 -12"><span class='ocrx_word' id='word_1_936' title='bbox 2033 5479 2513 5539; x_wconf 82' lang='lat' dir='ltr'><strong>contemperantur,</strong></span> <span class='ocrx_word' id='word_1_937' title='bbox 2555 5468 2647 5522; x_wconf 89' lang='lat' dir='ltr'><strong>sed</strong></span> <span class='ocrx_word' id='word_1_938' title='bbox 2693 5483 3018 5537; x_wconf 68' lang='lat' dir='ltr'><strong>unaqumqnc</strong></span> <span class='ocrx_word' id='word_1_939' title='bbox 3057 5478 3336 5522; x_wconf 82' lang='lat' dir='ltr'><strong>conservat</strong></span> <span class='ocrx_word' id='word_1_940' title='bbox 3373 5482 3498 5522; x_wconf 82' lang='lat' dir='ltr'><strong>suos</strong></span> <span class='ocrx_word' id='word_1_941' title='bbox 3549 5471 3607 5520; x_wconf 82' lang='lat' dir='ltr'><strong>tt-</strong></span> 
     </span>
    </p>
   </div>
   <div class='ocr_carea' id='block_1_120' title="bbox 2100 5619 3246 5679">
    <p class='ocr_par' dir='ltr' id='par_1_120' title="bbox 2100 5619 3246 5679">
     <span class='ocr_line' id='line_1_120' title="bbox 2100 5619 3246 5679; baseline -0.001 -6"><span class='ocrx_word' id='word_1_942' title='bbox 2100 5627 2116 5659; x_wconf 78' lang='grc' dir='ltr'><strong>ι</strong></span> <span class='ocrx_word' id='word_1_943' title='bbox 2153 5633 2233 5673; x_wconf 77' lang='lat' dir='ltr'><strong>me</strong></span> <span class='ocrx_word' id='word_1_944' title='bbox 2253 5634 2418 5679; x_wconf 85' lang='lat' dir='ltr'><strong>voces,</strong></span> <span class='ocrx_word' id='word_1_945' title='bbox 2443 5627 2488 5672; x_wconf 83' lang='lat' dir='ltr'><strong>et</strong></span> <span class='ocrx_word' id='word_1_946' title='bbox 2511 5620 2817 5673; x_wconf 75' lang='lat' dir='ltr'><strong>admirando.</strong></span> <span class='ocrx_word' id='word_1_947' title='bbox 2836 5619 3012 5670; x_wconf 87' lang='lat' dir='ltr'><strong>desunt</strong></span> <span class='ocrx_word' id='word_1_948' title='bbox 3034 5622 3082 5671; x_wconf 89' lang='lat' dir='ltr'><strong>in</strong></span> <span class='ocrx_word' id='word_1_949' title='bbox 3106 5623 3246 5672; x_wconf 79' lang='lat' dir='ltr'><strong>Savil.</strong></span> 
     </span>
    </p>
   </div>
   <div class='ocr_carea' id='block_1_121' title="bbox 2101 5682 3082 5747">
    <p class='ocr_par' dir='ltr' id='par_1_121' title="bbox 2101 5682 3082 5747">
     <span class='ocr_line' id='line_1_121' title="bbox 2101 5682 3082 5747; baseline -0.004 -13"><span class='ocrx_word' id='word_1_950' title='bbox 2101 5689 2173 5747; x_wconf 75' lang='grc' dir='ltr'><strong>(τι)</strong></span> <span class='ocrx_word' id='word_1_951' title='bbox 2207 5686 2287 5743; x_wconf 61' lang='lat' dir='ltr'><strong>qui</strong></span> <span class='ocrx_word' id='word_1_952' title='bbox 2313 5685 2406 5732; x_wconf 84' lang='lat' dir='ltr'><strong>sint</strong></span> <span class='ocrx_word' id='word_1_953' title='bbox 2432 5683 2478 5731; x_wconf 88' lang='lat' dir='ltr'><strong>hi</strong></span> <span class='ocrx_word' id='word_1_954' title='bbox 2500 5684 2799 5744; x_wconf 77' lang='lat' dir='ltr'><strong>interpretes</strong></span> <span class='ocrx_word' id='word_1_955' title='bbox 2821 5682 3082 5742; x_wconf 70' lang='lat' dir='ltr'><strong>ignoratur.</strong></span> 
     </span>
    </p>
   </div>
  </div>
