4116 6204
560 227 656 280 ιω

559 359 673 394 ιιι-ς.
726 341 938 393 Μςιιιριιε
970 341 1130 393 .enim
1181 339 1314 409 ignis
1360 340 1411 392 in
1457 354 1614 408 aqua,
1648 349 1702 394 et
1742 356 1875 410 aqua
1906 341 1959 395 in
1991 343 2131 412 igne,

558 448 730 498 neque
775 431 860 485 hic
902 429 1043 485 illam
1074 430 1378 495 exsiccavit,
1424 440 1522 484 nec
1559 430 1643 483 illa
1687 445 1808 484 cum
1856 433 2131 486 exstinxit.

555 521 714 592 Atqui
743 519 916 592 fulgur
952 531 1036 576 est
1070 521 1188 591 igne
1222 501 1378 576 solari
1425 520 1650 586 acutius,
1690 529 1745 574 et
1786 522 2132 588 splendidius,

555 620 607 666 et
645 627 711 667 ea
748 612 916 682 magis
951 620 1125 677 secat,
1165 626 1230 666 ac
1259 610 1462 665 dividit.
1501 609 1558 663 Id
1601 618 1824 665 testatur
1855 612 2018 679 visus,
2045 612 2134 680 qui

558 718 681 757 cum
738 703 899 758 radiis
947 703 1076 756 solis
1117 701 1328 756 assidue
1369 701 1746 771 congreditur;
1792 702 1932 756 illius
1959 712 2135 759 autem

555 793 808 863 impetum
840 778 906 848 né
936 793 1192 848 tantillum
1219 793 1431 863 quidem
1457 792 1599 848 ferre
1621 803 1814 864 potest.
1842 795 1905 848 Et
1932 795 2011 849 sol
2042 810 2136 865 per

556 895 724 940 totum
770 879 918 962 diem
949 886 1134 939 caalum
1177 885 1473 954 percurrit;
1515 886 1642 941 illud
1686 894 1862 942 autem
1912 887 2134 943 minimo

524 984 825 1047 .anomento
853 984 1103 1044 temports
1150 974 1453 1029 universum
1494 975 1677 1030 orbem
1709 985 1902 1032 terrae:
1944 991 2132 1047 quem-

535 1055 1106 1138 iadtnddumschristus
1131 1053 1340 1138 quoque
1367 1071 1592 1118 testatur
1615 1064 1798 1119 dicens
1827 1083 1841 1120 :
1877 1065 2133 1133 Quemad-

553 1157 757 1210 modum
783 1157 957 1228 fulgur
974 1137 1314 1228 proﬁciscitur
1345 1154 1406 1210 ab
1433 1157 1638 1223 oriente,
1667 1167 1712 1212 et
1737 1168 1947 1229 apparet
1971 1175 2130 1230 usque

554 1247 623 1300 ad
651 1246 954 1301 occidentem
983 1245 1194 1318 (Matth.
1223 1246 1314 1302 24.
1344 1247 1456 1318 27).
1493 1247 1593 1315 Qui
1623 1248 1851 1318 producit
1878 1259 2046 1304 ventos
2070 1251 2133 1305 de

528 1338 798 1393 "thesauris
832 1339 956 1392 suis.
1007 1337 1131 1393 time
1177 1347 1262 1394 est
1307 1353 1494 1392 rursus
1539 1338 1638 1391 alia
1677 1347 1878 1394 naturae
1904 1340 2128 1410 species,

543 1446 669 1500 qua:
709 1429 862 1485 nobis
894 1444 997 1483 non
1025 1443 1244 1499 parvum
1277 1443 1427 1482 usum
1450 1428 1690 1494 exhibet,
1717 1429 1810 1484 sed
1844 1438 2045 1484 tantmn
2075 1440 2131 1485 ut

539 1525 676 1578 vvitac
723 1532 920 1577 nostra:
965 1520 1248 1590 plurimum
1289 1518 1550 1585 conferat,
1591 1528 1646 1574 et
1680 1519 1865 1575 labore
1891 1521 2127 1576 confecta

547 1626 774 1684 corpora
801 1621 1009 1668 recreet
1029 1627 1092 1667 ac
1121 1611 1416 1682 refrigeret,
1446 1623 1500 1666 et
1524 1628 1702 1668 aerem
1734 1613 1932 1669 efﬁciat
1957 1615 2126 1670 levio-

555 1719 688 1756 rem.
713 1702 825 1757 [loc
857 1713 937 1756 est
960 1702 1101 1757 enim
1130 1717 1320 1756 munus
1340 1711 1640 1768 ventorum,
1669 1719 1845 1759 aerem
1871 1706 2128 1762 suscitare

549 1812 614 1852 ac
641 1796 915 1864 ventilare,
957 1811 1045 1862 ne,
1073 1791 1118 1873 si
1149 1796 1217 1870 sit
1247 1797 1552 1863 immobilis,
1583 1811 1974 1869 corrumpatur,
2020 1801 2129 1856 fru-

549 1900 667 1945 etus
700 1898 986 1955 maturare,
1035 1904 1261 1960 corpora
1304 1891 1527 1946 nutrire.
1566 1889 1700 1959 Quid
1745 1906 1893 1957 vero,
1935 1893 2126 1948 dixerit

547 1980 829 2050 quispiam,
857 1993 985 2035 usus
1007 1994 1194 2035 eorum
1235 1981 1289 2034 in
1323 1981 1675 2051 navigatione.
1725 1991 1960 2052 tempora
2011 1984 2128 2053 qui-

547 2073 646 2127 bus
670 2081 818 2128 certo
855 2081 909 2128 et
944 2072 1232 2128 constituto
1277 2072 1465 2128 ordine
1503 2073 1768 2140 oriuntur,
1811 2083 1866 2129 et
1898 2075 1996 2128 sibi
2047 2077 2124 2130 in-

550 2173 630 2219 ter
682 2179 741 2219 se
787 2164 1018 2219 vicissim
1060 2164 1276 2230 cedunt,
1319 2164 1373 2219 in
1412 2165 1545 2220 mari
1585 2164 1808 2219 choreas
1849 2166 2121 2232 ducentes,

545 2263 600 2308 et
625 2265 818 2311 nautas
839 2255 1306 2326 transportantes?
1343 2255 1440 2311 llic
1475 2255 1618 2310 enim
1669 2256 1994 2322 transmittit,
2037 2258 2124 2314 ille

546 2361 674 2401 vero
719 2346 934 2417 excipit,
961 2356 1014 2401 et
1036 2345 1330 2402 contrarias
1352 2347 1463 2400 vias
1505 2345 1873 2417 ingrediuntur
1893 2358 1947 2402 et
1969 2347 2122 2402 mini-

545 2440 823 2503 strant,‘et
851 2451 1022 2508 pugna
1047 2452 1231 2493 eorum
1260 2445 1344 2493 est
1363 2453 1549 2493 rursus
1579 2438 1699 2493 vita:
1729 2448 1921 2493 nostra:
1956 2438 2116 2494 utilis.

543 2530 658 2584 Alia
707 2529 982 2586 innumera
1024 2530 1126 2586 dici
1171 2539 1390 2600 possent
1423 2541 1696 2586 ventorum
1726 2547 1962 2588 munera.
1999 2532 2122 2588 llzec

545 2629 718 2676 tamen
742 2620 920 2676 omnia
947 2619 1205 2690 prOpheta
1227 2621 1653 2690 praetermittens,
1681 2630 1734 2676 et
1753 2621 1978 2676 auditori
2007 2623 2122 2679 col-

541 2709 749 2781 ligenda
797 2711 1124 2781 relinquens,
1175 2726 1358 2767 eorum
1390 2712 1756 2769 fabricationis
1813 2714 2117 2771 facilitatem

538 2801 796 2856 ostendit.
839 2801 970 2856 Nam
999 2801 1142 2872 quod
1170 2802 1320 2869 dixit,
1352 2801 1435 2857 Ex
1461 2804 1705 2860 thesauris
1727 2805 1852 2874 suis,
1885 2822 1990 2861 non
2019 2806 2121 2862 hoc

539 2892 817 2963 signiﬁcat,
836 2893 1052 2963 aliquos
1092 2907 1212 2949 esse
1242 2904 1520 2949 ventorum
1550 2895 1850 2962 thesauros,
1880 2895 1976 2952 sed
2003 2895 2122 2968 ejus

539 2985 634 3053 qui
653 2985 926 3040 consuluit
953 2982 1256 3040 facilitatem
1277 2985 1487 3051 indicat,
1513 2994 1569 3041 et
1595 3001 1750 3056 quam
1781 2987 1850 3041 sit
1875 2997 2118 3042 creatura

542 3086 780 3146 prompta
817 3085 872 3132 et
893 3077 1158 3147 expedita.
1190 3076 1646 3146 Quemadmodum
1673 3079 1812 3134 enim
1841 3081 1932 3150 qui
1960 3080 2121 3137 habet

541 3168 594 3222 in
625 3168 914 3234 thesauro,
945 3183 1132 3224 secure
1158 3168 1365 3237 omnia,
1394 3177 1449 3224 et
1472 3169 1684 3240 quando
1712 3170 1842 3236 vult,
1875 3171 2076 3242 profert
2100 3190 2116 3228 :

541 3262 612 3314 ita
657 3261 814 3315 etiam
853 3260 1086 3316 universi
1129 3258 1316 3330 Opifex
1355 3261 1534 3316 omnia
1568 3260 1727 3316 facile
1759 3261 2023 3328 condidit,
2065 3272 2120 3318 et

543 3363 744 3408 natura:
767 3352 996 3408 tradidit.
1028 3352 1194 3409 Nides
1220 3363 1414 3424 quanta
1444 3355 1514 3410 sit
1539 3354 1703 3410 etiam
1732 3355 1784 3410 in
1810 3371 1934 3410 aere
1955 3355 2114 3410 diffe-

541 3445 733 3510 rentia,
775 3443 1219 3515 quemadmodum
1273 3455 1396 3500 sunt
1439 3445 1490 3499 in
1531 3461 1664 3516 aqua
1701 3455 1754 3500 et
1783 3447 1903 3516 igne
1932 3446 2113 3502 multa:

543 3537 900 3592 mutationes?
926 3537 1194 3607 Aquarum
1240 3537 1380 3592 enim
1423 3537 1540 3592 alia:
1567 3547 1691 3593 sunt
1712 3537 1968 3606 fontium,
2002 3540 2119 3595 alia:

545 3645 672 3683 vero
703 3629 942 3694 marinae,
961 3627 1080 3682 alim
1110 3636 1287 3682 autem
1313 3627 1629 3694 aerize,alim
1644 3638 1768 3682 sunt
1788 3628 1840 3682 in
1867 3628 2116 3697 nubibus,

543 3721 819 3774 aliamvero
844 3718 1084 3773 caelestes
1103 3758 1119 3784 ,
1145 3717 1446 3788 aliae-supra
1475 3718 1634 3773 caelos
1655 3759 1673 3786 ,
1702 3719 1820 3774 alia:
1847 3719 2119 3776 subterra-

545 3827 681 3866 neae.
709 3809 776 3866 Et
800 3811 852 3866 in
876 3810 1136 3882 igne,ahic
1159 3809 1372 3880 quidem
1410 3817 1494 3866 est
1523 3809 1574 3864 in
1601 3812 1732 3874 sole,
1775 3811 1865 3866 ille
1904 3827 2030 3866 vero
2066 3813 2117 3867 in

543 3902 688 3970 luna,
732 3903 869 3957 alius
913 3903 964 3957 in
996 3902 1195 3968 stellis,
1233 3901 1370 3957 alius
1395 3902 1446 3957 in
1479 3901 1706 3972 fulgure,
1729 3902 1866 3957 alius
1894 3902 1946 3956 in
1970 3917 2116 3968 acre,

545 3994 678 4047 alius
699 3992 787 4063 qui
830 3993 888 4048 fit
924 4007 988 4048 ex
1018 3992 1195 4063 lignis,
1218 3992 1306 4063 qui
1335 4001 1417 4048 est
1443 3991 1582 4062 apud
1609 4007 1726 4056 nos,
1759 3999 1810 4046 et
1838 3991 1882 4046 is
1908 3993 1996 4061 qui
2038 4000 2120 4046 est

545 4085 596 4139 in
635 4082 886 4149 lucernis,
923 4083 1057 4138 alius
1095 4085 1184 4152 qui
1222 4099 1292 4137 ex
1327 4091 1505 4138 terra:
1539 4091 1620 4138 est
1645 4085 1786 4137 enim
1811 4097 1954 4152 smpe
1979 4081 2122 4152 ejus-

545 4172 687 4228 modi
716 4173 872 4242 iguis,
895 4173 992 4244 qui
1013 4189 1044 4229 e
1063 4183 1208 4228 terra
1225 4173 1427 4238 editur,
1456 4175 1594 4230 sicut
1631 4173 1804 4230 fontes
1827 4189 2117 4244 aquarum:

543 4265 676 4320 alius
701 4265 787 4336 qui
823 4266 881 4319 fit
907 4281 972 4320 ex
1001 4265 1198 4320 collisis
1227 4264 1504 4334 lapidibus,
1533 4265 1667 4319 alius
1703 4265 1788 4334 qui
1823 4275 1907 4321 est
1944 4265 1995 4319 in
2029 4279 2121 4320 co-

544 4357 646 4410 mis
695 4356 967 4420 arborum,
1011 4370 1132 4425 qua:
1175 4356 1302 4424 ipsa:
1339 4368 1550 4424 quoque
1593 4354 1949 4409 colliduntur:
1987 4355 2122 4410 alius

549 4457 724 4502 autem
770 4447 822 4501 in
861 4445 1185 4500 fulminibus.
1221 4443 1293 4498 Ita
1325 4445 1484 4498 etiam
1516 4444 1567 4498 in
1597 4458 1723 4499 aere
1743 4485 1759 4510 ,
1793 4444 1877 4498 hic
1910 4444 2119 4515 quidem

543 4551 626 4594 est
654 4541 900 4604 crassior,
934 4539 1022 4608 qui
1050 4547 1130 4593 est
1175 4537 1320 4592 circa
1349 4551 1450 4592 nos
1471 4578 1486 4601 ,
1526 4536 1616 4591 ille
1653 4551 1782 4590 vero
1833 4537 2073 4592 subtilior
2104 4557 2118 4594 :

541 4633 632 4702 qui
653 4642 834 4686 autem
855 4637 940 4684 est
965 4630 1228 4699 superior,
1261 4629 1426 4697 magis
1449 4625 1950 4696 ignensNentornm
1986 4644 2122 4698 quo-

541 4737 647 4790 que
687 4730 812 4775 sunt
859 4720 1037 4774 multas
1087 4717 1436 4774 differentia:
1489 4718 1576 4773 hic
1614 4717 1827 4787 quidem
1855 4718 2119 4784 subtilior,

541 4812 629 4867 ille
660 4825 786 4866 vero
811 4811 1076 4865 crassior:
1107 4809 1242 4863 alius
1281 4808 1538 4878 frigidior,
1567 4809 1707 4863 alius
1735 4809 1958 4864 siccior:
1991 4809 2123 4864 alius

543 4903 829 4964 humidior,
852 4903 984 4957 alius
1009 4901 1248 4958 calidior.
1281 4903 1387 4958 Aer
1401 4911 1578 4956 autem
1604 4909 1658 4956 et
1687 4901 1874 4967 nubes,
1902 4901 1986 4955 hic
2013 4902 2125 4970 qui-

537 4995 663 5052 dem
721 4994 938 5059 tardior,
975 4993 1070 5048 illa
1096 5007 1226 5048 vero
1251 4992 1585 5064 progreditur
1611 4991 1868 5056 celerius,
1905 4991 2124 5062 perinde

541 5101 606 5142 ac
633 5086 675 5141 si
706 5096 848 5143 esset
872 5101 1055 5156 eques.
1096 5085 1168 5140 Ita
1203 5087 1360 5140 etiam
1399 5085 1451 5142 in
1491 5085 1718 5141 nubibus
1745 5092 1800 5138 et
1824 5088 2014 5148 ventis,
2045 5085 2124 5138 lue

545 5179 758 5250 quidem
799 5188 924 5232 sunt
961 5177 1162 5233 similes
1188 5178 1336 5232 urnis
1368 5186 1422 5232 et
1459 5177 1598 5248 vasis
1625 5175 1879 5245 aquariis,
1909 5184 1968 5229 ut
2005 5190 2122 5244 qua:

547 5269 830 5340 aliquando
868 5268 978 5324 sint
1004 5267 1178 5338 plena:
1201 5267 1391 5338 aquis,
1430 5265 1715 5336 aliquando
1743 5268 1977 5320 ferantur
2015 5265 2127 5319 ina-

549 5377 677 5417 nes:
705 5361 822 5416 alia:
845 5375 976 5416 vero
1003 5369 1130 5416 sunt
1167 5357 1378 5414 ﬂabello
1402 5358 1626 5413 similes.
1669 5357 1749 5413 Tu
1785 5366 1962 5412 autem
2013 5355 2126 5411 haec

543 5466 839 5522 eorumque
887 5451 1248 5507 diversitatem
1294 5459 1350 5506 et
1399 5449 1707 5504 varietatem
1754 5445 2122 5512 considerans,

551 5544 817 5600 admirare
837 5543 1110 5614 Opificem.
1135 5543 1187 5600 8.
1218 5542 1319 5611 Qui
1351 5541 1588 5613 percussit
1615 5541 1943 5609 primogenita
1966 5536 2128 5609 {Egyo

549 5633 644 5704 pti.
677 5633 957 5709 Postquam
987 5633 1115 5690 dixit
1159 5633 1424 5702 generalia
1448 5675 1461 5698 ,
1492 5641 1542 5686 et
1573 5629 1800 5686 ostendit
1831 5627 1917 5682 Dei
1948 5629 2120 5698 provi-

1301 228 1356 280 S.
1398 227 1672 282 JOANNIS
1710 228 2181 284 CIIRYSOSTUHI

2223 232 2536 286 AliCllll'lP.
2579 235 3106 290 COXSTANTINOP.
3691 247 3813 299 r393

2249 343 2477 398 (leutiam
2507 346 2556 398 in
2589 347 2887 401 universum
2925 349 3105 402 orbem
3140 361 3312 418 terrae,
3345 368 3438 420 per
3467 352 3692 422 fulgura,
3726 377 3814 430 ρυλ-

2246 445 2451 503 ventos,
2490 451 2585 505 per
2609 451 2810 503 aerem,
2842 454 2935 508 per
2962 440 3148 505 nubes,
3180 459 3272 511 per
3297 445 3520 512 pluvias,
3551 457 3604 502 et
3631 464 3813 504 eorum

2244 541 2410 596 nugas
2427 528 2618 596 arguit,
2641 529 2729 598 qui
2751 529 2933 584 dicunt
2958 531 3336 600 providentiam
3360 551 3530 606 usque
3550 537 3616 592 ad
3639 540 3813 596 lunam

2245 617 2543 687 pertingere
2574 616 2649 691 (a)
2677 636 2690 672 :
2714 619 2918 675 accedit
2959 620 3026 675 ad
3066 621 3366 692 singularia,
3413 641 3606 699 nempe
3645 630 3712 686 ad
3749 647 3814 688 ea

2241 723 2359 776 quae
2401 709 2664 781 sigillatim
2705 714 3051 785 privatimque
3087 714 3285 772 Judmis
3321 717 3456 774 facta
3486 730 3631 776 sunt.
3659 723 3810 790 Quod

2240 797 2380 852 enim
2413 807 2572 866 terra,
2605 809 2659 856 et
2691 803 2900 867 caelum,
2930 813 2985 858 et
3012 805 3255 860 universa
3283 822 3401 876 qua:
3428 809 3688 876 videntur,
3720 815 3809 872 Dei

2238 887 2614 958 benignitatem
2644 895 2895 960 sentiant,
2921 910 2985 949 ex
3014 895 3076 950 iis
3101 913 3218 966 qua:
3239 897 3378 953 dicta
3407 909 3530 955 sunt
3559 906 3807 960 ostendit:

2237 987 2298 1032 ut
2318 989 2493 1035 autem
2537 983 2758 1038 memori
2801 993 2856 1040 et
2895 996 3045 1054 grato
3085 989 3263 1041 animo
3302 987 3515 1046 Judaaos
3553 995 3804 1063 efﬁceret,

2239 1079 2419 1123 narrat
2484 1071 2640 1125 etiam
2700 1074 3016 1143 singularia,
3083 1077 3371 1134 ostendens
3444 1083 3804 1142 universorum

2237 1158 2430 1227 Deum,
2461 1168 2516 1216 et
2543 1163 2631 1231 qui
2661 1165 2894 1219 omnium
2920 1180 3102 1222 curam
3127 1168 3281 1238 gerit,
3310 1170 3387 1225 eis
3415 1173 3654 1241 quaedam
3682 1193 3804 1245 pro-

2237 1248 2346 1317 pria
2374 1248 2626 1306 beneﬁcia
2655 1253 2894 1324 largitum
2921 1269 3058 1311 esse.
3101 1257 3429 1330 Quamquam
3459 1279 3577 1333 qua:
3607 1265 3657 1320 in
3687 1267 3802 1323 illos

2235 1355 2446 1411 quoque
2489 1342 2716 1411 ﬁebant,
2761 1355 2912 1400 erant
2955 1362 3138 1402 rursus
3178 1351 3464 1420 generalia.
3509 1355 3658 1422 Quod
3705 1361 3798 1425 ipsi

2235 1431 2376 1486 enim
2408 1432 2562 1488 electi
2588 1444 2767 1489 essent
2794 1436 3003 1490 ex'aliis
3023 1478 3038 1501 ,
3069 1437 3121 1492 id
3148 1437 3372 1494 faciebat
3400 1451 3455 1496 ut
3492 1443 3609 1500 illos
3642 1463 3802 1502 azmo-

2235 1521 2505 1578 larentur:
2537 1526 2678 1594 quod
2707 1527 2898 1583 Paulus
2921 1545 3130 1599 quoque
3154 1531 3474 1601 signiﬁcans,
3503 1536 3628 1591 dicit
3657 1557 3670 1592 :
3695 1539 3798 1595 Eo-

2233 1627 2344 1664 rum
2383 1612 2564 1667 delicto
2600 1616 2736 1669 salus
2762 1617 3008 1686 gentibus,
3041 1629 3094 1673 ut
3121 1636 3204 1674 eos
3229 1624 3583 1679 cumularentur
3605 1628 3626 1700 (
3651 1629 3794 1684 liam.

2235 1702 2324 1766 Η,
2357 1704 2418 1759 il
2451 1703 2496 1774 ).
2536 1706 2989 1770 Quemadmodum
3017 1711 3156 1764 enim
3186 1723 3352 1782 pater,
3386 1730 3504 1770 cum
3532 1717 3623 1771 ﬁlii
3648 1721 3714 1773 ab
3735 1736 3796 1774 eo

2231 1793 2520 1848 abscedunt
2538 1835 2553 1860 ,
2599 1811 2762 1850 unum
2791 1812 2858 1852 ex
2882 1799 2959 1854 eis
2985 1801 3151 1854 sumit
3177 1811 3229 1857 et
3255 1803 3531 1861 considere
3561 1809 3682 1863 facit
3705 1826 3793 1862 su-

2233 1897 2325 1952 pra
2350 1899 2442 1938 sua
2474 1901 2641 1956 genua
2668 1903 2683 1942 :
2714 1905 2818 1959 non
2850 1890 2948 1944 hoc
2981 1901 3157 1948 autem
3203 1893 3326 1949 facit
3371 1907 3585 1968 propter
3625 1901 3791 1968 illum,

2231 1974 2324 2028 sed
2350 1975 2517 2030 multo
2546 1979 2710 2049 magis
2760 1989 2973 2050 propter
3021 1981 3184 2048 alios,
3222 1995 3279 2038 ut
3303 2001 3367 2040 eo
3389 1987 3588 2046 honore
3611 1997 3791 2062 perciti

2230 2063 2296 2118 ad
2327 2076 2527 2134 patrem
2547 2079 2843 2134 accnrrant,
2877 2071 3116 2128 eamdem
3153 2074 3525 2146 indulgentiam
3551 2084 3789 2138 sensuri:

2231 2154 2299 2209 ita
2327 2157 2484 2211 etiam
2518 2159 2654 2213 Deus
2683 2160 2805 2215 fecit
2831 2160 3046 2217 Judmis.
3081 2163 3171 2220 Eis
3195 2168 3335 2221 enim
3375 2183 3479 2223 non
3520 2186 3682 2241 super
3706 2188 3793 2243 ge-

2230 2261 2355 2313 nua,
2409 2247 2503 2302 sed
2549 2265 2708 2319 super
2750 2249 2984 2316 brachia,
3015 2263 3072 2308 ut
3102 2255 3228 2310 dicit
3263 2259 3538 2330 propheta,
3561 2271 3615 2315 et
3638 2277 3793 2334 super

2227 2335 2442 2392 dorsum
2478 2340 2760 2411 assumptis
2787 2341 2806 2411 (
2841 2341 2968 2398 Osee
2999 2345 3081 2399 Η.
3108 2345 3142 2400 5
3172 2347 3212 2413 ),
3238 2361 3356 2415 qua:
3380 2359 3502 2403 sunt
3528 2351 3609 2405 eis
3633 2367 3790 2421 expe-

2229 2428 2385 2484 tenda
2425 2429 2672 2502 largitur,
2709 2434 2979 2504 templum,
3023 2437 3302 2502 sacrificia,
3333 2448 3386 2492 et
3418 2455 3536 2508 qua:
3571 2443 3792 2498 maxime

2226 2534 2291 2575 ac
2335 2534 2456 2576 cum
2501 2523 2701 2592 majore
2746 2539 2870 2578 cura
2917 2526 3242 2596 quaarebant,
3291 2529 3342 2582 in
3391 2529 3530 2584 bello
3578 2533 3791 2597 auxilia,

2227 2613 2492 2680 victorias,
2516 2624 2732 2685 tropaea,
2763 2633 2936 2672 rerum
2963 2627 3290 2675 terrenarum
3330 2622 3558 2692 copiam,
3597 2633 3650 2678 et
3686 2623 3791 2678 fru-

2226 2715 2405 2762 ctuum
2434 2709 2750 2764 fertilitatem
2781 2709 2951 2781 (Deut.
2985 2711 3054 2764 52
3105 2711 3192 2772 Η)
3220 2753 3236 2777 ,
3277 2713 3355 2767 eis
3383 2713 3500 2766 illos
3528 2714 3790 2770 instruens

2225 2807 2279 2854 et
2305 2798 2598 2864 adornans,
2627 2810 2677 2855 et
2705 2801 2837 2855 alios
2865 2801 2929 2854 ad
2959 2801 3344 2858 aamulationem
3373 2803 3660 2860 adducens.
3688 2806 3788 2862 Sed

2226 2890 2473 2959 quoniam
2505 2891 2711 2946 evasuri
2738 2901 2888 2945 erant
2915 2891 3160 2962 improbi,
3193 2885 3236 2948 si
3263 2895 3340 2948 eis
3366 2904 3618 2964 perpetuo
3648 2897 3791 2951 blan-

2224 2980 2447 3046 diretur,
2473 2982 2616 3052 ipsos
2634 2997 2842 3052 quoque
2864 2998 2958 3053 per
2977 2985 3230 3053 supplicia
3257 2986 3584 3040 moderatur.
3607 2987 3786 3057 Magna

2223 3080 2305 3125 est
2330 3071 2468 3125 enim
2503 3072 2592 3126 Dei
2619 3073 2873 3143 sapientia
2893 3113 2911 3141 ,
2957 3084 3010 3128 et
3033 3073 3084 3128 in
3111 3074 3271 3149 rebus
3313 3074 3634 3131 difficillimis
3657 3079 3788 3131 viam

2223 3161 2526 3231 exitumque
2553 3162 2774 3218 invenit.

2297 3251 2352 3306 4.
2386 3251 2714 3306 Providentia
2737 3251 2833 3306 Dei
2856 3251 2923 3306 ad
2941 3253 3110 3307 omnia
3124 3255 3367 3326 pertinet.
3387 3253 3590 3310 -—Vide
3615 3267 3788 3310 autem

2222 3342 2494 3412 propheta:
2532 3343 2884 3414 prudentiam,
2915 3344 3002 3413 qui
3041 3359 3070 3396 a
3098 3345 3432 3414 generalibus
3457 3345 3525 3399 ad
3554 3349 3665 3400 haec
3691 3347 3787 3400 dc-

2221 3437 2371 3493 duxit
2399 3439 2691 3492 orationem
2724 3454 2738 3492 :
2787 3453 2854 3492 ne
2898 3438 3018 3507 quis
3055 3437 3196 3492 enim
3241 3438 3430 3492 stultus
3462 3439 3788 3492 existimaret

2227 3531 2319 3585 Dei
2349 3529 2728 3600 providentiam
2755 3529 2953 3584 versari
2984 3530 3034 3583 in
3057 3529 3441 3598 singularibus,
3463 3529 3674 3600 quando
3704 3545 3790 3582 ve-

2224 3623 2302 3678 nit
2346 3620 2411 3676 ad
2455 3622 2738 3692 generalia,
2769 3628 2894 3674 tunc
2939 3619 3051 3674 haec
3091 3634 3302 3690 quoque
3329 3620 3534 3690 attingit
3561 3619 3786 3674 dicens:

2227 3715 2328 3782 Qui
2357 3714 2598 3784 percussit
2638 3713 2964 3784 primogenita
2994 3710 3229 3784 zEggpti.
3278 3711 3468 3766 Annon
3510 3711 3660 3766 vobis
3712 3713 3790 3764 vi-

2221 3806 2416 3861 dentur
2464 3805 2578 3859 hrcc
2626 3805 2792 3874 magis
2838 3801 2972 3858 ficta
3010 3817 3128 3858 esse
3176 3811 3393 3872 propter
3435 3800 3690 3856 .lud:cos?
3734 3803 3789 3854 Si

2224 3898 2380 3968 igitur
2395 3895 2697 3960 ostendero,
2730 3895 2844 3950 hac
2865 3909 3073 3966 quoque
3099 3894 3228 3950 facta
3253 3909 3370 3949 esse
3401 3901 3616 3963 propter
3637 3893 3789 3958 alios,

2223 3991 2348 4061 quid
2377 3991 2554 4046 dicent
2581 3990 2617 4045 ii
2646 3992 2736 4061 qui
2763 3988 3005 4045 cﬁ'utiunt
3035 3990 3124 4045 Dei
3159 3989 3537 4060 providentiam
3577 3988 3643 4042 ad
3679 3989 3793 4042 uni-

2226 4097 2377 4137 versa
2419 4084 2637 4139 minime
2664 4083 2934 4153 pertinere
2959 4083 2981 4137 ?
3021 4081 3299 4148 Quomodo
3337 4096 3464 4150 ergo
3493 4090 3666 4151 potest
3695 4082 3792 4132 hoc

2225 4173 2467 4229 ostendi?
2493 4173 2652 4230 Certe
2675 4175 2866 4229 sufﬁcit
2892 4189 2920 4227 a
2954 4175 3060 4229 Deo
3084 4175 3352 4228 enuntiata
3379 4173 3640 4227 sententia
3679 4189 3793 4241 qua:

2227 4264 2328 4322 ltoc
2364 4266 2644 4337 signiﬁcat,
2673 4275 2727 4320 et
2775 4267 2940 4321 dicit:
2986 4265 3053 4320 Ut
3093 4265 3348 4318 ostendam
3372 4265 3425 4317 in
3451 4273 3495 4317 te
3525 4264 3794 4332 potentium

2219 4373 2410 4427 meam,
2438 4366 2486 4411 et
2511 4365 2563 4410 ut
2595 4357 2920 4410 annuntietur
2944 4372 3120 4408 nomen
3152 4372 3312 4408 meum
3339 4355 3389 4408 in
3411 4355 3642 4407 universa
3663 4363 3795 4406 terra

2227 4449 2418 4523 (Exod.
2462 4449 2516 4505 9.
2565 4449 2666 4513 lli;
2705 4448 2857 4502 fiant.
2897 4447 3092 4514 9.17).
3148 4445 3332 4500 Vidisti
3383 4455 3606 4499 mortem
3656 4445 3795 4498 illam

2225 4542 2389 4596 fuisse
2416 4541 2746 4611 evangelium
2767 4580 2782 4604 ,
2814 4547 2868 4594 et
2901 4539 3105 4609 plagam
3135 4538 3274 4592 illam
3310 4537 3562 4590 divinitus
3596 4535 3798 4590 immis-

2227 4645 2340 4685 sam
2381 4629 2542 4686 fuisse
2573 4628 3021 4700 praedicationem,
3048 4637 3104 4682 ut
3130 4643 3246 4697 qum
3272 4627 3464 4697 ubique
3490 4625 3800 4695 pervaderet

2229 4731 2285 4774 et
2335 4720 2425 4774 Dei
2477 4719 2764 4790 potentiam
2816 4718 3169 4789 prmdicaret?
3217 4717 3457 4774 Universi
3497 4731 3624 4786 ergo
3653 4715 3801 4770 orbis

2230 4820 2490 4865 terrarum
2516 4825 2699 4865 curam
2725 4810 2880 4880 gerit,
2922 4811 3082 4864 etiam
3120 4808 3332 4880 quando
3372 4824 3460 4866 res
3495 4806 3798 4863 Judmorum

2228 4903 2582 4956 administrat.
2613 4901 2769 4974 Atqui
2809 4902 3098 4972 potentiam
3142 4916 3290 4956 suam
3319 4901 3444 4956 olim
3475 4916 3684 4972 quoque
3711 4899 3803 4954 de-

2229 4997 2479 5060 claravit,
2527 5006 2582 5051 ut
2623 4997 2676 5051 in
2702 4995 2919 5067 Joseph,
2971 5004 3028 5050 ut
3077 4995 3129 5050 itt
3181 4994 3468 5060 Abraham,
3523 4994 3615 5049 sed
3666 5007 3804 5048 nunc

2232 5097 2407 5141 tamen
2443 5087 2695 5156 apertius.
2723 5085 3036 5152 Quomodo?
3073 5081 3223 5140 Tunc
3247 5083 3456 5154 quidem
3489 5099 3583 5152 per
3607 5081 3807 5136 beneﬁ-

2231 5179 2405 5232 cium:
2439 5191 2577 5231 nunc
2614 5184 2787 5231 autem
2833 5191 2927 5246 per
2971 5175 3213 5245 plagam:
3259 5189 3360 5228 nec
3403 5172 3718 5237 intermittit,
3758 5180 3816 5222 ut

2227 5268 2335 5338 jam
2375 5283 2517 5337 smpc
2557 5265 2698 5332 dixi,
2729 5266 2940 5324 assidue
2963 5274 3016 5319 et
3045 5266 3095 5318 in
3126 5277 3437 5333 unaquaque
3462 5261 3809 5330 generatione

2232 5359 2464 5430 seipsum
2490 5357 2790 5423 ostendere,
2813 5366 2867 5413 et
2891 5373 2987 5426 per
3007 5371 3166 5426 opera
3194 5353 3532 5408 manifestum
3558 5350 3807 5405 reddere.

2233 5452 2347 5506 Non
2379 5451 2428 5505 id
2453 5461 2629 5506 autem
2655 5465 2867 5521 semper
2889 5449 3010 5504 facit
3039 5445 3224 5503 eodem
3253 5444 3434 5511 modo,
3463 5441 3557 5498 sed
3587 5442 3734 5497 varie
3759 5449 3810 5496 et

2295 5547 2597 5679 (a)i?uidam
2621 5580 2682 5616 eo
2719 5563 2933 5618 stultittm
2973 5567 3226 5618 venerant,
3264 5567 3317 5609 ut
3341 5555 3467 5608 tales
3499 5567 3651 5620 nugas
3681 5567 3807 5605 com-

2295 5640 2367 5679 ant
2428 5639 2605 5679 uerunt.

2235 5639 2386 5681 menti
2412 5639 2605 5679 luerim.
