4134 6210
464 322 567 381 391

465 440 557 492 καὶ
572 436 634 491 :6
654 434 798 511 ὕδωρ
816 438 876 495 ἐν
893 437 974 510 τῷ
995 440 1150 514 πυρὶ,
1167 438 1292 496 οὐτε
1318 440 1475 495 τοῦτο
1495 444 1674 496 ἐκεῖνο
1692 440 2041 515 ἀνεξήρανεν.

461 522 585 576 οὐτε
615 524 791 578 ἐκεῖνο
817 522 979 580 τοῦτο
1003 526 1325 583 κατέσϐεσε.
1353 529 1546 584 Καίτοι
1568 528 1715 603 [587]
1735 532 1771 602 ή
1794 527 2047 601 ἀστραπὴ

462 605 558 661 τοῦ
583 605 812 676 ήλιακοῦ
835 608 1011 680 πυρδς
1045 609 1302 683 ὀξύτερον
1317 652 1332 678 ,
1361 614 1655 687 φανότερον
1672 655 1688 678 ,
1714 611 2044 684 τομώτερον.

463 689 574 746 Kal
624 690 1099 763 μαρτυροῦσιν“αί
1146 693 1300 765 ὄψεις
1337 695 1534 762 αὐταῖς
1558 696 1744 750 ἀκτῖσι
1780 694 2047 768 διηνεκῶς

465 771 900 843 προσϐάλλουσαι
916 786 943 816 ι
965 791 979 807 ·
998 775 1215 849 ἐκείνης
1225 777 1283 832 δέ
1296 777 1394 849 τήν
1410 779 1582 851 φοράν
1591 778 1711 833 οὐδὲ
1724 777 1858 850 πρὸς
1870 777 2046 850 βραχύ

466 853 760 926 δυνάμεναι
788 856 1053 926 ἐνεγκεῖν.
1083 859 1196 914 Kal
1226 860 1257 913 6
1284 860 1383 932 μὲν
1406 860 1556 932 ἣλιος
1575 860 1665 916 6:6
1695 858 1877 931 πάσης
1907 859 2047 931 ήμέ-

471 952 573 1006 ρας
610 935 881 1009 διατρέχει
912 938 1004 994 τὸν
1043 939 1301 1013 οὐρανὸν,
1344 941 1480 1014 αῦτη
1518 943 1576 996 δὲ
1609 945 1668 998 ἐν
1709 943 1809 1014 μιᾷ
1854 940 2049 1014 καιροῦ

473 1020 615 1091 ῥοπῇ
642 1018 741 1092 τὴν
767 1022 1092 1095 οἰκουμένην
1135 1021 1353 1080 ἃπασαν
1386 1040 1401 1056 ·
1428 1025 1678 1098 καθάπερ
1734 1027 1830 1099 καὶ
1858 1027 1888 1081 6
1915 1026 2051 1097 X9:-

475 1101 596 1165 στδς
618 1105 884 1176 μαρτυρεῖ
907 1104 1080 1174 λέγων
1096 1122 1110 1137 ·
1137 1105 1364 1178 Ὠσπερ
1385 1107 1422 1175 ἠ
1447 1107 1723 1179 ἀστραπὴ
1741 1108 2051 1178 πορεύεται

472 1200 545 1264 ἐξ
557 1200 886 1278 ἀνατολῶν,
913 1202 1014 1257 καί
1029 1204 1302 1273 φαίνεται
1316 1203 1429 1271 ἕως
1447 1204 1715 1276 δυσμῶν.
1741 1206 1804 1260 '0
1816 1205 2052 1277 ἐξάγων

473 1283 738 1355 ἀνέμους
762 1284 832 1340 ἐκ
845 1286 1165 1355 θησαυρῶν
1181 1288 1390 1344 αὐτοῦ.
1408 1288 1558 1360 Αὕτη
1583 1290 1744 1345 πάλιν
1772 1289 1935 1361 ἐτέρα
1953 1288 2054 1359 φύ-

480 1384 585 1432 σις,
603 1367 788 1438 χρείαν
814 1368 875 1421 οὐ
895 1370 1096 1442 μικρὰν
1109 1373 1243 1443 ήμῖν
1262 1372 1596 1444 παρέχουσα,
1613 1371 1750 1429 ἀλλά
1761 1372 2051 1444 τοσαύτην,

477 1449 619 1504 ὥστε
644 1452 725 1515 είς
755 1450 819 1504 τὸ
848 1451 980 1506 πολὺ
999 1453 1100 1525 τῆς
1134 1455 1280 1526 ζωῆς
1301 1457 1459 1528 ήμῶν
1481 1457 1511 1498 b
1534 1457 1826 1525 συντελεῖν,
1850 1459 1945 1513 xal
1964 1476 2055 1512 κε-

480 1534 732 1604 κμηκότα
759 1533 1098 1590 ἀνακτᾶσθαι
1138 1536 1210 1591 τά
1263 1535 1513 1610 σώματα,
1548 1540 1645 1594 καὶ
1696 1539 2053 1613 καταψύχειν,

480 1617 577 1670 καὶ
597 1616 848 1689 τδνιάέρα
862 1620 1189 1692 κουφότερον
1208 1625 1400 1677 ποιεῖν.
1425 1623 1594 1679 Τοῦτο
1610 1621 1721 1695 γάρ
1746 1623 1907 1697 ἔργον
1932 1626 2059 1679 ἀνέ-

481 1719 620 1772 μων,
644 1701 1021 1774 ἀναρριπίζειν
1041 1704 1133 1760 τὸν
1163 1705 1323 1778 ἀέρα,
1345 1705 1486 1762 ὥστε
1522 1706 1598 1780 μή
1629 1707 1889 1783 ἀκίνητον
1927 1697 2057 1764 δντᾶ

481 1783 816 1856 φθείρεσθαι,
842 1785 1124 1842 πεπαίνειν
1150 1792 1277 1855 τοὺς
1304 1792 1572 1864 καρποὺς,
1590 1792 1814 1863 τρέφειν
1844 1790 1915 1846 τὰ
1953 1790 2058 1846 σώ-

480 1884 651 1938 ματα.
676 1868 743 1924 Τί
771 1868 838 1925 ἀν
869 1886 954 1936 τις
977 1871 1124 1926 clm:
1147 1871 1247 1937 τὰς
1277 1874 1337 1927 ἐν
1373 1874 1621 1944 ναυτιλίᾳ
1643 1874 1832 1947 χρείας
1855 1874 2056 1940 αὐτῶν,

479 1952 605 2017 τούς
631 1953 875 2024 καιροὺς,
897 1954 1032 2008 καθ’
1068 1953 1165 2021 οὓς
1198 1957 1547 2029 τεταγμένως
1585 1959 1923 2028 ἐφίστανται,
1959 1960 2058 2013 καὶ

481 2035 906 2107 παραχωροῦσιν
940 2036 1214 2109 ἀλλήλοις,
1239 2039 1557 2111 χορεύοντες
1584 2041 1642 2093 ὲν
1685 2039 1765 2112 τῷ
1808 2041 2059 2111 πελάγει,

481 2118 728 2183 καὶτοὺς
747 2118 1037 2192 πλωτῆρας
1068 2120 1505 2189 διαϐιϐάζοντες;
1551 2124 1663 2178 Kal
1689 2125 1720 2177 6
1751 2125 1850 2197 μὲν
1887 2124 2060 2195 παρέ-

482 2201 721 2272 πεμψεν,
743 2203 773 2256 6
800 2202 857 2257 δέ
871 2203 1163 2272 διεδέξατο,
1194 2206 1290 2259 καὶ
1320 2208 1566 2272 ἐναντίας
1589 2207 1867 2264 ὁδεύουσιν
1882 2209 2058 2274 ὁδοὺς,

484 2284 578 2338 καὶ
598 2282 985 2354 διακονοῦνται,
1020 2288 1114 2341 καὶ
1142 2290 1176 2359 ή
1222 2288 1368 2361 μάχη
1414 2288 1594 2345 αὐτῶν
1624 2290 1702 2362 τῷ
1742 2290 1846 2364 βίῳ
1897 2291 2063 2347 πάλιν

487 2364 698 2435 γίνεται
725 2369 1017 2442 χρήσιμος.
1048 2370 1159 2424 Kal
1197 2371 1366 2445 μυρία
1389 2372 1551 2444 ἔτερα
1573 2374 1638 2429 ἀν
1665 2391 1749 2439 τις
1775 2375 1922 2431 εἴποι
1953 2375 2062 2430 τῶν

488 2447 711 2519 ἀνέμων
735 2449 895 2522 ἔργα.
922 2451 1063 2506 Ἀλλ’
1091 2453 1241 2525 ὅμως
1268 2452 1444 2509 ταῦτα
1468 2457 1646 2511 πάντα
1686 2457 2063 2531 παραδραμὼν

489 2533 520 2585 6
540 2533 851 2605 Προφήτης,
875 2536 970 2590 καὶ
995 2537 1402 2610 καταλιπὼντῷ
1416 2540 1656 2612 ἀκροατῇ
1681 2541 2061 2611 ἀναλέγεσθαι,

490 2615 653 2681 αὑτὸς
700 2616 862 2688 μόνον
900 2619 1000 2691 τὴν
1047 2619 1296 2679 εὐκολίαν
1337 2622 1436 2693 τῆς
1484 2622 1846 2696 δημιουργίας
1891 2623 2065 2696 παρέ-

491 2715 677 2770 στησε.
691 2700 764 2754 Τὸ
775 2711 800 2741 ο
825 2701 934 2775 γὰρ
948 2705 1141 2770 είπεῖν,
1160 2706 1262 2760 Ἐκ
1279 2704 1599 2775 θησαυρῶν
1609 2706 1821 2774 αὐτοῦ,
1832 2706 1895 2761 οὐ
1910 2705 2068 2762 τοῦτο

488 2781 776 2854 δηλοῦντός
823 2786 991 2853 ἐστιν,
1031 2788 1113 2842 ὅτι
1150 2787 1412 2861 θησαυροί
1454 2790 1599 2855 τινές
1643 2793 1783 2847 είσιν
1825 2790 2066 2864 ἀνέμων,

490 2864 628 2948 ἀλλά
662 2867 725 2921 τὺ
753 2864 972 2923 εὔκολον
1017 2870 1111 2926 τοῦ
1155 2871 1590 2939 ἐπιστατοῦντος,
1627 2873 1688 2928 :6
1715 2874 1933 2948 ἕτοιμον
1964 2876 2068 2947 τῆς

490 2947 739 3017 κτίσεως,
764 2949 827 3004 :6
863 2953 1398 3025 παρεσκευασμένον.
1441 2955 1654 3029 Ὠσπερ
1682 2957 1794 3030 γάρ
1817 2958 1847 3011 6
1877 2959 1935 3011 ἐν
1966 2956 2063 3030 θη·

493 3030 680 3103 σαυρῷ
703 3030 864 3102 έχων,
895 3036 1014 3105 μετ’
1039 3034 1220 3101 ἀδείας
1246 3036 1430 3107 ἐξάγει
1462 3037 1662 3106 πάντα,
1687 3039 1785 3094 καὶ
1809 3041 1900 3096 ὅτε
1939 3039 2067 3112 βού-

490 3111 642 3168 λεται
673 3131 687 3148 ·
721 3113 864 3170 οὑτω
895 3117 992 3171 καὶ
1021 3117 1051 3170 6
1070 3117 1165 3171 τοῦ
1194 3120 1395 3184 παντὸς
1417 3120 1748 3194 δημιουργὸς
1781 3111 1961 3179 πάντα
1979 3123 2071 3178 εὐ-

493 3197 668 3262 κόλως
686 3198 929 3271 ἐποίησε,
962 3200 1057 3256 καὶ
1087 3203 1154 3274 τῇ
1191 3201 1352 3274 φύσει
1380 3204 1714 3274 παρέδωκεν.
1743 3202 1898 3271 Εἶδες
1923 3208 2067 3280 πόση

494 3282 591 3335 καὶ⁵
617 3283 677 3336 ἐν
708 3281 832 3355 ἀέρι
859 3283 1124 3356 διαφορὰ,
1165 3286 1416 3357 καθάπερ
1458 3289 1554 3342 καὶ
1596 3290 1654 3342 ἐν
1691 3288 1842 3344 ὕδατι
1880 3291 1974 3345 καὶ
2011 3291 2071 3346 ἐν

496 3363 649 3435 πυρὶ,
681 3364 876 3421 πολλαὶ
907 3366 1204 3437 ἐναλλαγαί
1219 3384 1234 3434 ;
1278 3369 1388 3424 Kal
1409 3369 1518 3440 γὰρ
1537 3368 1631 3423 τοῦ
1660 3369 1851 3438 ὕδατος
1869 3371 1930 3426 τὸ
1969 3372 2072 3446 μέν

479 3448 612 3501 ἐστι
639 3450 892 3519 πηγαῖον,
918 3450 981 3505 :6
1013 3450 1093 3529 δέ,
1115 3450 1420 3516 θαλάττιον,
1454 3451 1516 3506 :6
1540 3452 1599 3507 δὲ
1625 3452 1830 3526 ἀέριον,
1859 3456 1919 3510 τὸ
1934 3457 1992 3511 δὲ
2010 3458 2070 3513 ἐν

494 3529 765 3601 νεφέλαις,
787 3531 848 3586 :6
866 3531 925 3587 δὲ
947 3533 1216 3605 οὐράνιον,
1234 3535 1294 3589 :6
1312 3535 1372 3588 δὲ
1401 3535 1658 3608 ὑπεράνω
1672 3535 1781 3591 τῶν
1803 3538 2067 3609 οὐρανῶν,

495 3613 638 3668 :666
686 3613 961 3682 ὑπόγειον.
1010 3618 1119 3672 Kal
1168 3619 1228 3671 ἐν
1270 3617 1350 3690 τῷ
1391 3620 1561 3691 πυρὶ,
1597 3620 1657 3673 :6
1694 3621 1795 3692 μέν
1827 3622 1976 3678 ἐστιν
2013 3624 2071 3677 ἐν

497 3695 652 3779 ήλίῳ,
683 3697 816 3752 τδδέ
842 3699 990 3754 ἐστιν
1022 3701 1082 3754 ἐν
1114 3700 1333 3773 σελήνη,
1368 3702 1430 3755 τὸ
1451 3702 1507 3756 δέ
1537 3703 1684 3757 ἐστιν
1725 3705 1786 3759 ἐν
1828 3706 2071 3779 ἄστροις,

497 3778 561 3832 :6
604 3778 662 3832 δὲ
703 3781 761 3833 ἐν
820 3782 1153 3854 ἀστραπαῖς,
1200 3782 1262 3836 :6
1286 3782 1344 3836 δὲ
1382 3784 1440 3838 ἐν
1492 3784 1640 3856 ἀέρι,
1661 3786 1723 3839 :6
1749 3786 1806 3839 δὲ
1839 3778 1948 3842 ἀπὸ
1978 3787 2070 3853 ξύ-

497 3860 626 3924 λων,
679 3862 740 3916 τὸ
782 3864 910 3935 περὶ
956 3866 1123 3935 ήμᾶς,
1171 3865 1266 3918 καὶ
1310 3863 1370 3918 :6
1410 3863 1701 3935 λυχνιαῖον,
1750 3868 1812 3921 :6
1855 3869 1913 3923 δὲ
1955 3871 2064 3924 ἀπὸ

498 3947 601 4017 γῆς
623 3960 638 3976 ·
669 3944 764 3999 καὶ
796 3947 906 4018 γάρ
944 3948 1062 4000 ἐστι
1094 3946 1359 4017 πολλαχοῦ
1396 3947 1636 4001 τοιοῦτον
1661 3949 1769 4003 ἀπὸ
1807 3952 1920 4022 γῆς.
1939 3951 2075 4006 ἀνα-

497 4026 791 4099 διδόμενον,
821 4027 1013 4101 ὥσπερ
1059 4029 1116 4082 al
1161 4029 1338 4101 πηγαὶ
1372 4030 1481 4084 τῶν
1529 4030 1734 4085 ὑδάτων
1756 4048 1771 4065 ·
1815 4033 1876 4086 τὸ
1906 4034 1964 4088 δέ
2016 4036 2075 4089 ἐν

499 4108 667 4174 λίθοις
710 4111 1240 4186 παρατριϐομένοις,
1293 4110 1356 4166 :6
1393 4111 1450 4166 δὲ
1482 4113 1540 4167 ἐν
1591 4113 1787 4184 κόμαις
1818 4113 2071 4186 δένδρων,

501 4192 596 4247 καὶ
642 4194 824 4249 αὐτῶν
883 4195 1392 4269 παρατριϐομένων,
1448 4195 1510 4249 :6
1564 4196 1623 4250 δὲ
1669 4198 1729 4250 ἐν
1770 4202 2072 4271 κεραυνοῖς.

501 4275 657 4332 οὕτω
672 4279 737 4351 δὴ
769 4280 863 4335 καὶ
894 4283 952 4335 ἐν
991 4280 1147 4354 ἀέρι,
1179 4282 1208 4334 6
1241 4281 1342 4353 μέν
1379 4282 1495 4335 ἐστι
1543 4280 1866 4355 παχύτερος,
1897 4284 1926 4338 6
1948 4284 2076 4355 περὶ

502 4359 649 4431 ἡμᾶς
674 4377 690 4392 ·
730 4364 760 4416 6
802 4361 860 4417 δὲ
896 4362 1236 4435 λεπτότερος,
1254 4365 1283 4417 6
1303 4363 1360 4418 δὲ
1390 4364 1661 4437 ἀνώτερος
1691 4365 1853 4422 πάλιν
1882 4382 2074 4438 πυρω-

500 4441 770 4515 δέστερος.
805 4446 912 4501 Kal
940 4445 1047 4502 τῶν
1071 4446 1285 4518 ἀνέμων
1314 4445 1504 4501 πολλαὶ
1528 4449 1585 4500 αἱ
1607 4446 1859 4520 διαφοραί
1883 4463 1896 4479 ·
1919 4449 1948 4502 6
1975 4451 2076 4520 μὲν

502 4526 611 4599 γὰρ
644 4528 987 4601 λεπτότερος,
1017 4531 1045 4584 6
1070 4529 1127 4583 δέ
1147 4528 1450 4604 παχύτερος
1477 4546 1493 4562 ·
1523 4532 1553 4584 6
1591 4530 1690 4603 μὲν
1721 4525 2073 4604 ψυχρότερος,

503 4612 532 4664 6
558 4610 613 4665 δὲ
629 4612 919 4685 ξηρότερος
934 4628 948 4642 ·
965 4615 994 4667 6
1011 4613 1109 4685 μὲν
1128 4613 1443 4686 ὑγρότερος,
1462 4614 1557 4669 ὁδε
1575 4614 1922 4687 θερμότερος.
1938 4615 2075 4688 Ἀήρ

505 4691 562 4746 δὲ
584 4694 679 4748 καὶ
706 4696 886 4765 νέφος,
918 4695 978 4749 τὸ
1005 4697 1101 4767 μὲν
1124 4696 1396 4768 σχολαιότε
1406 4715 1519 4770 ρον,
1538 4695 1685 4770 [588]
1699 4697 1761 4752 :6
1776 4697 1833 4752 δὲ
1852 4699 2079 4770 ταχύτεο

510 4791 601 4844 ρον
624 4779 810 4848 χωρεῖ,
831 4776 1077 4852 καθάπερ
1093 4780 1175 4848 ἐφ’
1193 4780 1400 4835 ἵππων.
1423 4779 1578 4835 Οὑτω
1598 4779 1665 4852 δὴ
1692 4780 1786 4835 καὶ
1803 4783 1896 4838 ἐπὶ
1918 4799 2077 4853 νεφε-

507 4853 614 4909 λῶν
632 4859 725 4912 καὶ
748 4860 964 4930 ἀνέμων
986 4860 1090 4916 διαί
1113 4860 1210 4930 μὲν
1225 4861 1466 4920 ἐοίκασιν
1485 4862 1802 4935 ὑδροφόροις
1822 4863 2063 4932 σκεύεσι,

510 4938 641 4993 ποτέ
665 4940 764 5011 μὶν
801 4942 1008 4997 ὑδάτων
1036 4943 1507 5016 ὲμπεπλησμέναι,
1544 4945 1675 5001 ποτὲ
1703 4946 1762 5001 δὲ
1802 4949 1955 5003 κεναὶ
1981 4966 2080 5018 (pen

513 5022 734 5097 ρόμεναι
756 5041 769 5054 ·
797 5028 853 5080 αί
879 5025 934 5079 δὲ
968 5025 1136 5099 ῥιπίδι
1163 5027 1393 5082 ἐοίκασι.
1424 5029 1496 5083 Συ
1523 5027 1581 5083 δὲ
1600 5028 1774 5083 ταῦτα
1798 5030 1942 5104 ὀρῶν
1986 5032 2082 5086 καὶ

508 5107 607 5182 τήν
628 5108 888 5181 διαφορὰν
916 5109 1011 5164 καὶ
1042 5107 1140 5180 τήν
1183 5110 1452 5167 ποικιλίαν
1479 5110 1676 5178 αὐτῶν,
1713 5112 1959 5183 θαύμαζε
1990 5115 2080 5168 τὸν

507 5192 860 5265 δημιουργόν.
896 5193 999 5258 ὀς
1021 5190 1279 5258 ἐπάταξε
1303 5193 1375 5248 τὰ
1401 5195 1740 5264 πρωτότοκα
1756 5197 2078 5266 Αἰγύπτου.

512 5273 699 5330 Εἰπὼν
734 5275 803 5330 τὰ
837 5273 1086 5339 καθόλου,
1141 5275 1233 5329 καὶ
1275 5274 1452 5343 δείξας
1497 5276 1591 5333 τοῦ
1641 5278 1775 5333 Θεοῦ
1817 5279 1916 5351 τὴν
1949 5279 2084 5353 πρό-

573 5447 602 5478 ⁶
622 5448 767 5497 Alius
782 5448 1005 5505 διηνεκῶς
1024 5445 1456 5508 καταλαμπόμεναι.

573 5511 602 5549 δ
627 5509 777 5558 Savil.
790 5508 920 5571 ἡμῖν.

576 5575 599 5633 ’ξ
623 5571 773 5623 Savil.
805 5572 895 5633 τῷ.

574 5629 602 5672 ιι
627 5633 719 5699 καί
732 5629 929 5694 ἀνέμων.
941 5631 1215 5699 ιῐεεοηριιιιιι
1236 5631 1386 5699 Sam:
1403 5631 1676 5699 rchundare
1689 5647 1703 5695 ;
1717 5634 1812 5699 ped
1833 5636 2084 5699 iulg-pre;

517 5693 653 5757 legit.
683 5695 959 5755 l’aulupusl
1001 5694 1185 5744 ἐοίκασι
1227 5698 1335 5755 post
1363 5693 1505 5758 ῥιπίδι
1527 5693 1763 5746 ιίιιοειίιι
1809 5693 2081 5748 8ευί1.ἐει1

518 5762 681 5816 potes:
702 5758 921 5806 retineri.

1458 322 1824 384 EXPOSITIO
1868 322 1933 379 IN
1973 322 2303 381 PSALMIJM
2340 326 2629 384 CXXXIV.

3617 328 3727 389 ωε

2152 456 2300 495 νοιαν
2339 441 2436 514 τὴν
2502 444 2630 516 περὶ
2675 447 2772 515 τὴν
2818 444 3157 517 οἰκουμένην.
3192 443 3428 510 ἃπασαν,
3470 443 3563 498 6:6
3619 442 3729 498 τῶν

2150 525 2467 597 ἀστραπῶν,
2494 528 2583 583 διὰ
2606 527 2715 583 τῶν
2732 530 2974 600 ἀνέμων,
2999 528 3086 583 διὰ
3118 529 3223 583 τῶν
3277 529 3473 600 ἀέρων,
3499 526 3588 582 διά
3619 526 3728 579 τῶν

2151 608 2388 678 νεφελῶν
2406 649 2422 675 ,
2448 610 2540 665 6:6
2562 611 2672 666 τῶν
2702 611 2895 677 ὑετῶν,
2931 611 3027 668 καὶ
3070 610 3294 679 ἐλέγξας
3318 610 3417 682 τήν
3455 609 3730 683 ληρωδίαν

2150 690 2259 747 τῶν
2286 691 2448 765 μέχρι
2481 694 2711 767 σελήνης
2740 696 2996 768 πρόνοιαν
3049 694 3320 765 λεγόντων
3342 690 3503 757 εἶναι,
3536 696 3631 750 ἐπὶ⁸
3666 694 3731 748 τὸ

2153 776 2376 848 μερικδν
2417 776 2631 849 ἔρχεται
2655 779 2716 833 :6
2742 781 2872 851 περὶ
2910 780 3201 844 Ἰουδαίους
3222 779 3411 851 μέρος.
3459 780 3582 834 Ὀτι
3630 780 3747 850 μὲνι

2151 857 2261 931 γὰρ
2284 859 2380 931 γῆ,
2415 862 2509 915 καὶ
2554 862 2803 935 οὐρανὸς,
2858 864 2951 917 κα)⁸
2996 863 3067 918 τά
3110 862 3363 934 ὁρώμενα
3413 862 3593 918 πάντα
3634 861 3735 932 τῆς

2157 942 2325 997 αὐτοῦ
2371 944 2780 1017 φιλανθρωπίας
2810 944 3095 1011 ἀπολαύει,
3127 945 3296 1012 ἔδειξε
3318 945 3406 999 διὰ
3428 943 3536 1000 τῶν
3583 945 3736 1015 εἰρη-

2156 1027 2351 1097 μένων·
2389 1028 2477 1083 ῖνα
2526 1030 2585 1083 δὲ
2621 1030 3158 1104 εὐγνωμονεστέρους
3182 1041 3206 1070 ο
3246 1029 3529 1094 Ἰουδαίους
3571 1028 3738 1101 6976-

2157 1127 2340 1183 σηται,
2376 1113 2471 1167 καὶ
2495 1111 2563 1166 :6
2594 1113 2793 1186 μερικά
2846 1113 3130 1184 διηγεῖται,
3160 1112 3374 1178 δεικνὺς
3404 1113 3486 1167 ὅτι
3508 1113 3538 1166 6
3569 1110 3733 1166 καθό-

2154 1194 2247 1248 λου
2281 1196 2435 1262 Θεὸς,
2466 1198 2564 1252 καὶ
2598 1197 2707 1252 τῶν
2730 1198 2986 1253 ἀπάντων
3042 1197 3306 1270 προνοῶν.
3349 1196 3520 1261 ίδικὰς
3553 1196 3738 1258 αὐτοῖς

2154 1296 2309 1358 τινας
2335 1280 2656 1352 εὐεργεσίας
2686 1281 2995 1354 ἐχαρίσατο.
3026 1281 3221 1335 Καίτοι
3247 1280 3340 1334 καὶ
3365 1278 3436 1333 :6
3483 1280 3564 1343 είς
3587 1277 3739 1332 ἐκεί-

2156 1380 2281 1429 νους
2309 1364 2590 1435 γινόμενα,
2617 1363 2889 1434 καθολικά,
2912 1364 3074 1419 πάλιν
3101 1360 3192 1436 ἧν.
3223 1364 3296 1417 Τό
3334 1380 3396 1417 τε
3417 1363 3525 1435 γὰρ
3547 1363 3612 1417 ἐκ
3625 1360 3737 1417 τῶν

2157 1446 2333 1502 ἄλλων
2345 1447 2544 1511 αὐτοὺς
2571 1447 2888 1520 ἐξειλέχθαι,
2907 1447 3256 1522 παραζηλοῦν
3286 1447 3525 1511 ἐκείνους
3541 1445 3734 1500 ἐποίει·

2158 1531 2294 1602 ὅπερ
2323 1532 2418 1585 καὶ
2436 1532 2465 1585 6
2493 1530 2701 1596 Παῦλος
2731 1533 2947 1597 δεικνὺς
2982 1532 3150 1602 λέγει·
3181 1529 3268 1597 Τῷ
3311 1527 3512 1584 αὐτῶν
3543 1545 3736 1599 παραι-

2158 1614 2422 1685 animat:
2447 1615 2487 1684 ἡ
2517 1616 2779 1687 σωτηρία
2807 1616 2932 1681 τοῖς
2955 1616 3215 1679 ἔθνεσιν,
3265 1616 3353 1680 είς
3378 1613 3445 1668 τὸ
3480 1613 3738 1682 παραξηο

2157 1698 2356 1756 λῶσαι
2374 1699 2615 1764 αὐτούς.
2635 1699 2747 1753 Kal
2776 1698 2885 1771 γὰρ
2914 1697 3104 1770 ῶσπερ
3140 1695 3322 1769 πατὴρ
3346 1696 3437 1750 ἐπὶ
3464 1696 3691 1750 παιδίων
3714 1693 3735 1735 τ

2158 1785 2544 1858 ἀφισταμένων
2575 1786 2762 1852 αὑτοῦ,
2791 1785 2975 1841 λαϐὼν
3004 1786 3061 1839 ἓν
3094 1784 3156 1851 ἐξ
3186 1783 3368 1839 αὐτῶν
3391 1783 3486 1838 ἐπὶ
3517 1782 3624 1837 τῶν
3643 1798 3741 1851 γο-

2161 1871 2336 1926 νάτων
2363 1869 2593 1937 καθίζει,
2652 1871 2746 1924 καὶ
2770 1871 2829 1925 οὑ
2863 1869 2937 1925 δι’
2981 1871 3160 1925 ἐκεῖνο
3203 1866 3360 1923 τοῦτο
3395 1868 3560 1932 ποιεῖ,
3604 1864 3743 1920 ἀλλά

2163 1957 2345 2031 πολλῷ
2379 1959 2579 2031 μᾶλλον
2603 1959 2693 2014 6:6
2714 1959 2785 2014 :6
2820 1959 2975 2025 ἄλλα,
3004 1957 3147 2013 ὥστε
3181 1956 3447 2029 δηχθέντα
3497 1953 3638 2011 αὐτά
3672 1955 3742 2025 τῇ

2162 2046 2294 2116 τιμῇ
2328 2043 2698 2115 προσδραμεῖν
2744 2043 2881 2115 πρὸς
2904 2043 2995 2098 τὸν
3020 2041 3231 2116 πατέρα
3252 2041 3352 2114 τῆς
3401 2040 3571 2111 αὐτῆς
3604 2039 3743 2093 ἀπο-

2164 2126 2433 2183 λαύσοντα
2464 2128 2782 2200 θεραπείας·
2824 2127 2968 2183 οὕτω
2993 2128 3088 2183 καὶ
3113 2129 3142 2182 6
3181 2125 3314 2190 Θεὸς
3346 2127 3441 2180 ἐπὶ
3465 2125 3576 2179 τῶν
3615 2124 3746 2178 Ἰου-

2163 2209 2328 2265 δαίων
2355 2212 2600 2283 ἐποίησε.
2632 2209 2826 2266 Λαϐὼν
2855 2210 2965 2283 γὰρ
2982 2211 3179 2275 αὐτοὺς
3195 2210 3299 2264 οὐκ
3327 2209 3421 2263 ἐπὶ
3453 2205 3561 2262 τῶν
3586 2206 3750 2276 γονά-

2163 2310 2296 2357 των,
2330 2293 2442 2350 ἀλλ’
2479 2294 2575 2348 ἐπὶ
2601 2294 2711 2348 τῶν
2753 2293 3057 2366 βραχιόνων
3085 2291 3363 2365 (καθάπερ
3400 2293 3429 2345 6
3460 2290 3767 2364 προφήτης,

2168 2376 2350 2446 φησὶ),
2375 2378 2472 2431 καὶ⁸
2525 2377 2621 2431 ἐπὶ
2660 2376 2770 2431 τῶν
2816 2377 3175 2449 μεταφρένων
3214 2373 3473 2432 ἀνέλαϐεν
3526 2373 3772 2438 αὐτοὺς,,

2168 2458 2453 2531 χαρίζεται
2477 2458 2546 2513 τὰ
2571 2459 2799 2525 ἐκείνοις
2829 2458 3073 2526 ποθεινὰ,
3103 2455 3253 2523 ναὸν,
3283 2456 3488 2522 θυσίας,
3519 2455 3556 2510 ὃ.
3590 2453 3746 2527 μάλι-

2170 2556 2278 2597 στα
2309 2542 2537 2613 ἐζήτουν
2590 2542 2729 2615 μετά
2762 2542 3006 2607 πλείονος
3052 2543 3150 2616 τῆς
3175 2540 3480 2615 ἀκριϐείας,
3509 2555 3750 2612 προστα-

2172 2626 2293 2692 σίας
2313 2625 2414 2690 τάς
2461 2628 2521 2682 ὲν
2547 2626 2826 2699 πολέμοις,
2869 2627 3026 2690 νίκας
3047 2667 3065 2694 ,
3093 2627 3349 2696 τρόπαια,
3395 2623 3495 2697 τὴν
3513 2623 3623 2679 ἀπὸ
3645 2621 3767 2692 τῆς·

2169 2716 2274 2785 γῆς
2303 2711 2582 2784 εὐθηνίαν,
2604 2710 2701 2785 τὴν
2724 2713 2823 2783 τῆς
2859 2711 3074 2784 φύσεως
3114 2709 3423 2782 εὐετηρίαν,
3447 2707 3657 2771 τούτοις
3687 2723 3749 2762 τε

2170 2795 2394 2860 τούτους
2455 2794 2829 2861 καλλωπίζων,
2889 2794 2984 2854 καὶ
3040 2793 3190 2864 τοὺςς
3227 2794 3420 2859 ἄλλους
3456 2793 3537 2856 είς
3589 2788 3781 2862 ζῆλον..

2173 2879 2342 2949 ἀγων.
2385 2877 2525 2933 Ἀλλ’
2551 2877 2741 2950 ἐπειδὴ
2765 2876 2989 2950 ἔμελλον
3017 2876 3214 2951 φαῦλοι
3246 2874 3493 2946 γίνεσθαι
3518 2874 3748 2933 διαπανει

2170 2961 2262 3027 τὸς
2316 2961 2750 3032 κολακευόμενοι,
2804 2962 2900 3020 καὶ
2932 2961 3020 3018 διὰ
3074 2959 3203 3019 τῶν,
3232 2958 3513 3031 τιμωριῶν
3554 2957 3764 3022 αὐτοὺς.

2176 3044 2450 3117 ῥυθμίζει.
2482 3044 2661 3116 Πολλὴ
2688 3043 2865 3121 γὰρὴ
2892 3041 3153 3103 τοῦθεοῦ
3183 3042 3366 3114 σοφία,
3399 3042 3494 3098 καὶ
3523 3041 3583 3109 ἐξ
3606 3041 3753 3115 ἀμη-

2173 3128 2354 3202 χάνων
2386 3128 2631 3202 εὑρίσκει
2659 3127 2899 3201 πόρους.-

2249 3283 2313 3340 δ’.
2340 3284 2449 3340 Kal
2470 3280 2572 3351 ὅρα
2590 3283 2874 3356 Προφήτω)
2900 3280 3022 3340 σύνε
3032 3298 3135 3340 σινι
3156 3281 3266 3337 ἀπὸ
3284 3279 3392 3337 τῶν
3413 3276 3640 3334 καθόλου
3668 3276 3779 3343 είς,-

2174 3365 2347 3423 ταῦτα
2377 3366 2469 3422 τὸν
2496 3366 2653 3437 λόγον
2690 3364 2973 3436 ἐξαγαγὼν
2995 3405 3013 3433 ,
3053 3365 3140 3423 ῐνα
3165 3365 3239 3437 μή
3268 3380 3352 3427 τις
3377 3361 3484 3416 τῶν
3508 3361 3754 3432 ἀνοήτων
3772 3393 3784 3414 ρ

2178 3449 2403 3524 μερικδν
2427 3450 2624 3522 νομίσῃ
2643 3451 2736 3529 τὸν
2759 3449 2890 3509 Θεὸν
2937 3444 3217 3513 εἶναι,,δτε
3265 3446 3362 3500 ἐπὶ
3414 3444 3501 3529 τὰ.Δ
3522 3441 3750 3501 καθόλου

2173 3530 2326 3605 ἦλθε,
2346 3532 2476 3587 τότε
2498 3527 2702 3589 τούτων
2725 3531 2961 3589 ἀπτεται
2990 3530 3100 3585 τῶν
3152 3529 3350 3600 λόγων,
3412 3527 3505 3585 καί
3564 3542 3748 3597 φησιν·

2180 3620 2286 3685 ’ος
2314 3616 2575 3687 ἐπάταξε
2601 3616 2674 3672 τὰ
2700 3616 3376 3688 πρωτότοκαΑίγύπτου.
3410 3608 3550 3685 Ἀρα
3572 3611 3634 3665 οὐ
3663 3611 3752 3665 66-

2175 3703 2263 3755 κεῖ
2319 3701 2518 3773 μᾶλλον
2574 3701 2705 3772 ὑμῖν
2750 3700 2838 3755 διὰ
2889 3700 3017 3763 τοὺς
3083 3698 3371 3761 Ἰουδαίους
3426 3692 3752 3766 γεγενῆσθαι

2174 3782 2379 3851 ταῦτα;
2424 3784 2522 3837 Ἂν
2545 3784 2725 3839 τοίνυν
2744 3782 2924 3851 δείξω,
2955 3783 3038 3837 6::
3081 3781 3174 3835 καὶ
3202 3780 3267 3835 δι’
3311 3778 3529 3850 ἑτέρους
3579 3775 3754 3831 ταῦτα

2176 3865 2415 3934 ἐγένετο,
2437 3865 2491 3918 τί
2517 3865 2732 3938 ἐροῦσιν
2751 3866 2802 3919 οί
2840 3863 2915 3936 μὴ
2958 3862 3186 3918 καθόλου
3209 3861 3304 3917 τοῦ
3331 3861 3467 3917 Θεοῦ
3499 3861 3599 3933 τὴν
3620 3859 3756 3932 πρό⁴

2179 3965 2327 4003 νοιαν
2357 3948 2640 4016 λέγοντες;
2674 3945 2797 4011 Πῶς
2826 3942 2919 4000 οῦν
2949 3945 3063 4001 ἐστι
3086 3944 3291 4013 δείξαις
3348 3943 3601 3999 Μάλιστα
3652 3942 3753 4014 μὲν

2179 4029 2288 4101 γρρ
2308 4031 2469 4101 ἀρκεῖ
2486 4029 2520 4100 ή
2539 4029 2632 4084 τοῦ
2643 4026 2777 4081 Θεοῦ
2799 4025 3093 4097 ἀπόφασις,
3108 4029 3143 4098 ή
3159 4023 3342 4096 σαφῶς
3356 4024 3486 4078 αὐτὸ
3499 4022 3750 4095 δηλοῦσα.

2179 4110 2274 4171 καὶ
2308 4111 2558 4180 λέγουσα·
2597 4108 2747 4184 [589]
2775 4109 2975 4177 Ὅπως
3013 4106 3363 4177 ἐνδείξωμαι
3391 4105 3466 4161 ἐν
3505 4104 3607 4163 σοι
3637 4103 3755 4174 τὴν

2176 4193 2438 4265 δύναμίν
2459 4211 2601 4265 μου,
2641 4193 2741 4249 καί
2793 4192 2954 4260 ὅπως
2998 4188 3283 4263 διαγγελῇ
3302 4189 3369 4249 τὸ
3416 4185 3605 4257 ὄνομα
3630 4206 3756 4261 μου

2179 4278 2250 4332 ἐν
2281 4277 2448 4348 πάσῃ
2478 4277 2553 4347 τῇ
2590 4277 2686 4348 γῇ.
2737 4272 2891 4343 Εἶδες
2916 4275 3232 4347 εὐαγγέλιον
3271 4273 3383 4333 τὸν,
3407 4272 3650 4334 θάνατον.
3672 4289 3755 4343 γι-

2181 4361 2423 4434 νόμενον,
2451 4365 2544 4417 καὶ
2573 4364 2835 4435 κήρυγμα
2866 4360 2963 4432 τὴν
2990 4357 3486 4433 θεήλατονπληγῂν
3513 4358 3752 4429 ἐκείνην,

2181 4444 2457 4518 πανταχοῦ
2485 4444 2821 4520 περιιοῦσαν,
2877 4447 2973 4500 καὶ
3019 4444 3501 4517 ἀνακηρύττουσαν
3531 4440 3628 4515 τήν
3658 4442 3752 4498 τοῦ

2181 4527 2317 4582 Θεοῦ
2342 4529 2608 4598 δύναμιν;
2664 4528 3084 4602 Προνοεῖ,τοίνυν
3110 4528 3210 4600 τῆς
3244 4526 3568 4598 οἰκουμένης
3611 4524 3756 4586 ἅπάο

2185 4628 2306 4683 σης,
2331 4614 2428 4667 καὶ
2454 4613 2618 4685 ἡνίκα
2643 4613 2713 4668 :6
2745 4613 3010 4674 Ἰουδαίων
3059 4611 3266 4672 διοικεῖ.
3289 4610 3477 4666 Καίτοι
3497 4627 3561 4682 γε
3586 4609 3756 4679 ἐγνώ-

2185 4711 2302 4768 ρισε
2333 4693 2432 4769 τήν
2457 4694 2686 4768 δύναμιν
2717 4696 2882 4752 αὐτοῦ
2930 4695 3025 4751 καὶ
3051 4694 3236 4761 παλαι,
3264 4689 3374 4749 οἷον
3396 4693 3490 4748 ἐπὶ
3508 4693 3600 4748 τοῦ
3643 4693 3757 4748 Ἰω-

2184 4779 2317 4851 σὴφ,
2342 4779 2437 4832 ἐπὶ
2466 4778 2562 4832 τοῦ
2596 4779 2869 4856 Ἀϐραὰμ,
2899 4778 3014 4836 ἀλλ’
3035 4846 3043 4854 θ
3068 4779 3217 4850 ὅμως
3253 4776 3347 4832 νῦν
3402 4775 3752 4848 σαφέστερον.

2187 4861 2342 4927 Πῶς;
2372 4861 2505 4915 Τότε
2541 4860 2641 4932 μὲν
2673 4861 2741 4915 δι’
2769 4861 3106 4934 εὐεργεσίας·
3156 4859 3381 4933 ὓστερον
3427 4860 3484 4915 δὲ
3531 4861 3627 4915 xal
3665 4858 3755 4917 διὰ

2187 4944 2422 5016 πληγῆς·
2452 4945 2545 4998 καὶ
2574 4945 2636 4997 οὐ
2664 4943 3033 5016 διαλιμπάνει,
3079 4943 3109 4997 δ
3163 4942 3260 4998 καὶ
3305 4942 3565 5005 πολλάκις
3582 4939 3755 5010 ἔφθην

2184 5027 2373 5095 εἰπὼν,
2410 5027 2645 5099 συνεχῶς
2680 5028 2771 5083 καὶ
2799 5028 2923 5087 καθ’
2953 5027 3189 5097 ἑκάστην
3217 5025 3411 5095 γενεὰν
3439 5023 3757 5086 ἀναδεικνὺς

2186 5111 2377 5167 ἑαυτὸν
2426 5109 2517 5164 6:6
2567 5109 2678 5164 τῶν
2722 5110 3089 5182 πραγμάτων,
3138 5108 3235 5165 καὶ
3293 5104 3594 5178 γνωρίζων.
3641 5104 3757 5173 οὐχ

2186 5195 2389 5268 ὁμοίως
2420 5195 2478 5250 δὲ
2523 5194 2611 5251 ἀεὶ
2643 5194 2992 5260 τοῦτοποιεῖ,
3042 5188 3180 5247 ἀλλὰ
3228 5189 3485 5251 ποικίλως
3522 5187 3617 5241 καὶ
3641 5184 3758 5268 δια-

2188 5267 2369 5353 φόρως
2385 5297 2400 5313 ·
2429 5281 2552 5335 τότε
2576 5278 2801 5352 μὲνγὰρ
2826 5278 2917 5332 6:6
2943 5276 3043 5347 τῆς
3062 5271 3318 5344 γυναικὸς
3345 5267 3447 5325 τοῦ
3479 5267 3755 5353 ᾎϐραάμ,

2184 5351 2448 5436 πηρώσας
2488 5363 2585 5425 τὰς
2611 5361 2805 5425 ὠδῖνας
2829 5359 2928 5431 τῆς
2957 5356 3203 5429 φύσεως,
3235 5353 3458 5429 ὕστερον
3483 5351 3645 5408 δι-διά
3673 5351 3756 5403 λι-

2251 5582 2275 5609 0
2311 5570 2393 5619 Sic
2438 5564 2607 5623 δεινῇ,
2657 5571 2828 5614 recte:
2879 5559 3051 5612 Morel.
3093 5568 3215 5608 vero
3248 5553 3758 5619 σνγγνωμονεστέρους,

2185 5632 2384 5699 θιηὲίίὲδο
2400 5627 2562 5699 ,Ξωίθε
2600 5664 2627 5699 ο

2256 5674 2563 5740 Γέᾆιῖίίῗὲκὶ
2600 5674 2799 5736 ἓαίδων.
2828 5684 2937 5736 Mox
2962 5683 3083 5736 aiius
3125 5696 3150 5734 ε
3195 5679 3377 5733 Savilio
3416 5680 3595 5731 allatus
3626 5674 3757 5729 καθί-
3870 5674 3881 5679 ’

2190 5770 2292 5814 σας,
2322 5753 2414 5801 καί.
