  <div class='ocr_page' id='page_1' title='image "/cluster/home/n/w/nwhite01/storage/ocr_20150623/55/hvd.32044054086814/390.png"; bbox 0 0 4116 6204; ppageno 0'>
   <div class='ocr_carea' id='block_1_1' title="bbox 379 383 3636 468">
    <p class='ocr_par' dir='ltr' id='par_1_1' title="bbox 379 383 3636 468">
     <span class='ocr_line' id='line_1_1' title="bbox 379 383 3636 468; baseline -0.012 -2"><span class='ocrx_word' id='word_1_1' title='bbox 379 415 485 468; x_wconf 67' lang='grc'><strong>393</strong></span> <span class='ocrx_word' id='word_1_2' title='bbox 1510 391 1867 454; x_wconf 72' lang='lat' dir='ltr'><strong>EXPOSITIO</strong></span> <span class='ocrx_word' id='word_1_3' title='bbox 1905 387 1969 443; x_wconf 80' lang='lat' dir='ltr'><strong>IN</strong></span> <span class='ocrx_word' id='word_1_4' title='bbox 2006 384 2330 443; x_wconf 74' lang='lat' dir='ltr'><strong>PSALMUM</strong></span> <span class='ocrx_word' id='word_1_5' title='bbox 2358 383 2642 459; x_wconf 68' lang='lat' dir='ltr'><strong>CXXXIV.</strong></span> <span class='ocrx_word' id='word_1_6' title='bbox 3533 383 3636 437; x_wconf 52' lang='grc' dir='ltr'>γη</span> 
     </span>
    </p>
   </div>
   <div class='ocr_carea' id='block_1_2' title="bbox 379 503 1949 590">
    <p class='ocr_par' dir='ltr' id='par_1_2' title="bbox 379 503 1949 590">
     <span class='ocr_line' id='line_1_2' title="bbox 379 503 1949 590; baseline -0.016 -7"><span class='ocrx_word' id='word_1_7' title='bbox 379 525 607 583; x_wconf 74' lang='lat' dir='ltr'><strong>diversis</strong></span> <span class='ocrx_word' id='word_1_8' title='bbox 652 522 862 587; x_wconf 85' lang='lat' dir='ltr'><strong>modis;</strong></span> <span class='ocrx_word' id='word_1_9' title='bbox 906 530 1029 577; x_wconf 90' lang='lat' dir='ltr'><strong>tunc</strong></span> <span class='ocrx_word' id='word_1_10' title='bbox 1066 518 1277 590; x_wconf 87' lang='lat' dir='ltr'><strong>quidem</strong></span> <span class='ocrx_word' id='word_1_11' title='bbox 1325 529 1417 584; x_wconf 88' lang='lat' dir='ltr'><strong>per</strong></span> <span class='ocrx_word' id='word_1_12' title='bbox 1454 524 1673 567; x_wconf 85' lang='lat' dir='ltr'><strong>uxorem</strong></span> <span class='ocrx_word' id='word_1_13' title='bbox 1699 503 1949 570; x_wconf 72' lang='lat' dir='ltr'><strong>Abrahze,</strong></span> 
     </span>
    </p>
   </div>
   <div class='ocr_carea' id='block_1_3' title="bbox 379 597 1954 681">
    <p class='ocr_par' dir='ltr' id='par_1_3' title="bbox 379 597 1954 681">
     <span class='ocr_line' id='line_1_3' title="bbox 379 597 1954 681; baseline -0.017 -8"><span class='ocrx_word' id='word_1_14' title='bbox 379 615 662 673; x_wconf 79' lang='lat' dir='ltr'><strong>sterilitate</strong></span> <span class='ocrx_word' id='word_1_15' title='bbox 699 614 842 669; x_wconf 86' lang='lat' dir='ltr'><strong>illam</strong></span> <span class='ocrx_word' id='word_1_16' title='bbox 873 612 1118 681; x_wconf 85' lang='lat' dir='ltr'><strong>amigens</strong></span> <span class='ocrx_word' id='word_1_17' title='bbox 1150 625 1166 674; x_wconf 90' lang='lat'><strong>;</strong></span> <span class='ocrx_word' id='word_1_18' title='bbox 1194 616 1375 679; x_wconf 83' lang='lat' dir='ltr'><strong>postea</strong></span> <span class='ocrx_word' id='word_1_19' title='bbox 1407 612 1584 657; x_wconf 90' lang='lat' dir='ltr'><strong>autem</strong></span> <span class='ocrx_word' id='word_1_20' title='bbox 1617 613 1711 669; x_wconf 89' lang='lat' dir='ltr'><strong>per</strong></span> <span class='ocrx_word' id='word_1_21' title='bbox 1738 597 1954 659; x_wconf 86' lang='lat' dir='ltr'><strong>famem,</strong></span> 
     </span>
    </p>
   </div>
   <div class='ocr_carea' id='block_1_4' title="bbox 380 688 1959 775">
    <p class='ocr_par' dir='ltr' id='par_1_4' title="bbox 380 688 1959 775">
     <span class='ocr_line' id='line_1_4' title="bbox 380 688 1959 775; baseline -0.015 -11"><span class='ocrx_word' id='word_1_22' title='bbox 380 705 574 763; x_wconf 88' lang='lat' dir='ltr'><strong>deinde</strong></span> <span class='ocrx_word' id='word_1_23' title='bbox 598 719 695 775; x_wconf 90' lang='lat' dir='ltr'><strong>per</strong></span> <span class='ocrx_word' id='word_1_24' title='bbox 727 718 905 759; x_wconf 86' lang='lat' dir='ltr'><strong>rerum</strong></span> <span class='ocrx_word' id='word_1_25' title='bbox 931 702 1135 773; x_wconf 89' lang='lat' dir='ltr'><strong>copiam</strong></span> <span class='ocrx_word' id='word_1_26' title='bbox 1161 715 1176 764; x_wconf 90' lang='lat'><strong>;</strong></span> <span class='ocrx_word' id='word_1_27' title='bbox 1207 704 1322 768; x_wconf 83' lang='lat' dir='ltr'><strong>post</strong></span> <span class='ocrx_word' id='word_1_28' title='bbox 1349 694 1464 750; x_wconf 44' lang='lat' dir='ltr'><strong>hare</strong></span> <span class='ocrx_word' id='word_1_29' title='bbox 1493 705 1619 747; x_wconf 88' lang='lat' dir='ltr'><strong>vero</strong></span> <span class='ocrx_word' id='word_1_30' title='bbox 1656 704 1751 759; x_wconf 89' lang='lat' dir='ltr'><strong>per</strong></span> <span class='ocrx_word' id='word_1_31' title='bbox 1778 688 1959 769; x_wconf 82' lang='lat' dir='ltr'><strong>plagas</strong></span> 
     </span>
    </p>
   </div>
   <div class='ocr_carea' id='block_1_5' title="bbox 382 779 1958 867">
    <p class='ocr_par' dir='ltr' id='par_1_5' title="bbox 382 779 1958 867">
     <span class='ocr_line' id='line_1_5' title="bbox 382 779 1958 867; baseline -0.013 -15"><span class='ocrx_word' id='word_1_32' title='bbox 382 795 859 867; x_wconf 85' lang='lat' dir='ltr'><strong>frequentissimas.</strong></span> <span class='ocrx_word' id='word_1_33' title='bbox 889 794 1145 862; x_wconf 84' lang='lat' dir='ltr'><strong>Quoniam</strong></span> <span class='ocrx_word' id='word_1_34' title='bbox 1184 805 1310 860; x_wconf 83' lang='lat' dir='ltr'><strong>ergo</strong></span> <span class='ocrx_word' id='word_1_35' title='bbox 1347 781 1769 842; x_wconf 89' lang='lat' dir='ltr'><strong>condemnabant</strong></span> <span class='ocrx_word' id='word_1_36' title='bbox 1793 779 1958 834; x_wconf 90' lang='lat' dir='ltr'><strong>Deum</strong></span> 
     </span>
    </p>
   </div>
   <div class='ocr_carea' id='block_1_6' title="bbox 384 867 1959 953">
    <p class='ocr_par' dir='ltr' id='par_1_6' title="bbox 384 867 1959 953">
     <span class='ocr_line' id='line_1_6' title="bbox 384 867 1959 953; baseline -0.014 -10"><span class='ocrx_word' id='word_1_37' title='bbox 384 886 782 951; x_wconf 83' lang='lat' dir='ltr'><strong>imbecillitatis,</strong></span> <span class='ocrx_word' id='word_1_38' title='bbox 816 884 914 953; x_wconf 87' lang='lat' dir='ltr'><strong>ipsi</strong></span> <span class='ocrx_word' id='word_1_39' title='bbox 939 891 993 938; x_wconf 85' lang='lat' dir='ltr'><strong>et</strong></span> <span class='ocrx_word' id='word_1_40' title='bbox 1025 877 1400 951; x_wconf 83' lang='lat' dir='ltr'><strong>primogenitos</strong></span> <span class='ocrx_word' id='word_1_41' title='bbox 1428 872 1752 935; x_wconf 89' lang='lat' dir='ltr'><strong>occiderunt,</strong></span> <span class='ocrx_word' id='word_1_42' title='bbox 1777 877 1833 924; x_wconf 92' lang='lat' dir='ltr'><strong>et</strong></span> <span class='ocrx_word' id='word_1_43' title='bbox 1856 867 1959 923; x_wconf 86' lang='lat' dir='ltr'><strong>llu-</strong></span> 
     </span>
    </p>
   </div>
   <div class='ocr_carea' id='block_1_7' title="bbox 384 964 1960 1039">
    <p class='ocr_par' dir='ltr' id='par_1_7' title="bbox 384 964 1960 1039">
     <span class='ocr_line' id='line_1_7' title="bbox 384 964 1960 1039; baseline -0.01 -10"><span class='ocrx_word' id='word_1_44' title='bbox 384 979 526 1031; x_wconf 86' lang='lat' dir='ltr'><strong>vium</strong></span> <span class='ocrx_word' id='word_1_45' title='bbox 551 982 928 1031; x_wconf 85' lang='lat' dir='ltr'><strong>cruentarum:</strong></span> <span class='ocrx_word' id='word_1_46' title='bbox 956 987 1021 1027; x_wconf 90' lang='lat' dir='ltr'><strong>eo</strong></span> <span class='ocrx_word' id='word_1_47' title='bbox 1046 972 1158 1039; x_wconf 88' lang='lat' dir='ltr'><strong>ipso</strong></span> <span class='ocrx_word' id='word_1_48' title='bbox 1181 979 1418 1037; x_wconf 86' lang='lat' dir='ltr'><strong>tempore</strong></span> <span class='ocrx_word' id='word_1_49' title='bbox 1445 964 1585 1018; x_wconf 88' lang='lat' dir='ltr'><strong>vires</strong></span> <span class='ocrx_word' id='word_1_50' title='bbox 1604 975 1815 1033; x_wconf 90' lang='lat' dir='ltr'><strong>quoque</strong></span> <span class='ocrx_word' id='word_1_51' title='bbox 1836 973 1960 1014; x_wconf 88' lang='lat' dir='ltr'><strong>suas</strong></span> 
     </span>
    </p>
   </div>
   <div class='ocr_carea' id='block_1_8' title="bbox 383 1046 1962 1135">
    <p class='ocr_par' dir='ltr' id='par_1_8' title="bbox 383 1046 1962 1135">
     <span class='ocr_line' id='line_1_8' title="bbox 383 1046 1962 1135; baseline -0.011 -12"><span class='ocrx_word' id='word_1_52' title='bbox 383 1068 464 1125; x_wconf 83' lang='lat' dir='ltr'><strong>eis</strong></span> <span class='ocrx_word' id='word_1_53' title='bbox 491 1065 726 1121; x_wconf 85' lang='lat' dir='ltr'><strong>ostendit</strong></span> <span class='ocrx_word' id='word_1_54' title='bbox 766 1079 861 1135; x_wconf 87' lang='lat' dir='ltr'><strong>per</strong></span> <span class='ocrx_word' id='word_1_55' title='bbox 893 1062 1131 1135; x_wconf 63' lang='lat' dir='ltr'><strong>quaedam</strong></span> <span class='ocrx_word' id='word_1_56' title='bbox 1160 1057 1318 1129; x_wconf 90' lang='lat' dir='ltr'><strong>paulo</strong></span> <span class='ocrx_word' id='word_1_57' title='bbox 1342 1054 1672 1110; x_wconf 82' lang='lat' dir='ltr'><strong>obscuriora.</strong></span> <span class='ocrx_word' id='word_1_58' title='bbox 1698 1046 1962 1107; x_wconf 87' lang='lat' dir='ltr'><strong>Obstetri-</strong></span> 
     </span>
    </p>
   </div>
   <div class='ocr_carea' id='block_1_9' title="bbox 385 1134 1960 1227">
    <p class='ocr_par' dir='ltr' id='par_1_9' title="bbox 385 1134 1960 1227">
     <span class='ocr_line' id='line_1_9' title="bbox 385 1134 1960 1227; baseline -0.013 -10"><span class='ocrx_word' id='word_1_59' title='bbox 385 1174 477 1216; x_wconf 86' lang='lat' dir='ltr'><strong>ces</strong></span> <span class='ocrx_word' id='word_1_60' title='bbox 518 1158 661 1213; x_wconf 91' lang='lat' dir='ltr'><strong>enim</strong></span> <span class='ocrx_word' id='word_1_61' title='bbox 687 1134 1077 1227; x_wconf 67' lang='lat' dir='ltr'><strong>Egyptiortttn,</strong></span> <span class='ocrx_word' id='word_1_62' title='bbox 1123 1134 1240 1207; x_wconf 89' lang='lat' dir='ltr'><strong>cum</strong></span> <span class='ocrx_word' id='word_1_63' title='bbox 1281 1147 1515 1204; x_wconf 84' lang='lat' dir='ltr'><strong>crudelia</strong></span> <span class='ocrx_word' id='word_1_64' title='bbox 1542 1146 1626 1200; x_wconf 90' lang='lat' dir='ltr'><strong>illa</strong></span> <span class='ocrx_word' id='word_1_65' title='bbox 1653 1144 1798 1215; x_wconf 88' lang='lat' dir='ltr'><strong>jussa</strong></span> <span class='ocrx_word' id='word_1_66' title='bbox 1826 1157 1960 1227; x_wconf 83' lang='lat' dir='ltr'><strong>con-</strong></span> 
     </span>
    </p>
   </div>
   <div class='ocr_carea' id='block_1_10' title="bbox 388 1234 1958 1320">
    <p class='ocr_par' dir='ltr' id='par_1_10' title="bbox 388 1234 1958 1320">
     <span class='ocr_line' id='line_1_10' title="bbox 388 1234 1958 1320; baseline -0.014 -14"><span class='ocrx_word' id='word_1_67' title='bbox 388 1251 748 1320; x_wconf 87' lang='lat' dir='ltr'><strong>tempsissent,</strong></span> <span class='ocrx_word' id='word_1_68' title='bbox 779 1256 834 1301; x_wconf 90' lang='lat' dir='ltr'><strong>et</strong></span> <span class='ocrx_word' id='word_1_69' title='bbox 888 1257 1090 1298; x_wconf 80' lang='lat' dir='ltr'><strong>saevum</strong></span> <span class='ocrx_word' id='word_1_70' title='bbox 1137 1240 1277 1312; x_wconf 89' lang='lat' dir='ltr'><strong>regis</strong></span> <span class='ocrx_word' id='word_1_71' title='bbox 1338 1238 1606 1295; x_wconf 84' lang='lat' dir='ltr'><strong>decretum</strong></span> <span class='ocrx_word' id='word_1_72' title='bbox 1654 1234 1958 1297; x_wconf 89' lang='lat' dir='ltr'><strong>elusissent,</strong></span> 
     </span>
    </p>
   </div>
   <div class='ocr_carea' id='block_1_11' title="bbox 387 1322 1963 1417">
    <p class='ocr_par' dir='ltr' id='par_1_11' title="bbox 387 1322 1963 1417">
     <span class='ocr_line' id='line_1_11' title="bbox 387 1322 1963 1417; baseline -0.013 -19"><span class='ocrx_word' id='word_1_73' title='bbox 387 1356 575 1411; x_wconf 84' lang='lat' dir='ltr'><strong>magna</strong></span> <span class='ocrx_word' id='word_1_74' title='bbox 606 1354 782 1395; x_wconf 91' lang='lat' dir='ltr'><strong>rerum</strong></span> <span class='ocrx_word' id='word_1_75' title='bbox 811 1335 960 1407; x_wconf 74' lang='lat' dir='ltr'><strong>copia</strong></span> <span class='ocrx_word' id='word_1_76' title='bbox 990 1334 1199 1417; x_wconf 75' lang='lat' dir='ltr'><strong>donata:</strong></span> <span class='ocrx_word' id='word_1_77' title='bbox 1225 1339 1368 1385; x_wconf 90' lang='lat' dir='ltr'><strong>sunt.</strong></span> <span class='ocrx_word' id='word_1_78' title='bbox 1391 1327 1624 1398; x_wconf 89' lang='lat' dir='ltr'><strong>Utraque</strong></span> <span class='ocrx_word' id='word_1_79' title='bbox 1644 1333 1822 1380; x_wconf 90' lang='lat' dir='ltr'><strong>autem</strong></span> <span class='ocrx_word' id='word_1_80' title='bbox 1849 1322 1963 1378; x_wconf 68' lang='lat' dir='ltr'><strong>haec</strong></span> 
     </span>
    </p>
   </div>
   <div class='ocr_carea' id='block_1_12' title="bbox 385 1416 1961 1499">
    <p class='ocr_par' dir='ltr' id='par_1_12' title="bbox 385 1416 1961 1499">
     <span class='ocr_line' id='line_1_12' title="bbox 385 1416 1961 1499; baseline -0.014 -10"><span class='ocrx_word' id='word_1_81' title='bbox 385 1423 539 1489; x_wconf 82' lang='lat' dir='ltr'><strong>erant</strong></span> <span class='ocrx_word' id='word_1_82' title='bbox 559 1416 652 1487; x_wconf 82' lang='lat' dir='ltr'><strong>Dei</strong></span> <span class='ocrx_word' id='word_1_83' title='bbox 682 1416 1061 1499; x_wconf 72' lang='lat' dir='ltr'><strong>providentiae,</strong></span> <span class='ocrx_word' id='word_1_84' title='bbox 1091 1422 1294 1478; x_wconf 79' lang='lat' dir='ltr'><strong>scilicet</strong></span> <span class='ocrx_word' id='word_1_85' title='bbox 1320 1417 1460 1490; x_wconf 91' lang='lat' dir='ltr'><strong>quod</strong></span> <span class='ocrx_word' id='word_1_86' title='bbox 1490 1426 1544 1474; x_wconf 89' lang='lat' dir='ltr'><strong>et</strong></span> <span class='ocrx_word' id='word_1_87' title='bbox 1569 1416 1822 1473; x_wconf 79' lang='lat' dir='ltr'><strong>mulieres</strong></span> <span class='ocrx_word' id='word_1_88' title='bbox 1847 1430 1961 1469; x_wconf 79' lang='lat' dir='ltr'><strong>ma-</strong></span> 
     </span>
    </p>
   </div>
   <div class='ocr_carea' id='block_1_13' title="bbox 385 1510 1965 1598">
    <p class='ocr_par' dir='ltr' id='par_1_13' title="bbox 385 1510 1965 1598">
     <span class='ocr_line' id='line_1_13' title="bbox 385 1510 1965 1598; baseline -0.013 -18"><span class='ocrx_word' id='word_1_89' title='bbox 385 1525 554 1598; x_wconf 86' lang='lat' dir='ltr'><strong>jorem</strong></span> <span class='ocrx_word' id='word_1_90' title='bbox 608 1521 854 1575; x_wconf 74' lang='lat' dir='ltr'><strong>virtutem</strong></span> <span class='ocrx_word' id='word_1_91' title='bbox 903 1515 1254 1579; x_wconf 90' lang='lat' dir='ltr'><strong>ostenderint,</strong></span> <span class='ocrx_word' id='word_1_92' title='bbox 1298 1526 1456 1583; x_wconf 90' lang='lat' dir='ltr'><strong>quam</strong></span> <span class='ocrx_word' id='word_1_93' title='bbox 1507 1510 1541 1565; x_wconf 93' lang='lat' dir='ltr'><strong>ii</strong></span> <span class='ocrx_word' id='word_1_94' title='bbox 1587 1524 1811 1580; x_wconf 90' lang='lat' dir='ltr'><strong>quorum</strong></span> <span class='ocrx_word' id='word_1_95' title='bbox 1849 1515 1965 1562; x_wconf 90' lang='lat' dir='ltr'><strong>erat</strong></span> 
     </span>
    </p>
   </div>
   <div class='ocr_carea' id='block_1_14' title="bbox 390 1602 1960 1685">
    <p class='ocr_par' dir='ltr' id='par_1_14' title="bbox 390 1602 1960 1685">
     <span class='ocr_line' id='line_1_14' title="bbox 390 1602 1960 1685; baseline -0.014 -13"><span class='ocrx_word' id='word_1_96' title='bbox 390 1623 550 1685; x_wconf 84' lang='lat' dir='ltr'><strong>caput</strong></span> <span class='ocrx_word' id='word_1_97' title='bbox 574 1611 876 1669; x_wconf 90' lang='lat' dir='ltr'><strong>redimitum</strong></span> <span class='ocrx_word' id='word_1_98' title='bbox 906 1607 1203 1664; x_wconf 79' lang='lat' dir='ltr'><strong>diademate</strong></span> <span class='ocrx_word' id='word_1_99' title='bbox 1231 1623 1246 1661; x_wconf 90' lang='lat'><strong>:</strong></span> <span class='ocrx_word' id='word_1_100' title='bbox 1272 1602 1487 1675; x_wconf 89' lang='lat' dir='ltr'><strong>etquod</strong></span> <span class='ocrx_word' id='word_1_101' title='bbox 1515 1616 1606 1656; x_wconf 91' lang='lat' dir='ltr'><strong>eas</strong></span> <span class='ocrx_word' id='word_1_102' title='bbox 1625 1606 1960 1654; x_wconf 88' lang='lat' dir='ltr'><strong>remunerata</strong></span> 
     </span>
    </p>
   </div>
   <div class='ocr_carea' id='block_1_15' title="bbox 392 1691 1961 1773">
    <p class='ocr_par' dir='ltr' id='par_1_15' title="bbox 392 1691 1961 1773">
     <span class='ocr_line' id='line_1_15' title="bbox 392 1691 1961 1773; baseline -0.013 -11"><span class='ocrx_word' id='word_1_103' title='bbox 392 1709 481 1770; x_wconf 84' lang='lat' dir='ltr'><strong>sit,</strong></span> <span class='ocrx_word' id='word_1_104' title='bbox 528 1715 582 1760; x_wconf 79' lang='lat' dir='ltr'><strong>et</strong></span> <span class='ocrx_word' id='word_1_105' title='bbox 622 1704 673 1759; x_wconf 92' lang='lat' dir='ltr'><strong>in</strong></span> <span class='ocrx_word' id='word_1_106' title='bbox 715 1716 958 1773; x_wconf 85' lang='lat' dir='ltr'><strong>magnam</strong></span> <span class='ocrx_word' id='word_1_107' title='bbox 1003 1697 1390 1756; x_wconf 87' lang='lat' dir='ltr'><strong>multitudinem</strong></span> <span class='ocrx_word' id='word_1_108' title='bbox 1438 1710 1531 1750; x_wconf 88' lang='lat' dir='ltr'><strong>eas</strong></span> <span class='ocrx_word' id='word_1_109' title='bbox 1574 1691 1961 1764; x_wconf 75' lang='lat' dir='ltr'><strong>propagaverit.</strong></span> 
     </span>
    </p>
   </div>
   <div class='ocr_carea' id='block_1_16' title="bbox 392 1783 1965 1865">
    <p class='ocr_par' dir='ltr' id='par_1_16' title="bbox 392 1783 1965 1865">
     <span class='ocr_line' id='line_1_16' title="bbox 392 1783 1965 1865; baseline -0.011 -12"><span class='ocrx_word' id='word_1_110' title='bbox 392 1796 522 1854; x_wconf 92' lang='lat' dir='ltr'><strong>lllud</strong></span> <span class='ocrx_word' id='word_1_111' title='bbox 552 1796 714 1861; x_wconf 89' lang='lat' dir='ltr'><strong>enim,</strong></span> <span class='ocrx_word' id='word_1_112' title='bbox 746 1792 999 1865; x_wconf 74' lang='lat' dir='ltr'><strong>Benefecit</strong></span> <span class='ocrx_word' id='word_1_113' title='bbox 1028 1789 1364 1845; x_wconf 72' lang='lat' dir='ltr'><strong>obstetricibus</strong></span> <span class='ocrx_word' id='word_1_114' title='bbox 1395 1785 1588 1860; x_wconf 76' lang='lat' dir='ltr'><strong>(Exod.</strong></span> <span class='ocrx_word' id='word_1_115' title='bbox 1622 1787 1672 1840; x_wconf 82' lang='lat' dir='ltr'><strong>l.</strong></span> <span class='ocrx_word' id='word_1_116' title='bbox 1699 1783 1792 1855; x_wconf 78' lang='grc'><strong>20)</strong></span> <span class='ocrx_word' id='word_1_117' title='bbox 1814 1823 1829 1850; x_wconf 86' lang='grc'><em>,</em></span> <span class='ocrx_word' id='word_1_118' title='bbox 1862 1784 1965 1837; x_wconf 86' lang='lat' dir='ltr'><strong>hoc</strong></span> 
     </span>
    </p>
   </div>
   <div class='ocr_carea' id='block_1_17' title="bbox 391 1875 1964 1956">
    <p class='ocr_par' dir='ltr' id='par_1_17' title="bbox 391 1875 1964 1956">
     <span class='ocr_line' id='line_1_17' title="bbox 391 1875 1964 1956; baseline -0.01 -12"><span class='ocrx_word' id='word_1_119' title='bbox 391 1897 494 1956; x_wconf 84' lang='lat' dir='ltr'><strong>est,</strong></span> <span class='ocrx_word' id='word_1_120' title='bbox 527 1888 753 1942; x_wconf 87' lang='lat' dir='ltr'><strong>Extensa</strong></span> <span class='ocrx_word' id='word_1_121' title='bbox 783 1894 866 1942; x_wconf 86' lang='lat' dir='ltr'><strong>est</strong></span> <span class='ocrx_word' id='word_1_122' title='bbox 891 1897 1072 1939; x_wconf 88' lang='lat' dir='ltr'><strong>earum</strong></span> <span class='ocrx_word' id='word_1_123' title='bbox 1098 1881 1343 1951; x_wconf 80' lang='lat' dir='ltr'><strong>cognatio</strong></span> <span class='ocrx_word' id='word_1_124' title='bbox 1373 1896 1388 1935; x_wconf 86' lang='lat'><strong>:</strong></span> <span class='ocrx_word' id='word_1_125' title='bbox 1416 1880 1610 1934; x_wconf 90' lang='lat' dir='ltr'><strong>etenim</strong></span> <span class='ocrx_word' id='word_1_126' title='bbox 1642 1892 1735 1948; x_wconf 91' lang='lat' dir='ltr'><strong>per</strong></span> <span class='ocrx_word' id='word_1_127' title='bbox 1762 1891 1824 1931; x_wconf 88' lang='lat' dir='ltr'><strong>ea</strong></span> <span class='ocrx_word' id='word_1_128' title='bbox 1851 1875 1964 1946; x_wconf 90' lang='lat' dir='ltr'><strong>ipsa</strong></span> 
     </span>
    </p>
   </div>
   <div class='ocr_carea' id='block_1_18' title="bbox 395 1967 1964 2048">
    <p class='ocr_par' dir='ltr' id='par_1_18' title="bbox 395 1967 1964 2048">
     <span class='ocr_line' id='line_1_18' title="bbox 395 1967 1964 2048; baseline -0.008 -14"><span class='ocrx_word' id='word_1_129' title='bbox 395 1979 670 2045; x_wconf 89' lang='lat' dir='ltr'><strong>benelicia,</strong></span> <span class='ocrx_word' id='word_1_130' title='bbox 698 1992 816 2048; x_wconf 75' lang='lat' dir='ltr'><strong>qua:</strong></span> <span class='ocrx_word' id='word_1_131' title='bbox 852 1975 906 2030; x_wconf 90' lang='lat' dir='ltr'><strong>in</strong></span> <span class='ocrx_word' id='word_1_132' title='bbox 947 1972 1159 2031; x_wconf 74' lang='lat' dir='ltr'><strong>Judmos</strong></span> <span class='ocrx_word' id='word_1_133' title='bbox 1201 1972 1556 2034; x_wconf 88' lang='lat' dir='ltr'><strong>contulerunt,</strong></span> <span class='ocrx_word' id='word_1_134' title='bbox 1603 1967 1902 2024; x_wconf 84' lang='lat' dir='ltr'><strong>mercedem</strong></span> <span class='ocrx_word' id='word_1_135' title='bbox 1934 1983 1964 2021; x_wconf 86' lang='lat' dir='ltr'><strong>a</strong></span> 
     </span>
    </p>
   </div>
   <div class='ocr_carea' id='block_1_19' title="bbox 394 2060 1965 2138">
    <p class='ocr_par' dir='ltr' id='par_1_19' title="bbox 394 2060 1965 2138">
     <span class='ocr_line' id='line_1_19' title="bbox 394 2060 1965 2138; baseline -0.008 -11"><span class='ocrx_word' id='word_1_136' title='bbox 394 2071 504 2127; x_wconf 89' lang='lat' dir='ltr'><strong>Deo</strong></span> <span class='ocrx_word' id='word_1_137' title='bbox 524 2077 860 2138; x_wconf 79' lang='lat' dir='ltr'><strong>acceperunt.</strong></span> <span class='ocrx_word' id='word_1_138' title='bbox 880 2065 1139 2136; x_wconf 86' lang='lat' dir='ltr'><strong>Quoniam</strong></span> <span class='ocrx_word' id='word_1_139' title='bbox 1167 2079 1292 2135; x_wconf 90' lang='lat' dir='ltr'><strong>ergo</strong></span> <span class='ocrx_word' id='word_1_140' title='bbox 1317 2077 1424 2118; x_wconf 88' lang='lat' dir='ltr'><strong>non</strong></span> <span class='ocrx_word' id='word_1_141' title='bbox 1448 2060 1757 2118; x_wconf 89' lang='lat' dir='ltr'><strong>occidebant</strong></span> <span class='ocrx_word' id='word_1_142' title='bbox 1779 2073 1965 2114; x_wconf 91' lang='lat' dir='ltr'><strong>eorum</strong></span> 
     </span>
    </p>
   </div>
   <div class='ocr_carea' id='block_1_20' title="bbox 394 2152 1963 2227">
    <p class='ocr_par' dir='ltr' id='par_1_20' title="bbox 394 2152 1963 2227">
     <span class='ocr_line' id='line_1_20' title="bbox 394 2152 1963 2227; baseline -0.008 -9"><span class='ocrx_word' id='word_1_143' title='bbox 394 2162 641 2224; x_wconf 90' lang='lat' dir='ltr'><strong>infantes,</strong></span> <span class='ocrx_word' id='word_1_144' title='bbox 696 2172 1032 2215; x_wconf 87' lang='lat' dir='ltr'><strong>numerosam</strong></span> <span class='ocrx_word' id='word_1_145' title='bbox 1084 2156 1288 2227; x_wconf 85' lang='lat' dir='ltr'><strong>prolem</strong></span> <span class='ocrx_word' id='word_1_146' title='bbox 1323 2156 1401 2210; x_wconf 92' lang='lat' dir='ltr'><strong>eis</strong></span> <span class='ocrx_word' id='word_1_147' title='bbox 1443 2154 1582 2209; x_wconf 88' lang='lat' dir='ltr'><strong>Deus</strong></span> <span class='ocrx_word' id='word_1_148' title='bbox 1614 2152 1835 2223; x_wconf 88' lang='lat' dir='ltr'><strong>largitus</strong></span> <span class='ocrx_word' id='word_1_149' title='bbox 1863 2160 1963 2206; x_wconf 89' lang='lat' dir='ltr'><strong>est.</strong></span> 
     </span>
    </p>
   </div>
   <div class='ocr_carea' id='block_1_21' title="bbox 394 2243 1968 2321">
    <p class='ocr_par' dir='ltr' id='par_1_21' title="bbox 394 2243 1968 2321">
     <span class='ocr_line' id='line_1_21' title="bbox 394 2243 1968 2321; baseline -0.006 -13"><span class='ocrx_word' id='word_1_150' title='bbox 394 2252 500 2309; x_wconf 90' lang='lat' dir='ltr'><strong>Sed</strong></span> <span class='ocrx_word' id='word_1_151' title='bbox 526 2251 772 2320; x_wconf 89' lang='lat' dir='ltr'><strong>quoniam</strong></span> <span class='ocrx_word' id='word_1_152' title='bbox 801 2248 1088 2321; x_wconf 76' lang='lat' dir='ltr'><strong>pergebant</strong></span> <span class='ocrx_word' id='word_1_153' title='bbox 1129 2262 1251 2303; x_wconf 88' lang='lat' dir='ltr'><strong>esse</strong></span> <span class='ocrx_word' id='word_1_154' title='bbox 1288 2245 1508 2316; x_wconf 86' lang='lat' dir='ltr'><strong>stupidi,</strong></span> <span class='ocrx_word' id='word_1_155' title='bbox 1544 2256 1599 2298; x_wconf 90' lang='lat' dir='ltr'><strong>et</strong></span> <span class='ocrx_word' id='word_1_156' title='bbox 1638 2243 1781 2298; x_wconf 90' lang='lat' dir='ltr'><strong>omni</strong></span> <span class='ocrx_word' id='word_1_157' title='bbox 1807 2258 1968 2299; x_wconf 92' lang='lat' dir='ltr'><strong>sensu</strong></span> 
     </span>
    </p>
   </div>
   <div class='ocr_carea' id='block_1_22' title="bbox 396 2337 1968 2419">
    <p class='ocr_par' dir='ltr' id='par_1_22' title="bbox 396 2337 1968 2419">
     <span class='ocr_line' id='line_1_22' title="bbox 396 2337 1968 2419; baseline -0.007 -16"><span class='ocrx_word' id='word_1_158' title='bbox 396 2349 604 2419; x_wconf 79' lang='lat' dir='ltr'><strong>privati,</strong></span> <span class='ocrx_word' id='word_1_159' title='bbox 632 2346 888 2401; x_wconf 85' lang='lat' dir='ltr'><strong>acriorem</strong></span> <span class='ocrx_word' id='word_1_160' title='bbox 915 2347 993 2398; x_wconf 86' lang='lat' dir='ltr'><strong>eis</strong></span> <span class='ocrx_word' id='word_1_161' title='bbox 1029 2342 1233 2413; x_wconf 81' lang='lat' dir='ltr'><strong>plagam</strong></span> <span class='ocrx_word' id='word_1_162' title='bbox 1272 2340 1494 2395; x_wconf 84' lang='lat' dir='ltr'><strong>inﬂixit:</strong></span> <span class='ocrx_word' id='word_1_163' title='bbox 1532 2347 1588 2394; x_wconf 91' lang='lat' dir='ltr'><strong>et</strong></span> <span class='ocrx_word' id='word_1_164' title='bbox 1628 2337 1813 2393; x_wconf 84' lang='lat' dir='ltr'><strong>didicit</strong></span> <span class='ocrx_word' id='word_1_165' title='bbox 1849 2340 1968 2408; x_wconf 56' lang='lat' dir='ltr'><strong>qui-</strong></span> 
     </span>
    </p>
   </div>
   <div class='ocr_carea' id='block_1_23' title="bbox 394 2427 1967 2495">
    <p class='ocr_par' dir='ltr' id='par_1_23' title="bbox 394 2427 1967 2495">
     <span class='ocr_line' id='line_1_23' title="bbox 394 2427 1967 2495; baseline -0.008 0"><span class='ocrx_word' id='word_1_166' title='bbox 394 2440 516 2494; x_wconf 88' lang='lat' dir='ltr'><strong>dem</strong></span> <span class='ocrx_word' id='word_1_167' title='bbox 550 2437 829 2491; x_wconf 86' lang='lat' dir='ltr'><strong>universus</strong></span> <span class='ocrx_word' id='word_1_168' title='bbox 853 2433 998 2489; x_wconf 83' lang='lat' dir='ltr'><strong>orbis</strong></span> <span class='ocrx_word' id='word_1_169' title='bbox 1031 2443 1206 2495; x_wconf 67' lang='lat' dir='ltr'><strong>terrae,</strong></span> <span class='ocrx_word' id='word_1_170' title='bbox 1247 2429 1549 2486; x_wconf 89' lang='lat' dir='ltr'><strong>didicerunt</strong></span> <span class='ocrx_word' id='word_1_171' title='bbox 1586 2438 1765 2485; x_wconf 87' lang='lat' dir='ltr'><strong>autem</strong></span> <span class='ocrx_word' id='word_1_172' title='bbox 1807 2427 1967 2483; x_wconf 90' lang='lat' dir='ltr'><strong>etiam</strong></span> 
     </span>
    </p>
   </div>
   <div class='ocr_carea' id='block_1_24' title="bbox 395 2522 1970 2603">
    <p class='ocr_par' dir='ltr' id='par_1_24' title="bbox 395 2522 1970 2603">
     <span class='ocr_line' id='line_1_24' title="bbox 395 2522 1970 2603; baseline -0.006 -15"><span class='ocrx_word' id='word_1_173' title='bbox 395 2531 630 2603; x_wconf 68' lang='lat' dir='ltr'><strong>Egyptii</strong></span> <span class='ocrx_word' id='word_1_174' title='bbox 656 2547 669 2583; x_wconf 87' lang='lat'><strong>:</strong></span> <span class='ocrx_word' id='word_1_175' title='bbox 710 2528 803 2582; x_wconf 90' lang='lat' dir='ltr'><strong>sed</strong></span> <span class='ocrx_word' id='word_1_176' title='bbox 848 2528 923 2581; x_wconf 90' lang='lat' dir='ltr'><strong>illi</strong></span> <span class='ocrx_word' id='word_1_177' title='bbox 961 2525 1172 2596; x_wconf 88' lang='lat' dir='ltr'><strong>quidem</strong></span> <span class='ocrx_word' id='word_1_178' title='bbox 1204 2540 1267 2580; x_wconf 82' lang='lat' dir='ltr'><strong>ex</strong></span> <span class='ocrx_word' id='word_1_179' title='bbox 1297 2523 1501 2592; x_wconf 91' lang='lat' dir='ltr'><strong>auditu,</strong></span> <span class='ocrx_word' id='word_1_180' title='bbox 1534 2522 1589 2579; x_wconf 90' lang='lat' dir='ltr'><strong>hi</strong></span> <span class='ocrx_word' id='word_1_181' title='bbox 1617 2535 1791 2579; x_wconf 85' lang='lat' dir='ltr'><strong>autem</strong></span> <span class='ocrx_word' id='word_1_182' title='bbox 1823 2523 1875 2578; x_wconf 89' lang='lat' dir='ltr'><strong>in</strong></span> <span class='ocrx_word' id='word_1_183' title='bbox 1905 2522 1970 2579; x_wconf 89' lang='lat' dir='ltr'><strong>iis</strong></span> 
     </span>
    </p>
   </div>
   <div class='ocr_carea' id='block_1_25' title="bbox 396 2613 1969 2691">
    <p class='ocr_par' dir='ltr' id='par_1_25' title="bbox 396 2613 1969 2691">
     <span class='ocr_line' id='line_1_25' title="bbox 396 2613 1969 2691; baseline -0.007 -13"><span class='ocrx_word' id='word_1_184' title='bbox 396 2623 550 2678; x_wconf 84' lang='lat' dir='ltr'><strong>malis</strong></span> <span class='ocrx_word' id='word_1_185' title='bbox 584 2636 703 2691; x_wconf 72' lang='lat' dir='ltr'><strong>qua:</strong></span> <span class='ocrx_word' id='word_1_186' title='bbox 731 2617 964 2688; x_wconf 90' lang='lat' dir='ltr'><strong>sibiipsis</strong></span> <span class='ocrx_word' id='word_1_187' title='bbox 991 2625 1302 2684; x_wconf 86' lang='lat' dir='ltr'><strong>evenerunt,</strong></span> <span class='ocrx_word' id='word_1_188' title='bbox 1347 2622 1404 2670; x_wconf 89' lang='lat' dir='ltr'><strong>et</strong></span> <span class='ocrx_word' id='word_1_189' title='bbox 1438 2616 1575 2682; x_wconf 91' lang='lat' dir='ltr'><strong>visu,</strong></span> <span class='ocrx_word' id='word_1_190' title='bbox 1607 2623 1661 2671; x_wconf 91' lang='lat' dir='ltr'><strong>et</strong></span> <span class='ocrx_word' id='word_1_191' title='bbox 1693 2613 1771 2669; x_wconf 89' lang='lat' dir='ltr'><strong>rei</strong></span> <span class='ocrx_word' id='word_1_192' title='bbox 1804 2628 1969 2684; x_wconf 82' lang='lat' dir='ltr'><strong>expe-</strong></span> 
     </span>
    </p>
   </div>
   <div class='ocr_carea' id='block_1_26' title="bbox 398 2703 1970 2779">
    <p class='ocr_par' dir='ltr' id='par_1_26' title="bbox 398 2703 1970 2779">
     <span class='ocr_line' id='line_1_26' title="bbox 398 2703 1970 2779; baseline -0.007 -10"><span class='ocrx_word' id='word_1_193' title='bbox 398 2712 585 2769; x_wconf 85' lang='lat' dir='ltr'><strong>rientia</strong></span> <span class='ocrx_word' id='word_1_194' title='bbox 640 2710 732 2766; x_wconf 89' lang='lat' dir='ltr'><strong>Dei</strong></span> <span class='ocrx_word' id='word_1_195' title='bbox 784 2716 1102 2779; x_wconf 84' lang='lat' dir='ltr'><strong>potestatem</strong></span> <span class='ocrx_word' id='word_1_196' title='bbox 1144 2706 1409 2763; x_wconf 88' lang='lat' dir='ltr'><strong>viderunt.</strong></span> <span class='ocrx_word' id='word_1_197' title='bbox 1464 2704 1675 2761; x_wconf 81' lang='lat' dir='ltr'><strong>Etenim</strong></span> <span class='ocrx_word' id='word_1_198' title='bbox 1722 2703 1844 2759; x_wconf 88' lang='lat' dir='ltr'><strong>ideo</strong></span> <span class='ocrx_word' id='word_1_199' title='bbox 1892 2704 1970 2759; x_wconf 89' lang='lat' dir='ltr'><strong>eis</strong></span> 
     </span>
    </p>
   </div>
   <div class='ocr_carea' id='block_1_27' title="bbox 400 2796 1969 2875">
    <p class='ocr_par' dir='ltr' id='par_1_27' title="bbox 400 2796 1969 2875">
     <span class='ocr_line' id='line_1_27' title="bbox 400 2796 1969 2875; baseline -0.003 -20"><span class='ocrx_word' id='word_1_200' title='bbox 400 2803 663 2875; x_wconf 63' lang='lat' dir='ltr'><strong>praedixit,</strong></span> <span class='ocrx_word' id='word_1_201' title='bbox 712 2816 780 2856; x_wconf 93' lang='lat' dir='ltr'><strong>ne</strong></span> <span class='ocrx_word' id='word_1_202' title='bbox 820 2799 1090 2855; x_wconf 90' lang='lat' dir='ltr'><strong>videretur</strong></span> <span class='ocrx_word' id='word_1_203' title='bbox 1132 2813 1255 2854; x_wconf 88' lang='lat' dir='ltr'><strong>esse</strong></span> <span class='ocrx_word' id='word_1_204' title='bbox 1300 2797 1451 2868; x_wconf 80' lang='lat' dir='ltr'><strong>plaga</strong></span> <span class='ocrx_word' id='word_1_205' title='bbox 1495 2797 1728 2868; x_wconf 84' lang='lat' dir='ltr'><strong>vulgaris</strong></span> <span class='ocrx_word' id='word_1_206' title='bbox 1760 2796 1969 2863; x_wconf 89' lang='lat' dir='ltr'><strong>mortis,</strong></span> 
     </span>
    </p>
   </div>
   <div class='ocr_carea' id='block_1_28' title="bbox 398 2888 1972 2963">
    <p class='ocr_par' dir='ltr' id='par_1_28' title="bbox 398 2888 1972 2963">
     <span class='ocr_line' id='line_1_28' title="bbox 398 2888 1972 2963; baseline -0.004 -15"><span class='ocrx_word' id='word_1_207' title='bbox 398 2911 517 2963; x_wconf 82' lang='lat' dir='ltr'><strong>quae</strong></span> <span class='ocrx_word' id='word_1_208' title='bbox 545 2893 762 2949; x_wconf 86' lang='lat' dir='ltr'><strong>fortuito</strong></span> <span class='ocrx_word' id='word_1_209' title='bbox 789 2892 966 2961; x_wconf 88' lang='lat' dir='ltr'><strong>aliquo</strong></span> <span class='ocrx_word' id='word_1_210' title='bbox 994 2905 1121 2946; x_wconf 90' lang='lat' dir='ltr'><strong>casu</strong></span> <span class='ocrx_word' id='word_1_211' title='bbox 1159 2888 1446 2945; x_wconf 78' lang='lat' dir='ltr'><strong>evenisset.</strong></span> <span class='ocrx_word' id='word_1_212' title='bbox 1475 2888 1628 2958; x_wconf 86' lang='lat' dir='ltr'><strong>Quod</strong></span> <span class='ocrx_word' id='word_1_213' title='bbox 1669 2888 1846 2958; x_wconf 86' lang='lat' dir='ltr'><strong>itaque</strong></span> <span class='ocrx_word' id='word_1_214' title='bbox 1869 2888 1972 2944; x_wconf 83' lang='lat' dir='ltr'><strong>ali-</strong></span> 
     </span>
    </p>
   </div>
   <div class='ocr_carea' id='block_1_29' title="bbox 398 2979 1971 3052">
    <p class='ocr_par' dir='ltr' id='par_1_29' title="bbox 398 2979 1971 3052">
     <span class='ocr_line' id='line_1_29' title="bbox 398 2979 1971 3052; baseline -0.004 -11"><span class='ocrx_word' id='word_1_215' title='bbox 398 2986 518 3042; x_wconf 88' lang='lat' dir='ltr'><strong>cubi</strong></span> <span class='ocrx_word' id='word_1_216' title='bbox 547 2985 744 3040; x_wconf 88' lang='lat' dir='ltr'><strong>dictum</strong></span> <span class='ocrx_word' id='word_1_217' title='bbox 772 2993 853 3039; x_wconf 88' lang='lat' dir='ltr'><strong>est</strong></span> <span class='ocrx_word' id='word_1_218' title='bbox 881 2983 946 3038; x_wconf 89' lang='lat' dir='ltr'><strong>de</strong></span> <span class='ocrx_word' id='word_1_219' title='bbox 974 2982 1281 3049; x_wconf 87' lang='lat' dir='ltr'><strong>Servatore,</strong></span> <span class='ocrx_word' id='word_1_220' title='bbox 1308 2981 1412 3037; x_wconf 91' lang='lat' dir='ltr'><strong>hoc</strong></span> <span class='ocrx_word' id='word_1_221' title='bbox 1437 2981 1524 3037; x_wconf 89' lang='lat' dir='ltr'><strong>hic</strong></span> <span class='ocrx_word' id='word_1_222' title='bbox 1555 2995 1768 3052; x_wconf 89' lang='lat' dir='ltr'><strong>quoque</strong></span> <span class='ocrx_word' id='word_1_223' title='bbox 1793 2979 1971 3036; x_wconf 88' lang='lat' dir='ltr'><strong>dicere</strong></span> 
     </span>
    </p>
   </div>
   <div class='ocr_carea' id='block_1_30' title="bbox 402 3071 1974 3147">
    <p class='ocr_par' dir='ltr' id='par_1_30' title="bbox 402 3071 1974 3147">
     <span class='ocr_line' id='line_1_30' title="bbox 402 3071 1974 3147; baseline -0.003 -17"><span class='ocrx_word' id='word_1_224' title='bbox 402 3091 699 3147; x_wconf 81' lang='lat' dir='ltr'><strong>possumus.</strong></span> <span class='ocrx_word' id='word_1_225' title='bbox 726 3073 1032 3144; x_wconf 76' lang='lat' dir='ltr'><strong>Quidnam?</strong></span> <span class='ocrx_word' id='word_1_226' title='bbox 1064 3071 1340 3127; x_wconf 85' lang='lat' dir='ltr'><strong>Dominare</strong></span> <span class='ocrx_word' id='word_1_227' title='bbox 1377 3073 1428 3126; x_wconf 84' lang='lat' dir='ltr'><strong>in</strong></span> <span class='ocrx_word' id='word_1_228' title='bbox 1467 3073 1629 3126; x_wconf 84' lang='lat' dir='ltr'><strong>medio</strong></span> <span class='ocrx_word' id='word_1_229' title='bbox 1656 3071 1974 3126; x_wconf 76' lang='lat' dir='ltr'><strong>inimicorum</strong></span> 
     </span>
    </p>
   </div>
   <div class='ocr_carea' id='block_1_31' title="bbox 398 3162 1972 3240">
    <p class='ocr_par' dir='ltr' id='par_1_31' title="bbox 398 3162 1972 3240">
     <span class='ocr_line' id='line_1_31' title="bbox 398 3162 1972 3240; baseline -0.004 -18"><span class='ocrx_word' id='word_1_230' title='bbox 398 3178 595 3223; x_wconf 82' lang='lat' dir='ltr'><strong>tuorum</strong></span> <span class='ocrx_word' id='word_1_231' title='bbox 608 3166 772 3240; x_wconf 69' lang='lat' dir='ltr'><strong>(Prol.</strong></span> <span class='ocrx_word' id='word_1_232' title='bbox 795 3165 914 3222; x_wconf 81' lang='lat' dir='ltr'><strong>t09.</strong></span> <span class='ocrx_word' id='word_1_233' title='bbox 929 3165 1005 3233; x_wconf 81' lang='grc'><strong>2).</strong></span> <span class='ocrx_word' id='word_1_234' title='bbox 1026 3164 1138 3219; x_wconf 89' lang='lat' dir='ltr'><strong>Non</strong></span> <span class='ocrx_word' id='word_1_235' title='bbox 1155 3163 1295 3221; x_wconf 88' lang='lat' dir='ltr'><strong>enim</strong></span> <span class='ocrx_word' id='word_1_236' title='bbox 1313 3163 1392 3219; x_wconf 92' lang='lat' dir='ltr'><strong>eis</strong></span> <span class='ocrx_word' id='word_1_237' title='bbox 1416 3164 1467 3218; x_wconf 92' lang='lat' dir='ltr'><strong>in</strong></span> <span class='ocrx_word' id='word_1_238' title='bbox 1482 3163 1818 3219; x_wconf 85' lang='lat' dir='ltr'><strong>solitudinem</strong></span> <span class='ocrx_word' id='word_1_239' title='bbox 1840 3162 1972 3217; x_wconf 82' lang='lat' dir='ltr'><strong>edu-</strong></span> 
     </span>
    </p>
   </div>
   <div class='ocr_carea' id='block_1_32' title="bbox 402 3254 1973 3326">
    <p class='ocr_par' dir='ltr' id='par_1_32' title="bbox 402 3254 1973 3326">
     <span class='ocr_line' id='line_1_32' title="bbox 402 3254 1973 3326; baseline -0.003 -12"><span class='ocrx_word' id='word_1_240' title='bbox 402 3261 524 3326; x_wconf 83' lang='lat' dir='ltr'><strong>ctis,</strong></span> <span class='ocrx_word' id='word_1_241' title='bbox 553 3273 651 3313; x_wconf 72' lang='lat' dir='ltr'><strong>nec</strong></span> <span class='ocrx_word' id='word_1_242' title='bbox 678 3257 730 3313; x_wconf 89' lang='lat' dir='ltr'><strong>in</strong></span> <span class='ocrx_word' id='word_1_243' title='bbox 758 3259 933 3326; x_wconf 82' lang='lat' dir='ltr'><strong>aliquo</strong></span> <span class='ocrx_word' id='word_1_244' title='bbox 960 3256 1065 3312; x_wconf 86' lang='lat' dir='ltr'><strong>alio</strong></span> <span class='ocrx_word' id='word_1_245' title='bbox 1092 3255 1231 3321; x_wconf 81' lang='lat' dir='ltr'><strong>loco,</strong></span> <span class='ocrx_word' id='word_1_246' title='bbox 1268 3254 1361 3310; x_wconf 87' lang='lat' dir='ltr'><strong>sed</strong></span> <span class='ocrx_word' id='word_1_247' title='bbox 1403 3254 1454 3309; x_wconf 92' lang='lat' dir='ltr'><strong>in</strong></span> <span class='ocrx_word' id='word_1_248' title='bbox 1484 3254 1598 3324; x_wconf 83' lang='lat' dir='ltr'><strong>ipsa</strong></span> <span class='ocrx_word' id='word_1_249' title='bbox 1622 3255 1836 3311; x_wconf 86' lang='lat' dir='ltr'><strong>civitate</strong></span> <span class='ocrx_word' id='word_1_250' title='bbox 1864 3256 1973 3324; x_wconf 44' lang='lat' dir='ltr'><strong>pla-</strong></span> 
     </span>
    </p>
   </div>
   <div class='ocr_carea' id='block_1_33' title="bbox 399 3345 1973 3418">
    <p class='ocr_par' dir='ltr' id='par_1_33' title="bbox 399 3345 1973 3418">
     <span class='ocr_line' id='line_1_33' title="bbox 399 3345 1973 3418; baseline -0.001 -17"><span class='ocrx_word' id='word_1_251' title='bbox 399 3364 519 3418; x_wconf 89' lang='lat' dir='ltr'><strong>gam</strong></span> <span class='ocrx_word' id='word_1_252' title='bbox 548 3348 742 3403; x_wconf 89' lang='lat' dir='ltr'><strong>intulit.</strong></span> <span class='ocrx_word' id='word_1_253' title='bbox 773 3347 899 3403; x_wconf 86' lang='lat' dir='ltr'><strong>Vide</strong></span> <span class='ocrx_word' id='word_1_254' title='bbox 922 3355 1099 3403; x_wconf 90' lang='lat' dir='ltr'><strong>autem</strong></span> <span class='ocrx_word' id='word_1_255' title='bbox 1128 3347 1187 3401; x_wconf 91' lang='lat' dir='ltr'><strong>in</strong></span> <span class='ocrx_word' id='word_1_256' title='bbox 1222 3345 1331 3416; x_wconf 88' lang='lat' dir='ltr'><strong>ipsa</strong></span> <span class='ocrx_word' id='word_1_257' title='bbox 1362 3346 1519 3402; x_wconf 90' lang='lat' dir='ltr'><strong>etiam</strong></span> <span class='ocrx_word' id='word_1_258' title='bbox 1547 3348 1697 3415; x_wconf 80' lang='lat' dir='ltr'><strong>plaga</strong></span> <span class='ocrx_word' id='word_1_259' title='bbox 1733 3348 1973 3403; x_wconf 87' lang='lat' dir='ltr'><strong>clemen-</strong></span> 
     </span>
    </p>
   </div>
   <div class='ocr_carea' id='block_1_34' title="bbox 405 3437 1975 3510">
    <p class='ocr_par' dir='ltr' id='par_1_34' title="bbox 405 3437 1975 3510">
     <span class='ocr_line' id='line_1_34' title="bbox 405 3437 1975 3510; baseline -0.002 -14"><span class='ocrx_word' id='word_1_260' title='bbox 405 3437 734 3510; x_wconf 70' lang='lat' dir='ltr'><strong>tiam.(la:pit</strong></span> <span class='ocrx_word' id='word_1_261' title='bbox 757 3440 898 3494; x_wconf 91' lang='lat' dir='ltr'><strong>enim</strong></span> <span class='ocrx_word' id='word_1_262' title='bbox 930 3439 1074 3510; x_wconf 85' lang='lat' dir='ltr'><strong>prius</strong></span> <span class='ocrx_word' id='word_1_263' title='bbox 1099 3452 1128 3491; x_wconf 79' lang='grc' dir='ltr'><strong>ιι</strong></span> <span class='ocrx_word' id='word_1_264' title='bbox 1156 3439 1459 3508; x_wconf 84' lang='lat' dir='ltr'><strong>pecoribus,</strong></span> <span class='ocrx_word' id='word_1_265' title='bbox 1483 3446 1539 3493; x_wconf 86' lang='lat' dir='ltr'><strong>et</strong></span> <span class='ocrx_word' id='word_1_266' title='bbox 1567 3448 1693 3494; x_wconf 88' lang='lat' dir='ltr'><strong>tunc</strong></span> <span class='ocrx_word' id='word_1_267' title='bbox 1714 3437 1782 3494; x_wconf 90' lang='lat' dir='ltr'><strong>ad</strong></span> <span class='ocrx_word' id='word_1_268' title='bbox 1814 3438 1975 3495; x_wconf 85' lang='lat' dir='ltr'><strong>homi-</strong></span> 
     </span>
    </p>
   </div>
   <div class='ocr_carea' id='block_1_35' title="bbox 400 3528 1970 3601">
    <p class='ocr_par' dir='ltr' id='par_1_35' title="bbox 400 3528 1970 3601">
     <span class='ocr_line' id='line_1_35' title="bbox 400 3528 1970 3601; baseline -0.001 -15"><span class='ocrx_word' id='word_1_269' title='bbox 400 3547 494 3587; x_wconf 92' lang='lat' dir='ltr'><strong>nes</strong></span> <span class='ocrx_word' id='word_1_270' title='bbox 543 3530 819 3601; x_wconf 87' lang='lat' dir='ltr'><strong>processit.</strong></span> <span class='ocrx_word' id='word_1_271' title='bbox 844 3529 973 3597; x_wconf 89' lang='lat' dir='ltr'><strong>Quis</strong></span> <span class='ocrx_word' id='word_1_272' title='bbox 1010 3543 1137 3600; x_wconf 86' lang='lat' dir='ltr'><strong>ergo</strong></span> <span class='ocrx_word' id='word_1_273' title='bbox 1180 3544 1284 3584; x_wconf 91' lang='lat' dir='ltr'><strong>non</strong></span> <span class='ocrx_word' id='word_1_274' title='bbox 1325 3528 1618 3586; x_wconf 88' lang='lat' dir='ltr'><strong>admiretur</strong></span> <span class='ocrx_word' id='word_1_275' title='bbox 1662 3532 1970 3600; x_wconf 84' lang='lat' dir='ltr'><strong>potentiam,</strong></span> 
     </span>
    </p>
   </div>
   <div class='ocr_carea' id='block_1_36' title="bbox 399 3622 1971 3694">
    <p class='ocr_par' dir='ltr' id='par_1_36' title="bbox 399 3622 1971 3694">
     <span class='ocr_line' id='line_1_36' title="bbox 399 3622 1971 3694; baseline -0.002 -16"><span class='ocrx_word' id='word_1_276' title='bbox 399 3622 666 3694; x_wconf 90' lang='lat' dir='ltr'><strong>quomodo</strong></span> <span class='ocrx_word' id='word_1_277' title='bbox 710 3625 889 3678; x_wconf 86' lang='lat' dir='ltr'><strong>omnia</strong></span> <span class='ocrx_word' id='word_1_278' title='bbox 937 3622 989 3677; x_wconf 89' lang='lat' dir='ltr'><strong>in</strong></span> <span class='ocrx_word' id='word_1_279' title='bbox 1037 3638 1143 3677; x_wconf 89' lang='lat' dir='ltr'><strong>uno</strong></span> <span class='ocrx_word' id='word_1_280' title='bbox 1193 3623 1448 3693; x_wconf 78' lang='lat' dir='ltr'><strong>temporis</strong></span> <span class='ocrx_word' id='word_1_281' title='bbox 1497 3631 1768 3679; x_wconf 86' lang='lat' dir='ltr'><strong>momento</strong></span> <span class='ocrx_word' id='word_1_282' title='bbox 1817 3622 1971 3678; x_wconf 89' lang='lat' dir='ltr'><strong>simul</strong></span> 
     </span>
    </p>
   </div>
   <div class='ocr_carea' id='block_1_37' title="bbox 399 3712 1974 3783">
    <p class='ocr_par' dir='ltr' id='par_1_37' title="bbox 399 3712 1974 3783">
     <span class='ocr_line' id='line_1_37' title="bbox 399 3712 1974 3783; baseline -0.001 -15"><span class='ocrx_word' id='word_1_283' title='bbox 399 3714 593 3778; x_wconf 88' lang='lat' dir='ltr'><strong>attulit,</strong></span> <span class='ocrx_word' id='word_1_284' title='bbox 613 3712 992 3783; x_wconf 77' lang='lat' dir='ltr'><strong>indulgentiam</strong></span> <span class='ocrx_word' id='word_1_285' title='bbox 1026 3713 1171 3779; x_wconf 86' lang='lat' dir='ltr'><strong>item,</strong></span> <span class='ocrx_word' id='word_1_286' title='bbox 1196 3722 1251 3767; x_wconf 91' lang='lat' dir='ltr'><strong>et</strong></span> <span class='ocrx_word' id='word_1_287' title='bbox 1278 3713 1590 3783; x_wconf 80' lang='lat' dir='ltr'><strong>sapientiam</strong></span> <span class='ocrx_word' id='word_1_288' title='bbox 1619 3713 1974 3769; x_wconf 69' lang='lat' dir='ltr'><strong>ineffabilem?</strong></span> 
     </span>
    </p>
   </div>
   <div class='ocr_carea' id='block_1_38' title="bbox 399 3802 1974 3875">
    <p class='ocr_par' dir='ltr' id='par_1_38' title="bbox 399 3802 1974 3875">
     <span class='ocr_line' id='line_1_38' title="bbox 399 3802 1974 3875; baseline -0.004 -12"><span class='ocrx_word' id='word_1_289' title='bbox 399 3804 581 3875; x_wconf 78' lang='lat' dir='ltr'><strong>Neque</strong></span> <span class='ocrx_word' id='word_1_290' title='bbox 608 3804 750 3859; x_wconf 91' lang='lat' dir='ltr'><strong>enim</strong></span> <span class='ocrx_word' id='word_1_291' title='bbox 775 3803 912 3859; x_wconf 89' lang='lat' dir='ltr'><strong>hanc</strong></span> <span class='ocrx_word' id='word_1_292' title='bbox 943 3803 1167 3874; x_wconf 79' lang='lat' dir='ltr'><strong>primum</strong></span> <span class='ocrx_word' id='word_1_293' title='bbox 1191 3802 1396 3873; x_wconf 78' lang='lat' dir='ltr'><strong>plagam</strong></span> <span class='ocrx_word' id='word_1_294' title='bbox 1424 3803 1634 3870; x_wconf 81' lang='lat' dir='ltr'><strong>inﬂixit,</strong></span> <span class='ocrx_word' id='word_1_295' title='bbox 1664 3819 1759 3860; x_wconf 91' lang='lat' dir='ltr'><strong>eos</strong></span> <span class='ocrx_word' id='word_1_296' title='bbox 1786 3805 1974 3861; x_wconf 84' lang='lat' dir='ltr'><strong>volens</strong></span> 
     </span>
    </p>
   </div>
   <div class='ocr_carea' id='block_1_39' title="bbox 402 3895 1977 3967">
    <p class='ocr_par' dir='ltr' id='par_1_39' title="bbox 402 3895 1977 3967">
     <span class='ocr_line' id='line_1_39' title="bbox 402 3895 1977 3967; baseline -0.001 -14"><span class='ocrx_word' id='word_1_297' title='bbox 402 3914 493 3967; x_wconf 84' lang='lat' dir='ltr'><strong>per</strong></span> <span class='ocrx_word' id='word_1_298' title='bbox 519 3897 649 3953; x_wconf 90' lang='lat' dir='ltr'><strong>alias</strong></span> <span class='ocrx_word' id='word_1_299' title='bbox 673 3897 963 3967; x_wconf 78' lang='lat' dir='ltr'><strong>corrigere.</strong></span> <span class='ocrx_word' id='word_1_300' title='bbox 1005 3910 1103 3952; x_wconf 90' lang='lat' dir='ltr'><strong>nec</strong></span> <span class='ocrx_word' id='word_1_301' title='bbox 1127 3895 1338 3967; x_wconf 89' lang='lat' dir='ltr'><strong>quando</strong></span> <span class='ocrx_word' id='word_1_302' title='bbox 1361 3895 1568 3962; x_wconf 84' lang='lat' dir='ltr'><strong>inﬂixit,</strong></span> <span class='ocrx_word' id='word_1_303' title='bbox 1597 3911 1700 3951; x_wconf 89' lang='lat' dir='ltr'><strong>non</strong></span> <span class='ocrx_word' id='word_1_304' title='bbox 1730 3912 1977 3966; x_wconf 62' lang='lat' dir='ltr'><strong>pta-nun-</strong></span> 
     </span>
    </p>
   </div>
   <div class='ocr_carea' id='block_1_40' title="bbox 403 3986 1972 4058">
    <p class='ocr_par' dir='ltr' id='par_1_40' title="bbox 403 3986 1972 4058">
     <span class='ocr_line' id='line_1_40' title="bbox 403 3986 1972 4058; baseline -0.004 -13"><span class='ocrx_word' id='word_1_305' title='bbox 403 3991 581 4046; x_wconf 89' lang='lat' dir='ltr'><strong>tiatam</strong></span> <span class='ocrx_word' id='word_1_306' title='bbox 605 3989 814 4045; x_wconf 82' lang='lat' dir='ltr'><strong>inﬂixit.</strong></span> <span class='ocrx_word' id='word_1_307' title='bbox 837 3987 1229 4056; x_wconf 83' lang='lat' dir='ltr'><strong>Quamobrem?</strong></span> <span class='ocrx_word' id='word_1_308' title='bbox 1255 3986 1322 4044; x_wconf 85' lang='lat' dir='ltr'><strong>Ut</strong></span> <span class='ocrx_word' id='word_1_309' title='bbox 1347 4002 1439 4043; x_wconf 90' lang='lat' dir='ltr'><strong>eos</strong></span> <span class='ocrx_word' id='word_1_310' title='bbox 1464 3986 1643 4042; x_wconf 82' lang='lat' dir='ltr'><strong>verbis</strong></span> <span class='ocrx_word' id='word_1_311' title='bbox 1667 3988 1972 4058; x_wconf 83' lang='lat' dir='ltr'><strong>castigaret,</strong></span> 
     </span>
    </p>
   </div>
   <div class='ocr_carea' id='block_1_41' title="bbox 401 4077 1975 4148">
    <p class='ocr_par' dir='ltr' id='par_1_41' title="bbox 401 4077 1975 4148">
     <span class='ocr_line' id='line_1_41' title="bbox 401 4077 1975 4148; baseline -0.005 -10"><span class='ocrx_word' id='word_1_312' title='bbox 401 4080 454 4138; x_wconf 80' lang='lat' dir='ltr'><strong>et</strong></span> <span class='ocrx_word' id='word_1_313' title='bbox 479 4097 547 4139; x_wconf 90' lang='lat' dir='ltr'><strong>ne</strong></span> <span class='ocrx_word' id='word_1_314' title='bbox 573 4081 884 4137; x_wconf 85' lang='lat' dir='ltr'><strong>devenirent</strong></span> <span class='ocrx_word' id='word_1_315' title='bbox 906 4080 971 4135; x_wconf 91' lang='lat' dir='ltr'><strong>ad</strong></span> <span class='ocrx_word' id='word_1_316' title='bbox 1003 4093 1180 4135; x_wconf 90' lang='lat' dir='ltr'><strong>rerum</strong></span> <span class='ocrx_word' id='word_1_317' title='bbox 1210 4077 1590 4148; x_wconf 76' lang='lat' dir='ltr'><strong>experientiam</strong></span> <span class='ocrx_word' id='word_1_318' title='bbox 1624 4094 1638 4131; x_wconf 89' lang='lat'><strong>:</strong></span> <span class='ocrx_word' id='word_1_319' title='bbox 1667 4094 1765 4133; x_wconf 85' lang='lat' dir='ltr'><strong>nec</strong></span> <span class='ocrx_word' id='word_1_320' title='bbox 1792 4092 1975 4132; x_wconf 83' lang='lat' dir='ltr'><strong>rursus</strong></span> 
     </span>
    </p>
   </div>
   <div class='ocr_carea' id='block_1_42' title="bbox 399 4167 1975 4243">
    <p class='ocr_par' dir='ltr' id='par_1_42' title="bbox 399 4167 1975 4243">
     <span class='ocr_line' id='line_1_42' title="bbox 399 4167 1975 4243; baseline -0.003 -15"><span class='ocrx_word' id='word_1_321' title='bbox 399 4173 649 4243; x_wconf 86' lang='lat' dir='ltr'><strong>quoniam</strong></span> <span class='ocrx_word' id='word_1_322' title='bbox 671 4188 777 4227; x_wconf 89' lang='lat' dir='ltr'><strong>non</strong></span> <span class='ocrx_word' id='word_1_323' title='bbox 795 4171 1018 4227; x_wconf 87' lang='lat' dir='ltr'><strong>correcti</strong></span> <span class='ocrx_word' id='word_1_324' title='bbox 1046 4170 1281 4235; x_wconf 88' lang='lat' dir='ltr'><strong>fuerunt,</strong></span> <span class='ocrx_word' id='word_1_325' title='bbox 1311 4167 1552 4239; x_wconf 89' lang='lat' dir='ltr'><strong>permisit</strong></span> <span class='ocrx_word' id='word_1_326' title='bbox 1571 4177 1629 4222; x_wconf 93' lang='lat' dir='ltr'><strong>ut</strong></span> <span class='ocrx_word' id='word_1_327' title='bbox 1656 4176 1798 4222; x_wconf 88' lang='lat' dir='ltr'><strong>esset</strong></span> <span class='ocrx_word' id='word_1_328' title='bbox 1824 4167 1975 4238; x_wconf 79' lang='lat' dir='ltr'><strong>plaga</strong></span> 
     </span>
    </p>
   </div>
   <div class='ocr_carea' id='block_1_43' title="bbox 401 4257 1969 4334">
    <p class='ocr_par' dir='ltr' id='par_1_43' title="bbox 401 4257 1969 4334">
     <span class='ocr_line' id='line_1_43' title="bbox 401 4257 1969 4334; baseline -0.006 -14"><span class='ocrx_word' id='word_1_329' title='bbox 401 4264 577 4320; x_wconf 88' lang='lat' dir='ltr'><strong>dubia.</strong></span> <span class='ocrx_word' id='word_1_330' title='bbox 598 4262 676 4320; x_wconf 84' lang='lat' dir='ltr'><strong>Ne</strong></span> <span class='ocrx_word' id='word_1_331' title='bbox 695 4263 813 4334; x_wconf 89' lang='lat' dir='ltr'><strong>quis</strong></span> <span class='ocrx_word' id='word_1_332' title='bbox 837 4263 976 4319; x_wconf 91' lang='lat' dir='ltr'><strong>enim</strong></span> <span class='ocrx_word' id='word_1_333' title='bbox 1000 4262 1329 4318; x_wconf 82' lang='lat' dir='ltr'><strong>existimaret</strong></span> <span class='ocrx_word' id='word_1_334' title='bbox 1352 4258 1569 4315; x_wconf 88' lang='lat' dir='ltr'><strong>fortuito</strong></span> <span class='ocrx_word' id='word_1_335' title='bbox 1594 4266 1687 4313; x_wconf 89' lang='lat' dir='ltr'><strong>aut</strong></span> <span class='ocrx_word' id='word_1_336' title='bbox 1705 4257 1969 4323; x_wconf 89' lang='lat' dir='ltr'><strong>morbum,</strong></span> 
     </span>
    </p>
   </div>
   <div class='ocr_carea' id='block_1_44' title="bbox 402 4349 1974 4426">
    <p class='ocr_par' dir='ltr' id='par_1_44' title="bbox 402 4349 1974 4426">
     <span class='ocr_line' id='line_1_44' title="bbox 402 4349 1974 4426; baseline -0.004 -16"><span class='ocrx_word' id='word_1_337' title='bbox 402 4367 496 4412; x_wconf 79' lang='lat' dir='ltr'><strong>aut</strong></span> <span class='ocrx_word' id='word_1_338' title='bbox 522 4365 725 4426; x_wconf 85' lang='lat' dir='ltr'><strong>pestem</strong></span> <span class='ocrx_word' id='word_1_339' title='bbox 756 4355 1004 4411; x_wconf 85' lang='lat' dir='ltr'><strong>incidisse</strong></span> <span class='ocrx_word' id='word_1_340' title='bbox 1022 4394 1040 4422; x_wconf 93' lang='lat'><strong>,</strong></span> <span class='ocrx_word' id='word_1_341' title='bbox 1073 4352 1193 4410; x_wconf 88' lang='lat' dir='ltr'><strong>vide</strong></span> <span class='ocrx_word' id='word_1_342' title='bbox 1218 4360 1349 4423; x_wconf 91' lang='lat' dir='ltr'><strong>quot</strong></span> <span class='ocrx_word' id='word_1_343' title='bbox 1370 4366 1460 4408; x_wconf 90' lang='lat' dir='ltr'><strong>res</strong></span> <span class='ocrx_word' id='word_1_344' title='bbox 1484 4359 1820 4407; x_wconf 90' lang='lat' dir='ltr'><strong>concurrant.</strong></span> <span class='ocrx_word' id='word_1_345' title='bbox 1853 4349 1974 4405; x_wconf 89' lang='lat' dir='ltr'><strong>Pri-</strong></span> 
     </span>
    </p>
   </div>
   <div class='ocr_carea' id='block_1_45' title="bbox 403 4445 1972 4515">
    <p class='ocr_par' dir='ltr' id='par_1_45' title="bbox 403 4445 1972 4515">
     <span class='ocr_line' id='line_1_45' title="bbox 403 4445 1972 4515; baseline -0.003 -10"><span class='ocrx_word' id='word_1_346' title='bbox 403 4465 546 4505; x_wconf 89' lang='lat' dir='ltr'><strong>mum</strong></span> <span class='ocrx_word' id='word_1_347' title='bbox 587 4463 772 4504; x_wconf 91' lang='lat' dir='ltr'><strong>omnes</strong></span> <span class='ocrx_word' id='word_1_348' title='bbox 810 4448 859 4504; x_wconf 91' lang='lat' dir='ltr'><strong>in</strong></span> <span class='ocrx_word' id='word_1_349' title='bbox 892 4463 992 4503; x_wconf 91' lang='lat' dir='ltr'><strong>una</strong></span> <span class='ocrx_word' id='word_1_350' title='bbox 1026 4455 1200 4502; x_wconf 90' lang='lat' dir='ltr'><strong>nocte.</strong></span> <span class='ocrx_word' id='word_1_351' title='bbox 1231 4445 1479 4502; x_wconf 90' lang='lat' dir='ltr'><strong>Secundo</strong></span> <span class='ocrx_word' id='word_1_352' title='bbox 1503 4445 1679 4500; x_wconf 91' lang='lat' dir='ltr'><strong>omnia</strong></span> <span class='ocrx_word' id='word_1_353' title='bbox 1707 4445 1972 4515; x_wconf 83' lang='lat' dir='ltr'><strong>primoge-</strong></span> 
     </span>
    </p>
   </div>
   <div class='ocr_carea' id='block_1_46' title="bbox 405 4535 1975 4608">
    <p class='ocr_par' dir='ltr' id='par_1_46' title="bbox 405 4535 1975 4608">
     <span class='ocr_line' id='line_1_46' title="bbox 405 4535 1975 4608; baseline -0.004 -12"><span class='ocrx_word' id='word_1_354' title='bbox 405 4542 532 4596; x_wconf 83' lang='lat' dir='ltr'><strong>uita.</strong></span> <span class='ocrx_word' id='word_1_355' title='bbox 556 4541 609 4596; x_wconf 92' lang='lat' dir='ltr'><strong>Si</strong></span> <span class='ocrx_word' id='word_1_356' title='bbox 631 4540 772 4597; x_wconf 91' lang='lat' dir='ltr'><strong>enim</strong></span> <span class='ocrx_word' id='word_1_357' title='bbox 794 4540 980 4597; x_wconf 86' lang='lat' dir='ltr'><strong>fuisset</strong></span> <span class='ocrx_word' id='word_1_358' title='bbox 1009 4539 1190 4608; x_wconf 88' lang='lat' dir='ltr'><strong>pestis,</strong></span> <span class='ocrx_word' id='word_1_359' title='bbox 1222 4553 1327 4592; x_wconf 87' lang='lat' dir='ltr'><strong>non</strong></span> <span class='ocrx_word' id='word_1_360' title='bbox 1353 4536 1463 4592; x_wconf 89' lang='lat' dir='ltr'><strong>sola</strong></span> <span class='ocrx_word' id='word_1_361' title='bbox 1492 4537 1750 4607; x_wconf 75' lang='lat' dir='ltr'><strong>tetigisset</strong></span> <span class='ocrx_word' id='word_1_362' title='bbox 1779 4535 1975 4605; x_wconf 80' lang='lat' dir='ltr'><strong>primo-</strong></span> 
     </span>
    </p>
   </div>
   <div class='ocr_carea' id='block_1_47' title="bbox 397 4626 1972 4702">
    <p class='ocr_par' dir='ltr' id='par_1_47' title="bbox 397 4626 1972 4702">
     <span class='ocr_line' id='line_1_47' title="bbox 397 4626 1972 4702; baseline -0.005 -13"><span class='ocrx_word' id='word_1_363' title='bbox 397 4634 594 4702; x_wconf 82' lang='lat' dir='ltr'><strong>genita,</strong></span> <span class='ocrx_word' id='word_1_364' title='bbox 626 4632 875 4688; x_wconf 87' lang='lat' dir='ltr'><strong>secundis</strong></span> <span class='ocrx_word' id='word_1_365' title='bbox 914 4645 1041 4686; x_wconf 89' lang='lat' dir='ltr'><strong>vero</strong></span> <span class='ocrx_word' id='word_1_366' title='bbox 1082 4627 1447 4700; x_wconf 83' lang='lat' dir='ltr'><strong>pepercisset:</strong></span> <span class='ocrx_word' id='word_1_367' title='bbox 1489 4626 1585 4682; x_wconf 89' lang='lat' dir='ltr'><strong>sed</strong></span> <span class='ocrx_word' id='word_1_368' title='bbox 1615 4641 1802 4682; x_wconf 89' lang='lat' dir='ltr'><strong>omnes</strong></span> <span class='ocrx_word' id='word_1_369' title='bbox 1842 4626 1972 4681; x_wconf 87' lang='lat' dir='ltr'><strong>citra</strong></span> 
     </span>
    </p>
   </div>
   <div class='ocr_carea' id='block_1_48' title="bbox 402 4715 1969 4790">
    <p class='ocr_par' dir='ltr' id='par_1_48' title="bbox 402 4715 1969 4790">
     <span class='ocr_line' id='line_1_48' title="bbox 402 4715 1969 4790; baseline -0.003 -14"><span class='ocrx_word' id='word_1_370' title='bbox 402 4723 562 4776; x_wconf 92' lang='lat' dir='ltr'><strong>ullum</strong></span> <span class='ocrx_word' id='word_1_371' title='bbox 591 4721 877 4786; x_wconf 80' lang='lat' dir='ltr'><strong>discrimen</strong></span> <span class='ocrx_word' id='word_1_372' title='bbox 910 4718 1248 4790; x_wconf 83' lang='lat' dir='ltr'><strong>pervasisset.</strong></span> <span class='ocrx_word' id='word_1_373' title='bbox 1266 4717 1466 4784; x_wconf 87' lang='lat' dir='ltr'><strong>Tertio,</strong></span> <span class='ocrx_word' id='word_1_374' title='bbox 1497 4717 1542 4772; x_wconf 92' lang='lat' dir='ltr'><strong>si</strong></span> <span class='ocrx_word' id='word_1_375' title='bbox 1573 4716 1757 4772; x_wconf 87' lang='lat' dir='ltr'><strong>fuisset</strong></span> <span class='ocrx_word' id='word_1_376' title='bbox 1787 4715 1969 4786; x_wconf 77' lang='lat' dir='ltr'><strong>pestis,</strong></span> 
     </span>
    </p>
   </div>
   <div class='ocr_carea' id='block_1_49' title="bbox 400 4807 1976 4878">
    <p class='ocr_par' dir='ltr' id='par_1_49' title="bbox 400 4807 1976 4878">
     <span class='ocr_line' id='line_1_49' title="bbox 400 4807 1976 4878; baseline -0.002 -13"><span class='ocrx_word' id='word_1_377' title='bbox 400 4826 505 4865; x_wconf 91' lang='lat' dir='ltr'><strong>non</strong></span> <span class='ocrx_word' id='word_1_378' title='bbox 527 4811 870 4869; x_wconf 73' lang='lat' dir='ltr'><strong>abstinuisset</strong></span> <span class='ocrx_word' id='word_1_379' title='bbox 897 4808 1117 4866; x_wconf 90' lang='lat' dir='ltr'><strong>omnino</strong></span> <span class='ocrx_word' id='word_1_380' title='bbox 1134 4823 1167 4864; x_wconf 91' lang='lat' dir='ltr'><strong>a</strong></span> <span class='ocrx_word' id='word_1_381' title='bbox 1190 4807 1409 4875; x_wconf 85' lang='lat' dir='ltr'><strong>Judaeis,</strong></span> <span class='ocrx_word' id='word_1_382' title='bbox 1433 4822 1534 4863; x_wconf 90' lang='lat' dir='ltr'><strong>nec</strong></span> <span class='ocrx_word' id='word_1_383' title='bbox 1552 4807 1696 4862; x_wconf 88' lang='lat' dir='ltr'><strong>solos</strong></span> <span class='ocrx_word' id='word_1_384' title='bbox 1715 4807 1976 4878; x_wconf 74' lang='lat' dir='ltr'><strong>tetigisset</strong></span> 
     </span>
    </p>
   </div>
   <div class='ocr_carea' id='block_1_50' title="bbox 397 4896 1966 4975">
    <p class='ocr_par' dir='ltr' id='par_1_50' title="bbox 397 4896 1966 4975">
     <span class='ocr_line' id='line_1_50' title="bbox 397 4896 1966 4975; baseline -0.005 -15"><span class='ocrx_word' id='word_1_385' title='bbox 397 4901 696 4975; x_wconf 59' lang='lat' dir='ltr'><strong>Egyptios,</strong></span> <span class='ocrx_word' id='word_1_386' title='bbox 729 4902 822 4957; x_wconf 88' lang='lat' dir='ltr'><strong>sed</strong></span> <span class='ocrx_word' id='word_1_387' title='bbox 849 4917 913 4959; x_wconf 90' lang='lat' dir='ltr'><strong>ea</strong></span> <span class='ocrx_word' id='word_1_388' title='bbox 939 4899 1107 4957; x_wconf 87' lang='lat' dir='ltr'><strong>multo</strong></span> <span class='ocrx_word' id='word_1_389' title='bbox 1152 4900 1319 4971; x_wconf 87' lang='lat' dir='ltr'><strong>magis</strong></span> <span class='ocrx_word' id='word_1_390' title='bbox 1359 4912 1583 4970; x_wconf 89' lang='lat' dir='ltr'><strong>corpora</strong></span> <span class='ocrx_word' id='word_1_391' title='bbox 1624 4896 1966 4967; x_wconf 74' lang='lat' dir='ltr'><strong>confecisset,</strong></span> 
     </span>
    </p>
   </div>
   <div class='ocr_carea' id='block_1_51' title="bbox 399 4986 1973 5065">
    <p class='ocr_par' dir='ltr' id='par_1_51' title="bbox 399 4986 1973 5065">
     <span class='ocr_line' id='line_1_51' title="bbox 399 4986 1973 5065; baseline -0.003 -18"><span class='ocrx_word' id='word_1_392' title='bbox 399 5008 516 5065; x_wconf 70' lang='lat' dir='ltr'><strong>quae</strong></span> <span class='ocrx_word' id='word_1_393' title='bbox 547 4994 726 5049; x_wconf 86' lang='lat' dir='ltr'><strong>labore</strong></span> <span class='ocrx_word' id='word_1_394' title='bbox 751 5001 806 5048; x_wconf 91' lang='lat' dir='ltr'><strong>et</strong></span> <span class='ocrx_word' id='word_1_395' title='bbox 842 4990 1074 5055; x_wconf 88' lang='lat' dir='ltr'><strong>miseria,</strong></span> <span class='ocrx_word' id='word_1_396' title='bbox 1106 4998 1160 5045; x_wconf 92' lang='lat' dir='ltr'><strong>et</strong></span> <span class='ocrx_word' id='word_1_397' title='bbox 1187 4997 1266 5045; x_wconf 90' lang='lat' dir='ltr'><strong>tot</strong></span> <span class='ocrx_word' id='word_1_398' title='bbox 1289 4999 1342 5046; x_wconf 91' lang='lat' dir='ltr'><strong>et</strong></span> <span class='ocrx_word' id='word_1_399' title='bbox 1372 4989 1531 5044; x_wconf 88' lang='lat' dir='ltr'><strong>tantis</strong></span> <span class='ocrx_word' id='word_1_400' title='bbox 1556 4987 1709 5044; x_wconf 90' lang='lat' dir='ltr'><strong>malis</strong></span> <span class='ocrx_word' id='word_1_401' title='bbox 1734 4986 1973 5044; x_wconf 88' lang='lat' dir='ltr'><strong>confecta</strong></span> 
     </span>
    </p>
   </div>
   <div class='ocr_carea' id='block_1_52' title="bbox 398 5077 1972 5155">
    <p class='ocr_par' dir='ltr' id='par_1_52' title="bbox 398 5077 1972 5155">
     <span class='ocr_line' id='line_1_52' title="bbox 398 5077 1972 5155; baseline -0.004 -17"><span class='ocrx_word' id='word_1_402' title='bbox 398 5084 627 5150; x_wconf 82' lang='lat' dir='ltr'><strong>fuerant,</strong></span> <span class='ocrx_word' id='word_1_403' title='bbox 672 5100 792 5155; x_wconf 68' lang='lat' dir='ltr'><strong>qua:</strong></span> <span class='ocrx_word' id='word_1_404' title='bbox 840 5088 1150 5152; x_wconf 87' lang='lat' dir='ltr'><strong>paupertate</strong></span> <span class='ocrx_word' id='word_1_405' title='bbox 1192 5088 1246 5134; x_wconf 91' lang='lat' dir='ltr'><strong>et</strong></span> <span class='ocrx_word' id='word_1_406' title='bbox 1284 5079 1425 5135; x_wconf 88' lang='lat' dir='ltr'><strong>fame</strong></span> <span class='ocrx_word' id='word_1_407' title='bbox 1466 5078 1784 5151; x_wconf 86' lang='lat' dir='ltr'><strong>jampridem</strong></span> <span class='ocrx_word' id='word_1_408' title='bbox 1837 5077 1972 5135; x_wconf 88' lang='lat' dir='ltr'><strong>adeo</strong></span> 
     </span>
    </p>
   </div>
   <div class='ocr_carea' id='block_1_53' title="bbox 397 5170 1972 5241">
    <p class='ocr_par' dir='ltr' id='par_1_53' title="bbox 397 5170 1972 5241">
     <span class='ocr_line' id='line_1_53' title="bbox 397 5170 1972 5241; baseline -0.003 -12"><span class='ocrx_word' id='word_1_409' title='bbox 397 5174 653 5229; x_wconf 83' lang='lat' dir='ltr'><strong>exhausta</strong></span> <span class='ocrx_word' id='word_1_410' title='bbox 690 5182 882 5229; x_wconf 88' lang='lat' dir='ltr'><strong>erant:</strong></span> <span class='ocrx_word' id='word_1_411' title='bbox 918 5185 1024 5226; x_wconf 90' lang='lat' dir='ltr'><strong>non</strong></span> <span class='ocrx_word' id='word_1_412' title='bbox 1048 5185 1252 5241; x_wconf 88' lang='lat' dir='ltr'><strong>regum,</strong></span> <span class='ocrx_word' id='word_1_413' title='bbox 1280 5180 1334 5227; x_wconf 92' lang='lat' dir='ltr'><strong>et</strong></span> <span class='ocrx_word' id='word_1_414' title='bbox 1369 5186 1554 5226; x_wconf 87' lang='lat' dir='ltr'><strong>eorum</strong></span> <span class='ocrx_word' id='word_1_415' title='bbox 1581 5170 1670 5241; x_wconf 92' lang='lat' dir='ltr'><strong>qui</strong></span> <span class='ocrx_word' id='word_1_416' title='bbox 1695 5180 1847 5226; x_wconf 89' lang='lat' dir='ltr'><strong>erant</strong></span> <span class='ocrx_word' id='word_1_417' title='bbox 1873 5186 1972 5225; x_wconf 85' lang='lat' dir='ltr'><strong>au-</strong></span> 
     </span>
    </p>
   </div>
   <div class='ocr_carea' id='block_1_54' title="bbox 399 5260 1974 5332">
    <p class='ocr_par' dir='ltr' id='par_1_54' title="bbox 399 5260 1974 5332">
     <span class='ocr_line' id='line_1_54' title="bbox 399 5260 1974 5332; baseline -0.001 -13"><span class='ocrx_word' id='word_1_418' title='bbox 399 5267 644 5319; x_wconf 79' lang='lat' dir='ltr'><strong>ctoritate</strong></span> <span class='ocrx_word' id='word_1_419' title='bbox 672 5275 723 5318; x_wconf 92' lang='lat' dir='ltr'><strong>et</strong></span> <span class='ocrx_word' id='word_1_420' title='bbox 753 5263 1008 5332; x_wconf 90' lang='lat' dir='ltr'><strong>dignitate</strong></span> <span class='ocrx_word' id='word_1_421' title='bbox 1036 5260 1263 5332; x_wconf 72' lang='lat' dir='ltr'><strong>praediti,</strong></span> <span class='ocrx_word' id='word_1_422' title='bbox 1295 5262 1385 5331; x_wconf 91' lang='lat' dir='ltr'><strong>qui</strong></span> <span class='ocrx_word' id='word_1_423' title='bbox 1414 5261 1579 5316; x_wconf 88' lang='lat' dir='ltr'><strong>libere</strong></span> <span class='ocrx_word' id='word_1_424' title='bbox 1603 5269 1658 5316; x_wconf 86' lang='lat' dir='ltr'><strong>et</strong></span> <span class='ocrx_word' id='word_1_425' title='bbox 1682 5276 1869 5318; x_wconf 88' lang='lat' dir='ltr'><strong>secure</strong></span> <span class='ocrx_word' id='word_1_426' title='bbox 1899 5263 1974 5317; x_wconf 87' lang='lat' dir='ltr'><strong>vi-</strong></span> 
     </span>
    </p>
   </div>
   <div class='ocr_carea' id='block_1_55' title="bbox 404 5350 1982 5425">
    <p class='ocr_par' dir='ltr' id='par_1_55' title="bbox 404 5350 1982 5425">
     <span class='ocr_line' id='line_1_55' title="bbox 404 5350 1982 5425; baseline -0.001 -16"><span class='ocrx_word' id='word_1_427' title='bbox 404 5358 614 5420; x_wconf 84' lang='lat' dir='ltr'><strong>vebant,</strong></span> <span class='ocrx_word' id='word_1_428' title='bbox 658 5353 849 5425; x_wconf 86' lang='lat' dir='ltr'><strong>quibus</strong></span> <span class='ocrx_word' id='word_1_429' title='bbox 894 5351 1068 5406; x_wconf 86' lang='lat' dir='ltr'><strong>omnia</strong></span> <span class='ocrx_word' id='word_1_430' title='bbox 1121 5364 1240 5419; x_wconf 78' lang='lat' dir='ltr'><strong>quae</strong></span> <span class='ocrx_word' id='word_1_431' title='bbox 1285 5351 1351 5405; x_wconf 90' lang='lat' dir='ltr'><strong>ad</strong></span> <span class='ocrx_word' id='word_1_432' title='bbox 1397 5350 1595 5406; x_wconf 92' lang='lat' dir='ltr'><strong>cultum</strong></span> <span class='ocrx_word' id='word_1_433' title='bbox 1624 5361 1678 5407; x_wconf 92' lang='lat' dir='ltr'><strong>et</strong></span> <span class='ocrx_word' id='word_1_434' title='bbox 1714 5352 1781 5408; x_wconf 88' lang='lat' dir='ltr'><strong>ad</strong></span> <span class='ocrx_word' id='word_1_435' title='bbox 1814 5351 1982 5407; x_wconf 82' lang='lat' dir='ltr'><strong>vitam.</strong></span> 
     </span>
    </p>
   </div>
   <div class='ocr_carea' id='block_1_56' title="bbox 402 5439 1971 5516">
    <p class='ocr_par' dir='ltr' id='par_1_56' title="bbox 402 5439 1971 5516">
     <span class='ocr_line' id='line_1_56' title="bbox 402 5439 1971 5516; baseline -0.001 -16"><span class='ocrx_word' id='word_1_436' title='bbox 402 5447 664 5516; x_wconf 87' lang='lat' dir='ltr'><strong>pertinent</strong></span> <span class='ocrx_word' id='word_1_437' title='bbox 708 5442 921 5498; x_wconf 87' lang='lat' dir='ltr'><strong>abunde</strong></span> <span class='ocrx_word' id='word_1_438' title='bbox 960 5439 1417 5509; x_wconf 26' lang='lat' dir='ltr'><strong>suppetebant.‘Si</strong></span> <span class='ocrx_word' id='word_1_439' title='bbox 1446 5439 1631 5495; x_wconf 84' lang='lat' dir='ltr'><strong>fuisset</strong></span> <span class='ocrx_word' id='word_1_440' title='bbox 1654 5443 1838 5511; x_wconf 88' lang='lat' dir='ltr'><strong>pestis,</strong></span> <span class='ocrx_word' id='word_1_441' title='bbox 1866 5458 1971 5498; x_wconf 91' lang='lat' dir='ltr'><strong>non</strong></span> 
     </span>
    </p>
   </div>
   <div class='ocr_carea' id='block_1_57' title="bbox 400 5530 1971 5609">
    <p class='ocr_par' dir='ltr' id='par_1_57' title="bbox 400 5530 1971 5609">
     <span class='ocr_line' id='line_1_57' title="bbox 400 5530 1971 5609; baseline -0.004 -15"><span class='ocrx_word' id='word_1_442' title='bbox 400 5548 620 5609; x_wconf 81' lang='lat' dir='ltr'><strong>repente</strong></span> <span class='ocrx_word' id='word_1_443' title='bbox 670 5536 928 5599; x_wconf 81' lang='lat' dir='ltr'><strong>venisset,</strong></span> <span class='ocrx_word' id='word_1_444' title='bbox 973 5530 1065 5586; x_wconf 88' lang='lat' dir='ltr'><strong>sed</strong></span> <span class='ocrx_word' id='word_1_445' title='bbox 1113 5538 1392 5599; x_wconf 88' lang='lat' dir='ltr'><strong>antequam</strong></span> <span class='ocrx_word' id='word_1_446' title='bbox 1438 5531 1740 5599; x_wconf 87' lang='lat' dir='ltr'><strong>ingruisset,</strong></span> <span class='ocrx_word' id='word_1_447' title='bbox 1773 5534 1971 5604; x_wconf 70' lang='lat' dir='ltr'><strong>przevia</strong></span> 
     </span>
    </p>
   </div>
   <div class='ocr_carea' id='block_1_58' title="bbox 409 5616 1970 5695">
    <p class='ocr_par' dir='ltr' id='par_1_58' title="bbox 409 5616 1970 5695">
     <span class='ocr_line' id='line_1_58' title="bbox 409 5616 1970 5695; baseline -0.006 -10"><span class='ocrx_word' id='word_1_448' title='bbox 409 5629 662 5685; x_wconf 74' lang='lat' dir='ltr'><strong>ldventus</strong></span> <span class='ocrx_word' id='word_1_449' title='bbox 683 5628 831 5695; x_wconf 85' lang='lat' dir='ltr'><strong>signa</strong></span> <span class='ocrx_word' id='word_1_450' title='bbox 856 5620 1107 5678; x_wconf 83' lang='lat' dir='ltr'><strong>dedisset.</strong></span> <span class='ocrx_word' id='word_1_451' title='bbox 1135 5616 1284 5672; x_wconf 87' lang='lat' dir='ltr'><strong>Nune</strong></span> <span class='ocrx_word' id='word_1_452' title='bbox 1306 5626 1481 5673; x_wconf 89' lang='lat' dir='ltr'><strong>autem</strong></span> <span class='ocrx_word' id='word_1_453' title='bbox 1504 5617 1620 5673; x_wconf 61' lang='lat' dir='ltr'><strong>hate</strong></span> <span class='ocrx_word' id='word_1_454' title='bbox 1644 5621 1795 5676; x_wconf 88' lang='lat' dir='ltr'><strong>simul</strong></span> <span class='ocrx_word' id='word_1_455' title='bbox 1821 5621 1970 5688; x_wconf 83' lang='lat' dir='ltr'><strong>liuut,</strong></span> 
     </span>
    </p>
   </div>
   <div class='ocr_carea' id='block_1_59' title="bbox 406 5707 1974 5791">
    <p class='ocr_par' dir='ltr' id='par_1_59' title="bbox 406 5707 1974 5791">
     <span class='ocr_line' id='line_1_59' title="bbox 406 5707 1974 5791; baseline -0.004 -17"><span class='ocrx_word' id='word_1_456' title='bbox 406 5730 460 5774; x_wconf 91' lang='lat' dir='ltr'><strong>ut</strong></span> <span class='ocrx_word' id='word_1_457' title='bbox 487 5718 854 5791; x_wconf 63' lang='lat' dir='ltr'><strong>Egyptiorum</strong></span> <span class='ocrx_word' id='word_1_458' title='bbox 883 5719 1132 5781; x_wconf 82' lang='lat' dir='ltr'><strong>arguatur</strong></span> <span class='ocrx_word' id='word_1_459' title='bbox 1157 5707 1398 5761; x_wconf 87' lang='lat' dir='ltr'><strong>vecordia</strong></span> <span class='ocrx_word' id='word_1_460' title='bbox 1434 5724 1447 5760; x_wconf 89' lang='lat'><strong>:</strong></span> <span class='ocrx_word' id='word_1_461' title='bbox 1472 5708 1665 5760; x_wconf 89' lang='lat' dir='ltr'><strong>etenim</strong></span> <span class='ocrx_word' id='word_1_462' title='bbox 1696 5721 1811 5777; x_wconf 86' lang='lat' dir='ltr'><strong>post</strong></span> <span class='ocrx_word' id='word_1_463' title='bbox 1840 5712 1974 5767; x_wconf 84' lang='lat' dir='ltr'><strong>hanc</strong></span> 
     </span>
    </p>
   </div>
   <div class='ocr_carea' id='block_1_60' title="bbox 415 5794 1961 5878">
    <p class='ocr_par' dir='ltr' id='par_1_60' title="bbox 415 5794 1961 5878">
     <span class='ocr_line' id='line_1_60' title="bbox 415 5794 1961 5878; baseline -0.004 -22"><span class='ocrx_word' id='word_1_464' title='bbox 415 5809 610 5878; x_wconf 49' lang='lat' dir='ltr'><strong>plagam</strong></span> <span class='ocrx_word' id='word_1_465' title='bbox 653 5815 705 5862; x_wconf 80' lang='lat' dir='ltr'><strong>et</strong></span> <span class='ocrx_word' id='word_1_466' title='bbox 746 5809 1026 5876; x_wconf 80' lang='lat' dir='ltr'><strong>postquam</strong></span> <span class='ocrx_word' id='word_1_467' title='bbox 1061 5805 1245 5867; x_wconf 84' lang='lat' dir='ltr'><strong>aperte</strong></span> <span class='ocrx_word' id='word_1_468' title='bbox 1287 5794 1597 5851; x_wconf 81' lang='lat' dir='ltr'><strong>didicissent</strong></span> <span class='ocrx_word' id='word_1_469' title='bbox 1618 5811 1733 5851; x_wconf 65' lang='lat'><strong>0834:</strong></span> <span class='ocrx_word' id='word_1_470' title='bbox 1762 5801 1961 5875; x_wconf 52' lang='lat' dir='ltr'><strong>plaga!&quot;</strong></span> 
     </span>
    </p>
   </div>
   <div class='ocr_carea' id='block_1_61' title="bbox 2061 498 3648 570">
    <p class='ocr_par' dir='ltr' id='par_1_61' title="bbox 2061 498 3648 570">
     <span class='ocr_line' id='line_1_61' title="bbox 2061 498 3648 570; baseline -0.001 -15"><span class='ocrx_word' id='word_1_471' title='bbox 2061 498 2313 556; x_wconf 74' lang='lat' dir='ltr'><strong>divinitus</strong></span> <span class='ocrx_word' id='word_1_472' title='bbox 2361 498 2692 566; x_wconf 74' lang='lat' dir='ltr'><strong>immissum,</strong></span> <span class='ocrx_word' id='word_1_473' title='bbox 2741 510 3061 570; x_wconf 81' lang='lat' dir='ltr'><strong>persequutr-</strong></span> <span class='ocrx_word' id='word_1_474' title='bbox 3100 509 3225 557; x_wconf 78' lang='lat' dir='ltr'><strong>sunt</strong></span> <span class='ocrx_word' id='word_1_475' title='bbox 3278 501 3521 559; x_wconf 58' lang='lat' dir='ltr'><strong>Iudaee.</strong></span> <span class='ocrx_word' id='word_1_476' title='bbox 3546 500 3648 568; x_wconf 83' lang='lat' dir='ltr'><strong>qui</strong></span> 
     </span>
    </p>
   </div>
   <div class='ocr_carea' id='block_1_62' title="bbox 2058 588 3637 661">
    <p class='ocr_par' dir='ltr' id='par_1_62' title="bbox 2058 588 3637 661">
     <span class='ocr_line' id='line_1_62' title="bbox 2058 588 3637 661; baseline 0.001 -16"><span class='ocrx_word' id='word_1_477' title='bbox 2058 600 2414 656; x_wconf 86' lang='lat' dir='ltr'><strong>recesserant,</strong></span> <span class='ocrx_word' id='word_1_478' title='bbox 2432 589 2572 661; x_wconf 88' lang='lat' dir='ltr'><strong>quod</strong></span> <span class='ocrx_word' id='word_1_479' title='bbox 2603 600 2682 645; x_wconf 89' lang='lat' dir='ltr'><strong>est</strong></span> <span class='ocrx_word' id='word_1_480' title='bbox 2709 588 2919 661; x_wconf 87' lang='lat' dir='ltr'><strong>signum</strong></span> <span class='ocrx_word' id='word_1_481' title='bbox 2959 590 3209 647; x_wconf 68' lang='lat' dir='ltr'><strong>maximas</strong></span> <span class='ocrx_word' id='word_1_482' title='bbox 3231 606 3415 649; x_wconf 90' lang='lat' dir='ltr'><strong>eorum</strong></span> <span class='ocrx_word' id='word_1_483' title='bbox 3444 609 3637 650; x_wconf 65' lang='grc' dir='ltr'><strong>νεεοιφ</strong></span> 
     </span>
    </p>
   </div>
   <div class='ocr_carea' id='block_1_63' title="bbox 2061 667 3640 749">
    <p class='ocr_par' dir='ltr' id='par_1_63' title="bbox 2061 667 3640 749">
     <span class='ocr_line' id='line_1_63' title="bbox 2061 667 3640 749; baseline 0.001 -14"><span class='ocrx_word' id='word_1_484' title='bbox 2061 670 2162 735; x_wconf 73' lang='lat' dir='ltr'><strong>dite</strong></span> <span class='ocrx_word' id='word_1_485' title='bbox 2187 688 2242 736; x_wconf 88' lang='lat' dir='ltr'><strong>et</strong></span> <span class='ocrx_word' id='word_1_486' title='bbox 2273 679 2371 736; x_wconf 87' lang='lat' dir='ltr'><strong>Dei</strong></span> <span class='ocrx_word' id='word_1_487' title='bbox 2398 681 2623 735; x_wconf 87' lang='lat' dir='ltr'><strong>maxima</strong></span> <span class='ocrx_word' id='word_1_488' title='bbox 2654 677 2912 735; x_wconf 79' lang='lat' dir='ltr'><strong>defensio.</strong></span> <span class='ocrx_word' id='word_1_489' title='bbox 2932 679 3192 749; x_wconf 86' lang='lat' dir='ltr'><strong>Quoniam</strong></span> <span class='ocrx_word' id='word_1_490' title='bbox 3217 683 3356 737; x_wconf 90' lang='lat' dir='ltr'><strong>enim</strong></span> <span class='ocrx_word' id='word_1_491' title='bbox 3384 667 3546 740; x_wconf 25' lang='lat' dir='ltr'><strong>erant.</strong></span> <span class='ocrx_word' id='word_1_492' title='bbox 3566 686 3640 740; x_wconf 81' lang='lat' dir='ltr'><strong>si-</strong></span> 
     </span>
    </p>
   </div>
   <div class='ocr_carea' id='block_1_64' title="bbox 2060 762 3640 844">
    <p class='ocr_par' dir='ltr' id='par_1_64' title="bbox 2060 762 3640 844">
     <span class='ocr_line' id='line_1_64' title="bbox 2060 762 3640 844; baseline -0.001 -17"><span class='ocrx_word' id='word_1_493' title='bbox 2060 787 2163 844; x_wconf 88' lang='lat' dir='ltr'><strong>gna</strong></span> <span class='ocrx_word' id='word_1_494' title='bbox 2187 762 2487 839; x_wconf 69' lang='lat' dir='ltr'><strong>cessatura,</strong></span> <span class='ocrx_word' id='word_1_495' title='bbox 2515 786 2577 827; x_wconf 91' lang='lat' dir='ltr'><strong>ea</strong></span> <span class='ocrx_word' id='word_1_496' title='bbox 2604 771 2864 841; x_wconf 85' lang='lat' dir='ltr'><strong>ejusmodi</strong></span> <span class='ocrx_word' id='word_1_497' title='bbox 2892 771 3028 841; x_wconf 70' lang='lat' dir='ltr'><strong>signi</strong></span> <span class='ocrx_word' id='word_1_498' title='bbox 3055 773 3204 828; x_wconf 84' lang='lat' dir='ltr'><strong>exitu</strong></span> <span class='ocrx_word' id='word_1_499' title='bbox 3225 774 3506 837; x_wconf 89' lang='lat' dir='ltr'><strong>conclusit.</strong></span> <span class='ocrx_word' id='word_1_500' title='bbox 3533 791 3640 844; x_wconf 89' lang='lat' dir='ltr'><strong>quo</strong></span> 
     </span>
    </p>
   </div>
   <div class='ocr_carea' id='block_1_65' title="bbox 2062 855 3642 935">
    <p class='ocr_par' dir='ltr' id='par_1_65' title="bbox 2062 855 3642 935">
     <span class='ocr_line' id='line_1_65' title="bbox 2062 855 3642 935; baseline 0.001 -16"><span class='ocrx_word' id='word_1_501' title='bbox 2062 855 2140 919; x_wconf 79' lang='lat' dir='ltr'><strong>ea</strong></span> <span class='ocrx_word' id='word_1_502' title='bbox 2168 879 2287 933; x_wconf 67' lang='lat' dir='ltr'><strong>qua:</strong></span> <span class='ocrx_word' id='word_1_503' title='bbox 2316 872 2440 918; x_wconf 87' lang='lat' dir='ltr'><strong>ante</strong></span> <span class='ocrx_word' id='word_1_504' title='bbox 2469 861 2605 917; x_wconf 83' lang='lat' dir='ltr'><strong>facta</strong></span> <span class='ocrx_word' id='word_1_505' title='bbox 2635 872 2758 918; x_wconf 88' lang='lat' dir='ltr'><strong>sunt</strong></span> <span class='ocrx_word' id='word_1_506' title='bbox 2782 862 3023 918; x_wconf 80' lang='lat' dir='ltr'><strong>defendit</strong></span> <span class='ocrx_word' id='word_1_507' title='bbox 3045 863 3185 934; x_wconf 89' lang='lat' dir='ltr'><strong>apud</strong></span> <span class='ocrx_word' id='word_1_508' title='bbox 3223 879 3316 919; x_wconf 89' lang='lat' dir='ltr'><strong>eos</strong></span> <span class='ocrx_word' id='word_1_509' title='bbox 3342 867 3431 935; x_wconf 91' lang='lat' dir='ltr'><strong>qui</strong></span> <span class='ocrx_word' id='word_1_510' title='bbox 3460 868 3642 921; x_wconf 79' lang='lat' dir='ltr'><strong>volunt</strong></span> 
     </span>
    </p>
   </div>
   <div class='ocr_carea' id='block_1_66' title="bbox 2062 951 3647 1027">
    <p class='ocr_par' dir='ltr' id='par_1_66' title="bbox 2062 951 3647 1027">
     <span class='ocr_line' id='line_1_66' title="bbox 2062 951 3647 1027; baseline 0.001 -18"><span class='ocrx_word' id='word_1_511' title='bbox 2062 952 2359 1009; x_wconf 82' lang='lat' dir='ltr'><strong>attendere.</strong></span> <span class='ocrx_word' id='word_1_512' title='bbox 2405 951 2485 1009; x_wconf 84' lang='lat' dir='ltr'><strong>Ne</strong></span> <span class='ocrx_word' id='word_1_513' title='bbox 2535 953 2655 1024; x_wconf 89' lang='lat' dir='ltr'><strong>quis</strong></span> <span class='ocrx_word' id='word_1_514' title='bbox 2708 954 2848 1008; x_wconf 86' lang='lat' dir='ltr'><strong>enim</strong></span> <span class='ocrx_word' id='word_1_515' title='bbox 2905 955 3145 1019; x_wconf 89' lang='lat' dir='ltr'><strong>diceret,</strong></span> <span class='ocrx_word' id='word_1_516' title='bbox 3193 952 3303 1011; x_wconf 89' lang='lat' dir='ltr'><strong>Cur</strong></span> <span class='ocrx_word' id='word_1_517' title='bbox 3356 959 3647 1027; x_wconf 86' lang='lat' dir='ltr'><strong>puniuntur</strong></span> 
     </span>
    </p>
   </div>
   <div class='ocr_carea' id='block_1_67' title="bbox 2064 1034 3649 1118">
    <p class='ocr_par' dir='ltr' id='par_1_67' title="bbox 2064 1034 3649 1118">
     <span class='ocr_line' id='line_1_67' title="bbox 2064 1034 3649 1118; baseline 0.001 -16"><span class='ocrx_word' id='word_1_518' title='bbox 2064 1034 2270 1112; x_wconf 82' lang='lat' dir='ltr'><strong>omnes,</strong></span> <span class='ocrx_word' id='word_1_519' title='bbox 2310 1060 2431 1101; x_wconf 90' lang='lat' dir='ltr'><strong>cum</strong></span> <span class='ocrx_word' id='word_1_520' title='bbox 2458 1061 2549 1101; x_wconf 84' lang='lat' dir='ltr'><strong>rex</strong></span> <span class='ocrx_word' id='word_1_521' title='bbox 2575 1044 2790 1102; x_wconf 62' lang='lat' dir='ltr'><strong>Judieos</strong></span> <span class='ocrx_word' id='word_1_522' title='bbox 2818 1045 3114 1111; x_wconf 88' lang='lat' dir='ltr'><strong>detineret,</strong></span> <span class='ocrx_word' id='word_1_523' title='bbox 3142 1056 3195 1102; x_wconf 91' lang='lat' dir='ltr'><strong>et</strong></span> <span class='ocrx_word' id='word_1_524' title='bbox 3223 1057 3469 1117; x_wconf 68' lang='lat' dir='ltr'><strong>peeeiret</strong></span> <span class='ocrx_word' id='word_1_525' title='bbox 3502 1066 3517 1105; x_wconf 91' lang='lat'><strong>:</strong></span> <span class='ocrx_word' id='word_1_526' title='bbox 3552 1066 3649 1118; x_wconf 71' lang='grc' dir='ltr'>ιιι-ι·</span> 
     </span>
    </p>
   </div>
   <div class='ocr_carea' id='block_1_68' title="bbox 2067 1137 3647 1217">
    <p class='ocr_par' dir='ltr' id='par_1_68' title="bbox 2067 1137 3647 1217">
     <span class='ocr_line' id='line_1_68' title="bbox 2067 1137 3647 1217; baseline 0.001 -25"><span class='ocrx_word' id='word_1_527' title='bbox 2067 1138 2167 1193; x_wconf 88' lang='lat' dir='ltr'><strong>hoc</strong></span> <span class='ocrx_word' id='word_1_528' title='bbox 2193 1138 2434 1194; x_wconf 85' lang='lat' dir='ltr'><strong>ultimum</strong></span> <span class='ocrx_word' id='word_1_529' title='bbox 2452 1137 2619 1217; x_wconf 83' lang='lat' dir='ltr'><strong>solvit</strong></span> <span class='ocrx_word' id='word_1_530' title='bbox 2642 1137 2780 1193; x_wconf 89' lang='lat' dir='ltr'><strong>hanc</strong></span> <span class='ocrx_word' id='word_1_531' title='bbox 2807 1137 3212 1194; x_wconf 81' lang='lat' dir='ltr'><strong>dubitationem.</strong></span> <span class='ocrx_word' id='word_1_532' title='bbox 3242 1140 3647 1217; x_wconf 78' lang='lat' dir='ltr'><strong>Quomodo-per</strong></span> 
     </span>
    </p>
   </div>
   <div class='ocr_carea' id='block_1_69' title="bbox 2066 1222 3646 1302">
    <p class='ocr_par' dir='ltr' id='par_1_69' title="bbox 2066 1222 3646 1302">
     <span class='ocr_line' id='line_1_69' title="bbox 2066 1222 3646 1302; baseline 0.001 -17"><span class='ocrx_word' id='word_1_533' title='bbox 2066 1222 2341 1286; x_wconf 78' lang='lat' dir='ltr'><strong>ultimum?</strong></span> <span class='ocrx_word' id='word_1_534' title='bbox 2364 1230 2623 1298; x_wconf 89' lang='lat' dir='ltr'><strong>Quoniam</strong></span> <span class='ocrx_word' id='word_1_535' title='bbox 2655 1228 2865 1301; x_wconf 89' lang='lat' dir='ltr'><strong>quando</strong></span> <span class='ocrx_word' id='word_1_536' title='bbox 2894 1244 3143 1300; x_wconf 85' lang='lat' dir='ltr'><strong>percussa</strong></span> <span class='ocrx_word' id='word_1_537' title='bbox 3173 1239 3296 1285; x_wconf 89' lang='lat' dir='ltr'><strong>sunt</strong></span> <span class='ocrx_word' id='word_1_538' title='bbox 3320 1246 3506 1287; x_wconf 87' lang='lat' dir='ltr'><strong>eorum</strong></span> <span class='ocrx_word' id='word_1_539' title='bbox 3532 1234 3646 1302; x_wconf 83' lang='lat' dir='ltr'><strong>pri-</strong></span> 
     </span>
    </p>
   </div>
   <div class='ocr_carea' id='block_1_70' title="bbox 2065 1318 3653 1392">
    <p class='ocr_par' dir='ltr' id='par_1_70' title="bbox 2065 1318 3653 1392">
     <span class='ocr_line' id='line_1_70' title="bbox 2065 1318 3653 1392; baseline 0.002 -17"><span class='ocrx_word' id='word_1_540' title='bbox 2065 1321 2349 1392; x_wconf 88' lang='lat' dir='ltr'><strong>mogenita,</strong></span> <span class='ocrx_word' id='word_1_541' title='bbox 2380 1320 2465 1377; x_wconf 85' lang='lat' dir='ltr'><strong>vel</strong></span> <span class='ocrx_word' id='word_1_542' title='bbox 2491 1320 2656 1376; x_wconf 89' lang='lat' dir='ltr'><strong>invito</strong></span> <span class='ocrx_word' id='word_1_543' title='bbox 2681 1335 2807 1391; x_wconf 83' lang='lat' dir='ltr'><strong>rege</strong></span> <span class='ocrx_word' id='word_1_544' title='bbox 2841 1318 3058 1376; x_wconf 75' lang='lat' dir='ltr'><strong>ludzeos</strong></span> <span class='ocrx_word' id='word_1_545' title='bbox 3098 1321 3437 1392; x_wconf 81' lang='lat' dir='ltr'><strong>expulerunt.</strong></span> <span class='ocrx_word' id='word_1_546' title='bbox 3471 1321 3653 1392; x_wconf 81' lang='lat' dir='ltr'><strong>Quare</strong></span> 
     </span>
    </p>
   </div>
   <div class='ocr_carea' id='block_1_71' title="bbox 2065 1406 3648 1487">
    <p class='ocr_par' dir='ltr' id='par_1_71' title="bbox 2065 1406 3648 1487">
     <span class='ocr_line' id='line_1_71' title="bbox 2065 1406 3648 1487; baseline 0.001 -17"><span class='ocrx_word' id='word_1_547' title='bbox 2065 1416 2228 1470; x_wconf 89' lang='lat' dir='ltr'><strong>etiam</strong></span> <span class='ocrx_word' id='word_1_548' title='bbox 2250 1415 2296 1470; x_wconf 92' lang='lat' dir='ltr'><strong>si</strong></span> <span class='ocrx_word' id='word_1_549' title='bbox 2318 1406 2610 1471; x_wconf 81' lang='lat' dir='ltr'><strong>voluissent</strong></span> <span class='ocrx_word' id='word_1_550' title='bbox 2635 1414 2704 1468; x_wconf 92' lang='lat' dir='ltr'><strong>ab</strong></span> <span class='ocrx_word' id='word_1_551' title='bbox 2729 1414 2897 1481; x_wconf 84' lang='lat' dir='ltr'><strong>initio,</strong></span> <span class='ocrx_word' id='word_1_552' title='bbox 2923 1415 3221 1486; x_wconf 87' lang='lat' dir='ltr'><strong>potuissent</strong></span> <span class='ocrx_word' id='word_1_553' title='bbox 3240 1429 3359 1471; x_wconf 87' lang='lat' dir='ltr'><strong>esse</strong></span> <span class='ocrx_word' id='word_1_554' title='bbox 3386 1430 3451 1471; x_wconf 93' lang='lat' dir='ltr'><strong>eo</strong></span> <span class='ocrx_word' id='word_1_555' title='bbox 3482 1430 3648 1487; x_wconf 91' lang='lat' dir='ltr'><strong>supc-</strong></span> 
     </span>
    </p>
   </div>
   <div class='ocr_carea' id='block_1_72' title="bbox 2066 1506 3647 1580">
    <p class='ocr_par' dir='ltr' id='par_1_72' title="bbox 2066 1506 3647 1580">
     <span class='ocr_line' id='line_1_72' title="bbox 2066 1506 3647 1580; baseline 0.001 -18"><span class='ocrx_word' id='word_1_556' title='bbox 2066 1506 2257 1564; x_wconf 88' lang='lat' dir='ltr'><strong>riores.</strong></span> <span class='ocrx_word' id='word_1_557' title='bbox 2281 1506 2398 1562; x_wconf 87' lang='lat' dir='ltr'><strong>Non</strong></span> <span class='ocrx_word' id='word_1_558' title='bbox 2418 1506 2576 1578; x_wconf 83' lang='lat' dir='ltr'><strong>igitur</strong></span> <span class='ocrx_word' id='word_1_559' title='bbox 2600 1523 2778 1578; x_wconf 82' lang='lat' dir='ltr'><strong>regem</strong></span> <span class='ocrx_word' id='word_1_560' title='bbox 2809 1507 2933 1563; x_wconf 89' lang='lat' dir='ltr'><strong>ideo</strong></span> <span class='ocrx_word' id='word_1_561' title='bbox 2956 1523 3060 1562; x_wconf 91' lang='lat' dir='ltr'><strong>non</strong></span> <span class='ocrx_word' id='word_1_562' title='bbox 3090 1509 3350 1576; x_wconf 87' lang='lat' dir='ltr'><strong>vicerunt,</strong></span> <span class='ocrx_word' id='word_1_563' title='bbox 3376 1508 3515 1580; x_wconf 83' lang='lat' dir='ltr'><strong>quod</strong></span> <span class='ocrx_word' id='word_1_564' title='bbox 3538 1525 3647 1564; x_wconf 86' lang='lat' dir='ltr'><strong>non</strong></span> 
     </span>
    </p>
   </div>
   <div class='ocr_carea' id='block_1_73' title="bbox 2067 1586 3650 1673">
    <p class='ocr_par' dir='ltr' id='par_1_73' title="bbox 2067 1586 3650 1673">
     <span class='ocr_line' id='line_1_73' title="bbox 2067 1586 3650 1673; baseline 0.001 -19"><span class='ocrx_word' id='word_1_565' title='bbox 2067 1610 2318 1668; x_wconf 84' lang='lat' dir='ltr'><strong>possent,</strong></span> <span class='ocrx_word' id='word_1_566' title='bbox 2357 1597 2450 1653; x_wconf 91' lang='lat' dir='ltr'><strong>sed</strong></span> <span class='ocrx_word' id='word_1_567' title='bbox 2477 1598 2617 1671; x_wconf 87' lang='lat' dir='ltr'><strong>quod</strong></span> <span class='ocrx_word' id='word_1_568' title='bbox 2659 1599 2879 1655; x_wconf 88' lang='lat' dir='ltr'><strong>nollent.</strong></span> <span class='ocrx_word' id='word_1_569' title='bbox 2910 1598 3210 1669; x_wconf 86' lang='lat' dir='ltr'><strong>Quinetiam</strong></span> <span class='ocrx_word' id='word_1_570' title='bbox 3244 1586 3312 1656; x_wconf 87' lang='lat' dir='ltr'><strong>ea</strong></span> <span class='ocrx_word' id='word_1_571' title='bbox 3339 1616 3458 1673; x_wconf 76' lang='lat' dir='ltr'><strong>qua:</strong></span> <span class='ocrx_word' id='word_1_572' title='bbox 3503 1610 3650 1673; x_wconf 81' lang='lat' dir='ltr'><strong>pest-</strong></span> 
     </span>
    </p>
   </div>
   <div class='ocr_carea' id='block_1_74' title="bbox 2067 1686 3663 1764">
    <p class='ocr_par' dir='ltr' id='par_1_74' title="bbox 2067 1686 3663 1764">
     <span class='ocr_line' id='line_1_74' title="bbox 2067 1686 3663 1764; baseline 0.005 -20"><span class='ocrx_word' id='word_1_573' title='bbox 2067 1705 2128 1745; x_wconf 91' lang='lat' dir='ltr'><strong>ea</strong></span> <span class='ocrx_word' id='word_1_574' title='bbox 2175 1700 2498 1762; x_wconf 85' lang='lat' dir='ltr'><strong>consequuta</strong></span> <span class='ocrx_word' id='word_1_575' title='bbox 2542 1700 2622 1747; x_wconf 89' lang='lat' dir='ltr'><strong>est</strong></span> <span class='ocrx_word' id='word_1_576' title='bbox 2663 1686 3003 1764; x_wconf 83' lang='lat' dir='ltr'><strong>persequutio</strong></span> <span class='ocrx_word' id='word_1_577' title='bbox 3037 1693 3243 1751; x_wconf 87' lang='lat' dir='ltr'><strong>crimen</strong></span> <span class='ocrx_word' id='word_1_578' title='bbox 3293 1709 3479 1752; x_wconf 89' lang='lat' dir='ltr'><strong>eorum</strong></span> <span class='ocrx_word' id='word_1_579' title='bbox 3528 1711 3663 1751; x_wconf 34' lang='lat' dir='ltr'><strong>amt</strong></span> 
     </span>
    </p>
   </div>
   <div class='ocr_carea' id='block_1_75' title="bbox 2070 1782 2284 1852">
    <p class='ocr_par' dir='ltr' id='par_1_75' title="bbox 2070 1782 2284 1852">
     <span class='ocr_line' id='line_1_75' title="bbox 2070 1782 2284 1852; baseline 0.009 -19"><span class='ocrx_word' id='word_1_580' title='bbox 2070 1782 2284 1852; x_wconf 87' lang='lat' dir='ltr'><strong>plilicat.</strong></span> 
     </span>
    </p>
   </div>
   <div class='ocr_carea' id='block_1_76' title="bbox 2141 1860 3654 1951">
    <p class='ocr_par' dir='ltr' id='par_1_76' title="bbox 2141 1860 3654 1951">
     <span class='ocr_line' id='line_1_76' title="bbox 2141 1860 3654 1951; baseline 0.003 -20"><span class='ocrx_word' id='word_1_581' title='bbox 2141 1875 2195 1931; x_wconf 83' lang='lat'><strong>5.</strong></span> <span class='ocrx_word' id='word_1_582' title='bbox 2238 1860 2350 1929; x_wconf 80' lang='lat' dir='ltr'><strong>Hoc</strong></span> <span class='ocrx_word' id='word_1_583' title='bbox 2376 1875 2535 1930; x_wconf 88' lang='lat' dir='ltr'><strong>etiam</strong></span> <span class='ocrx_word' id='word_1_584' title='bbox 2557 1875 2735 1931; x_wconf 81' lang='lat' dir='ltr'><strong>evenit</strong></span> <span class='ocrx_word' id='word_1_585' title='bbox 2765 1875 2817 1931; x_wconf 94' lang='lat' dir='ltr'><strong>in</strong></span> <span class='ocrx_word' id='word_1_586' title='bbox 2846 1874 2995 1933; x_wconf 76' lang='lat' dir='ltr'><strong>Saftl.</strong></span> <span class='ocrx_word' id='word_1_587' title='bbox 3027 1873 3252 1944; x_wconf 89' lang='lat' dir='ltr'><strong>Quando</strong></span> <span class='ocrx_word' id='word_1_588' title='bbox 3279 1877 3423 1933; x_wconf 91' lang='lat' dir='ltr'><strong>enim</strong></span> <span class='ocrx_word' id='word_1_589' title='bbox 3452 1878 3568 1951; x_wconf 82' lang='lat' dir='ltr'><strong>ejus</strong></span> <span class='ocrx_word' id='word_1_590' title='bbox 3590 1879 3654 1935; x_wconf 48' lang='grc' dir='ltr'><strong><em>ϐλ</em></strong></span> 
     </span>
    </p>
   </div>
   <div class='ocr_carea' id='block_1_77' title="bbox 2071 1965 3652 2042">
    <p class='ocr_par' dir='ltr' id='par_1_77' title="bbox 2071 1965 3652 2042">
     <span class='ocr_line' id='line_1_77' title="bbox 2071 1965 3652 2042; baseline 0.005 -23"><span class='ocrx_word' id='word_1_591' title='bbox 2071 1965 2197 2019; x_wconf 89' lang='lat' dir='ltr'><strong>lium</strong></span> <span class='ocrx_word' id='word_1_592' title='bbox 2221 1967 2428 2036; x_wconf 88' lang='lat' dir='ltr'><strong>eripere</strong></span> <span class='ocrx_word' id='word_1_593' title='bbox 2450 1967 2751 2035; x_wconf 87' lang='lat' dir='ltr'><strong>oportebat.</strong></span> <span class='ocrx_word' id='word_1_594' title='bbox 2783 1983 2970 2024; x_wconf 90' lang='lat' dir='ltr'><strong>omnes</strong></span> <span class='ocrx_word' id='word_1_595' title='bbox 2990 1969 3148 2040; x_wconf 89' lang='lat' dir='ltr'><strong>vulgo</strong></span> <span class='ocrx_word' id='word_1_596' title='bbox 3176 1977 3510 2027; x_wconf 87' lang='lat' dir='ltr'><strong>assentantes</strong></span> <span class='ocrx_word' id='word_1_597' title='bbox 3536 1974 3652 2042; x_wconf 85' lang='lat' dir='ltr'><strong>regi</strong></span> 
     </span>
    </p>
   </div>
   <div class='ocr_carea' id='block_1_78' title="bbox 2070 2048 3651 2138">
    <p class='ocr_par' dir='ltr' id='par_1_78' title="bbox 2070 2048 3651 2138">
     <span class='ocr_line' id='line_1_78' title="bbox 2070 2048 3651 2138; baseline 0.004 -25"><span class='ocrx_word' id='word_1_598' title='bbox 2070 2073 2191 2113; x_wconf 92' lang='lat' dir='ltr'><strong>eum</strong></span> <span class='ocrx_word' id='word_1_599' title='bbox 2211 2100 2227 2125; x_wconf 91' lang='lat'><strong>,</strong></span> <span class='ocrx_word' id='word_1_600' title='bbox 2272 2061 2477 2114; x_wconf 89' lang='lat' dir='ltr'><strong>tametsi</strong></span> <span class='ocrx_word' id='word_1_601' title='bbox 2507 2048 2676 2130; x_wconf 83' lang='lat' dir='ltr'><strong>legem</strong></span> <span class='ocrx_word' id='word_1_602' title='bbox 2706 2060 2791 2138; x_wconf 83' lang='lat' dir='ltr'><strong>ille</strong></span> <span class='ocrx_word' id='word_1_603' title='bbox 2830 2069 3195 2133; x_wconf 80' lang='lat' dir='ltr'><strong>transgressus</strong></span> <span class='ocrx_word' id='word_1_604' title='bbox 3228 2073 3405 2128; x_wconf 86' lang='lat' dir='ltr'><strong>esset,</strong></span> <span class='ocrx_word' id='word_1_605' title='bbox 3437 2065 3651 2135; x_wconf 85' lang='lat' dir='ltr'><strong>eripue—</strong></span> 
     </span>
    </p>
   </div>
   <div class='ocr_carea' id='block_1_79' title="bbox 2070 2148 3656 2223">
    <p class='ocr_par' dir='ltr' id='par_1_79' title="bbox 2070 2148 3656 2223">
     <span class='ocr_line' id='line_1_79' title="bbox 2070 2148 3656 2223; baseline 0.007 -22"><span class='ocrx_word' id='word_1_606' title='bbox 2070 2158 2195 2203; x_wconf 91' lang='lat' dir='ltr'><strong>runt</strong></span> <span class='ocrx_word' id='word_1_607' title='bbox 2220 2148 2292 2222; x_wconf 82' lang='lat' dir='ltr'><strong>(l.</strong></span> <span class='ocrx_word' id='word_1_608' title='bbox 2319 2149 2444 2220; x_wconf 81' lang='lat' dir='ltr'><strong>Reg.</strong></span> <span class='ocrx_word' id='word_1_609' title='bbox 2472 2149 2558 2206; x_wconf 74' lang='grc'><strong>14.</strong></span> <span class='ocrx_word' id='word_1_610' title='bbox 2581 2149 2671 2222; x_wconf 76' lang='grc'><strong>45)</strong></span> <span class='ocrx_word' id='word_1_611' title='bbox 2705 2168 2720 2206; x_wconf 89' lang='lat'><strong>:</strong></span> <span class='ocrx_word' id='word_1_612' title='bbox 2741 2151 2954 2223; x_wconf 90' lang='lat' dir='ltr'><strong>quando</strong></span> <span class='ocrx_word' id='word_1_613' title='bbox 2978 2162 3153 2209; x_wconf 88' lang='lat' dir='ltr'><strong>autem</strong></span> <span class='ocrx_word' id='word_1_614' title='bbox 3176 2153 3384 2210; x_wconf 86' lang='lat' dir='ltr'><strong>volebat</strong></span> <span class='ocrx_word' id='word_1_615' title='bbox 3409 2155 3656 2212; x_wconf 84' lang='lat' dir='ltr'><strong>occidere</strong></span> 
     </span>
    </p>
   </div>
   <div class='ocr_carea' id='block_1_80' title="bbox 2075 2241 3656 2313">
    <p class='ocr_par' dir='ltr' id='par_1_80' title="bbox 2075 2241 3656 2313">
     <span class='ocr_line' id='line_1_80' title="bbox 2075 2241 3656 2313; baseline 0.005 -17"><span class='ocrx_word' id='word_1_616' title='bbox 2075 2249 2149 2296; x_wconf 92' lang='lat' dir='ltr'><strong>tot</strong></span> <span class='ocrx_word' id='word_1_617' title='bbox 2172 2241 2496 2309; x_wconf 83' lang='lat' dir='ltr'><strong>sacerdotes,</strong></span> <span class='ocrx_word' id='word_1_618' title='bbox 2523 2257 2592 2297; x_wconf 89' lang='lat' dir='ltr'><strong>ne</strong></span> <span class='ocrx_word' id='word_1_619' title='bbox 2634 2258 2820 2299; x_wconf 85' lang='lat' dir='ltr'><strong>vocem</strong></span> <span class='ocrx_word' id='word_1_620' title='bbox 2844 2244 3057 2310; x_wconf 87' lang='lat' dir='ltr'><strong>quidem</strong></span> <span class='ocrx_word' id='word_1_621' title='bbox 3086 2246 3401 2313; x_wconf 87' lang='lat' dir='ltr'><strong>emiserunt,</strong></span> <span class='ocrx_word' id='word_1_622' title='bbox 3434 2263 3534 2304; x_wconf 90' lang='lat' dir='ltr'><strong>nec</strong></span> <span class='ocrx_word' id='word_1_623' title='bbox 3559 2263 3656 2304; x_wconf 87' lang='lat' dir='ltr'><strong>eos</strong></span> 
     </span>
    </p>
   </div>
   <div class='ocr_carea' id='block_1_81' title="bbox 2071 2332 3657 2407">
    <p class='ocr_par' dir='ltr' id='par_1_81' title="bbox 2071 2332 3657 2407">
     <span class='ocr_line' id='line_1_81' title="bbox 2071 2332 3657 2407; baseline 0.004 -18"><span class='ocrx_word' id='word_1_624' title='bbox 2071 2332 2425 2391; x_wconf 85' lang='lat' dir='ltr'><strong>defenderunt</strong></span> <span class='ocrx_word' id='word_1_625' title='bbox 2452 2335 2530 2406; x_wconf 88' lang='lat' dir='ltr'><strong>(l.</strong></span> <span class='ocrx_word' id='word_1_626' title='bbox 2563 2334 2691 2407; x_wconf 80' lang='lat' dir='ltr'><strong>Reg.</strong></span> <span class='ocrx_word' id='word_1_627' title='bbox 2712 2334 2802 2391; x_wconf 91' lang='grc'><strong>22.</strong></span> <span class='ocrx_word' id='word_1_628' title='bbox 2833 2335 2940 2407; x_wconf 85' lang='grc'><strong>17).</strong></span> <span class='ocrx_word' id='word_1_629' title='bbox 2971 2335 3122 2404; x_wconf 89' lang='lat' dir='ltr'><strong>Quod</strong></span> <span class='ocrx_word' id='word_1_630' title='bbox 3152 2337 3199 2393; x_wconf 91' lang='lat' dir='ltr'><strong>si</strong></span> <span class='ocrx_word' id='word_1_631' title='bbox 3228 2346 3352 2394; x_wconf 90' lang='lat' dir='ltr'><strong>tunc</strong></span> <span class='ocrx_word' id='word_1_632' title='bbox 3390 2339 3657 2405; x_wconf 78' lang='lat' dir='ltr'><strong>habebant</strong></span> 
     </span>
    </p>
   </div>
   <div class='ocr_carea' id='block_1_82' title="bbox 2074 2426 3659 2501">
    <p class='ocr_par' dir='ltr' id='par_1_82' title="bbox 2074 2426 3659 2501">
     <span class='ocr_line' id='line_1_82' title="bbox 2074 2426 3659 2501; baseline 0.005 -23"><span class='ocrx_word' id='word_1_633' title='bbox 2074 2434 2315 2479; x_wconf 80' lang='lat' dir='ltr'><strong>naturaet</strong></span> <span class='ocrx_word' id='word_1_634' title='bbox 2341 2441 2458 2495; x_wconf 70' lang='lat' dir='ltr'><strong>qua:</strong></span> <span class='ocrx_word' id='word_1_635' title='bbox 2484 2440 2581 2496; x_wconf 90' lang='lat' dir='ltr'><strong>pro</strong></span> <span class='ocrx_word' id='word_1_636' title='bbox 2602 2426 2680 2482; x_wconf 88' lang='lat' dir='ltr'><strong>eis</strong></span> <span class='ocrx_word' id='word_1_637' title='bbox 2702 2427 2918 2493; x_wconf 86' lang='lat' dir='ltr'><strong>faceret,</strong></span> <span class='ocrx_word' id='word_1_638' title='bbox 2946 2426 3030 2484; x_wconf 90' lang='lat' dir='ltr'><strong>hic</strong></span> <span class='ocrx_word' id='word_1_639' title='bbox 3050 2429 3209 2484; x_wconf 89' lang='lat' dir='ltr'><strong>etiam</strong></span> <span class='ocrx_word' id='word_1_640' title='bbox 3238 2430 3505 2487; x_wconf 71' lang='lat' dir='ltr'><strong>trahebant</strong></span> <span class='ocrx_word' id='word_1_641' title='bbox 3519 2433 3659 2501; x_wconf 82' lang='lat' dir='ltr'><strong>juris</strong></span> 
     </span>
    </p>
   </div>
   <div class='ocr_carea' id='block_1_83' title="bbox 2075 2518 3657 2589">
    <p class='ocr_par' dir='ltr' id='par_1_83' title="bbox 2075 2518 3657 2589">
     <span class='ocr_line' id='line_1_83' title="bbox 2075 2518 3657 2589; baseline 0.003 -16"><span class='ocrx_word' id='word_1_642' title='bbox 2075 2530 2341 2573; x_wconf 88' lang='lat' dir='ltr'><strong>naturam.</strong></span> <span class='ocrx_word' id='word_1_643' title='bbox 2371 2518 2535 2574; x_wconf 86' lang='lat' dir='ltr'><strong>Erant</strong></span> <span class='ocrx_word' id='word_1_644' title='bbox 2558 2519 2701 2575; x_wconf 88' lang='lat' dir='ltr'><strong>enim</strong></span> <span class='ocrx_word' id='word_1_645' title='bbox 2728 2519 3054 2589; x_wconf 90' lang='lat' dir='ltr'><strong>sacerdotes,</strong></span> <span class='ocrx_word' id='word_1_646' title='bbox 3079 2532 3133 2578; x_wconf 91' lang='lat' dir='ltr'><strong>et</strong></span> <span class='ocrx_word' id='word_1_647' title='bbox 3156 2529 3272 2578; x_wconf 85' lang='lat' dir='ltr'><strong>erat</strong></span> <span class='ocrx_word' id='word_1_648' title='bbox 3308 2522 3483 2580; x_wconf 57' lang='lat' dir='ltr'><strong>caedes</strong></span> <span class='ocrx_word' id='word_1_649' title='bbox 3506 2524 3657 2579; x_wconf 58' lang='lat' dir='ltr'><strong>utr...</strong></span> 
     </span>
    </p>
   </div>
   <div class='ocr_carea' id='block_1_84' title="bbox 2075 2608 3657 2685">
    <p class='ocr_par' dir='ltr' id='par_1_84' title="bbox 2075 2608 3657 2685">
     <span class='ocr_line' id='line_1_84' title="bbox 2075 2608 3657 2685; baseline 0.004 -21"><span class='ocrx_word' id='word_1_650' title='bbox 2075 2609 2174 2671; x_wconf 89' lang='lat' dir='ltr'><strong>ria,</strong></span> <span class='ocrx_word' id='word_1_651' title='bbox 2206 2617 2261 2664; x_wconf 92' lang='lat' dir='ltr'><strong>et</strong></span> <span class='ocrx_word' id='word_1_652' title='bbox 2283 2608 2359 2663; x_wconf 89' lang='lat' dir='ltr'><strong>ira</strong></span> <span class='ocrx_word' id='word_1_653' title='bbox 2398 2623 2504 2665; x_wconf 89' lang='lat' dir='ltr'><strong>non</strong></span> <span class='ocrx_word' id='word_1_654' title='bbox 2547 2624 2615 2664; x_wconf 85' lang='lat' dir='ltr'><strong>ex</strong></span> <span class='ocrx_word' id='word_1_655' title='bbox 2651 2619 2799 2665; x_wconf 90' lang='lat' dir='ltr'><strong>recto</strong></span> <span class='ocrx_word' id='word_1_656' title='bbox 2836 2608 3037 2679; x_wconf 86' lang='lat' dir='ltr'><strong>judicio</strong></span> <span class='ocrx_word' id='word_1_657' title='bbox 3081 2611 3332 2681; x_wconf 88' lang='lat' dir='ltr'><strong>profecta.</strong></span> <span class='ocrx_word' id='word_1_658' title='bbox 3363 2610 3466 2669; x_wconf 88' lang='lat' dir='ltr'><strong>Sed</strong></span> <span class='ocrx_word' id='word_1_659' title='bbox 3502 2614 3657 2685; x_wconf 83' lang='lat' dir='ltr'><strong>hujus</strong></span> 
     </span>
    </p>
   </div>
   <div class='ocr_carea' id='block_1_85' title="bbox 2076 2702 3654 2775">
    <p class='ocr_par' dir='ltr' id='par_1_85' title="bbox 2076 2702 3654 2775">
     <span class='ocr_line' id='line_1_85' title="bbox 2076 2702 3654 2775; baseline 0.004 -16"><span class='ocrx_word' id='word_1_660' title='bbox 2076 2704 2150 2759; x_wconf 90' lang='lat' dir='ltr'><strong>rei</strong></span> <span class='ocrx_word' id='word_1_661' title='bbox 2167 2718 2326 2759; x_wconf 90' lang='lat' dir='ltr'><strong>causa</strong></span> <span class='ocrx_word' id='word_1_662' title='bbox 2343 2711 2456 2757; x_wconf 89' lang='lat' dir='ltr'><strong>erat</strong></span> <span class='ocrx_word' id='word_1_663' title='bbox 2470 2702 2736 2771; x_wconf 89' lang='lat' dir='ltr'><strong>socordia,</strong></span> <span class='ocrx_word' id='word_1_664' title='bbox 2756 2713 2811 2760; x_wconf 92' lang='lat' dir='ltr'><strong>et</strong></span> <span class='ocrx_word' id='word_1_665' title='bbox 2836 2703 2977 2775; x_wconf 89' lang='lat' dir='ltr'><strong>quod</strong></span> <span class='ocrx_word' id='word_1_666' title='bbox 2997 2705 3334 2765; x_wconf 83' lang='lat' dir='ltr'><strong>sacerdotum</strong></span> <span class='ocrx_word' id='word_1_667' title='bbox 3356 2708 3524 2764; x_wconf 89' lang='lat' dir='ltr'><strong>vicem</strong></span> <span class='ocrx_word' id='word_1_668' title='bbox 3549 2727 3654 2765; x_wconf 85' lang='lat' dir='ltr'><strong>non</strong></span> 
     </span>
    </p>
   </div>
   <div class='ocr_carea' id='block_1_86' title="bbox 2076 2794 3654 2868">
    <p class='ocr_par' dir='ltr' id='par_1_86' title="bbox 2076 2794 3654 2868">
     <span class='ocr_line' id='line_1_86' title="bbox 2076 2794 3654 2868; baseline 0.004 -19"><span class='ocrx_word' id='word_1_669' title='bbox 2076 2795 2226 2850; x_wconf 87' lang='lat' dir='ltr'><strong>valde</strong></span> <span class='ocrx_word' id='word_1_670' title='bbox 2246 2794 2517 2851; x_wconf 86' lang='lat' dir='ltr'><strong>dolebant.</strong></span> <span class='ocrx_word' id='word_1_671' title='bbox 2545 2794 2675 2851; x_wconf 89' lang='lat' dir='ltr'><strong>Vide</strong></span> <span class='ocrx_word' id='word_1_672' title='bbox 2694 2811 2823 2867; x_wconf 89' lang='lat' dir='ltr'><strong>ergo</strong></span> <span class='ocrx_word' id='word_1_673' title='bbox 2841 2811 2959 2867; x_wconf 74' lang='lat' dir='ltr'><strong>qua:</strong></span> <span class='ocrx_word' id='word_1_674' title='bbox 2982 2797 3116 2851; x_wconf 89' lang='lat' dir='ltr'><strong>mala</strong></span> <span class='ocrx_word' id='word_1_675' title='bbox 3136 2808 3317 2868; x_wconf 90' lang='lat' dir='ltr'><strong>postea</strong></span> <span class='ocrx_word' id='word_1_676' title='bbox 3335 2799 3615 2858; x_wconf 89' lang='lat' dir='ltr'><strong>inciderint</strong></span> <span class='ocrx_word' id='word_1_677' title='bbox 3640 2821 3654 2856; x_wconf 91' lang='lat'><strong>:</strong></span> 
     </span>
    </p>
   </div>
   <div class='ocr_carea' id='block_1_87' title="bbox 2077 2885 3657 2961">
    <p class='ocr_par' dir='ltr' id='par_1_87' title="bbox 2077 2885 3657 2961">
     <span class='ocr_line' id='line_1_87' title="bbox 2077 2885 3657 2961; baseline 0.006 -22"><span class='ocrx_word' id='word_1_678' title='bbox 2077 2886 2216 2940; x_wconf 90' lang='lat' dir='ltr'><strong>illius</strong></span> <span class='ocrx_word' id='word_1_679' title='bbox 2259 2886 2402 2940; x_wconf 91' lang='lat' dir='ltr'><strong>enim</strong></span> <span class='ocrx_word' id='word_1_680' title='bbox 2446 2885 2782 2958; x_wconf 62' lang='lat' dir='ltr'><strong>negligentiae</strong></span> <span class='ocrx_word' id='word_1_681' title='bbox 2821 2902 2927 2943; x_wconf 93' lang='lat' dir='ltr'><strong>non</strong></span> <span class='ocrx_word' id='word_1_682' title='bbox 2971 2886 3115 2945; x_wconf 84' lang='lat' dir='ltr'><strong>leves</strong></span> <span class='ocrx_word' id='word_1_683' title='bbox 3143 2904 3328 2961; x_wconf 77' lang='grc' dir='ltr'>ρωιιειε</span> <span class='ocrx_word' id='word_1_684' title='bbox 3371 2890 3657 2949; x_wconf 85' lang='lat' dir='ltr'><strong>dederunt.</strong></span> 
     </span>
    </p>
   </div>
   <div class='ocr_carea' id='block_1_88' title="bbox 2077 2978 3656 3052">
    <p class='ocr_par' dir='ltr' id='par_1_88' title="bbox 2077 2978 3656 3052">
     <span class='ocr_line' id='line_1_88' title="bbox 2077 2978 3656 3052; baseline 0.007 -21"><span class='ocrx_word' id='word_1_685' title='bbox 2077 2978 2298 3048; x_wconf 87' lang='lat' dir='ltr'><strong>Quando</strong></span> <span class='ocrx_word' id='word_1_686' title='bbox 2329 2993 2456 3050; x_wconf 81' lang='lat' dir='ltr'><strong>ergo</strong></span> <span class='ocrx_word' id='word_1_687' title='bbox 2476 2978 2670 3035; x_wconf 84' lang='lat' dir='ltr'><strong>factum</strong></span> <span class='ocrx_word' id='word_1_688' title='bbox 2698 2978 2857 3036; x_wconf 88' lang='lat' dir='ltr'><strong>fuerit</strong></span> <span class='ocrx_word' id='word_1_689' title='bbox 2882 2979 3079 3052; x_wconf 84' lang='lat' dir='ltr'><strong>aliquid</strong></span> <span class='ocrx_word' id='word_1_690' title='bbox 3106 2981 3386 3052; x_wconf 84' lang='lat' dir='ltr'><strong>nefarium,</strong></span> <span class='ocrx_word' id='word_1_691' title='bbox 3412 3000 3570 3042; x_wconf 87' lang='lat' dir='ltr'><strong>nemo</strong></span> <span class='ocrx_word' id='word_1_692' title='bbox 3590 2989 3656 3042; x_wconf 91' lang='lat' dir='ltr'><strong>sit</strong></span> 
     </span>
    </p>
   </div>
   <div class='ocr_carea' id='block_1_89' title="bbox 2079 3069 3658 3142">
    <p class='ocr_par' dir='ltr' id='par_1_89' title="bbox 2079 3069 3658 3142">
     <span class='ocr_line' id='line_1_89' title="bbox 2079 3069 3658 3142; baseline 0.004 -18"><span class='ocrx_word' id='word_1_693' title='bbox 2079 3071 2222 3126; x_wconf 90' lang='lat' dir='ltr'><strong>iners</strong></span> <span class='ocrx_word' id='word_1_694' title='bbox 2245 3079 2300 3125; x_wconf 91' lang='lat' dir='ltr'><strong>et</strong></span> <span class='ocrx_word' id='word_1_695' title='bbox 2328 3069 2565 3140; x_wconf 85' lang='lat' dir='ltr'><strong>ignavus,</strong></span> <span class='ocrx_word' id='word_1_696' title='bbox 2597 3070 2691 3126; x_wconf 87' lang='lat' dir='ltr'><strong>sed</strong></span> <span class='ocrx_word' id='word_1_697' title='bbox 2735 3070 2856 3142; x_wconf 86' lang='lat' dir='ltr'><strong>igne</strong></span> <span class='ocrx_word' id='word_1_698' title='bbox 2890 3071 3161 3129; x_wconf 89' lang='lat' dir='ltr'><strong>ardentior</strong></span> <span class='ocrx_word' id='word_1_699' title='bbox 3191 3091 3205 3128; x_wconf 92' lang='lat'><strong>:</strong></span> <span class='ocrx_word' id='word_1_700' title='bbox 3234 3089 3335 3131; x_wconf 91' lang='lat' dir='ltr'><strong>nec</strong></span> <span class='ocrx_word' id='word_1_701' title='bbox 3362 3076 3537 3132; x_wconf 91' lang='lat' dir='ltr'><strong>minus</strong></span> <span class='ocrx_word' id='word_1_702' title='bbox 3562 3077 3658 3131; x_wconf 81' lang='lat' dir='ltr'><strong>do-</strong></span> 
     </span>
    </p>
   </div>
   <div class='ocr_carea' id='block_1_90' title="bbox 2079 3162 3656 3237">
    <p class='ocr_par' dir='ltr' id='par_1_90' title="bbox 2079 3162 3656 3237">
     <span class='ocr_line' id='line_1_90' title="bbox 2079 3162 3656 3237; baseline 0.004 -18"><span class='ocrx_word' id='word_1_703' title='bbox 2079 3165 2202 3232; x_wconf 87' lang='lat' dir='ltr'><strong>leat,</strong></span> <span class='ocrx_word' id='word_1_704' title='bbox 2230 3179 2387 3234; x_wconf 90' lang='lat' dir='ltr'><strong>quam</strong></span> <span class='ocrx_word' id='word_1_705' title='bbox 2420 3164 2454 3219; x_wconf 92' lang='lat' dir='ltr'><strong>ii</strong></span> <span class='ocrx_word' id='word_1_706' title='bbox 2497 3162 2689 3234; x_wconf 89' lang='lat' dir='ltr'><strong>quibus</strong></span> <span class='ocrx_word' id='word_1_707' title='bbox 2716 3163 2773 3218; x_wconf 89' lang='lat' dir='ltr'><strong>lit</strong></span> <span class='ocrx_word' id='word_1_708' title='bbox 2797 3163 2985 3234; x_wconf 88' lang='lat' dir='ltr'><strong>injuria</strong></span> <span class='ocrx_word' id='word_1_709' title='bbox 3006 3203 3021 3230; x_wconf 93' lang='lat'><strong>,</strong></span> <span class='ocrx_word' id='word_1_710' title='bbox 3048 3174 3103 3221; x_wconf 91' lang='lat' dir='ltr'><strong>et</strong></span> <span class='ocrx_word' id='word_1_711' title='bbox 3131 3165 3202 3222; x_wconf 88' lang='lat' dir='ltr'><strong>ita</strong></span> <span class='ocrx_word' id='word_1_712' title='bbox 3248 3164 3471 3237; x_wconf 90' lang='lat' dir='ltr'><strong>plurima</strong></span> <span class='ocrx_word' id='word_1_713' title='bbox 3518 3171 3656 3225; x_wconf 81' lang='lat' dir='ltr'><strong>mala</strong></span> 
     </span>
    </p>
   </div>
   <div class='ocr_carea' id='block_1_91' title="bbox 2078 3253 3659 3327">
    <p class='ocr_par' dir='ltr' id='par_1_91' title="bbox 2078 3253 3659 3327">
     <span class='ocr_line' id='line_1_91' title="bbox 2078 3253 3659 3327; baseline 0.004 -18"><span class='ocrx_word' id='word_1_714' title='bbox 2078 3254 2349 3309; x_wconf 89' lang='lat' dir='ltr'><strong>sistentur.</strong></span> <span class='ocrx_word' id='word_1_715' title='bbox 2381 3254 2456 3308; x_wconf 84' lang='lat' dir='ltr'><strong>Ab</strong></span> <span class='ocrx_word' id='word_1_716' title='bbox 2482 3253 2684 3309; x_wconf 81' lang='lat' dir='ltr'><strong>homine</strong></span> <span class='ocrx_word' id='word_1_717' title='bbox 2702 3269 2859 3326; x_wconf 80' lang='lat' dir='ltr'><strong>usque</strong></span> <span class='ocrx_word' id='word_1_718' title='bbox 2880 3256 2948 3309; x_wconf 87' lang='lat' dir='ltr'><strong>ad</strong></span> <span class='ocrx_word' id='word_1_719' title='bbox 2968 3271 3138 3327; x_wconf 76' lang='lat' dir='ltr'><strong>pecus.</strong></span> <span class='ocrx_word' id='word_1_720' title='bbox 3167 3255 3273 3313; x_wconf 85' lang='lat' dir='ltr'><strong>Cur</strong></span> <span class='ocrx_word' id='word_1_721' title='bbox 3298 3267 3475 3314; x_wconf 88' lang='lat' dir='ltr'><strong>autem</strong></span> <span class='ocrx_word' id='word_1_722' title='bbox 3497 3260 3659 3315; x_wconf 86' lang='lat' dir='ltr'><strong>etiam</strong></span> 
     </span>
    </p>
   </div>
   <div class='ocr_carea' id='block_1_92' title="bbox 2080 3344 3658 3420">
    <p class='ocr_par' dir='ltr' id='par_1_92' title="bbox 2080 3344 3658 3420">
     <span class='ocr_line' id='line_1_92' title="bbox 2080 3344 3658 3420; baseline 0.006 -20"><span class='ocrx_word' id='word_1_723' title='bbox 2080 3345 2309 3415; x_wconf 86' lang='lat' dir='ltr'><strong>pecora?</strong></span> <span class='ocrx_word' id='word_1_724' title='bbox 2348 3344 2608 3414; x_wconf 89' lang='lat' dir='ltr'><strong>Quoniam</strong></span> <span class='ocrx_word' id='word_1_725' title='bbox 2661 3356 2878 3417; x_wconf 88' lang='lat' dir='ltr'><strong>propter</strong></span> <span class='ocrx_word' id='word_1_726' title='bbox 2924 3345 3167 3405; x_wconf 86' lang='lat' dir='ltr'><strong>homines</strong></span> <span class='ocrx_word' id='word_1_727' title='bbox 3210 3349 3344 3406; x_wconf 88' lang='lat' dir='ltr'><strong>facta</strong></span> <span class='ocrx_word' id='word_1_728' title='bbox 3392 3360 3550 3420; x_wconf 88' lang='lat' dir='ltr'><strong>sunt,</strong></span> <span class='ocrx_word' id='word_1_729' title='bbox 3594 3369 3658 3410; x_wconf 75' lang='lat' dir='ltr'><strong>ei</strong></span> 
     </span>
    </p>
   </div>
   <div class='ocr_carea' id='block_1_93' title="bbox 2077 3438 3679 3514">
    <p class='ocr_par' dir='ltr' id='par_1_93' title="bbox 2077 3438 3679 3514">
     <span class='ocr_line' id='line_1_93' title="bbox 2077 3438 3679 3514; baseline 0.007 -23"><span class='ocrx_word' id='word_1_730' title='bbox 2077 3453 2288 3509; x_wconf 89' lang='lat' dir='ltr'><strong>quoque</strong></span> <span class='ocrx_word' id='word_1_731' title='bbox 2316 3439 2464 3507; x_wconf 91' lang='lat' dir='ltr'><strong>punit</strong></span> <span class='ocrx_word' id='word_1_732' title='bbox 2487 3447 2708 3509; x_wconf 81' lang='lat' dir='ltr'><strong>propter</strong></span> <span class='ocrx_word' id='word_1_733' title='bbox 2737 3438 3027 3509; x_wconf 84' lang='lat' dir='ltr'><strong>hominem,</strong></span> <span class='ocrx_word' id='word_1_734' title='bbox 3060 3451 3117 3497; x_wconf 90' lang='lat' dir='ltr'><strong>ut</strong></span> <span class='ocrx_word' id='word_1_735' title='bbox 3144 3453 3335 3514; x_wconf 88' lang='lat' dir='ltr'><strong>augeat</strong></span> <span class='ocrx_word' id='word_1_736' title='bbox 3374 3445 3617 3502; x_wconf 89' lang='lat' dir='ltr'><strong>timorem</strong></span> <span class='ocrx_word' id='word_1_737' title='bbox 3640 3490 3679 3514; x_wconf 50' lang='grc' dir='ltr'><strong>,η</strong></span> 
     </span>
    </p>
   </div>
   <div class='ocr_carea' id='block_1_94' title="bbox 2080 3532 3681 3611">
    <p class='ocr_par' dir='ltr' id='par_1_94' title="bbox 2080 3532 3681 3611">
     <span class='ocr_line' id='line_1_94' title="bbox 2080 3532 3681 3611; baseline 0.002 -24"><span class='ocrx_word' id='word_1_738' title='bbox 2080 3544 2134 3587; x_wconf 86' lang='grc' dir='ltr'><strong>ιιι</strong></span> <span class='ocrx_word' id='word_1_739' title='bbox 2158 3532 2494 3589; x_wconf 86' lang='lat' dir='ltr'><strong>intentiorem</strong></span> <span class='ocrx_word' id='word_1_740' title='bbox 2517 3532 2701 3588; x_wconf 90' lang='lat' dir='ltr'><strong>reddat</strong></span> <span class='ocrx_word' id='word_1_741' title='bbox 2722 3533 3099 3602; x_wconf 88' lang='lat' dir='ltr'><strong>calamitatem,</strong></span> <span class='ocrx_word' id='word_1_742' title='bbox 3114 3544 3173 3591; x_wconf 92' lang='lat' dir='ltr'><strong>ut</strong></span> <span class='ocrx_word' id='word_1_743' title='bbox 3193 3537 3434 3594; x_wconf 87' lang='lat' dir='ltr'><strong>ostendat</strong></span> <span class='ocrx_word' id='word_1_744' title='bbox 3452 3539 3681 3611; x_wconf 67' lang='lat' dir='ltr'><strong>plagam,</strong></span> 
     </span>
    </p>
   </div>
   <div class='ocr_carea' id='block_1_95' title="bbox 2077 3622 3660 3697">
    <p class='ocr_par' dir='ltr' id='par_1_95' title="bbox 2077 3622 3660 3697">
     <span class='ocr_line' id='line_1_95' title="bbox 2077 3622 3660 3697; baseline 0.005 -19"><span class='ocrx_word' id='word_1_745' title='bbox 2077 3638 2196 3678; x_wconf 80' lang='lat' dir='ltr'><strong>esse</strong></span> <span class='ocrx_word' id='word_1_746' title='bbox 2223 3622 2475 3679; x_wconf 81' lang='lat' dir='ltr'><strong>divinitus</strong></span> <span class='ocrx_word' id='word_1_747' title='bbox 2503 3623 2815 3691; x_wconf 88' lang='lat' dir='ltr'><strong>immissam,</strong></span> <span class='ocrx_word' id='word_1_748' title='bbox 2845 3633 2899 3680; x_wconf 91' lang='lat' dir='ltr'><strong>et</strong></span> <span class='ocrx_word' id='word_1_749' title='bbox 2924 3624 3122 3682; x_wconf 88' lang='lat' dir='ltr'><strong>bellum</strong></span> <span class='ocrx_word' id='word_1_750' title='bbox 3153 3628 3440 3697; x_wconf 88' lang='lat' dir='ltr'><strong>procedere</strong></span> <span class='ocrx_word' id='word_1_751' title='bbox 3468 3626 3534 3686; x_wconf 88' lang='lat' dir='ltr'><strong>de</strong></span> <span class='ocrx_word' id='word_1_752' title='bbox 3554 3647 3660 3687; x_wconf 71' lang='lat' dir='ltr'><strong>ese-</strong></span> 
     </span>
    </p>
   </div>
   <div class='ocr_carea' id='block_1_96' title="bbox 2078 3708 3658 3794">
    <p class='ocr_par' dir='ltr' id='par_1_96' title="bbox 2078 3708 3658 3794">
     <span class='ocr_line' id='line_1_96' title="bbox 2078 3708 3658 3794; baseline 0.006 -25"><span class='ocrx_word' id='word_1_753' title='bbox 2078 3715 2162 3770; x_wconf 85' lang='lat' dir='ltr'><strong>lis.</strong></span> <span class='ocrx_word' id='word_1_754' title='bbox 2191 3714 2245 3770; x_wconf 88' lang='lat'><strong>9.</strong></span> <span class='ocrx_word' id='word_1_755' title='bbox 2279 3715 2459 3771; x_wconf 73' lang='lat' dir='ltr'><strong>Emisit</strong></span> <span class='ocrx_word' id='word_1_756' title='bbox 2481 3715 2625 3788; x_wconf 76' lang='lat' dir='ltr'><strong>signa</strong></span> <span class='ocrx_word' id='word_1_757' title='bbox 2660 3726 2709 3772; x_wconf 82' lang='lat' dir='ltr'><strong>et</strong></span> <span class='ocrx_word' id='word_1_758' title='bbox 2743 3715 2976 3789; x_wconf 83' lang='lat' dir='ltr'><strong>prodigia</strong></span> <span class='ocrx_word' id='word_1_759' title='bbox 3001 3718 3055 3772; x_wconf 85' lang='lat' dir='ltr'><strong>in</strong></span> <span class='ocrx_word' id='word_1_760' title='bbox 3079 3718 3244 3794; x_wconf 64' lang='lat' dir='ltr'><strong>medio</strong></span> <span class='ocrx_word' id='word_1_761' title='bbox 3269 3708 3371 3788; x_wconf 64' lang='lat' dir='ltr'><strong>uti,</strong></span> <span class='ocrx_word' id='word_1_762' title='bbox 3406 3719 3658 3794; x_wconf 62' lang='lat' dir='ltr'><strong>digypte.</strong></span> 
     </span>
    </p>
   </div>
   <div class='ocr_carea' id='block_1_97' title="bbox 2078 3807 3669 3880">
    <p class='ocr_par' dir='ltr' id='par_1_97' title="bbox 2078 3807 3669 3880">
     <span class='ocr_line' id='line_1_97' title="bbox 2078 3807 3669 3880; baseline 0.006 -18"><span class='ocrx_word' id='word_1_763' title='bbox 2078 3808 2212 3877; x_wconf 86' lang='lat' dir='ltr'><strong>Quid</strong></span> <span class='ocrx_word' id='word_1_764' title='bbox 2237 3816 2340 3873; x_wconf 88' lang='lat' dir='ltr'><strong>est,</strong></span> <span class='ocrx_word' id='word_1_765' title='bbox 2372 3807 2438 3863; x_wconf 85' lang='lat' dir='ltr'><strong>In</strong></span> <span class='ocrx_word' id='word_1_766' title='bbox 2465 3810 2627 3863; x_wconf 77' lang='lat' dir='ltr'><strong>medio</strong></span> <span class='ocrx_word' id='word_1_767' title='bbox 2657 3809 2775 3863; x_wconf 84' lang='lat' dir='ltr'><strong>tui?</strong></span> <span class='ocrx_word' id='word_1_768' title='bbox 2806 3809 2898 3866; x_wconf 86' lang='lat' dir='ltr'><strong>Vel</strong></span> <span class='ocrx_word' id='word_1_769' title='bbox 2924 3810 3097 3867; x_wconf 87' lang='lat' dir='ltr'><strong>locum</strong></span> <span class='ocrx_word' id='word_1_770' title='bbox 3127 3811 3275 3880; x_wconf 87' lang='lat' dir='ltr'><strong>dicit,</strong></span> <span class='ocrx_word' id='word_1_771' title='bbox 3307 3814 3386 3869; x_wconf 87' lang='lat' dir='ltr'><strong>vel</strong></span> <span class='ocrx_word' id='word_1_772' title='bbox 3417 3814 3556 3870; x_wconf 83' lang='lat' dir='ltr'><strong>idem</strong></span> <span class='ocrx_word' id='word_1_773' title='bbox 3578 3825 3669 3871; x_wconf 80' lang='lat' dir='ltr'><strong>est</strong></span> 
     </span>
    </p>
   </div>
   <div class='ocr_carea' id='block_1_98' title="bbox 2076 3899 3681 3975">
    <p class='ocr_par' dir='ltr' id='par_1_98' title="bbox 2076 3899 3681 3975">
     <span class='ocr_line' id='line_1_98' title="bbox 2076 3899 3681 3975; baseline 0.005 -20"><span class='ocrx_word' id='word_1_774' title='bbox 2076 3901 2235 3973; x_wconf 86' lang='lat' dir='ltr'><strong>quod,</strong></span> <span class='ocrx_word' id='word_1_775' title='bbox 2284 3901 2580 3956; x_wconf 79' lang='lat' dir='ltr'><strong>manifeste.</strong></span> <span class='ocrx_word' id='word_1_776' title='bbox 2627 3899 2761 3956; x_wconf 83' lang='lat' dir='ltr'><strong>Illud</strong></span> <span class='ocrx_word' id='word_1_777' title='bbox 2789 3901 2954 3967; x_wconf 87' lang='lat' dir='ltr'><strong>enim,</strong></span> <span class='ocrx_word' id='word_1_778' title='bbox 2984 3900 3049 3955; x_wconf 85' lang='lat' dir='ltr'><strong>In</strong></span> <span class='ocrx_word' id='word_1_779' title='bbox 3086 3903 3270 3968; x_wconf 86' lang='lat' dir='ltr'><strong>medio,</strong></span> <span class='ocrx_word' id='word_1_780' title='bbox 3298 3904 3492 3975; x_wconf 90' lang='lat' dir='ltr'><strong>ubique</strong></span> <span class='ocrx_word' id='word_1_781' title='bbox 3516 3905 3681 3975; x_wconf 55' lang='lat' dir='ltr'><strong>idene</strong></span> 
     </span>
    </p>
   </div>
   <div class='ocr_carea' id='block_1_99' title="bbox 2077 3974 3667 4062">
    <p class='ocr_par' dir='ltr' id='par_1_99' title="bbox 2077 3974 3667 4062">
     <span class='ocr_line' id='line_1_99' title="bbox 2077 3974 3667 4062; baseline 0.003 -14"><span class='ocrx_word' id='word_1_782' title='bbox 2077 3990 2337 4062; x_wconf 72' lang='lat' dir='ltr'><strong>signiﬁcat</strong></span> <span class='ocrx_word' id='word_1_783' title='bbox 2362 3991 2504 4061; x_wconf 85' lang='lat' dir='ltr'><strong>quod</strong></span> <span class='ocrx_word' id='word_1_784' title='bbox 2532 3998 2734 4061; x_wconf 87' lang='lat' dir='ltr'><strong>aperte,</strong></span> <span class='ocrx_word' id='word_1_785' title='bbox 2763 4000 2821 4046; x_wconf 92' lang='lat' dir='ltr'><strong>ut</strong></span> <span class='ocrx_word' id='word_1_786' title='bbox 2846 3991 3059 4061; x_wconf 91' lang='lat' dir='ltr'><strong>quando</strong></span> <span class='ocrx_word' id='word_1_787' title='bbox 3084 3993 3212 4050; x_wconf 86' lang='lat' dir='ltr'><strong>dicit</strong></span> <span class='ocrx_word' id='word_1_788' title='bbox 3236 3974 3431 4059; x_wconf 82' lang='lat' dir='ltr'><strong>alicubi</strong></span> <span class='ocrx_word' id='word_1_789' title='bbox 3456 4038 3472 4062; x_wconf 91' lang='lat'><strong>,</strong></span> <span class='ocrx_word' id='word_1_790' title='bbox 3512 3974 3667 4052; x_wconf 46' lang='lat' dir='ltr'><strong>.Feci.‘</strong></span> 
     </span>
    </p>
   </div>
   <div class='ocr_carea' id='block_1_100' title="bbox 2077 4066 3665 4157">
    <p class='ocr_par' dir='ltr' id='par_1_100' title="bbox 2077 4066 3665 4157">
     <span class='ocr_line' id='line_1_100' title="bbox 2077 4066 3665 4157; baseline 0.004 -20"><span class='ocrx_word' id='word_1_791' title='bbox 2077 4086 2288 4138; x_wconf 71' lang='lat' dir='ltr'><strong>salutem</strong></span> <span class='ocrx_word' id='word_1_792' title='bbox 2328 4082 2380 4139; x_wconf 81' lang='lat' dir='ltr'><strong>in</strong></span> <span class='ocrx_word' id='word_1_793' title='bbox 2409 4082 2575 4137; x_wconf 86' lang='lat' dir='ltr'><strong>medio</strong></span> <span class='ocrx_word' id='word_1_794' title='bbox 2601 4091 2748 4137; x_wconf 69' lang='lat' dir='ltr'><strong>terra:</strong></span> <span class='ocrx_word' id='word_1_795' title='bbox 2785 4080 2956 4157; x_wconf 80' lang='lat' dir='ltr'><strong>(Psal.</strong></span> <span class='ocrx_word' id='word_1_796' title='bbox 2988 4085 3073 4141; x_wconf 80' lang='lat'><strong>75.</strong></span> <span class='ocrx_word' id='word_1_797' title='bbox 3108 4084 3196 4157; x_wconf 84' lang='grc'><strong>12)</strong></span> <span class='ocrx_word' id='word_1_798' title='bbox 3224 4103 3238 4140; x_wconf 88' lang='lat'><strong>:</strong></span> <span class='ocrx_word' id='word_1_799' title='bbox 3268 4066 3356 4141; x_wconf 33' lang='lat' dir='ltr'><strong>est.</strong></span> <span class='ocrx_word' id='word_1_800' title='bbox 3373 4087 3515 4144; x_wconf 89' lang='lat' dir='ltr'><strong>enim</strong></span> <span class='ocrx_word' id='word_1_801' title='bbox 3546 4105 3665 4144; x_wconf 63' lang='lat' dir='ltr'><strong>meo</strong></span> 
     </span>
    </p>
   </div>
   <div class='ocr_carea' id='block_1_101' title="bbox 2077 4173 3687 4251">
    <p class='ocr_par' dir='ltr' id='par_1_101' title="bbox 2077 4173 3687 4251">
     <span class='ocr_line' id='line_1_101' title="bbox 2077 4173 3687 4251; baseline 0.002 -21"><span class='ocrx_word' id='word_1_802' title='bbox 2077 4175 2222 4230; x_wconf 91' lang='lat' dir='ltr'><strong>dium</strong></span> <span class='ocrx_word' id='word_1_803' title='bbox 2249 4173 2583 4231; x_wconf 74' lang='lat' dir='ltr'><strong>manifestum</strong></span> <span class='ocrx_word' id='word_1_804' title='bbox 2604 4175 2871 4231; x_wconf 88' lang='lat' dir='ltr'><strong>omnibus.</strong></span> <span class='ocrx_word' id='word_1_805' title='bbox 2906 4174 3088 4232; x_wconf 75' lang='lat' dir='ltr'><strong>Emisit</strong></span> <span class='ocrx_word' id='word_1_806' title='bbox 3110 4178 3256 4248; x_wconf 73' lang='lat' dir='ltr'><strong>signa</strong></span> <span class='ocrx_word' id='word_1_807' title='bbox 3270 4185 3320 4232; x_wconf 74' lang='lat' dir='ltr'><strong>et</strong></span> <span class='ocrx_word' id='word_1_808' title='bbox 3347 4178 3581 4251; x_wconf 85' lang='lat' dir='ltr'><strong>prodigia</strong></span> <span class='ocrx_word' id='word_1_809' title='bbox 3604 4180 3687 4234; x_wconf 63' lang='lat' dir='ltr'><strong>in.</strong></span> 
     </span>
    </p>
   </div>
   <div class='ocr_carea' id='block_1_102' title="bbox 2078 4263 3661 4338">
    <p class='ocr_par' dir='ltr' id='par_1_102' title="bbox 2078 4263 3661 4338">
     <span class='ocr_line' id='line_1_102' title="bbox 2078 4263 3661 4338; baseline 0.003 -18"><span class='ocrx_word' id='word_1_810' title='bbox 2078 4266 2241 4321; x_wconf 79' lang='lat' dir='ltr'><strong>medio</strong></span> <span class='ocrx_word' id='word_1_811' title='bbox 2273 4266 2367 4333; x_wconf 86' lang='lat' dir='ltr'><strong>tui,</strong></span> <span class='ocrx_word' id='word_1_812' title='bbox 2392 4263 2641 4338; x_wconf 66' lang='lat' dir='ltr'><strong>Aigyptc.</strong></span> <span class='ocrx_word' id='word_1_813' title='bbox 2678 4264 2808 4323; x_wconf 83' lang='lat' dir='ltr'><strong>Jure</strong></span> <span class='ocrx_word' id='word_1_814' title='bbox 2832 4276 3010 4322; x_wconf 89' lang='lat' dir='ltr'><strong>autem</strong></span> <span class='ocrx_word' id='word_1_815' title='bbox 3035 4267 3238 4337; x_wconf 87' lang='lat' dir='ltr'><strong>optimo</strong></span> <span class='ocrx_word' id='word_1_816' title='bbox 3268 4286 3281 4325; x_wconf 87' lang='lat'><em>:</em></span> <span class='ocrx_word' id='word_1_817' title='bbox 3310 4283 3373 4324; x_wconf 89' lang='lat' dir='ltr'><strong>ea</strong></span> <span class='ocrx_word' id='word_1_818' title='bbox 3395 4269 3536 4324; x_wconf 90' lang='lat' dir='ltr'><strong>enim</strong></span> <span class='ocrx_word' id='word_1_819' title='bbox 3566 4269 3661 4324; x_wconf 83' lang='lat' dir='ltr'><strong>lle-</strong></span> 
     </span>
    </p>
   </div>
   <div class='ocr_carea' id='block_1_103' title="bbox 2015 4357 3659 4430">
    <p class='ocr_par' dir='ltr' id='par_1_103' title="bbox 2015 4357 3659 4430">
     <span class='ocr_line' id='line_1_103' title="bbox 2015 4357 3659 4430; baseline 0.001 -15"><span class='ocrx_word' id='word_1_820' title='bbox 2015 4408 2021 4415; x_wconf 79' lang='lat'><strong>.</strong></span> <span class='ocrx_word' id='word_1_821' title='bbox 2079 4359 2204 4414; x_wconf 88' lang='lat' dir='ltr'><strong>bant</strong></span> <span class='ocrx_word' id='word_1_822' title='bbox 2222 4358 2290 4416; x_wconf 88' lang='lat' dir='ltr'><strong>ad</strong></span> <span class='ocrx_word' id='word_1_823' title='bbox 2310 4357 2720 4427; x_wconf 87' lang='lat' dir='ltr'><strong>correctionem,</strong></span> <span class='ocrx_word' id='word_1_824' title='bbox 2739 4366 2795 4414; x_wconf 85' lang='lat' dir='ltr'><strong>et</strong></span> <span class='ocrx_word' id='word_1_825' title='bbox 2812 4357 2879 4414; x_wconf 88' lang='lat' dir='ltr'><strong>ad</strong></span> <span class='ocrx_word' id='word_1_826' title='bbox 2897 4374 2990 4414; x_wconf 89' lang='lat' dir='ltr'><strong>eos</strong></span> <span class='ocrx_word' id='word_1_827' title='bbox 3009 4359 3367 4416; x_wconf 79' lang='lat' dir='ltr'><strong>OStendendos</strong></span> <span class='ocrx_word' id='word_1_828' title='bbox 3390 4360 3479 4430; x_wconf 90' lang='lat' dir='ltr'><strong>qui</strong></span> <span class='ocrx_word' id='word_1_829' title='bbox 3502 4371 3659 4417; x_wconf 86' lang='lat' dir='ltr'><strong>erant</strong></span> 
     </span>
    </p>
   </div>
   <div class='ocr_carea' id='block_1_104' title="bbox 2079 4450 3679 4517">
    <p class='ocr_par' dir='ltr' id='par_1_104' title="bbox 2079 4450 3679 4517">
     <span class='ocr_line' id='line_1_104' title="bbox 2079 4450 3679 4517; baseline 0.001 -13"><span class='ocrx_word' id='word_1_830' title='bbox 2079 4450 2328 4507; x_wconf 86' lang='lat' dir='ltr'><strong>lueraturi</strong></span> <span class='ocrx_word' id='word_1_831' title='bbox 2376 4467 2391 4504; x_wconf 90' lang='lat'><strong>:</strong></span> <span class='ocrx_word' id='word_1_832' title='bbox 2436 4465 2543 4506; x_wconf 91' lang='lat' dir='ltr'><strong>non</strong></span> <span class='ocrx_word' id='word_1_833' title='bbox 2583 4458 2797 4507; x_wconf 83' lang='lat' dir='ltr'><strong>temere</strong></span> <span class='ocrx_word' id='word_1_834' title='bbox 2812 4450 2953 4506; x_wconf 83' lang='lat' dir='ltr'><strong>enim</strong></span> <span class='ocrx_word' id='word_1_835' title='bbox 2997 4450 3330 4517; x_wconf 88' lang='lat' dir='ltr'><strong>eveniebant,</strong></span> <span class='ocrx_word' id='word_1_836' title='bbox 3360 4451 3456 4507; x_wconf 90' lang='lat' dir='ltr'><strong>sed</strong></span> <span class='ocrx_word' id='word_1_837' title='bbox 3498 4451 3679 4509; x_wconf 89' lang='lat' dir='ltr'><strong>tnodo.</strong></span> 
     </span>
    </p>
   </div>
   <div class='ocr_carea' id='block_1_105' title="bbox 2077 4541 3685 4616">
    <p class='ocr_par' dir='ltr' id='par_1_105' title="bbox 2077 4541 3685 4616">
     <span class='ocr_line' id='line_1_105' title="bbox 2077 4541 3685 4616; baseline -0.001 -19"><span class='ocrx_word' id='word_1_838' title='bbox 2077 4542 2576 4599; x_wconf 88' lang='lat' dir='ltr'><strong>admirabilissimo:</strong></span> <span class='ocrx_word' id='word_1_839' title='bbox 2607 4557 2774 4613; x_wconf 89' lang='lat' dir='ltr'><strong>quare</strong></span> <span class='ocrx_word' id='word_1_840' title='bbox 2794 4551 2847 4597; x_wconf 92' lang='lat' dir='ltr'><strong>et</strong></span> <span class='ocrx_word' id='word_1_841' title='bbox 2871 4557 2934 4597; x_wconf 86' lang='lat' dir='ltr'><strong>eo</strong></span> <span class='ocrx_word' id='word_1_842' title='bbox 2955 4542 3096 4614; x_wconf 89' lang='lat' dir='ltr'><strong>quod</strong></span> <span class='ocrx_word' id='word_1_843' title='bbox 3124 4541 3404 4611; x_wconf 85' lang='lat' dir='ltr'><strong>feriebant,</strong></span> <span class='ocrx_word' id='word_1_844' title='bbox 3427 4558 3493 4599; x_wconf 90' lang='lat' dir='ltr'><strong>eo</strong></span> <span class='ocrx_word' id='word_1_845' title='bbox 3515 4545 3685 4616; x_wconf 71' lang='lat' dir='ltr'><strong>quod:</strong></span> 
     </span>
    </p>
   </div>
   <div class='ocr_carea' id='block_1_106' title="bbox 2078 4633 3663 4706">
    <p class='ocr_par' dir='ltr' id='par_1_106' title="bbox 2078 4633 3663 4706">
     <span class='ocr_line' id='line_1_106' title="bbox 2078 4633 3663 4706; baseline 0 -15"><span class='ocrx_word' id='word_1_846' title='bbox 2078 4635 2411 4699; x_wconf 78' lang='lat' dir='ltr'><strong>mirabiliter,</strong></span> <span class='ocrx_word' id='word_1_847' title='bbox 2460 4635 2725 4706; x_wconf 88' lang='lat' dir='ltr'><strong>duplicem</strong></span> <span class='ocrx_word' id='word_1_848' title='bbox 2763 4633 3058 4699; x_wconf 73' lang='lat' dir='ltr'><strong>all&#39;ercbant</strong></span> <span class='ocrx_word' id='word_1_849' title='bbox 3085 4634 3384 4690; x_wconf 83' lang='lat' dir='ltr'><strong>utilitatem.</strong></span> <span class='ocrx_word' id='word_1_850' title='bbox 3413 4633 3479 4690; x_wconf 86' lang='lat' dir='ltr'><strong>In</strong></span> <span class='ocrx_word' id='word_1_851' title='bbox 3517 4634 3663 4691; x_wconf 81' lang='lat' dir='ltr'><strong>Pha-</strong></span> 
     </span>
    </p>
   </div>
   <div class='ocr_carea' id='block_1_107' title="bbox 2077 4725 3661 4798">
    <p class='ocr_par' dir='ltr' id='par_1_107' title="bbox 2077 4725 3661 4798">
     <span class='ocr_line' id='line_1_107' title="bbox 2077 4725 3661 4798; baseline 0.001 -15"><span class='ocrx_word' id='word_1_852' title='bbox 2077 4746 2301 4795; x_wconf 80' lang='lat' dir='ltr'><strong>raonem,</strong></span> <span class='ocrx_word' id='word_1_853' title='bbox 2324 4729 2445 4784; x_wconf 78' lang='lat' dir='ltr'><strong>etin</strong></span> <span class='ocrx_word' id='word_1_854' title='bbox 2472 4744 2641 4783; x_wconf 73' lang='lat' dir='ltr'><strong>omnes</strong></span> <span class='ocrx_word' id='word_1_855' title='bbox 2656 4742 2823 4783; x_wconf 73' lang='lat' dir='ltr'><strong>servos</strong></span> <span class='ocrx_word' id='word_1_856' title='bbox 2849 4728 2981 4798; x_wconf 72' lang='lat' dir='ltr'><strong>ejus.</strong></span> <span class='ocrx_word' id='word_1_857' title='bbox 3007 4725 3193 4782; x_wconf 75' lang='lat' dir='ltr'><strong>Vidisti</strong></span> <span class='ocrx_word' id='word_1_858' title='bbox 3216 4728 3503 4798; x_wconf 73' lang='lat' dir='ltr'><strong>potentiam</strong></span> <span class='ocrx_word' id='word_1_859' title='bbox 3527 4727 3661 4784; x_wconf 81' lang='lat' dir='ltr'><strong>inef-</strong></span> 
     </span>
    </p>
   </div>
   <div class='ocr_carea' id='block_1_108' title="bbox 2077 4817 3683 4891">
    <p class='ocr_par' dir='ltr' id='par_1_108' title="bbox 2077 4817 3683 4891">
     <span class='ocr_line' id='line_1_108' title="bbox 2077 4817 3683 4891; baseline -0.004 -15"><span class='ocrx_word' id='word_1_860' title='bbox 2077 4822 2326 4877; x_wconf 74' lang='lat' dir='ltr'><strong>labilem?</strong></span> <span class='ocrx_word' id='word_1_861' title='bbox 2348 4819 2617 4891; x_wconf 87' lang='lat' dir='ltr'><strong>quomodo</strong></span> <span class='ocrx_word' id='word_1_862' title='bbox 2644 4833 2766 4875; x_wconf 90' lang='lat' dir='ltr'><strong>cum</strong></span> <span class='ocrx_word' id='word_1_863' title='bbox 2808 4832 2996 4875; x_wconf 87' lang='lat' dir='ltr'><strong>omnes</strong></span> <span class='ocrx_word' id='word_1_864' title='bbox 3034 4817 3190 4873; x_wconf 91' lang='lat' dir='ltr'><strong>simul</strong></span> <span class='ocrx_word' id='word_1_865' title='bbox 3231 4826 3446 4886; x_wconf 86' lang='lat' dir='ltr'><strong>essent,</strong></span> <span class='ocrx_word' id='word_1_866' title='bbox 3487 4819 3555 4876; x_wconf 87' lang='lat' dir='ltr'><strong>de</strong></span> <span class='ocrx_word' id='word_1_867' title='bbox 3581 4820 3683 4876; x_wconf 56' lang='lat' dir='ltr'><strong>eis.</strong></span> 
     </span>
    </p>
   </div>
   <div class='ocr_carea' id='block_1_109' title="bbox 2076 4911 3657 4984">
    <p class='ocr_par' dir='ltr' id='par_1_109' title="bbox 2076 4911 3657 4984">
     <span class='ocr_line' id='line_1_109' title="bbox 2076 4911 3657 4984; baseline -0.003 -14"><span class='ocrx_word' id='word_1_868' title='bbox 2076 4923 2347 4984; x_wconf 89' lang='lat' dir='ltr'><strong>sumptum</strong></span> <span class='ocrx_word' id='word_1_869' title='bbox 2387 4922 2469 4969; x_wconf 85' lang='lat' dir='ltr'><strong>est</strong></span> <span class='ocrx_word' id='word_1_870' title='bbox 2493 4913 2806 4982; x_wconf 67' lang='lat' dir='ltr'><strong>supplicium</strong></span> <span class='ocrx_word' id='word_1_871' title='bbox 2828 4953 2845 4978; x_wconf 86' lang='lat'><strong>,</strong></span> <span class='ocrx_word' id='word_1_872' title='bbox 2872 4920 2928 4969; x_wconf 88' lang='lat' dir='ltr'><strong>et</strong></span> <span class='ocrx_word' id='word_1_873' title='bbox 2960 4911 3037 4968; x_wconf 92' lang='lat' dir='ltr'><strong>illi</strong></span> <span class='ocrx_word' id='word_1_874' title='bbox 3062 4911 3275 4983; x_wconf 89' lang='lat' dir='ltr'><strong>quidem</strong></span> <span class='ocrx_word' id='word_1_875' title='bbox 3304 4912 3657 4983; x_wconf 80' lang='lat' dir='ltr'><strong>patiebantur,</strong></span> 
     </span>
    </p>
   </div>
   <div class='ocr_carea' id='block_1_110' title="bbox 2076 5000 3657 5070">
    <p class='ocr_par' dir='ltr' id='par_1_110' title="bbox 2076 5000 3657 5070">
     <span class='ocr_line' id='line_1_110' title="bbox 2076 5000 3657 5070; baseline -0.004 -10"><span class='ocrx_word' id='word_1_876' title='bbox 2076 5005 2165 5060; x_wconf 88' lang='lat' dir='ltr'><strong>alii</strong></span> <span class='ocrx_word' id='word_1_877' title='bbox 2192 5019 2320 5061; x_wconf 81' lang='lat' dir='ltr'><strong>vero</strong></span> <span class='ocrx_word' id='word_1_878' title='bbox 2354 5002 2738 5061; x_wconf 82' lang='lat' dir='ltr'><strong>lucrabantur?</strong></span> <span class='ocrx_word' id='word_1_879' title='bbox 2765 5002 3041 5070; x_wconf 82' lang='lat' dir='ltr'><strong>Quomodo</strong></span> <span class='ocrx_word' id='word_1_880' title='bbox 3062 5013 3241 5059; x_wconf 89' lang='lat' dir='ltr'><strong>autem</strong></span> <span class='ocrx_word' id='word_1_881' title='bbox 3270 5003 3418 5069; x_wconf 92' lang='lat' dir='ltr'><strong>dicit,</strong></span> <span class='ocrx_word' id='word_1_882' title='bbox 3459 5000 3525 5057; x_wconf 87' lang='grc' dir='ltr'>Ιιι</span> <span class='ocrx_word' id='word_1_883' title='bbox 3546 5018 3657 5056; x_wconf 47' lang='lat' dir='ltr'><strong>om.</strong></span> 
     </span>
    </p>
   </div>
   <div class='ocr_carea' id='block_1_111' title="bbox 2077 5093 3658 5166">
    <p class='ocr_par' dir='ltr' id='par_1_111' title="bbox 2077 5093 3658 5166">
     <span class='ocr_line' id='line_1_111' title="bbox 2077 5093 3658 5166; baseline -0.004 -15"><span class='ocrx_word' id='word_1_884' title='bbox 2077 5112 2163 5152; x_wconf 68' lang='lat' dir='ltr'><strong>ne:</strong></span> <span class='ocrx_word' id='word_1_885' title='bbox 2191 5111 2359 5151; x_wconf 69' lang='lat' dir='ltr'><strong>servos</strong></span> <span class='ocrx_word' id='word_1_886' title='bbox 2382 5095 2536 5166; x_wconf 74' lang='lat' dir='ltr'><strong>ejus?</strong></span> <span class='ocrx_word' id='word_1_887' title='bbox 2561 5093 2717 5165; x_wconf 87' lang='lat' dir='ltr'><strong>Atqui</strong></span> <span class='ocrx_word' id='word_1_888' title='bbox 2746 5109 2852 5149; x_wconf 90' lang='lat' dir='ltr'><strong>non</strong></span> <span class='ocrx_word' id='word_1_889' title='bbox 2876 5094 3142 5150; x_wconf 80' lang='lat' dir='ltr'><strong>habebant</strong></span> <span class='ocrx_word' id='word_1_890' title='bbox 3166 5109 3359 5150; x_wconf 90' lang='lat' dir='ltr'><strong>omnes</strong></span> <span class='ocrx_word' id='word_1_891' title='bbox 3386 5093 3658 5163; x_wconf 78' lang='lat' dir='ltr'><strong>primoge-</strong></span> 
     </span>
    </p>
   </div>
   <div class='ocr_carea' id='block_1_112' title="bbox 2079 5180 3657 5256">
    <p class='ocr_par' dir='ltr' id='par_1_112' title="bbox 2079 5180 3657 5256">
     <span class='ocr_line' id='line_1_112' title="bbox 2079 5180 3657 5256; baseline -0.005 -13"><span class='ocrx_word' id='word_1_892' title='bbox 2079 5188 2185 5243; x_wconf 85' lang='lat' dir='ltr'><strong>nita</strong></span> <span class='ocrx_word' id='word_1_893' title='bbox 2217 5206 2232 5243; x_wconf 87' lang='lat'><strong>:</strong></span> <span class='ocrx_word' id='word_1_894' title='bbox 2259 5185 2354 5242; x_wconf 88' lang='lat' dir='ltr'><strong>sed</strong></span> <span class='ocrx_word' id='word_1_895' title='bbox 2381 5185 2506 5242; x_wconf 91' lang='lat' dir='ltr'><strong>dicit</strong></span> <span class='ocrx_word' id='word_1_896' title='bbox 2534 5186 2602 5243; x_wconf 87' lang='lat' dir='ltr'><strong>de</strong></span> <span class='ocrx_word' id='word_1_897' title='bbox 2620 5186 2736 5240; x_wconf 88' lang='lat' dir='ltr'><strong>aliis</strong></span> <span class='ocrx_word' id='word_1_898' title='bbox 2757 5184 2945 5256; x_wconf 85' lang='lat' dir='ltr'><strong>signis,</strong></span> <span class='ocrx_word' id='word_1_899' title='bbox 2978 5194 3033 5240; x_wconf 92' lang='lat' dir='ltr'><strong>et</strong></span> <span class='ocrx_word' id='word_1_900' title='bbox 3055 5184 3182 5240; x_wconf 87' lang='lat' dir='ltr'><strong>dum</strong></span> <span class='ocrx_word' id='word_1_901' title='bbox 3204 5184 3257 5237; x_wconf 91' lang='lat' dir='ltr'><strong>in</strong></span> <span class='ocrx_word' id='word_1_902' title='bbox 3286 5180 3522 5251; x_wconf 61' lang='lat' dir='ltr'><strong>Egypt!)</strong></span> <span class='ocrx_word' id='word_1_903' title='bbox 3542 5181 3657 5252; x_wconf 88' lang='lat' dir='ltr'><strong>qui-</strong></span> 
     </span>
    </p>
   </div>
   <div class='ocr_carea' id='block_1_113' title="bbox 2077 5271 3659 5343">
    <p class='ocr_par' dir='ltr' id='par_1_113' title="bbox 2077 5271 3659 5343">
     <span class='ocr_line' id='line_1_113' title="bbox 2077 5271 3659 5343; baseline -0.008 -6"><span class='ocrx_word' id='word_1_904' title='bbox 2077 5279 2279 5337; x_wconf 81' lang='lat' dir='ltr'><strong>dem&#39;hi</strong></span> <span class='ocrx_word' id='word_1_905' title='bbox 2309 5278 2608 5343; x_wconf 83' lang='lat' dir='ltr'><strong>ferirentur,</strong></span> <span class='ocrx_word' id='word_1_906' title='bbox 2632 5277 2835 5333; x_wconf 82' lang='lat' dir='ltr'><strong>lucrum</strong></span> <span class='ocrx_word' id='word_1_907' title='bbox 2865 5273 3129 5331; x_wconf 88' lang='lat' dir='ltr'><strong>faciebant</strong></span> <span class='ocrx_word' id='word_1_908' title='bbox 3161 5272 3329 5328; x_wconf 68' lang='lat' dir='ltr'><strong>Judaei</strong></span> <span class='ocrx_word' id='word_1_909' title='bbox 3352 5286 3366 5323; x_wconf 87' lang='lat'><strong>:</strong></span> <span class='ocrx_word' id='word_1_910' title='bbox 3392 5271 3517 5325; x_wconf 89' lang='lat' dir='ltr'><strong>dum</strong></span> <span class='ocrx_word' id='word_1_911' title='bbox 3548 5286 3659 5327; x_wconf 55' lang='lat' dir='ltr'><strong>aua-</strong></span> 
     </span>
    </p>
   </div>
   <div class='ocr_carea' id='block_1_114' title="bbox 2080 5362 3654 5434">
    <p class='ocr_par' dir='ltr' id='par_1_114' title="bbox 2080 5362 3654 5434">
     <span class='ocr_line' id='line_1_114' title="bbox 2080 5362 3654 5434; baseline -0.009 -3"><span class='ocrx_word' id='word_1_912' title='bbox 2080 5383 2185 5431; x_wconf 91' lang='lat' dir='ltr'><strong>tem</strong></span> <span class='ocrx_word' id='word_1_913' title='bbox 2230 5373 2284 5427; x_wconf 89' lang='lat' dir='ltr'><strong>in</strong></span> <span class='ocrx_word' id='word_1_914' title='bbox 2330 5370 2614 5426; x_wconf 85' lang='lat' dir='ltr'><strong>solitudine</strong></span> <span class='ocrx_word' id='word_1_915' title='bbox 2655 5368 2914 5434; x_wconf 74' lang='lat' dir='ltr'><strong>beneﬂcio</strong></span> <span class='ocrx_word' id='word_1_916' title='bbox 2955 5364 3125 5421; x_wconf 72' lang='lat' dir='ltr'><strong>Judaei</strong></span> <span class='ocrx_word' id='word_1_917' title='bbox 3173 5362 3533 5429; x_wconf 81' lang='lat' dir='ltr'><strong>amceretttur,</strong></span> <span class='ocrx_word' id='word_1_918' title='bbox 3564 5364 3654 5417; x_wconf 90' lang='lat' dir='ltr'><strong>alii</strong></span> 
     </span>
    </p>
   </div>
   <div class='ocr_carea' id='block_1_115' title="bbox 2073 5452 3673 5537">
    <p class='ocr_par' dir='ltr' id='par_1_115' title="bbox 2073 5452 3673 5537">
     <span class='ocr_line' id='line_1_115' title="bbox 2073 5452 3673 5537; baseline -0.005 -16"><span class='ocrx_word' id='word_1_919' title='bbox 2073 5465 2394 5537; x_wconf 85' lang='lat' dir='ltr'><strong>juvabantur</strong></span> <span class='ocrx_word' id='word_1_920' title='bbox 2415 5461 2527 5536; x_wconf 84' lang='lat' dir='ltr'><strong>(o);</strong></span> <span class='ocrx_word' id='word_1_921' title='bbox 2552 5470 2608 5518; x_wconf 89' lang='lat' dir='ltr'><strong>et</strong></span> <span class='ocrx_word' id='word_1_922' title='bbox 2634 5462 2811 5533; x_wconf 84' lang='lat' dir='ltr'><strong>plagas</strong></span> <span class='ocrx_word' id='word_1_923' title='bbox 2830 5458 3044 5532; x_wconf 88' lang='lat' dir='ltr'><strong>quidem</strong></span> <span class='ocrx_word' id='word_1_924' title='bbox 3066 5452 3257 5512; x_wconf 79' lang='lat' dir='ltr'><strong>inﬂixit</strong></span> <span class='ocrx_word' id='word_1_925' title='bbox 3278 5454 3540 5525; x_wconf 85' lang='lat' dir='ltr'><strong>hostibus,</strong></span> <span class='ocrx_word' id='word_1_926' title='bbox 3559 5456 3673 5513; x_wconf 71' lang='lat' dir='ltr'><strong>bos</strong></span> 
     </span>
    </p>
   </div>
   <div class='ocr_carea' id='block_1_116' title="bbox 2141 5586 3665 5725">
    <p class='ocr_par' dir='ltr' id='par_1_116' title="bbox 2141 5586 3665 5725">
     <span class='ocr_line' id='line_1_116' title="bbox 2141 5586 3665 5686; baseline -0.003 -16"><span class='ocrx_word' id='word_1_927' title='bbox 2141 5622 2215 5686; x_wconf 82' lang='lat' dir='ltr'><strong>(n)</strong></span> <span class='ocrx_word' id='word_1_928' title='bbox 2248 5616 2440 5678; x_wconf 83' lang='lat' dir='ltr'><strong>Quando</strong></span> <span class='ocrx_word' id='word_1_929' title='bbox 2462 5617 2546 5675; x_wconf 88' lang='lat' dir='ltr'><strong>ait,</strong></span> <span class='ocrx_word' id='word_1_930' title='bbox 2590 5615 2769 5664; x_wconf 68' lang='lat' dir='ltr'><strong>Judaeis</strong></span> <span class='ocrx_word' id='word_1_931' title='bbox 2802 5615 2851 5662; x_wconf 87' lang='lat' dir='ltr'><strong>in</strong></span> <span class='ocrx_word' id='word_1_932' title='bbox 2885 5611 3146 5684; x_wconf 67' lang='lat' dir='ltr'><strong>solitmline</strong></span> <span class='ocrx_word' id='word_1_933' title='bbox 3173 5586 3414 5663; x_wconf 69' lang='lat' dir='ltr'><strong>beneficio</strong></span> <span class='ocrx_word' id='word_1_934' title='bbox 3446 5600 3665 5673; x_wconf 56' lang='lat' dir='ltr'><strong>affectis.</strong></span> 
     </span>
     <span class='ocr_line' id='line_1_117' title="bbox 2141 5672 3655 5725; baseline 0 0"><span class='ocrx_word' id='word_1_935' title='bbox 2141 5686 2227 5725; x_wconf 76' lang='lat' dir='ltr'><strong>iam</strong></span> <span class='ocrx_word' id='word_1_936' title='bbox 2261 5681 2383 5725; x_wconf 84' lang='lat' dir='ltr'><strong>alios</strong></span> <span class='ocrx_word' id='word_1_937' title='bbox 2404 5677 2638 5725; x_wconf 72' lang='lat' dir='ltr'><strong>bent-licio</strong></span> <span class='ocrx_word' id='word_1_938' title='bbox 2662 5676 2864 5725; x_wconf 82' lang='lat' dir='ltr'><strong>alfeetos</strong></span> <span class='ocrx_word' id='word_1_939' title='bbox 2883 5673 3051 5725; x_wconf 86' lang='lat' dir='ltr'><strong>fuisse.</strong></span> <span class='ocrx_word' id='word_1_940' title='bbox 3074 5676 3124 5722; x_wconf 76' lang='lat' dir='ltr'><strong>Id</strong></span> <span class='ocrx_word' id='word_1_941' title='bbox 3164 5672 3395 5725; x_wconf 58' lang='lat' dir='ltr'><strong>intelligit</strong></span> <span class='ocrx_word' id='word_1_942' title='bbox 3429 5675 3495 5724; x_wconf 72' lang='lat' dir='ltr'><strong>de</strong></span> <span class='ocrx_word' id='word_1_943' title='bbox 3523 5675 3655 5725; x_wconf 64' lang='lat' dir='ltr'><strong>sum</strong></span> 
     </span>
    </p>
   </div>
   <div class='ocr_carea' id='block_1_117' title="bbox 2079 5675 3657 5812">
    <p class='ocr_par' dir='ltr' id='par_1_117' title="bbox 2079 5675 3657 5812">
     <span class='ocr_line' id='line_1_118' title="bbox 2080 5675 3655 5736; baseline -0.005 -2"><span class='ocrx_word' id='word_1_944' title='bbox 2080 5675 2227 5734; x_wconf 74' lang='lat' dir='ltr'><strong>etiam</strong></span> <span class='ocrx_word' id='word_1_945' title='bbox 2261 5675 2383 5731; x_wconf 79' lang='lat' dir='ltr'><strong>alios</strong></span> <span class='ocrx_word' id='word_1_946' title='bbox 2404 5677 2638 5727; x_wconf 75' lang='lat' dir='ltr'><strong>bent-licio</strong></span> <span class='ocrx_word' id='word_1_947' title='bbox 2662 5676 2864 5725; x_wconf 81' lang='lat' dir='ltr'><strong>alfeetos</strong></span> <span class='ocrx_word' id='word_1_948' title='bbox 2883 5675 3051 5732; x_wconf 80' lang='lat' dir='ltr'><strong>fuisse,</strong></span> <span class='ocrx_word' id='word_1_949' title='bbox 3074 5675 3124 5722; x_wconf 82' lang='lat' dir='ltr'><strong>id</strong></span> <span class='ocrx_word' id='word_1_950' title='bbox 3164 5675 3395 5736; x_wconf 69' lang='lat' dir='ltr'><strong>intelligit</strong></span> <span class='ocrx_word' id='word_1_951' title='bbox 3429 5675 3495 5724; x_wconf 74' lang='lat' dir='ltr'><strong>de</strong></span> <span class='ocrx_word' id='word_1_952' title='bbox 3523 5675 3655 5736; x_wconf 54' lang='lat' dir='ltr'><strong>vulgi</strong></span> 
     </span>
     <span class='ocr_line' id='line_1_119' title="bbox 2079 5735 3657 5812; baseline -0.006 -17"><span class='ocrx_word' id='word_1_953' title='bbox 2079 5744 2333 5809; x_wconf 78' lang='lat' dir='ltr'><strong>promiscui</strong></span> <span class='ocrx_word' id='word_1_954' title='bbox 2344 5736 3035 5812; x_wconf 55' lang='lat' dir='ltr'><strong>innumerabil_i_tnultitudiue,</strong></span> <span class='ocrx_word' id='word_1_955' title='bbox 3056 5749 3170 5812; x_wconf 58' lang='lat' dir='ltr'><strong>qua;</strong></span> <span class='ocrx_word' id='word_1_956' title='bbox 3192 5749 3303 5787; x_wconf 88' lang='lat' dir='ltr'><strong>cum</strong></span> <span class='ocrx_word' id='word_1_957' title='bbox 3325 5735 3427 5812; x_wconf 52' lang='lat' dir='ltr'><strong>illis</strong></span> <span class='ocrx_word' id='word_1_958' title='bbox 3442 5739 3657 5812; x_wconf 57' lang='lat' dir='ltr'><strong>prtilecta</strong></span> 
     </span>
    </p>
   </div>
   <div class='ocr_carea' id='block_1_118' title="bbox 2082 5798 3675 5869">
    <p class='ocr_par' dir='ltr' id='par_1_118' title="bbox 2082 5798 3675 5869">
     <span class='ocr_line' id='line_1_120' title="bbox 2082 5798 3675 5869; baseline -0.004 -12"><span class='ocrx_word' id='word_1_959' title='bbox 2082 5798 2302 5859; x_wconf 64' lang='lat' dir='ltr'><strong>iuratur</strong></span> <span class='ocrx_word' id='word_1_960' title='bbox 2343 5801 2619 5864; x_wconf 70' lang='lat' dir='ltr'><strong>Exedit-ap.</strong></span> <span class='ocrx_word' id='word_1_961' title='bbox 2668 5800 2736 5852; x_wconf 74' lang='grc' dir='ltr'><strong>ιδ.</strong></span> <span class='ocrx_word' id='word_1_962' title='bbox 2779 5799 2995 5849; x_wconf 77' lang='lat' dir='ltr'><strong>&quot;ierant</strong></span> <span class='ocrx_word' id='word_1_963' title='bbox 3025 5798 3344 5869; x_wconf 56' lang='lat' dir='ltr'><strong>alienigena,</strong></span> <span class='ocrx_word' id='word_1_964' title='bbox 3371 5798 3675 5865; x_wconf 54' lang='lat' dir='ltr'><strong>.Eﬁvptiipt.</strong></span> 
     </span>
    </p>
   </div>
  </div>
