4116 6204
522 490 624 544 393

521 621 647 662 vero
669 604 846 662 aﬂ'ccit
876 607 1144 662 beneflciis
1164 651 1176 670 ,
1204 623 1296 678 per
1327 618 1547 677 utraque
1582 622 1768 663 omnes
1785 609 1997 678 juvans.
2027 610 2094 666 Et

518 713 618 754 cur
646 714 750 752 non
784 698 882 753 hos
915 713 1124 770 quoque
1151 697 1408 754 beneficio
1438 698 1643 754 aflicit?
1669 699 1928 768 Quoniam
1953 700 2096 756 soliti

523 797 650 844 sum
693 790 928 858 plerique
957 789 1196 843 homines
1228 790 1459 858 percussi
1505 791 1677 859 potius
1715 807 1872 860 quant
1899 791 2098 847 benefi-

518 881 604 936 cio
627 880 801 935 aﬂ‘ccti
830 881 993 935 Deum
1019 895 1322 950 agnoscere.
1350 881 1499 948 Quod
1527 880 1667 934 enim
1699 881 1862 936 nollet
1888 896 1980 936 eos
2000 896 2098 950 pu-

521 971 654 1036 nire,
683 971 800 1026 vide
820 987 940 1026 eum
962 972 1174 1026 assidue
1198 971 1548 1037 differentem,
1568 981 1622 1028 et
1641 974 1817 1043 plagas
1838 973 2095 1029 cohiben-

521 1071 624 1115 tem
665 1070 720 1115 et
749 1076 843 1128 per
877 1071 1098 1132 utraque
1137 1062 1502 1116 ostendentetn
1534 1064 1819 1132 potentiam
1861 1077 2012 1118 suam
2041 1074 2096 1120 et

515 1151 875 1206 clementiam.
925 1153 1082 1222 Atqui
1126 1162 1208 1207 sat
1236 1153 1418 1206 fuisset
1443 1162 1562 1221 post
1590 1155 2092 1222 unani,secundam

513 1253 568 1300 et
592 1246 830 1310 tertiam,
865 1254 1130 1314 tamquam
1151 1247 1238 1315 qui
1275 1245 1460 1300 morbo
1486 1245 1855 1302 immedicabili
1881 1246 2091 1302 labora-

515 1346 653 1400 rent,
685 1351 778 1390 eos
803 1337 1020 1390 onmino
1043 1337 1261 1405 perdere
1277 1355 1291 1389 :
1307 1347 1362 1392 at
1386 1338 1569 1403 noluit,
1588 1337 1681 1393 sed
1705 1346 2089 1409 etquamquam

513 1426 685 1480 futura
717 1431 1010 1496 prmsciret,
1039 1435 1092 1480 et
1119 1425 1257 1496 quod
1287 1441 1386 1481 nec
1408 1427 1608 1496 quinta,
1636 1441 1735 1481 nec
1783 1436 1960 1491 sexta,
1995 1443 2092 1483 nec

511 1519 716 1572 decima
762 1518 1009 1572 meliores
1053 1518 1207 1571 Iuturi
1253 1527 1470 1584 essent,
1499 1534 1603 1571 non
1637 1517 1882 1572 destitit‘
1915 1521 2090 1574 facere

510 1626 628 1678 qua:
651 1624 744 1664 sua
769 1619 916 1663 erant
942 1626 956 1662 :
982 1607 1120 1662 unde
1136 1609 1364 1663 maxime
1385 1609 1504 1678 ejus
1530 1618 1863 1678 potestatem,
1882 1625 2084 1675 curam,

510 1689 822 1772 sapientiam
853 1711 908 1757 et
934 1703 1221 1756 bonitatem
1253 1701 1502 1756 admirari
1530 1719 1738 1772 mquum
1763 1712 1864 1758 est.
1894 1703 2090 1759 Poten-

513 1792 680 1855 tiam,
726 1791 866 1860 quod
911 1792 1266 1861 percusserit;
1305 1810 1484 1848 curatn
1513 1834 1529 1860 ,
1562 1794 1704 1864 quod
1750 1795 2083 1860 cohibuerit;

511 1881 820 1951 sapientiam
850 1923 866 1948 ,
898 1883 1038 1953 quod
1063 1899 1182 1938 cum
1219 1885 1378 1938 sciret
1417 1883 1594 1939 futura
1621 1927 1634 1950 ,
1663 1902 1782 1956 qua:
1812 1901 1904 1941 sua
1933 1898 2086 1942 erant

510 1975 729 2030 fecerit:
759 1975 898 2044 quod
927 1977 1098 2046 ipsum
1124 1993 1334 2047 quoque
1361 1988 1443 2032 est
1472 1979 1716 2034 maximae
1749 1981 2045 2034 clementiae
2066 2020 2081 2044 ,

508 2065 648 2134 quod
677 2066 892 2138 incipiat
918 2082 947 2120 a
977 2067 1270 2122 minoribus
1294 2109 1308 2132 ,
1337 2068 1478 2138 quod
1504 2069 1571 2122 ab
1593 2069 1657 2122 iis
1684 2085 1801 2140 qua:
1829 2085 1933 2124 non
1961 2080 2086 2126 sunt

509 2161 710 2214 ratione
733 2160 968 2229 praedita.
999 2161 1346 2230 Progrediens
1372 2172 1544 2216 autem
1572 2161 1741 2230 ipsum
1770 2177 1981 2232 quoque
2009 2180 2084 2219 re-

507 2267 626 2318 gem
657 2251 863 2320 attigit,
893 2252 1032 2320 quod
1063 2253 1220 2308 etiam
1254 2253 1481 2308 maxime
1502 2250 1627 2306 fecit
1651 2262 1707 2305 ut
1728 2253 2082 2322 praedicaren-

506 2353 593 2396 tur
611 2359 728 2412 qua:
752 2341 1084 2398 eveniebant.
1107 2343 1234 2410 Quze
1253 2346 1390 2398 enim
1416 2345 1618 2412 privato
1637 2345 1790 2398 alicui
1812 2346 2078 2412 accidunt,

504 2435 670 2492 latere
697 2437 853 2493 etiam
875 2445 1286 2492 consentaneum
1313 2452 1423 2491 est:
1453 2439 1662 2507 quando
1687 2447 1863 2493 autem
1892 2439 1974 2492 vir
1999 2447 2082 2493 est

505 2529 726 2600 insignis
751 2529 839 2598 qui
870 2529 1074 2598 plagam
1097 2529 1286 2603 accipit
1313 2569 1327 2592 ,
1359 2529 1490 2582 nihil
1521 2538 1656 2582 vetat
1685 2529 1968 2597 quominus
1994 2545 2081 2584 res

507 2620 702 2690 ubique
741 2619 1000 2674 audiatur.
1036 2619 1319 2688 Postquam
1367 2636 1492 2674 vero
1531 2620 1664 2675 dixit
1692 2637 1904 2676 causam
1935 2663 1948 2684 ,
1983 2638 2079 2675 cur

506 2711 827 2780 percusserit
860 2752 874 2778 ,
921 2710 1050 2765 dicit
1080 2712 1238 2765 etiam
1265 2712 1464 2781 plagas.
1493 2711 1596 2766 Sed
1625 2727 1793 2783 neque
1820 2729 1910 2768 eas
1936 2729 2078 2782 sirpe

502 2812 739 2858 recenset
767 2844 782 2867 ,
813 2817 982 2872 neque
1007 2802 1274 2872 sigillatim
1304 2802 1635 2872 persequitur
1668 2821 1680 2858 :
1711 2803 1803 2858 St'd
1833 2821 1952 2858 cum
1984 2822 2076 2859 eas

499 2912 606 2950 uno
635 2895 796 2950 verbo
817 2895 1185 2964 signilica~set,
1217 2896 1574 2962 prwtercurrit
1603 2895 1826 2950 dicendo
1846 2938 1861 2962 ,
1892 2894 2076 2950 Emisit

502 2986 649 3056 signa
677 2995 723 3039 et
752 2987 983 3055 prodigia
999 2987 1050 3038 in
1073 2985 1235 3038 medio
1264 2986 1338 3039 tui
1363 3028 1378 3053 ,
1403 2984 1650 3057 zEgypte.
1673 2985 1872 3040 Deinde
1899 2987 2077 3041 edtnit

500 3094 684 3134 rursus
709 3079 959 3150 pepulum
989 3095 1051 3134 ex
1077 3078 1309 3149 IEgypto
1332 3080 1381 3132 in
1408 3079 1674 3136 desertmn
1700 3122 1715 3147 ,
1751 3081 1944 3150 ubique
1982 3096 2074 3135 os-

505 3170 726 3226 tendens
754 3185 814 3225 se
856 3184 961 3224 non
992 3185 1110 3224 esse
1149 3171 1312 3235 Deum
1357 3179 1556 3224 tantum
1601 3171 1824 3240 alicujus
1862 3172 2026 3241 partis
2054 3211 2070 3237 ,

503 3280 599 3320 nec
629 3264 680 3318 in
710 3279 868 3318 unam
908 3263 1075 3317 solam
1107 3265 1376 3333 regionem
1412 3261 1739 3318 dominatum
1779 3264 2022 3319 obtinere
2053 3303 2068 3330 ,

496 3356 591 3410 sed
637 3356 687 3410 in
734 3356 1035 3410 universum
1067 3355 1248 3410 orbem
1293 3366 1467 3410 terrae.
1509 3354 1769 3421 Quocirca
1798 3354 2070 3422 subjuuxit

496 3445 713 3500 dicens:
747 3446 831 3501 10.
865 3444 964 3510 Qui
985 3446 1226 3516 percussit
1252 3455 1421 3516 gentes
1450 3445 1636 3498 multas
1667 3487 1682 3511 ,
1721 3455 1767 3500 et
1795 3445 1976 3499 occidit
2001 3462 2070 3498 re-

501 3551 586 3601 ges
605 3534 760 3604 fortes
787 3550 806 3588 :
831 3549 930 3605 per
956 3544 1118 3588 totam
1141 3533 1278 3588 viam
1307 3535 1523 3604 pignora
1547 3535 1706 3588 variis
1735 3534 1905 3588 modis
1930 3551 2067 3603 prmo

497 3625 628 3678 bens
648 3639 758 3679 sum
789 3625 1066 3694 potentiae,
1097 3633 1152 3680 et
1179 3625 1232 3679 in
1255 3624 1383 3694 ipsis
1408 3623 1660 3680 docendis
1692 3641 1784 3693 per
1808 3640 1894 3679 res
1925 3628 2068 3694 ipsas

494 3717 780 3771 deducens.
811 3717 914 3772 Per
939 3715 1080 3772 bella
1108 3715 1252 3772 enim
1276 3715 1450 3787 priora
1475 3731 1688 3786 quoque
1711 3715 1894 3770 docuit
1914 3759 1929 3781 ,
1959 3732 2066 3770 non

495 3819 734 3865 naturam
752 3809 909 3876 aeris,
924 3823 1027 3864 non
1041 3809 1328 3880 potentiam
1342 3809 1852 3876 elementorum,nec
1870 3809 2066 3880 aliquid

490 3901 632 3956 aliud
661 3901 917 3970 ejusmodi
941 3943 956 3968 ,
985 3901 1078 3955 sed
1121 3901 1514 3972 imperatoriam
1556 3917 1769 3956 manum
1799 3943 1814 3968 ,
1834 3917 1952 3972 qua:
1973 3918 2066 3958 eos

491 3993 718 4050 ducebat
731 4035 748 4062 ,
765 4009 859 4064 pro
873 3995 950 4048 eis
965 3992 1160 4048 bellum
1178 4007 1382 4064 gerere;
1407 4001 1460 4048 et
1474 4005 1756 4064 utrumque
1767 4008 1860 4061 per
1873 4003 2067 4048 utrum-

488 4101 592 4156 que
611 4085 879 4152 ostendit,
910 4099 1006 4156 per
1030 4099 1092 4140 ea
1133 4100 1250 4155 qua:
1285 4084 1419 4140 facta
1463 4094 1587 4140 sunt
1613 4085 1667 4139 in
1706 4084 1936 4156 [Egypto
1958 4128 1973 4152 ,
2000 4101 2062 4141 ea

488 4195 606 4248 qua:
637 4177 688 4232 in
709 4175 996 4232 solitudine
1015 4175 1152 4230 facta
1177 4184 1319 4241 sunt,
1349 4185 1402 4230 et
1429 4190 1520 4244 per
1545 4191 1610 4230 ea
1636 4191 1753 4247 qua:
1781 4175 1917 4230 facta
1937 4186 2064 4231 sunt

490 4272 540 4324 in
569 4268 885 4336 solitudine,
913 4284 976 4325 ea
1001 4283 1118 4337 quae
1157 4269 1208 4322 in
1239 4266 1469 4338 Δῦεγριυ
1498 4277 1622 4322 sunt
1647 4268 1807 4323 edita.
1839 4269 2062 4338 Quando

488 4363 628 4416 enitn
677 4360 779 4430 ipsi
817 4359 1016 4430 absque
1043 4358 1206 4414 armis
1238 4399 1253 4424 ,
1284 4359 1400 4413 acie
1430 4400 1444 4422 ,
1475 4367 1529 4414 et
1567 4359 1750 4429 praelio
1773 4401 1788 4426 ,
1819 4359 2062 4416 inimicos

490 4453 838 4522 proﬂigabant
865 4491 879 4515 ,
911 4451 989 4506 eis
1025 4459 1208 4519 aperte
1245 4448 1557 4505 ostendebat
1588 4491 1603 4516 ,
1643 4465 1702 4505 se
1739 4451 1793 4506 in
1832 4449 2062 4522 Egypto

485 4557 698 4612 quoque
740 4557 844 4596 non
891 4555 1024 4612 opus
1050 4539 1299 4595 habuisse
1333 4541 1608 4594 elementis
1637 4549 1696 4595 ut
1719 4557 1779 4596 ea
1806 4542 2060 4600 adversus

388 4678 396 4686 .
487 4634 606 4688 illus
635 4642 872 4687 moveret
897 4672 912 4696 ,
938 4631 1035 4688 sed
1058 4631 1218 4686 variis
1246 4639 1302 4687 et
1337 4631 1568 4686 diversis
1592 4632 1764 4686 modis
1794 4634 2056 4689 volentem

483 4738 631 4778 suam
654 4723 937 4778 ostendere
951 4723 1261 4794 potentiam,
1284 4722 1540 4779 creaturis
1565 4723 1630 4779 ad
1646 4739 1706 4780 ea
1739 4741 1890 4780 usum
1916 4742 2056 4783 esse.

485 4815 572 4869 ll.
603 4814 740 4869 Scon
762 4830 928 4886 regem
941 4815 1352 4870 Amorrltworum
1369 4826 1417 4870 et
1441 4814 1517 4886 Og
1538 4833 1702 4886 regem
1725 4815 1914 4874 Busan.
1940 4818 2057 4874 Non

487 4906 822 4974 persequitur
849 4905 1007 4960 urbes
1034 4945 1050 4971 ,
1082 4921 1252 4976 neque
1278 4906 1334 4961 in
1360 4907 1580 4976 singulis
1603 4907 1897 4964 insistendo
1921 4925 2056 4980 pau-

483 4999 628 5055 latim
657 5007 840 5053 narrat
857 4998 1059 5069 praelia,
1089 4999 1182 5054 sed
1211 5016 1394 5055 rursus
1423 5015 1615 5070 magno
1635 5002 1812 5058 animo
1836 5013 2056 5072 prseter-

479 5091 648 5147 eurrit
689 5084 1113 5144 innumerabiles
1165 5101 1404 5146 catervas
1472 5093 1870 5149 miraculorum.
1919 5093 2053 5150 Cum

478 5184 622 5237 enim
653 5191 830 5252 posset
856 5181 1147 5246 immorari,
1172 5190 1226 5236 et
1253 5181 1558 5252 tragtmliam
1591 5183 1736 5238 illam
1764 5185 2055 5254 amplifica-

479 5291 557 5336 re,
583 5289 686 5329 non
711 5273 812 5329 hoc
838 5272 968 5328 facit
992 5291 1004 5326 :
1032 5273 1125 5328 sed
1149 5288 1270 5329 cum
1291 5274 1520 5328 maxima
1543 5291 1604 5330 se
1627 5276 1844 5332 offerret
1871 5277 2054 5332 multi-

480 5367 606 5422 tude
631 5383 816 5423 eorum
845 5383 963 5438 qua:
992 5382 1021 5420 a
1051 5367 1160 5422 Deo
1186 5376 1330 5436 gesta
1353 5377 1514 5434 sunt,
1539 5383 1601 5423 ea
1627 5369 1803 5424 omnia
1829 5379 2051 5440 praeter-

477 5460 744 5518 eurrendo
761 5461 1111 5532 prosequitur.
1135 5459 1292 5530 Atqui
1321 5459 1396 5514 illi
1426 5460 1637 5530 quidem
1665 5471 1817 5516 erant
1839 5464 2049 5530 armati,

482 5560 539 5604 et
566 5551 724 5606 urbes
753 5551 981 5606 munitas
1012 5550 1320 5608 habitabant
1350 5594 1363 5612 .
1397 5561 1450 5607 et
1491 5553 1568 5607 rei
1617 5552 1862 5609 militaris
1890 5563 1945 5608 et
1971 5555 2048 5608 in-

480 5639 752 5694 struenda:
773 5639 906 5696 aciei
925 5650 1082 5698 erant
1111 5643 1260 5713 periti
1291 5660 1304 5696 :
1340 5643 1392 5696 hi
1425 5659 1550 5697 vero
1580 5643 1823 5711 exsules,
1853 5654 1907 5700 et
1937 5645 2052 5700 bel-

477 5794 585 5853 alii,
629 5794 711 5857 qui
746 5794 1086 5846 beneﬁciorum
1137 5799 1182 5847 in
1216 5799 1455 5849 tsraelitas
1491 5799 1771 5850 collatorum
1801 5810 2050 5852 consortes

477 5868 557 5910 θη
565 5863 634 5905 nt.

541 5920 556 5954 ³
592 5914 747 5976 said,
775 5928 864 5964 non
887 5915 1083 5966 desistit.

1278 487 1334 545 S.
1374 489 1650 544 JOANNIS
1687 489 2153 547 CllllYSOSTOMl
2191 495 2504 555 AthlllEl’.
2545 502 3068 566 CONSTANTINOP.

3676 523 3779 577 396

2208 611 2350 704 landi
2381 615 2578 685 ignari,
2600 635 2629 672 a
2656 620 2809 692 longa
2836 626 3093 682 servitute
3133 638 3186 682 ct
3219 629 3466 686 diuturna
3495 638 3778 704 tyrannide

2203 702 2428 771 liberati,
2447 707 2584 764 fante
2606 719 2660 766 et
2683 717 2936 770 aerumnis
2953 721 3274 788 consumpti,
3292 702 3538 781 omnibus
3558 726 3624 780 ad
3647 731 3778 782 acci-

2203 794 2452 862 piendam
2500 799 2742 869 injuriam
2794 807 3055 874 expositi:
3087 808 3181 864 sed
3220 810 3307 865 illa
3346 810 3574 870 ducente
3616 833 3775 871 manu

2201 893 2436 941 omnium
2463 893 2816 958 potentissimi
2847 907 3020 953 erant.

2272 979 2325 1033 6.
2356 979 2481 1034 Erat
2509 983 2666 1037 etiam
2694 985 2892 1040 bellum
2913 987 3137 1058 justum.
3169 990 3354 1062 Neque
3379 994 3521 1049 enim
3561 1012 3656 1052 eos
3686 998 3772 1052 in-

2201 1069 2482 1137 vasissent,
2513 1072 2613 1128 nisi
2649 1074 2724 1128 illi
2753 1077 2832 1130 eis
2851 1092 3068 1133 causam
3098 1079 3414 1149 dedissent,
3445 1093 3501 1139 et
3525 1086 3664 1142 viam
3693 1090 3776 1144 eis

2200 1161 2664 1232 interclusissent,
2705 1167 2845 1236 quod
2894 1180 3006 1224 erat
3043 1182 3296 1228 extremm
3327 1174 3726 1234 inhumanitatis
3756 1200 3770 1237 :

2198 1262 2253 1306 et
2292 1251 2550 1310 ldumzeos
2588 1271 2692 1310 non
2722 1257 2844 1313 sivit
2887 1260 2955 1314 ad
2994 1261 3192 1318 bellum
3219 1265 3495 1322 accedere.
3525 1268 3604 1325 Ne
3627 1271 3770 1326 enim

2197 1341 2410 1398 silentio
2436 1345 2782 1413 confidentes,
2814 1360 2932 1420 post
2957 1350 3074 1408 hazc
3093 1369 3274 1410 rursus
3298 1357 3644 1426 invaderent,
3673 1363 3770 1418 sed

2195 1432 2393 1487 scirent
2417 1449 2536 1489 cum
2563 1438 2877 1506 quibusnam
2903 1441 3104 1500 bellare
3126 1485 3143 1509 ,
3169 1460 3199 1499 a
3224 1447 3412 1516 quibus
3446 1465 3571 1505 vero
3601 1452 3767 1508 absti-

2201 1539 2330 1578 nere
2351 1537 2642 1594 oporteret,
2675 1528 2775 1586 hoc
2795 1530 2921 1588 facit
2951 1535 3002 1590 in
3032 1537 3318 1620 solitudine
3342 1581 3355 1603 ,
3386 1556 3482 1613 per
3507 1556 3593 1597 res
3621 1544 3766 1612 ipsas

2196 1612 2366 1682 legem
2392 1615 2472 1669 eis
2499 1620 2825 1676 constituens
2849 1664 2864 1688 ,
2891 1612 3157 1693 quomodo
3187 1612 3450 1697 oporteret
3481 1633 3553 1686 nti
3573 1634 3651 1688 eis
3677 1636 3768 1704 qui

2195 1702 2300 1756 illis
2328 1718 2686 1762 occurrerent.
2712 1709 2778 1764 Et
2807 1713 2980 1766 omnia
3003 1731 3158 1786 regna
3185 1716 3448 1774 Chanaan.
3474 1721 3661 1776 Vidisti
3692 1702 3763 1778 ex

2192 1793 2276 1849 his
2301 1795 2482 1852 doceri
2526 1801 2828 1857 universum
2864 1805 3047 1861 orbem
3077 1816 3231 1862 terra:
3255 1809 3279 1862 ?
3307 1809 3767 1878 Quemadmodum

2189 1888 2331 1941 enim
2364 1887 2498 1958 ignis
2526 1890 2726 1959 spinas,
2753 1893 2824 1948 ita
2849 1894 2883 1948 ii
2911 1911 3096 1952 omnes
3122 1899 3448 1968 invaserunt,
3481 1919 3579 1958 nec
3610 1915 3762 1973 pote-
3835 1883 3858 1900 ’

2191 1985 2274 2030 rat
2316 1979 2596 2050 quisquam
2639 1996 2735 2038 eos
2786 1986 3071 2042 sustinere.
3115 1989 3251 2044 Audi
3293 2006 3420 2060 ergo
3470 1994 3597 2062 quid
3623 1995 3769 2050 dicat

2188 2067 2422 2132 Balaam,
2457 2072 2546 2140 qui
2576 2087 2681 2126 non
2704 2089 2733 2127 a
2766 2074 3060 2144 prephetis,
3092 2094 3196 2133 non
3226 2095 3254 2132 a
3299 2080 3444 2138 Mose
3468 2082 3763 2150 didicerat,

2187 2157 2280 2212 sed
2311 2173 2340 2211 a
2367 2160 2526 2214 rebus
2557 2160 2722 2229 ipsis:
2754 2161 2879 2218 flare
2918 2175 2991 2219 est
3033 2183 3154 2234 gens
3198 2185 3312 2237 qua:
3347 2171 3524 2242 elingit
3560 2190 3764 2228 onmem

2188 2257 2373 2300 terram
2407 2248 2481 2319 (ιι)
2521 2248 2707 2320 (Nam.
2737 2251 2826 2305 ‘22.
2858 2253 2938 2323 4).
2975 2254 3162 2310 Vidisti
3193 2260 3403 2328 proprie
3422 2260 3616 2317 dictam
3647 2280 3766 2318 me-

2189 2338 2463 2406 tapltoratn
2487 2339 2645 2395 ?Non
2667 2342 2835 2408 dixit,
2861 2344 2988 2411 Qua:
3015 2346 3207 2402 bellum
3235 2350 3406 2418 gerit,
3439 2367 3556 2420 qua:
3593 2354 3766 2408 fundit

2184 2438 2238 2483 et
2265 2431 2490 2496 evertit,
2517 2432 2611 2488 sed
2629 2476 2644 2497 ,
2673 2433 2803 2498 Quae
2829 2435 3002 2506 elingit
3031 2479 3045 2501 ,
3075 2438 3260 2494 volens
3295 2441 3574 2497 ostendere
3602 2461 3762 2514 quam

2183 2518 2342 2576 facile
2398 2521 2465 2576 ab
2513 2523 2594 2578 eis
2646 2526 2881 2594 pariatur
2931 2527 3148 2583 victoria
3189 2570 3204 2592 ,
3256 2541 3310 2585 et
3359 2535 3624 2601 quomodo
3675 2539 3760 2589 ci-

2185 2620 2264 2665 tra
2292 2615 2601 2684 sanguinem
2631 2615 2697 2671 ab
2720 2617 2798 2672 eis
2819 2627 3015 2686 tropica
3039 2620 3326 2689 erigantur,
3354 2632 3408 2677 et
3433 2624 3544 2678 sola
3573 2641 3764 2681 eorum

2185 2701 2488 2766 incursione
2531 2705 2729 2762 inimici
2775 2709 3138 2779 prodiga-titur.
3187 2711 3301 2766 Non
3343 2729 3476 2783 opus
3503 2757 3518 2782 ,
3550 2716 3760 2785 inquit,

2184 2792 2380 2848 habent
2442 2795 2696 2851 instructa
2758 2798 2910 2865 acie‘,
2961 2815 3059 2854 nec
3117 2811 3172 2854 ut
3221 2804 3460 2872 prielium
3517 2808 3765 2861 commit-

2184 2893 2324 2937 tatur
2353 2926 2369 2950 ,
2425 2885 2517 2940 sed
2575 2897 2776 2942 tantum
2834 2890 3082 2946 invadere
3122 2893 3250 2947 satis
3291 2905 3374 2949 est
3407 2937 3422 2959 ,
3478 2906 3534 2950 et
3575 2899 3760 2952 omnia

2181 2977 2258 3030 eis
2283 2976 2494 3032 cedunt.
2527 2977 2640 3033 Non
2670 2980 2840 3035 solum
2871 2984 3008 3036 enim
3041 2992 3098 3037 ut
3127 2984 3240 3054 lege
3268 2985 3392 3041 belli
3422 2998 3476 3042 et
3503 2990 3760 3044 instructa

2179 3070 2294 3123 acie
2319 3071 2588 3127 vincerent
2613 3071 2808 3138 effecit,
2838 3089 2906 3128 ne
2935 3075 3052 3144 quis
3083 3091 3144 3130 ea
3187 3094 3302 3146 quin
3333 3079 3542 3144 fiebant,
3573 3080 3652 3138 eis
3676 3092 3761 3135 at-

2181 3159 2450 3226 tribueret,
2487 3162 2582 3216 sed
2609 3162 2871 3218 elementa
2913 3165 3056 3218 orbis
3084 3176 3236 3222 teme
3263 3169 3314 3222 in
3341 3184 3434 3224 eos
3457 3186 3760 3227 commove-

2179 3247 2268 3302 bat
2295 3265 2309 3302 :
2341 3259 2394 3303 et
2417 3249 2538 3306 ideo
2570 3252 2777 3308 animos
2797 3269 2980 3309 eorum
3008 3257 3234 3326 pritnutn
3263 3259 3613 3328 dejiciebatet
3634 3278 3758 3334 pcr-

2178 3341 2440 3406 turbabat,
2485 3352 2538 3397 et
2577 3343 2772 3399 cadens
2809 3346 3246 3416 grando‘multos
3284 3352 3532 3422 perdidit,
3574 3365 3630 3410 et
3673 3356 3757 3411 sol

2174 3433 2339 3499 stetit,
2367 3443 2420 3488 et
2445 3433 2640 3489 bellum
2670 3436 2876 3507 longius
2905 3441 3182 3509 protraxit,
3209 3451 3264 3497 et
3289 3443 3454 3498 multa
3495 3446 3757 3514 ejusmodi

2173 3524 2503 3581 admirabilia
2533 3527 2667 3583 facta
2698 3539 2844 3597 sunt,
2890 3542 2944 3585 et
2987 3532 3228 3588 tubarum
3273 3538 3480 3591 sonitus
3503 3539 3584 3593 vel
3632 3540 3755 3609 igne

2175 3617 2538 3673 vehementius
2577 3621 2628 3673 in
2675 3630 2846 3676 turres
2875 3623 3082 3678 irruens
3109 3640 3289 3680 muros
3315 3625 3495 3681 diruit.
3525 3628 3635 3684 Hoc
3659 3646 3757 3683 au-

2173 3719 2277 3763 tem
2307 3711 2542 3780 utrisque
2573 3713 2666 3767 fuit
2691 3713 2836 3769 utile.
2863 3714 2992 3769 Nam
3022 3725 3075 3770 et
3105 3716 3176 3771 illi
3205 3717 3506 3784 discebant,
3553 3721 3752 3776 bellum

2173 3813 2275 3852 non
2305 3801 2414 3870 geri
2440 3801 2508 3856 ab
2535 3801 2864 3869 hominibus;
2893 3814 2946 3859 et
2974 3805 3025 3860 hi
3053 3806 3378 3862 ducebantur
3407 3817 3460 3863 ut
3488 3810 3554 3864 ad
3579 3812 3752 3870 Deum

2170 3893 2512 3962 respicerent,
2538 3911 2635 3950 nec
2666 3913 2912 3968 umquam
2934 3897 3002 3954 de
3021 3901 3180 3955 rebus
3202 3902 3363 3971 gestis
3387 3918 3445 3958 se
3464 3903 3750 3973 jactareut,

2171 4001 2459 4056 magnosve
2479 3989 2697 4058 spiritus
2719 4000 3007 4057 sumerent,
3039 3993 3131 4048 sed
3161 4009 3218 4048 se
3249 3994 3466 4050 honeste
3491 4007 3542 4050 et
3568 3997 3752 4050 nimie-

2170 4086 2283 4132 rate
2326 4090 2593 4148 gererent.
2624 4079 2738 4136 Iloc
2765 4082 2906 4136 enim
2947 4083 3106 4138 modo
3133 4085 3324 4140 vicisse
3361 4086 3532 4155 majus
3559 4088 3636 4141 eis
3662 4103 3752 4140 or-

2171 4179 2475 4224 namentum
2495 4171 2767 4238 afferebat,
2795 4188 2950 4243 quam
2973 4173 3142 4228 solum
3167 4177 3374 4242 vicisse,
3403 4186 3459 4229 ut
3491 4192 3561 4246 qu
3585 4177 3631 4228 id
3653 4192 3698 4230 et
3721 4193 3747 4231 s

2165 4259 2470 4328 Splendidos
2506 4261 2771 4328 redderet,
2803 4271 2858 4318 et
2882 4264 3195 4320 modestiam
3233 4267 3482 4331 doceret;
3511 4266 3748 4336 splendi-

2165 4351 2262 4406 dos
2307 4361 2470 4416 certe,
2510 4353 2649 4422 quod
2692 4355 2848 4408 talem
2895 4355 3150 4411 haberent
3179 4357 3586 4427 imperatorem;
3633 4373 3747 4412 mo-

2163 4443 2345 4498 destos
2371 4454 2567 4504 autem.
2599 4445 2738 4514 quod
2771 4448 3036 4516 prmclaris
3062 4449 3172 4502 suis
3199 4449 3349 4503 factis
3376 4464 3481 4503 non
3511 4449 3744 4504 intume-

2164 4542 2392 4588 scerent.
2438 4534 2523 4610 «9,.
2556 4534 2620 4589 Et
2649 4536 2786 4590 dedit
2811 4547 2995 4591 terram
3022 4555 3193 4593 eorum
3230 4540 3571 4607 hereditatem,
3599 4541 3746 4594 Iure-

2163 4627 2367 4680 ditatem
2396 4625 2562 4681 Israel
2581 4631 2766 4698 popqu
2803 4646 2913 4682 suo.
2944 4629 3056 4686 Hoc
3095 4646 3304 4702 quoque
3340 4641 3422 4688 est
3457 4631 3742 4686 maximqu

2163 4718 2499 4783 miraculum,
2529 4720 2670 4789 quod
2701 4735 2806 4776 non
2831 4722 3002 4776 solum
3028 4723 3380 4794 expellerent,
3413 4725 3505 4780 sed
3545 4734 3740 4779 tetram

2161 4810 2319 4864 etiam
2367 4825 2626 4880 occupare
2653 4821 2888 4881 possent,
2929 4821 2984 4868 et
3010 4815 3168 4870 urbes
3210 4815 3526 4871 distribuere
3558 4816 3742 4885 :quod

2161 4901 2242 4957 eis
2275 4917 2486 4972 quoque
2513 4918 2754 4973 magnam
2801 4905 3066 4975 praebebat
3107 4907 3450 4973 voluptatem,
3493 4923 3738 4978 magnum

2161 5006 2554 5060 ornamentum,
2587 5011 2828 5067 magnam
2852 4997 3108 5052 lictitiam.
3140 4999 3194 5054 Id
3214 5009 3391 5055 autem
3420 5001 3508 5055 Dei
3529 5017 3742 5071 quoque

2159 5095 2242 5140 est
2269 5087 2536 5154 potentia.
2563 5087 2673 5142 Non
2700 5089 2840 5144 enim
2863 5105 3020 5158 parva
3047 5107 3131 5146 res
3154 5101 3235 5147 est
3260 5107 3548 5161 occupasse
3569 5093 3744 5162 regio-

2161 5193 2282 5233 nem
2310 5177 2562 5246 hostium,
2593 5181 2687 5236 sed
2728 5181 2795 5238 ad
2821 5183 2922 5238 hoc
2950 5200 3157 5256 quoque
3187 5202 3378 5256 magno
3408 5187 3496 5241 Dei
3542 5187 3744 5241 auxilio

2160 5283 2294 5339 opus
2321 5278 2420 5324 est.
2452 5272 2538 5326 15.
2569 5271 2800 5341 Domine,
2827 5291 3006 5330 nomen
3031 5287 3170 5331 tuum
3199 5279 3251 5331 in
3271 5288 3532 5344 externum,
3564 5288 3608 5332 et
3637 5294 3742 5330 me-

2158 5361 2368 5415 moriale
2395 5372 2535 5416 luunt
2572 5363 2624 5415 in
2649 5367 3016 5433 generationem
3059 5377 3106 5422 et
3148 5370 3536 5440 generationem.
3566 5368 3738 5434 Alius,

2159 5452 2461 5507 Ilecurdatio
2486 5455 2557 5508 tui
2587 5456 2685 5522 (li).
2717 5455 2811 5512 llic
2835 5457 3100 5528 intercipit
3123 5461 3377 5514 orationis
3403 5461 3594 5516 seriem
3620 5461 3739 5528 glo-

2158 5543 2472 5610 rilicatione,
2514 5545 2654 5616 (μιυά
2699 5563 2910 5618 semper
2933 5551 3107 5604 Solent
3140 5552 3306 5605 sancti
3358 5551 3550 5605 facere.
3580 5551 3738 5606 Post-

2156 5652 2311 5706 quam
2352 5637 2491 5690 enim
2521 5636 2588 5691 de
2617 5637 2707 5692 Dei
2740 5640 3009 5696 miraculis
3046 5640 3241 5711 aliquid
3269 5643 3445 5696 dicere
3477 5641 3736 5710 incipien-

2217 5747 2289 5806 (a)
2323 5754 2430 5813 llaec
2453 5756 2566 5813 sunt
2589 5750 2924 5813 verbaatoabl.
2946 5765 3041 5813 non
3067 5752 3286 5813 Balaami,
3310 5766 3404 5802 nec
3428 5766 3624 5813 parvum
3658 5766 3734 5801 m-

2155 5809 2590 5892 tcresthdiscritueu
2613 5811 2718 5858 haec
2740 5812 2868 5860 inter
2894 5819 2946 5860 et
2968 5809 3047 5861 illa
3064 5827 3174 5875 quae
3197 5818 3245 5863 in
3278 5812 3400 5868 libro
3421 5809 3748 5892 numerorum

2155 5870 2401 5929 leguntur.

2220 5930 2291 5991 (ζ’)
2325 5938 2431 5980 meo
2455 5932 2790 5994 interpretatio
2814 5933 2950 5996 enju.
2981 5943 3041 5982 sit
3065 5946 3324 5996 ignoratur.
