4134 6210
531 392 638 450 395

530 509 804 580 ἑκατέρων
836 508 1039 573 πάντας
1068 507 1310 579 ὠφελῶν.
1334 508 1444 562 Καὶ
1463 508 1603 572 τίνος
1616 509 1802 563 ἕνεκεν
1817 509 1917 562 οὐκ
1949 508 2103 576 εὐερ-

528 605 677 672 γετεῖ
702 603 797 657 καί
829 599 1082 668 τούτους;
1115 603 1238 655 Ὀτι
1263 599 1519 654 εἰώθασιν
1548 602 1597 654 οἰ
1629 599 1844 666 πλείους
1871 600 1979 654 τῶν
2006 602 2102 654 άν-

528 687 763 760 θρὼπων
803 688 1165 761 πληττόμενοι
1202 688 1400 759 μᾶλλον
1438 688 1473 759 ἢ
1521 689 1971 760 εὐεργετούμενοι
2013 688 2103 742 τὸν

527 779 660 834 Θεὸν
702 779 1107 849 ἐπιγινώσκειν.
1143 779 1297 834 Ἐπεὶ
1328 780 1411 834 ὅτι
1441 796 1510 849 γε
1536 779 1702 845 αὐτὸς
1726 781 1827 834 οὐκ
1854 779 2103 834 ἐϐούλετο

527 870 795 935 κολάζειν,
824 872 927 942 ὅρα
949 870 1112 926 αὐτὸν
1143 870 1382 941 συνεχῶς
1435 872 1698 943 ἀνέχοντα
1737 870 1838 935 τὰς
1866 871 2100 942 πληγὰς,

529 963 624 1016 καί
650 961 717 1016 δι’
766 962 1039 1033 ἐκατὲρων
1071 963 1237 1017 αὑτοῦ
1281 963 1566 1018 δεικνύντα
1617 964 1709 1017 καί
1738 962 1839 1034 τὴν
1876 962 2104 1030 δύναμιν

529 1056 623 1108 καὶ
641 1053 742 1126 τὴν
762 1053 1191 1127 φιλανθρωπίαν.
1220 1055 1413 1109 Καίτοι
1452 1071 1517 1123 γε
1567 1056 1727 1126 ἢρκει
1758 1055 1896 1127 μετά
1951 1053 2100 1126 μίαν,

529 1143 624 1197 καί
657 1144 936 1218 δευτέραν,
961 1145 1053 1199 καί
1085 1145 1297 1217 τρίτην,
1327 1146 1404 1209 ὡς
1434 1146 1625 1199 ἀνίατα
1647 1145 1932 1210 νοσοῦντας
1967 1147 2102 1198 ἀπο⁴

528 1230 682 1290 λίσαι
711 1235 908 1308 πάντη·
935 1232 1050 1291 ἀλλ’
1086 1236 1185 1291 οὐκ
1222 1232 1488 1300 ἐϐούλετο,
1516 1235 1652 1291 άλλά
1679 1238 1855 1291 καίτοι
1885 1236 1954 1290 τά
1984 1235 2101 1306 μὲλ-

527 1327 684 1381 λοντα
706 1322 1101 1401 προειδὼς,καί
1117 1328 1197 1381 ὃτι
1222 1327 1341 1381 οὖδέ
1371 1328 1618 1399 πέμπτῃ,
1651 1328 1771 1382 οὐδὲ
1808 1328 1963 1399 ἕκτῃ,
1982 1326 2103 1380 οὐδὲ

528 1412 730 1486 δεκάτῃ
763 1415 1086 1485 γενήσονται
1133 1413 1392 1485 βελτίους,
1444 1415 1515 1468 τά
1564 1415 1730 1470 αύτοῦ
1775 1416 1945 1470 ποιῶν
2000 1415 2102 1467 ούκ

529 1503 760 1558 ἐπαύετο
786 1516 836 1546 ι·
867 1504 990 1559 ὃθεν
1021 1506 1255 1576 μάλιστα
1276 1507 1371 1560 καὶ
1383 1506 1483 1577 τὴν
1507 1506 1736 1577 δύναμιν
1782 1505 1969 1569 αὐτοῦ,
2007 1506 2102 1559 καί

528 1595 626 1667 τὴν
656 1595 1005 1667 κηδεμονίαν,
1041 1598 1134 1652 καί
1180 1597 1279 1668 τὴν
1308 1596 1524 1671 σοφίαν,
1551 1597 1647 1652 καί
1665 1596 1764 1669 τὴν
1787 1595 2103 1667 άγαθότητα

529 1683 643 1739 ἐστι
664 1685 958 1757 θαυμάσαι.
983 1685 1358 1757 Τὴνδύναμιν,
1377 1687 1461 1740 ὅτι
1491 1685 1710 1757 ἔπληξε·
1740 1686 1840 1758 τὴν
1870 1686 2101 1757 κηδεμο-

526 1775 668 1842 νίαν,
695 1777 777 1830 δτι
812 1777 1026 1849 ἀνέσχε·
1052 1779 1152 1851 τὴν
1173 1778 1385 1850 σοφίαν,
1425 1780 1506 1834 δτι
1528 1777 1684 1843 εἰδὼς
1711 1778 1781 1834 τά
1836 1778 2099 1850 μέλλοντα

523 1867 586 1922 τὸ
615 1868 779 1922 αὑτοῦ
815 1871 1007 1925 ἐποίει·
1054 1871 1085 1925 δ
1112 1872 1348 1943 μάλιστα
1391 1872 1486 1926 καὶ
1529 1872 1661 1928 αὑτὸ
1690 1872 2101 1943 φιλανθρωπίας

522 1958 662 2023 ἐστὶ,
695 1959 757 2012 τὸ
776 1961 884 2013 ἀπὸ
911 1960 1020 2014 τῶν
1052 1961 1393 2034 μικροτέρων
1417 1961 1699 2035 ἄρχεσθαι,
1730 1965 1792 2015 τὸ
1843 1962 1953 2016 ἀπὸ
1992 1961 2101 2016 τῶν

523 2048 894 2124 ἀλογωτέρων.
926 2052 1037 2106 Καὶ
1063 2051 1269 2123 προῖὼν
1284 2052 1341 2106 δὲ
1362 2054 1455 2106 καί
1481 2052 1575 2106 τοῦ
1592 2050 1855 2123 βασιλέως
1874 2052 2097 2123 ἥπτετο,

418 2160 433 2177 ·
520 2140 551 2197 δ
583 2143 681 2195 καὶ
717 2142 950 2213 μάλιστα
981 2144 1387 2217 ἐκκηρυχθῆναι
1422 2144 1594 2198 ἐποίει
1619 2143 1687 2198 τὰ
1711 2143 2094 2214 συμϐαίνοντα.

522 2230 604 2289 Τά
636 2234 736 2302 μὲν
764 2233 875 2305 γάρ
906 2234 997 2289 ἐπὶ
1021 2235 1131 2289 τῶν
1168 2235 1391 2292 ἰδιωτῶν
1414 2235 1691 2306 γινόμενα,
1717 2235 1864 2299 εἰκὸς
1890 2235 1983 2287 καὶ
2005 2233 2102 2288 λα-

523 2323 656 2377 θεῖν·
685 2325 813 2379 ὅταν
837 2325 896 2378 δὲ
926 2328 955 2381 0
997 2325 1287 2398 δεχόμενος
1321 2325 1419 2398 τὴν
1448 2325 1662 2398 πληγὴν
1698 2326 2001 2397 περιφανὴς
2042 2320 2098 2399 ᾖν

521 2412 585 2469 τὸ
609 2413 814 2468 κωλύον
843 2415 998 2471 οὐδὲν
1019 2415 1296 2488 πανταχοῦ
1323 2416 1390 2471 τά
1417 2416 1720 2488 πράγματα
1746 2415 2098 2489 ἐξηχηθῆναι.

523 2502 708 2557 Εἰπὼν
732 2505 907 2559 τοίνυν
934 2504 1031 2578 τὴν
1065 2507 1264 2568 αἰτίαν,
1289 2504 1355 2560 δι’
1381 2506 1447 2577 ην
1489 2504 1749 2573 ἐπάταξε,
1800 2505 1948 2575 λέγει
2004 2505 2101 2560 καὶ

519 2593 623 2658 τάς
650 2594 882 2666 πληγάς,
902 2597 995 2650 καί
1018 2595 1140 2650 οὐδὲ
1160 2595 1366 2661 ταύτας
1399 2594 1689 2665 καταλέγει
1715 2595 1994 2661 πολλάκις,
2011 2598 2101 2651 ού-

519 2685 577 2739 δέ
608 2685 727 2739 κατ’
762 2683 920 2751 εἶδος,
958 2687 1072 2741 ἀλλ’
1108 2687 1189 2742 ἐνὶ
1222 2689 1426 2760 ῥήματι
1465 2687 1647 2751 πάσας
1678 2686 1848 2751 αύτάς
1890 2686 2100 2754 αἰνιξά-

522 2791 686 2846 μενος
718 2775 1031 2849 παρέδραμε
1057 2777 1137 2848 τῷ
1183 2779 1377 2845 εἰπεῖν,
1437 2776 1862 2842 Ἐξαπέστειλε
1882 2776 2101 2847 σημεῖα

519 2867 620 2921 καί
647 2865 797 2940 [592]
814 2866 1028 2936 τέρατα
1055 2869 1127 2922 ἐν
1144 2867 1313 2939 μέσῳ
1345 2884 1482 2933 σου,
1514 2869 1797 2940 Αἴγυπτε.
1829 2864 1966 2924 Εἶτα
1990 2870 2099 2925 πά·-

517 2955 601 3010 λιν
655 2955 716 3021 ἐξ
748 2957 1023 3026 Αἰγύπτου
1071 2958 1165 3012 τὸν
1209 2957 1338 3011 λαὸν
1395 2955 1581 3027 ἐξάγει
1615 2960 1696 3023 εἰς
1727 2959 1828 3031 τὴν
1865 2958 2096 3031 ἔρημον,

518 3047 795 3120 πανταχοῦ
835 3048 1048 3113 δεικνὺς
1095 3050 1179 3103 ὅτι
1201 3051 1264 3104 οὐ
1315 3050 1537 3122 μερικὸς
1558 3048 1586 3089 δ
1613 3051 1643 3104 0
1675 3050 1828 3115 Θεὸς,
1859 3050 1978 3104 ούδέ
2018 3052 2099 3114 εἰς

520 3140 653 3212 μίαν
682 3139 865 3211 χώραν
892 3139 1127 3212 κρατῶν,
1163 3140 1298 3194 ἀλλὰ
1332 3140 1608 3212 πανταχοῦ
1633 3141 1730 3214 τῆς
1749 3141 2096 3214 οἰκουμένης.

520 3232 611 3288 Διὸ
640 3233 885 3303 ἐπήγαγε
899 3231 1093 3302 λέγων·
1126 3233 1232 3298 Ὃς
1251 3230 1548 3297 ἐπάταξεν
1571 3233 1714 3299 ἔθνη
1747 3234 1966 3298 πολλὰ,
2000 3232 2100 3288 καί

518 3325 831 3382 ἀπέκτεινε
856 3324 1140 3392 ,βασιλεῖς
1167 3325 1506 3393 κραταιούς·
1535 3323 1622 3379 διὰ
1652 3323 1835 3394 πάσης
1859 3324 1956 3395 τῆς
1976 3325 2097 3379 ὁδοῦ

517 3418 745 3488 ἐνέχυρα
770 3416 1029 3480 ποικίλως
1055 3415 1156 3486 τῆς
1187 3417 1468 3488 δυνάμεως
1497 3416 1662 3471 αὑτοῦ
1689 3416 1883 3481 διδοὺς,
1913 3416 2008 3470 καὶ
2041 3417 2098 3471 ἐν

516 3510 595 3583 τῷ
613 3510 883 3565 διδάσκειν
904 3509 1102 3573 αὐτοὺς
1128 3508 1217 3564 διὰ
1248 3508 1357 3565 τῶν
1382 3509 1727 3581 πραγμάτων
1755 3508 2096 3581 στρατηγῶν.

518 3604 629 3657 Καὶ
657 3601 765 3674 γάρ
784 3600 872 3656 διά
897 3599 1007 3654 τῶν
1028 3599 1280 3671 πολέμων
1316 3601 1412 3655 καί
1436 3600 1509 3655 τά
1539 3600 1777 3672 πρότερα
1799 3599 2094 3665 ἐδίδασκεν,

515 3693 599 3748 ὃτι
619 3693 718 3746 οὐκ
739 3691 902 3762 ἀέρος
921 3689 1101 3761 φύσις,
1149 3691 1210 3743 οὐ
1243 3690 1524 3763 στοιχείων
1549 3690 1799 3762 δύναμις,
1825 3689 1925 3743 οὐκ
1965 3689 2095 3744 ἄλλο

516 3785 626 3847 τῶν
644 3784 902 3840 τοιούτων
922 3782 1093 3848 οὐδὲν,
1124 3782 1239 3837 ἀλλ’
1266 3784 1300 3854 η
1342 3783 1722 3855 στρατηγοῦσα
1746 3782 1926 3836 αὐτῶν
1975 3785 2096 3836 ἐπο-

517 3874 672 3946 λέμει
702 3875 842 3953 χείρ·
874 3874 969 3929 καί
989 3872 1057 3927 δι’
1104 3873 1383 3945 ἑκατέρων
1414 3874 1648 3944 ἐκάτερα
1670 3872 1957 3939 ἐδείκνυτο,
2005 3872 2095 3927 διὰ

515 3965 626 4028 τῶν
668 3969 725 4021 ἐν
754 3966 1018 4038 Αἰγύπτῳ
1050 3965 1121 4020 τά
1157 3967 1215 4020 ἐν
1241 3967 1309 4037 τῇ
1367 3966 1591 4036 ἐρήμῳ,
1630 3965 1726 4018 καί
1760 3964 1851 4019 διά
1901 3965 2007 4033 τῶν
2036 3966 2095 4018 ἐν

516 4059 729 4132 ἐρήμῳ,
752 4059 821 4114 τά
846 4061 905 4114 ἐν
931 4058 1215 4129 Αἰγύπτῳ.
1235 4058 1363 4112 Ὅτε
1389 4055 1499 4128 γάρ
1524 4056 1680 4110 αὐτοὶ
1705 4055 1874 4129 χωρὶς
1890 4055 2091 4121 ὃπλων,

516 4153 611 4206 καὶ
656 4154 1033 4226 παρατάξεως,
1092 4153 1187 4210 καὶ
1237 4153 1436 4223 μάχης,
1494 4149 1719 4207 ἔϐαλλον
1759 4148 1889 4213 τοὺς
1935 4148 2096 4203 πολε-

519 4241 693 4310 μίους,
715 4243 871 4315 δῆλον
929 4243 1113 4306 αὐτοῖς
1154 4240 1361 4303 ἐποίει,
1404 4240 1488 4294 ὅτι
1516 4239 1611 4295 καὶ
1641 4239 1700 4299 ἐν
1736 4237 1996 4310 Αἰγύπτῳ
2028 4237 2092 4292 ού

517 4332 793 4404 στοιχείων
816 4334 1067 4405 δεόμενος
1097 4332 1272 4387 ταῦτα
1319 4332 1542 4402 ἐκίνησε
1579 4331 1702 4385 κατ’
1727 4329 1926 4395 αὐτῶν,
1955 4329 2094 4386 ἀλλά

513 4426 773 4492 ποικίλως
820 4426 914 4482 καί
943 4425 1216 4498 διαφόρως
1247 4422 1345 4495 τὴν
1377 4422 1572 4477 ἑαυτοῦ
1597 4423 1827 4493 δύναμιν
1860 4422 2093 4490 ἐνδείξα-

513 4522 641 4579 σθαι
658 4520 851 4585 θέλων,
872 4522 985 4584 τοῖς
1002 4515 1152 4573 οὖσιν
1177 4519 1256 4581 εἰς
1280 4515 1454 4570 ταῦτα
1480 4516 1766 4589 ἐκέχρητο.
1788 4515 1901 4571 Τὸν
1917 4514 2093 4584 Σηὼν

507 4615 775 4682 ,βασιλέα
822 4611 942 4668 τῶν
976 4610 1345 4682 Ἀμορῤαίων,
1397 4607 1494 4663 καί
1543 4607 1651 4663 τὸν
1677 4609 1785 4683 “Dr
1822 4607 2092 4673 βασιλέα

512 4708 626 4780 τῆς
648 4707 875 4765 Βασάν.
903 4705 1016 4760 Οὐκ
1045 4704 1222 4757 ἐπεισι
1246 4702 1345 4767 τὰς
1369 4701 1575 4766 πόλεις,
1590 4701 1710 4757 οὐδὲ
1730 4702 1872 4756 κατὰ
1895 4702 2088 4776 μικρὸν

513 4800 662 4870 λέγει
683 4799 781 4877 τὴν
807 4795 1131 4877 παράταξιν,
1185 4793 1321 4849 ἀλλά
1365 4793 1527 4848 πάλιν
1560 4792 1949 4865 μεγαλοψύχως
1980 4811 2088 4849 πα-

515 4889 768 4963 ρατρέχει
796 4886 992 4965 μυρίας
1012 4883 1240 4952 νιφάδας
1277 4883 1586 4954 θαυμάτων.
1630 4882 1936 4953 Δυνάμενος
1979 4880 2090 4953 γάρ

514 4976 872 5049 ἐνδιατρῖψαι,
915 4974 1008 5039 καί
1034 4973 1133 5044 τὴν
1183 4971 1491 5043 τραγῳδίαν
1518 4971 1732 5043 ἐκείνην
1761 4968 2087 5038 ἐξογκῶσαι,

382 5098 404 5113 ο
510 5069 673 5124 τοῦτο
699 5067 761 5122 οὐ
793 5068 949 5121 ποιεί·
980 5064 1116 5118 ἀλλά
1143 5064 1237 5119 καὶ
1270 5065 1329 5116 ἐν
1361 5062 1553 5135 πλήθει
1579 5061 1655 5116 ῶν
1683 5064 1776 5116 καὶ
1802 5061 2089 5134 περιουσίᾳ

513 5162 624 5220 τῶν
643 5162 822 5235 ἐργων
846 5157 940 5213 τοῦ
961 5155 1121 5221 Θεοῦ,
1145 5158 1209 5210 ἐκ
1239 5154 1596 5228 παραδρομῆς
1623 5154 1840 5210 ᾶπαντα
1886 5153 2084 5208 ἔπεισι.

513 5254 710 5310 Καίτοι
737 5268 803 5322 γε
824 5251 873 5305 οἰ
896 5249 993 5319 μέν
1033 5245 1366 5320 ὡπλισμένοι
1386 5242 1547 5318 ἦσαν.
1578 5247 1673 5299 καί
1691 5244 1965 5316 τειχήρεις
1992 5243 2089 5297 πό-

510 5345 626 5411 λεις
649 5344 942 5409 οἰκοῦντες,
974 5344 1070 5399 καί
1100 5342 1169 5397 τὰ
1203 5338 1439 5395 τακτικά
1473 5336 1926 5409 μεμελετηκότες·
1955 5338 2006 5390 οἰ
2028 5335 2087 5391 δέ

514 5438 773 5511 φυγάδες,
827 5437 1078 5508 πολέμων
1117 5434 1351 5505 ἄπειροι,
1381 5430 1625 5493 δουλείας
1661 5430 1879 5501 μακρᾶς
1910 5428 2087 5500 ἀπηλ-

511 5530 772 5602 λαγμένοι
805 5530 900 5584 καί
922 5526 1233 5601 τυραννίδος
1263 5524 1507 5596 χρονίας,
1554 5522 1697 5595 λιμῷ
1712 5522 2085 5590 άνὰλωθέντες

513 5625 609 5679 καὶ
636 5621 895 5694 τιμωρίᾳ,
929 5621 1060 5674 πᾶσι
1088 5616 1439 5690 προκείμενοι
1482 5613 1618 5686 πρὸς
1642 5614 1705 5669 τὸ
1747 5613 1936 5681 κακῶς
1981 5615 2088 5671 πά.

577 5753 600 5781 ⁸
621 5752 767 5802 Savil.
790 5751 846 5799 οῦ
877 5750 1090 5798 παύεται.

574 5812 601 5859 δ
636 5813 780 5868 savii.
807 5813 1023 5883 μερικῶς,
1049 5807 1212 5860 Nord.
1247 5805 1456 5871 μερικὸς,
1481 5806 1675 5859 melius.

1594 393 1960 452 EXPOSITIU
1993 394 2056 448 nx
2096 390 2432 449 PSALMUM
2459 390 2743 449 cxxxw.
2812 368 2819 377 ’

3676 397 3784 452 396

2207 521 2377 579 σχειν·
2406 505 2541 562 ἀλλά
2569 508 2787 562 πάντων
2811 502 2952 579 ἦσαν
2983 504 3337 579 δυνατώτεροι
3368 506 3459 563 διά
3482 507 3581 581 τὴν
3617 525 3785 579 στραι-

2200 599 2480 672 τηγοῦσαν
2502 598 2682 655 αὐτῶν
2706 603 2885 671 χεῖρα.

2273 695 2351 754 ς’.
2386 686 2586 761 Εἷχεδέ
2609 690 2781 744 καὶτὸ
2800 691 3009 745 δίκαιον
3036 692 3066 745 0
3094 690 3347 762 πόλεμος.
3378 692 3454 742 Οὐ
3483 690 3592 764 γὰρ
3626 691 3783 746 αὐτοὶ

2199 778 2460 851 ἐπῄεσαν,
2477 780 2592 833 ἀλλ’
2615 781 2837 834 ἐκείνων
2854 779 2954 844 τάς
2979 780 3157 846 αἰτίας
3180 784 3547 852 παρεχόντων,
3563 782 3780 835 ἀποτει-

2199 868 2463 939 χιζόντων
2503 869 2686 932 αὐτοῖς
2700 869 2799 940 τὴν
2819 869 2957 936 ὁδὸν,
2979 871 3116 941 ὅπερ
3136 872 3370 942 ἐσχάτης
3385 871 3781 942 ἀπανθρωπίας

2198 953 2295 1027 ἧνο
2320 956 2450 1022 τούς
2476 973 2536 1011 τε
2551 957 2879 1029 Ἰδουμαίους
2890 961 2991 1013 οὐκ
3015 962 3225 1031 ἀφῆκεν
3246 961 3327 1025 εἰς
3348 960 3583 1032 πόλεμον
3609 961 3783 1016 εἰσελε-

2202 1047 2462 1103 θεῖν.⁶ἰνα
2478 1049 2588 1121 γάρ
2610 1050 2685 1120 μὴ
2698 1052 2765 1121 τῇ
2784 1054 2908 1122 σιγῇ
2928 1050 3253 1123 θαρροῦντες
3271 1052 3408 1124 μετὰ
3422 1052 3597 1107 ταῦτα
3616 1051 3782 1107 πάλιν

2201 1140 2451 1207 ἐπίωσιν,
2479 1139 2594 1194 ἀλλ’
2613 1141 2794 1194 εἰδῶσι
2819 1142 2930 1195 τίσι
2960 1142 3058 1213 μὲν
3097 1143 3369 1214 πολεμεῖν,
3392 1143 3550 1200 τίνων
3573 1144 3631 1198 δέ
3663 1143 3783 1216 φείυ-

2202 1231 2387 1287 δεσθαι
2414 1235 2540 1304 χρὴ,
2565 1234 2622 1286 ἐν
2666 1236 2731 1305 τῇ
2762 1233 2965 1305 ἐρήμῳ,
2998 1234 3155 1288 τοῦτο
3203 1238 3365 1298 ποιεῖ,
3386 1234 3474 1289 διὰ
3493 1235 3603 1289 τῶν
3640 1253 3779 1309 πρα-

2201 1324 2429 1394 γμάτων
2461 1323 2622 1394 νόμον
2643 1325 2826 1388 αὐτοῖς
2848 1323 3040 1389 τιθεὶς,
3076 1324 3193 1389 πῶς
3217 1325 3296 1379 δεῖ
3324 1326 3622 1397 κεχρῆσθαι
3666 1329 3778 1390 τοῖς

2201 1413 2504 1468 ἀπαντῶσι.
2524 1415 2634 1470 Καὶ
2648 1414 2850 1482 πάσας
2877 1417 2985 1483 τὰς
3004 1417 3329 1484 βασιλείας
3350 1416 3610 1474 Χαναάν.
3623 1413 3779 1481 Εἶδες

2201 1505 2300 1577 τὴν
2323 1506 2644 1576 οἰκουμένην
2688 1506 2905 1561 ἃπασαν
2929 1506 3177 1562 ἐντεῦθεν
3203 1507 3635 1579 παιδευομένηνς
3662 1509 3777 1562 Κα-

2203 1589 2381 1664 θάπερ
2412 1591 2522 1664 γάρ
2545 1592 2656 1665 πῦρ
2682 1593 2964 1658 ἀκάνθαις,
2986 1593 3158 1659 οὓτως
3200 1595 3439 1667 ἐπῄεσαν
3463 1596 3654 1662 ἅπασι,
3682 1597 3778 1651 καί

2201 1682 2377 1748 οὐδεὶς
2401 1682 2599 1748 αὐτοὺς
2624 1684 2811 1757 φέρειν
2838 1685 3078 1740 ἐδύνατο.
3110 1687 3308 1740 Ἄκουε
3353 1687 3485 1756 γοῦν
3515 1688 3570 1741 τί
3612 1704 3777 1758 φησιν

2199 1776 2230 1829 0
2257 1774 2506 1846 Βαλαάμ,
2534 1776 2636 1830 οὐκ
2663 1777 2772 1832 ἀπὸ
2805 1776 2913 1829 τῶν
2958 1777 3272 1849 προφητῶν,
3320 1777 3420 1832 οὐκ
3452 1779 3558 1832 ἀπὸ
3613 1779 3780 1831 Mento-

2203 1867 2341 1932 σιως
2386 1865 2597 1938 μαθὼν,
2660 1867 2776 1922 ἀλλ’
2816 1869 2925 1922 ἀπὸ
2949 1868 3058 1924 τῶν
3087 1868 3448 1939 πραγμάτων·
3500 1869 3572 1923 Τὸ
3602 1867 3778 1934 ἔθνος·

2200 1958 2380 2013 τοῦτό
2400 1959 2533 2013 ἐστι
2559 1958 2625 2012 τὸ
2647 1958 2925 2028 ἐκλεῒχον
2956 1958 3164 2015 πᾶσαν
3198 1958 3314 2029 τὴν
3339 1958 3476 2028 γῆν.
3500 1955 3653 2026 Εἶδες
3676 1960 3776 2034 την

2203 2051 2518 2122 μεταφορὰν
2534 2050 2740 2123 κυρίως
2762 2050 3059 2122 εἰρημένην
3078 2052 3219 2115 ςοὺκ
3233 2048 3375 2115 εἷπε,
3389 2051 3465 2104 Τὸ
3483 2050 3775 2122 πολεμοῦν,

2198 2141 2260 2194 τὸ
2285 2138 2623 2194 καταϐάλλον
2644 2179 2660 2205 ,
2705 2137 2861 2204 ἀλλά,
2892 2144 2963 2200 Τὸ
2991 2138 3369 2210 imam-.10
3397 2141 3630 2212 ἀπονητί
3675 2141 3778 2210 τῆς

2180 2223 2521 2305 Δ[ἵ>ί)ζ⁷›]νίκης
2547 2232 2895 2302 παραστῆσαι
2925 2230 3261 2302 βουλόμενος,
3289 2234 3383 2287 καὶ
3410 2232 3481 2287 τά
3506 2232 3777 2305 ἀναιμωτὶ

2199 2323 2461 2394 γινόμενα
2483 2323 2742 2394 τρόπαια,
2770 2320 2863 2374 καὶ
2911 2321 3011 2393 τὴν
3040 2322 3099 2389 ἐξ
3148 2323 3448 2394 ἐπιδρομῆς
3481 2325 3771 2396 κράτησιν.

2200 2413 2335 2468 Ούδέ
2361 2414 2714 2485 παρατάξεως
2735 2412 2965 2478 δέονται,
2990 2413 3143 2483 φησί,
3175 2414 3268 2467 καί
3322 2414 3617 2485 συμϐολῆς,
3657 2415 3773 2469 ἀλλ’

2200 2509 2361 2580 ἀρκεῖ
2377 2508 2535 2579 μόνον
2561 2505 2826 2571 ἐπελθεῖν,
2844 2506 2941 2560 καί
2959 2505 3175 2561 ᾶπαντα
3195 2506 3470 2573 ἐξίσταται
3492 2508 3584 2561 καὶ
3604 2524 3775 2579 παρα-

2200 2601 2385 2671 χωρεῖ.
2416 2596 2493 2653 Ού
2520 2598 2629 2669 γάρ
2652 2597 2716 2667 δὴ
2747 2597 2907 2668 μόνον
2929 2597 3078 2668 νόμῳ
3119 2596 3356 2669 πολέμου
3402 2599 3495 2652 καὶ
3528 2599 3774 2669 παρατά-

2201 2690 2337 2756 ξεως
2385 2693 2605 2763 κρατεῖν
2668 2691 2865 2754 αὐτοὺς
2920 2688 3135 2754 ἐποίει,
3191 2689 3278 2743 ἵνα
3333 2691 3406 2760 μή
3455 2707 3540 2752 τις
3590 2690 3774 2753 αὐτοῖς

2196 2779 2481 2851 λογίσηται
2504 2780 2570 2835 τά
2603 2780 2882 2851 γινόμενα,
2914 2778 3048 2833 ἀλλά
3073 2779 3145 2833 τά
3181 2782 3416 2852 στοιχεῖα
3461 2781 3564 2851 τῆς
3592 2783 3774 2835 οἰκου-

2202 2872 2370 2944 μένης
2418 2874 2539 2927 κατ’
2573 2872 2752 2927 αὐτῶν
2780 2883 2802 2912 ε
2852 2873 3051 2926 ἐκίνει·
3093 2871 3174 2926 διὸ
3211 2874 3307 2926 καὶ
3339 2872 3774 2943 προκατῶαλλεν

2200 2966 2384 3021 αὑτῶν
2412 2965 2510 3030 τὰς
2553 2964 2808 3029 διανοίας,
2840 2965 2933 3019 καί
2961 2963 3171 3036 χάλαζα
3215 2963 3599 3035 κατενεχθεῖσα
3640 2963 3770 3018 πολ-

2200 3056 2326 3121 λοὺς
2353 3055 2625 3121 ἀπώλεσε,
2647 3054 2739 3109 καὶ
2763 3054 2913 3126 ἥλιος
2941 3053 3093 3126 ἔστη,
3122 3054 3215 3108 καί
3243 3052 3320 3125 τῷ
3353 3052 3573 3125 πολέμῳ
3600 3052 3772 3124 μῆκος

2203 3148 2394 3209 ἔδωκε,
2415 3148 2508 3201 καὶ
2530 3146 2698 3200 πολλὰ
2723 3145 2998 3218 παράδοξα
3022 3144 3247 3201 τοιαῦτα
3279 3144 3509 3213 ἐγίνετο,
3541 3145 3635 3198 καί
3662 3145 3770 3215 ἠχὴ

2206 3236 2520 3306 σαλπίγγων
2567 3237 2737 3309 πυρὸς
2783 3236 3137 3309 σφοδρότερον
3176 3239 3288 3300 τοῖς
3323 3234 3557 3306 πύργοις
3606 3252 3772 3307 προσ-

2203 3326 2473 3381 ϐάλλουσα
2513 3324 2583 3379 τά
2611 3325 2765 3397 τείχη
2794 3327 3118 3397 κατήνεγκε.
3160 3324 3331 3379 Τοῦτο
3377 3325 3433 3379 δέ
3480 3325 3772 3396 ἑκατέρους

2200 3418 2419 3489 ὠφέλει.
2465 3419 2692 3472 Ἐκείνοί
2718 3435 2779 3472 τε
2822 3417 2931 3491 γάρ
2962 3417 3284 3489 ἐμάνθανον,
3316 3418 3392 3481 ὡς
3420 3418 3480 3471 ού
3509 3420 3639 3489 παρ’
3672 3418 3770 3470 ἀν-

2200 3510 2433 3583 θρώπων
2463 3510 2612 3563 ἐστὶν
2639 3512 2668 3564 0
2686 3509 2919 3581 πόλεμος
2938 3526 2950 3542 ·
2981 3509 3075 3564 καί
3105 3504 3248 3564 οὗτοι
3270 3508 3615 3563 ἐπαιδεύοντο
3633 3509 3770 3580 πρὸς

2197 3602 2287 3658 τὸν
2310 3601 2443 3655 Θεὸν
2470 3601 2706 3673 βλέπειν,
2735 3603 2828 3657 καὶ
2850 3602 3116 3674 μηδέποτε
3142 3601 3234 3655 ἐπὶ
3252 3603 3364 3665 τοῖς
3385 3599 3770 3672 κατορθώμασι

2201 3696 2645 3767 μεγαλοφρονεῖν,
2685 3694 2821 3749 ἀλλά
2849 3696 2940 3748 καὶ
2968 3692 3402 3757 καλλωπίζεσθαι
3433 3692 3529 3746 καὶ
3551 3693 3770 3763 μετριά-

2196 3786 2330 3851 ζειν.
2378 3785 2483 3840 Τοῦ
2511 3785 2621 3856 γάρ
2651 3784 2922 3857 κρατῆσαι
2967 3783 3030 3837 τὸ
3067 3783 3210 3837 οὕτω
3246 3785 3516 3855 κρατῆσαι
3572 3782 3770 3853 μᾶλλον

2195 3878 2391 3941 αὐτοὺς
2412 3877 2808 3947 ἐκόσμει,ὅπερ
2837 3875 2931 3928 καί
2953 3875 3183 3945 σεμνοὺς
3205 3875 3398 3941 ἐποίει,
3426 3876 3520 3930 καὶ
3551 3877 3770 3948 μετριά-
3839 3903 3847 3907 -

2196 3966 2309 4032 ζειν
2338 3966 2581 4020 ἐδίδασκε
2604 3982 2617 3995 ·
2647 3966 2875 4036 σεμνοὺς
2908 3964 3030 4034 μὲν,
3056 3966 3138 4018 δτι
3163 3965 3402 4019 τοιοῦτον
3429 3963 3572 4037 εἶχον
3605 3983 3769 4038 στρα-

2194 4059 2362 4130 τηγόν
2385 4074 2399 4087 ·
2433 4054 2742 4128 μετριάζειν
2765 4055 2842 4119 δὲ,
2870 4055 2952 4108 ὅτι
2981 4055 3080 4109 οὐκ
3106 4056 3328 4120 οἰκείοις
3360 4057 3638 4127 ἐφυσῶντο
3664 4075 3768 4111 κα-

2193 4146 2535 4221 τορθώμασι.
2580 4146 2691 4201 Kal
2725 4145 2912 4201 ἔδωκε
2935 4144 3051 4215 τὴν
3083 4144 3203 4218 γῆν
3225 4145 3426 4201 αὐτῶν
3466 4153 3762 4216 κληρονο-

2186 4240 2356 4312 μίαν,
2373 4238 2782 4310 κληρονομίαν
2809 4237 3052 4308 Ἰσραὴλ
3067 4237 3196 4305 ,1αῷ
3207 4237 3235 4278 ἀ
3252 4238 3460 4294 αὐτοῦ.
3482 4239 3592 4293 Καὶ
3610 4239 3767 4294 τοῦτο

2195 4331 2453 4403 μέγιστον
2488 4328 2697 4401 θαῦμα,
2728 4329 2792 4384 τὸ
2827 4328 2904 4401 μὴ
2951 4329 3112 4400 μόνον
3157 4328 3459 4396 ἐκϐάλλειν,
3492 4329 3629 4384 άλλά
3672 4333 3767 4384 καί

2192 4422 2488 4495 δυνηθῆναι
2517 4424 2811 4492 κατασχεῖν
2832 4420 2932 4492 τὴν
2954 4422 3079 4493 γῆν,
3108 4421 3204 4475 καὶ
3232 4420 3416 4485 πόλεις
3438 4420 3763 4492 νείμασθαι·

2188 4514 2219 4568 0
2247 4514 2343 4568 καί
2364 4512 2567 4586 πολλὴν
2588 4516 2852 4585 παρεῖχεν
2876 4512 3061 4577 αὐτοῖς
3096 4511 3195 4584 τὴν
3230 4507 3445 4584 ἡδονήν,
3472 4512 3638 4567 πολὺν
3674 4514 3767 4566 τὸν

2190 4607 2416 4679 κόσμον,
2445 4604 2644 4676 πολλὴν
2685 4605 2784 4675 τὴν
2817 4602 3170 4676 φαιδρότητα.
3198 4604 3310 4658 Καὶ
3339 4603 3499 4658 τοῦτο
3535 4604 3634 4675 τῆς
3669 4605 3763 4658 τοῦ

2188 4698 2324 4753 Θεοῦ
2357 4698 2658 4768 δυνάμεως.
2689 4695 2764 4749 Οὐ
2804 4695 2914 4767 γὰρ
2945 4693 3138 4767 μικρὸν
3176 4698 3467 4767 κατασχεῖν
3493 4695 3765 4768 πολεμίων

2190 4785 2399 4863 χώραν,
2421 4784 2558 4839 άλλά
2575 4783 2776 4854 πολλῆς
2796 4783 2890 4838 καί
2915 4781 3148 4838 ἐνταῦθα
3174 4783 3332 4857 χρεία
3350 4785 3541 4857 ῥοπῆς.
3566 4786 3762 4853 Κύριε,

2190 4875 2258 4931 τὸ
2291 4874 2480 4947 ὄνομὰ
2509 4890 2625 4930 σου
2644 4877 2731 4941 εἰς
2771 4873 2881 4929 τὸν
2909 4874 3114 4940 αἰῶνα,
3152 4876 3249 4930 καί
3279 4875 3344 4930 τὸ
3363 4877 3765 4945 μνημόσυνόν

2188 4984 2306 5023 σου
2329 4970 2418 5034 εἰς
2449 4966 2662 5038 γενεὰν
2686 4966 2786 5021 καί
2819 4965 3054 5036 γενεάν.
3079 4966 3294 5034 Ἀλλος,
3329 4965 3398 5019 ἸΙ
3421 4965 3764 5035 ἀνάμνησίς

2187 5076 2326 5121 σου.
2366 5059 2633 5116 Ἐνταῦθα
2649 5061 2717 5131 τῇ
2739 5057 3014 5129 δοξολογίᾳ
3034 5058 3096 5112 τὸ
3121 5059 3341 5128 συνεχὲς
3367 5058 3643 5112 διακόπτει
3663 5055 3761 5111 τοῦ

2186 5153 2368 5222 λόγου,
2389 5154 2529 5224 ὅπερ
2554 5153 2668 5215 τοῖς
2689 5150 2866 5220 άγίοις
2895 5151 3069 5203 ποιεῖν
3093 5148 3215 5213 ἔθος
3238 5147 3347 5203 ἀεί.
3377 5147 3628 5203 Ἐπειδὰν
3655 5148 3761 5221 γάρ

2185 5246 2480 5318 ἀρξάμενοί
2508 5263 2560 5298 τι
2591 5243 2768 5314 λέγειν
2796 5243 2905 5297 τῶν
2928 5241 3023 5295 τοῦ
3055 5240 3190 5294 Θεοῦ
3220 5239 3533 5309 θαυμάτων.
3579 5253 3761 5307 πυρω-

2188 5336 2374 5402 θῶσιν,
2407 5337 2469 5390 ού
2502 5337 2766 5408 πρότερον
2803 5335 2898 5388 ἐπὶ
2943 5332 3006 5386 τὸ
3033 5331 3186 5395 τέλος
3232 5330 3502 5403 ἔρχονται,
3541 5330 3647 5396 ἕως
3692 5330 3761 5386 ἂν

2186 5428 2329 5503 ὑπὲρ
2356 5428 2465 5483 τῶν
2480 5426 2786 5499 εἰρημένων
2803 5425 3066 5492 δοξάσωσι
3088 5422 3182 5478 τὸν
3205 5420 3360 5484 Θεὸν,
3388 5420 3488 5475 καὶ
3510 5413 3760 5493 εὐφημη-
3782 5439 3812 5490 τ

2188 5534 2344 5580 σωσι,
2388 5516 2482 5570 καὶ
2530 5515 2630 5587 τὴν
2674 5513 2968 5585 ἐπιθυμίαν
3012 5511 3333 5583 ἐμπλήσωσι
3374 5509 3475 5581 τὴν
3523 5509 3753 5564 ἑαυτῶν.

2189 5611 2366 5680 Ὅπερ
2401 5608 2494 5663 καὶ
2518 5606 2547 5659 0
2589 5605 2800 5669 Παῦλος
2830 5603 3102 5677 πανταχοῦ
3135 5604 3308 5659 ποιεῖ’
3345 5600 3442 5657 καί
3474 5601 3534 5656 ἐν
3569 5617 3754 5673 προοι-
3792 5628 3798 5645 ι

2249 5742 2274 5772 ⁸
2302 5739 2398 5791 Alii
2424 5740 2530 5787 κατ’
2555 5739 2711 5786 αὐτῶν
2741 5738 2981 5795 πολὶάκις.

2130 5820 2139 5831 ’
2251 5798 2278 5851 4
2304 5802 2454 5853 Savil.
2478 5806 2529 5851 et
2551 5801 2633 5850 alii
2654 5801 2721 5853 τῶ
2749 5799 2919 5861 ὃού)φ.
