  <div class='ocr_page' id='page_1' title='image "/cluster/home/n/w/nwhite01/storage/ocr_20150623/55/hvd.32044054086814/394.png"; bbox 0 0 4116 6204; ppageno 0'>
   <div class='ocr_carea' id='block_1_1' title="bbox 471 377 2697 437">
    <p class='ocr_par' dir='ltr' id='par_1_1' title="bbox 471 377 2697 437">
     <span class='ocr_line' id='line_1_1' title="bbox 471 377 2697 437; baseline -0.001 0"><span class='ocrx_word' id='word_1_1' title='bbox 471 385 573 437; x_wconf 74' lang='lat'><strong><em>391</em></strong></span> <span class='ocrx_word' id='word_1_2' title='bbox 1563 379 1915 437; x_wconf 78' lang='lat' dir='ltr'><strong><em>EXPOSlTlO</em></strong></span> <span class='ocrx_word' id='word_1_3' title='bbox 1956 377 2018 434; x_wconf 76' lang='grc' dir='ltr'><strong><em>ΙΝ</em></strong></span> <span class='ocrx_word' id='word_1_4' title='bbox 2058 377 2377 434; x_wconf 56' lang='grc' dir='ltr'>ρδλωιωι</span> <span class='ocrx_word' id='word_1_5' title='bbox 2417 379 2697 437; x_wconf 76' lang='lat' dir='ltr'><strong><em>CXXXIV.</em></strong></span> 
     </span>
    </p>
   </div>
   <div class='ocr_carea' id='block_1_2' title="bbox 468 495 2037 567">
    <p class='ocr_par' dir='ltr' id='par_1_2' title="bbox 468 495 2037 567">
     <span class='ocr_line' id='line_1_2' title="bbox 468 495 2037 567; baseline -0.001 -17"><span class='ocrx_word' id='word_1_6' title='bbox 468 509 566 562; x_wconf 69' lang='lat' dir='ltr'><strong><em>trs,</em></strong></span> <span class='ocrx_word' id='word_1_7' title='bbox 610 497 918 554; x_wconf 81' lang='lat' dir='ltr'><strong><em>inﬂammati</em></strong></span> <span class='ocrx_word' id='word_1_8' title='bbox 961 499 1176 565; x_wconf 78' lang='lat' dir='ltr'><strong><em>iuerint,</em></strong></span> <span class='ocrx_word' id='word_1_9' title='bbox 1209 513 1310 553; x_wconf 92' lang='lat' dir='ltr'><strong><em>non</em></strong></span> <span class='ocrx_word' id='word_1_10' title='bbox 1355 501 1499 567; x_wconf 86' lang='lat' dir='ltr'><strong><em>prius</em></strong></span> <span class='ocrx_word' id='word_1_11' title='bbox 1541 497 1604 548; x_wconf 88' lang='lat' dir='ltr'><strong><em>ad</em></strong></span> <span class='ocrx_word' id='word_1_12' title='bbox 1650 495 1804 549; x_wconf 85' lang='lat' dir='ltr'><strong><em>liuent</em></strong></span> <span class='ocrx_word' id='word_1_13' title='bbox 1856 511 2037 564; x_wconf 81' lang='lat' dir='ltr'><strong><em>perve-</em></strong></span> 
     </span>
    </p>
   </div>
   <div class='ocr_carea' id='block_1_3' title="bbox 466 578 2038 658">
    <p class='ocr_par' dir='ltr' id='par_1_3' title="bbox 466 578 2038 658">
     <span class='ocr_line' id='line_1_3' title="bbox 466 578 2038 658; baseline -0.001 -18"><span class='ocrx_word' id='word_1_14' title='bbox 466 587 635 652; x_wconf 88' lang='lat' dir='ltr'><strong><em>niunt,</em></strong></span> <span class='ocrx_word' id='word_1_15' title='bbox 676 605 832 657; x_wconf 87' lang='lat' dir='ltr'><strong><em>quam</em></strong></span> <span class='ocrx_word' id='word_1_16' title='bbox 881 605 974 658; x_wconf 90' lang='lat' dir='ltr'><strong><em>pro</em></strong></span> <span class='ocrx_word' id='word_1_17' title='bbox 1017 591 1078 644; x_wconf 91' lang='lat' dir='ltr'><strong><em>iis</em></strong></span> <span class='ocrx_word' id='word_1_18' title='bbox 1117 605 1234 658; x_wconf 74' lang='lat' dir='ltr'><strong><em>qua:</em></strong></span> <span class='ocrx_word' id='word_1_19' title='bbox 1273 587 1410 641; x_wconf 90' lang='lat' dir='ltr'><strong><em>dicta</em></strong></span> <span class='ocrx_word' id='word_1_20' title='bbox 1437 597 1559 640; x_wconf 89' lang='lat' dir='ltr'><strong><em>sunt</em></strong></span> <span class='ocrx_word' id='word_1_21' title='bbox 1587 578 1750 640; x_wconf 88' lang='lat' dir='ltr'><strong><em>Deum</em></strong></span> <span class='ocrx_word' id='word_1_22' title='bbox 1778 587 1941 653; x_wconf 77' lang='lat' dir='ltr'><strong><em>gloria</em></strong></span> <span class='ocrx_word' id='word_1_23' title='bbox 1985 595 2038 638; x_wconf 92' lang='lat' dir='ltr'><strong><em>et</em></strong></span> 
     </span>
    </p>
   </div>
   <div class='ocr_carea' id='block_1_4' title="bbox 467 677 2033 744">
    <p class='ocr_par' dir='ltr' id='par_1_4' title="bbox 467 677 2033 744">
     <span class='ocr_line' id='line_1_4' title="bbox 467 677 2033 744; baseline -0.003 -12"><span class='ocrx_word' id='word_1_24' title='bbox 467 680 614 735; x_wconf 88' lang='lat' dir='ltr'><strong><em>laude</em></strong></span> <span class='ocrx_word' id='word_1_25' title='bbox 647 680 938 744; x_wconf 71' lang='lat' dir='ltr'><strong><em>affecerint,</em></strong></span> <span class='ocrx_word' id='word_1_26' title='bbox 973 689 1026 736; x_wconf 88' lang='lat' dir='ltr'><strong><em>et</em></strong></span> <span class='ocrx_word' id='word_1_27' title='bbox 1056 683 1123 734; x_wconf 90' lang='lat' dir='ltr'><strong><em>ita</em></strong></span> <span class='ocrx_word' id='word_1_28' title='bbox 1154 695 1304 734; x_wconf 90' lang='lat' dir='ltr'><strong><em>suum</em></strong></span> <span class='ocrx_word' id='word_1_29' title='bbox 1333 677 1650 732; x_wconf 82' lang='lat' dir='ltr'><strong>desiderium</strong></span> <span class='ocrx_word' id='word_1_30' title='bbox 1681 678 2033 744; x_wconf 72' lang='lat' dir='ltr'><strong>impleverim.</strong></span> 
     </span>
    </p>
   </div>
   <div class='ocr_carea' id='block_1_5' title="bbox 461 767 2033 839">
    <p class='ocr_par' dir='ltr' id='par_1_5' title="bbox 461 767 2033 839">
     <span class='ocr_line' id='line_1_5' title="bbox 461 767 2033 839; baseline 0 -18"><span class='ocrx_word' id='word_1_31' title='bbox 461 771 609 838; x_wconf 85' lang='lat' dir='ltr'><strong><em>Quod</em></strong></span> <span class='ocrx_word' id='word_1_32' title='bbox 641 773 798 824; x_wconf 90' lang='lat' dir='ltr'><strong><em>etiam</em></strong></span> <span class='ocrx_word' id='word_1_33' title='bbox 845 771 1038 824; x_wconf 88' lang='lat' dir='ltr'><strong><em>Paulus</em></strong></span> <span class='ocrx_word' id='word_1_34' title='bbox 1074 771 1265 839; x_wconf 86' lang='lat' dir='ltr'><strong><em>ubique</em></strong></span> <span class='ocrx_word' id='word_1_35' title='bbox 1306 769 1428 822; x_wconf 85' lang='lat' dir='ltr'><strong><em>iacit</em></strong></span> <span class='ocrx_word' id='word_1_36' title='bbox 1469 785 1482 822; x_wconf 90' lang='lat'><strong>:</strong></span> <span class='ocrx_word' id='word_1_37' title='bbox 1517 768 1741 821; x_wconf 81' lang='lat' dir='ltr'><strong>maxime</strong></span> <span class='ocrx_word' id='word_1_38' title='bbox 1766 780 1939 820; x_wconf 86' lang='lat' dir='ltr'><strong><em>autem</em></strong></span> <span class='ocrx_word' id='word_1_39' title='bbox 1983 767 2033 821; x_wconf 90' lang='lat' dir='ltr'><strong><em>in</em></strong></span> 
     </span>
    </p>
   </div>
   <div class='ocr_carea' id='block_1_6' title="bbox 462 860 2036 932">
    <p class='ocr_par' dir='ltr' id='par_1_6' title="bbox 462 860 2036 932">
     <span class='ocr_line' id='line_1_6' title="bbox 462 860 2036 932; baseline -0.002 -19"><span class='ocrx_word' id='word_1_40' title='bbox 462 864 734 929; x_wconf 75' lang='lat' dir='ltr'><strong><em>protr-otiis</em></strong></span> <span class='ocrx_word' id='word_1_41' title='bbox 763 862 1149 932; x_wconf 83' lang='lat' dir='ltr'><strong><em>Epistolarum,</em></strong></span> <span class='ocrx_word' id='word_1_42' title='bbox 1183 874 1235 914; x_wconf 92' lang='lat' dir='ltr'><strong><em>ut</em></strong></span> <span class='ocrx_word' id='word_1_43' title='bbox 1262 861 1473 932; x_wconf 82' lang='lat' dir='ltr'><strong>quando</strong></span> <span class='ocrx_word' id='word_1_44' title='bbox 1502 861 1626 914; x_wconf 89' lang='lat' dir='ltr'><strong><em>dicit</em></strong></span> <span class='ocrx_word' id='word_1_45' title='bbox 1653 860 1904 914; x_wconf 84' lang='lat' dir='ltr'><strong><em>Ecclesiis</em></strong></span> <span class='ocrx_word' id='word_1_46' title='bbox 1932 860 2036 913; x_wconf 83' lang='lat' dir='ltr'><strong><em>Ga-</em></strong></span> 
     </span>
    </p>
   </div>
   <div class='ocr_carea' id='block_1_7' title="bbox 461 950 2034 1022">
    <p class='ocr_par' dir='ltr' id='par_1_7' title="bbox 461 950 2034 1022">
     <span class='ocr_line' id='line_1_7' title="bbox 461 950 2034 1022; baseline -0.001 -17"><span class='ocrx_word' id='word_1_47' title='bbox 461 951 598 1005; x_wconf 82' lang='lat' dir='ltr'><strong><em>latia-</em></strong></span> <span class='ocrx_word' id='word_1_48' title='bbox 636 969 648 1004; x_wconf 94' lang='lat'><strong>:</strong></span> <span class='ocrx_word' id='word_1_49' title='bbox 682 950 856 1004; x_wconf 75' lang='lat' dir='ltr'><strong><em>Gratia</em></strong></span> <span class='ocrx_word' id='word_1_50' title='bbox 889 951 1020 1004; x_wconf 81' lang='lat' dir='ltr'><strong>vobis</strong></span> <span class='ocrx_word' id='word_1_51' title='bbox 1048 964 1094 1004; x_wconf 86' lang='lat' dir='ltr'><strong><em>et</em></strong></span> <span class='ocrx_word' id='word_1_52' title='bbox 1130 969 1280 1022; x_wconf 68' lang='lat' dir='ltr'><strong><em>parca</em></strong></span> <span class='ocrx_word' id='word_1_53' title='bbox 1303 950 1410 1004; x_wconf 87' lang='lat' dir='ltr'><strong><em>Deo</em></strong></span> <span class='ocrx_word' id='word_1_54' title='bbox 1458 950 1611 1004; x_wconf 81' lang='lat' dir='ltr'><strong><em>Patre</em></strong></span> <span class='ocrx_word' id='word_1_55' title='bbox 1638 963 1826 1013; x_wconf 84' lang='lat' dir='ltr'><strong><em>nostra,</em></strong></span> <span class='ocrx_word' id='word_1_56' title='bbox 1853 961 1897 1003; x_wconf 88' lang='lat' dir='ltr'><strong><em>et</em></strong></span> <span class='ocrx_word' id='word_1_57' title='bbox 1931 950 2034 1003; x_wconf 89' lang='lat' dir='ltr'><strong><em>Do-</em></strong></span> 
     </span>
    </p>
   </div>
   <div class='ocr_carea' id='block_1_8' title="bbox 459 1039 2034 1109">
    <p class='ocr_par' dir='ltr' id='par_1_8' title="bbox 459 1039 2034 1109">
     <span class='ocr_line' id='line_1_8' title="bbox 459 1039 2034 1109; baseline 0.001 -17"><span class='ocrx_word' id='word_1_58' title='bbox 459 1043 591 1092; x_wconf 82' lang='lat' dir='ltr'><strong><em>mino</em></strong></span> <span class='ocrx_word' id='word_1_59' title='bbox 613 1039 737 1093; x_wconf 76' lang='lat' dir='ltr'><strong><em>Jt&#39;su</em></strong></span> <span class='ocrx_word' id='word_1_60' title='bbox 765 1041 982 1105; x_wconf 76' lang='lat' dir='ltr'><strong><em>Christo,</em></strong></span> <span class='ocrx_word' id='word_1_61' title='bbox 1007 1042 1088 1109; x_wconf 88' lang='lat' dir='ltr'><strong><em>qui</em></strong></span> <span class='ocrx_word' id='word_1_62' title='bbox 1108 1040 1241 1094; x_wconf 83' lang='lat' dir='ltr'><strong><em>dedit</em></strong></span> <span class='ocrx_word' id='word_1_63' title='bbox 1261 1041 1479 1109; x_wconf 85' lang='lat' dir='ltr'><strong><em>seipsum</em></strong></span> <span class='ocrx_word' id='word_1_64' title='bbox 1505 1057 1594 1108; x_wconf 87' lang='lat' dir='ltr'><strong><em>pro</em></strong></span> <span class='ocrx_word' id='word_1_65' title='bbox 1621 1043 1832 1109; x_wconf 80' lang='lat' dir='ltr'><strong><em>peccatis</em></strong></span> <span class='ocrx_word' id='word_1_66' title='bbox 1852 1042 2034 1094; x_wconf 77' lang='lat' dir='ltr'><strong><em>nostris</em></strong></span> 
     </span>
    </p>
   </div>
   <div class='ocr_carea' id='block_1_9' title="bbox 457 1132 2034 1204">
    <p class='ocr_par' dir='ltr' id='par_1_9' title="bbox 457 1132 2034 1204">
     <span class='ocr_line' id='line_1_9' title="bbox 457 1132 2034 1204; baseline 0 -18"><span class='ocrx_word' id='word_1_67' title='bbox 457 1135 730 1186; x_wconf 71' lang='lat' dir='ltr'><strong><em>secundum</em></strong></span> <span class='ocrx_word' id='word_1_68' title='bbox 774 1133 1076 1186; x_wconf 81' lang='lat' dir='ltr'><strong><em>voluntatem</em></strong></span> <span class='ocrx_word' id='word_1_69' title='bbox 1116 1133 1213 1186; x_wconf 86' lang='lat' dir='ltr'><strong><em>Dei</em></strong></span> <span class='ocrx_word' id='word_1_70' title='bbox 1241 1144 1285 1186; x_wconf 87' lang='lat' dir='ltr'><strong><em>et</em></strong></span> <span class='ocrx_word' id='word_1_71' title='bbox 1329 1132 1498 1187; x_wconf 85' lang='lat' dir='ltr'><strong><em>Patris</em></strong></span> <span class='ocrx_word' id='word_1_72' title='bbox 1532 1134 1708 1193; x_wconf 82' lang='lat' dir='ltr'><strong><em>nostri,</em></strong></span> <span class='ocrx_word' id='word_1_73' title='bbox 1755 1135 1835 1186; x_wconf 87' lang='lat' dir='ltr'><strong><em>cui</em></strong></span> <span class='ocrx_word' id='word_1_74' title='bbox 1871 1133 2034 1204; x_wconf 84' lang='lat' dir='ltr'><strong><em>gloria</em></strong></span> 
     </span>
    </p>
   </div>
   <div class='ocr_carea' id='block_1_10' title="bbox 457 1225 2032 1298">
    <p class='ocr_par' dir='ltr' id='par_1_10' title="bbox 457 1225 2032 1298">
     <span class='ocr_line' id='line_1_10' title="bbox 457 1225 2032 1298; baseline 0 -21"><span class='ocrx_word' id='word_1_75' title='bbox 457 1227 508 1278; x_wconf 89' lang='lat' dir='ltr'><strong><em>in</em></strong></span> <span class='ocrx_word' id='word_1_76' title='bbox 553 1226 736 1278; x_wconf 78' lang='lat' dir='ltr'><strong><em>stecula</em></strong></span> <span class='ocrx_word' id='word_1_77' title='bbox 779 1226 1096 1280; x_wconf 74' lang='lat' dir='ltr'><strong><em>stet-alarum.</em></strong></span> <span class='ocrx_word' id='word_1_78' title='bbox 1124 1225 1280 1278; x_wconf 82' lang='lat' dir='ltr'><strong><em>Amen</em></strong></span> <span class='ocrx_word' id='word_1_79' title='bbox 1309 1225 1445 1298; x_wconf 78' lang='lat' dir='ltr'><strong><em>(Gal.</em></strong></span> <span class='ocrx_word' id='word_1_80' title='bbox 1474 1227 1524 1280; x_wconf 93' lang='lat'><strong><em>1.</em></strong></span> <span class='ocrx_word' id='word_1_81' title='bbox 1558 1227 1610 1280; x_wconf 78' lang='grc'><strong>5.</strong></span> <span class='ocrx_word' id='word_1_82' title='bbox 1643 1228 1719 1293; x_wconf 83' lang='grc'><strong>5).</strong></span> <span class='ocrx_word' id='word_1_83' title='bbox 1751 1226 1816 1279; x_wconf 85' lang='lat' dir='ltr'><strong><em>Et</em></strong></span> <span class='ocrx_word' id='word_1_84' title='bbox 1841 1227 1891 1280; x_wconf 89' lang='lat' dir='ltr'><strong><em>in</em></strong></span> <span class='ocrx_word' id='word_1_85' title='bbox 1921 1227 2032 1295; x_wconf 91' lang='lat' dir='ltr'><strong><em>epi-</em></strong></span> 
     </span>
    </p>
   </div>
   <div class='ocr_carea' id='block_1_11' title="bbox 455 1316 2032 1388">
    <p class='ocr_par' dir='ltr' id='par_1_11' title="bbox 455 1316 2032 1388">
     <span class='ocr_line' id='line_1_11' title="bbox 455 1316 2032 1388; baseline -0.001 -18"><span class='ocrx_word' id='word_1_86' title='bbox 455 1317 590 1370; x_wconf 87' lang='lat' dir='ltr'><strong><em>stola</em></strong></span> <span class='ocrx_word' id='word_1_87' title='bbox 622 1317 685 1368; x_wconf 89' lang='lat' dir='ltr'><strong><em>ad</em></strong></span> <span class='ocrx_word' id='word_1_88' title='bbox 716 1317 987 1371; x_wconf 83' lang='lat' dir='ltr'><strong><em>Romanos</em></strong></span> <span class='ocrx_word' id='word_1_89' title='bbox 1014 1333 1027 1368; x_wconf 93' lang='lat'>:</span> <span class='ocrx_word' id='word_1_90' title='bbox 1067 1316 1290 1382; x_wconf 83' lang='lat' dir='ltr'><strong><em>Quorum</em></strong></span> <span class='ocrx_word' id='word_1_91' title='bbox 1315 1317 1541 1386; x_wconf 80' lang='lat' dir='ltr'><strong><em>adoptio,</em></strong></span> <span class='ocrx_word' id='word_1_92' title='bbox 1571 1327 1615 1370; x_wconf 84' lang='lat' dir='ltr'><strong><em>et</em></strong></span> <span class='ocrx_word' id='word_1_93' title='bbox 1643 1317 1826 1388; x_wconf 84' lang='lat' dir='ltr'><strong><em>gloria,</em></strong></span> <span class='ocrx_word' id='word_1_94' title='bbox 1855 1326 1900 1369; x_wconf 86' lang='lat' dir='ltr'><strong><em>et</em></strong></span> <span class='ocrx_word' id='word_1_95' title='bbox 1923 1317 2032 1370; x_wconf 84' lang='lat' dir='ltr'><strong><em>cnl-</em></strong></span> 
     </span>
    </p>
   </div>
   <div class='ocr_carea' id='block_1_12' title="bbox 455 1407 2031 1478">
    <p class='ocr_par' dir='ltr' id='par_1_12' title="bbox 455 1407 2031 1478">
     <span class='ocr_line' id='line_1_12' title="bbox 455 1407 2031 1478; baseline 0.002 -20"><span class='ocrx_word' id='word_1_96' title='bbox 455 1417 556 1467; x_wconf 86' lang='lat' dir='ltr'><strong><em>tus,</em></strong></span> <span class='ocrx_word' id='word_1_97' title='bbox 586 1417 630 1459; x_wconf 88' lang='lat' dir='ltr'><strong><em>et</em></strong></span> <span class='ocrx_word' id='word_1_98' title='bbox 656 1408 940 1474; x_wconf 76' lang='lat' dir='ltr'><strong><em>promissio,</em></strong></span> <span class='ocrx_word' id='word_1_99' title='bbox 979 1425 1192 1478; x_wconf 89' lang='lat' dir='ltr'><strong><em>quorum</em></strong></span> <span class='ocrx_word' id='word_1_100' title='bbox 1223 1419 1406 1477; x_wconf 87' lang='lat' dir='ltr'><strong><em>patres,</em></strong></span> <span class='ocrx_word' id='word_1_101' title='bbox 1438 1417 1482 1461; x_wconf 85' lang='lat' dir='ltr'><strong><em>et</em></strong></span> <span class='ocrx_word' id='word_1_102' title='bbox 1512 1425 1573 1462; x_wconf 79' lang='lat' dir='ltr'><strong><em>ex</em></strong></span> <span class='ocrx_word' id='word_1_103' title='bbox 1602 1409 1779 1476; x_wconf 85' lang='lat' dir='ltr'><strong><em>quibus</em></strong></span> <span class='ocrx_word' id='word_1_104' title='bbox 1805 1407 2031 1462; x_wconf 76' lang='lat' dir='ltr'><strong><em>Christus</em></strong></span> 
     </span>
    </p>
   </div>
   <div class='ocr_carea' id='block_1_13' title="bbox 457 1497 2030 1567">
    <p class='ocr_par' dir='ltr' id='par_1_13' title="bbox 457 1497 2030 1567">
     <span class='ocr_line' id='line_1_13' title="bbox 457 1497 2030 1567; baseline 0.001 -18"><span class='ocrx_word' id='word_1_105' title='bbox 457 1499 732 1549; x_wconf 69' lang='lat' dir='ltr'><strong><em>secundum</em></strong></span> <span class='ocrx_word' id='word_1_106' title='bbox 756 1513 976 1560; x_wconf 87' lang='lat' dir='ltr'><strong><em>carnem,</em></strong></span> <span class='ocrx_word' id='word_1_107' title='bbox 1007 1498 1094 1566; x_wconf 89' lang='lat' dir='ltr'><strong><em>qui</em></strong></span> <span class='ocrx_word' id='word_1_108' title='bbox 1121 1508 1192 1550; x_wconf 88' lang='lat' dir='ltr'><strong><em>est</em></strong></span> <span class='ocrx_word' id='word_1_109' title='bbox 1222 1514 1373 1567; x_wconf 87' lang='lat' dir='ltr'><strong><em>super</em></strong></span> <span class='ocrx_word' id='word_1_110' title='bbox 1397 1498 1564 1551; x_wconf 84' lang='lat' dir='ltr'><strong><em>omnia</em></strong></span> <span class='ocrx_word' id='word_1_111' title='bbox 1595 1499 1872 1551; x_wconf 80' lang='lat' dir='ltr'><strong><em>benedictus</em></strong></span> <span class='ocrx_word' id='word_1_112' title='bbox 1898 1497 2030 1550; x_wconf 88' lang='lat' dir='ltr'><strong><em>Deus</em></strong></span> 
     </span>
    </p>
   </div>
   <div class='ocr_carea' id='block_1_14' title="bbox 455 1585 2030 1659">
    <p class='ocr_par' dir='ltr' id='par_1_14' title="bbox 455 1585 2030 1659">
     <span class='ocr_line' id='line_1_14' title="bbox 455 1585 2030 1659; baseline 0.001 -19"><span class='ocrx_word' id='word_1_113' title='bbox 455 1588 506 1640; x_wconf 89' lang='lat' dir='ltr'><strong><em>in</em></strong></span> <span class='ocrx_word' id='word_1_114' title='bbox 538 1587 740 1641; x_wconf 68' lang='lat' dir='ltr'><strong><em>sarcula.</em></strong></span> <span class='ocrx_word' id='word_1_115' title='bbox 771 1587 929 1640; x_wconf 80' lang='lat' dir='ltr'><strong><em>Amen</em></strong></span> <span class='ocrx_word' id='word_1_116' title='bbox 973 1587 1146 1657; x_wconf 81' lang='lat' dir='ltr'><strong><em>(Rom.</em></strong></span> <span class='ocrx_word' id='word_1_117' title='bbox 1178 1587 1233 1642; x_wconf 86' lang='lat'><strong><em>9.</em></strong></span> <span class='ocrx_word' id='word_1_118' title='bbox 1276 1589 1350 1659; x_wconf 79' lang='grc'><strong>4).</strong></span> <span class='ocrx_word' id='word_1_119' title='bbox 1395 1589 1462 1641; x_wconf 90' lang='lat' dir='ltr'><strong><em>Et</em></strong></span> <span class='ocrx_word' id='word_1_120' title='bbox 1505 1602 1684 1643; x_wconf 84' lang='lat' dir='ltr'><strong><em>rursus</em></strong></span> <span class='ocrx_word' id='word_1_121' title='bbox 1709 1588 1830 1642; x_wconf 83' lang='lat' dir='ltr'><strong>alibi</strong></span> <span class='ocrx_word' id='word_1_122' title='bbox 1859 1605 1872 1640; x_wconf 89' lang='lat'><strong>:</strong></span> <span class='ocrx_word' id='word_1_123' title='bbox 1907 1585 2030 1657; x_wconf 76' lang='lat' dir='ltr'><strong><em>Regi</em></strong></span> 
     </span>
    </p>
   </div>
   <div class='ocr_carea' id='block_1_15' title="bbox 453 1673 2028 1747">
    <p class='ocr_par' dir='ltr' id='par_1_15' title="bbox 453 1673 2028 1747">
     <span class='ocr_line' id='line_1_15' title="bbox 453 1673 2028 1747; baseline 0 -17"><span class='ocrx_word' id='word_1_124' title='bbox 453 1673 619 1732; x_wconf 85' lang='lat' dir='ltr'><strong><em>autem</em></strong></span> <span class='ocrx_word' id='word_1_125' title='bbox 648 1673 946 1730; x_wconf 82' lang='lat' dir='ltr'><strong><em>steculorum</em></strong></span> <span class='ocrx_word' id='word_1_126' title='bbox 969 1678 1259 1743; x_wconf 87' lang='lat' dir='ltr'><strong><em>immortali,</em></strong></span> <span class='ocrx_word' id='word_1_127' title='bbox 1281 1679 1534 1741; x_wconf 82' lang='lat' dir='ltr'><strong><em>invisibili,</em></strong></span> <span class='ocrx_word' id='word_1_128' title='bbox 1563 1680 1658 1732; x_wconf 88' lang='lat' dir='ltr'><strong><em>soli</em></strong></span> <span class='ocrx_word' id='word_1_129' title='bbox 1679 1679 1892 1747; x_wconf 81' lang='lat' dir='ltr'><strong><em>sapienti</em></strong></span> <span class='ocrx_word' id='word_1_130' title='bbox 1923 1676 2028 1730; x_wconf 86' lang='lat' dir='ltr'><strong><em>Deo</em></strong></span> 
     </span>
    </p>
   </div>
   <div class='ocr_carea' id='block_1_16' title="bbox 455 1767 2024 1840">
    <p class='ocr_par' dir='ltr' id='par_1_16' title="bbox 455 1767 2024 1840">
     <span class='ocr_line' id='line_1_16' title="bbox 455 1767 2024 1840; baseline 0.003 -20"><span class='ocrx_word' id='word_1_131' title='bbox 455 1769 616 1822; x_wconf 83' lang='lat' dir='ltr'><strong><em>honor</em></strong></span> <span class='ocrx_word' id='word_1_132' title='bbox 644 1779 686 1821; x_wconf 81' lang='lat' dir='ltr'><strong><em>et</em></strong></span> <span class='ocrx_word' id='word_1_133' title='bbox 706 1767 868 1840; x_wconf 84' lang='lat' dir='ltr'><strong><em>gloria</em></strong></span> <span class='ocrx_word' id='word_1_134' title='bbox 890 1769 942 1822; x_wconf 87' lang='lat' dir='ltr'><strong><em>in</em></strong></span> <span class='ocrx_word' id='word_1_135' title='bbox 967 1767 1150 1822; x_wconf 74' lang='lat' dir='ltr'><strong><em>sa’cula</em></strong></span> <span class='ocrx_word' id='word_1_136' title='bbox 1177 1771 1493 1823; x_wconf 75' lang='lat' dir='ltr'><strong><em>stecnlorum.</em></strong></span> <span class='ocrx_word' id='word_1_137' title='bbox 1522 1770 1678 1822; x_wconf 80' lang='lat' dir='ltr'><strong><em>Amen</em></strong></span> <span class='ocrx_word' id='word_1_138' title='bbox 1705 1771 1783 1837; x_wconf 90' lang='lat' dir='ltr'><strong><em>(l.</em></strong></span> <span class='ocrx_word' id='word_1_139' title='bbox 1815 1769 1947 1823; x_wconf 86' lang='lat' dir='ltr'><strong><em>Tim.</em></strong></span> <span class='ocrx_word' id='word_1_140' title='bbox 1974 1775 2024 1825; x_wconf 90' lang='lat'><strong><em>1.</em></strong></span> 
     </span>
    </p>
   </div>
   <div class='ocr_carea' id='block_1_17' title="bbox 456 1860 2028 1931">
    <p class='ocr_par' dir='ltr' id='par_1_17' title="bbox 456 1860 2028 1931">
     <span class='ocr_line' id='line_1_17' title="bbox 456 1860 2028 1931; baseline -0.001 -16"><span class='ocrx_word' id='word_1_141' title='bbox 456 1863 570 1928; x_wconf 84' lang='lat'><strong><em>17).</em></strong></span> <span class='ocrx_word' id='word_1_142' title='bbox 608 1861 676 1914; x_wconf 89' lang='lat' dir='ltr'><strong><em>lla</em></strong></span> <span class='ocrx_word' id='word_1_143' title='bbox 708 1862 864 1914; x_wconf 87' lang='lat' dir='ltr'><strong><em>etiam</em></strong></span> <span class='ocrx_word' id='word_1_144' title='bbox 892 1861 977 1915; x_wconf 90' lang='lat' dir='ltr'><strong><em>hic</em></strong></span> <span class='ocrx_word' id='word_1_145' title='bbox 1005 1860 1257 1931; x_wconf 84' lang='lat' dir='ltr'><strong><em>propheta</em></strong></span> <span class='ocrx_word' id='word_1_146' title='bbox 1285 1878 1402 1915; x_wconf 91' lang='lat' dir='ltr'><strong><em>cum</em></strong></span> <span class='ocrx_word' id='word_1_147' title='bbox 1436 1871 1610 1916; x_wconf 90' lang='lat' dir='ltr'><strong><em>mente</em></strong></span> <span class='ocrx_word' id='word_1_148' title='bbox 1639 1861 1890 1931; x_wconf 88' lang='lat' dir='ltr'><strong><em>agitasset</em></strong></span> <span class='ocrx_word' id='word_1_149' title='bbox 1917 1861 2028 1915; x_wconf 79' lang='lat' dir='ltr'><strong><em>uni-</em></strong></span> 
     </span>
    </p>
   </div>
   <div class='ocr_carea' id='block_1_18' title="bbox 458 1952 2025 2023">
    <p class='ocr_par' dir='ltr' id='par_1_18' title="bbox 458 1952 2025 2023">
     <span class='ocr_line' id='line_1_18' title="bbox 458 1952 2025 2023; baseline 0.001 -18"><span class='ocrx_word' id='word_1_150' title='bbox 458 1969 658 2006; x_wconf 78' lang='lat' dir='ltr'><strong><em>versam</em></strong></span> <span class='ocrx_word' id='word_1_151' title='bbox 690 1953 779 2008; x_wconf 88' lang='lat' dir='ltr'><strong><em>Dei</em></strong></span> <span class='ocrx_word' id='word_1_152' title='bbox 811 1953 1213 2022; x_wconf 78' lang='lat' dir='ltr'><strong><em>providentiam,</em></strong></span> <span class='ocrx_word' id='word_1_153' title='bbox 1261 1953 1464 2023; x_wconf 82' lang='lat' dir='ltr'><strong><em>plagam</em></strong></span> <span class='ocrx_word' id='word_1_154' title='bbox 1508 1953 1558 2006; x_wconf 93' lang='lat' dir='ltr'><strong><em>in</em></strong></span> <span class='ocrx_word' id='word_1_155' title='bbox 1599 1952 1848 2023; x_wconf 63' lang='lat' dir='ltr'><strong><em>Egypto,</em></strong></span> <span class='ocrx_word' id='word_1_156' title='bbox 1883 1952 2025 2006; x_wconf 87' lang='lat' dir='ltr'><strong><em>varia</em></strong></span> 
     </span>
    </p>
   </div>
   <div class='ocr_carea' id='block_1_19' title="bbox 452 2044 2024 2116">
    <p class='ocr_par' dir='ltr' id='par_1_19' title="bbox 452 2044 2024 2116">
     <span class='ocr_line' id='line_1_19' title="bbox 452 2044 2024 2116; baseline -0.001 -16"><span class='ocrx_word' id='word_1_157' title='bbox 452 2047 726 2100; x_wconf 86' lang='lat' dir='ltr'><strong><em>etdiversa</em></strong></span> <span class='ocrx_word' id='word_1_158' title='bbox 755 2046 1004 2101; x_wconf 82' lang='lat' dir='ltr'><strong><em>beneﬁcia</em></strong></span> <span class='ocrx_word' id='word_1_159' title='bbox 1029 2063 1145 2116; x_wconf 65' lang='lat' dir='ltr'><strong><em>quae</em></strong></span> <span class='ocrx_word' id='word_1_160' title='bbox 1168 2046 1218 2099; x_wconf 92' lang='lat' dir='ltr'><strong><em>in</em></strong></span> <span class='ocrx_word' id='word_1_161' title='bbox 1247 2045 1526 2099; x_wconf 85' lang='lat' dir='ltr'><strong><em>solitudine</em></strong></span> <span class='ocrx_word' id='word_1_162' title='bbox 1547 2045 1612 2098; x_wconf 87' lang='lat' dir='ltr'><strong><em>ab</em></strong></span> <span class='ocrx_word' id='word_1_163' title='bbox 1632 2045 1720 2098; x_wconf 92' lang='lat' dir='ltr'><strong><em>illo</em></strong></span> <span class='ocrx_word' id='word_1_164' title='bbox 1749 2046 1797 2098; x_wconf 90' lang='lat' dir='ltr'><strong><em>in</em></strong></span> <span class='ocrx_word' id='word_1_165' title='bbox 1814 2044 2024 2099; x_wconf 74' lang='lat' dir='ltr'><strong><em>Judteos</em></strong></span> 
     </span>
    </p>
   </div>
   <div class='ocr_carea' id='block_1_20' title="bbox 452 2136 2022 2206">
    <p class='ocr_par' dir='ltr' id='par_1_20' title="bbox 452 2136 2022 2206">
     <span class='ocr_line' id='line_1_20' title="bbox 452 2136 2022 2206; baseline -0.002 -14"><span class='ocrx_word' id='word_1_166' title='bbox 452 2137 638 2192; x_wconf 86' lang='lat' dir='ltr'><strong><em>collata</em></strong></span> <span class='ocrx_word' id='word_1_167' title='bbox 667 2145 806 2197; x_wconf 84' lang='lat' dir='ltr'><strong><em>sunt,</em></strong></span> <span class='ocrx_word' id='word_1_168' title='bbox 829 2153 948 2206; x_wconf 70' lang='lat' dir='ltr'><strong><em>qua:</em></strong></span> <span class='ocrx_word' id='word_1_169' title='bbox 973 2153 1066 2206; x_wconf 91' lang='lat' dir='ltr'><strong><em>pro</em></strong></span> <span class='ocrx_word' id='word_1_170' title='bbox 1093 2137 1192 2190; x_wconf 89' lang='lat' dir='ltr'><strong>illis</strong></span> <span class='ocrx_word' id='word_1_171' title='bbox 1222 2137 1476 2190; x_wconf 90' lang='lat' dir='ltr'><strong><em>adversus</em></strong></span> <span class='ocrx_word' id='word_1_172' title='bbox 1504 2136 1683 2188; x_wconf 86' lang='lat' dir='ltr'><strong><em>hostes</em></strong></span> <span class='ocrx_word' id='word_1_173' title='bbox 1711 2136 1844 2188; x_wconf 80' lang='lat' dir='ltr'><strong><em>facta</em></strong></span> <span class='ocrx_word' id='word_1_174' title='bbox 1866 2144 1980 2187; x_wconf 90' lang='lat' dir='ltr'><strong><em>sunt</em></strong></span> <span class='ocrx_word' id='word_1_175' title='bbox 2009 2154 2022 2189; x_wconf 93' lang='lat'><strong>:</strong></span> 
     </span>
    </p>
   </div>
   <div class='ocr_carea' id='block_1_21' title="bbox 451 2224 2026 2294">
    <p class='ocr_par' dir='ltr' id='par_1_21' title="bbox 451 2224 2026 2294">
     <span class='ocr_line' id='line_1_21' title="bbox 451 2224 2026 2294; baseline 0 -16"><span class='ocrx_word' id='word_1_176' title='bbox 451 2227 519 2278; x_wconf 89' lang='lat' dir='ltr'><strong><em>ab</em></strong></span> <span class='ocrx_word' id='word_1_177' title='bbox 565 2228 677 2294; x_wconf 81' lang='lat' dir='ltr'><strong><em>ejus</em></strong></span> <span class='ocrx_word' id='word_1_178' title='bbox 731 2225 980 2280; x_wconf 77' lang='lat' dir='ltr'><strong><em>inelfabili</em></strong></span> <span class='ocrx_word' id='word_1_179' title='bbox 1033 2225 1355 2292; x_wconf 66' lang='lat' dir='ltr'><strong><em>benignitate</em></strong></span> <span class='ocrx_word' id='word_1_180' title='bbox 1406 2224 1796 2288; x_wconf 81' lang='lat' dir='ltr'><strong><em>inﬂammatus,</em></strong></span> <span class='ocrx_word' id='word_1_181' title='bbox 1851 2225 2026 2278; x_wconf 91' lang='lat' dir='ltr'><strong><em>emisit</em></strong></span> 
     </span>
    </p>
   </div>
   <div class='ocr_carea' id='block_1_22' title="bbox 449 2311 2025 2387">
    <p class='ocr_par' dir='ltr' id='par_1_22' title="bbox 449 2311 2025 2387">
     <span class='ocr_line' id='line_1_22' title="bbox 449 2311 2025 2387; baseline -0.001 -18"><span class='ocrx_word' id='word_1_182' title='bbox 449 2311 908 2387; x_wconf 66' lang='lat' dir='ltr'><strong><em>glot&#39;ilieationem,</em></strong></span> <span class='ocrx_word' id='word_1_183' title='bbox 935 2318 1116 2370; x_wconf 81' lang='lat' dir='ltr'><strong><em>dicens</em></strong></span> <span class='ocrx_word' id='word_1_184' title='bbox 1142 2335 1153 2368; x_wconf 87' lang='lat'><strong>:</strong></span> <span class='ocrx_word' id='word_1_185' title='bbox 1180 2316 1412 2381; x_wconf 78' lang='lat' dir='ltr'><strong><em>Domine,</em></strong></span> <span class='ocrx_word' id='word_1_186' title='bbox 1443 2333 1617 2368; x_wconf 80' lang='lat' dir='ltr'><strong><em>nomen</em></strong></span> <span class='ocrx_word' id='word_1_187' title='bbox 1646 2324 1784 2366; x_wconf 89' lang='lat' dir='ltr'><strong><em>tuum</em></strong></span> <span class='ocrx_word' id='word_1_188' title='bbox 1812 2315 1863 2366; x_wconf 89' lang='lat' dir='ltr'><strong><em>in</em></strong></span> <span class='ocrx_word' id='word_1_189' title='bbox 1884 2325 2025 2368; x_wconf 82' lang='lat' dir='ltr'><strong><em>teter-</em></strong></span> 
     </span>
    </p>
   </div>
   <div class='ocr_carea' id='block_1_23' title="bbox 451 2406 2027 2475">
    <p class='ocr_par' dir='ltr' id='par_1_23' title="bbox 451 2406 2027 2475">
     <span class='ocr_line' id='line_1_23' title="bbox 451 2406 2027 2475; baseline -0.003 -14"><span class='ocrx_word' id='word_1_190' title='bbox 451 2426 592 2472; x_wconf 89' lang='lat' dir='ltr'><strong><em>nnm,</em></strong></span> <span class='ocrx_word' id='word_1_191' title='bbox 622 2408 854 2472; x_wconf 86' lang='lat' dir='ltr'><strong><em>Domine,</em></strong></span> <span class='ocrx_word' id='word_1_192' title='bbox 887 2407 1172 2460; x_wconf 83' lang='lat' dir='ltr'><strong><em>memoriale</em></strong></span> <span class='ocrx_word' id='word_1_193' title='bbox 1196 2417 1331 2459; x_wconf 88' lang='lat' dir='ltr'><strong><em>tuum</em></strong></span> <span class='ocrx_word' id='word_1_194' title='bbox 1353 2423 1381 2457; x_wconf 84' lang='grc' dir='ltr'><em>α</em></span> <span class='ocrx_word' id='word_1_195' title='bbox 1403 2406 1718 2474; x_wconf 74' lang='lat' dir='ltr'><strong><em>generatione</em></strong></span> <span class='ocrx_word' id='word_1_196' title='bbox 1741 2406 1791 2457; x_wconf 87' lang='lat' dir='ltr'><strong><em>in</em></strong></span> <span class='ocrx_word' id='word_1_197' title='bbox 1819 2421 2027 2475; x_wconf 86' lang='lat' dir='ltr'><strong><em>genera-</em></strong></span> 
     </span>
    </p>
   </div>
   <div class='ocr_carea' id='block_1_24' title="bbox 449 2495 2022 2567">
    <p class='ocr_par' dir='ltr' id='par_1_24' title="bbox 449 2495 2022 2567">
     <span class='ocr_line' id='line_1_24' title="bbox 449 2495 2022 2567; baseline -0.001 -15"><span class='ocrx_word' id='word_1_198' title='bbox 449 2503 654 2554; x_wconf 84' lang='lat' dir='ltr'><strong><em>tionem.</em></strong></span> <span class='ocrx_word' id='word_1_199' title='bbox 685 2499 795 2552; x_wconf 79' lang='lat' dir='ltr'><strong><em>lloc</em></strong></span> <span class='ocrx_word' id='word_1_200' title='bbox 835 2507 914 2552; x_wconf 89' lang='lat' dir='ltr'><strong><em>est</em></strong></span> <span class='ocrx_word' id='word_1_201' title='bbox 934 2540 948 2564; x_wconf 95' lang='lat'><strong><em>,</em></strong></span> <span class='ocrx_word' id='word_1_202' title='bbox 989 2497 1164 2552; x_wconf 81' lang='lat' dir='ltr'><strong><em>Gloria</em></strong></span> <span class='ocrx_word' id='word_1_203' title='bbox 1196 2509 1277 2551; x_wconf 87' lang='lat' dir='ltr'><strong><em>tua</em></strong></span> <span class='ocrx_word' id='word_1_204' title='bbox 1309 2507 1385 2552; x_wconf 87' lang='lat' dir='ltr'><strong><em>est</em></strong></span> <span class='ocrx_word' id='word_1_205' title='bbox 1415 2507 1681 2567; x_wconf 81' lang='lat' dir='ltr'><strong><em>perpetua.</em></strong></span> <span class='ocrx_word' id='word_1_206' title='bbox 1715 2495 1856 2550; x_wconf 82' lang='lat' dir='ltr'><strong>Nihil</strong></span> <span class='ocrx_word' id='word_1_207' title='bbox 1882 2498 2022 2551; x_wconf 89' lang='lat' dir='ltr'><strong><em>enim</em></strong></span> 
     </span>
    </p>
   </div>
   <div class='ocr_carea' id='block_1_25' title="bbox 449 2583 2018 2655">
    <p class='ocr_par' dir='ltr' id='par_1_25' title="bbox 449 2583 2018 2655">
     <span class='ocr_line' id='line_1_25' title="bbox 449 2583 2018 2655; baseline -0.004 -9"><span class='ocrx_word' id='word_1_208' title='bbox 449 2593 496 2646; x_wconf 79' lang='lat' dir='ltr'><strong><em>ei</em></strong></span> <span class='ocrx_word' id='word_1_209' title='bbox 527 2591 674 2645; x_wconf 73' lang='lat' dir='ltr'><strong><em>all‘erl</em></strong></span> <span class='ocrx_word' id='word_1_210' title='bbox 727 2591 888 2644; x_wconf 91' lang='lat' dir='ltr'><strong><em>ullmn</em></strong></span> <span class='ocrx_word' id='word_1_211' title='bbox 934 2589 1329 2651; x_wconf 86' lang='lat' dir='ltr'><strong><em>detrimentum,</em></strong></span> <span class='ocrx_word' id='word_1_212' title='bbox 1355 2589 1480 2642; x_wconf 81' lang='lat' dir='ltr'><strong><em>nihil</em></strong></span> <span class='ocrx_word' id='word_1_213' title='bbox 1507 2583 1622 2642; x_wconf 87' lang='lat' dir='ltr'><strong><em>eam</em></strong></span> <span class='ocrx_word' id='word_1_214' title='bbox 1668 2588 2018 2655; x_wconf 85' lang='lat' dir='ltr'><strong><em>interrumpit,</em></strong></span> 
     </span>
    </p>
   </div>
   <div class='ocr_carea' id='block_1_26' title="bbox 448 2672 2026 2752">
    <p class='ocr_par' dir='ltr' id='par_1_26' title="bbox 448 2672 2026 2752">
     <span class='ocr_line' id='line_1_26' title="bbox 448 2672 2026 2752; baseline -0.002 -16"><span class='ocrx_word' id='word_1_215' title='bbox 448 2685 540 2737; x_wconf 74' lang='lat' dir='ltr'><strong><em>sc-l</em></strong></span> <span class='ocrx_word' id='word_1_216' title='bbox 569 2672 654 2738; x_wconf 85' lang='lat' dir='ltr'><strong><em>est</em></strong></span> <span class='ocrx_word' id='word_1_217' title='bbox 681 2697 910 2752; x_wconf 83' lang='lat' dir='ltr'><strong><em>semper,</em></strong></span> <span class='ocrx_word' id='word_1_218' title='bbox 954 2691 1006 2736; x_wconf 90' lang='lat' dir='ltr'><strong><em>et</em></strong></span> <span class='ocrx_word' id='word_1_219' title='bbox 1034 2691 1212 2735; x_wconf 79' lang='lat' dir='ltr'><strong><em>manet</em></strong></span> <span class='ocrx_word' id='word_1_220' title='bbox 1238 2680 1597 2744; x_wconf 87' lang='lat' dir='ltr'><strong><em>immutabilis,</em></strong></span> <span class='ocrx_word' id='word_1_221' title='bbox 1643 2689 1696 2734; x_wconf 89' lang='lat' dir='ltr'><strong><em>et</em></strong></span> <span class='ocrx_word' id='word_1_222' title='bbox 1729 2696 1760 2735; x_wconf 90' lang='lat' dir='ltr'><strong><em>a</em></strong></span> <span class='ocrx_word' id='word_1_223' title='bbox 1799 2695 2026 2734; x_wconf 81' lang='lat' dir='ltr'><strong><em>convcr-</em></strong></span> 
     </span>
    </p>
   </div>
   <div class='ocr_carea' id='block_1_27' title="bbox 448 2772 2024 2843">
    <p class='ocr_par' dir='ltr' id='par_1_27' title="bbox 448 2772 2024 2843">
     <span class='ocr_line' id='line_1_27' title="bbox 448 2772 2024 2843; baseline -0.003 -14"><span class='ocrx_word' id='word_1_224' title='bbox 448 2776 598 2829; x_wconf 78' lang='lat' dir='ltr'><strong><em>sione</em></strong></span> <span class='ocrx_word' id='word_1_225' title='bbox 627 2772 843 2827; x_wconf 90' lang='lat' dir='ltr'><strong><em>omnino</em></strong></span> <span class='ocrx_word' id='word_1_226' title='bbox 867 2774 1058 2835; x_wconf 90' lang='lat' dir='ltr'><strong><em>aliena,</em></strong></span> <span class='ocrx_word' id='word_1_227' title='bbox 1085 2773 1280 2827; x_wconf 85' lang='lat' dir='ltr'><strong><em>ﬂorens</em></strong></span> <span class='ocrx_word' id='word_1_228' title='bbox 1319 2789 1382 2828; x_wconf 92' lang='lat' dir='ltr'><strong><em>ac</em></strong></span> <span class='ocrx_word' id='word_1_229' title='bbox 1427 2774 1627 2843; x_wconf 77' lang='lat' dir='ltr'><strong><em>vigens.</em></strong></span> <span class='ocrx_word' id='word_1_230' title='bbox 1661 2772 1792 2842; x_wconf 85' lang='lat' dir='ltr'><strong><em>Quid</em></strong></span> <span class='ocrx_word' id='word_1_231' title='bbox 1823 2782 1903 2827; x_wconf 89' lang='lat' dir='ltr'><strong><em>est</em></strong></span> <span class='ocrx_word' id='word_1_232' title='bbox 1931 2789 2024 2825; x_wconf 81' lang='lat' dir='ltr'><strong><em>au-</em></strong></span> 
     </span>
    </p>
   </div>
   <div class='ocr_carea' id='block_1_28' title="bbox 449 2862 2024 2934">
    <p class='ocr_par' dir='ltr' id='par_1_28' title="bbox 449 2862 2024 2934">
     <span class='ocr_line' id='line_1_28' title="bbox 449 2862 2024 2934; baseline -0.002 -17"><span class='ocrx_word' id='word_1_233' title='bbox 449 2875 576 2928; x_wconf 88' lang='lat' dir='ltr'><strong><em>tem,</em></strong></span> <span class='ocrx_word' id='word_1_234' title='bbox 601 2862 895 2916; x_wconf 75' lang='lat' dir='ltr'><strong><em>Memoriale</em></strong></span> <span class='ocrx_word' id='word_1_235' title='bbox 920 2873 1057 2917; x_wconf 88' lang='lat' dir='ltr'><strong><em>tuum</em></strong></span> <span class='ocrx_word' id='word_1_236' title='bbox 1088 2863 1137 2916; x_wconf 90' lang='lat' dir='ltr'><strong><em>in</em></strong></span> <span class='ocrx_word' id='word_1_237' title='bbox 1167 2863 1530 2933; x_wconf 82' lang='lat' dir='ltr'><strong><em>generationem</em></strong></span> <span class='ocrx_word' id='word_1_238' title='bbox 1556 2873 1600 2916; x_wconf 89' lang='lat' dir='ltr'><strong><em>et</em></strong></span> <span class='ocrx_word' id='word_1_239' title='bbox 1623 2863 2024 2934; x_wconf 85' lang='lat' dir='ltr'><strong><em>generationem?</em></strong></span> 
     </span>
    </p>
   </div>
   <div class='ocr_carea' id='block_1_29' title="bbox 450 2953 2018 3022">
    <p class='ocr_par' dir='ltr' id='par_1_29' title="bbox 450 2953 2018 3022">
     <span class='ocr_line' id='line_1_29' title="bbox 450 2953 2018 3022; baseline -0.003 -13"><span class='ocrx_word' id='word_1_240' title='bbox 450 2955 568 3018; x_wconf 78' lang='lat' dir='ltr'><strong><em>Tui,</em></strong></span> <span class='ocrx_word' id='word_1_241' title='bbox 598 2954 782 3022; x_wconf 86' lang='lat' dir='ltr'><strong><em>lnquit,</em></strong></span> <span class='ocrx_word' id='word_1_242' title='bbox 816 2955 1067 3008; x_wconf 84' lang='lat' dir='ltr'><strong><em>memoria</em></strong></span> <span class='ocrx_word' id='word_1_243' title='bbox 1090 2970 1194 3007; x_wconf 89' lang='lat' dir='ltr'><strong><em>non</em></strong></span> <span class='ocrx_word' id='word_1_244' title='bbox 1222 2954 1433 3018; x_wconf 89' lang='lat' dir='ltr'><strong><em>desinit,</em></strong></span> <span class='ocrx_word' id='word_1_245' title='bbox 1461 2963 1515 3008; x_wconf 89' lang='lat' dir='ltr'><strong><em>et</em></strong></span> <span class='ocrx_word' id='word_1_246' title='bbox 1535 2953 1691 3007; x_wconf 87' lang='lat' dir='ltr'><strong><em>linem</em></strong></span> <span class='ocrx_word' id='word_1_247' title='bbox 1714 2968 1816 3006; x_wconf 87' lang='lat' dir='ltr'><strong><em>noo</em></strong></span> <span class='ocrx_word' id='word_1_248' title='bbox 1841 2953 2018 3008; x_wconf 81' lang='lat' dir='ltr'><strong><em>habet.</em></strong></span> 
     </span>
    </p>
   </div>
   <div class='ocr_carea' id='block_1_30' title="bbox 450 3046 2022 3116">
    <p class='ocr_par' dir='ltr' id='par_1_30' title="bbox 450 3046 2022 3116">
     <span class='ocr_line' id='line_1_30' title="bbox 450 3046 2022 3116; baseline -0.003 -12"><span class='ocrx_word' id='word_1_249' title='bbox 450 3049 535 3104; x_wconf 69' lang='lat'><strong><em>14.</em></strong></span> <span class='ocrx_word' id='word_1_250' title='bbox 573 3048 701 3114; x_wconf 74' lang='lat' dir='ltr'><strong><em>Quia</em></strong></span> <span class='ocrx_word' id='word_1_251' title='bbox 718 3046 965 3116; x_wconf 85' lang='lat' dir='ltr'><strong><em>judicabit</em></strong></span> <span class='ocrx_word' id='word_1_252' title='bbox 990 3046 1233 3100; x_wconf 82' lang='lat' dir='ltr'><strong><em>Dominus</em></strong></span> <span class='ocrx_word' id='word_1_253' title='bbox 1258 3047 1498 3116; x_wconf 87' lang='lat' dir='ltr'><strong><em>papulnm</em></strong></span> <span class='ocrx_word' id='word_1_254' title='bbox 1523 3063 1687 3112; x_wconf 86' lang='lat' dir='ltr'><strong><em>suum,</em></strong></span> <span class='ocrx_word' id='word_1_255' title='bbox 1719 3057 1764 3099; x_wconf 85' lang='lat' dir='ltr'><strong><em>et</em></strong></span> <span class='ocrx_word' id='word_1_256' title='bbox 1791 3047 1842 3099; x_wconf 85' lang='lat' dir='ltr'><strong><em>in</em></strong></span> <span class='ocrx_word' id='word_1_257' title='bbox 1871 3047 2022 3100; x_wconf 83' lang='lat' dir='ltr'><strong><em>servis</em></strong></span> 
     </span>
    </p>
   </div>
   <div class='ocr_carea' id='block_1_31' title="bbox 445 3139 2024 3210">
    <p class='ocr_par' dir='ltr' id='par_1_31' title="bbox 445 3139 2024 3210">
     <span class='ocr_line' id='line_1_31' title="bbox 445 3139 2024 3210; baseline -0.003 -14"><span class='ocrx_word' id='word_1_258' title='bbox 445 3143 550 3196; x_wconf 84' lang='lat' dir='ltr'><strong><em>suis</em></strong></span> <span class='ocrx_word' id='word_1_259' title='bbox 576 3141 936 3210; x_wconf 84' lang='lat' dir='ltr'><strong><em>deprecabitur.</em></strong></span> <span class='ocrx_word' id='word_1_260' title='bbox 969 3140 1060 3194; x_wconf 83' lang='lat' dir='ltr'><strong>Vel</strong></span> <span class='ocrx_word' id='word_1_261' title='bbox 1092 3149 1310 3209; x_wconf 90' lang='lat' dir='ltr'><strong><em>utraque</em></strong></span> <span class='ocrx_word' id='word_1_262' title='bbox 1337 3139 1449 3193; x_wconf 71' lang='lat' dir='ltr'><strong><em>hmc</em></strong></span> <span class='ocrx_word' id='word_1_263' title='bbox 1476 3140 1575 3194; x_wconf 89' lang='lat' dir='ltr'><strong><em>dici</em></strong></span> <span class='ocrx_word' id='word_1_264' title='bbox 1603 3150 1824 3209; x_wconf 85' lang='lat' dir='ltr'><strong><em>possunt</em></strong></span> <span class='ocrx_word' id='word_1_265' title='bbox 1845 3140 1910 3193; x_wconf 91' lang='lat' dir='ltr'><strong><em>de</em></strong></span> <span class='ocrx_word' id='word_1_266' title='bbox 1937 3154 2024 3208; x_wconf 88' lang='lat' dir='ltr'><strong><em>po-</em></strong></span> 
     </span>
    </p>
   </div>
   <div class='ocr_carea' id='block_1_32' title="bbox 448 3231 2021 3303">
    <p class='ocr_par' dir='ltr' id='par_1_32' title="bbox 448 3231 2021 3303">
     <span class='ocr_line' id='line_1_32' title="bbox 448 3231 2021 3303; baseline 0 -17"><span class='ocrx_word' id='word_1_267' title='bbox 448 3234 594 3303; x_wconf 88' lang='lat' dir='ltr'><strong><em>pulo,</em></strong></span> <span class='ocrx_word' id='word_1_268' title='bbox 617 3232 753 3301; x_wconf 89' lang='lat' dir='ltr'><strong><em>quod</em></strong></span> <span class='ocrx_word' id='word_1_269' title='bbox 780 3232 846 3286; x_wconf 89' lang='lat' dir='ltr'><strong><em>de</em></strong></span> <span class='ocrx_word' id='word_1_270' title='bbox 872 3247 936 3286; x_wconf 89' lang='lat' dir='ltr'><strong><em>eo</em></strong></span> <span class='ocrx_word' id='word_1_271' title='bbox 965 3245 1152 3302; x_wconf 77' lang='lat' dir='ltr'><strong><em>ptenas</em></strong></span> <span class='ocrx_word' id='word_1_272' title='bbox 1176 3240 1368 3292; x_wconf 89' lang='lat' dir='ltr'><strong><em>sumet,</em></strong></span> <span class='ocrx_word' id='word_1_273' title='bbox 1400 3240 1454 3285; x_wconf 92' lang='lat' dir='ltr'><strong><em>et</em></strong></span> <span class='ocrx_word' id='word_1_274' title='bbox 1485 3242 1662 3298; x_wconf 88' lang='lat' dir='ltr'><strong><em>postea</em></strong></span> <span class='ocrx_word' id='word_1_275' title='bbox 1689 3231 1938 3297; x_wconf 80' lang='lat' dir='ltr'><strong><em>cessabit,</em></strong></span> <span class='ocrx_word' id='word_1_276' title='bbox 1967 3241 2021 3288; x_wconf 90' lang='lat' dir='ltr'><strong><em>et</em></strong></span> 
     </span>
    </p>
   </div>
   <div class='ocr_carea' id='block_1_33' title="bbox 448 3321 2017 3392">
    <p class='ocr_par' dir='ltr' id='par_1_33' title="bbox 448 3321 2017 3392">
     <span class='ocr_line' id='line_1_33' title="bbox 448 3321 2017 3392; baseline -0.001 -14"><span class='ocrx_word' id='word_1_277' title='bbox 448 3325 596 3392; x_wconf 85' lang='lat' dir='ltr'><strong><em>ipsos</em></strong></span> <span class='ocrx_word' id='word_1_278' title='bbox 623 3323 875 3378; x_wconf 87' lang='lat' dir='ltr'><strong><em>recreabit</em></strong></span> <span class='ocrx_word' id='word_1_279' title='bbox 905 3339 918 3374; x_wconf 87' lang='lat'>:</span> <span class='ocrx_word' id='word_1_280' title='bbox 953 3321 1034 3375; x_wconf 88' lang='lat' dir='ltr'><strong><em>vel</em></strong></span> <span class='ocrx_word' id='word_1_281' title='bbox 1074 3321 1301 3384; x_wconf 87' lang='lat' dir='ltr'><strong><em>divisim,</em></strong></span> <span class='ocrx_word' id='word_1_282' title='bbox 1338 3321 1766 3376; x_wconf 82' lang='lat' dir='ltr'><strong><em>Consolationem</em></strong></span> <span class='ocrx_word' id='word_1_283' title='bbox 1805 3323 2017 3390; x_wconf 81' lang='lat' dir='ltr'><strong><em>quidem</em></strong></span> 
     </span>
    </p>
   </div>
   <div class='ocr_carea' id='block_1_34' title="bbox 447 3403 2018 3483">
    <p class='ocr_par' dir='ltr' id='par_1_34' title="bbox 447 3403 2018 3483">
     <span class='ocr_line' id='line_1_34' title="bbox 447 3403 2018 3483; baseline -0.003 -14"><span class='ocrx_word' id='word_1_284' title='bbox 447 3416 690 3483; x_wconf 83' lang='lat' dir='ltr'><strong><em>accipiet,</em></strong></span> <span class='ocrx_word' id='word_1_285' title='bbox 737 3413 804 3468; x_wconf 89' lang='lat' dir='ltr'><strong><em>de</em></strong></span> <span class='ocrx_word' id='word_1_286' title='bbox 847 3414 1042 3483; x_wconf 86' lang='lat' dir='ltr'><strong><em>pepulo</em></strong></span> <span class='ocrx_word' id='word_1_287' title='bbox 1080 3430 1093 3466; x_wconf 88' lang='lat'><strong>:</strong></span> <span class='ocrx_word' id='word_1_288' title='bbox 1138 3412 1391 3465; x_wconf 77' lang='lat' dir='ltr'><strong><em>Judirabit</em></strong></span> <span class='ocrx_word' id='word_1_289' title='bbox 1431 3403 1636 3475; x_wconf 75' lang='lat' dir='ltr'><strong><em>autem,</em></strong></span> <span class='ocrx_word' id='word_1_290' title='bbox 1659 3415 1724 3468; x_wconf 91' lang='lat' dir='ltr'><strong><em>de</em></strong></span> <span class='ocrx_word' id='word_1_291' title='bbox 1763 3412 2018 3478; x_wconf 62' lang='lat' dir='ltr'><strong><em>hostibus.</em></strong></span> 
     </span>
    </p>
   </div>
   <div class='ocr_carea' id='block_1_35' title="bbox 451 3501 2023 3572">
    <p class='ocr_par' dir='ltr' id='par_1_35' title="bbox 451 3501 2023 3572">
     <span class='ocr_line' id='line_1_35' title="bbox 451 3501 2023 3572; baseline -0.001 -15"><span class='ocrx_word' id='word_1_292' title='bbox 451 3506 562 3560; x_wconf 83' lang='lat' dir='ltr'><strong><em>lloe</em></strong></span> <span class='ocrx_word' id='word_1_293' title='bbox 591 3514 689 3566; x_wconf 88' lang='lat' dir='ltr'><strong><em>est.</em></strong></span> <span class='ocrx_word' id='word_1_294' title='bbox 724 3503 846 3558; x_wconf 86' lang='lat' dir='ltr'><strong><em>Illos</em></strong></span> <span class='ocrx_word' id='word_1_295' title='bbox 889 3503 1098 3572; x_wconf 84' lang='lat' dir='ltr'><strong><em>quidem</em></strong></span> <span class='ocrx_word' id='word_1_296' title='bbox 1145 3501 1440 3565; x_wconf 87' lang='lat' dir='ltr'><strong><em>recreabit;</em></strong></span> <span class='ocrx_word' id='word_1_297' title='bbox 1475 3501 1575 3556; x_wconf 89' lang='lat' dir='ltr'><strong><em>hoc</em></strong></span> <span class='ocrx_word' id='word_1_298' title='bbox 1611 3502 1753 3556; x_wconf 90' lang='lat' dir='ltr'><strong><em>enim</em></strong></span> <span class='ocrx_word' id='word_1_299' title='bbox 1785 3503 1884 3556; x_wconf 90' lang='lat' dir='ltr'><strong><em>sibi</em></strong></span> <span class='ocrx_word' id='word_1_300' title='bbox 1914 3502 2023 3556; x_wconf 84' lang='lat' dir='ltr'><strong><em>vult</em></strong></span> 
     </span>
    </p>
   </div>
   <div class='ocr_carea' id='block_1_36' title="bbox 447 3592 2022 3664">
    <p class='ocr_par' dir='ltr' id='par_1_36' title="bbox 447 3592 2022 3664">
     <span class='ocr_line' id='line_1_36' title="bbox 447 3592 2022 3664; baseline -0.002 -13"><span class='ocrx_word' id='word_1_301' title='bbox 447 3597 574 3652; x_wconf 91' lang='lat' dir='ltr'><strong><em>illud</em></strong></span> <span class='ocrx_word' id='word_1_302' title='bbox 603 3637 616 3658; x_wconf 86' lang='lat'><strong><em>.</em></strong></span> <span class='ocrx_word' id='word_1_303' title='bbox 645 3595 1074 3651; x_wconf 79' lang='lat' dir='ltr'><strong><em>Consolationem</em></strong></span> <span class='ocrx_word' id='word_1_304' title='bbox 1118 3593 1367 3664; x_wconf 85' lang='lat' dir='ltr'><strong><em>accipiet;</em></strong></span> <span class='ocrx_word' id='word_1_305' title='bbox 1398 3592 1657 3647; x_wconf 79' lang='lat' dir='ltr'><strong><em>Judicabit</em></strong></span> <span class='ocrx_word' id='word_1_306' title='bbox 1699 3605 1874 3649; x_wconf 87' lang='lat' dir='ltr'><strong><em>autem</em></strong></span> <span class='ocrx_word' id='word_1_307' title='bbox 1929 3597 2022 3648; x_wconf 77' lang='lat' dir='ltr'><strong><em>lto-</em></strong></span> 
     </span>
    </p>
   </div>
   <div class='ocr_carea' id='block_1_37' title="bbox 446 3687 1524 3758">
    <p class='ocr_par' dir='ltr' id='par_1_37' title="bbox 446 3687 1524 3758">
     <span class='ocr_line' id='line_1_37' title="bbox 446 3687 1524 3758; baseline -0.004 -14"><span class='ocrx_word' id='word_1_308' title='bbox 446 3700 559 3744; x_wconf 88' lang='lat' dir='ltr'><strong><em>stes</em></strong></span> <span class='ocrx_word' id='word_1_309' title='bbox 588 3707 600 3741; x_wconf 95' lang='lat'>:</span> <span class='ocrx_word' id='word_1_310' title='bbox 635 3689 733 3742; x_wconf 90' lang='lat' dir='ltr'><strong><em>hoc</em></strong></span> <span class='ocrx_word' id='word_1_311' title='bbox 754 3697 856 3752; x_wconf 88' lang='lat' dir='ltr'><strong><em>est,</em></strong></span> <span class='ocrx_word' id='word_1_312' title='bbox 879 3687 948 3740; x_wconf 83' lang='lat' dir='ltr'><strong><em>de</em></strong></span> <span class='ocrx_word' id='word_1_313' title='bbox 970 3687 1094 3758; x_wconf 82' lang='lat' dir='ltr'><strong><em>ipsis</em></strong></span> <span class='ocrx_word' id='word_1_314' title='bbox 1121 3701 1303 3756; x_wconf 83' lang='lat' dir='ltr'><strong><em>poenas</em></strong></span> <span class='ocrx_word' id='word_1_315' title='bbox 1331 3695 1524 3740; x_wconf 78' lang='lat' dir='ltr'><strong><em>sinuet.</em></strong></span> 
     </span>
    </p>
   </div>
   <div class='ocr_carea' id='block_1_38' title="bbox 525 3779 2023 3850">
    <p class='ocr_par' dir='ltr' id='par_1_38' title="bbox 525 3779 2023 3850">
     <span class='ocr_line' id='line_1_38' title="bbox 525 3779 2023 3850; baseline 0 -16"><span class='ocrx_word' id='word_1_316' title='bbox 525 3784 576 3835; x_wconf 88' lang='lat'><strong><em>7.</em></strong></span> <span class='ocrx_word' id='word_1_317' title='bbox 609 3782 806 3836; x_wconf 75' lang='lat' dir='ltr'><strong><em>Deinde</em></strong></span> <span class='ocrx_word' id='word_1_318' title='bbox 831 3781 1080 3850; x_wconf 86' lang='lat' dir='ltr'><strong><em>quoniam</em></strong></span> <span class='ocrx_word' id='word_1_319' title='bbox 1102 3794 1204 3832; x_wconf 93' lang='lat' dir='ltr'><strong><em>non</em></strong></span> <span class='ocrx_word' id='word_1_320' title='bbox 1233 3789 1437 3848; x_wconf 86' lang='lat' dir='ltr'><strong><em>poterat</em></strong></span> <span class='ocrx_word' id='word_1_321' title='bbox 1458 3779 1635 3834; x_wconf 85' lang='lat' dir='ltr'><strong><em>dicere</em></strong></span> <span class='ocrx_word' id='word_1_322' title='bbox 1660 3795 1842 3834; x_wconf 88' lang='lat' dir='ltr'><strong><em>eorum</em></strong></span> <span class='ocrx_word' id='word_1_323' title='bbox 1881 3789 2023 3835; x_wconf 88' lang='lat' dir='ltr'><strong><em>recte</em></strong></span> 
     </span>
    </p>
   </div>
   <div class='ocr_carea' id='block_1_39' title="bbox 449 3871 2024 3941">
    <p class='ocr_par' dir='ltr' id='par_1_39' title="bbox 449 3871 2024 3941">
     <span class='ocr_line' id='line_1_39' title="bbox 449 3871 2024 3941; baseline -0.004 -14"><span class='ocrx_word' id='word_1_324' title='bbox 449 3873 710 3941; x_wconf 84' lang='lat' dir='ltr'><strong><em>lacta,hac</em></strong></span> <span class='ocrx_word' id='word_1_325' title='bbox 733 3871 1051 3941; x_wconf 87' lang='lat' dir='ltr'><strong><em>justilicandi</em></strong></span> <span class='ocrx_word' id='word_1_326' title='bbox 1079 3871 1283 3926; x_wconf 76' lang='lat' dir='ltr'><strong><em>ratione</em></strong></span> <span class='ocrx_word' id='word_1_327' title='bbox 1303 3871 1482 3935; x_wconf 85' lang='lat' dir='ltr'><strong><em>utitur,</em></strong></span> <span class='ocrx_word' id='word_1_328' title='bbox 1503 3886 1689 3939; x_wconf 90' lang='lat' dir='ltr'><strong><em>nempe</em></strong></span> <span class='ocrx_word' id='word_1_329' title='bbox 1703 3872 1913 3924; x_wconf 88' lang='lat' dir='ltr'><strong><em>nomine</em></strong></span> <span class='ocrx_word' id='word_1_330' title='bbox 1931 3887 2024 3940; x_wconf 82' lang='lat' dir='ltr'><strong><em>po-</em></strong></span> 
     </span>
    </p>
   </div>
   <div class='ocr_carea' id='block_1_40' title="bbox 448 3960 2022 4033">
    <p class='ocr_par' dir='ltr' id='par_1_40' title="bbox 448 3960 2022 4033">
     <span class='ocr_line' id='line_1_40' title="bbox 448 3960 2022 4033; baseline -0.003 -15"><span class='ocrx_word' id='word_1_331' title='bbox 448 3965 576 4033; x_wconf 88' lang='lat' dir='ltr'><strong><em>puli,</em></strong></span> <span class='ocrx_word' id='word_1_332' title='bbox 592 3974 642 4020; x_wconf 92' lang='lat' dir='ltr'><strong><em>et</em></strong></span> <span class='ocrx_word' id='word_1_333' title='bbox 660 3963 871 4019; x_wconf 87' lang='lat' dir='ltr'><strong><em>nomine</em></strong></span> <span class='ocrx_word' id='word_1_334' title='bbox 887 3976 1180 4016; x_wconf 69' lang='lat' dir='ltr'><strong><em>servorum.</em></strong></span> <span class='ocrx_word' id='word_1_335' title='bbox 1201 3961 1330 4015; x_wconf 68' lang='lat' dir='ltr'><strong><em>Crun</em></strong></span> <span class='ocrx_word' id='word_1_336' title='bbox 1356 3969 1528 4014; x_wconf 88' lang='lat' dir='ltr'><strong><em>autem</em></strong></span> <span class='ocrx_word' id='word_1_337' title='bbox 1549 3960 1701 4024; x_wconf 82' lang='lat' dir='ltr'><strong><em>dixit,</em></strong></span> <span class='ocrx_word' id='word_1_338' title='bbox 1721 3960 2022 4030; x_wconf 76' lang='lat' dir='ltr'><strong><em>Deprmtbi-</em></strong></span> 
     </span>
    </p>
   </div>
   <div class='ocr_carea' id='block_1_41' title="bbox 449 4051 2018 4120">
    <p class='ocr_par' dir='ltr' id='par_1_41' title="bbox 449 4051 2018 4120">
     <span class='ocr_line' id='line_1_41' title="bbox 449 4051 2018 4120; baseline -0.001 -12"><span class='ocrx_word' id='word_1_339' title='bbox 449 4067 550 4120; x_wconf 87' lang='lat' dir='ltr'><strong><em>tur,</em></strong></span> <span class='ocrx_word' id='word_1_340' title='bbox 589 4055 818 4110; x_wconf 89' lang='lat' dir='ltr'><strong><em>ostendit</em></strong></span> <span class='ocrx_word' id='word_1_341' title='bbox 856 4051 1336 4109; x_wconf 85' lang='lat' dir='ltr'><strong><em>reconciliationem</em></strong></span> <span class='ocrx_word' id='word_1_342' title='bbox 1370 4067 1489 4106; x_wconf 89' lang='lat' dir='ltr'><strong><em>esse</em></strong></span> <span class='ocrx_word' id='word_1_343' title='bbox 1525 4052 1661 4106; x_wconf 91' lang='lat' dir='ltr'><strong><em>illius</em></strong></span> <span class='ocrx_word' id='word_1_344' title='bbox 1701 4053 2018 4116; x_wconf 71' lang='lat' dir='ltr'><strong><em>clementiae,</em></strong></span> 
     </span>
    </p>
   </div>
   <div class='ocr_carea' id='block_1_42' title="bbox 447 4141 2020 4215">
    <p class='ocr_par' dir='ltr' id='par_1_42' title="bbox 447 4141 2020 4215">
     <span class='ocr_line' id='line_1_42' title="bbox 447 4141 2020 4215; baseline -0.004 -13"><span class='ocrx_word' id='word_1_345' title='bbox 447 4164 554 4202; x_wconf 90' lang='lat' dir='ltr'><strong><em>non</em></strong></span> <span class='ocrx_word' id='word_1_346' title='bbox 587 4157 760 4200; x_wconf 90' lang='lat' dir='ltr'><strong><em>autem</em></strong></span> <span class='ocrx_word' id='word_1_347' title='bbox 788 4161 849 4198; x_wconf 80' lang='lat' dir='ltr'><strong><em>ex</em></strong></span> <span class='ocrx_word' id='word_1_348' title='bbox 885 4146 1098 4215; x_wconf 87' lang='lat' dir='ltr'><strong><em>illorum</em></strong></span> <span class='ocrx_word' id='word_1_349' title='bbox 1129 4143 1353 4205; x_wconf 71' lang='lat' dir='ltr'><strong><em>meritis.</em></strong></span> <span class='ocrx_word' id='word_1_350' title='bbox 1383 4141 1476 4196; x_wconf 83' lang='lat' dir='ltr'><strong><em>Ubi</em></strong></span> <span class='ocrx_word' id='word_1_351' title='bbox 1515 4143 1656 4197; x_wconf 90' lang='lat' dir='ltr'><strong><em>enim</em></strong></span> <span class='ocrx_word' id='word_1_352' title='bbox 1696 4143 2020 4213; x_wconf 79' lang='lat' dir='ltr'><strong><em>deprecatio,</em></strong></span> 
     </span>
    </p>
   </div>
   <div class='ocr_carea' id='block_1_43' title="bbox 451 4235 2022 4308">
    <p class='ocr_par' dir='ltr' id='par_1_43' title="bbox 451 4235 2022 4308">
     <span class='ocr_line' id='line_1_43' title="bbox 451 4235 2022 4308; baseline 0.001 -18"><span class='ocrx_word' id='word_1_353' title='bbox 451 4240 604 4292; x_wconf 78' lang='lat' dir='ltr'><strong><em>venia</em></strong></span> <span class='ocrx_word' id='word_1_354' title='bbox 657 4251 790 4308; x_wconf 89' lang='lat' dir='ltr'><strong><em>opus</em></strong></span> <span class='ocrx_word' id='word_1_355' title='bbox 845 4244 926 4290; x_wconf 85' lang='lat' dir='ltr'><strong><em>est</em></strong></span> <span class='ocrx_word' id='word_1_356' title='bbox 973 4253 986 4290; x_wconf 92' lang='lat'>:</span> <span class='ocrx_word' id='word_1_357' title='bbox 1038 4235 1125 4290; x_wconf 85' lang='lat' dir='ltr'><strong><em>ubi</em></strong></span> <span class='ocrx_word' id='word_1_358' title='bbox 1176 4245 1352 4289; x_wconf 87' lang='lat' dir='ltr'><strong><em>autem</em></strong></span> <span class='ocrx_word' id='word_1_359' title='bbox 1397 4248 1530 4303; x_wconf 83' lang='lat' dir='ltr'><strong><em>Opus</em></strong></span> <span class='ocrx_word' id='word_1_360' title='bbox 1579 4242 1662 4289; x_wconf 89' lang='lat' dir='ltr'><strong><em>est</em></strong></span> <span class='ocrx_word' id='word_1_361' title='bbox 1702 4235 1870 4301; x_wconf 73' lang='lat' dir='ltr'><strong><em>venia,</em></strong></span> <span class='ocrx_word' id='word_1_362' title='bbox 1916 4251 2022 4291; x_wconf 90' lang='lat' dir='ltr'><strong><em>non</em></strong></span> 
     </span>
    </p>
   </div>
   <div class='ocr_carea' id='block_1_44' title="bbox 448 4326 2025 4395">
    <p class='ocr_par' dir='ltr' id='par_1_44' title="bbox 448 4326 2025 4395">
     <span class='ocr_line' id='line_1_44' title="bbox 448 4326 2025 4395; baseline -0.002 -10"><span class='ocrx_word' id='word_1_363' title='bbox 448 4338 574 4385; x_wconf 85' lang='lat' dir='ltr'><strong><em>sunt</em></strong></span> <span class='ocrx_word' id='word_1_364' title='bbox 621 4340 762 4384; x_wconf 89' lang='lat' dir='ltr'><strong><em>recte</em></strong></span> <span class='ocrx_word' id='word_1_365' title='bbox 818 4330 1071 4382; x_wconf 80' lang='lat' dir='ltr'><strong><em>factorum</em></strong></span> <span class='ocrx_word' id='word_1_366' title='bbox 1123 4333 1338 4392; x_wconf 87' lang='lat' dir='ltr'><strong><em>merita,</em></strong></span> <span class='ocrx_word' id='word_1_367' title='bbox 1387 4326 1481 4379; x_wconf 79' lang='lat' dir='ltr'><strong><em>sed</em></strong></span> <span class='ocrx_word' id='word_1_368' title='bbox 1533 4335 1615 4382; x_wconf 89' lang='lat' dir='ltr'><strong><em>est</em></strong></span> <span class='ocrx_word' id='word_1_369' title='bbox 1659 4336 1864 4395; x_wconf 88' lang='lat' dir='ltr'><strong><em>tempus</em></strong></span> <span class='ocrx_word' id='word_1_370' title='bbox 1915 4329 2025 4382; x_wconf 87' lang='lat' dir='ltr'><strong><em>cle-</em></strong></span> 
     </span>
    </p>
   </div>
   <div class='ocr_carea' id='block_1_45' title="bbox 449 4417 2024 4487">
    <p class='ocr_par' dir='ltr' id='par_1_45' title="bbox 449 4417 2024 4487">
     <span class='ocr_line' id='line_1_45' title="bbox 449 4417 2024 4487; baseline -0.001 -12"><span class='ocrx_word' id='word_1_371' title='bbox 449 4420 682 4476; x_wconf 72' lang='lat' dir='ltr'><strong><em>mentire.</em></strong></span> <span class='ocrx_word' id='word_1_372' title='bbox 731 4420 987 4486; x_wconf 89' lang='lat' dir='ltr'><strong><em>Quoniam</em></strong></span> <span class='ocrx_word' id='word_1_373' title='bbox 1031 4435 1156 4486; x_wconf 73' lang='lat' dir='ltr'><strong><em>ergo</em></strong></span> <span class='ocrx_word' id='word_1_374' title='bbox 1207 4418 1337 4472; x_wconf 81' lang='lat' dir='ltr'><strong><em>dixit</em></strong></span> <span class='ocrx_word' id='word_1_375' title='bbox 1385 4419 1626 4487; x_wconf 87' lang='lat' dir='ltr'><strong><em>superius</em></strong></span> <span class='ocrx_word' id='word_1_376' title='bbox 1666 4433 1680 4470; x_wconf 89' lang='lat'><strong>:</strong></span> <span class='ocrx_word' id='word_1_377' title='bbox 1728 4417 2024 4473; x_wconf 81' lang='lat' dir='ltr'><strong><em>Memoriale</em></strong></span> 
     </span>
    </p>
   </div>
   <div class='ocr_carea' id='block_1_46' title="bbox 448 4508 2020 4582">
    <p class='ocr_par' dir='ltr' id='par_1_46' title="bbox 448 4508 2020 4582">
     <span class='ocr_line' id='line_1_46' title="bbox 448 4508 2020 4582; baseline 0 -19"><span class='ocrx_word' id='word_1_378' title='bbox 448 4523 592 4566; x_wconf 82' lang='lat' dir='ltr'><strong><em>tuum</em></strong></span> <span class='ocrx_word' id='word_1_379' title='bbox 619 4511 670 4566; x_wconf 91' lang='lat' dir='ltr'><strong><em>in</em></strong></span> <span class='ocrx_word' id='word_1_380' title='bbox 697 4512 1062 4582; x_wconf 82' lang='lat' dir='ltr'><strong><em>generationem</em></strong></span> <span class='ocrx_word' id='word_1_381' title='bbox 1103 4519 1149 4562; x_wconf 86' lang='lat' dir='ltr'><strong><em>et</em></strong></span> <span class='ocrx_word' id='word_1_382' title='bbox 1187 4509 1576 4580; x_wconf 86' lang='lat' dir='ltr'><strong><em>generationem,</em></strong></span> <span class='ocrx_word' id='word_1_383' title='bbox 1607 4508 1705 4562; x_wconf 90' lang='lat' dir='ltr'><strong><em>soli</em></strong></span> <span class='ocrx_word' id='word_1_384' title='bbox 1736 4518 1912 4563; x_wconf 88' lang='lat' dir='ltr'><strong><em>autem</em></strong></span> <span class='ocrx_word' id='word_1_385' title='bbox 1956 4525 2020 4564; x_wconf 80' lang='lat' dir='ltr'><strong><em>ex</em></strong></span> 
     </span>
    </p>
   </div>
   <div class='ocr_carea' id='block_1_47' title="bbox 446 4600 2024 4676">
    <p class='ocr_par' dir='ltr' id='par_1_47' title="bbox 446 4600 2024 4676">
     <span class='ocr_line' id='line_1_47' title="bbox 446 4600 2024 4676; baseline -0.003 -17"><span class='ocrx_word' id='word_1_386' title='bbox 446 4606 561 4659; x_wconf 87' lang='lat' dir='ltr'><strong><em>aliis</em></strong></span> <span class='ocrx_word' id='word_1_387' title='bbox 589 4604 830 4676; x_wconf 80' lang='lat' dir='ltr'><strong><em>gentibus</em></strong></span> <span class='ocrx_word' id='word_1_388' title='bbox 860 4604 959 4673; x_wconf 88' lang='lat' dir='ltr'><strong><em>ipsi</em></strong></span> <span class='ocrx_word' id='word_1_389' title='bbox 1000 4611 1124 4656; x_wconf 90' lang='lat' dir='ltr'><strong><em>tunc</em></strong></span> <span class='ocrx_word' id='word_1_390' title='bbox 1154 4603 1343 4676; x_wconf 53' lang='lat' dir='ltr'><strong><em>Deutm</em></strong></span> <span class='ocrx_word' id='word_1_391' title='bbox 1364 4600 1462 4654; x_wconf 91' lang='lat' dir='ltr'><strong><em>sibi</em></strong></span> <span class='ocrx_word' id='word_1_392' title='bbox 1506 4600 1896 4667; x_wconf 86' lang='lat' dir='ltr'><strong><em>adscribebant,</em></strong></span> <span class='ocrx_word' id='word_1_393' title='bbox 1931 4617 2024 4670; x_wconf 85' lang='lat' dir='ltr'><strong><em>per</em></strong></span> 
     </span>
    </p>
   </div>
   <div class='ocr_carea' id='block_1_48' title="bbox 439 4678 2024 4768">
    <p class='ocr_par' dir='ltr' id='par_1_48' title="bbox 439 4678 2024 4768">
     <span class='ocr_line' id='line_1_48' title="bbox 439 4678 2024 4768; baseline -0.002 -17"><span class='ocrx_word' id='word_1_394' title='bbox 439 4700 548 4760; x_wconf 84' lang='lat' dir='ltr'><strong><em>hoc</em></strong></span> <span class='ocrx_word' id='word_1_395' title='bbox 575 4699 676 4752; x_wconf 84' lang='lat' dir='ltr'><strong><em>tale</em></strong></span> <span class='ocrx_word' id='word_1_396' title='bbox 703 4678 825 4767; x_wconf 86' lang='lat' dir='ltr'><strong><em>quid</em></strong></span> <span class='ocrx_word' id='word_1_397' title='bbox 847 4696 1126 4766; x_wconf 82' lang='lat' dir='ltr'><strong><em>signiﬁcat,</em></strong></span> <span class='ocrx_word' id='word_1_398' title='bbox 1155 4703 1210 4748; x_wconf 89' lang='lat' dir='ltr'><strong><em>et</em></strong></span> <span class='ocrx_word' id='word_1_399' title='bbox 1235 4694 1382 4759; x_wconf 89' lang='lat' dir='ltr'><strong><em>dicit,</em></strong></span> <span class='ocrx_word' id='word_1_400' title='bbox 1408 4694 1561 4749; x_wconf 88' lang='lat' dir='ltr'><strong><em>Salus</em></strong></span> <span class='ocrx_word' id='word_1_401' title='bbox 1589 4693 1764 4764; x_wconf 84' lang='lat' dir='ltr'><strong><em>populi</em></strong></span> <span class='ocrx_word' id='word_1_402' title='bbox 1794 4693 2024 4768; x_wconf 86' lang='lat' dir='ltr'><strong><em>ostendit</em></strong></span> 
     </span>
    </p>
   </div>
   <div class='ocr_carea' id='block_1_49' title="bbox 447 4785 2026 4862">
    <p class='ocr_par' dir='ltr' id='par_1_49' title="bbox 447 4785 2026 4862">
     <span class='ocr_line' id='line_1_49' title="bbox 447 4785 2026 4862; baseline -0.003 -16"><span class='ocrx_word' id='word_1_403' title='bbox 447 4801 589 4846; x_wconf 88' lang='lat' dir='ltr'><strong><em>tuam</em></strong></span> <span class='ocrx_word' id='word_1_404' title='bbox 619 4790 755 4862; x_wconf 87' lang='lat' dir='ltr'><strong><em>apud</em></strong></span> <span class='ocrx_word' id='word_1_405' title='bbox 789 4790 982 4843; x_wconf 81' lang='lat' dir='ltr'><strong><em>multos</em></strong></span> <span class='ocrx_word' id='word_1_406' title='bbox 1009 4787 1250 4856; x_wconf 77' lang='lat' dir='ltr'><strong><em>gloriam.</em></strong></span> <span class='ocrx_word' id='word_1_407' title='bbox 1279 4786 1408 4853; x_wconf 81' lang='lat' dir='ltr'><strong><em>Qua:</em></strong></span> <span class='ocrx_word' id='word_1_408' title='bbox 1433 4787 1574 4840; x_wconf 89' lang='lat' dir='ltr'><strong><em>enim</em></strong></span> <span class='ocrx_word' id='word_1_409' title='bbox 1603 4794 1787 4840; x_wconf 88' lang='lat' dir='ltr'><strong><em>natura</em></strong></span> <span class='ocrx_word' id='word_1_410' title='bbox 1813 4785 1858 4839; x_wconf 89' lang='lat' dir='ltr'><strong><em>ei</em></strong></span> <span class='ocrx_word' id='word_1_411' title='bbox 1887 4785 2026 4841; x_wconf 89' lang='lat' dir='ltr'><strong><em>inest</em></strong></span> 
     </span>
    </p>
   </div>
   <div class='ocr_carea' id='block_1_50' title="bbox 444 4864 2024 4952">
    <p class='ocr_par' dir='ltr' id='par_1_50' title="bbox 444 4864 2024 4952">
     <span class='ocr_line' id='line_1_50' title="bbox 444 4864 2024 4952; baseline -0.003 -16"><span class='ocrx_word' id='word_1_412' title='bbox 444 4882 644 4952; x_wconf 84' lang='lat' dir='ltr'><strong><em>gloria,</em></strong></span> <span class='ocrx_word' id='word_1_413' title='bbox 676 4881 772 4935; x_wconf 88' lang='lat' dir='ltr'><strong><em>etsi</em></strong></span> <span class='ocrx_word' id='word_1_414' title='bbox 804 4864 980 4932; x_wconf 83' lang='lat' dir='ltr'><strong><em>nullus</em></strong></span> <span class='ocrx_word' id='word_1_415' title='bbox 1009 4893 1127 4933; x_wconf 91' lang='lat' dir='ltr'><strong><em>eum</em></strong></span> <span class='ocrx_word' id='word_1_416' title='bbox 1171 4877 1310 4931; x_wconf 84' lang='lat' dir='ltr'><strong><em>colat</em></strong></span> <span class='ocrx_word' id='word_1_417' title='bbox 1350 4885 1404 4930; x_wconf 88' lang='lat' dir='ltr'><strong><em>et</em></strong></span> <span class='ocrx_word' id='word_1_418' title='bbox 1443 4871 1688 4932; x_wconf 66' lang='lat' dir='ltr'><strong><em>obseri&#39;et</em></strong></span> <span class='ocrx_word' id='word_1_419' title='bbox 1711 4918 1724 4942; x_wconf 91' lang='lat'><strong><em>,</em></strong></span> <span class='ocrx_word' id='word_1_420' title='bbox 1769 4885 2024 4946; x_wconf 87' lang='lat' dir='ltr'><strong><em>perpetuo</em></strong></span> 
     </span>
    </p>
   </div>
   <div class='ocr_carea' id='block_1_51' title="bbox 444 4967 2022 5038">
    <p class='ocr_par' dir='ltr' id='par_1_51' title="bbox 444 4967 2022 5038">
     <span class='ocr_line' id='line_1_51' title="bbox 444 4967 2022 5038; baseline -0.005 -10"><span class='ocrx_word' id='word_1_421' title='bbox 444 4983 643 5038; x_wconf 86' lang='lat' dir='ltr'><strong><em>manet,</em></strong></span> <span class='ocrx_word' id='word_1_422' title='bbox 666 4979 720 5027; x_wconf 88' lang='lat' dir='ltr'><strong><em>et</em></strong></span> <span class='ocrx_word' id='word_1_423' title='bbox 748 4987 848 5026; x_wconf 85' lang='lat' dir='ltr'><strong><em>nec</em></strong></span> <span class='ocrx_word' id='word_1_424' title='bbox 877 4967 1062 5030; x_wconf 89' lang='lat' dir='ltr'><strong><em>minui,</em></strong></span> <span class='ocrx_word' id='word_1_425' title='bbox 1094 4981 1191 5021; x_wconf 86' lang='lat' dir='ltr'><strong><em>nec</em></strong></span> <span class='ocrx_word' id='word_1_426' title='bbox 1217 4967 1454 5032; x_wconf 50' lang='lat' dir='ltr'><strong><em>dissolvi,</em></strong></span> <span class='ocrx_word' id='word_1_427' title='bbox 1483 4982 1579 5020; x_wconf 90' lang='lat' dir='ltr'><strong><em>nec</em></strong></span> <span class='ocrx_word' id='word_1_428' title='bbox 1600 4967 1790 5020; x_wconf 88' lang='lat' dir='ltr'><strong><em>mutari</em></strong></span> <span class='ocrx_word' id='word_1_429' title='bbox 1816 4973 2022 5034; x_wconf 83' lang='lat' dir='ltr'><strong><em>potest:</em></strong></span> 
     </span>
    </p>
   </div>
   <div class='ocr_carea' id='block_1_52' title="bbox 445 5057 2024 5136">
    <p class='ocr_par' dir='ltr' id='par_1_52' title="bbox 445 5057 2024 5136">
     <span class='ocr_line' id='line_1_52' title="bbox 445 5057 2024 5136; baseline -0.003 -20"><span class='ocrx_word' id='word_1_430' title='bbox 445 5082 572 5136; x_wconf 59' lang='lat' dir='ltr'><strong><em>quas</em></strong></span> <span class='ocrx_word' id='word_1_431' title='bbox 605 5064 676 5118; x_wconf 88' lang='lat' dir='ltr'><strong><em>sit</em></strong></span> <span class='ocrx_word' id='word_1_432' title='bbox 702 5071 880 5117; x_wconf 87' lang='lat' dir='ltr'><strong><em>autem</em></strong></span> <span class='ocrx_word' id='word_1_433' title='bbox 906 5060 1022 5128; x_wconf 87' lang='lat' dir='ltr'><strong><em>ejus</em></strong></span> <span class='ocrx_word' id='word_1_434' title='bbox 1048 5057 1185 5126; x_wconf 87' lang='lat' dir='ltr'><strong><em>apud</em></strong></span> <span class='ocrx_word' id='word_1_435' title='bbox 1229 5059 1426 5112; x_wconf 91' lang='lat' dir='ltr'><strong><em>multos</em></strong></span> <span class='ocrx_word' id='word_1_436' title='bbox 1469 5057 1718 5118; x_wconf 89' lang='lat' dir='ltr'><strong><em>laudatio.</em></strong></span> <span class='ocrx_word' id='word_1_437' title='bbox 1765 5073 1797 5112; x_wconf 89' lang='lat' dir='ltr'><strong><em>a</em></strong></span> <span class='ocrx_word' id='word_1_438' title='bbox 1846 5067 2024 5112; x_wconf 86' lang='lat' dir='ltr'><strong><em>nostra</em></strong></span> 
     </span>
    </p>
   </div>
   <div class='ocr_carea' id='block_1_53' title="bbox 443 5151 2024 5216">
    <p class='ocr_par' dir='ltr' id='par_1_53' title="bbox 443 5151 2024 5216">
     <span class='ocr_line' id='line_1_53' title="bbox 443 5151 2024 5216; baseline -0.005 -4"><span class='ocrx_word' id='word_1_439' title='bbox 443 5158 605 5212; x_wconf 88' lang='lat' dir='ltr'><strong><em>etiam</em></strong></span> <span class='ocrx_word' id='word_1_440' title='bbox 651 5155 820 5207; x_wconf 86' lang='lat' dir='ltr'><strong><em>salute</em></strong></span> <span class='ocrx_word' id='word_1_441' title='bbox 861 5151 1188 5210; x_wconf 87' lang='lat' dir='ltr'><strong><em>ostendetur,</em></strong></span> <span class='ocrx_word' id='word_1_442' title='bbox 1234 5166 1352 5204; x_wconf 91' lang='lat' dir='ltr'><strong><em>eum</em></strong></span> <span class='ocrx_word' id='word_1_443' title='bbox 1393 5167 1489 5205; x_wconf 90' lang='lat' dir='ltr'><strong><em>nos</em></strong></span> <span class='ocrx_word' id='word_1_444' title='bbox 1527 5152 1813 5216; x_wconf 86' lang='lat' dir='ltr'><strong><em>civitatem,</em></strong></span> <span class='ocrx_word' id='word_1_445' title='bbox 1855 5151 2024 5204; x_wconf 73' lang='lat' dir='ltr'><strong><em>aulem</em></strong></span> 
     </span>
    </p>
   </div>
   <div class='ocr_carea' id='block_1_54' title="bbox 444 5243 2024 5313">
    <p class='ocr_par' dir='ltr' id='par_1_54' title="bbox 444 5243 2024 5313">
     <span class='ocr_line' id='line_1_54' title="bbox 444 5243 2024 5313; baseline -0.003 -12"><span class='ocrx_word' id='word_1_446' title='bbox 444 5262 670 5310; x_wconf 78' lang='lat' dir='ltr'><strong><em>sacram,</em></strong></span> <span class='ocrx_word' id='word_1_447' title='bbox 704 5253 759 5299; x_wconf 89' lang='lat' dir='ltr'><strong><em>et</em></strong></span> <span class='ocrx_word' id='word_1_448' title='bbox 788 5243 1042 5311; x_wconf 88' lang='lat' dir='ltr'><strong><em>templum</em></strong></span> <span class='ocrx_word' id='word_1_449' title='bbox 1083 5243 1458 5306; x_wconf 84' lang='lat' dir='ltr'><strong><em>receperimus,</em></strong></span> <span class='ocrx_word' id='word_1_450' title='bbox 1492 5251 1546 5298; x_wconf 87' lang='lat' dir='ltr'><strong><em>et</em></strong></span> <span class='ocrx_word' id='word_1_451' title='bbox 1581 5243 1814 5312; x_wconf 70' lang='lat' dir='ltr'><strong><em>pristina:</em></strong></span> <span class='ocrx_word' id='word_1_452' title='bbox 1845 5243 2024 5313; x_wconf 76' lang='lat' dir='ltr'><strong><em>reipu-</em></strong></span> 
     </span>
    </p>
   </div>
   <div class='ocr_carea' id='block_1_55' title="bbox 444 5331 1154 5393">
    <p class='ocr_par' dir='ltr' id='par_1_55' title="bbox 444 5331 1154 5393">
     <span class='ocr_line' id='line_1_55' title="bbox 444 5331 1154 5393; baseline -0.015 0"><span class='ocrx_word' id='word_1_453' title='bbox 444 5339 598 5393; x_wconf 72' lang='lat' dir='ltr'><strong><em>blicte</em></strong></span> <span class='ocrx_word' id='word_1_454' title='bbox 624 5331 854 5389; x_wconf 88' lang='lat' dir='ltr'><strong><em>restituti</em></strong></span> <span class='ocrx_word' id='word_1_455' title='bbox 881 5331 1154 5386; x_wconf 79' lang='lat' dir='ltr'><strong><em>fuerimus.</em></strong></span> 
     </span>
    </p>
   </div>
   <div class='ocr_carea' id='block_1_56' title="bbox 518 5422 2021 5498">
    <p class='ocr_par' dir='ltr' id='par_1_56' title="bbox 518 5422 2021 5498">
     <span class='ocr_line' id='line_1_56' title="bbox 518 5422 2021 5498; baseline -0.007 -14"><span class='ocrx_word' id='word_1_456' title='bbox 518 5427 925 5484; x_wconf 82' lang='lat' dir='ltr'><strong><em>Simulaerorum</em></strong></span> <span class='ocrx_word' id='word_1_457' title='bbox 968 5423 1176 5478; x_wconf 82' lang='lat' dir='ltr'><strong><em>uanitas.</em></strong></span> <span class='ocrx_word' id='word_1_458' title='bbox 1219 5424 1432 5478; x_wconf 72' lang='lat' dir='ltr'><strong><em>Daemon</em></strong></span> <span class='ocrx_word' id='word_1_459' title='bbox 1475 5441 1563 5498; x_wconf 85' lang='lat' dir='ltr'><strong><em>cur</em></strong></span> <span class='ocrx_word' id='word_1_460' title='bbox 1601 5423 1752 5478; x_wconf 81' lang='lat' dir='ltr'><strong><em>idolis</em></strong></span> <span class='ocrx_word' id='word_1_461' title='bbox 1787 5422 2021 5494; x_wconf 80' lang='lat' dir='ltr'><strong><em>assideat.</em></strong></span> 
     </span>
    </p>
   </div>
   <div class='ocr_carea' id='block_1_57' title="bbox 445 5515 2024 5584">
    <p class='ocr_par' dir='ltr' id='par_1_57' title="bbox 445 5515 2024 5584">
     <span class='ocr_line' id='line_1_57' title="bbox 445 5515 2024 5584; baseline -0.006 -10"><span class='ocrx_word' id='word_1_462' title='bbox 445 5550 517 5563; x_wconf 88' lang='lat'><strong><em>-—</em></strong></span> <span class='ocrx_word' id='word_1_463' title='bbox 547 5517 634 5575; x_wconf 79' lang='lat'><strong><em>15.</em></strong></span> <span class='ocrx_word' id='word_1_464' title='bbox 683 5516 977 5573; x_wconf 83' lang='lat' dir='ltr'><strong><em>Simulacra</em></strong></span> <span class='ocrx_word' id='word_1_465' title='bbox 1019 5515 1238 5582; x_wconf 82' lang='lat' dir='ltr'><strong><em>gentium</em></strong></span> <span class='ocrx_word' id='word_1_466' title='bbox 1274 5525 1534 5582; x_wconf 84' lang='lat' dir='ltr'><strong><em>argentum</em></strong></span> <span class='ocrx_word' id='word_1_467' title='bbox 1560 5524 1606 5567; x_wconf 86' lang='lat' dir='ltr'><strong><em>et</em></strong></span> <span class='ocrx_word' id='word_1_468' title='bbox 1634 5530 1847 5578; x_wconf 86' lang='lat' dir='ltr'><strong><em>aurum,</em></strong></span> <span class='ocrx_word' id='word_1_469' title='bbox 1871 5530 2024 5584; x_wconf 88' lang='lat' dir='ltr'><strong><em>opera</em></strong></span> 
     </span>
    </p>
   </div>
   <div class='ocr_carea' id='block_1_58' title="bbox 448 5605 2021 5673">
    <p class='ocr_par' dir='ltr' id='par_1_58' title="bbox 448 5605 2021 5673">
     <span class='ocr_line' id='line_1_58' title="bbox 448 5605 2021 5673; baseline -0.005 -6"><span class='ocrx_word' id='word_1_470' title='bbox 448 5627 690 5667; x_wconf 84' lang='lat' dir='ltr'><strong><em>manuum</em></strong></span> <span class='ocrx_word' id='word_1_471' title='bbox 727 5607 1008 5664; x_wconf 82' lang='lat' dir='ltr'><strong><em>hominum.</em></strong></span> <span class='ocrx_word' id='word_1_472' title='bbox 1055 5605 1319 5671; x_wconf 78' lang='lat' dir='ltr'><strong><em>Quoniam</em></strong></span> <span class='ocrx_word' id='word_1_473' title='bbox 1375 5605 1425 5660; x_wconf 89' lang='lat' dir='ltr'><strong><em>in</em></strong></span> <span class='ocrx_word' id='word_1_474' title='bbox 1475 5605 1730 5673; x_wconf 88' lang='lat' dir='ltr'><strong><em>principio</em></strong></span> <span class='ocrx_word' id='word_1_475' title='bbox 1781 5605 2021 5670; x_wconf 80' lang='lat' dir='ltr'><strong><em>dixerat,</em></strong></span> 
     </span>
    </p>
   </div>
   <div class='ocr_carea' id='block_1_59' title="bbox 453 5693 2025 5766">
    <p class='ocr_par' dir='ltr' id='par_1_59' title="bbox 453 5693 2025 5766">
     <span class='ocr_line' id='line_1_59' title="bbox 453 5693 2025 5766; baseline -0.004 -11"><span class='ocrx_word' id='word_1_476' title='bbox 453 5702 698 5757; x_wconf 81' lang='lat' dir='ltr'><strong><em>Dominus</em></strong></span> <span class='ocrx_word' id='word_1_477' title='bbox 727 5708 894 5753; x_wconf 87' lang='lat' dir='ltr'><strong><em>autem</em></strong></span> <span class='ocrx_word' id='word_1_478' title='bbox 924 5704 1088 5748; x_wconf 85' lang='lat' dir='ltr'><strong><em>noster</em></strong></span> <span class='ocrx_word' id='word_1_479' title='bbox 1119 5709 1223 5763; x_wconf 70' lang='lat' dir='ltr'><strong><em>prta</em></strong></span> <span class='ocrx_word' id='word_1_480' title='bbox 1248 5693 1474 5766; x_wconf 76' lang='lat' dir='ltr'><strong><em>omnibus</em></strong></span> <span class='ocrx_word' id='word_1_481' title='bbox 1500 5695 1618 5766; x_wconf 31' lang='lat' dir='ltr'><strong><em>.diis,</em></strong></span> <span class='ocrx_word' id='word_1_482' title='bbox 1663 5704 1716 5748; x_wconf 88' lang='lat' dir='ltr'><strong><em>et</em></strong></span> <span class='ocrx_word' id='word_1_483' title='bbox 1758 5695 1900 5749; x_wconf 65' lang='lat' dir='ltr'><strong><em>visus</em></strong></span> <span class='ocrx_word' id='word_1_484' title='bbox 1945 5705 2025 5749; x_wconf 85' lang='lat' dir='ltr'><strong><em>est</em></strong></span> 
     </span>
    </p>
   </div>
   <div class='ocr_carea' id='block_1_60' title="bbox 446 5783 2024 5859">
    <p class='ocr_par' dir='ltr' id='par_1_60' title="bbox 446 5783 2024 5859">
     <span class='ocr_line' id='line_1_60' title="bbox 446 5783 2024 5859; baseline -0.002 -19"><span class='ocrx_word' id='word_1_485' title='bbox 446 5803 540 5856; x_wconf 77' lang='lat' dir='ltr'><strong><em>per</em></strong></span> <span class='ocrx_word' id='word_1_486' title='bbox 563 5784 1018 5859; x_wconf 76' lang='lat' dir='ltr'><strong><em>comparationem</em></strong></span> <span class='ocrx_word' id='word_1_487' title='bbox 1081 5784 1410 5840; x_wconf 85' lang='lat' dir='ltr'><strong><em>introducere</em></strong></span> <span class='ocrx_word' id='word_1_488' title='bbox 1450 5783 1724 5849; x_wconf 70' lang='lat' dir='ltr'><strong><em>qaatndam</em></strong></span> <span class='ocrx_word' id='word_1_489' title='bbox 1765 5785 2024 5838; x_wconf 70' lang='lat' dir='ltr'><strong><em>excellen—</em></strong></span> 
     </span>
    </p>
   </div>
   <div class='ocr_carea' id='block_1_61' title="bbox 3618 393 3720 446">
    <p class='ocr_par' dir='ltr' id='par_1_61' title="bbox 3618 393 3720 446">
     <span class='ocr_line' id='line_1_61' title="bbox 3618 393 3720 446; baseline -0.049 0"><span class='ocrx_word' id='word_1_490' title='bbox 3618 393 3720 446; x_wconf 63' lang='lat'><strong><em>398</em></strong></span> 
     </span>
    </p>
   </div>
   <div class='ocr_carea' id='block_1_62' title="bbox 2148 494 3716 575">
    <p class='ocr_par' dir='ltr' id='par_1_62' title="bbox 2148 494 3716 575">
     <span class='ocr_line' id='line_1_62' title="bbox 2148 494 3716 575; baseline 0.009 -30"><span class='ocrx_word' id='word_1_491' title='bbox 2148 494 2270 546; x_wconf 86' lang='lat' dir='ltr'><strong><em>tiam</em></strong></span> <span class='ocrx_word' id='word_1_492' title='bbox 2319 506 2534 564; x_wconf 88' lang='lat' dir='ltr'><strong><em>propter</em></strong></span> <span class='ocrx_word' id='word_1_493' title='bbox 2588 499 2996 556; x_wconf 88' lang='lat' dir='ltr'><strong><em>imbecillitatem</em></strong></span> <span class='ocrx_word' id='word_1_494' title='bbox 3040 518 3222 558; x_wconf 86' lang='lat' dir='ltr'><strong><em>eorum</em></strong></span> <span class='ocrx_word' id='word_1_495' title='bbox 3264 506 3349 575; x_wconf 88' lang='lat' dir='ltr'><strong><em>qui</em></strong></span> <span class='ocrx_word' id='word_1_496' title='bbox 3395 507 3716 572; x_wconf 83' lang='lat' dir='ltr'><strong><em>audiebant,</em></strong></span> 
     </span>
    </p>
   </div>
   <div class='ocr_carea' id='block_1_63' title="bbox 2145 583 3717 667">
    <p class='ocr_par' dir='ltr' id='par_1_63' title="bbox 2145 583 3717 667">
     <span class='ocr_line' id='line_1_63' title="bbox 2145 583 3717 667; baseline 0.011 -33"><span class='ocrx_word' id='word_1_497' title='bbox 2145 583 2262 637; x_wconf 80' lang='lat' dir='ltr'><strong><em>vide</em></strong></span> <span class='ocrx_word' id='word_1_498' title='bbox 2291 586 2554 652; x_wconf 82' lang='lat' dir='ltr'><strong><em>quomodo</em></strong></span> <span class='ocrx_word' id='word_1_499' title='bbox 2583 587 2680 644; x_wconf 89' lang='lat' dir='ltr'><strong><em>hoc</em></strong></span> <span class='ocrx_word' id='word_1_500' title='bbox 2707 589 2878 645; x_wconf 78' lang='lat' dir='ltr'><strong><em>verbis</em></strong></span> <span class='ocrx_word' id='word_1_501' title='bbox 2915 594 3216 660; x_wconf 85' lang='lat' dir='ltr'><strong><em>amplilicat.</em></strong></span> <span class='ocrx_word' id='word_1_502' title='bbox 3261 597 3543 667; x_wconf 85' lang='lat' dir='ltr'><strong><em>Postquam</em></strong></span> <span class='ocrx_word' id='word_1_503' title='bbox 3574 600 3717 654; x_wconf 86' lang='lat' dir='ltr'><strong><em>enim</em></strong></span> 
     </span>
    </p>
   </div>
   <div class='ocr_carea' id='block_1_64' title="bbox 2144 675 3719 756">
    <p class='ocr_par' dir='ltr' id='par_1_64' title="bbox 2144 675 3719 756">
     <span class='ocr_line' id='line_1_64' title="bbox 2144 675 3719 756; baseline 0.01 -29"><span class='ocrx_word' id='word_1_504' title='bbox 2144 689 2172 727; x_wconf 88' lang='lat' dir='ltr'><strong><em>a</em></strong></span> <span class='ocrx_word' id='word_1_505' title='bbox 2201 675 2288 728; x_wconf 89' lang='lat' dir='ltr'><strong><em>Dei</em></strong></span> <span class='ocrx_word' id='word_1_506' title='bbox 2337 678 2563 744; x_wconf 83' lang='lat' dir='ltr'><strong><em>potentia</em></strong></span> <span class='ocrx_word' id='word_1_507' title='bbox 2615 679 2817 734; x_wconf 90' lang='lat' dir='ltr'><strong><em>initium</em></strong></span> <span class='ocrx_word' id='word_1_508' title='bbox 2863 681 3033 748; x_wconf 85' lang='lat' dir='ltr'><strong><em>duxit,</em></strong></span> <span class='ocrx_word' id='word_1_509' title='bbox 3075 693 3128 737; x_wconf 87' lang='lat' dir='ltr'><strong><em>et</em></strong></span> <span class='ocrx_word' id='word_1_510' title='bbox 3165 685 3297 738; x_wconf 76' lang='lat' dir='ltr'><strong><em>dixit</em></strong></span> <span class='ocrx_word' id='word_1_511' title='bbox 3330 703 3448 756; x_wconf 79' lang='lat' dir='ltr'><strong><em>qua:</em></strong></span> <span class='ocrx_word' id='word_1_512' title='bbox 3497 690 3547 742; x_wconf 94' lang='lat' dir='ltr'><strong><em>in</em></strong></span> <span class='ocrx_word' id='word_1_513' title='bbox 3588 694 3719 742; x_wconf 69' lang='lat' dir='ltr'><strong><em>Caelo</em></strong></span> 
     </span>
    </p>
   </div>
   <div class='ocr_carea' id='block_1_65' title="bbox 2143 769 3714 844">
    <p class='ocr_par' dir='ltr' id='par_1_65' title="bbox 2143 769 3714 844">
     <span class='ocr_line' id='line_1_65' title="bbox 2143 769 3714 844; baseline 0.008 -26"><span class='ocrx_word' id='word_1_514' title='bbox 2143 774 2284 830; x_wconf 91' lang='lat' dir='ltr'><strong><em>sunt,</em></strong></span> <span class='ocrx_word' id='word_1_515' title='bbox 2321 783 2438 836; x_wconf 71' lang='lat' dir='ltr'><strong><em>qua:</em></strong></span> <span class='ocrx_word' id='word_1_516' title='bbox 2478 769 2528 823; x_wconf 92' lang='lat' dir='ltr'><strong><em>in</em></strong></span> <span class='ocrx_word' id='word_1_517' title='bbox 2573 781 2732 836; x_wconf 88' lang='lat' dir='ltr'><strong><em>terra,</em></strong></span> <span class='ocrx_word' id='word_1_518' title='bbox 2759 788 2878 840; x_wconf 65' lang='lat' dir='ltr'><strong><em>quae</em></strong></span> <span class='ocrx_word' id='word_1_519' title='bbox 2911 773 2960 826; x_wconf 92' lang='lat' dir='ltr'><strong><em>in</em></strong></span> <span class='ocrx_word' id='word_1_520' title='bbox 2991 774 3216 844; x_wconf 89' lang='lat' dir='ltr'><strong><em>abyssis,</em></strong></span> <span class='ocrx_word' id='word_1_521' title='bbox 3243 792 3360 842; x_wconf 77' lang='lat' dir='ltr'><strong><em>quae</em></strong></span> <span class='ocrx_word' id='word_1_522' title='bbox 3392 777 3440 828; x_wconf 93' lang='lat' dir='ltr'><strong><em>in</em></strong></span> <span class='ocrx_word' id='word_1_523' title='bbox 3483 777 3714 843; x_wconf 53' lang='lat' dir='ltr'><strong><em>ludatis,</em></strong></span> 
     </span>
    </p>
   </div>
   <div class='ocr_carea' id='block_1_66' title="bbox 2142 857 3714 935">
    <p class='ocr_par' dir='ltr' id='par_1_66' title="bbox 2142 857 3714 935">
     <span class='ocr_line' id='line_1_66' title="bbox 2142 857 3714 935; baseline 0.008 -27"><span class='ocrx_word' id='word_1_524' title='bbox 2142 872 2259 922; x_wconf 74' lang='lat' dir='ltr'><strong><em>qua:</em></strong></span> <span class='ocrx_word' id='word_1_525' title='bbox 2285 857 2336 911; x_wconf 90' lang='lat' dir='ltr'><strong><em>in</em></strong></span> <span class='ocrx_word' id='word_1_526' title='bbox 2362 861 2590 926; x_wconf 67' lang='lat' dir='ltr'><strong><em>protiria,</em></strong></span> <span class='ocrx_word' id='word_1_527' title='bbox 2620 877 2737 931; x_wconf 76' lang='lat' dir='ltr'><strong><em>qua:</em></strong></span> <span class='ocrx_word' id='word_1_528' title='bbox 2765 862 2814 916; x_wconf 90' lang='lat' dir='ltr'><strong><em>in</em></strong></span> <span class='ocrx_word' id='word_1_529' title='bbox 2837 863 3002 917; x_wconf 87' lang='lat' dir='ltr'><strong><em>aliena</em></strong></span> <span class='ocrx_word' id='word_1_530' title='bbox 3035 875 3191 926; x_wconf 85' lang='lat' dir='ltr'><strong><em>terra,</em></strong></span> <span class='ocrx_word' id='word_1_531' title='bbox 3223 883 3339 935; x_wconf 50' lang='lat' dir='ltr'><strong><em>quat</em></strong></span> <span class='ocrx_word' id='word_1_532' title='bbox 3371 867 3420 919; x_wconf 91' lang='lat' dir='ltr'><strong><em>in</em></strong></span> <span class='ocrx_word' id='word_1_533' title='bbox 3455 869 3714 932; x_wconf 84' lang='lat' dir='ltr'><strong><em>hostibus,</em></strong></span> 
     </span>
    </p>
   </div>
   <div class='ocr_carea' id='block_1_67' title="bbox 2140 949 3718 1026">
    <p class='ocr_par' dir='ltr' id='par_1_67' title="bbox 2140 949 3718 1026">
     <span class='ocr_line' id='line_1_67' title="bbox 2140 949 3718 1026; baseline 0.008 -28"><span class='ocrx_word' id='word_1_534' title='bbox 2140 962 2256 1014; x_wconf 67' lang='lat' dir='ltr'><strong><em>quae</em></strong></span> <span class='ocrx_word' id='word_1_535' title='bbox 2287 949 2336 1001; x_wconf 95' lang='lat' dir='ltr'><strong><em>in</em></strong></span> <span class='ocrx_word' id='word_1_536' title='bbox 2362 949 2623 1017; x_wconf 79' lang='lat' dir='ltr'><strong><em>gentibus,</em></strong></span> <span class='ocrx_word' id='word_1_537' title='bbox 2659 950 2793 1005; x_wconf 82' lang='lat' dir='ltr'><strong><em>facta</em></strong></span> <span class='ocrx_word' id='word_1_538' title='bbox 2819 963 2960 1017; x_wconf 85' lang='lat' dir='ltr'><strong><em>sunt,</em></strong></span> <span class='ocrx_word' id='word_1_539' title='bbox 2985 953 3174 1009; x_wconf 92' lang='lat' dir='ltr'><strong><em>deinde</em></strong></span> <span class='ocrx_word' id='word_1_540' title='bbox 3194 971 3312 1010; x_wconf 89' lang='lat' dir='ltr'><strong><em>eum</em></strong></span> <span class='ocrx_word' id='word_1_541' title='bbox 3338 957 3452 1023; x_wconf 83' lang='lat' dir='ltr'><strong><em>ejus</em></strong></span> <span class='ocrx_word' id='word_1_542' title='bbox 3479 957 3718 1026; x_wconf 82' lang='lat' dir='ltr'><strong><em>benigni-</em></strong></span> 
     </span>
    </p>
   </div>
   <div class='ocr_carea' id='block_1_68' title="bbox 2140 1043 3714 1113">
    <p class='ocr_par' dir='ltr' id='par_1_68' title="bbox 2140 1043 3714 1113">
     <span class='ocr_line' id='line_1_68' title="bbox 2140 1043 3714 1113; baseline 0.006 -21"><span class='ocrx_word' id='word_1_543' title='bbox 2140 1047 2301 1093; x_wconf 89' lang='lat' dir='ltr'><strong><em>tatem</em></strong></span> <span class='ocrx_word' id='word_1_544' title='bbox 2333 1055 2631 1096; x_wconf 87' lang='lat' dir='ltr'><strong><em>revocasset</em></strong></span> <span class='ocrx_word' id='word_1_545' title='bbox 2661 1043 2711 1097; x_wconf 93' lang='lat' dir='ltr'><strong><em>in</em></strong></span> <span class='ocrx_word' id='word_1_546' title='bbox 2753 1047 3082 1112; x_wconf 89' lang='lat' dir='ltr'><strong><em>memoriam,</em></strong></span> <span class='ocrx_word' id='word_1_547' title='bbox 3125 1047 3434 1113; x_wconf 89' lang='lat' dir='ltr'><strong><em>bonitatem,</em></strong></span> <span class='ocrx_word' id='word_1_548' title='bbox 3474 1049 3714 1104; x_wconf 82' lang='lat' dir='ltr'><strong><em>clemen-</em></strong></span> 
     </span>
    </p>
   </div>
   <div class='ocr_carea' id='block_1_69' title="bbox 2141 1132 3708 1206">
    <p class='ocr_par' dir='ltr' id='par_1_69' title="bbox 2141 1132 3708 1206">
     <span class='ocr_line' id='line_1_69' title="bbox 2141 1132 3708 1206; baseline 0.006 -22"><span class='ocrx_word' id='word_1_549' title='bbox 2141 1132 2284 1192; x_wconf 87' lang='lat' dir='ltr'><strong><em>tiam,</em></strong></span> <span class='ocrx_word' id='word_1_550' title='bbox 2312 1134 2659 1200; x_wconf 86' lang='lat' dir='ltr'><strong><em>carationem,</em></strong></span> <span class='ocrx_word' id='word_1_551' title='bbox 2686 1137 3018 1205; x_wconf 90' lang='lat' dir='ltr'><strong><em>sapientiam,</em></strong></span> <span class='ocrx_word' id='word_1_552' title='bbox 3051 1148 3104 1192; x_wconf 88' lang='lat' dir='ltr'><strong><em>et</em></strong></span> <span class='ocrx_word' id='word_1_553' title='bbox 3135 1141 3440 1206; x_wconf 80' lang='lat' dir='ltr'><strong><em>potentiam.</em></strong></span> <span class='ocrx_word' id='word_1_554' title='bbox 3463 1150 3517 1194; x_wconf 90' lang='lat' dir='ltr'><strong><em>et</em></strong></span> <span class='ocrx_word' id='word_1_555' title='bbox 3547 1141 3708 1194; x_wconf 88' lang='lat' dir='ltr'><strong><em>Deum</em></strong></span> 
     </span>
    </p>
   </div>
   <div class='ocr_carea' id='block_1_70' title="bbox 2137 1224 3713 1299">
    <p class='ocr_par' dir='ltr' id='par_1_70' title="bbox 2137 1224 3713 1299">
     <span class='ocr_line' id='line_1_70' title="bbox 2137 1224 3713 1299; baseline 0.006 -24"><span class='ocrx_word' id='word_1_556' title='bbox 2137 1237 2255 1276; x_wconf 86' lang='lat' dir='ltr'><strong><em>esse</em></strong></span> <span class='ocrx_word' id='word_1_557' title='bbox 2285 1224 2668 1288; x_wconf 81' lang='lat' dir='ltr'><strong><em>universnrum,</em></strong></span> <span class='ocrx_word' id='word_1_558' title='bbox 2701 1240 2753 1280; x_wconf 86' lang='lat' dir='ltr'><strong><em>et</em></strong></span> <span class='ocrx_word' id='word_1_559' title='bbox 2778 1227 3008 1282; x_wconf 88' lang='lat' dir='ltr'><strong><em>universi</em></strong></span> <span class='ocrx_word' id='word_1_560' title='bbox 3039 1229 3182 1282; x_wconf 91' lang='lat' dir='ltr'><strong><em>orbis</em></strong></span> <span class='ocrx_word' id='word_1_561' title='bbox 3211 1240 3363 1283; x_wconf 67' lang='lat' dir='ltr'><strong><em>teri-te</em></strong></span> <span class='ocrx_word' id='word_1_562' title='bbox 3402 1245 3583 1284; x_wconf 85' lang='lat' dir='ltr'><strong><em>curam</em></strong></span> <span class='ocrx_word' id='word_1_563' title='bbox 3621 1245 3713 1299; x_wconf 82' lang='lat' dir='ltr'><strong><em>ge-</em></strong></span> 
     </span>
    </p>
   </div>
   <div class='ocr_carea' id='block_1_71' title="bbox 2136 1313 3712 1388">
    <p class='ocr_par' dir='ltr' id='par_1_71' title="bbox 2136 1313 3712 1388">
     <span class='ocr_line' id='line_1_71' title="bbox 2136 1313 3712 1388; baseline 0.006 -24"><span class='ocrx_word' id='word_1_564' title='bbox 2136 1327 2254 1366; x_wconf 81' lang='lat' dir='ltr'><strong><em>rere</em></strong></span> <span class='ocrx_word' id='word_1_565' title='bbox 2299 1313 2637 1377; x_wconf 86' lang='lat' dir='ltr'><strong><em>ostendisset,</em></strong></span> <span class='ocrx_word' id='word_1_566' title='bbox 2673 1315 2854 1371; x_wconf 88' lang='lat' dir='ltr'><strong><em>irridet</em></strong></span> <span class='ocrx_word' id='word_1_567' title='bbox 2878 1317 3126 1388; x_wconf 90' lang='lat' dir='ltr'><strong><em>deinceps</em></strong></span> <span class='ocrx_word' id='word_1_568' title='bbox 3156 1329 3209 1373; x_wconf 88' lang='lat' dir='ltr'><strong><em>et.</em></strong></span> <span class='ocrx_word' id='word_1_569' title='bbox 3239 1319 3532 1374; x_wconf 89' lang='lat' dir='ltr'><strong><em>ludilicatur</em></strong></span> <span class='ocrx_word' id='word_1_570' title='bbox 3558 1321 3712 1374; x_wconf 89' lang='lat' dir='ltr'><strong><em>idoli-</em></strong></span> 
     </span>
    </p>
   </div>
   <div class='ocr_carea' id='block_1_72' title="bbox 2135 1404 3711 1481">
    <p class='ocr_par' dir='ltr' id='par_1_72' title="bbox 2135 1404 3711 1481">
     <span class='ocr_line' id='line_1_72' title="bbox 2135 1404 3711 1481; baseline 0.007 -26"><span class='ocrx_word' id='word_1_571' title='bbox 2135 1417 2313 1456; x_wconf 90' lang='lat' dir='ltr'><strong><em>corum</em></strong></span> <span class='ocrx_word' id='word_1_572' title='bbox 2341 1404 2559 1459; x_wconf 89' lang='lat' dir='ltr'><strong><em>deorum</em></strong></span> <span class='ocrx_word' id='word_1_573' title='bbox 2593 1406 3027 1475; x_wconf 88' lang='lat' dir='ltr'><strong><em>imbecillitatem,</em></strong></span> <span class='ocrx_word' id='word_1_574' title='bbox 3056 1419 3111 1465; x_wconf 91' lang='lat' dir='ltr'><strong><em>et</em></strong></span> <span class='ocrx_word' id='word_1_575' title='bbox 3133 1413 3309 1465; x_wconf 82' lang='lat' dir='ltr'><strong><em>statim</em></strong></span> <span class='ocrx_word' id='word_1_576' title='bbox 3355 1411 3421 1466; x_wconf 89' lang='lat' dir='ltr'><strong><em>ab</em></strong></span> <span class='ocrx_word' id='word_1_577' title='bbox 3466 1414 3575 1481; x_wconf 87' lang='lat' dir='ltr'><strong><em>ipsa</em></strong></span> <span class='ocrx_word' id='word_1_578' title='bbox 3616 1428 3711 1466; x_wconf 88' lang='lat' dir='ltr'><strong><em>na-</em></strong></span> 
     </span>
    </p>
   </div>
   <div class='ocr_carea' id='block_1_73' title="bbox 2137 1495 3706 1570">
    <p class='ocr_par' dir='ltr' id='par_1_73' title="bbox 2137 1495 3706 1570">
     <span class='ocr_line' id='line_1_73' title="bbox 2137 1495 3706 1570; baseline 0.008 -26"><span class='ocrx_word' id='word_1_579' title='bbox 2137 1502 2248 1546; x_wconf 89' lang='lat' dir='ltr'><strong><em>tura</em></strong></span> <span class='ocrx_word' id='word_1_580' title='bbox 2295 1495 2345 1547; x_wconf 92' lang='lat' dir='ltr'><strong><em>in</em></strong></span> <span class='ocrx_word' id='word_1_581' title='bbox 2376 1495 2518 1562; x_wconf 90' lang='lat' dir='ltr'><strong><em>ipsos</em></strong></span> <span class='ocrx_word' id='word_1_582' title='bbox 2566 1497 2832 1552; x_wconf 86' lang='lat' dir='ltr'><strong><em>invehitur</em></strong></span> <span class='ocrx_word' id='word_1_583' title='bbox 2863 1517 2878 1554; x_wconf 87' lang='lat'><strong>:</strong></span> <span class='ocrx_word' id='word_1_584' title='bbox 2908 1500 3014 1552; x_wconf 91' lang='lat' dir='ltr'><strong><em>imo</em></strong></span> <span class='ocrx_word' id='word_1_585' title='bbox 3042 1515 3170 1555; x_wconf 88' lang='lat' dir='ltr'><strong><em>vero</em></strong></span> <span class='ocrx_word' id='word_1_586' title='bbox 3215 1501 3383 1570; x_wconf 85' lang='lat' dir='ltr'><strong><em>ipsum</em></strong></span> <span class='ocrx_word' id='word_1_587' title='bbox 3417 1518 3608 1556; x_wconf 90' lang='lat' dir='ltr'><strong><em>nomen</em></strong></span> <span class='ocrx_word' id='word_1_588' title='bbox 3639 1502 3706 1556; x_wconf 89' lang='lat' dir='ltr'><strong><em>ad</em></strong></span> 
     </span>
    </p>
   </div>
   <div class='ocr_carea' id='block_1_74' title="bbox 2133 1570 3706 1654">
    <p class='ocr_par' dir='ltr' id='par_1_74' title="bbox 2133 1570 3706 1654">
     <span class='ocr_line' id='line_1_74' title="bbox 2133 1570 3706 1654; baseline 0.006 -19"><span class='ocrx_word' id='word_1_589' title='bbox 2133 1597 2314 1635; x_wconf 89' lang='lat' dir='ltr'><strong><em>eorum</em></strong></span> <span class='ocrx_word' id='word_1_590' title='bbox 2363 1586 2841 1654; x_wconf 75' lang='lat' dir='ltr'><strong><em>reprehensionem.</em></strong></span> <span class='ocrx_word' id='word_1_591' title='bbox 2867 1570 3097 1643; x_wconf 85' lang='lat' dir='ltr'><strong><em>adducit.</em></strong></span> <span class='ocrx_word' id='word_1_592' title='bbox 3147 1589 3344 1644; x_wconf 85' lang='lat' dir='ltr'><strong><em>Idolum</em></strong></span> <span class='ocrx_word' id='word_1_593' title='bbox 3387 1593 3525 1644; x_wconf 86' lang='lat' dir='ltr'><strong><em>enim</em></strong></span> <span class='ocrx_word' id='word_1_594' title='bbox 3576 1591 3706 1645; x_wconf 88' lang='lat' dir='ltr'><strong><em>nihil</em></strong></span> 
     </span>
    </p>
   </div>
   <div class='ocr_carea' id='block_1_75' title="bbox 2133 1673 3709 1748">
    <p class='ocr_par' dir='ltr' id='par_1_75' title="bbox 2133 1673 3709 1748">
     <span class='ocr_line' id='line_1_75' title="bbox 2133 1673 3709 1748; baseline 0.005 -22"><span class='ocrx_word' id='word_1_595' title='bbox 2133 1682 2212 1726; x_wconf 85' lang='lat' dir='ltr'><strong><em>est</em></strong></span> <span class='ocrx_word' id='word_1_596' title='bbox 2240 1673 2380 1728; x_wconf 86' lang='lat' dir='ltr'><strong><em>aliud</em></strong></span> <span class='ocrx_word' id='word_1_597' title='bbox 2409 1691 2564 1744; x_wconf 90' lang='lat' dir='ltr'><strong><em>quam</em></strong></span> <span class='ocrx_word' id='word_1_598' title='bbox 2593 1677 2714 1746; x_wconf 90' lang='lat' dir='ltr'><strong><em>quid</em></strong></span> <span class='ocrx_word' id='word_1_599' title='bbox 2760 1677 3073 1732; x_wconf 90' lang='lat' dir='ltr'><strong><em>imbecillum</em></strong></span> <span class='ocrx_word' id='word_1_600' title='bbox 3112 1690 3166 1734; x_wconf 92' lang='lat' dir='ltr'><strong><em>et</em></strong></span> <span class='ocrx_word' id='word_1_601' title='bbox 3202 1681 3489 1748; x_wconf 88' lang='lat' dir='ltr'><strong><em>abjectum,</em></strong></span> <span class='ocrx_word' id='word_1_602' title='bbox 3531 1692 3586 1736; x_wconf 91' lang='lat' dir='ltr'><strong><em>et</em></strong></span> <span class='ocrx_word' id='word_1_603' title='bbox 3611 1697 3709 1734; x_wconf 81' lang='lat' dir='ltr'><strong><em>no-</em></strong></span> 
     </span>
    </p>
   </div>
   <div class='ocr_carea' id='block_1_76' title="bbox 2134 1753 3704 1840">
    <p class='ocr_par' dir='ltr' id='par_1_76' title="bbox 2134 1753 3704 1840">
     <span class='ocr_line' id='line_1_76' title="bbox 2134 1753 3704 1840; baseline 0.006 -23"><span class='ocrx_word' id='word_1_604' title='bbox 2134 1782 2251 1819; x_wconf 90' lang='lat' dir='ltr'><strong><em>tncn</em></strong></span> <span class='ocrx_word' id='word_1_605' title='bbox 2301 1782 2522 1821; x_wconf 71' lang='lat' dir='ltr'><strong><em>summa:</em></strong></span> <span class='ocrx_word' id='word_1_606' title='bbox 2564 1753 2902 1824; x_wconf 82' lang='lat' dir='ltr'><strong><em>inﬁrmitatis.</em></strong></span> <span class='ocrx_word' id='word_1_607' title='bbox 2947 1771 3201 1839; x_wconf 82' lang='lat' dir='ltr'><strong><em>Quocirca</em></strong></span> <span class='ocrx_word' id='word_1_608' title='bbox 3235 1772 3356 1826; x_wconf 89' lang='lat' dir='ltr'><strong><em>hinc</em></strong></span> <span class='ocrx_word' id='word_1_609' title='bbox 3387 1773 3589 1840; x_wconf 83' lang='lat' dir='ltr'><strong><em>incipit,</em></strong></span> <span class='ocrx_word' id='word_1_610' title='bbox 3620 1775 3704 1827; x_wconf 81' lang='lat' dir='ltr'><strong><em>di-</em></strong></span> 
     </span>
    </p>
   </div>
   <div class='ocr_carea' id='block_1_77' title="bbox 2131 1853 3699 1933">
    <p class='ocr_par' dir='ltr' id='par_1_77' title="bbox 2131 1853 3699 1933">
     <span class='ocr_line' id='line_1_77' title="bbox 2131 1853 3699 1933; baseline 0.004 -24"><span class='ocrx_word' id='word_1_611' title='bbox 2131 1871 2277 1924; x_wconf 86' lang='lat' dir='ltr'><strong><em>cens,</em></strong></span> <span class='ocrx_word' id='word_1_612' title='bbox 2309 1857 2592 1912; x_wconf 85' lang='lat' dir='ltr'><strong><em>Simulacra</em></strong></span> <span class='ocrx_word' id='word_1_613' title='bbox 2615 1861 2838 1928; x_wconf 85' lang='lat' dir='ltr'><strong><em>gentium</em></strong></span> <span class='ocrx_word' id='word_1_614' title='bbox 2863 1853 3121 1933; x_wconf 84' lang='lat' dir='ltr'><strong><em>argentum</em></strong></span> <span class='ocrx_word' id='word_1_615' title='bbox 3148 1873 3192 1916; x_wconf 91' lang='lat' dir='ltr'><strong><em>et</em></strong></span> <span class='ocrx_word' id='word_1_616' title='bbox 3215 1881 3413 1916; x_wconf 87' lang='lat' dir='ltr'><strong><em>aurum.</em></strong></span> <span class='ocrx_word' id='word_1_617' title='bbox 3446 1863 3699 1927; x_wconf 87' lang='lat' dir='ltr'><strong><em>Primum,</em></strong></span> 
     </span>
    </p>
   </div>
   <div class='ocr_carea' id='block_1_78' title="bbox 2129 1952 3700 2026">
    <p class='ocr_par' dir='ltr' id='par_1_78' title="bbox 2129 1952 3700 2026">
     <span class='ocr_line' id='line_1_78' title="bbox 2129 1952 3700 2026; baseline 0.004 -24"><span class='ocrx_word' id='word_1_618' title='bbox 2129 1952 2269 2019; x_wconf 90' lang='lat' dir='ltr'><strong><em>quod</em></strong></span> <span class='ocrx_word' id='word_1_619' title='bbox 2297 1953 2667 2020; x_wconf 86' lang='lat' dir='ltr'><strong><em>simulacrum;</em></strong></span> <span class='ocrx_word' id='word_1_620' title='bbox 2697 1955 3010 2021; x_wconf 90' lang='lat' dir='ltr'><strong><em>secundum,</em></strong></span> <span class='ocrx_word' id='word_1_621' title='bbox 3033 1956 3173 2026; x_wconf 85' lang='lat' dir='ltr'><strong><em>quod</em></strong></span> <span class='ocrx_word' id='word_1_622' title='bbox 3202 1957 3429 2010; x_wconf 89' lang='lat' dir='ltr'><strong><em>inanima</em></strong></span> <span class='ocrx_word' id='word_1_623' title='bbox 3451 1957 3700 2020; x_wconf 87' lang='lat' dir='ltr'><strong><em>materia;</em></strong></span> 
     </span>
    </p>
   </div>
   <div class='ocr_carea' id='block_1_79' title="bbox 2133 2042 3697 2117">
    <p class='ocr_par' dir='ltr' id='par_1_79' title="bbox 2133 2042 3697 2117">
     <span class='ocr_line' id='line_1_79' title="bbox 2133 2042 3697 2117; baseline 0.004 -23"><span class='ocrx_word' id='word_1_624' title='bbox 2133 2042 2365 2110; x_wconf 88' lang='lat' dir='ltr'><strong><em>tertium,</em></strong></span> <span class='ocrx_word' id='word_1_625' title='bbox 2396 2045 2535 2113; x_wconf 90' lang='lat' dir='ltr'><strong><em>quod</em></strong></span> <span class='ocrx_word' id='word_1_626' title='bbox 2566 2045 2665 2099; x_wconf 85' lang='lat' dir='ltr'><strong><em>hoc</em></strong></span> <span class='ocrx_word' id='word_1_627' title='bbox 2695 2047 2808 2114; x_wconf 89' lang='lat' dir='ltr'><strong><em>ipso</em></strong></span> <span class='ocrx_word' id='word_1_628' title='bbox 2833 2047 2972 2116; x_wconf 84' lang='lat' dir='ltr'><strong><em>quod</em></strong></span> <span class='ocrx_word' id='word_1_629' title='bbox 3001 2057 3124 2101; x_wconf 90' lang='lat' dir='ltr'><strong><em>sunt</em></strong></span> <span class='ocrx_word' id='word_1_630' title='bbox 3152 2048 3450 2117; x_wconf 68' lang='lat' dir='ltr'><strong><em>simulacra,</em></strong></span> <span class='ocrx_word' id='word_1_631' title='bbox 3483 2065 3586 2101; x_wconf 90' lang='lat' dir='ltr'><strong><em>non</em></strong></span> <span class='ocrx_word' id='word_1_632' title='bbox 3615 2065 3697 2101; x_wconf 86' lang='lat' dir='ltr'><strong><em>so-</em></strong></span> 
     </span>
    </p>
   </div>
   <div class='ocr_carea' id='block_1_80' title="bbox 2130 2131 3703 2205">
    <p class='ocr_par' dir='ltr' id='par_1_80' title="bbox 2130 2131 3703 2205">
     <span class='ocr_line' id='line_1_80' title="bbox 2130 2131 3703 2205; baseline 0.006 -21"><span class='ocrx_word' id='word_1_633' title='bbox 2130 2131 2235 2184; x_wconf 81' lang='lat' dir='ltr'><strong><em>lum</em></strong></span> <span class='ocrx_word' id='word_1_634' title='bbox 2267 2148 2329 2184; x_wconf 81' lang='lat' dir='ltr'><strong><em>ex</em></strong></span> <span class='ocrx_word' id='word_1_635' title='bbox 2373 2133 2564 2202; x_wconf 81' lang='lat' dir='ltr'><strong><em>seipsis</em></strong></span> <span class='ocrx_word' id='word_1_636' title='bbox 2609 2136 2890 2200; x_wconf 88' lang='lat' dir='ltr'><strong><em>imbecilla,</em></strong></span> <span class='ocrx_word' id='word_1_637' title='bbox 2934 2137 3054 2191; x_wconf 90' lang='lat' dir='ltr'><strong><em>vilia</em></strong></span> <span class='ocrx_word' id='word_1_638' title='bbox 3085 2146 3138 2192; x_wconf 87' lang='lat' dir='ltr'><strong><em>et</em></strong></span> <span class='ocrx_word' id='word_1_639' title='bbox 3183 2139 3387 2205; x_wconf 71' lang='lat' dir='ltr'><strong><em>abiecta</em></strong></span> <span class='ocrx_word' id='word_1_640' title='bbox 3428 2140 3560 2200; x_wconf 87' lang='lat' dir='ltr'><strong><em>sint,</em></strong></span> <span class='ocrx_word' id='word_1_641' title='bbox 3608 2140 3703 2193; x_wconf 87' lang='lat' dir='ltr'><strong><em>sed</em></strong></span> 
     </span>
    </p>
   </div>
   <div class='ocr_carea' id='block_1_81' title="bbox 2129 2224 3700 2298">
    <p class='ocr_par' dir='ltr' id='par_1_81' title="bbox 2129 2224 3700 2298">
     <span class='ocr_line' id='line_1_81' title="bbox 2129 2224 3700 2298; baseline 0.008 -26"><span class='ocrx_word' id='word_1_642' title='bbox 2129 2224 2285 2276; x_wconf 86' lang='lat' dir='ltr'><strong><em>etiam</em></strong></span> <span class='ocrx_word' id='word_1_643' title='bbox 2313 2225 2450 2292; x_wconf 88' lang='lat' dir='ltr'><strong><em>quod</em></strong></span> <span class='ocrx_word' id='word_1_644' title='bbox 2493 2227 2559 2278; x_wconf 85' lang='lat' dir='ltr'><strong><em>ab</em></strong></span> <span class='ocrx_word' id='word_1_645' title='bbox 2591 2225 2894 2280; x_wconf 90' lang='lat' dir='ltr'><strong><em>hominibus</em></strong></span> <span class='ocrx_word' id='word_1_646' title='bbox 2933 2229 3082 2282; x_wconf 84' lang='lat' dir='ltr'><strong><em>facta.</em></strong></span> <span class='ocrx_word' id='word_1_647' title='bbox 3111 2228 3365 2296; x_wconf 91' lang='lat' dir='ltr'><strong><em>Quocirca</em></strong></span> <span class='ocrx_word' id='word_1_648' title='bbox 3409 2231 3700 2298; x_wconf 75' lang='lat' dir='ltr'><strong><em>subiunxit,</em></strong></span> 
     </span>
    </p>
   </div>
   <div class='ocr_carea' id='block_1_82' title="bbox 2132 2313 3704 2386">
    <p class='ocr_par' dir='ltr' id='par_1_82' title="bbox 2132 2313 3704 2386">
     <span class='ocr_line' id='line_1_82' title="bbox 2132 2313 3704 2386; baseline 0.006 -18"><span class='ocrx_word' id='word_1_649' title='bbox 2132 2313 2298 2382; x_wconf 68' lang='lat' dir='ltr'><strong><em>Opera</em></strong></span> <span class='ocrx_word' id='word_1_650' title='bbox 2320 2333 2554 2369; x_wconf 88' lang='lat' dir='ltr'><strong><em>manuum</em></strong></span> <span class='ocrx_word' id='word_1_651' title='bbox 2579 2316 2854 2381; x_wconf 84' lang='lat' dir='ltr'><strong><em>hominum,</em></strong></span> <span class='ocrx_word' id='word_1_652' title='bbox 2879 2319 3015 2386; x_wconf 83' lang='lat' dir='ltr'><strong><em>quod</em></strong></span> <span class='ocrx_word' id='word_1_653' title='bbox 3037 2320 3245 2386; x_wconf 89' lang='lat' dir='ltr'><strong><em>quidem</em></strong></span> <span class='ocrx_word' id='word_1_654' title='bbox 3271 2330 3351 2374; x_wconf 83' lang='lat' dir='ltr'><strong><em>est</em></strong></span> <span class='ocrx_word' id='word_1_655' title='bbox 3371 2322 3594 2375; x_wconf 80' lang='lat' dir='ltr'><strong><em>maxima</em></strong></span> <span class='ocrx_word' id='word_1_656' title='bbox 3619 2339 3704 2376; x_wconf 89' lang='lat' dir='ltr'><strong><em>re-</em></strong></span> 
     </span>
    </p>
   </div>
   <div class='ocr_carea' id='block_1_83' title="bbox 2129 2405 3698 2480">
    <p class='ocr_par' dir='ltr' id='par_1_83' title="bbox 2129 2405 3698 2480">
     <span class='ocr_line' id='line_1_83' title="bbox 2129 2405 3698 2480; baseline 0.008 -26"><span class='ocrx_word' id='word_1_657' title='bbox 2129 2405 2410 2473; x_wconf 63' lang='lat' dir='ltr'><strong><em>prehensio</em></strong></span> <span class='ocrx_word' id='word_1_658' title='bbox 2454 2421 2636 2460; x_wconf 88' lang='lat' dir='ltr'><strong><em>eormn</em></strong></span> <span class='ocrx_word' id='word_1_659' title='bbox 2683 2407 2770 2478; x_wconf 90' lang='lat' dir='ltr'><strong><em>qui</em></strong></span> <span class='ocrx_word' id='word_1_660' title='bbox 2815 2408 2900 2462; x_wconf 89' lang='lat' dir='ltr'><strong><em>illa</em></strong></span> <span class='ocrx_word' id='word_1_661' title='bbox 2947 2410 3154 2475; x_wconf 84' lang='lat' dir='ltr'><strong><em>colunt;</em></strong></span> <span class='ocrx_word' id='word_1_662' title='bbox 3188 2426 3377 2480; x_wconf 85' lang='lat' dir='ltr'><strong><em>nempe</em></strong></span> <span class='ocrx_word' id='word_1_663' title='bbox 3415 2413 3698 2480; x_wconf 89' lang='lat' dir='ltr'><strong><em>quodcum</em></strong></span> 
     </span>
    </p>
   </div>
   <div class='ocr_carea' id='block_1_84' title="bbox 2131 2498 3694 2572">
    <p class='ocr_par' dir='ltr' id='par_1_84' title="bbox 2131 2498 3694 2572">
     <span class='ocr_line' id='line_1_84' title="bbox 2131 2498 3694 2572; baseline 0.004 -22"><span class='ocrx_word' id='word_1_664' title='bbox 2131 2499 2224 2566; x_wconf 82' lang='lat' dir='ltr'><strong><em>ipsi</em></strong></span> <span class='ocrx_word' id='word_1_665' title='bbox 2254 2498 2358 2551; x_wconf 80' lang='lat' dir='ltr'><strong><em>sint</em></strong></span> <span class='ocrx_word' id='word_1_666' title='bbox 2389 2500 2439 2551; x_wconf 90' lang='lat' dir='ltr'><strong><em>in</em></strong></span> <span class='ocrx_word' id='word_1_667' title='bbox 2469 2513 2625 2553; x_wconf 89' lang='lat' dir='ltr'><strong><em>causa</em></strong></span> <span class='ocrx_word' id='word_1_668' title='bbox 2652 2516 2748 2554; x_wconf 89' lang='lat' dir='ltr'><strong><em>cur</em></strong></span> <span class='ocrx_word' id='word_1_669' title='bbox 2768 2515 2828 2555; x_wconf 89' lang='lat' dir='ltr'><strong><em>ea</em></strong></span> <span class='ocrx_word' id='word_1_670' title='bbox 2859 2502 2984 2568; x_wconf 84' lang='lat' dir='ltr'><strong><em>sint,</em></strong></span> <span class='ocrx_word' id='word_1_671' title='bbox 3015 2501 3065 2555; x_wconf 94' lang='lat' dir='ltr'><strong><em>in</em></strong></span> <span class='ocrx_word' id='word_1_672' title='bbox 3093 2503 3172 2556; x_wconf 91' lang='lat' dir='ltr'><strong><em>eis</em></strong></span> <span class='ocrx_word' id='word_1_673' title='bbox 3201 2513 3376 2557; x_wconf 85' lang='lat' dir='ltr'><strong><em>tamen</em></strong></span> <span class='ocrx_word' id='word_1_674' title='bbox 3408 2519 3516 2557; x_wconf 76' lang='lat' dir='ltr'><strong><em>sua:</em></strong></span> <span class='ocrx_word' id='word_1_675' title='bbox 3544 2519 3694 2572; x_wconf 88' lang='lat' dir='ltr'><strong><em>spem</em></strong></span> 
     </span>
    </p>
   </div>
   <div class='ocr_carea' id='block_1_85' title="bbox 2127 2581 3702 2661">
    <p class='ocr_par' dir='ltr' id='par_1_85' title="bbox 2127 2581 3702 2661">
     <span class='ocr_line' id='line_1_85' title="bbox 2127 2581 3702 2661; baseline 0.004 -20"><span class='ocrx_word' id='word_1_676' title='bbox 2127 2589 2309 2641; x_wconf 88' lang='lat' dir='ltr'><strong><em>salutis</em></strong></span> <span class='ocrx_word' id='word_1_677' title='bbox 2335 2589 2615 2643; x_wconf 92' lang='lat' dir='ltr'><strong><em>collocent.</em></strong></span> <span class='ocrx_word' id='word_1_678' title='bbox 2644 2591 2727 2644; x_wconf 91' lang='lat'><strong><em>16.</em></strong></span> <span class='ocrx_word' id='word_1_679' title='bbox 2758 2588 2827 2644; x_wconf 87' lang='lat' dir='ltr'><strong><em>0s</em></strong></span> <span class='ocrx_word' id='word_1_680' title='bbox 2849 2591 3048 2655; x_wconf 82' lang='lat' dir='ltr'><strong><em>habent,</em></strong></span> <span class='ocrx_word' id='word_1_681' title='bbox 3078 2601 3122 2646; x_wconf 83' lang='lat' dir='ltr'><strong><em>et</em></strong></span> <span class='ocrx_word' id='word_1_682' title='bbox 3145 2610 3241 2645; x_wconf 89' lang='lat' dir='ltr'><strong><em>non</em></strong></span> <span class='ocrx_word' id='word_1_683' title='bbox 3267 2594 3544 2661; x_wconf 83' lang='lat' dir='ltr'><strong><em>loquentur.</em></strong></span> <span class='ocrx_word' id='word_1_684' title='bbox 3575 2581 3702 2648; x_wconf 80' lang='lat' dir='ltr'><strong><em>Ocu-</em></strong></span> 
     </span>
    </p>
   </div>
   <div class='ocr_carea' id='block_1_86' title="bbox 2127 2678 3700 2746">
    <p class='ocr_par' dir='ltr' id='par_1_86' title="bbox 2127 2678 3700 2746">
     <span class='ocr_line' id='line_1_86' title="bbox 2127 2678 3700 2746; baseline 0.004 -14"><span class='ocrx_word' id='word_1_685' title='bbox 2127 2678 2201 2732; x_wconf 86' lang='lat' dir='ltr'><strong><em>las</em></strong></span> <span class='ocrx_word' id='word_1_686' title='bbox 2239 2679 2439 2742; x_wconf 78' lang='lat' dir='ltr'><strong><em>habent,</em></strong></span> <span class='ocrx_word' id='word_1_687' title='bbox 2470 2690 2643 2733; x_wconf 89' lang='lat' dir='ltr'><strong><em>etnon</em></strong></span> <span class='ocrx_word' id='word_1_688' title='bbox 2684 2682 2934 2734; x_wconf 77' lang='lat' dir='ltr'><strong><em>videbunt.</em></strong></span> <span class='ocrx_word' id='word_1_689' title='bbox 2961 2683 3050 2738; x_wconf 87' lang='lat'><strong><em>17.</em></strong></span> <span class='ocrx_word' id='word_1_690' title='bbox 3075 2682 3231 2737; x_wconf 83' lang='lat' dir='ltr'><strong><em>Aures</em></strong></span> <span class='ocrx_word' id='word_1_691' title='bbox 3270 2685 3468 2746; x_wconf 86' lang='lat' dir='ltr'><strong><em>habent,</em></strong></span> <span class='ocrx_word' id='word_1_692' title='bbox 3511 2695 3556 2738; x_wconf 91' lang='lat' dir='ltr'><strong><em>et</em></strong></span> <span class='ocrx_word' id='word_1_693' title='bbox 3599 2703 3700 2740; x_wconf 86' lang='lat' dir='ltr'><strong><em>non</em></strong></span> 
     </span>
    </p>
   </div>
   <div class='ocr_carea' id='block_1_87' title="bbox 2127 2771 3694 2844">
    <p class='ocr_par' dir='ltr' id='par_1_87' title="bbox 2127 2771 3694 2844">
     <span class='ocr_line' id='line_1_87' title="bbox 2127 2771 3694 2844; baseline 0.004 -20"><span class='ocrx_word' id='word_1_694' title='bbox 2127 2771 2348 2826; x_wconf 85' lang='lat' dir='ltr'><strong><em>audient.</em></strong></span> <span class='ocrx_word' id='word_1_695' title='bbox 2384 2771 2559 2841; x_wconf 83' lang='lat' dir='ltr'><strong><em>Neque</em></strong></span> <span class='ocrx_word' id='word_1_696' title='bbox 2594 2773 2724 2825; x_wconf 90' lang='lat' dir='ltr'><strong><em>enim</em></strong></span> <span class='ocrx_word' id='word_1_697' title='bbox 2771 2783 2841 2826; x_wconf 88' lang='lat' dir='ltr'><strong><em>est</em></strong></span> <span class='ocrx_word' id='word_1_698' title='bbox 2881 2774 3086 2844; x_wconf 85' lang='lat' dir='ltr'><strong><em>spiritus</em></strong></span> <span class='ocrx_word' id='word_1_699' title='bbox 3115 2775 3165 2827; x_wconf 91' lang='lat' dir='ltr'><strong><em>in</em></strong></span> <span class='ocrx_word' id='word_1_700' title='bbox 3211 2791 3297 2828; x_wconf 88' lang='lat' dir='ltr'><strong><em>ore</em></strong></span> <span class='ocrx_word' id='word_1_701' title='bbox 3339 2777 3579 2843; x_wconf 86' lang='lat' dir='ltr'><strong><em>ipsorum.</em></strong></span> <span class='ocrx_word' id='word_1_702' title='bbox 3608 2778 3694 2832; x_wconf 87' lang='lat'><strong><em>18.</em></strong></span> 
     </span>
    </p>
   </div>
   <div class='ocr_carea' id='block_1_88' title="bbox 2127 2863 3698 2936">
    <p class='ocr_par' dir='ltr' id='par_1_88' title="bbox 2127 2863 3698 2936">
     <span class='ocr_line' id='line_1_88' title="bbox 2127 2863 3698 2936; baseline 0.002 -19"><span class='ocrx_word' id='word_1_703' title='bbox 2127 2863 2328 2917; x_wconf 87' lang='lat' dir='ltr'><strong><em>Similes</em></strong></span> <span class='ocrx_word' id='word_1_704' title='bbox 2355 2864 2454 2916; x_wconf 86' lang='lat' dir='ltr'><strong><em>illis</em></strong></span> <span class='ocrx_word' id='word_1_705' title='bbox 2481 2865 2606 2931; x_wconf 79' lang='lat' dir='ltr'><strong><em>[iant</em></strong></span> <span class='ocrx_word' id='word_1_706' title='bbox 2629 2865 2713 2932; x_wconf 87' lang='lat' dir='ltr'><strong><em>qui</em></strong></span> <span class='ocrx_word' id='word_1_707' title='bbox 2739 2864 2933 2932; x_wconf 76' lang='lat' dir='ltr'><strong><em>faciunt</em></strong></span> <span class='ocrx_word' id='word_1_708' title='bbox 2959 2882 3037 2930; x_wconf 87' lang='lat' dir='ltr'><strong><em>ea,</em></strong></span> <span class='ocrx_word' id='word_1_709' title='bbox 3069 2875 3114 2918; x_wconf 89' lang='lat' dir='ltr'><strong><em>et</em></strong></span> <span class='ocrx_word' id='word_1_710' title='bbox 3141 2882 3306 2920; x_wconf 88' lang='lat' dir='ltr'><strong><em>omnes</em></strong></span> <span class='ocrx_word' id='word_1_711' title='bbox 3328 2868 3411 2936; x_wconf 86' lang='lat' dir='ltr'><strong><em>qui</em></strong></span> <span class='ocrx_word' id='word_1_712' title='bbox 3437 2870 3698 2934; x_wconf 81' lang='lat' dir='ltr'><strong><em>conﬁdunt</em></strong></span> 
     </span>
    </p>
   </div>
   <div class='ocr_carea' id='block_1_89' title="bbox 2125 2957 3695 3030">
    <p class='ocr_par' dir='ltr' id='par_1_89' title="bbox 2125 2957 3695 3030">
     <span class='ocr_line' id='line_1_89' title="bbox 2125 2957 3695 3030; baseline 0.003 -20"><span class='ocrx_word' id='word_1_713' title='bbox 2125 2959 2175 3010; x_wconf 86' lang='lat' dir='ltr'><strong><em>in</em></strong></span> <span class='ocrx_word' id='word_1_714' title='bbox 2203 2959 2292 3013; x_wconf 90' lang='lat' dir='ltr'><strong><em>eis.</em></strong></span> <span class='ocrx_word' id='word_1_715' title='bbox 2343 2957 2433 3025; x_wconf 89' lang='lat' dir='ltr'><strong><em>0s,</em></strong></span> <span class='ocrx_word' id='word_1_716' title='bbox 2481 2959 2667 3028; x_wconf 91' lang='lat' dir='ltr'><strong><em>inquit,</em></strong></span> <span class='ocrx_word' id='word_1_717' title='bbox 2717 2961 2914 3022; x_wconf 83' lang='lat' dir='ltr'><strong><em>habent,</em></strong></span> <span class='ocrx_word' id='word_1_718' title='bbox 2969 2971 3016 3014; x_wconf 85' lang='lat' dir='ltr'><strong><em>et</em></strong></span> <span class='ocrx_word' id='word_1_719' title='bbox 3057 2979 3155 3014; x_wconf 90' lang='lat' dir='ltr'><strong><em>non</em></strong></span> <span class='ocrx_word' id='word_1_720' title='bbox 3198 2963 3478 3030; x_wconf 86' lang='lat' dir='ltr'><strong><em>loquentur.</em></strong></span> <span class='ocrx_word' id='word_1_721' title='bbox 3510 2961 3695 3014; x_wconf 81' lang='lat' dir='ltr'><strong><em>Vidisti</em></strong></span> 
     </span>
    </p>
   </div>
   <div class='ocr_carea' id='block_1_90' title="bbox 2125 3049 3698 3119">
    <p class='ocr_par' dir='ltr' id='par_1_90' title="bbox 2125 3049 3698 3119">
     <span class='ocr_line' id='line_1_90' title="bbox 2125 3049 3698 3119; baseline 0.001 -18"><span class='ocrx_word' id='word_1_722' title='bbox 2125 3049 2389 3117; x_wconf 90' lang='lat' dir='ltr'><strong><em>quomodo</em></strong></span> <span class='ocrx_word' id='word_1_723' title='bbox 2415 3060 2570 3119; x_wconf 84' lang='lat' dir='ltr'><strong><em>auget</em></strong></span> <span class='ocrx_word' id='word_1_724' title='bbox 2596 3051 2912 3115; x_wconf 88' lang='lat' dir='ltr'><strong><em>irrisiouem,</em></strong></span> <span class='ocrx_word' id='word_1_725' title='bbox 2938 3059 2992 3105; x_wconf 90' lang='lat' dir='ltr'><strong><em>et</em></strong></span> <span class='ocrx_word' id='word_1_726' title='bbox 3019 3051 3252 3106; x_wconf 74' lang='lat' dir='ltr'><strong><em>fraudem</em></strong></span> <span class='ocrx_word' id='word_1_727' title='bbox 3274 3051 3540 3119; x_wconf 74' lang='lat' dir='ltr'><strong><em>coarguit?</em></strong></span> <span class='ocrx_word' id='word_1_728' title='bbox 3561 3051 3698 3117; x_wconf 88' lang='lat' dir='ltr'><strong><em>Quo-</em></strong></span> 
     </span>
    </p>
   </div>
   <div class='ocr_carea' id='block_1_91' title="bbox 2126 3141 3698 3210">
    <p class='ocr_par' dir='ltr' id='par_1_91' title="bbox 2126 3141 3698 3210">
     <span class='ocr_line' id='line_1_91' title="bbox 2126 3141 3698 3210; baseline 0.001 -16"><span class='ocrx_word' id='word_1_729' title='bbox 2126 3141 2264 3194; x_wconf 90' lang='lat' dir='ltr'><strong><em>niam</em></strong></span> <span class='ocrx_word' id='word_1_730' title='bbox 2301 3143 2440 3194; x_wconf 90' lang='lat' dir='ltr'><strong><em>enitn</em></strong></span> <span class='ocrx_word' id='word_1_731' title='bbox 2484 3156 2542 3195; x_wconf 88' lang='lat' dir='ltr'><strong><em>ea</em></strong></span> <span class='ocrx_word' id='word_1_732' title='bbox 2573 3157 2714 3210; x_wconf 67' lang='lat' dir='ltr'><strong><em>swpe</em></strong></span> <span class='ocrx_word' id='word_1_733' title='bbox 2760 3153 2972 3196; x_wconf 85' lang='lat' dir='ltr'><strong><em>movent</em></strong></span> <span class='ocrx_word' id='word_1_734' title='bbox 3014 3142 3302 3205; x_wconf 74' lang='lat' dir='ltr'><strong><em>daemones,</em></strong></span> <span class='ocrx_word' id='word_1_735' title='bbox 3336 3142 3598 3197; x_wconf 79' lang='lat' dir='ltr'><strong><em>lit-tionem</em></strong></span> <span class='ocrx_word' id='word_1_736' title='bbox 3643 3154 3698 3196; x_wconf 88' lang='lat' dir='ltr'><strong><em>et</em></strong></span> 
     </span>
    </p>
   </div>
   <div class='ocr_carea' id='block_1_92' title="bbox 2125 3231 3696 3302">
    <p class='ocr_par' dir='ltr' id='par_1_92' title="bbox 2125 3231 3696 3302">
     <span class='ocr_line' id='line_1_92' title="bbox 2125 3231 3696 3302; baseline -0.002 -16"><span class='ocrx_word' id='word_1_737' title='bbox 2125 3233 2424 3286; x_wconf 88' lang='lat' dir='ltr'><strong><em>simulatum</em></strong></span> <span class='ocrx_word' id='word_1_738' title='bbox 2451 3243 2622 3285; x_wconf 88' lang='lat' dir='ltr'><strong><em>actum</em></strong></span> <span class='ocrx_word' id='word_1_739' title='bbox 2665 3247 2848 3286; x_wconf 81' lang='lat' dir='ltr'><strong><em>eorum</em></strong></span> <span class='ocrx_word' id='word_1_740' title='bbox 2876 3232 3089 3302; x_wconf 80' lang='lat' dir='ltr'><strong><em>detegit,</em></strong></span> <span class='ocrx_word' id='word_1_741' title='bbox 3118 3231 3403 3286; x_wconf 86' lang='lat' dir='ltr'><strong><em>ostendens</em></strong></span> <span class='ocrx_word' id='word_1_742' title='bbox 3448 3247 3548 3285; x_wconf 90' lang='lat' dir='ltr'><strong><em>non</em></strong></span> <span class='ocrx_word' id='word_1_743' title='bbox 3577 3247 3696 3285; x_wconf 69' lang='lat' dir='ltr'><strong><em>es~e</em></strong></span> 
     </span>
    </p>
   </div>
   <div class='ocr_carea' id='block_1_93' title="bbox 2124 3322 3696 3395">
    <p class='ocr_par' dir='ltr' id='par_1_93' title="bbox 2124 3322 3696 3395">
     <span class='ocr_line' id='line_1_93' title="bbox 2124 3322 3696 3395; baseline -0.003 -15"><span class='ocrx_word' id='word_1_744' title='bbox 2124 3325 2364 3395; x_wconf 86' lang='lat' dir='ltr'><strong><em>Spiritum</em></strong></span> <span class='ocrx_word' id='word_1_745' title='bbox 2398 3324 2446 3376; x_wconf 91' lang='lat' dir='ltr'><strong><em>in</em></strong></span> <span class='ocrx_word' id='word_1_746' title='bbox 2477 3337 2570 3377; x_wconf 89' lang='lat' dir='ltr'><strong><em>ore</em></strong></span> <span class='ocrx_word' id='word_1_747' title='bbox 2600 3323 2852 3392; x_wconf 85' lang='lat' dir='ltr'><strong><em>ipsorum.</em></strong></span> <span class='ocrx_word' id='word_1_748' title='bbox 2886 3323 2948 3376; x_wconf 87' lang='lat' dir='ltr'><strong><em>Et</em></strong></span> <span class='ocrx_word' id='word_1_749' title='bbox 2993 3339 3230 3392; x_wconf 82' lang='lat' dir='ltr'><strong><em>quamam</em></strong></span> <span class='ocrx_word' id='word_1_750' title='bbox 3263 3332 3343 3376; x_wconf 92' lang='lat' dir='ltr'><strong><em>est</em></strong></span> <span class='ocrx_word' id='word_1_751' title='bbox 3371 3338 3526 3377; x_wconf 83' lang='lat' dir='ltr'><strong><em>causa</em></strong></span> <span class='ocrx_word' id='word_1_752' title='bbox 3557 3322 3696 3391; x_wconf 88' lang='lat' dir='ltr'><strong><em>quod</em></strong></span> 
     </span>
    </p>
   </div>
   <div class='ocr_carea' id='block_1_94' title="bbox 2127 3413 3697 3482">
    <p class='ocr_par' dir='ltr' id='par_1_94' title="bbox 2127 3413 3697 3482">
     <span class='ocr_line' id='line_1_94' title="bbox 2127 3413 3697 3482; baseline -0.003 -14"><span class='ocrx_word' id='word_1_753' title='bbox 2127 3415 2296 3468; x_wconf 89' lang='lat' dir='ltr'><strong><em>malus</em></strong></span> <span class='ocrx_word' id='word_1_754' title='bbox 2332 3414 2539 3468; x_wconf 74' lang='lat' dir='ltr'><strong><em>dazmon</em></strong></span> <span class='ocrx_word' id='word_1_755' title='bbox 2568 3414 2767 3482; x_wconf 87' lang='lat' dir='ltr'><strong><em>absque</em></strong></span> <span class='ocrx_word' id='word_1_756' title='bbox 2812 3413 2915 3467; x_wconf 92' lang='lat' dir='ltr'><strong><em>illis</em></strong></span> <span class='ocrx_word' id='word_1_757' title='bbox 2959 3413 3085 3467; x_wconf 90' lang='lat' dir='ltr'><strong><em>nihil</em></strong></span> <span class='ocrx_word' id='word_1_758' title='bbox 3118 3413 3258 3478; x_wconf 78' lang='lat' dir='ltr'><strong><em>facit,</em></strong></span> <span class='ocrx_word' id='word_1_759' title='bbox 3291 3429 3388 3467; x_wconf 90' lang='lat' dir='ltr'><strong><em>nec</em></strong></span> <span class='ocrx_word' id='word_1_760' title='bbox 3427 3413 3697 3482; x_wconf 88' lang='lat' dir='ltr'><strong><em>loquitur?</em></strong></span> 
     </span>
    </p>
   </div>
   <div class='ocr_carea' id='block_1_95' title="bbox 2124 3505 3693 3574">
    <p class='ocr_par' dir='ltr' id='par_1_95' title="bbox 2124 3505 3693 3574">
     <span class='ocr_line' id='line_1_95' title="bbox 2124 3505 3693 3574; baseline -0.001 -15"><span class='ocrx_word' id='word_1_761' title='bbox 2124 3507 2385 3574; x_wconf 87' lang='lat' dir='ltr'><strong><em>Quoniam</em></strong></span> <span class='ocrx_word' id='word_1_762' title='bbox 2429 3507 2616 3574; x_wconf 89' lang='lat' dir='ltr'><strong><em>stupri,</em></strong></span> <span class='ocrx_word' id='word_1_763' title='bbox 2658 3505 2921 3571; x_wconf 87' lang='lat' dir='ltr'><strong><em>adulterii,</em></strong></span> <span class='ocrx_word' id='word_1_764' title='bbox 2968 3517 3020 3559; x_wconf 82' lang='lat' dir='ltr'><strong><em>et</em></strong></span> <span class='ocrx_word' id='word_1_765' title='bbox 3049 3506 3509 3560; x_wconf 54' lang='lat' dir='ltr'><strong><em>inuuu‘terabilium</em></strong></span> <span class='ocrx_word' id='word_1_766' title='bbox 3542 3506 3693 3558; x_wconf 76' lang='lat' dir='ltr'><strong><em>vitio-</em></strong></span> 
     </span>
    </p>
   </div>
   <div class='ocr_carea' id='block_1_96' title="bbox 2127 3595 3700 3667">
    <p class='ocr_par' dir='ltr' id='par_1_96' title="bbox 2127 3595 3700 3667">
     <span class='ocr_line' id='line_1_96' title="bbox 2127 3595 3700 3667; baseline -0.003 -13"><span class='ocrx_word' id='word_1_767' title='bbox 2127 3616 2241 3654; x_wconf 91' lang='lat' dir='ltr'><strong><em>rum</em></strong></span> <span class='ocrx_word' id='word_1_768' title='bbox 2273 3599 2532 3652; x_wconf 77' lang='lat' dir='ltr'><strong><em>tolumnte</em></strong></span> <span class='ocrx_word' id='word_1_769' title='bbox 2559 3607 2684 3650; x_wconf 91' lang='lat' dir='ltr'><strong><em>sunt</em></strong></span> <span class='ocrx_word' id='word_1_770' title='bbox 2710 3597 2895 3650; x_wconf 91' lang='lat' dir='ltr'><strong><em>horum</em></strong></span> <span class='ocrx_word' id='word_1_771' title='bbox 2926 3595 3326 3651; x_wconf 86' lang='lat' dir='ltr'><strong><em>simulacrorum</em></strong></span> <span class='ocrx_word' id='word_1_772' title='bbox 3359 3597 3537 3667; x_wconf 75' lang='lat' dir='ltr'><strong><em>ligurze</em></strong></span> <span class='ocrx_word' id='word_1_773' title='bbox 3564 3615 3576 3650; x_wconf 89' lang='lat'><strong>:</strong></span> <span class='ocrx_word' id='word_1_774' title='bbox 3605 3597 3700 3649; x_wconf 88' lang='lat' dir='ltr'><strong><em>do-</em></strong></span> 
     </span>
    </p>
   </div>
   <div class='ocr_carea' id='block_1_97' title="bbox 2125 3688 3699 3758">
    <p class='ocr_par' dir='ltr' id='par_1_97' title="bbox 2125 3688 3699 3758">
     <span class='ocr_line' id='line_1_97' title="bbox 2125 3688 3699 3758; baseline -0.001 -15"><span class='ocrx_word' id='word_1_775' title='bbox 2125 3705 2253 3743; x_wconf 86' lang='lat' dir='ltr'><strong><em>cens</em></strong></span> <span class='ocrx_word' id='word_1_776' title='bbox 2282 3704 2374 3744; x_wconf 90' lang='lat' dir='ltr'><strong><em>eos</em></strong></span> <span class='ocrx_word' id='word_1_777' title='bbox 2403 3689 2489 3758; x_wconf 90' lang='lat' dir='ltr'><strong><em>qui</em></strong></span> <span class='ocrx_word' id='word_1_778' title='bbox 2517 3688 2839 3743; x_wconf 89' lang='lat' dir='ltr'><strong><em>seducuntur</em></strong></span> <span class='ocrx_word' id='word_1_779' title='bbox 2863 3729 2878 3754; x_wconf 92' lang='lat'><strong><em>,</em></strong></span> <span class='ocrx_word' id='word_1_780' title='bbox 2909 3703 3001 3757; x_wconf 91' lang='lat' dir='ltr'><strong><em>per</em></strong></span> <span class='ocrx_word' id='word_1_781' title='bbox 3029 3689 3198 3755; x_wconf 91' lang='lat' dir='ltr'><strong><em>ipsum</em></strong></span> <span class='ocrx_word' id='word_1_782' title='bbox 3225 3698 3515 3742; x_wconf 89' lang='lat' dir='ltr'><strong><em>statuarum</em></strong></span> <span class='ocrx_word' id='word_1_783' title='bbox 3545 3703 3699 3755; x_wconf 61' lang='grc' dir='ltr'><strong><em>διενο-</em></strong></span> 
     </span>
    </p>
   </div>
   <div class='ocr_carea' id='block_1_98' title="bbox 2125 3769 3703 3848">
    <p class='ocr_par' dir='ltr' id='par_1_98' title="bbox 2125 3769 3703 3848">
     <span class='ocr_line' id='line_1_98' title="bbox 2125 3769 3703 3848; baseline -0.002 -16"><span class='ocrx_word' id='word_1_784' title='bbox 2125 3791 2268 3833; x_wconf 87' lang='lat' dir='ltr'><strong><em>cttnn</em></strong></span> <span class='ocrx_word' id='word_1_785' title='bbox 2299 3793 2388 3833; x_wconf 89' lang='lat' dir='ltr'><strong><em>eas</em></strong></span> <span class='ocrx_word' id='word_1_786' title='bbox 2415 3795 2499 3833; x_wconf 81' lang='lat' dir='ltr'><strong><em>res</em></strong></span> <span class='ocrx_word' id='word_1_787' title='bbox 2529 3769 2740 3840; x_wconf 87' lang='lat' dir='ltr'><strong><em>imitari,</em></strong></span> <span class='ocrx_word' id='word_1_788' title='bbox 2773 3794 2992 3847; x_wconf 87' lang='lat' dir='ltr'><strong><em>quarum</em></strong></span> <span class='ocrx_word' id='word_1_789' title='bbox 3018 3779 3234 3848; x_wconf 89' lang='lat' dir='ltr'><strong><em>liguram</em></strong></span> <span class='ocrx_word' id='word_1_790' title='bbox 3277 3780 3558 3848; x_wconf 62' lang='lat' dir='ltr'><strong><em>proderunt</em></strong></span> <span class='ocrx_word' id='word_1_791' title='bbox 3602 3792 3703 3830; x_wconf 83' lang='lat' dir='ltr'><strong><em>sut-</em></strong></span> 
     </span>
    </p>
   </div>
   <div class='ocr_carea' id='block_1_99' title="bbox 2127 3868 3700 3936">
    <p class='ocr_par' dir='ltr' id='par_1_99' title="bbox 2127 3868 3700 3936">
     <span class='ocr_line' id='line_1_99' title="bbox 2127 3868 3700 3936; baseline -0.003 -11"><span class='ocrx_word' id='word_1_792' title='bbox 2127 3881 2250 3935; x_wconf 75' lang='lat' dir='ltr'><strong><em>lU&#39;J‘,</em></strong></span> <span class='ocrx_word' id='word_1_793' title='bbox 2282 3871 2358 3924; x_wconf 88' lang='lat' dir='ltr'><strong><em>eis</em></strong></span> <span class='ocrx_word' id='word_1_794' title='bbox 2384 3869 2579 3924; x_wconf 61' lang='lat' dir='ltr'><strong><em>assidet</em></strong></span> <span class='ocrx_word' id='word_1_795' title='bbox 2604 3884 2663 3922; x_wconf 89' lang='lat' dir='ltr'><strong><em>ea</em></strong></span> <span class='ocrx_word' id='word_1_796' title='bbox 2696 3884 2932 3932; x_wconf 77' lang='lat' dir='ltr'><strong><em>movens,</em></strong></span> <span class='ocrx_word' id='word_1_797' title='bbox 2967 3878 3020 3922; x_wconf 80' lang='lat' dir='ltr'><strong><em>et</em></strong></span> <span class='ocrx_word' id='word_1_798' title='bbox 3046 3869 3332 3936; x_wconf 85' lang='lat' dir='ltr'><strong><em>decipiens.</em></strong></span> <span class='ocrx_word' id='word_1_799' title='bbox 3369 3868 3563 3923; x_wconf 88' lang='lat' dir='ltr'><strong><em>Deinde</em></strong></span> <span class='ocrx_word' id='word_1_800' title='bbox 3590 3885 3700 3922; x_wconf 82' lang='lat' dir='ltr'><strong><em>rur-</em></strong></span> 
     </span>
    </p>
   </div>
   <div class='ocr_carea' id='block_1_100' title="bbox 2126 3958 3701 4027">
    <p class='ocr_par' dir='ltr' id='par_1_100' title="bbox 2126 3958 3701 4027">
     <span class='ocr_line' id='line_1_100' title="bbox 2126 3958 3701 4027; baseline -0.003 -13"><span class='ocrx_word' id='word_1_801' title='bbox 2126 3976 2217 4014; x_wconf 90' lang='lat' dir='ltr'><strong><em>sus</em></strong></span> <span class='ocrx_word' id='word_1_802' title='bbox 2241 3962 2344 4014; x_wconf 87' lang='lat' dir='ltr'><strong><em>alio</em></strong></span> <span class='ocrx_word' id='word_1_803' title='bbox 2389 3959 2760 4012; x_wconf 76' lang='lat' dir='ltr'><strong><em>ludiﬁcationis</em></strong></span> <span class='ocrx_word' id='word_1_804' title='bbox 2787 3973 2979 4027; x_wconf 79' lang='lat' dir='ltr'><strong><em>genere</em></strong></span> <span class='ocrx_word' id='word_1_805' title='bbox 3022 3973 3081 4010; x_wconf 86' lang='lat' dir='ltr'><strong><em>ea</em></strong></span> <span class='ocrx_word' id='word_1_806' title='bbox 3123 3958 3424 4027; x_wconf 80' lang='lat' dir='ltr'><strong><em>aggreditur</em></strong></span> <span class='ocrx_word' id='word_1_807' title='bbox 3454 3976 3467 4011; x_wconf 88' lang='lat'><strong>:</strong></span> <span class='ocrx_word' id='word_1_808' title='bbox 3497 3958 3701 4012; x_wconf 84' lang='lat' dir='ltr'><strong><em>Similes</em></strong></span> 
     </span>
    </p>
   </div>
   <div class='ocr_carea' id='block_1_101' title="bbox 2126 4046 3699 4120">
    <p class='ocr_par' dir='ltr' id='par_1_101' title="bbox 2126 4046 3699 4120">
     <span class='ocr_line' id='line_1_101' title="bbox 2126 4046 3699 4120; baseline -0.004 -14"><span class='ocrx_word' id='word_1_809' title='bbox 2126 4053 2229 4107; x_wconf 88' lang='lat' dir='ltr'><strong><em>illis</em></strong></span> <span class='ocrx_word' id='word_1_810' title='bbox 2259 4053 2382 4120; x_wconf 81' lang='lat' dir='ltr'><strong><em>[iant</em></strong></span> <span class='ocrx_word' id='word_1_811' title='bbox 2411 4051 2494 4118; x_wconf 86' lang='lat' dir='ltr'><strong><em>qui</em></strong></span> <span class='ocrx_word' id='word_1_812' title='bbox 2523 4051 2714 4119; x_wconf 80' lang='lat' dir='ltr'><strong><em>faciunt</em></strong></span> <span class='ocrx_word' id='word_1_813' title='bbox 2744 4065 2820 4101; x_wconf 89' lang='lat' dir='ltr'><strong><em>ea.</em></strong></span> <span class='ocrx_word' id='word_1_814' title='bbox 2849 4046 3140 4101; x_wconf 87' lang='lat' dir='ltr'><strong><em>Considera</em></strong></span> <span class='ocrx_word' id='word_1_815' title='bbox 3165 4047 3302 4118; x_wconf 90' lang='lat' dir='ltr'><strong><em>apud</em></strong></span> <span class='ocrx_word' id='word_1_816' title='bbox 3336 4061 3384 4101; x_wconf 92' lang='lat' dir='ltr'><strong><em>te</em></strong></span> <span class='ocrx_word' id='word_1_817' title='bbox 3415 4049 3598 4117; x_wconf 86' lang='lat' dir='ltr'><strong><em>quales</em></strong></span> <span class='ocrx_word' id='word_1_818' title='bbox 3627 4049 3699 4100; x_wconf 88' lang='lat' dir='ltr'><strong><em>dii</em></strong></span> 
     </span>
    </p>
   </div>
   <div class='ocr_carea' id='block_1_102' title="bbox 2127 4137 3702 4212">
    <p class='ocr_par' dir='ltr' id='par_1_102' title="bbox 2127 4137 3702 4212">
     <span class='ocr_line' id='line_1_102' title="bbox 2127 4137 3702 4212; baseline -0.004 -15"><span class='ocrx_word' id='word_1_819' title='bbox 2127 4145 2248 4207; x_wconf 89' lang='lat' dir='ltr'><strong><em>sint,</em></strong></span> <span class='ocrx_word' id='word_1_820' title='bbox 2296 4141 2486 4212; x_wconf 89' lang='lat' dir='ltr'><strong><em>quibus</em></strong></span> <span class='ocrx_word' id='word_1_821' title='bbox 2511 4139 2622 4192; x_wconf 89' lang='lat' dir='ltr'><strong><em>lieri</em></strong></span> <span class='ocrx_word' id='word_1_822' title='bbox 2652 4138 2855 4192; x_wconf 90' lang='lat' dir='ltr'><strong><em>similes</em></strong></span> <span class='ocrx_word' id='word_1_823' title='bbox 2883 4137 2991 4191; x_wconf 89' lang='lat' dir='ltr'><strong><em>dira</em></strong></span> <span class='ocrx_word' id='word_1_824' title='bbox 3023 4147 3103 4192; x_wconf 88' lang='lat' dir='ltr'><strong><em>est</em></strong></span> <span class='ocrx_word' id='word_1_825' title='bbox 3147 4137 3470 4206; x_wconf 87' lang='lat' dir='ltr'><strong><em>imprecatio.</em></strong></span> <span class='ocrx_word' id='word_1_826' title='bbox 3511 4137 3702 4193; x_wconf 81' lang='lat' dir='ltr'><strong><em>Nostra</em></strong></span> 
     </span>
    </p>
   </div>
   <div class='ocr_carea' id='block_1_103' title="bbox 2127 4226 3703 4288">
    <p class='ocr_par' dir='ltr' id='par_1_103' title="bbox 2127 4226 3703 4288">
     <span class='ocr_line' id='line_1_103' title="bbox 2127 4226 3703 4288; baseline -0.006 0"><span class='ocrx_word' id='word_1_827' title='bbox 2127 4245 2301 4288; x_wconf 88' lang='lat' dir='ltr'><strong><em>autem</em></strong></span> <span class='ocrx_word' id='word_1_828' title='bbox 2325 4248 2429 4286; x_wconf 93' lang='lat' dir='ltr'><strong><em>non</em></strong></span> <span class='ocrx_word' id='word_1_829' title='bbox 2461 4231 2528 4284; x_wconf 85' lang='lat' dir='ltr'><strong><em>ita</em></strong></span> <span class='ocrx_word' id='word_1_830' title='bbox 2557 4229 2769 4284; x_wconf 86' lang='lat' dir='ltr'><strong><em>habent.</em></strong></span> <span class='ocrx_word' id='word_1_831' title='bbox 2795 4229 3074 4282; x_wconf 80' lang='lat' dir='ltr'><strong><em>Extremus</em></strong></span> <span class='ocrx_word' id='word_1_832' title='bbox 3091 4227 3230 4282; x_wconf 87' lang='lat' dir='ltr'><strong><em>enim</em></strong></span> <span class='ocrx_word' id='word_1_833' title='bbox 3255 4227 3458 4280; x_wconf 86' lang='lat' dir='ltr'><strong><em>virtutis</em></strong></span> <span class='ocrx_word' id='word_1_834' title='bbox 3479 4226 3594 4279; x_wconf 87' lang='lat' dir='ltr'><strong><em>linis</em></strong></span> <span class='ocrx_word' id='word_1_835' title='bbox 3620 4237 3703 4280; x_wconf 89' lang='lat' dir='ltr'><strong><em>est.</em></strong></span> 
     </span>
    </p>
   </div>
   <div class='ocr_carea' id='block_1_104' title="bbox 2127 4319 3704 4397">
    <p class='ocr_par' dir='ltr' id='par_1_104' title="bbox 2127 4319 3704 4397">
     <span class='ocr_line' id='line_1_104' title="bbox 2127 4319 3704 4397; baseline -0.007 -14"><span class='ocrx_word' id='word_1_836' title='bbox 2127 4328 2177 4383; x_wconf 90' lang='lat' dir='ltr'><strong><em>id</em></strong></span> <span class='ocrx_word' id='word_1_837' title='bbox 2205 4325 2342 4397; x_wconf 91' lang='lat' dir='ltr'><strong><em>quod</em></strong></span> <span class='ocrx_word' id='word_1_838' title='bbox 2385 4323 2507 4380; x_wconf 76' lang='lat' dir='ltr'><strong><em>facit</em></strong></span> <span class='ocrx_word' id='word_1_839' title='bbox 2533 4322 2598 4377; x_wconf 88' lang='lat' dir='ltr'><strong><em>ad</em></strong></span> <span class='ocrx_word' id='word_1_840' title='bbox 2625 4337 2889 4377; x_wconf 88' lang='lat' dir='ltr'><strong><em>summum</em></strong></span> <span class='ocrx_word' id='word_1_841' title='bbox 2918 4321 3177 4376; x_wconf 88' lang='lat' dir='ltr'><strong><em>bonormn</em></strong></span> <span class='ocrx_word' id='word_1_842' title='bbox 3209 4319 3468 4390; x_wconf 76' lang='lat' dir='ltr'><strong><em>fastigium</em></strong></span> <span class='ocrx_word' id='word_1_843' title='bbox 3504 4319 3704 4388; x_wconf 81' lang='lat' dir='ltr'><strong><em>pertin-</em></strong></span> 
     </span>
    </p>
   </div>
   <div class='ocr_carea' id='block_1_105' title="bbox 2127 4409 3703 4486">
    <p class='ocr_par' dir='ltr' id='par_1_105' title="bbox 2127 4409 3703 4486">
     <span class='ocr_line' id='line_1_105' title="bbox 2127 4409 3703 4486; baseline -0.006 -14"><span class='ocrx_word' id='word_1_844' title='bbox 2127 4433 2273 4486; x_wconf 87' lang='lat' dir='ltr'><strong><em>gere.</em></strong></span> <span class='ocrx_word' id='word_1_845' title='bbox 2303 4424 2359 4470; x_wconf 93' lang='lat' dir='ltr'><strong><em>ut</em></strong></span> <span class='ocrx_word' id='word_1_846' title='bbox 2386 4413 2477 4469; x_wconf 88' lang='lat' dir='ltr'><strong><em>Dei</em></strong></span> <span class='ocrx_word' id='word_1_847' title='bbox 2507 4423 2759 4483; x_wconf 89' lang='lat' dir='ltr'><strong><em>quantum</em></strong></span> <span class='ocrx_word' id='word_1_848' title='bbox 2784 4411 2892 4465; x_wconf 90' lang='lat' dir='ltr'><strong><em>lieri</em></strong></span> <span class='ocrx_word' id='word_1_849' title='bbox 2923 4418 3093 4480; x_wconf 86' lang='lat' dir='ltr'><strong><em>potest</em></strong></span> <span class='ocrx_word' id='word_1_850' title='bbox 3115 4409 3314 4464; x_wconf 88' lang='lat' dir='ltr'><strong><em>similes</em></strong></span> <span class='ocrx_word' id='word_1_851' title='bbox 3335 4409 3519 4463; x_wconf 88' lang='lat' dir='ltr'><strong><em>simus.</em></strong></span> <span class='ocrx_word' id='word_1_852' title='bbox 3550 4409 3703 4476; x_wconf 81' lang='lat' dir='ltr'><strong><em>Apud</em></strong></span> 
     </span>
    </p>
   </div>
   <div class='ocr_carea' id='block_1_106' title="bbox 2131 4499 3702 4574">
    <p class='ocr_par' dir='ltr' id='par_1_106' title="bbox 2131 4499 3702 4574">
     <span class='ocr_line' id='line_1_106' title="bbox 2131 4499 3702 4574; baseline -0.004 -14"><span class='ocrx_word' id='word_1_853' title='bbox 2131 4509 2247 4562; x_wconf 85' lang='lat' dir='ltr'><strong><em>illos</em></strong></span> <span class='ocrx_word' id='word_1_854' title='bbox 2274 4515 2470 4567; x_wconf 89' lang='lat' dir='ltr'><strong><em>autem,</em></strong></span> <span class='ocrx_word' id='word_1_855' title='bbox 2504 4503 2690 4574; x_wconf 85' lang='lat' dir='ltr'><strong><em>inquit,</em></strong></span> <span class='ocrx_word' id='word_1_856' title='bbox 2723 4511 2776 4556; x_wconf 84' lang='lat' dir='ltr'><strong><em>et</em></strong></span> <span class='ocrx_word' id='word_1_857' title='bbox 2804 4502 2979 4556; x_wconf 90' lang='lat' dir='ltr'><strong><em>cultus</em></strong></span> <span class='ocrx_word' id='word_1_858' title='bbox 3023 4510 3121 4563; x_wconf 85' lang='lat' dir='ltr'><strong><em>est,</em></strong></span> <span class='ocrx_word' id='word_1_859' title='bbox 3151 4510 3204 4555; x_wconf 90' lang='lat' dir='ltr'><strong><em>et</em></strong></span> <span class='ocrx_word' id='word_1_860' title='bbox 3229 4499 3299 4553; x_wconf 92' lang='lat' dir='ltr'><strong><em>dii</em></strong></span> <span class='ocrx_word' id='word_1_861' title='bbox 3333 4499 3482 4557; x_wconf 77' lang='lat' dir='ltr'><strong><em>tales.</em></strong></span> <span class='ocrx_word' id='word_1_862' title='bbox 3527 4509 3581 4552; x_wconf 86' lang='grc' dir='ltr'><strong><em>ιιι</em></strong></span> <span class='ocrx_word' id='word_1_863' title='bbox 3623 4499 3702 4554; x_wconf 84' lang='lat' dir='ltr'><strong><em>eis</em></strong></span> 
     </span>
    </p>
   </div>
   <div class='ocr_carea' id='block_1_107' title="bbox 2129 4587 3700 4660">
    <p class='ocr_par' dir='ltr' id='par_1_107' title="bbox 2129 4587 3700 4660">
     <span class='ocr_line' id='line_1_107' title="bbox 2129 4587 3700 4660; baseline -0.004 -6"><span class='ocrx_word' id='word_1_864' title='bbox 2129 4615 2247 4654; x_wconf 71' lang='lat' dir='ltr'><strong><em>esse</em></strong></span> <span class='ocrx_word' id='word_1_865' title='bbox 2292 4597 2492 4652; x_wconf 87' lang='lat' dir='ltr'><strong><em>similes</em></strong></span> <span class='ocrx_word' id='word_1_866' title='bbox 2536 4592 2706 4651; x_wconf 89' lang='lat' dir='ltr'><strong><em>locmn</em></strong></span> <span class='ocrx_word' id='word_1_867' title='bbox 2761 4601 2938 4648; x_wconf 87' lang='lat' dir='ltr'><strong><em>teneat</em></strong></span> <span class='ocrx_word' id='word_1_868' title='bbox 2987 4603 3237 4648; x_wconf 74' lang='lat' dir='ltr'><strong><em>extrema:</em></strong></span> <span class='ocrx_word' id='word_1_869' title='bbox 3287 4587 3700 4660; x_wconf 80' lang='lat' dir='ltr'><strong><em>imprecationis.</em></strong></span> 
     </span>
    </p>
   </div>
   <div class='ocr_carea' id='block_1_108' title="bbox 2130 4673 3708 4760">
    <p class='ocr_par' dir='ltr' id='par_1_108' title="bbox 2130 4673 3708 4760">
     <span class='ocr_line' id='line_1_108' title="bbox 2130 4673 3708 4760; baseline -0.006 -16"><span class='ocrx_word' id='word_1_870' title='bbox 2130 4691 2278 4760; x_wconf 88' lang='lat' dir='ltr'><strong><em>Quod</em></strong></span> <span class='ocrx_word' id='word_1_871' title='bbox 2325 4690 2483 4760; x_wconf 86' lang='lat' dir='ltr'><strong><em>igitur</em></strong></span> <span class='ocrx_word' id='word_1_872' title='bbox 2520 4687 2626 4742; x_wconf 83' lang='lat' dir='ltr'><strong><em>sint</em></strong></span> <span class='ocrx_word' id='word_1_873' title='bbox 2656 4686 2873 4740; x_wconf 88' lang='lat' dir='ltr'><strong><em>materia</em></strong></span> <span class='ocrx_word' id='word_1_874' title='bbox 2919 4684 3169 4749; x_wconf 88' lang='lat' dir='ltr'><strong><em>inanima,</em></strong></span> <span class='ocrx_word' id='word_1_875' title='bbox 3197 4685 3336 4752; x_wconf 89' lang='lat' dir='ltr'><strong><em>quod</em></strong></span> <span class='ocrx_word' id='word_1_876' title='bbox 3367 4686 3493 4736; x_wconf 86' lang='lat' dir='ltr'><strong><em>liant</em></strong></span> <span class='ocrx_word' id='word_1_877' title='bbox 3536 4683 3602 4735; x_wconf 86' lang='lat' dir='ltr'><strong><em>ab</em></strong></span> <span class='ocrx_word' id='word_1_878' title='bbox 3628 4673 3708 4735; x_wconf 83' lang='lat' dir='ltr'><strong><em>eis</em></strong></span> 
     </span>
    </p>
   </div>
   <div class='ocr_carea' id='block_1_109' title="bbox 2129 4775 3707 4853">
    <p class='ocr_par' dir='ltr' id='par_1_109' title="bbox 2129 4775 3707 4853">
     <span class='ocr_line' id='line_1_109' title="bbox 2129 4775 3707 4853; baseline -0.004 -17"><span class='ocrx_word' id='word_1_879' title='bbox 2129 4784 2218 4853; x_wconf 82' lang='lat' dir='ltr'><strong><em>qui</em></strong></span> <span class='ocrx_word' id='word_1_880' title='bbox 2261 4784 2345 4837; x_wconf 83' lang='lat' dir='ltr'><strong><em>illa</em></strong></span> <span class='ocrx_word' id='word_1_881' title='bbox 2375 4783 2573 4845; x_wconf 67' lang='lat' dir='ltr'><strong><em>colunt,</em></strong></span> <span class='ocrx_word' id='word_1_882' title='bbox 2621 4779 2761 4847; x_wconf 88' lang='lat' dir='ltr'><strong><em>quod</em></strong></span> <span class='ocrx_word' id='word_1_883' title='bbox 2801 4779 2906 4832; x_wconf 81' lang='lat' dir='ltr'><strong><em>sint</em></strong></span> <span class='ocrx_word' id='word_1_884' title='bbox 2943 4777 3222 4832; x_wconf 89' lang='lat' dir='ltr'><strong><em>simulacra</em></strong></span> <span class='ocrx_word' id='word_1_885' title='bbox 3254 4776 3518 4841; x_wconf 78' lang='lat' dir='ltr'><strong><em>informia,</em></strong></span> <span class='ocrx_word' id='word_1_886' title='bbox 3565 4775 3707 4843; x_wconf 86' lang='lat' dir='ltr'><strong><em>quetl</em></strong></span> 
     </span>
    </p>
   </div>
   <div class='ocr_carea' id='block_1_110' title="bbox 2127 4865 3706 4944">
    <p class='ocr_par' dir='ltr' id='par_1_110' title="bbox 2127 4865 3706 4944">
     <span class='ocr_line' id='line_1_110' title="bbox 2127 4865 3706 4944; baseline -0.006 -16"><span class='ocrx_word' id='word_1_887' title='bbox 2127 4877 2334 4944; x_wconf 83' lang='lat' dir='ltr'><strong><em>jaceant</em></strong></span> <span class='ocrx_word' id='word_1_888' title='bbox 2355 4874 2497 4926; x_wconf 90' lang='lat' dir='ltr'><strong><em>nullo</em></strong></span> <span class='ocrx_word' id='word_1_889' title='bbox 2522 4887 2679 4926; x_wconf 81' lang='lat' dir='ltr'><strong><em>sensu</em></strong></span> <span class='ocrx_word' id='word_1_890' title='bbox 2703 4870 2940 4939; x_wconf 68' lang='lat' dir='ltr'><strong><em>prmdita,</em></strong></span> <span class='ocrx_word' id='word_1_891' title='bbox 2965 4879 3020 4924; x_wconf 90' lang='lat' dir='ltr'><strong><em>et</em></strong></span> <span class='ocrx_word' id='word_1_892' title='bbox 3040 4865 3454 4937; x_wconf 45' lang='lat' dir='ltr'><strong><em>quod&#39;atljet&#39;erit</em></strong></span> <span class='ocrx_word' id='word_1_893' title='bbox 3477 4883 3571 4936; x_wconf 90' lang='lat' dir='ltr'><strong><em>pro</em></strong></span> <span class='ocrx_word' id='word_1_894' title='bbox 3593 4867 3706 4920; x_wconf 80' lang='lat' dir='ltr'><strong><em>dita</em></strong></span> 
     </span>
    </p>
   </div>
   <div class='ocr_carea' id='block_1_111' title="bbox 2131 4952 3704 5026">
    <p class='ocr_par' dir='ltr' id='par_1_111' title="bbox 2131 4952 3704 5026">
     <span class='ocr_line' id='line_1_111' title="bbox 2131 4952 3704 5026; baseline -0.006 -14"><span class='ocrx_word' id='word_1_895' title='bbox 2131 4956 2540 5026; x_wconf 87' lang='lat' dir='ltr'><strong><em>imprecatione,</em></strong></span> <span class='ocrx_word' id='word_1_896' title='bbox 2590 4961 2646 5007; x_wconf 90' lang='lat' dir='ltr'><strong><em>ut</em></strong></span> <span class='ocrx_word' id='word_1_897' title='bbox 2690 4954 2807 5022; x_wconf 88' lang='lat' dir='ltr'><strong><em>quis</em></strong></span> <span class='ocrx_word' id='word_1_898' title='bbox 2849 4953 2926 5007; x_wconf 89' lang='lat' dir='ltr'><strong><em>eis</em></strong></span> <span class='ocrx_word' id='word_1_899' title='bbox 2953 4953 3142 5008; x_wconf 81' lang='lat' dir='ltr'><strong><em>evadat</em></strong></span> <span class='ocrx_word' id='word_1_900' title='bbox 3182 4952 3412 5006; x_wconf 88' lang='lat' dir='ltr'><strong><em>similis:</em></strong></span> <span class='ocrx_word' id='word_1_901' title='bbox 3444 4967 3539 5022; x_wconf 89' lang='lat' dir='ltr'><strong><em>per</em></strong></span> <span class='ocrx_word' id='word_1_902' title='bbox 3573 4953 3704 5010; x_wconf 65' lang='lat' dir='ltr'><strong><em>hate,</em></strong></span> 
     </span>
    </p>
   </div>
   <div class='ocr_carea' id='block_1_112' title="bbox 2133 5043 3705 5118">
    <p class='ocr_par' dir='ltr' id='par_1_112' title="bbox 2133 5043 3705 5118">
     <span class='ocr_line' id='line_1_112' title="bbox 2133 5043 3705 5118; baseline -0.008 -14"><span class='ocrx_word' id='word_1_903' title='bbox 2133 5052 2366 5118; x_wconf 89' lang='lat' dir='ltr'><strong><em>inquam,</em></strong></span> <span class='ocrx_word' id='word_1_904' title='bbox 2399 5046 2574 5100; x_wconf 88' lang='lat' dir='ltr'><strong><em>omnia</em></strong></span> <span class='ocrx_word' id='word_1_905' title='bbox 2618 5045 2911 5099; x_wconf 87' lang='lat' dir='ltr'><strong><em>ostenditur</em></strong></span> <span class='ocrx_word' id='word_1_906' title='bbox 2939 5059 3178 5099; x_wconf 86' lang='lat' dir='ltr'><strong><em>summus</em></strong></span> <span class='ocrx_word' id='word_1_907' title='bbox 3214 5060 3385 5098; x_wconf 75' lang='lat' dir='ltr'><strong><em>error.</em></strong></span> <span class='ocrx_word' id='word_1_908' title='bbox 3420 5043 3705 5108; x_wconf 85' lang='lat' dir='ltr'><strong><em>Postquam</em></strong></span> 
     </span>
    </p>
   </div>
   <div class='ocr_carea' id='block_1_113' title="bbox 2132 5130 3707 5210">
    <p class='ocr_par' dir='ltr' id='par_1_113' title="bbox 2132 5130 3707 5210">
     <span class='ocr_line' id='line_1_113' title="bbox 2132 5130 3707 5210; baseline -0.01 -15"><span class='ocrx_word' id='word_1_909' title='bbox 2132 5155 2258 5210; x_wconf 87' lang='lat' dir='ltr'><strong><em>ergo</em></strong></span> <span class='ocrx_word' id='word_1_910' title='bbox 2280 5137 2513 5192; x_wconf 89' lang='lat' dir='ltr'><strong><em>ostendit</em></strong></span> <span class='ocrx_word' id='word_1_911' title='bbox 2535 5152 2719 5191; x_wconf 90' lang='lat' dir='ltr'><strong><em>eorum</em></strong></span> <span class='ocrx_word' id='word_1_912' title='bbox 2749 5135 3182 5198; x_wconf 86' lang='lat' dir='ltr'><strong><em>imbecillitatem,</em></strong></span> <span class='ocrx_word' id='word_1_913' title='bbox 3216 5149 3474 5196; x_wconf 88' lang='lat' dir='ltr'><strong><em>errorem,</em></strong></span> <span class='ocrx_word' id='word_1_914' title='bbox 3509 5130 3707 5182; x_wconf 69' lang='lat' dir='ltr'><strong><em>(lanno-</em></strong></span> 
     </span>
    </p>
   </div>
   <div class='ocr_carea' id='block_1_114' title="bbox 2133 5219 3704 5297">
    <p class='ocr_par' dir='ltr' id='par_1_114' title="bbox 2133 5219 3704 5297">
     <span class='ocr_line' id='line_1_114' title="bbox 2133 5219 3704 5297; baseline -0.01 -12"><span class='ocrx_word' id='word_1_915' title='bbox 2133 5246 2256 5285; x_wconf 87' lang='lat' dir='ltr'><strong><em>nmn</em></strong></span> <span class='ocrx_word' id='word_1_916' title='bbox 2285 5227 2698 5297; x_wconf 88' lang='lat' dir='ltr'><strong><em>improbitatem,</em></strong></span> <span class='ocrx_word' id='word_1_917' title='bbox 2729 5241 2912 5278; x_wconf 89' lang='lat' dir='ltr'><strong><em>eorum</em></strong></span> <span class='ocrx_word' id='word_1_918' title='bbox 2941 5226 3029 5295; x_wconf 93' lang='lat' dir='ltr'><strong><em>qui</em></strong></span> <span class='ocrx_word' id='word_1_919' title='bbox 3061 5225 3144 5278; x_wconf 91' lang='lat' dir='ltr'><strong><em>illa</em></strong></span> <span class='ocrx_word' id='word_1_920' title='bbox 3178 5224 3375 5276; x_wconf 81' lang='lat' dir='ltr'><strong><em>faciunt</em></strong></span> <span class='ocrx_word' id='word_1_921' title='bbox 3404 5219 3704 5284; x_wconf 82' lang='lat' dir='ltr'><strong><em>stultitiam,</em></strong></span> 
     </span>
    </p>
   </div>
   <div class='ocr_carea' id='block_1_115' title="bbox 2132 5309 3708 5381">
    <p class='ocr_par' dir='ltr' id='par_1_115' title="bbox 2132 5309 3708 5381">
     <span class='ocr_line' id='line_1_115' title="bbox 2132 5309 3708 5381; baseline -0.009 -5"><span class='ocrx_word' id='word_1_922' title='bbox 2132 5327 2197 5376; x_wconf 85' lang='lat' dir='ltr'><strong><em>ab</em></strong></span> <span class='ocrx_word' id='word_1_923' title='bbox 2230 5321 2310 5375; x_wconf 88' lang='lat' dir='ltr'><strong><em>his</em></strong></span> <span class='ocrx_word' id='word_1_924' title='bbox 2351 5321 2458 5373; x_wconf 87' lang='lat' dir='ltr'><strong><em>cito</em></strong></span> <span class='ocrx_word' id='word_1_925' title='bbox 2488 5319 2757 5381; x_wconf 86' lang='lat' dir='ltr'><strong><em>liberatus,</em></strong></span> <span class='ocrx_word' id='word_1_926' title='bbox 2802 5317 3071 5371; x_wconf 66' lang='lat' dir='ltr'><strong><em>concludit</em></strong></span> <span class='ocrx_word' id='word_1_927' title='bbox 3113 5313 3407 5367; x_wconf 88' lang='lat' dir='ltr'><strong><em>orationem</em></strong></span> <span class='ocrx_word' id='word_1_928' title='bbox 3451 5309 3708 5380; x_wconf 79' lang='lat' dir='ltr'><strong><em>gloriﬁta-</em></strong></span> 
     </span>
    </p>
   </div>
   <div class='ocr_carea' id='block_1_116' title="bbox 2135 5401 3707 5482">
    <p class='ocr_par' dir='ltr' id='par_1_116' title="bbox 2135 5401 3707 5482">
     <span class='ocr_line' id='line_1_116' title="bbox 2135 5401 3707 5482; baseline -0.009 -12"><span class='ocrx_word' id='word_1_929' title='bbox 2135 5419 2292 5478; x_wconf 89' lang='lat' dir='ltr'><strong><em>tione,</em></strong></span> <span class='ocrx_word' id='word_1_930' title='bbox 2325 5429 2428 5467; x_wconf 90' lang='lat' dir='ltr'><strong><em>non</em></strong></span> <span class='ocrx_word' id='word_1_931' title='bbox 2455 5412 2683 5482; x_wconf 87' lang='lat' dir='ltr'><strong><em>amplius</em></strong></span> <span class='ocrx_word' id='word_1_932' title='bbox 2714 5424 2935 5464; x_wconf 90' lang='lat' dir='ltr'><strong><em>narrans</em></strong></span> <span class='ocrx_word' id='word_1_933' title='bbox 2961 5423 3023 5461; x_wconf 85' lang='lat' dir='ltr'><strong><em>ea</em></strong></span> <span class='ocrx_word' id='word_1_934' title='bbox 3052 5405 3169 5476; x_wconf 65' lang='lat' dir='ltr'><strong><em>quas</em></strong></span> <span class='ocrx_word' id='word_1_935' title='bbox 3201 5405 3336 5458; x_wconf 86' lang='lat' dir='ltr'><strong><em>Deus</em></strong></span> <span class='ocrx_word' id='word_1_936' title='bbox 3365 5401 3506 5466; x_wconf 83' lang='lat' dir='ltr'><strong><em>fecit,</em></strong></span> <span class='ocrx_word' id='word_1_937' title='bbox 3536 5411 3593 5455; x_wconf 88' lang='lat' dir='ltr'><strong><em>ut</em></strong></span> <span class='ocrx_word' id='word_1_938' title='bbox 3621 5403 3707 5468; x_wconf 86' lang='lat' dir='ltr'><strong><em>qui</em></strong></span> 
     </span>
    </p>
   </div>
   <div class='ocr_carea' id='block_1_117' title="bbox 2133 5494 3704 5576">
    <p class='ocr_par' dir='ltr' id='par_1_117' title="bbox 2133 5494 3704 5576">
     <span class='ocr_line' id='line_1_117' title="bbox 2133 5494 3704 5576; baseline -0.01 -15"><span class='ocrx_word' id='word_1_939' title='bbox 2133 5524 2191 5562; x_wconf 88' lang='lat' dir='ltr'><strong><em>ea</em></strong></span> <span class='ocrx_word' id='word_1_940' title='bbox 2214 5506 2321 5576; x_wconf 89' lang='lat' dir='ltr'><strong><em>jam</em></strong></span> <span class='ocrx_word' id='word_1_941' title='bbox 2349 5504 2479 5558; x_wconf 89' lang='lat' dir='ltr'><strong><em>satis</em></strong></span> <span class='ocrx_word' id='word_1_942' title='bbox 2503 5500 2900 5561; x_wconf 66' lang='lat' dir='ltr'><strong><em>detnonIstrarit,</em></strong></span> <span class='ocrx_word' id='word_1_943' title='bbox 2930 5496 3022 5552; x_wconf 90' lang='lat' dir='ltr'><strong><em>sed</em></strong></span> <span class='ocrx_word' id='word_1_944' title='bbox 3051 5494 3408 5565; x_wconf 87' lang='lat' dir='ltr'><strong><em>promnuibus</em></strong></span> <span class='ocrx_word' id='word_1_945' title='bbox 3433 5509 3551 5563; x_wconf 77' lang='lat' dir='ltr'><strong><em>qua:</em></strong></span> <span class='ocrx_word' id='word_1_946' title='bbox 3581 5503 3704 5548; x_wconf 89' lang='lat' dir='ltr'><strong><em>sunt</em></strong></span> 
     </span>
    </p>
   </div>
   <div class='ocr_carea' id='block_1_118' title="bbox 2135 5583 3710 5659">
    <p class='ocr_par' dir='ltr' id='par_1_118' title="bbox 2135 5583 3710 5659">
     <span class='ocr_line' id='line_1_118' title="bbox 2135 5583 3710 5659; baseline -0.01 -6"><span class='ocrx_word' id='word_1_947' title='bbox 2135 5600 2185 5653; x_wconf 90' lang='lat' dir='ltr'><strong><em>in</em></strong></span> <span class='ocrx_word' id='word_1_948' title='bbox 2230 5596 2494 5659; x_wconf 78' lang='lat' dir='ltr'><strong><em>confesso,</em></strong></span> <span class='ocrx_word' id='word_1_949' title='bbox 2523 5594 2737 5649; x_wconf 84' lang='lat' dir='ltr'><strong><em>laudem</em></strong></span> <span class='ocrx_word' id='word_1_950' title='bbox 2772 5589 2988 5658; x_wconf 79' lang='lat' dir='ltr'><strong><em>exigens</em></strong></span> <span class='ocrx_word' id='word_1_951' title='bbox 3017 5585 3084 5641; x_wconf 86' lang='lat' dir='ltr'><strong><em>ab</em></strong></span> <span class='ocrx_word' id='word_1_952' title='bbox 3108 5586 3170 5640; x_wconf 90' lang='lat' dir='ltr'><strong><em>iis</em></strong></span> <span class='ocrx_word' id='word_1_953' title='bbox 3210 5583 3298 5657; x_wconf 90' lang='lat' dir='ltr'><strong><em>qui</em></strong></span> <span class='ocrx_word' id='word_1_954' title='bbox 3328 5585 3569 5640; x_wconf 81' lang='lat' dir='ltr'><strong><em>fruuntur</em></strong></span> <span class='ocrx_word' id='word_1_955' title='bbox 3594 5583 3710 5652; x_wconf 84' lang='lat' dir='ltr'><strong><em>ejus</em></strong></span> 
     </span>
    </p>
   </div>
   <div class='ocr_carea' id='block_1_119' title="bbox 2137 5674 3709 5748">
    <p class='ocr_par' dir='ltr' id='par_1_119' title="bbox 2137 5674 3709 5748">
     <span class='ocr_line' id='line_1_119' title="bbox 2137 5674 3709 5748; baseline -0.012 -4"><span class='ocrx_word' id='word_1_956' title='bbox 2137 5688 2394 5744; x_wconf 78' lang='lat' dir='ltr'><strong><em>beneﬁcio</em></strong></span> <span class='ocrx_word' id='word_1_957' title='bbox 2419 5687 2506 5740; x_wconf 80' lang='lat' dir='ltr'><strong><em>:et</em></strong></span> <span class='ocrx_word' id='word_1_958' title='bbox 2537 5683 2654 5738; x_wconf 88' lang='lat' dir='ltr'><strong><em>ideo</em></strong></span> <span class='ocrx_word' id='word_1_959' title='bbox 2685 5689 2834 5735; x_wconf 83' lang='lat' dir='ltr'><strong><em>vorat</em></strong></span> <span class='ocrx_word' id='word_1_960' title='bbox 2856 5695 3041 5733; x_wconf 90' lang='lat' dir='ltr'><strong><em>onmes</em></strong></span> <span class='ocrx_word' id='word_1_961' title='bbox 3065 5677 3127 5730; x_wconf 87' lang='lat' dir='ltr'><strong><em>ad</em></strong></span> <span class='ocrx_word' id='word_1_962' title='bbox 3151 5677 3609 5748; x_wconf 81' lang='lat' dir='ltr'><strong><em>glorificationetu,</em></strong></span> <span class='ocrx_word' id='word_1_963' title='bbox 3632 5674 3709 5728; x_wconf 83' lang='lat' dir='ltr'><strong><em>sit:</em></strong></span> 
     </span>
    </p>
   </div>
   <div class='ocr_carea' id='block_1_120' title="bbox 2141 5755 3713 5851">
    <p class='ocr_par' dir='ltr' id='par_1_120' title="bbox 2141 5755 3713 5839">
     <span class='ocr_line' id='line_1_120' title="bbox 2141 5755 3713 5839; baseline -0.015 -4"><span class='ocrx_word' id='word_1_964' title='bbox 2141 5784 2320 5838; x_wconf 74' lang='lat' dir='ltr'><strong><em>dicens</em></strong></span> <span class='ocrx_word' id='word_1_965' title='bbox 2394 5767 2473 5834; x_wconf 58' lang='lat' dir='ltr'><strong><em>l9.</em></strong></span> <span class='ocrx_word' id='word_1_966' title='bbox 2510 5775 2698 5830; x_wconf 81' lang='lat' dir='ltr'><strong><em>Domus</em></strong></span> <span class='ocrx_word' id='word_1_967' title='bbox 2733 5771 2913 5839; x_wconf 85' lang='lat' dir='ltr'><strong><em>Israel,</em></strong></span> <span class='ocrx_word' id='word_1_968' title='bbox 2955 5769 3222 5825; x_wconf 59' lang='lat' dir='ltr'><strong><em>benedic’ite</em></strong></span> <span class='ocrx_word' id='word_1_969' title='bbox 3253 5766 3490 5822; x_wconf 86' lang='lat' dir='ltr'><strong><em>Domino.</em></strong></span> <span class='ocrx_word' id='word_1_970' title='bbox 3520 5755 3713 5816; x_wconf 77' lang='lat' dir='ltr'><strong><em>Dauins</em></strong></span> 
     </span>
    </p>
   </div>
  </div>
