4134 6210
494 405 598 461 399

493 522 682 583 Aaron,
716 519 985 574 benedicite
1011 519 1248 574 Domino.
1279 519 1367 575 2t).
1403 519 1590 574 Domus
1625 520 1763 582 Levi,
1793 521 2062 576 beinvlicite

490 607 726 662 Domino.
763 610 862 676 Qui
890 610 1071 664 timetis
1095 608 1382 674 Dominum,
1412 610 1681 663 benedicite
1708 609 1940 664 Domino.
1969 611 2058 666 2|.

491 699 788 756 Benedictus
811 701 1060 756 Dominus
1089 718 1151 756 ea:
1178 702 1326 768 Sion,
1353 701 1438 772 qui
1464 701 1652 755 habitat
1677 703 1728 755 in
1757 701 2060 758 Jerusalem.

562 792 968 847 Benedictionum
996 792 1310 859 differentia.
1339 823 1410 832 —
1431 791 1538 846 Cur
1574 809 1701 862 ergo
1731 809 1836 848 non
1878 809 2063 848 omnes

486 881 645 936 simul
681 894 848 947 vocat,
873 883 966 937 sed
1011 884 1060 936 in
1093 883 1304 936 ordines
1344 883 1626 938 dividens?
1665 882 1732 938 Ut
1761 885 1899 938 scias
1945 899 2062 938 esse

493 989 733 1044 magnam
750 973 1093 1028 differentiam
1117 972 1519 1028 benedictionis.
1539 974 1706 1028 Aliter
1719 973 1858 1028 enim
1880 989 2061 1028 sacer-

490 1065 607 1127 dos.
625 1066 779 1120 aliter
797 1065 1166 1130 Levita,alitcr
1190 1064 1371 1130 laicus,
1394 1065 1546 1119 aliter
1571 1063 1814 1134 frequens
1837 1065 2064 1134 populus

491 1154 771 1208 benedicit.
798 1155 984 1209 Dicere
1003 1163 1200 1220 autem,
1223 1152 1523 1218 Benedicite,
1546 1164 1626 1208 est
1647 1156 1857 1224 ejuSqui
1880 1164 2060 1210 osten-

488 1246 566 1299 dit
598 1245 804 1300 beatam
835 1247 976 1300 illam
1006 1255 1243 1299 naturam
1271 1254 1325 1300 et
1350 1236 1664 1300 ab'interitu
1691 1246 1939 1299 alienam.
1965 1245 2063 1298 Be-

489 1337 700 1392 nedicite
717 1337 880 1403 enim,
908 1337 1092 1408 inquit,
1111 1337 1249 1407 quod
1273 1337 1474 1392 liberati
1498 1337 1625 1392 cSIis
1639 1336 1707 1390 ab
1722 1337 2058 1402 adversariis,

489 1427 629 1497 quod
671 1428 812 1500 digni
863 1429 1024 1484 habiti
1052 1430 1180 1484 estis
1225 1430 1311 1499 qui
1345 1430 1500 1485 talem
1534 1429 1702 1485 Deum
1744 1429 2056 1492 adoraretis,

491 1518 630 1585 quod
659 1521 934 1574 veritatem
962 1519 1273 1590 agnovistis.
1303 1520 1393 1574 Est
1421 1519 1560 1573 enim
1587 1520 1700 1587 ipse
1727 1534 1936 1588 quoque
1966 1518 2060 1572 bc-

493 1609 752 1678 nedictus,
782 1610 834 1663 in
865 1623 1051 1664 natura
1079 1611 1280 1664 habens
1309 1609 1752 1674 benedictionem,
1782 1624 1879 1661 nec
1907 1607 2061 1662 laude

491 1700 714 1753 aliormn
738 1700 996 1770 indigens,
1017 1709 1378 1756 verumtamen
1401 1716 1495 1754 vos
1515 1717 1722 1771 quoque
1745 1700 2056 1764 benedicite,

493 1807 599 1844 non
641 1793 780 1862 quod
823 1792 871 1846 ei
900 1791 1098 1862 aliquid
1127 1808 1194 1848 ex
1221 1775 1304 1848 ’ρο
1350 1792 1588 1857 accedat,
1635 1793 1728 1848 sed
1775 1794 1913 1863 quod
1963 1794 2058 1862 ipsi

495 1899 739 1953 magnum
782 1882 1006 1938 fructum
1033 1899 1100 1939 ex
1137 1900 1200 1940 ea
1240 1900 1298 1939 re
1328 1885 1642 1954 percipiatis.
1673 1885 1781 1939 Etsi
1811 1885 1951 1938 enim
1981 1895 2061 1940 est

494 1983 678 2028 natura
707 1973 1034 2042 benedictus,
1063 1983 1120 2030 ut
1161 1983 1305 2030 certe
1332 1983 1440 2039 est,
1485 1975 1595 2028 vult
1627 1986 1798 2030 tamen
1827 1977 1985 2029 etiam
2029 1992 2058 2030 a

493 2064 644 2118 nobis
666 2063 926 2119 benedici.
955 2064 1082 2120 Sion
1107 2073 1283 2119 autem
1312 2079 1495 2119 rursus
1522 2074 1798 2130 memorat,
1827 2075 1880 2120 et
1903 2064 2058 2119 Jeru-

492 2157 676 2210 salem.
709 2156 964 2223 Quoniam
991 2157 1131 2212 enim
1154 2157 1260 2212 illic
1284 2165 1398 2211 erat
1421 2159 1706 2212 constituta
1730 2173 1912 2212 eorum
1945 2174 2058 2212 res-

492 2248 718 2318 publica,
742 2249 846 2304 illic
867 2249 1114 2305 fundatus
1133 2258 1246 2305 erat
1272 2265 1456 2304 eorum
1483 2251 1674 2316 cultus,
1696 2259 1750 2304 et
1770 2265 1833 2304 ex
1858 2264 1922 2304 eo
1943 2250 2059 2304 loco

491 2339 816 2395 docebantur
842 2351 898 2396 et
925 2341 1350 2406 instituebantur,
1383 2341 1495 2396 vult
1521 2357 1582 2396 ea
1612 2341 1727 2396 loca
1758 2343 2055 2396 veneranda

491 2446 554 2483 ac
598 2431 873 2498 magnifica
918 2430 1273 2499 reddereipso
1315 2431 1406 2485 Dei
1451 2433 1787 2500 cognomine,
1836 2440 1892 2485 ut
1937 2447 2056 2486 cum

491 2529 664 2574 essent
695 2521 1010 2587 veneranda,
1043 2507 1211 2590 majus
1237 2521 1444 2575 illorum
1470 2531 1610 2576 esset
1635 2521 1684 2575 in
1713 2538 1772 2576 ea
1803 2524 2056 2589 studium,

492 2620 545 2665 et
569 2627 690 2668 cum
713 2623 853 2668 esset
881 2617 1049 2683 majus
1073 2614 1327 2677 studium,
1358 2615 1422 2668 ad
1450 2631 1509 2669 ea
1540 2615 1704 2685 magis
1729 2616 2060 2669 attraheren—

492 2709 596 2762 tur,
625 2703 833 2756 attracti
858 2718 1004 2766 vero.
1035 2703 1086 2758 in
1116 2704 1204 2758 Dei
1247 2705 1444 2758 cultum
1475 2705 1640 2775 magis
1665 2704 2016 2775 defigerentur
2038 2745 2055 2770 ,

489 2791 644 2844 defixi
689 2802 889 2856 autem,
933 2792 998 2846 ad
1047 2792 1300 2864 majorem
1349 2794 1590 2848 virtutem
1635 2795 2054 2859 deducerentur,

491 2892 704 2951 propter
742 2900 897 2952 quant
942 2885 1115 2938 omnia
1165 2886 1299 2940 facta
1346 2895 1486 2940 sunt.
1530 2885 1632 2942 Sed
1677 2897 1798 2940 tunc
1845 2887 2056 2957 quidem

489 2985 642 3028 erant
668 2974 958 3031 Jerusalem
1003 2985 1054 3031 et
1099 2977 1246 3041 Sion,
1295 2977 1451 3032 hodie
1494 2991 1666 3032 autem
1705 2979 1816 3033 οωΙί
1861 2988 1914 3035 et
1940 2995 2058 3049 quae.

489 3075 612 3119 sinit
652 3067 703 3120 in
730 3068 889 3122 caelis.
921 3068 993 3121 Illi
1035 3085 1162 3138 ergo
1205 3085 1322 3135 nos,
1361 3085 1562 3140 qureso,
1589 3071 1744 3124 defixi
1773 3070 1957 3134 simus,
2002 3081 2058 3126 ut

489 3154 661 3209 futura
705 3157 862 3210 etiam
891 3157 1024 3210 bona
1051 3173 1456 3228 consequantur,
1483 3160 1647 3228 gratia
1676 3170 1726 3214 et
1753 3161 2050 3214 miscricor-

486 3245 571 3299 dia
607 3248 808 3301 Domini
836 3248 998 3302 nostri
1038 3247 1164 3303 Jesu
1191 3249 1408 3317 Christi,
1438 3251 1520 3304 cui
1564 3250 1728 3320 gloria
1769 3251 1821 3304 in
1863 3251 2055 3306 saecula

488 3339 821 3392 saeculorum.
855 3341 1042 3392 Amen.

910 3427 974 3481 IN
1012 3427 1129 3483 PSA
1139 3427 1327 3484 LMUM
1377 3427 1635 3484 CXXXV.

524 3520 573 3573 l.
615 3516 930 3587 Con/itemini
954 3518 1172 3572 Domino
1189 3561 1202 3582 ,
1228 3521 1462 3588 quoniam
1485 3521 1640 3573 bonus
1661 3562 1674 3583 ,
1706 3522 1940 3591 quoniam
1967 3523 2018 3574 in

871 3609 1109 3663 saxulum
1148 3611 1489 3664 misericordia
1537 3613 1662 3679 ejus.

558 3699 608 3753 1.
653 3696 789 3752 Deus
816 3707 1052 3768 perpetuo
1081 3699 1356 3752 miseretur.
1385 3729 1456 3739 -—
1485 3699 1764 3770 Postquam
1813 3713 1934 3756 ante
1977 3702 2054 3754 lo-

485 3799 679 3859 quutus
704 3798 786 3844 est
812 3789 878 3844 de
908 3789 997 3844 Dei
1027 3790 1076 3844 in
1109 3789 1347 3844 homines
1369 3790 1657 3856 beneficiis,
1689 3792 1755 3846 de
1780 3792 1894 3862 ejus
1919 3809 2052 3862 quo-

485 3897 589 3949 que
609 3881 987 3936 misericordiae
1017 3881 1376 3952 magnitudine
1398 3882 1628 3950 disserit,
1659 3901 1762 3938 non
1793 3900 1908 3937 eam
1937 3900 2049 3939 me-

487 3973 621 4025 tiens
653 3987 668 4024 :
703 3986 802 4026 nec
825 3971 966 4027 enim
991 3971 1041 4026 id
1065 3971 1178 4027 fieri
1201 3981 1402 4042 potest;
1435 3973 1527 4026 sed
1557 3989 1648 4042 per
1675 3974 1932 4029 infinitum
1956 3991 2052 4029 vo-

489 4063 601 4117 lens
620 4062 900 4117 ostendere
929 4064 1043 4131 ejus
1077 4063 1512 4134 magnitudinem,
1543 4064 1834 4134 invitatque
1862 4081 2052 4120 utnnes

481 4155 549 4210 ad
594 4157 1049 4226 glorificationem,
1073 4158 1254 4214 dicens
1283 4176 1296 4212 :
1321 4157 1634 4225 Conﬁtemini
1659 4157 1878 4214 Domino
1903 4176 1922 4213 :
1951 4160 2051 4214 hoc

480 4258 582 4314 cst,
615 4248 821 4304 Gratias
846 4252 1003 4320 agite,
1028 4251 1235 4306 laudate
1265 4250 1712 4319 ipsum.Quoniam
1731 4253 1783 4305 in
1809 4252 2049 4306 swculum

483 4341 823 4394 misericordia
860 4344 989 4412 ejus.
1034 4341 1168 4407 Quid
1213 4351 1328 4406 est,
1361 4339 1428 4394 In
1483 4342 1908 4397 steculum?Non
1953 4343 2050 4397 ali-

480 4429 972 4501 quandoquidem,
1003 4432 1197 4501 inquit.
1236 4431 1495 4486 beneflcio
1520 4430 1719 4496 afficit,
1761 4432 2048 4502 aliquando

484 4536 614 4574 vero
645 4522 844 4576 recedit
871 4539 884 4575 :
915 4539 1083 4590 neque
1109 4521 1266 4575 modo
1297 4522 1613 4584 miseretur,
1643 4520 1800 4575 modo
1829 4522 2043 4588 desinit,

479 4612 620 4681 quod
647 4614 820 4666 evenit
849 4613 900 4666 in
931 4613 1229 4667 hominibus
1252 4653 1266 4673 ,
1295 4627 1430 4682 quos
1471 4609 1716 4680 prohibet
1735 4612 1896 4664 animi
1923 4626 2047 4680 per-

482 4705 731 4769 turbatio,
759 4705 1005 4765 distrahit
1031 4703 1224 4760 fractas
1249 4714 1302 4759 et
1345 4704 1584 4773 abjectus
1613 4703 1838 4764 animus,
1873 4703 2045 4774 impe-

479 4797 556 4851 dit
585 4796 913 4867 obsequium,
947 4813 1044 4852 nee
1074 4798 1378 4868 permittunt
1410 4797 1538 4850 varii
1566 4811 1738 4863 casus,
1763 4812 2046 4867 rerumque

477 4885 711 4941 conditio
740 4905 753 4940 :
779 4897 834 4941 at
882 4887 1023 4943 Deus
1069 4905 1172 4942 non
1222 4896 1304 4943 est
1323 4886 1616 4958 ejusmodi,
1658 4887 1751 4941 Sed
1791 4898 2045 4958 perpetuo

478 4977 780 5042 miseretur,
811 4993 907 5034 nec
947 4994 1190 5048 umquam
1217 4978 1407 5032 desinit
1457 4977 1557 5032 hoc
1598 4977 1804 5041 facere,
1837 4979 2042 5033 etiamsi

477 5067 579 5124 hoc
609 5067 766 5124 faciat
793 5070 955 5126 variis
979 5078 1032 5124 et
1054 5069 1279 5124 diversis
1309 5068 1496 5122 modis.
1521 5068 1744 5137 Semper
1785 5084 1912 5139 ergo
1940 5071 2042 5122 mi-

475 5170 702 5226 seretur,
731 5176 830 5218 nee
859 5177 1106 5231 umquam
1133 5171 1307 5216 cessat
1350 5160 1607 5214 beneficio
1647 5159 1887 5214 homines
1929 5159 2045 5213 affi-

473 5269 617 5309 cere.
648 5253 847 5310 Deinde
871 5264 1146 5324 postquam
1179 5253 1314 5307 dixit
1339 5267 1460 5307 eum
1491 5251 1732 5306 misereri
1762 5261 2037 5320 perpetuo,

475 5345 709 5401 ostendit
739 5347 898 5401 etiam
949 5354 1257 5416 argumenta
1306 5342 1713 5410 misericordiae,
1741 5343 1879 5413 quod
1927 5342 2042 5411 ejus

475 5435 835 5490 misericordia
863 5451 1076 5506 semper
1101 5444 1311 5489 maneat
1329 5474 1344 5498 ,
1377 5449 1441 5488 ex
1471 5433 1535 5487 iis
1563 5449 1681 5502 qua:
1709 5433 1952 5488 videntur
1975 5448 2038 5486 ea

473 5539 764 5591 asserens;
803 5535 858 5580 et
895 5528 1142 5596 quoniam
1191 5541 1283 5582 eos
1333 5524 1626 5579 deducebat
1678 5524 1743 5578 ad
1793 5525 2038 5593 pietatem

475 5631 759 5685 veramque
821 5617 1158 5686 religionem,
1212 5618 1331 5674 vide
1373 5615 1638 5687 quomodo
1687 5631 1807 5670 eum
1857 5631 2040 5670 rursus

473 5705 680 5759 Confert
715 5723 832 5758 cum
890 5707 991 5762 diis
1041 5708 1342 5777 gentilium,
1370 5707 1435 5762 ad
1480 5716 1690 5777 captum
1738 5707 2037 5760 auditorum

475 5794 660 5851 eodem
691 5794 846 5848 modo
874 5811 928 5851 sc
955 5796 1254 5854 demittens.
1287 5799 1420 5864 Quid
1451 5798 1590 5854 enim
1617 5796 1778 5851 dicit?
1800 5795 1852 5848 2.
1877 5795 2040 5863 Con/i-

1199 409 1254 462 S.
1295 407 1568 464 JOANNIS
1604 407 2079 464 ιιιιιιγδοοτοιιι
2121 409 2432 466 ARCIIIEP.
2473 413 3005 472 CONSTANTINOP.

3636 421 3740 474 6(ὶο

2171 525 2340 578 temini
2367 524 2472 580 Deo
2491 528 2700 582 deorum
2723 544 2746 587 :
2771 527 2991 599 singulis
3012 529 3335 600 subjungcns
3354 572 3369 594 ,
3398 531 3647 595 Quoniam
3685 537 3737 587 in

2166 617 2404 670 saeculum
2429 619 2767 673 misericordia
2792 624 2918 690 ejus.
2951 619 3016 674 Et
3039 663 3051 685 ,
3078 621 3130 674 5.
3159 619 3474 688 Conﬁtemini
3525 621 3736 676 Doricum

2166 705 2485 761 dominorum
2533 707 2700 780 (Psaf.
2753 711 2868 766 l3i.
2913 712 2990 783 5).
3033 713 3088 766 ltt
3149 712 3466 782 pnccedenti
3520 717 3736 782 quidem

2169 797 2378 852 Psahno
2414 799 2619 855 «licebat
2651 819 2771 857 etnn
2794 819 2912 859 esse
2939 820 3047 873 pne
3075 804 3320 858 omnibus
3355 804 3458 858 diis
3488 823 3500 856 :
3528 805 3614 878 hic
3641 823 3740 861 au-

2169 898 2271 944 tem
2301 889 2473 945 adhuc
2500 895 2748 963 amplius,
2783 911 2902 948 eum
2935 911 3052 950 esse
3079 895 3286 948 illorum
3319 895 3512 950 Herum
3543 906 3597 952 et
3633 898 3735 950 Do-

2166 981 2364 1034 minum
2387 1025 2422 1059 ,ρ
2446 983 2557 1039 sive
2601 986 2862 1040 idolorum
2910 987 3075 1052 dicas,
3108 987 3219 1042 sive
3252 987 3572 1044 dannonum.
3625 991 3732 1044 Etsi

2165 1071 2304 1124 enim
2346 1073 2662 1130 offenderint
2688 1077 2955 1132 da’mones
2975 1119 2991 1144 ,
3018 1078 3227 1148 sintque
3252 1079 3448 1150 probro
3487 1091 3540 1136 et
3579 1082 3730 1152 igno-

2167 1160 2329 1216 tninia
2374 1166 2559 1231 notati,
2589 1169 2732 1221 servi
2765 1180 2937 1224 tamen
2976 1179 3132 1235 sunt,
3162 1172 3317 1240 eique
3353 1173 3568 1226 subditi.
3601 1175 3731 1228 Pro-

2164 1261 2344 1321 pterea
2416 1269 2579 1325 ergo,
2638 1257 2846 1327 inquit,
2901 1261 3262 1327 confitemini,
3307 1263 3447 1331 quod
3493 1262 3731 1317 habeatis

2169 1343 2330 1396 Deum
2358 1347 2591 1399 omnium
2614 1362 2940 1417 supremum,
2969 1351 3052 1404 cui
3083 1351 3256 1405 nullus
3281 1361 3364 1406 est
3389 1352 3573 1406 similis-
3596 1393 3610 1414 ,
3639 1354 3728 1421 qui

2166 1431 2336 1486 Herus
2378 1445 2461 1489 est
2500 1437 2734 1490 omnium
2763 1449 2817 1492 et
2849 1439 3119 1494 Dominus.
3151 1442 3306 1508 Atqui
3351 1442 3543 1494 dicitur
3572 1443 3728 1496 etiam

2166 1524 2304 1578 Deus
2333 1541 2518 1580 eorum
2545 1529 2632 1597 qui
2674 1529 2747 1582 illi
2781 1529 3023 1598 placent,
3057 1541 3113 1586 ut
3159 1532 3372 1600 quando
3417 1532 3546 1586 dicit
3575 1549 3588 1584 :
3623 1532 3730 1601 Ego

2163 1631 2274 1668 sum
2301 1616 2437 1671 Deus
2464 1619 2737 1684 Abraham,
2755 1619 2892 1674 Deus
2918 1620 3088 1686 Isaac,
3121 1632 3166 1675 et
3196 1622 3331 1675 Deus
3349 1623 3510 1676 Jacob
3535 1623 3724 1693 (Exod.

2164 1705 2217 1761 3.
2250 1705 2328 1776 6).
2355 1707 2629 1775 Quomodo
2655 1726 2780 1780 ergo
2811 1712 2898 1766 hic
2923 1711 3068 1778 dicit,
3094 1712 3402 1766 Dzemonum
3424 1713 3446 1765 ?
3472 1711 3574 1766 Sed
3603 1712 3728 1765 illud

2164 1795 2335 1862 aliter,
2363 1805 2418 1850 et
2448 1797 2548 1852 hoc
2579 1799 2749 1853 aliter.
2782 1801 2891 1854 llch
2917 1802 3057 1855 enim
3089 1809 3144 1855 ut
3171 1801 3415 1856 ostendat
3455 1801 3729 1854 familiari-

2165 1895 2324 1941 tatem
2355 1897 2408 1943 et
2448 1891 2900 1960 conjunctionem,
2941 1909 3292 1962 magnumque
3339 1907 3492 1947 suum
3541 1893 3592 1946 in
3635 1907 3731 1948 eos

2161 1991 2397 2032 amorem
2432 1997 2446 2034 :
2475 1979 2559 2034 hic
2585 1991 2782 2046 autem,
2811 1993 2867 2036 ut
2891 1998 3037 2036 suam
3065 1983 3326 2054 significet
3365 1984 3726 2038 eminentiam.

2235 2067 2484 2122 liliracula
2537 2069 2628 2124 Dei
2669 2090 2767 2125 non
2807 2075 3038 2142 potentia:
3080 2076 3242 2126 solum
3287 2084 3424 2138 sunt,
3457 2075 3547 2128 sed
3582 2076 3730 2128 etiaus

2161 2156 2494 2228 benignitatis.
2533 2160 2721 2216 Cwlum
2752 2174 2952 2232 propter
2979 2164 3227 2217 hominem
3253 2167 3441 2235 factum
3467 2182 3486 2229 ;
3512 2165 3727 2218 elemen-

2163 2257 2327 2302 torum
2350 2252 2613 2305 ωσπερ-4.
2641 2246 2746 2312 Qui
2771 2247 2902 2317 facit
2930 2255 3178 2308 mirabilia
3204 2272 3384 2326 magna
3399 2257 3537 2308 solus
3561 2271 3727 2319 :quo-

2161 2339 2297 2392 niam
2321 2340 2371 2392 in
2393 2341 2628 2394 saeculum
2655 2343 2992 2398 misericordia
3026 2345 3154 2414 ejus.
3197 2344 3476 2414 Poseq..am
3504 2344 3732 2399 asseruit

2161 2443 2280 2481 eum
2309 2444 2426 2484 es>e
2455 2430 2674 2484 deorum
2701 2433 2896 2487 Herum
2946 2443 3000 2487 et
3043 2433 3340 2500 Dominum,
3377 2437 3725 2490 assertionem

2161 2516 2412 2588 deinceps
2440 2521 2656 2588 probat,
2689 2531 2741 2576 et
2767 2522 2905 2592 quod
2944 2523 3142 2578 dictum
3187 2533 3270 2578 est
3313 2527 3622 2584 conﬁrmat.
3661 2539 3728 2578 ex

2165 2612 2395 2679 potentia
2419 2629 2541 2666 eutn
2567 2629 2748 2669 rursus
2775 2615 3088 2685 praedicans.
3112 2615 3225 2670 Non
3247 2617 3372 2670 dixit
3398 2627 3596 2682 autem,
3627 2616 3730 2684 Qui

2162 2698 2288 2755 fecit
2307 2743 2323 2766 ,
2351 2702 2442 2756 sed
2462 2741 2477 2768 ,
2513 2702 2612 2767 Qui
2637 2708 2759 2774 facit
2777 2743 2793 2764 .
2824 2705 3110 2760 ostendens
3140 2721 3260 2760 eum
3287 2705 3500 2760 assidue
3527 2707 3728 2762 benefl-

2160 2792 2243 2845 cio
2272 2790 2526 2858 afficere,
2557 2810 2745 2862 resque
2770 2795 3104 2850 admirabiles
3124 2837 3140 2861 ,
3170 2805 3224 2851 et
3273 2813 3390 2865 quae
3443 2807 3568 2851 sunt
3609 2799 3728 2866 Opi-

2163 2880 2320 2935 nione
2357 2883 2620 2952 majores,
2649 2885 2840 2948 facere,
2892 2885 3017 2941 Haec
3055 2895 3230 2940 autem
3269 2886 3375 2941 duo
3423 2887 3567 2956 ponit
3609 2904 3726 2957 qua)

2161 2979 2286 3024 sunt
2333 2972 2384 3025 in
2434 2988 2500 3026 eo
2541 2974 2767 3039 exin‘iia,
2799 2983 2852 3028 ct
2895 2975 3032 3044 quod
3064 2975 3254 3042 faciat,
3286 2984 3340 3030 et
3391 2977 3532 3045 quod
3580 2978 3727 3030 solus

2163 3063 2358 3118 faciat:
2399 3073 2556 3135 atque
2606 3065 2739 3120 adeo
2779 3067 2876 3120 tria
2921 3077 2974 3121 et
3039 3077 3294 3136 quatuor;
3351 3081 3542 3136 nempe
3586 3068 3726 3136 quod

2164 3153 2336 3219 faciat,
2359 3155 2496 3223 quod
2529 3156 2798 3220 miracula,
2829 3157 2967 3227 quod
2994 3175 3176 3228 magna
3207 3159 3478 3221 miracula,
3507 3168 3560 3218 et
3586 3157 3725 3227 quod

2159 3245 2305 3298 Solus
2336 3245 2512 3300 faciat.
2544 3246 2664 3301 llazc
2689 3259 2865 3302 autem
2906 3248 3041 3302 dicta
3068 3259 3191 3302 sunt
3219 3265 3321 3302 non
3350 3259 3406 3302 ut
3435 3247 3727 3318 vilipende-

2161 3345 2304 3392 retur
2331 3337 2494 3392 Filius
2514 3379 2528 3404 ,
2559 3338 2650 3393 sed
2685 3348 2740 3393 ut
2764 3339 2901 3393 inter
2925 3355 3044 3394 eum
3076 3349 3130 3394 et
3167 3339 3435 3394 daemones
3472 3338 3725 3394 ostende.

2160 3437 2309 3482 rctur
2352 3428 2636 3484 discrimen
2680 3437 2736 3484 et
2776 3430 3062 3485 distinctio.
3095 3430 3157 3484 Et
3184 3445 3425 3500 qurenam
3469 3429 3574 3484 sint
3611 3428 3726 3483 lucc

2161 3518 2411 3573 miracula
2444 3536 2629 3591 magna
2655 3521 2959 3588 videamus,
2991 3537 3110 3592 qua:
3135 3522 3278 3576 solus
3301 3521 3441 3576 facit.
3476 3523 3646 3592 Atque
3669 3521 3720 3575 in

2161 3611 2420 3680 principio
2441 3627 2544 3666 non
2575 3611 2886 3682 l0quebatur
2907 3611 2973 3667 de
2996 3612 3248 3682 potentia,
3271 3611 3366 3668 sed
3393 3611 3459 3667 de
3484 3612 3724 3681 benigni-

2161 3713 2264 3758 tate
2294 3713 2344 3760 et
2369 3705 2668 3759 clementia.
2699 3703 3018 3773 Conﬁtemini
3044 3705 3210 3768 enim,
3243 3703 3442 3774 inquit,
3463 3703 3719 3769 "Domina,

2156 3796 2390 3866 quoniam
2421 3795 2595 3849 bonus.
2615 3794 2888 3863 Quomodo
2911 3809 3039 3865 ergo
3061 3793 3272 3857 accidit,
3289 3803 3344 3849 ut
3370 3809 3509 3849 nunc
3535 3794 3687 3862 loqna
3703 3823 3722 3834 ο

2159 3895 2243 3939 tur
2267 3885 2333 3940 de
2362 3885 2637 3954 potentia?
2662 3885 2922 3951 Quoniam
2950 3886 3064 3939 hare
3105 3885 3356 3939 miracula
3399 3901 3502 3940 non
3547 3885 3720 3939 solum

2156 3985 2277 4030 sunt
2315 3977 2590 4044 potentiae,
2623 3975 2718 4031 sed
2746 3977 2904 4030 etiam
2934 3975 3274 4046 benignitatis
3303 3984 3356 4031 et
3397 3975 3718 4031 clementiae.

2156 4068 2410 4133 Qumnam
2443 4075 2616 4122 autem
2655 4075 2778 4121 sunt
2822 4067 3073 4120 miracula
3113 4066 3418 4130 ostendens,
3453 4063 3721 4132 subjungit

2155 4157 2335 4212 dicens
2363 4175 2376 4210 :
2405 4157 2458 4212 5.
2493 4155 2591 4222 Qui
2614 4157 2728 4226 fecit
2754 4158 2899 4210 cazlos
2925 4157 2974 4208 in
3003 4155 3271 4209 intellectu.
3301 4157 3353 4210 6.
3375 4157 3474 4220 Qui
3501 4155 3721 4223 ﬁrmarit

2155 4258 2338 4302 terram
2360 4265 2508 4314 super
2537 4264 2712 4317 aquas.
2742 4247 2924 4313 Alius,
2969 4247 3068 4311 Qui
3108 4247 3393 4318 compilavit
3436 4256 3620 4299 terram
3667 4246 3719 4299 in

2153 4341 2316 4406 aquis.
2348 4341 2400 4393 7.
2436 4339 2534 4414 Qui
2554 4339 2667 4409 fecit
2699 4338 2969 4392 luminaria
2994 4354 3176 4408 magna
3199 4339 3354 4392 solus.
3381 4338 3433 4391 8.
3464 4336 3637 4392 Solem
3666 4337 3720 4390 in

2155 4437 2442 4500 potestatem
2468 4429 2587 4481 diei.
2617 4429 2670 4483 9.
2699 4427 2894 4481 Lunam
2925 4437 2971 4480 et
3020 4427 3192 4481 stellas
3224 4429 3275 4480 in
3305 4436 3596 4496 potestatem
3626 4444 3718 4480 no-

2152 4520 2264 4573 etis.
2295 4519 2417 4574 llaec
2438 4519 2536 4573 etsi
2568 4518 2681 4588 ejus
2715 4517 3001 4588 potentiam
3031 4528 3084 4573 et
3107 4519 3418 4590 sapientiam
3442 4519 3674 4573 indicant
3695 4559 3713 4583 ,

2155 4619 2386 4664 attamen
2424 4611 2538 4678 ejus
2565 4625 2775 4679 quoque
2821 4624 3062 4678 magnam
3113 4609 3487 4679 benignitatem
3532 4620 3716 4664 osteno

2150 4702 2302 4757 dunt.
2333 4701 2465 4767 Quia
2491 4702 2635 4757 enim
2661 4709 2784 4753 sunt
2811 4699 2944 4754 adeo
2966 4715 3172 4770 magna,
3201 4699 3439 4769 pulchra.
3461 4709 3515 4754 et
3541 4700 3712 4765 lil‘llla,

2150 4796 2290 4849 vires
2319 4789 2434 4861 ejus
2478 4801 2533 4862 et
2571 4791 2882 4861 sapientiam
2915 4789 3201 4860 pnedicant
3232 4807 3245 4843 :
3274 4791 3412 4860 quod
3441 4805 3502 4844 ea
3537 4797 3714 4843 autem

2152 4896 2367 4956 propter
2396 4900 2492 4939 nos
2515 4893 2568 4939 et
2591 4899 2744 4938 usum
2789 4893 3025 4936 nostrum
3067 4881 3202 4936 facta
3233 4884 3341 4936 sint
3365 4923 3380 4944 ,
3414 4881 3716 4952 benignita-

2151 4988 2255 5032 tem
2297 4987 2351 5032 et
2399 4985 2701 5044 perpetuam
2747 4975 3055 5028 bonitatem.
3078 4973 3235 5028 Vides
3265 4974 3528 5042 quomodo
3554 4974 3625 5028 sit
3663 4972 3714 5028 in

2147 5080 2402 5124 mternum
2442 5068 2556 5136 ejus
2591 5065 2985 5120 misericordia?
3007 5064 3120 5120 Non
3145 5066 3285 5120 cnim
3322 5064 3389 5119 ad
3437 5066 3619 5120 decem
3661 5076 3716 5120 et

2149 5159 2327 5228 viginti
2361 5168 2560 5212 tantum
2588 5171 2757 5210 annos
2801 5155 2917 5210 haec
2963 5156 3103 5218 fecit,
3136 5171 3306 5224 neque
3343 5156 3410 5210 ad
3461 5167 3711 5219 centum,

2147 5249 2370 5303 ducenta
2392 5288 2405 5309 ,
2438 5259 2490 5300 et
2517 5247 2696 5311 millia,
2725 5247 2818 5300 sed
2848 5261 2909 5300 ea
2938 5247 3072 5300 ultra
3096 5254 3258 5300 totam
3291 5250 3449 5300 vitam
3479 5258 3712 5301 nostrain

2148 5338 2412 5408 produxit.
2477 5338 2542 5390 Et
2586 5336 2704 5392 ideo
2755 5335 2856 5392 hoc
2901 5336 3234 5408 significans,
3291 5337 3342 5391 in
3401 5354 3715 5408 unoquoque

2148 5446 2304 5484 versu
2344 5429 2645 5499 subjungit,
2682 5427 2933 5495 Quoniam
2975 5428 3028 5482 in
3070 5429 3311 5483 saeculum
3372 5429 3716 5482 misericordia

2146 5523 2272 5592 ejus.
2309 5521 2374 5573 Et
2401 5519 2537 5589 quod
2561 5527 2643 5572 est
2675 5519 3044 5574 admirandum
3069 5559 3085 5584 ,
3114 5535 3178 5574 ea
3218 5518 3340 5574 fecit
3369 5519 3585 5587 quidem
3615 5535 3628 5568 :
3661 5527 3713 5571 et

2145 5629 2264 5668 cum
2293 5613 2425 5666 facta
2451 5619 2647 5675 essent,
2666 5611 2814 5667 dedit
2836 5612 2903 5665 ab
2930 5611 3077 5665 initio
3101 5628 3115 5665 :
3140 5611 3232 5666 sed
3258 5622 3534 5680 pestquam
3557 5612 3711 5664 homo

2151 5715 2510 5774 transgressus
2541 5709 2644 5768 est,
2669 5717 2736 5757 ne
2763 5702 2840 5757 sic
2864 5701 3076 5772 quidem
3113 5719 3232 5756 cum
3264 5702 3466 5770 expulit
3489 5744 3502 5764 ,
3533 5701 3623 5754 sed
3651 5715 3710 5752 ea

2146 5813 2263 5866 quae
2315 5793 2363 5849 ci
2398 5793 2616 5849 dederat
2659 5807 2780 5846 cum
2831 5807 2934 5846 non
2985 5800 3274 5860 peccasset.
3302 5791 3511 5860 reliquit
3554 5792 3710 5844 etiam
