4116 6204
437 177 529 230 [ﬁl
1475 169 1831 224 EXPOSITIU
1863 167 1926 221 ΙΝ
1967 167 2281 239 PSALMUM
2321 171 2576 228 CXXXV.

435 288 654 343 fruenda
693 295 815 354 post
849 276 1145 354 peccatum,
1179 299 1274 339 nec
1298 283 1566 352 prohibuit
1591 281 1872 350 quominus
1901 290 2018 347 post

432 379 560 437 illud
589 386 873 448 peccatum
895 378 974 431 eis
997 377 1069 431 uti
1094 386 1145 431 et
1169 375 1266 429 frui
1288 383 1484 444 posset.
1503 374 1684 444 Neque
1707 388 1833 428 vero
1861 387 2020 425 unum

433 471 617 524 cielum
641 470 820 524 solum
851 469 992 531 fecit,
1020 469 1112 524 sed
1136 471 1291 523 etiam
1321 469 1544 521 alterum
1567 484 1581 518 :
1609 466 1694 520 vel
1717 467 1783 517 ab
1805 464 2024 519 exordio

430 561 731 625 ostendens
755 578 858 615 nos
886 562 953 614 ab
982 577 1048 616 eo
1079 578 1182 614 non
1213 561 1589 628 relinquendus
1632 562 1684 612 in
1719 569 1856 612 terra
1883 601 1898 623 ,
1928 559 2020 614 sed

433 655 544 708 fore
575 661 628 708 ut
657 670 758 707 nos
788 654 912 708 hinc
940 641 1339 708 transferamur.
1363 653 1418 705 Si
1446 653 1586 706 enim
1619 666 1724 705 non
1753 658 1899 705 esset
1924 665 2021 705 nos

431 749 552 802 illuc
576 746 960 816 translaturum,
981 760 1078 798 cur
1107 744 1414 814 productum
1444 751 1588 796 esset
1607 743 1820 796 caelum?
1842 742 2022 811 Neque

431 839 570 906 enim
599 845 680 892 est
713 835 816 890 hoc
847 837 920 890 illi
948 837 1268 891 elementum
1300 836 1425 889 utile
1452 854 1466 888 :
1499 835 1638 888 nulla
1671 849 1728 888 re
1759 834 1899 889 enim
1935 835 2018 889 in-

430 927 573 998 diget
606 943 621 980 :
657 924 750 978 sed
784 941 905 979 cum
954 927 1079 978 velit
1115 941 1212 979 nos
1263 926 1389 980 illuc
1427 939 1457 978 a
1507 935 1646 978 terra
1699 926 1978 981 traducere
2001 967 2016 989 ,

431 1007 754 1088 przeparavit
783 1000 1106 1071 habitacula.

499 1156 553 1211 2.
593 1157 956 1224 Quamobrem
1003 1172 1123 1211 cum
1157 1158 1271 1212 haec
1303 1159 1463 1214 sciret
1495 1160 1774 1230 prepheta,
1809 1161 2017 1215 unicui-

431 1269 532 1319 que
555 1253 730 1306 versui
762 1253 1036 1322 subjungit
1077 1271 1088 1305 :
1123 1251 1190 1305 lu
1218 1256 1460 1320 steculum
1494 1255 1837 1309 misericordia
1886 1258 2014 1327 ejus,

429 1343 699 1396 admirans
733 1345 850 1410 ejus
879 1344 1280 1413 benignitatem.
1312 1345 1413 1412 Qui
1457 1347 1679 1414 ﬁrmavit
1708 1341 1891 1400 terram
1933 1365 2019 1401 su-

433 1451 522 1504 per
568 1451 744 1504 aquas.
784 1434 916 1488 Vide
975 1435 1062 1490 hic
1105 1451 1319 1506 quoque
1372 1453 1558 1492 rursus
1608 1439 2012 1510 benignitatem.

433 1526 722 1596 Postquam
752 1528 894 1580 enim
925 1526 1048 1582 facti
1081 1543 1266 1591 sumus
1307 1531 1587 1594 mortales,
1617 1541 1672 1586 et
1709 1548 1774 1586 eo
1815 1534 2015 1588 redacti

432 1634 636 1682 sumus,
679 1629 736 1672 ut
775 1619 957 1673 multis
997 1635 1297 1689 egeremus,
1327 1637 1395 1676 ne
1423 1623 1502 1676 sic
1524 1623 1736 1692 quidem
1767 1638 1866 1679 nos
1890 1626 2015 1698 reli—
2083 1674 2087 1677 _

431 1713 545 1780 quit
576 1751 592 1775 ,
623 1712 716 1766 sed
747 1709 832 1764 hic
859 1727 1072 1781 quoque
1107 1712 1320 1774 interim
1363 1713 1516 1781 nobis
1544 1729 1837 1790 congruum
1869 1716 2017 1788 dedit

433 1803 817 1869 habitaculum,
843 1813 898 1860 et
925 1814 1002 1866 tot
1034 1806 1300 1875 tantisque
1327 1819 1437 1859 sua:
1464 1806 1802 1877 benignitatis
1825 1810 2013 1863 claris-

433 1898 583 1952 simis
629 1897 838 1953 indiciis
869 1907 1068 1952 terram
1094 1897 1416 1960 refersit.ut
1466 1915 1534 1956 ne
1575 1902 1752 1956 verbis
1797 1903 2013 1974 quidem

432 2003 494 2042 ea
525 1990 729 2058 possint
753 1990 1028 2058 explicari.
1060 1989 1322 2060 Propheta
1352 2007 1482 2062 ergo
1508 2007 1628 2048 cum
1647 1994 1935 2068 incidisset
1961 1997 2012 2050 in

431 2081 680 2150 abyssum
712 2080 900 2136 horqu
947 2081 1354 2148 beneﬁciorum,
1392 2093 1446 2137 et
1484 2083 1706 2138 vidisset
1747 2087 2012 2155 quoddam

432 2181 638 2225 vastum
666 2181 720 2226 et
745 2173 1067 2227 immensum
1102 2173 1320 2242 pelagus
1344 2215 1358 2234 ,
1379 2175 1580 2240 exsiliit
1605 2157 1709 2229 alta
1747 2192 1878 2232 voce
1907 2179 2016 2233 ela-

432 2278 605 2328 mans,
634 2274 686 2317 et
717 2265 900 2318 dicens
927 2280 942 2318 :
972 2265 1136 2330 Quam
1171 2265 1498 2335 magniﬁcam
1547 2278 1664 2322 sunt
1703 2285 1858 2337 opera
1891 2281 2009 2336 tua,

435 2354 649 2408 Domine
673 2355 695 2408 !
717 2353 900 2409 Omnia
953 2357 1006 2410 in
1049 2357 1304 2426 sapientia
1353 2358 1513 2427 fecisti
1543 2357 1714 2429 (Psal.
1747 2361 1872 2416 105.
1894 2362 2010 2430 24).

433 2446 599 2500 Porro
620 2447 664 2500 si
692 2447 810 2515 quis
839 2447 1030 2502 viderit
1053 2448 1220 2501 solem
1269 2456 1322 2500 et
1361 2447 1538 2501 lunam
1565 2489 1582 2516 ,
1609 2458 1664 2503 et
1715 2458 2013 2520 temporum

431 2537 908 2603 ordinem,rursus
954 2539 1153 2612 videbit
1191 2540 1496 2596 universam
1547 2541 1666 2612 ejus
1711 2542 2012 2613 benignita-

433 2641 558 2685 tem.
585 2631 768 2702 Neque
793 2632 934 2686 enim
962 2648 1147 2702 parum
1172 2633 1238 2686 ad
1271 2635 1391 2688 vita:
1437 2632 1606 2688 decus
1633 2643 1688 2689 et
1725 2651 2014 2691 ornamen-

433 2733 562 2784 tum.
588 2725 694 2778 imo
719 2739 846 2783 vero
871 2723 936 2778 ad
985 2726 1150 2794 ipsam
1199 2725 1364 2778 vitam
1413 2725 1528 2780 hare
1563 2726 1723 2780 nobis
1749 2729 2013 2782 elementa

430 2819 731 2882 conferunt,
758 2829 813 2871 ut
840 2833 958 2887 qua:
989 2819 1229 2872 nutriant
1254 2816 1563 2889 fructusque
1587 2827 1875 2884 maturent,
1898 2821 2014 2877 sine

433 2913 626 2980 quibus
667 2911 768 2964 vivi
823 2927 929 2965 non
984 2920 1180 2979 potest,
1217 2920 1457 2982 tempora
1507 2912 1664 2966 nobis
1706 2914 2011 2980 ostendant,

433 3001 592 3056 horas
633 3003 952 3070 exprimant,
983 3001 1088 3056 diei
1120 3013 1174 3056 et
1216 3003 1388 3056 noctis
1432 3017 1624 3057 cursus
1662 3003 2011 3073 distinguant,

433 3109 528 3162 per
553 3104 747 3149 terram
775 3103 832 3148 et
851 3109 998 3148 mare
1019 3096 1254 3148 viatores
1275 3093 1577 3156 deducant,
1599 3094 2014 3152 innumerabiles

434 3188 568 3240 alios
596 3201 723 3240 usus
757 3185 1250 3254 praebeantNidisti
1279 3186 1551 3254 quomodo
1576 3187 1646 3240 sit
1672 3188 1724 3241 in
1753 3197 2012 3242 :eternum

437 3279 802 3334 misericordia
829 3279 967 3350 ejus,
991 3279 1263 3350 quomodo
1285 3281 1334 3333 in
1366 3295 1687 3350 unoquoque
1711 3295 1870 3336 versu
1892 3281 2015 3350 jure

435 3372 538 3426 hoc
553 3371 833 3440 subjungat
862 3373 1118 3440 prepheta
1137 3370 1161 3422 ?
1179 3369 1326 3424 Alius
1355 3380 1532 3425 autem
1564 3371 1824 3440 interpres
1847 3370 1973 3424 illud
1995 3411 2010 3435 ,

437 3464 504 3518 In
534 3473 824 3534 potestatem
849 3464 970 3527 diei,
997 3463 1152 3527 dixit,
1177 3460 1246 3516 Ut
1275 3463 1558 3521 dominetur
1577 3464 1677 3518 diei
1709 3463 1808 3536 (a).
1839 3463 2010 3529 Alius,

433 3556 498 3610 In
526 3567 814 3625 potestatem
843 3557 1024 3612 noctis.
1053 3555 1204 3620 dixit,
1236 3553 1299 3608 lu
1331 3567 1628 3624 potestatem
1653 3557 1705 3610 in
1738 3565 1898 3610 nocte.
1924 3555 2011 3610 10.

435 3649 532 3712 Qui
552 3647 794 3718 percussit
826 3645 1112 3716 .Egyptum
1150 3663 1266 3698 cum
1312 3647 1657 3718 primogenitis
1703 3663 1897 3710 eorum,
1924 3647 2010 3700 Η.

436 3745 533 3808 Qui
563 3742 736 3797 eduxit
764 3739 928 3794 Israel
965 3745 1030 3794 de
1071 3740 1236 3810 medio
1278 3757 1452 3794 eorum
1501 3739 1586 3794 12.
1621 3739 1687 3794 In
1724 3757 1877 3793 manu
1918 3756 2013 3810 po-

409 3833 553 3888 tenti
587 3843 632 3887 et
667 3835 719 3886 iu
744 3831 950 3886 brachio
983 3831 1198 3885 excelso.
1237 3830 1462 3884 Assidue
1486 3839 1664 3898 versat
1703 3831 2013 3885 miraculum

433 3927 572 3998 quod
605 3927 657 3981 in
678 3925 910 3996 Egypto
932 3923 1129 3980 factum
1152 3932 1255 3987 est,
1281 3932 1497 3992 propter
1527 3925 1789 3994 ingratum
1830 3942 2014 3981 eorum

433 4019 688 4083 animum,
721 4028 774 4073 et
797 4017 939 4086 quod
961 4032 1082 4072 cum
1111 4030 1174 4070 ea
1207 4030 1420 4082 semper
1438 4015 1803 4081 audivissent,
1829 4032 2013 4072 eorum

432 4109 897 4164 obliviscerentur.
925 4107 1040 4162 Non
1069 4114 1152 4162 est
1189 4116 1366 4160 autem
1413 4105 1527 4160 hare
1547 4121 1761 4176 quoque
1804 4109 2016 4162 miseri-

435 4199 613 4254 cordia
663 4214 879 4269 parvum
931 4199 1185 4267 signum:
1218 4196 1318 4249 hoc
1349 4197 1491 4251 enim
1535 4196 1778 4251 liberavit
1823 4197 1942 4253 illos
1986 4214 2018 4252 a

436 4291 720 4354 servitute,
762 4299 816 4343 et
851 4289 1081 4358 posteris
1125 4287 1222 4352 fuit
1278 4287 1492 4341 occasio
1544 4286 1638 4342 Dei
1675 4288 2012 4358 cognitionis.

435 4379 594 4435 Aliud
621 4389 796 4433 autem
821 4379 908 4433 hic
942 4393 1154 4448 quoque
1180 4376 1464 4447 signiﬁcat.
1494 4376 1804 4444 Quidnam?
1847 4380 2016 4434 Etiam

435 4479 558 4540 post
584 4469 786 4539 plagam
827 4469 968 4523 illam
998 4471 1047 4522 in
1076 4469 1190 4533 ejus
1223 4470 1384 4522 fuisse
1413 4471 1642 4536 potentia
1673 4469 1900 4524 liberare
1925 4485 2020 4524 eos

433 4576 463 4614 a
495 4561 767 4622 servitute,
797 4551 916 4614 cum
962 4561 1080 4614 illos
1127 4570 1330 4614 terrore
1377 4561 1756 4624 coneussisset,
1786 4570 1838 4624 et
1885 4564 2018 4616 mari

435 4652 719 4706 obruisset.
748 4652 870 4706 llaec
898 4663 1074 4704 autem
1102 4651 1266 4715 dicit,
1297 4667 1364 4705 ne
1389 4653 1508 4720 quis
1537 4651 1693 4720 paulo
1719 4651 2018 4707 inconside-

434 4747 601 4799 ratior
629 4753 860 4815 putaret,
882 4759 1002 4799 cum
1027 4744 1188 4814 jussit
1214 4758 1306 4798 eos
1329 4744 1574 4813 accipere
1601 4755 1863 4818 aurumet
1894 4760 2015 4800 vasa

432 4824 707 4907 iii-gentem
740 4839 854 4889 lucc
898 4824 1116 4904 propter
1153 4835 1568 4890 imbecillitatem
1612 4835 1857 4904 jussisse.
1888 4835 2019 4889 Nam
2071 4883 2074 4885 Α

427 4927 539 4982 hoc
570 4928 694 4982 fecit
719 4914 905 4980 volens
931 4927 1074 4979 omni
1102 4927 1304 4980 ratione
1329 4941 1449 4982 esse
1481 4927 1730 4981 terribilis
1754 4925 2016 4992 hostibus,

435 5027 488 5072 et
517 5017 802 5072 ostendere
839 5030 898 5069 se
927 5024 982 5070 et
1010 5016 1060 5069 vi
1087 5023 1142 5069 et
1182 5019 1493 5072 auctoritate
1532 5032 1688 5086 posse
1729 5018 1909 5072 omnia
1939 5016 2019 5070 fa-

435 5129 580 5175 cere,
615 5122 818 5178 eosque
847 5106 1027 5162 fallere
1053 5123 1115 5161 ac
1134 5107 1404 5178 decipere.
1430 5109 1562 5164 Nam
1583 5127 1702 5180 qu:e
1729 5120 1914 5180 aperte
1941 5109 2021 5168 fe-

437 5205 510 5256 cit
544 5216 650 5255 non
683 5198 804 5252 ideo
829 5197 951 5251 fecit
977 5189 1242 5266 tamquam
1279 5214 1384 5254 non
1418 5209 1602 5270 posset
1622 5201 1897 5270 decipere;
1928 5217 2022 5273 np-

437 5308 543 5363 qtte
571 5306 692 5345 cum
721 5287 950 5353 decepit,
973 5287 1023 5340 id
1045 5287 1166 5340 ideo
1186 5287 1324 5353 fecit,
1343 5289 1482 5358 quod
1510 5299 1815 5359 nonposset
1837 5302 2022 5363 aperte

438 5395 664 5453 capere,
692 5376 787 5433 sed
815 5375 868 5429 in
897 5383 1117 5445 utraque
1141 5385 1288 5444 parte
1326 5392 1476 5434 suam
1501 5381 1788 5436 ostendens
1829 5391 2020 5451 poten-

500 5530 750 5599 (“L-lllea
774 5537 925 5599 quem
954 5527 1030 5599 sit.
1048 5526 1155 5575 haec
1185 5527 1352 5589 lectio,
1379 5539 1429 5581 ut
1460 5533 1734 5585 dominetur
1763 5533 1864 5588 diei
1886 5536 2012 5599 (ἐπι.

435 5585 627 5652 inpactis!
657 5594 744 5646 τῆς
775 5585 995 5647 ἡμέρας),
1020 5585 1315 5648 ignoramus.

3613 192 3719 243 illi

2137 281 2282 335 tiam.
2310 284 2438 340 Nam
2465 287 2604 357 quod
2635 290 2735 343 hoc
2763 307 2971 362 quoque
2997 313 3243 370 maguum
3282 312 3478 359 metum
3515 308 3708 362 attule—

2133 371 2251 426 lerit
2278 377 2589 444 alienigenis
2617 419 2630 442 ,
2659 380 2780 433 andi
2805 383 2930 450 quid
2970 398 3148 452 postea
3180 391 3360 447 dicant
3397 406 3547 448 vates
3575 397 3709 451 Ακυ.

2132 466 2359 519 tiorum:
2387 468 2432 522 11
2443 471 2489 525 ie
2513 481 2585 523 est
2608 470 2744 526 Deus
2765 476 2992 540 acerbus,
3021 479 3106 546 qui
3130 485 3371 549 percussit
3397 484 3709 556 ngyptum,

2127 567 2176 650 et
2212 560 2415 650 quando
2451 563 2610 616 illusit
2641 565 2744 630 eis,
2783 574 2900 617 tunc
2928 565 3064 634 ipsos
3090 571 3361 644 eduxit_(l.
3387 575 3508 647 Reg.
3545 579 3597 632 6.
3629 579 3706 650 ϐ).

2133 649 2293 704 Vides
2324 665 2417 706 eos
2441 663 2659 722 promer
2686 655 2784 709 hoc
2807 657 2980 726 ipsum
3003 664 3417 719 eontremiseere
3438 709 3452 730 ,
3491 680 3712 738 propter

2131 743 2346 808 furtum,
2374 759 2592 815 propter
2623 749 2882 817 fraudem,
2913 753 3053 820 quod
3087 769 3181 809 eos
3209 756 3550 817 interfecerit.

2200 837 2362 891 Maris
2393 837 2550 892 Rubri
2567 840 2856 898 divisiones.
2890 843 3256 914 ﬂigyptiorum
3286 849 3574 912 obstinatio.
3609 855 3708 908 Mi.

2126 932 2303 984 racula
2345 948 2464 984 rara
2509 942 2649 988 sunt.
2677 964 2748 974 —
2787 936 2876 992 15.
2921 937 3018 1000 Qui
3067 939 3231 992 divisit
3286 959 3424 996 mare
3478 943 3710 1000 Rubrum

2127 1022 2178 1074 in
2208 1023 2506 1080 divisiones.
2539 1025 2729 1090 Alius,
2792 1026 2860 1081 lu
2918 1031 3180 1088 sectioues.
3252 1034 3431 1098 Alius,
3487 1034 3555 1090 In
3614 1055 3710 1092 se—

2124 1128 2344 1184 gmenta.
2409 1118 2657 1174 Nonnulli
2720 1122 2860 1176 enim
2919 1124 3098 1180 dicunt
3153 1144 3257 1182 non
3318 1111 3705 1202 fuisse-unam

2122 1208 2286 1274 viam,
2310 1209 2401 1262 sed
2428 1225 2521 1277 pro
2549 1226 2772 1266 numero
2802 1214 3030 1270 tribuum
3062 1217 3224 1272 fuisse
3248 1235 3436 1290 aquam
3461 1223 3703 1292 scissam,

2125 1307 2180 1350 ut
2209 1300 2388 1352 multa:
2413 1311 2593 1355 essent
2641 1305 2999 1370 trajectiones.
3025 1309 3150 1363 Huic
3178 1321 3353 1372 autem
3384 1315 3562 1372 omnia
3603 1318 3704 1372 etsi

2124 1405 2366 1459 magnam
2425 1393 2775 1448 ostendebant
2819 1398 3152 1466 potentiam,
3186 1403 3585 1475 terribilemque
3650 1415 3707 1462 et

2122 1497 2370 1551 magnum
2399 1497 2518 1537 eum
2542 1499 2662 1539 esse
2687 1487 3012 1555 indicabant,
3041 1493 3258 1546 multam
3285 1504 3460 1550 tamen
3488 1512 3702 1567 quoque

2127 1575 2176 1626 in
2204 1589 2264 1628 se
2295 1575 2555 1630 habebant
2582 1577 2982 1647 benignitatem,
3016 1597 3118 1636 non
3160 1585 3332 1642 solum
3355 1588 3404 1640 in
3433 1603 3526 1641 eos
3571 1605 3707 1657 quo-

2124 1681 2238 1718 rum
2273 1668 2439 1735 gratia
2469 1683 2530 1720 ea
2569 1666 2785 1736 ﬁebant,
2817 1671 2909 1724 sed
2953 1672 2996 1725 si
3045 1675 3337 1730 voluissent
3387 1679 3660 1744 attendere
3684 1723 3701 1748 ,

2123 1758 2281 1809 etiam
2314 1758 2365 1810 in
2399 1758 2770 1824 adversarios;
2800 1778 2904 1816 non
2951 1763 3096 1818 enim
3135 1781 3230 1821 eos
3274 1778 3471 1824 temere
3516 1781 3570 1826 et
3611 1788 3706 1826 ne—

2121 1846 2408 1916 quidquam
2441 1851 2573 1904 mari
2602 1851 2778 1905 obruit
2799 1893 2813 1912 ,
2841 1853 2934 1907 sed
2961 1854 3102 1923 quod
3129 1864 3247 1924 post
3276 1867 3352 1912 tot
3381 1858 3514 1914 facta
3545 1862 3705 1916 mira-

2121 1939 2239 1992 cula
2273 1939 2534 1996 adversus
2561 1957 2726 2011 aquas
2755 1943 2930 1998 adhuc
2972 1961 3122 2004 suam
3153 1949 3496 2018 ostenderent
3536 1953 3703 2006 auda-

2119 2031 2278 2086 ciam.
2335 2033 2627 2102 Oportebat
2677 2045 2853 2090 autem
2908 2051 3001 2091 eos
3051 2038 3259 2094 etiamsi
3321 2053 3498 2097 essent
3543 2058 3704 2113 supra

2119 2139 2304 2179 omnes
2333 2123 2578 2180 homines
2608 2127 2754 2181 nullo
2779 2143 2939 2184 sensu
2969 2131 3172 2199 prmditi
3195 2173 3210 2197 ,
3240 2147 3361 2187 cum
3390 2137 3704 2205 pra-ceden-

2121 2215 2208 2281 tia,
2243 2217 2547 2286 prmsentia,
2576 2227 2625 2272 et
2656 2234 2774 2283 quae
2810 2230 2961 2290 erant
2999 2237 3108 2291 prae
3153 2225 3323 2280 oculis
3368 2228 3703 2284 consideras-

2118 2318 2256 2370 sent,
2292 2308 2407 2376 ejus
2455 2309 2744 2377 potentiam
2797 2310 2978 2366 niirari
3021 2322 3075 2368 et
3115 2314 3339 2370 adorare
3366 2359 3381 2384 ,
3427 2325 3589 2387 atque
3633 2320 3702 2374 ab

2117 2397 2417 2468 importuna
2457 2401 2798 2454 contentione
2827 2417 3058 2459 cessare.
3087 2404 3166 2460 Illi
3199 2417 3374 2462 autem
3405 2423 3526 2464 cum
3558 2412 3703 2464 vide-

2118 2501 2238 2545 rent
2262 2491 2565 2546 universam
2588 2505 2888 2548 creaturam
2916 2510 3012 2564 pro
3033 2497 3149 2563 ejus
3177 2498 3398 2554 arbitrio
3421 2503 3610 2557 inituri
3639 2519 3703 2558 ac

2121 2583 2524 2650 transformari,
2557 2595 2610 2640 et
2637 2601 2756 2640 cum
2787 2589 2865 2641 eis
2893 2589 3210 2660 belligerare
3229 2631 3246 2658 ,
3271 2607 3338 2647 ne
3377 2593 3454 2647 sic
3481 2594 3695 2660 quidem

2118 2691 2146 2730 a
2180 2677 2362 2733 furore
2393 2677 2734 2743 destiterunt,
2763 2680 2856 2734 sed
2907 2683 3064 2736 etiam
3112 2699 3234 2738 eum
3278 2683 3520 2739 viderent
3572 2685 3700 2740 illud

2119 2769 2432 2826 miraculum
2474 2771 2490 2801 ¹
2545 2771 2686 2840 quod
2730 2787 2942 2828 omnem
3005 2774 3292 2842 superabat
3354 2778 3698 2846 opinionem,

2117 2859 2290 2915 aliena
2325 2860 2415 2915 illa
2445 2869 2500 2916 et
2543 2876 2676 2916 nova
2707 2863 2790 2915 via
2841 2863 3043 2932 ingredi
3091 2865 3204 2918 ausi
3253 2879 3394 2920 sunt.
3441 2867 3699 2934 Quocirca

2119 2965 2266 3006 mare
2307 2952 2411 3006 illis
2455 2953 2756 3021 sepulcrum
2787 2953 3037 3010 eflicitur.
3069 2955 3184 3010 Non
3231 2956 3372 3012 enim
3414 2967 3530 3011 erat
3563 2974 3702 3027 Opus

2121 3053 2324 3100 natura:
2353 3045 2496 3115 quod
2520 3044 2710 3111 ﬁebat,
2739 3047 2830 3102 sed
2861 3049 3028 3119 plagae
3052 3049 3306 3104 divinitus
3335 3051 3583 3106 inuitissa:
3610 3069 3623 3107 :
3646 3062 3701 3106 et

2118 3137 2238 3192 ideo
2272 3139 2417 3192 brevi
2458 3147 2732 3193 momento
2783 3141 3036 3209 temporis
3067 3141 3266 3196 ﬁebant
3307 3143 3572 3197 contraria
3602 3161 3617 3198 :
3646 3154 3702 3200 ct

2119 3243 2224 3281 non
2251 3228 2592 3283 scindebatur
2622 3238 2824 3284 tantum
2853 3231 2905 3284 in
2933 3247 3092 3285 unam
3117 3242 3341 3302 partem,
3366 3234 3458 3288 sed
3479 3248 3576 3304 pro
3597 3251 3700 3288 nu-

2117 3335 2267 3373 mero
2295 3321 2530 3374 omnium
2577 3320 2828 3374 trilmum.
2864 3321 2916 3375 In
2964 3337 3282 3392 unoquoque
3326 3333 3502 3378 autem
3547 3325 3700 3394 signo

2119 3412 2359 3465 meminit
2381 3413 2764 3466 misericordiae
2794 3429 2806 3464 :
2840 3413 2940 3468 hoc
2968 3414 3110 3469 enim
3145 3415 3252 3468 Deo
3281 3416 3524 3470 maxima:
3557 3431 3700 3470 curre

2121 3512 2254 3564 erat,
2285 3501 2714 3571 quandoquidem
2757 3517 2851 3572 per
2882 3503 3145 3558 elementa
3180 3505 3378 3557 ﬁebant
3421 3504 3698 3569 miracula,

2119 3609 2186 3648 ne
2201 3609 2319 3664 qua:
2346 3592 2560 3658 ﬁebant,
2579 3595 3017 3648 existimarentur
3040 3610 3158 3650 esse
3185 3596 3410 3661 alicujus
3442 3596 3700 3650 naturalis

2119 3685 2322 3739 ordinis
2352 3701 2553 3749 rerum,
2588 3685 2680 3740 sed
2711 3687 2926 3754 snperni
2952 3688 3154 3748 auxilii.
3185 3687 3324 3758 quod
3353 3703 3563 3742 omnem
3587 3689 3702 3757 opi-

2119 3779 2331 3834 nionem
2375 3779 2678 3847 superantia
2717 3779 2882 3834 efﬁcit
2921 3780 3195 3834 miracula.
3227 3779 3378 3844 Quod
3426 3782 3587 3836 etiam
3649 3780 3699 3833 iu

2122 3871 2254 3925 mari
2294 3871 2485 3925 accidit
2514 3887 2527 3922 :
2560 3871 2717 3938 idque
2745 3880 2930 3939 aperte
2954 3880 3228 3925 estensum
3259 3882 3338 3926 est
3363 3888 3426 3926 ex
3453 3888 3540 3936 eo,
3562 3873 3702 3941 quod

2122 3971 2243 4030 post
2269 3962 2393 4017 illud
2421 3976 2524 4016 non
2551 3960 2778 4028 amplius
2817 3960 3013 4015 factum
3039 3962 3108 4015 sit
3141 3980 3154 4016 :
3186 3977 3304 4031 qttte
3341 3976 3518 4018 autem
3544 3975 3702 4018 natu.

2123 4055 2309 4110 raliter
2334 4053 2466 4107 ﬁunt
2485 4093 2500 4112 .
2529 4061 2654 4106 sunt
2677 4051 2993 4121 frequentia,
3017 4060 3072 4106 et
3090 4062 3239 4106 certo
3261 4063 3502 4121 tempore
3527 4055 3704 4108 solent

2125 4148 2257 4201 ﬁeri.
2290 4148 2370 4201 M.
2411 4146 2476 4200 Et
2517 4147 2687 4200 eduxit
2724 4143 2891 4199 Israel
2927 4161 3016 4215 per
3049 4145 3267 4198 medium
3293 4147 3400 4214 ejus
3425 4161 3444 4199 :
3467 4145 3702 4214 quoniam

2123 4245 2175 4296 in
2203 4243 2442 4296 swculum
2469 4240 2813 4294 misericordia
2839 4239 2966 4309 ejus.

2194 4337 2246 4391 ὅ.
2277 4334 2433 4388 Vides
2457 4333 2724 4402 quomodo
2746 4333 2796 4386 in
2823 4345 3142 4403 unoquoque
3158 4347 3313 4386 versu
3339 4331 3459 4400 jure
3483 4328 3704 4398 subjun-

2123 4430 2198 4498 git
2227 4427 2375 4488 illud.
2428 4425 2492 4480 In
2537 4427 2774 4480 siccatum
2825 4425 3170 4480 misericordia
3222 4425 3372 4496 ejus.’
3416 4423 3540 4478 llaec
3557 4425 3702 4478 enim

2123 4512 2298 4577 oniuia
2323 4501 2611 4576 ostendunt
2659 4526 2969 4591 perpetuam
2999 4518 3114 4588 ejus
3142 4517 3553 4587 providentiam.
3583 4515 3702 4570 Etsi

2124 4614 2265 4670 enim
2289 4631 2406 4685 qua:
2449 4613 2582 4667 facta
2611 4621 2735 4667 sunt
2779 4610 2938 4665 finem
2987 4617 3261 4678 ceperunt,
3310 4623 3494 4663 eorum
3525 4609 3712 4662 tamen"

2123 4709 2398 4763 memorim
2442 4707 2781 4776 praebuerunt
2810 4703 3038 4774 posteris
3087 4717 3333 4771 magnam
3383 4715 3566 4755 ansam
3612 4700 3704 4755 Dei

2124 4787 2459 4872 cognitionis.
2512 4800 2566 4852 lo
2621 4798 2932 4852 memoriam
2974 4795 3114 4851 enim
3141 4793 3386 4848 mandata
3431 4803 3487 4849 et
3531 4803 3706 4846 trans-

2126 4898 2286 4949 missa
2317 4894 2380 4946 ad
2414 4877 2672 4960 posteros,
2707 4889 3040 4946 deducebant
3085 4887 3148 4942 ad
3187 4903 3436 4957 magnam
3471 4885 3706 4955 philoso—

2126 4988 2324 5057 phiam.
2349 4961 2682 5050 Quamquam
2703 4979 2900 5049 alioqui
2917 4993 3026 5035 non
3045 4976 3174 5032 illud
3189 4975 3361 5028 solum
3380 4973 3578 5029 factum
3596 4981 3700 5038 est,

2127 5089 2179 5132 et
2207 5077 2297 5130 Dei
2320 5080 2548 5129 cessavit
2567 5071 2805 5136 curatio;
2840 5084 3012 5139 neque
3053 5070 3103 5122 in
3136 5069 3293 5122 rebus
3329 5065 3502 5120 solum
3531 5062 3698 5130 Egy-

2127 5167 2313 5237 ptiacis
2351 5163 2584 5218 Substitit
2626 5161 2740 5230 ejus
2770 5161 3068 5229 benignitas
3092 5200 3108 5226 ,
3148 5157 3240 5213 sed
3289 5150 3704 5222 unumquodque

2130 5270 2339 5325 tempus
2359 5254 2518 5310 habet
2543 5251 2717 5321 ampla
2746 5261 2800 5308 et
2825 5251 2932 5305 late
2959 5245 3148 5304 diffusa
3178 5247 3292 5315 ejus
3321 5239 3710 5302 inenarrabilis

2113 5337 2466 5417 benignitatis
2493 5343 2706 5398 indicia.
2737 5343 2866 5410 Quae
2891 5339 3104 5410 quidem
3141 5338 3229 5392 ille
3252 5333 3547 5395 admirans,
3567 5333 3708 5387 assi-

2129 5441 2230 5496 due
2261 5435 2530 5507 subjungit
2553 5433 2702 5500 illud,
2739 5429 2992 5499 Quoniam
3019 5430 3073 5482 in
3100 5424 3337 5484 siccatum
3351 5423 3714 5482 misericordia

2147 5649 2162 5665 Ι
2197 5595 2214 5626 ί
2249 5591 2358 5654 Alii,
2384 5589 2507 5641 illud
2527 5587 2866 5654 spectaculum,
2890 5599 2985 5637 non
3002 5585 3141 5636 male.
