4116 6204
1235 57 1290 110 S.
1336 54 1612 111 JOANNIS
1649 51 2122 109 CHRYSOSTOMI
2162 53 2472 110 ARCIIIEP.
2511 57 3040 114 CONSTANTl-NOP.
3605 61 3710 117 408

469 67 566 120 ΜΞ

456 183 583 248 ejus.
617 177 780 230 liecte
802 182 980 228 autem
1010 171 1202 240 adjecit
1244 170 1370 223 illud
1395 213 1408 230 .
1443 168 1506 222 Et
1538 169 1708 223 eduxit
1741 166 1906 221 Israel
1949 181 2037 231 per

456 268 677 320 ructlittm
707 268 816 338 ejus
843 281 862 318 :
890 279 1011 318 nam
1041 262 1141 318 hoc
1169 276 1378 332 quoque
1400 271 1482 316 est
1508 260 1600 316 Dei
1631 259 1896 330 potentiae.
1919 257 2035 312 Non

2151 175 2261 230 lloe
2286 179 2425 232 enim
2455 179 2718 247 signiﬁcat
2746 191 3000 250 perpetuo
3015 181 3196 236 dicens
3223 223 3236 244 ,
3264 183 3513 247 Quoniam
3541 185 3591 236 in
3621 201 3719 237 αε-
3742 197 3747 202 ·

2145 268 2312 321 culum
2343 271 2682 324 misericordia
2728 274 2857 338 ejus.
2880 272 2970 326 21.
3022 271 3090 326 Et
3129 271 3264 326 dedit
3313 282 3496 326 terram
3547 289 3718 330 eorum

455 359 750 416 sufﬁciebat
781 359 924 414 enim
947 355 1180 421 efﬁcere,
1211 364 1268 409 ut
1294 368 1443 409 mare
1473 355 1852 419 retrocederet,
1880 359 1934 405 et
1961 350 2039 403 la-

457 453 614 506 cilcm
664 452 742 506 eis
787 450 1067 504 transitum
1113 445 1377 516 prmbcret
1406 463 1419 498 :
1447 459 1569 498 nam
1588 442 1690 497 hoc
1720 443 1890 512 ipsum
1940 456 2036 497 eos

459 545 625 613 magis
669 541 1064 612 stupefecisset,
1091 539 1388 600 terruisset,
1417 546 1469 592 et
1497 536 1696 590 audere
1735 536 2034 604 prohibuis-

457 647 558 698 set,
583 633 723 704 quod
749 633 987 687 omnium
1009 637 1284 699 superaret
1311 627 1636 697 opinionem,
1657 625 1920 679 'timorem
1952 626 2033 678 in-

453 725 695 788 cutiens;
718 723 810 778 sed
840 723 930 778 Dei
959 722 1054 776 l'nit
1081 720 1348 790 potentiae,
1378 725 1656 786 postquam
1688 731 1832 771 mare
1859 726 2030 770 retro-

453 817 720 879 cessisset,
741 815 1059 870 eisanimum
1087 812 1302 872 addere.
1319 818 1373 864 et
1397 808 1734 878 persuadere,
1763 817 1819 861 ut
1837 822 2027 862 novam

451 906 600 962 illam
626 907 765 962 viam
791 914 845 960 et
871 905 1099 959 alienam
1123 905 1138 936 ⁸
1172 901 1597 972 ingrederentur.
1640 899 1775 954 Nam
1824 914 1944 954 cum
1975 899 2026 954 in

452 1010 674 1070 utraque
694 999 933 1054 sectione
958 998 1011 1050 in
1039 995 1319 1050 sublimem
1345 992 1597 1048 verticem
1629 1001 1822 1047 erecta:
1845 999 2028 1047 essent

448 1104 624 1160 aquae,
656 1104 916 1160 generoso
953 1097 1008 1144 et
1045 1089 1261 1166 excelso
1284 1087 1463 1140 animo
1483 1100 1617 1154 opus
1662 1093 1800 1150 erat,
1831 1094 1890 1138 ut
1917 1100 2025 1140 non

449 1183 697 1237 timerent
723 1182 988 1247 traiicere,
1021 1196 1120 1236 nec
1162 1180 1560 1248 suspicarentur
1588 1178 1754 1232 maria
1788 1177 1853 1232 ad
1881 1192 2026 1232 sum-

447 1289 594 1328 mum
617 1276 870 1329 verticem
892 1273 1154 1340 utrinque
1169 1271 1374 1326 sublata
1404 1283 1525 1324 esse
1553 1283 1647 1324 eos
1672 1269 1937 1331 invasura,
1967 1277 2024 1323 et

445 1365 751 1420 universum
780 1365 1074 1420 exercitum
1093 1363 1388 1418 obruitura.
1424 1362 1510 1416 15.
1540 1361 1607 1414 Et
1635 1361 1849 1414 excussit
1875 1359 2021 1413 Pha-

442 1475 646 1513 raonem
661 1468 707 1511 et
733 1459 963 1513 uirtutem
984 1458 1094 1528 ejus
1120 1457 1174 1510 in
1200 1456 1331 1510 mari
1351 1454 1538 1508 Rubro.
1578 1454 1772 1509 Volcns
1813 1454 2019 1524 signiﬁ-

443 1563 568 1604 care
587 1549 895 1604 facilitatem
915 1548 1033 1617 ejus
1077 1545 1465 1611 demersionis,
1513 1544 1611 1599 hac
1635 1544 1868 1600 dictione
1894 1556 2018 1599 usus

442 1649 544 1695 est.
572 1641 652 1696 Tn
678 1650 854 1696 autem
878 1639 1155 1694 considera
1183 1637 1452 1709 quomodo
1467 1653 1587 1692 cum
1614 1638 1846 1707 potentia
1865 1647 1918 1694 et
1939 1640 2015 1693 ira

443 1732 752 1801 patientiam
775 1747 986 1802 quoque
1020 1731 1351 1790 ostenderit;
1385 1741 1442 1786 ut
1485 1733 1571 1800 qui
1601 1745 1696 1785 eos
1734 1746 1839 1786 non
1869 1732 2016 1801 prius

440 1823 508 1879 de
529 1825 709 1880 medio
729 1825 1023 1890 sustulerit,
1067 1823 1192 1878 licet
1220 1823 1355 1878 adeo
1387 1823 1718 1892 impudentes
1757 1834 1934 1880 essent
1963 1833 2017 1880 et

439 1917 778 1982 contentiosi,
818 1931 975 1987 quam
1026 1915 1124 1985 ipsi
1160 1913 1404 1968 iubentes
1431 1923 1486 1968 et
1527 1913 1766 1969 volentes
1811 1914 2015 1984 seipsos

439 2010 850 2080 pra-cipitarent.
902 2007 1018 2063 Non
1060 2007 1156 2063 abs
1185 2021 1244 2062 re
1293 2015 1470 2062 autem
1507 2007 1772 2062 exercitus
1805 2021 2014 2078 quoque

440 2102 654 2170 punitur
684 2119 697 2156 :
724 2101 818 2156 sed
845 2101 1092 2169 quoniam
1124 2099 1338 2155 fuerunt
1361 2107 1702 2168 peccatorum
1730 2099 2013 2169 participes

436 2202 489 2245 et
512 2192 954 2263 persequutionis,
975 2203 1099 2246 sunt
1125 2192 1285 2248 etiam
1311 2205 1483 2262 penna:
1505 2202 1558 2246 et
1575 2193 1813 2261 supplicii
1843 2193 2010 2262 parti-

434 2285 598 2350 ripas.

513 2373 883 2428 Providentiam
908 2373 1004 2428 Dei
1025 2375 1076 2429 in
1104 2375 1366 2430 lsraelitas
1391 2375 1580 2430 exultat
1605 2375 1668 2430 ah
1681 2377 1816 2430 exitu
1839 2376 2009 2448 Egy—

433 2464 524 2533 pti,
555 2465 623 2516 ad
673 2464 1047 2532 occupationem
1089 2475 1235 2519 terrm
1259 2463 1524 2520 Chanaan.
1554 2465 1728 2520 —l6.
1775 2466 1877 2533 Qui
1903 2477 2008 2520 tra-

432 2558 576 2610 duxit
623 2559 866 2628 populum
909 2575 1054 2611 suum
1103 2575 1192 2628 per
1235 2559 1485 2612 desertum
1515 2575 1534 2612 :
1576 2560 1813 2630 quoniam
1833 2560 1885 2613 in
1913 2576 2008 2615 ste-

430 2651 600 2703 culum
649 2649 993 2702 misericordia
1030 2651 1159 2713 eius.
1215 2649 1326 2703 lloc
1357 2663 1460 2703 non
1499 2658 1583 2704 est
1625 2649 1800 2704 minus
1844 2667 2002 2721 quam

433 2753 528 2807 per
550 2753 698 2792 mare
743 2738 1054 2808 perducere.
1096 2739 1206 2794 Etsi
1235 2739 1374 2794 enim
1411 2738 1626 2793 suberat
1673 2748 1810 2794 terra
1839 2741 1998 2806 sicca,

429 2845 548 2898 quae
567 2839 738 2884 castra
773 2830 1036 2884 sustinere
1059 2838 1298 2899 poterat,
1325 2840 1479 2885 erant
1507 2839 1680 2886 tamen
1709 2831 1874 2885 multa
1898 2833 2000 2887 alia

427 2935 546 2986 quia!
560 2920 640 2974 eis
659 2919 946 2975 alTerchant
968 2921 1283 2976 molestiam.
1307 2921 1804 2978 Suﬂiciebantenim
1824 2925 1999 2979 omnia

426 3010 490 3062 ad
521 3024 612 3064 eos
633 3010 1045 3074 consumendos,
1077 3019 1131 3065 et
1173 3011 1330 3066 morti
1377 3011 1759 3068 crudelissima:
1789 3013 2000 3069 traden-

424 3106 540 3170 dos,
574 3107 758 3172 fames,
793 3107 1024 3177 squalor,
1058 3109 1194 3171 sitis,
1225 3107 1404 3162 radius
1433 3123 1590 3177 quam
1619 3124 1714 3178 par
1740 3119 1884 3164 esset
1911 3125 1999 3163 ca-

426 3199 580 3253 lidior
603 3201 904 3265 imminens,
931 3201 1156 3255 ferarum
1180 3201 1478 3264 multitudo,
1507 3211 1560 3256 et
1577 3203 1997 3258 necessariorum

423 3289 658 3344 omnium
688 3292 926 3358 penuria.
953 3289 1070 3345 Scis
1094 3299 1270 3345 autem
1317 3300 1446 3361 quot
1484 3292 1640 3346 rebus
1671 3293 1830 3348 homo
1865 3293 1999 3348 indi-

422 3388 527 3447 get.
551 3379 657 3434 Illis
686 3390 860 3438 tamen
897 3381 1142 3435 omnibus
1187 3381 1390 3446 nudati,
1419 3391 1473 3436 et
1510 3397 1612 3435 non
1655 3391 1848 3438 tectum
1898 3383 1996 3437 ha-

423 3469 634 3534 bentes;
663 3485 768 3524 non
822 3471 1093 3537 alimenta,
1142 3485 1249 3524 non
1301 3471 1606 3526 indumenta
1656 3473 1993 3538 sufﬁcientia,

423 3573 528 3611 non
580 3559 958 3621 calceamenta,
985 3575 1088 3614 non
1127 3561 1324 3631 aliquid
1368 3562 1512 3615 aliud
1554 3563 1835 3632 ejusmodi,
1865 3574 1996 3619 tam-

421 3663 579 3717 quam
602 3650 652 3702 in
681 3649 869 3704 mediis
895 3650 1114 3705 urbibus
1139 3651 1362 3706 choreas
1385 3659 1623 3722 agentes,
1671 3653 1738 3706 ita
1763 3668 1857 3722 per
1879 3669 1995 3709 om-

423 3754 544 3794 nem
588 3739 731 3795 illam
786 3740 1122 3798 solitudinem
1160 3741 1492 3798 incedebant.
1544 3743 1623 3799 Tu
1653 3752 1828 3799 autem
1862 3745 1992 3801 mihi

419 3831 722 3898 considera,
745 3841 874 3902 quot
901 3833 1155 3886 miracula
1185 3833 1581 3904 prateriitquze
1611 3835 1662 3889 in
1709 3835 1994 3891 solitudine

421 3923 554 3976 facta
582 3930 724 3985 sunt,
756 3929 812 3977 et
835 3931 964 3990 quot
995 3939 1253 3979 annorum
1280 3924 1792 3982 administrationem
1824 3927 1996 3983 :duo-

420 4027 534 4066 rum
565 4022 739 4068 autem
771 4021 974 4068 tantum
998 4014 1372 4070 miraculorum
1399 4017 1671 4083 meminit,
1701 4033 1821 4088 quae
1848 4018 1988 4073 circa

419 4103 538 4157 illos
573 4119 726 4174 reges
753 4103 889 4160 facta
939 4114 1088 4160 sunt.
1139 4105 1353 4163 Mittens
1401 4109 1544 4163 enim
1590 4109 1658 4164 de
1709 4111 1800 4164 illa
1851 4125 1988 4166 nova

416 4209 598 4248 mensa
622 4193 821 4260 dicere,
853 4195 921 4250 de
945 4205 1086 4251 tecto
1133 4197 1455 4262 admirabili,
1487 4197 1556 4254 de
1597 4199 1842 4268 lampade
1868 4216 1988 4271 qua:

417 4298 701 4354 numquam
731 4299 836 4338 non
861 4287 1126 4354 apparuit,
1155 4286 1222 4341 de
1253 4287 1479 4342 vestium
1523 4290 1894 4357 perpetuitate,
1921 4290 1989 4346 de

413 4377 605 4430 calceis
629 4380 717 4445 qui
751 4391 854 4430 non
885 4379 1312 4443 conterebantur,
1339 4378 1408 4434 de
1429 4379 1660 4434 fontibus
1684 4381 1771 4450 qui
1803 4395 1984 4436 mana-

416 4473 539 4518 runt
566 4480 597 4519 e
625 4465 866 4535 rupibus,
914 4476 968 4522 et
993 4467 1060 4522 de
1107 4468 1225 4524 aliis
1277 4470 1429 4523 novis
1470 4477 1527 4523 et
1563 4469 1984 4539 admirabilibus,

416 4571 510 4624 per
537 4571 654 4626 quae
684 4557 784 4613 iter
809 4557 914 4613 illis
943 4557 1096 4614 facile
1121 4562 1343 4630 paravit,
1363 4559 1591 4617 duorum
1614 4562 1784 4618 solum
1801 4566 1988 4619 memi-

414 4647 510 4713 nit,
541 4649 807 4718 quomodo
827 4666 978 4721 reges
1005 4651 1348 4708 barbarorum
1377 4654 1610 4717 sustulit,
1642 4663 1696 4720 et
1719 4657 1986 4725 quomodo

416 4749 673 4806 tropamm
699 4742 889 4807 erexit,
914 4753 967 4796 et
995 4743 1271 4798 victoriam
1289 4743 1366 4798 eis
1385 4744 1604 4816 largitus
1618 4756 1718 4812 est,
1756 4749 1982 4804 auditori

412 4830 612 4900 reliqua
639 4841 886 4886 accurate
911 4832 1206 4904 colligenda
1222 4834 1526 4905 relinquens
1557 4853 1570 4890 :
1597 4845 1651 4892 et
1677 4837 1795 4893 ideo
1824 4841 1982 4896 dicit:

412 4921 500 4975 l7.
532 4920 632 4986 Qui
666 4922 909 4991 percussit
949 4939 1089 4994 reges
1137 4940 1362 4996 magnos.
1392 4925 1479 4981 18.
1510 4925 1580 4981 Et
1629 4929 1808 4982 occidit
1844 4947 1983 5002 reges

411 5013 584 5080 fortes.
609 5012 695 5066 l9.
729 5012 865 5067 Seon
886 5027 1052 5082 regem
1077 5013 1501 5069 Amorrhmorum.
1523 5017 1608 5072 20.
1629 5016 1696 5072 Et
1719 5019 1797 5090 09
1817 5037 1982 5091 regem

413 5102 602 5158 Busan.
653 5105 719 5159 Et
756 5105 1040 5175 unicuique
1087 5120 1272 5161 eorum
1316 5107 1602 5178 subjungit,
1627 5109 1888 5176 Quoniam
1929 5115 1983 5167 in

409 5195 648 5248 oraculum
668 5195 1009 5250 misericordia
1035 5198 1164 5264 eius,
1181 5199 1487 5264 ostendens,
1515 5201 1720 5255 etiamsi
1742 5201 1984 5259 hostibus

413 5285 592 5340 hostes
621 5286 996 5356 succederent,
1023 5289 1224 5344 nullum
1272 5299 1448 5346 tamen
1496 5307 1590 5348 eos
1624 5292 1833 5348 vicisse.
1865 5293 1980 5362 Qua

397 5373 465 5428 de
488 5375 580 5430 re?
599 5378 866 5443 Quoniam
885 5379 1005 5447 ejus
1026 5378 1357 5450 benignitate
1388 5381 1706 5435 fruebantur
1727 5383 1968 5440 assidue.

459 5481 578 5540 Alli,
610 5486 654 5530 ct
678 5494 769 5530 non
792 5480 956 5532 tritam
976 5488 1022 5554 et
1043 5485 1268 5535 allatam.

2144 356 2483 412 hereditatem.
2509 359 2601 414 22.
2634 359 2974 415 Hereditatem
3011 360 3177 416 Israel
3202 377 3342 415 seruo
3361 379 3474 416 suo.
3515 363 3712 433 Duplev

2139 457 2222 502 est
2250 448 2588 513 beneﬁcium,
2629 459 2686 505 et
2725 451 2907 505 hostes
2953 451 3190 515 vincere,
3220 459 3274 506 et
3318 452 3528 507 illorum
3578 454 3710 510 bona

2137 540 2376 608 adipisci.
2405 541 2517 596 Hoc
2543 542 2688 596 enim
2713 551 2828 597 erat
2853 558 3060 613 magnae
3105 543 3376 613 potentias,
3411 559 3518 597 non
3541 545 3706 601 solum

2135 632 2330 698 ejicere
2355 648 2447 687 eos
2467 633 2555 703 qui
2580 633 2906 699 habitabant,
2930 635 3023 690 sed
3039 635 3205 690 etiam
3249 648 3406 705 posse
3451 651 3711 706 occupare

2133 731 2186 776 et
2205 724 2438 780 retinere
2463 725 2692 780 alienam
2721 727 3013 796 regionem.

2205 813 2253 866 11
2261 816 2520 871 umilitatis
2539 817 2631 871 uis.
2651 848 2722 856 —
2743 817 2942 873 Deinde
2965 819 3066 873 hoc
3087 833 3270 874 rursus
3288 818 3522 888 apertius
3541 827 3710 876 osten-

2129 904 2280 969 dens,
2300 921 2394 960 eos
2421 921 2526 962 non
2558 923 2621 962 ex
2649 907 2852 963 meritis
2880 907 3042 963 fuisse
3069 907 3258 962 horum
3288 918 3582 978 compotes.
3613 907 3704 965 sed

2128 1009 2192 1050 ex
2237 995 2328 1050 Dei
2372 997 2644 1063 bonitate,
2685 997 2959 1066 subjunxit
2994 1016 3008 1052 :
3049 997 3140 1052 25.
3173 998 3304 1066 Quia
3332 998 3385 1052 in
3426 999 3706 1054 humilitate

2127 1097 2300 1142 nostra
2330 1105 2518 1142 memor
2547 1091 2643 1161 fuit
2671 1090 2828 1144 nostri
2858 1089 3105 1145 Dominus
3135 1107 3154 1146 :
3180 1091 3484 1162 signiﬁcans
3515 1109 3618 1147 non
3649 1094 3700 1148 in

2125 1189 2269 1233 recte
2301 1179 2451 1234 factis
2474 1220 2489 1244 ,
2523 1195 2626 1234 non
2667 1179 2719 1234 in
2752 1182 3102 1252 prosperitate
3125 1224 3142 1250 ,
3182 1183 3277 1238 sed
3321 1183 3373 1249 in
3405 1182 3701 1240 humilitate

2125 1278 2301 1322 nostra
2330 1269 2465 1324 bene
2492 1279 2666 1325 actum
2697 1287 2837 1327 esse.
2865 1272 3017 1340 Quod
3043 1281 3216 1328 autem
3243 1273 3403 1339 dicit,
3443 1283 3527 1330 est
3553 1276 3698 1344 ejus-

2123 1361 2264 1414 modi
2295 1379 2308 1413 :
2331 1361 2473 1416 Satis
2498 1363 2592 1416 luit
2613 1365 2884 1419 calamitas
2909 1371 2963 1419 et
2981 1379 3216 1420 aerumna
3236 1375 3415 1422 nostra
3435 1366 3500 1422 ad
3526 1367 3694 1436 ipsum

2122 1450 2458 1507 ﬂectendum.
2484 1453 2615 1508 Nam
2645 1463 2700 1509 et
2724 1455 2791 1510 ab
2817 1455 2986 1520 initio,
3012 1455 3224 1526 quando
3249 1472 3342 1512 eos
3365 1458 3602 1513 liberavit
3630 1457 3698 1514 ab

2125 1541 2349 1614 Egypto
2370 1587 2386 1611 ,
2419 1560 2522 1600 non
2565 1546 2734 1613 dixit,
2764 1547 2960 1602 Videas
3003 1548 3110 1603 vidi
3141 1549 3481 1606 mutationem
3509 1565 3692 1606 eorum

2121 1632 2173 1687 in
2205 1634 2395 1688 melius
2424 1652 2438 1688 :
2471 1635 2600 1700 sed,
2639 1635 2824 1691 l'idens
2847 1638 2948 1691 vidi
2971 1639 3284 1710 aﬂlictionem
3317 1641 3493 1710 populi
3520 1643 3616 1695 mei
3639 1643 3692 1696 in

2118 1724 2350 1796 (Egypto
2381 1725 2588 1799 (Exod.
2621 1729 2674 1783 ‘5.
2705 1730 2791 1797 7).
2829 1729 2921 1784 Ἡ.
2950 1729 3016 1784 Et
3042 1731 3248 1785 redemit
3274 1748 3364 1786 nos
3387 1733 3449 1786 ab
3477 1734 3691 1790 inimicis

2117 1819 2321 1872 nostris.
2354 1817 2429 1874 Ne
2456 1819 2702 1890 paulatim
2734 1830 3010 1878 enumeret
3037 1821 3174 1878 bella
3192 1865 3207 1889 ,
3247 1823 3586 1894 irruptiones,
3613 1827 3691 1879 vi-

2116 1910 2334 1977 ctorias,
2358 1918 2580 1980 trapaea,
2603 1927 2722 1966 cum
2751 1927 2934 1966 rursus
2958 1929 3062 1968 uno
3078 1913 3242 1969 verbo
3267 1924 3411 1971 recte
3433 1915 3686 1972 factorum

2115 2001 2305 2056 seriem
2335 2011 2473 2058 esset
2501 2013 2870 2072 persequutus,
2890 2013 2944 2060 et
2967 2019 3087 2075 quas
3113 2004 3164 2059 in
3185 2004 3399 2061 Judaeos
3418 2006 3684 2078 sigillatim

2115 2093 2250 2148 facta
2287 2103 2412 2150 sunt
2454 2097 2912 2166 praetermisisset,
2955 2097 3022 2152 ad
3059 2097 3362 2169 generalem
3401 2099 3518 2167 ejus
3544 2101 3688 2154 venit

2112 2185 2527 2255 providentiam,
2559 2187 2740 2242 dicens
2767 2205 2781 2242 :
2809 2187 2900 2242 25.
2929 2186 3031 2252 Qui
3056 2189 3143 2242 dat
3167 2205 3330 2243 escam
3355 2191 3489 2244 omni
3523 2192 3682 2244 carni.

2111 2276 2293 2342 Alius,
2339 2277 2440 2342 Qui
2480 2277 2569 2330 dat
2610 2293 2812 2348 panem.
2843 2277 3027 2341 Alius,
3061 2277 3200 2334 Dans
3235 2297 3416 2351 panem
3440 2279 3538 2353 (a).
3567 2281 3682 2337 Non

2109 2382 2233 2438 ergo
2258 2376 2446 2432 terrae,
2477 2383 2574 2424 nec
2610 2384 2780 2439 aquae,
2816 2383 2915 2424 nec
2948 2369 3108 2436 aeris,
3149 2385 3250 2427 nec
3287 2371 3434 2437 solis,
3461 2388 3561 2428 nec
3584 2374 3682 2429 ali-

2107 2463 2260 2528 cujus
2288 2461 2508 2516 alterius
2548 2471 2670 2517 sunt
2705 2461 3080 2533 productiones
3106 2464 3368 2520 fructuum
3389 2503 3405 2532 ,
3443 2467 3537 2522 sed
3563 2468 3682 2536 ejus

2105 2560 2186 2606 est
2228 2553 2550 2609 universum.
2592 2553 2724 2609 Vide
2765 2563 2940 2609 autem
2980 2553 3067 2610 hic
3107 2569 3316 2626 quoque
3357 2571 3462 2612 non
3509 2558 3677 2612 solum

2104 2644 2418 2710 potentiam,
2445 2645 2536 2700 sed
2568 2645 2945 2716 benignitatem
2975 2645 3134 2700 etiam
3163 2645 3504 2702 inen‘abilem.
3526 2648 3675 2716 Quod

2102 2734 2243 2787 enim
2267 2734 2396 2789 dicit
2413 2735 2677 2800 Chrisms,
2703 2736 2873 2791 Solem
2898 2753 3044 2792 suum
3063 2737 3183 2790 oriri
3205 2738 3326 2808 facit
3349 2755 3502 2808 super
3524 2739 3677 2794 bonos

2103 2833 2148 2878 et
2175 2827 2368 2892 malos,
2398 2836 2443 2880 et
2477 2829 2602 2897 pluit
2639 2845 2792 2899 super
2818 2830 2988 2899 justos
3029 2838 3076 2882 et
3113 2829 3326 2901 injustos
3357 2829 3582 2899 (Matth.
3620 2833 3673 2884 5.

2101 2916 2210 2987 45)
2244 2935 2257 2972 :
2286 2919 2387 2972 boc
2427 2918 2541 2986 ipse
2569 2933 2778 2988 quoque
2818 2920 2902 2974 hic
2939 2918 3250 2988 signiﬁczwit
3273 2959 3287 2982 .
3318 2919 3502 2975 dicens
3532 2939 3546 2973 :
3575 2921 3676 2988 Qui

2101 3007 2190 3060 dat
2217 3024 2380 3062 escam
2408 3009 2546 3062 onmi
2571 3010 2712 3063 curui
2729 3051 2744 3074 ,
2777 3009 2879 3064 hoc
2906 3020 2988 3064 est
3012 3051 3026 3076 ,
3067 3027 3171 3065 non
3197 3011 3353 3081 justis
3379 3011 3547 3066 solum
3579 3028 3676 3066 nec

2103 3101 2164 3155 iis
2191 3101 2278 3170 qui
2319 3115 2378 3156 se
2419 3109 2564 3156 recte
2589 3111 2813 3172 gerunt,
2840 3102 2933 3157 sed
2966 3103 3327 3172 peccatoribus
3349 3143 3364 3168 ,
3396 3112 3450 3157 et
3479 3104 3670 3174 impiis,

2099 3203 2154 3246 et
2181 3193 2326 3248 omni
2359 3193 2600 3248 humana:
2640 3203 2843 3249 natura:
2868 3212 2883 3249 ί
2913 3194 3054 3264 quod
3093 3196 3251 3250 etiam
3277 3197 3512 3251 maxime
3542 3212 3676 3266 ιιι-εν-

2097 3285 2240 3339 dicat
2263 3285 2379 3356 ejus
2407 3285 2723 3340 dominium.
2753 3284 2942 3340 Vidisti
2976 3285 3240 3340 Psalmum
3283 3285 3403 3342 ideo
3446 3289 3675 3344 maxime

2098 3395 2220 3434 esse
2241 3379 2615 3450 compositum,
2639 3386 2697 3432 ut
2717 3391 2816 3432 nos
2838 3377 3064 3432 deducat
3082 3377 3147 3432 ad
3172 3378 3262 3432 Dei
3289 3377 3636 3449 cognitionem
3650 3381 3676 3434 τ

2103 3471 2169 3524 Et
2198 3471 2321 3526 ideo
2348 3472 2400 3524 in
2444 3469 2703 3540 principio
2731 3469 2924 3538 incepit
2949 3484 2980 3524 a
3012 3469 3381 3540 generalibus,
3423 3479 3478 3526 et
3518 3472 3567 3525 in
3595 3473 3674 3527 eis

2097 3562 2256 3617 desiit
2281 3578 2293 3614 :
2327 3561 2570 3630 superius
2597 3558 2808 3630 quidem
2834 3559 3018 3615 dicens
3048 3561 3216 3615 solem
3246 3569 3301 3615 et
3331 3561 3538 3628 lunam,
3571 3564 3674 3615 ful-

2097 3671 2223 3727 gura
2255 3665 2308 3712 et
2337 3654 2560 3725 pluvias,
2587 3668 2706 3723 qua:
2735 3667 2840 3707 non
2869 3651 3002 3706 ﬁunt
3028 3653 3198 3707 solum
3225 3653 3277 3708 in
3307 3663 3458 3724 parte
3485 3655 3668 3715 orbis;

2099 3747 2150 3800 in
2184 3746 2285 3800 ﬁne
2323 3751 2499 3798 autem
2541 3743 2790 3797 desinens
2826 3743 2878 3797 in
2922 3744 3188 3798 communi
3230 3745 3466 3798 omnium
3505 3746 3675 3798 nutri-

2096 3844 2295 3890 mento.
2319 3831 2516 3888 Deinde
2535 3841 2810 3902 postquam
2833 3846 2899 3886 ex
2919 3831 3000 3888 eis
3019 3831 3350 3886 conﬁrmavit
3367 3834 3671 3904 generalem

2096 3923 2481 3996 providentiam
2506 3963 2525 3988 ,
2565 3922 2834 3991 subjunxit
2865 3938 2879 3974 :
2919 3922 3010 3976 26.
3049 3920 3368 3992 Conﬁtemini
3394 3919 3504 3977 Deo
3536 3923 3669 3988 ccli,

2095 4017 2334 4087 quoniam
2363 4015 2416 4068 in
2454 4014 2696 4069 sweulnm
2736 4013 3080 4068 misericordia
3117 4014 3245 4083 ejus.
3282 4013 3359 4068 Ex
3407 4013 3489 4067 his
3527 4016 3671 4069 enim

2097 4105 2224 4161 illud
2253 4121 2464 4177 quoque
2505 4105 2704 4159 clarum
2736 4113 2818 4159 est
2855 4104 3025 4174 ipsum
3052 4117 3170 4159 esse
3201 4102 3526 4157 infernorum
3555 4119 3672 4158 om-

2095 4200 2241 4253 nium
2281 4207 2338 4254 et
2375 4211 2729 4268 supernorum
2775 4195 3089 4257 Dominum,
3128 4193 3347 4264 ejusque
3392 4209 3575 4250 curam
3616 4204 3673 4250 et

2096 4289 2482 4360 providentiam
2508 4287 2703 4358 ubique
2721 4286 2963 4341 dill'usam
2987 4297 3124 4339 esse.
3149 4283 3254 4339 Pro
3277 4285 3522 4340 omnibus
3542 4299 3675 4356 ergo

2097 4382 2168 4435 illi
2198 4379 2484 4436 olleramus
2519 4380 2805 4450 gratiarum
2831 4375 3124 4440 actionem,
3158 4388 3253 4443 pro
3276 4376 3670 4442 communibus,

2096 4486 2192 4542 pro
2218 4471 2438 4541 privatis
2457 4512 2471 4534 ,
2501 4485 2598 4540 pro
2625 4469 2858 4522 bonitate
2879 4505 2896 4531 ,
2927 4480 3024 4534 pro
3063 4464 3382 4536 benignitate
3403 4507 3420 4534 ,
3454 4483 3548 4537 pro
3578 4484 3676 4538 po-

2097 4566 2261 4618 tentia
2279 4604 2294 4628 ,
2320 4578 2418 4632 pro
2443 4561 2746 4622 curatione,
2773 4565 2828 4611 et
2859 4558 2959 4611 hoc
2985 4555 3195 4611 assidue
3220 4557 3492 4621 faciamus,
3533 4559 3674 4614 sicut

2095 4656 2255 4710 etiam
2289 4654 2440 4722 jubet
2467 4646 2900 4721 psalmographus
2919 4686 2938 4714 ,
2965 4647 3150 4702 dicens
3177 4665 3188 4699 :
3218 4646 3534 4716 Conﬁtemini
3563 4647 3672 4700 Do-

2097 4747 2253 4810 mino,
2275 4743 2507 4815 quoniam
2528 4741 2706 4806 bonus,
2729 4740 2964 4810 quoniam
2986 4738 3040 4792 in
3062 4737 3304 4792 saxulum
3329 4737 3673 4791 misericordia

2097 4839 2224 4905 ejus.
2280 4836 2391 4891 [loc
2433 4843 2514 4889 est
2555 4834 2698 4888 enim
2745 4832 3099 4896 sacriﬁcium,
3139 4829 3242 4884 hoc
3286 4829 3522 4896 oblatio,
3567 4829 3671 4885 hoc

2097 4929 2268 4998 ipsum
2285 4926 2438 4981 nobis
2457 4923 2631 4979 reddit
2651 4923 2880 4978 maxime
2904 4922 3209 4990 propitium,
3227 4928 3282 4975 et
3303 4919 3426 4974 facit
3445 4929 3502 4974 ut
3529 4919 3673 4974 l‘rua.

2098 5036 2220 5074 mur
2245 5019 2383 5074 illius
2418 5017 2784 5072 benevolentia
2815 5032 2830 5069 :
2860 5029 3017 5084 quam
3059 5012 3216 5068 detur
3243 5013 3398 5070 nobis
3426 5014 3670 5069 omnibus

2099 5110 2348 5179 assequi,
2388 5110 2556 5178 gratia
2605 5117 2660 5162 et
2705 5105 3026 5174 benignitate
3071 5105 3283 5160 Domini
3332 5105 3498 5160 nostri
3541 5103 3668 5160 Jesu

2087 5202 2322 5266 Christi,
2354 5201 2444 5254 cui
2479 5198 2648 5270 gloria
2687 5205 2742 5252 et
2777 5197 3061 5266 imperium
3099 5197 3154 5252 in
3195 5196 3389 5250 saecula
3431 5193 3662 5250 saeculo-

2089 5315 2230 5354 rum.
2270 5297 2463 5350 Amen.

2143 5416 2216 5474 (α)
2249 5415 2377 5462 Prior
2399 5411 2543 5478 lectio
2565 5417 2642 5460 est.
2675 5407 2890 5478 Aquila),
2919 5406 3071 5478 altera
3115 5405 3396 5478 Symmachi,
3525 5411 3654 5478 quod

2081 5468 2285 5524 diturum
2313 5476 2560 5534 Regiorum
2587 5481 2673 5518 tis».
2714 5468 2996 5518 auctoritate
3043 5468 3268 5516 ﬁrmatur.
3298 5468 3410 5514 \‘ide
3443 5468 3654 5529 ttexajﬁa

2086 5547 2263 5587 ιιοξιη.
