4116 6204
379 289 483 345 ιοε

812 508 879 570 IN
914 505 1234 572 PSALMUM
1268 501 1546 562 CXXXVI.

385 631 437 684 Ι.
479 627 649 697 Super
677 624 896 693 ﬂutttina
924 620 1192 692 Babylonis
1219 619 1322 673 illic
1349 615 1568 670 sedintus
1589 653 1604 676 ,
1634 620 1680 664 et
1708 607 1952 677 ﬂet-imus,

823 714 945 766 dum
971 711 1345 770 recordaremur
1369 706 1517 760 Sion.

463 871 514 934 lg.
556 865 802 935 Magnum
845 872 924 918 cst
960 859 1045 916 his
1071 859 1198 915 viris
1225 871 1332 912 suae
1367 853 1594 910 civitatis
1620 848 1960 918 desiderium,

394 974 581 1030 magna
618 956 822 1016 reditus
849 951 1125 1023 cupiditas.
1157 945 1417 1014 Quamdiu
1445 943 1586 998 enim
1631 941 1766 996 bona
1797 939 1963 994 habe-

397 1051 520 1107 bant
550 1051 602 1104 in
628 1045 902 1108 manibus,
934 1042 1125 1112 probra
1153 1048 1207 1096 et
1229 1038 1449 1108 injurias
1476 1036 1670 1090 inferre
1695 1047 1800 1090 non
1825 1030 1966 1087 desi-

391 1142 603 1198 stebant
634 1157 647 1192 :
681 1138 775 1194 sed
802 1144 1080 1208 postquam
1110 1131 1176 1186 ab
1213 1130 1317 1190 illis
1359 1136 1483 1184 sunt
1509 1123 1772 1182 exturbati
1791 1163 1807 1191 ,
1839 1128 1967 1182 tunc

391 1245 576 1286 eorum
621 1225 886 1282 desiderio
929 1222 1098 1280 affecti
1140 1227 1264 1275 sunt
1305 1237 1319 1274 :
1363 1226 1643 1288 propterea
1686 1213 1827 1270 enim
1871 1225 1966 1267 eos

392 1320 611 1391 expulit,
641 1327 700 1372 ut
726 1317 984 1372 excitaret
1021 1315 1072 1368 in
1112 1313 1176 1367 iis
1214 1309 1385 1380 majus
1411 1306 1754 1366 desiderium.
1784 1302 1840 1358 ld
1867 1316 1964 1356 au-

393 1420 500 1468 tem
526 1409 662 1466 solet
701 1421 843 1478 saepe
879 1406 1020 1460 Deus
1048 1403 1242 1458 facere.
1273 1400 1495 1468 Quando
1534 1397 1675 1453 enim
1700 1439 1715 1463 ,
1746 1395 1870 1451 dum
1913 1395 1966 1450 ln

393 1503 617 1560 summis
661 1513 846 1558 sumus
893 1497 1136 1565 deliciis,
1183 1503 1238 1552 et
1281 1492 1514 1550 maxima
1551 1491 1810 1551 bonorum
1852 1489 1968 1560 ejus

395 1593 684 1658 afﬂuentia,
726 1605 833 1646 non
863 1589 1154 1651 sentimus,
1194 1595 1345 1641 curat
1379 1591 1438 1639 ut
1471 1583 1549 1638 eis
1575 1593 1869 1647 careamus,
1911 1586 1968 1634 ut

395 1683 692 1754 privatione
716 1695 898 1735 eorum
925 1677 1184 1746 castigati,
1211 1675 1289 1732 eis
1313 1688 1496 1730 rursus
1519 1672 1618 1728 frui
1647 1685 1962 1744 quaeramus.

395 1773 501 1830 Sed
543 1785 768 1843 quanam
805 1769 874 1824 de
899 1783 1058 1824 causa
1093 1766 1350 1824 sedebant
1375 1763 1443 1819 ad
1481 1763 1741 1820 ﬂumina?
1787 1761 1851 1818 Ut
1877 1761 1968 1832 qui

397 1872 578 1919 essent
613 1861 841 1931 captivi,
873 1868 928 1914 et
964 1857 1197 1928 regionis
1233 1855 1463 1912 hostium
1505 1853 1698 1908 finibus
1737 1851 1967 1908 circum-

397 1953 602 2022 scripti,
625 1945 779 2005 extra
805 1964 984 2004 muros
1007 1957 1062 2004 et
1087 1947 1248 2010 urbes
1277 1945 1594 2000 habitarent.
1619 1943 1672 1998 2.
1702 1939 1769 1997 In
1794 1941 1967 1997 salici-

398 2043 489 2097 bus
517 2043 570 2095 in
598 2041 760 2094 medio
805 2039 913 2109 ejus
947 2036 1298 2108 suspendimus
1326 2051 1516 2107 organa
1557 2043 1750 2092 nostra.
1794 2033 1966 2098 Alius,

399 2132 630 2187 Citharas
651 2130 724 2204 (a)
747 2141 965 2185 nostras.
987 2129 1158 2198 Alius,
1182 2127 1362 2200 Lgras.
1386 2127 1453 2184 Et
1474 2141 1702 2198 quanam
1723 2125 1790 2180 de
1809 2137 1970 2180 causa

398 2226 631 2280 tulerunt
659 2238 852 2298 organa
882 2237 978 2278 sua
1004 2237 1124 2279 cum
1161 2222 1215 2280 in
1249 2220 1605 2290 captivitatem
1635 2217 1966 2286 recederent,

398 2315 486 2385 qui
529 2313 607 2370 eis
646 2315 867 2369 minime
907 2319 1064 2367 erant
1104 2311 1294 2368 usuri?
1332 2310 1444 2366 Hoc
1488 2325 1699 2381 quoque
1742 2309 1912 2364 fuerat
1937 2323 1970 2364 a

399 2406 510 2460 Deo
539 2405 828 2474 provisum,
856 2411 915 2458 ut
940 2401 1026 2458 vel
1060 2403 1112 2458 in
1147 2402 1316 2464 aliena
1339 2399 1558 2470 regione
1584 2399 1841 2456 haberent
1865 2414 1970 2455 mo-

399 2497 632 2552 nimenta
677 2495 871 2565 prioris
912 2494 1238 2564 reipublicae,
1285 2493 1558 2563 magisque
1599 2491 1971 2547 morderentnr

397 2599 454 2645 et
475 2591 666 2661 mgrius
687 2587 912 2655 ferrent,
944 2586 1069 2648 dum
1099 2585 1238 2642 illius
1266 2583 1538 2660 religionis
1576 2590 1631 2638 et
1668 2583 1764 2638 Dei
1797 2583 1969 2638 cultus

398 2681 489 2738 illa
513 2681 661 2752 signa
689 2679 950 2735 viderent.
981 2679 1035 2734 5.
1069 2677 1202 2745 Quia
1238 2677 1344 2732 illic
1384 2677 1814 2748 interrogaverunt
1854 2692 1966 2745 nos,

398 2774 484 2844 qui
511 2773 734 2844 captiuos
762 2772 1013 2826 duxerunt
1036 2785 1148 2836 nos,
1173 2769 1321 2834 verba
1343 2753 1673 2830 cantionum:
1702 2777 1750 2822 et
1771 2767 1858 2838 qui
1878 2766 1970 2822 ab-

399 2865 649 2919 duxerunt
673 2878 763 2918 nos
787 2880 804 2918 :
826 2861 1089 2932 Hgmnum
1114 2869 1310 2914 cantate
1328 2861 1469 2918 nobis
1502 2859 1564 2914 de
1589 2859 1794 2914 canticis
1820 2858 1967 2914 Sion.

399 2956 515 3012 Non
546 2970 730 3026 parum
757 2955 882 3010 hinc
917 2952 1334 3018 lucrifaciebant,
1366 2951 1508 3024 quod
1547 2952 1624 3007 eis
1661 2950 1875 3006 barbari
1899 2951 1972 3006 in-

401 3056 623 3113 starent,
651 3055 708 3102 et
731 3045 935 3101 cantica
970 3059 1156 3102 eorum
1179 3043 1363 3102 audire
1400 3051 1674 3114 cuperent.
1716 3042 1850 3098 Vide
1871 3057 1968 3098 au-

401 3148 507 3194 tem
533 3148 783 3208 quantam
824 3137 947 3192 hinc
977 3136 1358 3194 correctionem
1398 3145 1655 3202 ceperunt
1693 3150 1762 3192 ex
1801 3135 1971 3205 capti-

400 3233 582 3285 vitate.
611 3228 710 3295 Qui
733 3229 876 3284 enim
901 3228 1191 3284 insolentes
1218 3227 1338 3282 facti
1361 3227 1684 3294 defecerant,
1711 3235 1765 3284 et
1788 3241 1819 3282 a
1844 3227 1972 3283 reli-

401 3324 560 3393 gione
593 3335 686 3376 sua
711 3320 1029 3386 resilierant,
1071 3327 1125 3374 et
1146 3319 1318 3389 legem
1339 3319 1482 3374 omni
1515 3319 1722 3374 ratione
1760 3319 1974 3374 concul-

403 3418 674 3476 caverant,
705 3425 764 3465 se
790 3410 840 3466 in
861 3409 1029 3466 aliena
1054 3409 1271 3485 regione
1293 3417 1397 3463 tam
1413 3408 1648 3480 graviter
1671 3415 1972 3480 gesserunt,

402 3512 458 3558 ut
489 3504 574 3558 vel
602 3502 908 3574 urgentibus
933 3509 987 3557 et
1010 3502 1332 3558 minantibus
1370 3500 1629 3568 barbaris,
1656 3509 1711 3558 et
1742 3500 1976 3571 undique

400 3593 928 3659 circumsistentibus,
975 3603 1029 3648 et
1067 3593 1251 3649 audire
1278 3593 1640 3662 cupientibus,
1670 3609 1738 3649 ne
1763 3593 1843 3652 sic
1863 3593 1975 3663 qui-

404 3682 519 3740 dem
551 3701 734 3742 eorum
768 3685 1033 3742 desiderio
1054 3685 1508 3755 gratificarentur,
1533 3685 1629 3742 sed
1653 3685 1822 3757 legem
1846 3699 1977 3757 prte-

404 3777 620 3842 forrent,
643 3793 870 3849 eamque
888 3777 1168 3856 diligenter
1192 3785 1592 3834 conservarent.
1617 3777 1749 3832 lllud
1773 3785 1975 3842 autem,

404 3870 504 3936 Qui
521 3869 856 3937 abduxerunt,
883 3871 1018 3926 alius
1046 3869 1117 3943 (ὁ)
1144 3869 1298 3939 dixit,
1324 3869 1426 3935 Qui
1450 3878 1744 3940 arroganter
1766 3869 1977 3941 agebant

401 3972 576 4018 contra
602 3977 716 4030 nos,
759 3961 1146 4036 propemodum
1173 3960 1274 4016 hoc
1310 3960 1496 4018 dicens
1530 3975 1546 4013 :
1589 3959 1691 4029 Qui
1727 3969 1882 4015 antea
1922 3959 1976 4014 in

401 4069 500 4109 nos
530 4051 917 4108 invehebantur
941 4091 958 4120 ,
998 4061 1054 4108 et
1096 4052 1151 4106 in
1189 4066 1287 4107 nos
1331 4049 1708 4120 insurgebant,
1739 4056 1979 4119 tempore

402 4145 536 4201 adeo
562 4144 732 4212 lenes,
777 4143 934 4200 mites
974 4152 1028 4200 et
1063 4142 1327 4199 mansueti
1370 4141 1493 4196 facti
1519 4148 1664 4206 sunt,
1697 4149 1760 4198 ut
1784 4139 1982 4196 vellent

403 4234 561 4288 etiam
592 4243 771 4288 nostra
797 4233 982 4292 audire
1005 4233 1230 4290 cantica.
1263 4231 1329 4287 lli
1355 4240 1530 4286 tamen
1557 4245 1665 4286 non
1699 4242 1981 4286 conoesse-

403 4335 552 4382 runt.
595 4325 781 4382 Vidisti
823 4341 1051 4396 quonam
1091 4325 1254 4384 modo
1297 4324 1475 4380 reddit
1513 4321 1684 4398 fortes
1721 4318 1980 4377 afﬂictio?

403 4415 672 4486 quomodo
715 4417 1102 4488 compunctos?
1141 4415 1412 4488 .quomodo
1440 4424 1672 4471 mentem
1714 4411 1980 4470 conterit?

403 4508 628 4565 Flebant
669 4510 848 4580 enim,
877 4519 931 4568 et
973 4511 1141 4585 legem
1184 4510 1572 4578 observabant,
1619 4516 1673 4566 et
1699 4509 1787 4579 qui
1813 4548 1826 4569 .
1858 4521 1979 4564 cum

405 4603 676 4673 prophetae
703 4603 1121 4676 lacrymarentur
1137 4643 1154 4672 ,
1181 4603 1459 4669 ridebant,
1503 4600 1904 4670 ludiﬁcabantur
1926 4609 1982 4658 et

403 4696 800 4769 Subsannabant
843 4714 857 4751 :
901 4697 956 4753 bi
993 4712 1134 4754 nunc
1176 4696 1388 4752 nemine
1430 4710 1524 4752 eos
1565 4694 1888 4750 admonente
1913 4693 1979 4750 ad

407 4787 666 4861 lacrymas
712 4791 1194 4855 convertebantur,
1237 4799 1292 4846 et
1335 4788 1548 4844 ﬂebant.
1596 4787 1676 4846 Ex
1713 4801 1781 4842 eo
1821 4787 1980 4842 etiam

408 4881 689 4951 plurimum
737 4881 1003 4936 commodi
1053 4881 1414 4950 percipiebant
1467 4879 1669 4934 hostes.
1720 4877 1982 4934 Videbunt

408 4973 548 5026 enim
589 4987 682 5029 eos
712 4988 818 5028 non
849 4973 1016 5044 premi
1046 4972 1346 5041 captivitate
1366 5012 1382 5035 ,
1413 4985 1512 5027 nec
1548 4969 1853 5026 servitutem
1881 4969 1980 5024 de-

408 5063 557 5130 ﬂere,
581 5081 680 5120 nec
701 5066 839 5136 quod
865 5066 915 5120 in
941 5066 1112 5119 aliena
1139 5065 1356 5134 regione
1379 5064 1697 5127 habitarent,
1727 5061 1820 5118 sed
1839 5061 1980 5133 quod

407 5169 437 5208 a
469 5170 566 5208 suo
597 5157 688 5212 Dei
729 5156 874 5210 cultu
918 5155 1256 5209 excidissent.
1303 5153 1369 5208 Et
1415 5154 1534 5209 ideo
1576 5153 1812 5222 adjecit:
1845 5152 1982 5208 Dum

409 5245 790 5300 recordaremur
831 5245 982 5300 Sion.
1025 5243 1206 5314 Neque
1247 5245 1386 5300 enim
1424 5245 1610 5302 leviter
1653 5253 1854 5300 tantum
1897 5244 1980 5300 lu-

409 5346 566 5406 gent,
597 5335 693 5392 sed
721 5335 885 5390 veluti
913 5333 1175 5405 quoddam
1206 5343 1512 5404 perpetuum
1541 5336 1752 5406 lugendi
1789 5350 1982 5393 munus

413 5427 628 5483 obeunt.
656 5425 919 5496 Quocirca
943 5423 1073 5482 dicit
1098 5424 1152 5479 in
1178 5423 1454 5494 principio,
1483 5425 1739 5494 Sedimus,
1767 5438 1814 5484 et
1841 5429 1982 5498 ﬂevi-

481 5681 554 5734 (τι)
585 5675 708 5728 Vide
731 5672 966 5734 Hexapla.

484 5683 531 5733 ft!
585 5683 708 5728 Vide
731 5683 966 5734 Hexapta.

484 5683 558 5808 (δὲ
591 5744 701 5801 Quis
721 5743 786 5807 sit
809 5739 888 5787 hic
909 5736 1158 5794 interpres
1177 5729 1438 5792 ignoratur,

1634 5861 1666 5868 ν.
1699 5865 1706 5867 μ
1731 5865 1754 5874 ,
1773 5867 1851 5897 μ’

1398 277 1754 347 EXNSITIO
1789 279 1856 340 ΙΝ
1895 273 2216 338 PSALMUM
2256 273 2534 337 CXXXVI.

3529 289 3633 344 506

2067 421 2203 471 mus,
2227 405 2586 475 significantes
2613 423 2674 465 se
2699 413 2820 467 ideo
2844 412 3149 468 consedisse
3177 422 3233 468 ut
3256 413 3460 468 cierent
3487 411 3642 466 fletus

2065 504 2122 554 et
2143 496 2387 566 ejulatus.
2415 495 2522 552 Sed
2561 512 2658 554 cur
2685 499 2764 556 eis
2791 515 2898 556 non
2941 503 3339 571 permittebatur
3367 517 3560 558 canere
3588 502 3642 556 in

2065 588 2239 644 aliena
2267 588 2450 643 terra?
2477 590 2732 656 Quoniam
2763 604 2869 646 non
2897 592 3174 660 oportebat
3209 607 3365 648 aures
3395 593 3642 661 profanas

2064 689 2254 746 audire
2295 688 2386 746 illa
2424 701 2644 745 arcana.
2675 691 2728 746 4.
2763 688 3026 758 Quomodo
3059 690 3368 748 cantabimus
3394 691 3641 745 canticum

2065 781 2272 838 Domini
2299 782 2353 836 in
2375 792 2510 837 terra
2538 784 2703 836 aliena
2727 783 2752 835 Ρ
2795 783 2904 836 lloc
2930 791 3012 836 est
3037 799 3048 832 :
3080 780 3194 834 Non
3222 781 3344 835 licet
3372 781 3524 836 nobis
3551 798 3643 835 ea-

2066 887 2214 928 nere.
2259 873 2376 933 Etsi
2418 874 2559 929 enim
2607 887 2637 927 a
2680 872 2846 941 patria
2889 870 3201 938 excidimus,
3251 870 3420 940 legem
3467 879 3642 924 tamen

2065 972 2324 1034 perpetuo
2357 977 2664 1026 servamus,
2695 961 2854 1030 idque
2881 961 3306 1032 diligentissime.
3339 959 3514 1028 Quare
3541 959 3646 1014 etsi

2067 1054 2122 1110 in
2150 1069 2374 1125 corpora
2401 1055 2692 1112 dominium
2719 1054 3003 1110 obtineatis
3022 1094 3038 1119 ,
3067 1053 3301 1110 animum
3332 1059 3509 1108 tamen
3538 1066 3643 1106 non

2065 1143 2405 1214 superabitis.
2435 1143 2621 1198 Vidisti
2653 1143 2880 1198 animam
2907 1143 2975 1198 ab
3000 1142 3286 1199 afﬂictione
3326 1157 3445 1198 esse
3470 1141 3641 1196 dedu-

2064 1245 2206 1291 ctam
2235 1235 2302 1291 ad
2329 1235 2563 1293 studium
2593 1235 2866 1304 sapientiae
2889 1276 2906 1302 ,
2934 1235 3292 1303 terumnisque
3330 1243 3385 1288 et
3423 1233 3644 1290 calami-

2065 1327 2260 1384 tatibus
2286 1342 2406 1384 esse
2433 1327 2801 1398 superiorem?
2826 1325 2882 1384 5.
2906 1326 2967 1383 Si
2993 1327 3176 1382 oblitus
3207 1330 3349 1398 {uero
3377 1326 3470 1392 tui,
3493 1323 3647 1379 Jeru-

2064 1420 2244 1484 salem,
2271 1417 2509 1472 oblivioni
2538 1416 2683 1472 detur
2703 1418 2908 1472 dextera
2931 1433 3062 1470 mea.
3093 1417 3148 1473 6.
3173 1415 3440 1473 Adluereat
3467 1415 3646 1486 lingua

2065 1523 2180 1564 mea
2203 1509 2432 1578 faucibus
2459 1508 2602 1563 meis.
2633 1505 2768 1563 Vide
2808 1506 2895 1562 hic
2931 1519 3144 1577 quoque
3182 1520 3425 1576 magnam
3456 1503 3646 1560 factam

2065 1598 2434 1666 mutationem.
2487 1598 2589 1666 Qui
2641 1598 2783 1656 enim
2825 1597 3044 1668 singulis
3089 1597 3277 1654 diebus
3325 1595 3644 1657 audiebant,

2067 1686 2183 1744 fore
2211 1695 2268 1742 ut
2294 1702 2360 1742 ex
2389 1688 2599 1744 civitate
2627 1685 3128 1752 exterminarentur,
3155 1696 3211 1740 et
3232 1701 3338 1748 non
3367 1685 3642 1748 curabant,

2065 1793 2208 1846 nunc
2234 1777 2480 1833 diraasibi
2511 1777 2906 1848 imprecantur,
2937 1778 2983 1832 si
3025 1777 3140 1847 ejus
3169 1779 3274 1832 sint
3303 1776 3477 1831 obliti.
3506 1775 3645 1842 Quid

2066 1875 2149 1923 est
2169 1876 2368 1934 autem,
2396 1866 2646 1924 Oblivioni
2672 1867 2820 1922 detur
2841 1867 3046 1922 dextera
3070 1883 3181 1920 mea
3201 1866 3226 1918 ?
3253 1865 3426 1932 Vires,
3457 1863 3646 1933 inquit,

2066 1969 2202 2016 meae
2243 1957 2350 2014 mei
2395 1957 2792 2024 obliviscantur,
2843 1965 2898 2012 et
2944 1967 3122 2012 mutus
3165 1954 3386 2010 evadam
3433 1965 3664 2025 propter.

2066 2049 2326 2106 malorum
2352 2049 2787 2120 magnitudinem,
2817 2047 2878 2103 Si
2905 2064 3008 2102 non
3032 2047 3303 2106 meminero
3332 2045 3405 2099 tui
3430 2060 3448 2098 :
3477 2047 3520 2099 si
3549 2061 3652 2100 non

2067 2157 2393 2212 prcposuero
2417 2140 2701 2196 Jerusalem
2728 2141 2855 2196 sicut
2883 2141 2900 2171 ¹
2928 2139 2979 2194 in
3010 2138 3257 2209 principio
3297 2137 3484 2191 ltetitic
3506 2151 3650 2191 metu.

2066 2232 2202 2301 Quid
2229 2240 2344 2299 est,
2379 2232 2440 2287 Si
2466 2247 2568 2286 non
2593 2246 2914 2301 praeposuere
2933 2229 3218 2284 Jerusalem
3237 2229 3264 2283 2
3303 2227 3418 2282 Non
3447 2227 3648 2292 solum,

2067 2324 2257 2394 inquit,
2304 2323 2376 2378 tui
2416 2325 2711 2380 meminero
2737 2323 2788 2376 in
2815 2323 2970 2388 aliis,
3002 2321 3096 2376 sed
3141 2322 3300 2376 etiam
3339 2321 3392 2374 in
3439 2320 3652 2390 hymnis

2067 2424 2122 2472 et
2150 2415 2203 2470 in
2232 2413 2474 2470 canticis.
2508 2413 2637 2476 Illud
2677 2425 2853 2470 autem
2877 2455 2892 2480 ,
2922 2413 3288 2483 Prteposuero,
3318 2411 3422 2468 hoc
3445 2420 3556 2476 est,
3592 2411 3650 2466 In

2067 2506 2255 2562 cantici
2285 2504 2545 2575 prooemio
2569 2519 2633 2574 ac
2657 2503 2910 2573 praeludio
2940 2519 3166 2574 posuero
3181 2545 3196 2569 ,
3223 2503 3502 2574 loquentes
3526 2517 3649 2558 ver-

2067 2597 2192 2652 bum
2222 2612 2428 2664 eorum,
2468 2597 2558 2666 qui
2602 2595 2756 2650 valde
2793 2594 3118 2660 desiderant,
3166 2595 3272 2650 imo
3295 2607 3423 2648 vero
3463 2607 3648 2646 eorum

2067 2689 2156 2759 qui
2205 2687 2322 2757 ejus
2364 2701 2558 2756 magno
2605 2699 2790 2740 amore
2842 2693 3087 2740 tenentur
3134 2693 3188 2739 et
3231 2679 3648 2738 inﬂammantur.

2067 2779 2357 2836 Audiamus
2385 2776 2501 2832 haec
2527 2790 2734 2842 omnes,
2763 2784 2818 2830 et
2841 2773 3127 2829 discamus.
3160 2773 3368 2830 Etenim
3395 2769 3651 2841 quemad-

2068 2869 2286 2926 modum
2313 2867 2369 2923 bi
2396 2882 2518 2923 eum
2545 2866 2614 2932 ab
2655 2881 2717 2922 ea
2744 2864 3081 2930 exciderant,
3113 2873 3237 2918 tunc
3259 2870 3505 2933 quaerunt
3535 2878 3550 2917 :
3578 2861 3650 2916 ita

2069 2963 2230 3019 etiam
2255 2961 2436 3017 multis
2458 2975 2526 3017 ex
2551 2959 2702 3016 nobis
2728 2958 2960 3021 eveniet,
2987 2971 3108 3012 cum
3135 2957 3187 3012 in
3215 2956 3306 3012 illo
3330 2955 3417 3010 die
3441 2969 3470 3007 a
3499 2953 3652 3010 Jeru-

2069 3053 2236 3109 salem
2279 3050 2479 3108 etelesti
2519 3049 2892 3106 esciderimus.
2925 3043 3030 3102 Sed
3071 3045 3124 3100 hi
3166 3045 3377 3114 quidem
3404 3058 3524 3098 eum
3555 3058 3651 3098 ex-

2069 3143 2346 3211 cidissent,
2377 3156 2526 3213 spem
2557 3140 2822 3206 habebant
2847 3138 3050 3194 reditus
3070 3179 3085 3205 ,
3115 3137 3268 3192 nobis
3297 3146 3472 3191 autem
3502 3135 3651 3190 exci-

2070 3237 2317 3294 dentibus
2360 3233 2504 3290 nulla
2548 3233 2749 3305 reliqua
2787 3238 3032 3302 spesest
3074 3229 3415 3284 reversionis.
3457 3226 3651 3282 Vermis

2077 3333 2210 3385 enim
2244 3344 2414 3383 eorunt
2443 3343 2544 3380 non
2572 3325 2840 3389 morietur,
2874 3324 3079 3394 inquit,
3110 3332 3158 3376 et
3198 3322 3328 3392 ignis
3357 3337 3528 3375 eorum
3553 3337 3654 3375 non

2073 3420 2412 3490 exstinguetur
2441 3415 2630 3488 (Marc.
2654 3415 2708 3470 9.
2731 3412 2842 3485 l3).
2872 3413 2939 3467 Et
2966 3412 3088 3467 ideo
3111 3420 3322 3481 oportet
3345 3425 3444 3464 nos
3471 3419 3652 3464 nostra

2072 3509 2376 3580 diligentius
2403 3506 2712 3572 attendere,
2745 3512 2800 3559 et
2829 3505 2882 3558 in
2914 3503 3165 3574 praesenti
3195 3503 3299 3555 vita
3331 3501 3409 3556 sic
3435 3515 3530 3554 nos
3557 3514 3654 3570 ge-

2073 3618 2221 3668 rere,
2250 3611 2309 3656 ut
2332 3616 2440 3656 non
2481 3600 2647 3654 simus
2672 3595 2890 3668 captivi,
2933 3611 3034 3651 nec
3073 3594 3229 3649 alieni
3269 3609 3331 3648 ae
3371 3593 3561 3649 remoti
3589 3592 3658 3646 ab

2074 3696 2162 3752 illa
2194 3693 2498 3764 metropoli.
2531 3693 2586 3748 7.
2609 3691 2807 3746 Memor
2834 3699 2957 3756 esto,
2985 3688 3218 3752 Domine,
3246 3687 3470 3757 ﬁliorum
3492 3682 3658 3737 Edam

2073 3788 2130 3842 in
2153 3787 2237 3841 die
2258 3785 2542 3842 Jerusalem
2565 3799 2584 3838 :
2611 3783 2697 3853 qui
2723 3783 2934 3836 dicunt:
2962 3779 3235 3834 Exinanite
3251 3819 3267 3846 ,
3295 3777 3547 3832 exinanito
3569 3792 3657 3828 us-

2075 3892 2172 3949 que
2194 3875 2262 3930 ad
2288 3875 2618 3944 fundamenta
2643 3873 2772 3943 ejus.
2801 3871 2971 3935 Alius,
2995 3868 3147 3923 Filiis
3177 3866 3364 3922 Edam.
3393 3867 3504 3921 Hoc
3529 3879 3663 3935 quo-

2077 3982 2184 4040 que
2220 3965 2441 4022 verbum
2483 3971 2568 4019 est
2609 3976 2794 4018 eorum
2823 3961 2913 4031 qui
2955 3961 3349 4014 inﬂammantur
3392 3957 3660 4013 desiderio

2076 4057 2326 4116 civitatis.
2373 4056 2484 4110 Hoc
2512 4061 2595 4110 est
2632 4062 2810 4107 autem
2841 4050 2981 4121 quod
3010 4050 3194 4105 dicunt
3220 4068 3233 4104 :
3261 4049 3456 4104 Poenas
3483 4048 3554 4103 de
3581 4048 3661 4103 eis

2078 4161 2252 4214 sume,
2279 4147 2470 4220 quibus
2493 4159 2598 4199 non
2623 4141 2918 4198 sufﬁciebat
2937 4140 3078 4210 quod
3101 4148 3256 4209 capta
3281 4149 3426 4194 esset
3452 4139 3656 4202 civitas,

2080 4257 2183 4299 nec
2225 4239 2398 4296 satiati
2443 4245 2596 4294 erant
2637 4236 2753 4307 ejus
2791 4233 3094 4296 eversione,
3136 4231 3230 4287 sed
3277 4231 3563 4293 instabant,
3607 4239 3672 4284 et'

2080 4333 2350 4400 dicebant,
2375 4329 2601 4386 Eﬂ‘odite
2619 4326 2871 4398 quamdiu
2893 4324 3052 4380 fuerit
3073 4324 3126 4378 in
3146 4337 3210 4377 ea
3234 4321 3659 4376 fundamentum.

2082 4423 2377 4496 Cupiebant
2415 4421 2557 4476 enim
2594 4433 2664 4474 ne
2699 4418 2858 4474 bases
2896 4414 3110 4486 quidem
3152 4428 3370 4469 manere
3411 4410 3658 4478 civitatis,

2083 4515 2178 4573 sed
2206 4515 2288 4570 vel
2333 4515 2446 4584 ipsa
2476 4513 2592 4583 ejus
2619 4509 2962 4566 fundamenta
2987 4505 3233 4564 convelli.

2151 4608 2207 4663 2.
2239 4607 2303 4662 lli
2333 4615 2510 4661 autem
2538 4611 2692 4660 erant
2717 4601 2939 4666 Arabes,
2961 4599 3051 4670 qui
3077 4612 3182 4652 una
3213 4610 3332 4652 cum
3356 4593 3666 4666 Babyloniis

2085 4701 2299 4758 Judaos
2325 4700 2670 4754 invaserant:
2701 4707 2925 4764 quorum
2952 4691 3255 4761 frequenter
3278 4687 3522 4743 meminit
3541 4701 3666 4756 pro.

2084 4793 2266 4865 pheta,
2299 4802 2354 4848 et
2383 4804 2478 4845 eos
2504 4787 2658 4842 valde
2685 4783 3056 4857 reprehendit,
3096 4780 3239 4852 quod
3279 4795 3401 4835 cum
3431 4780 3666 4834 interce-

2085 4886 2237 4941 deret
2264 4884 2403 4937 inter
2431 4895 2526 4936 eos
2559 4877 2844 4948 cognatio,
2875 4875 3116 4930 hostibus
3155 4872 3304 4928 fuere
3340 4870 3661 4926 acerbiores.

2088 4977 2142 5032 8.
2171 4975 2308 5029 Filia
2333 4972 2607 5043 Babylonis
2646 4969 2850 5022 misera.
2881 4966 3059 5029 Alius,
3099 4963 3323 5019 Vastuta.
3364 4962 3535 5026 Alius,
3568 4959 3661 5013 Di-

2086 5065 2337 5138 ripienda.
2371 5064 2468 5120 llic
2493 5060 2782 5116 ostendens
2801 5059 2899 5116 Dei
2921 5058 3060 5113 vires
3086 5073 3190 5111 non
3214 5057 3266 5110 in
3300 5053 3612 5110 liberatione
3633 5064 3664 5103 a

2087 5161 2273 5226 malis,
2305 5157 2400 5214 sed
2439 5159 2492 5210 in
2518 5153 2770 5226 parandis
2795 5153 2860 5208 iis
2885 5151 3093 5206 insidiis
3121 5149 3210 5218 qui
3245 5148 3362 5202 illos
3390 5157 3666 5214 Oppugna-

2089 5261 2249 5318 runt,
2292 5248 2534 5320 praedicit
2575 5246 2835 5316 propheta
2874 5243 3009 5298 mala
3051 5255 3170 5314 quze
3211 5245 3367 5294 erant
3409 5241 3669 5291 eventura

2089 5343 2369 5418 Babyloni.
2399 5349 2454 5397 et
2480 5344 2635 5394 vocat
2671 5351 2788 5393 eam
2833 5335 3082 5390 miseram
3111 5335 3328 5400 propter
3367 5325 3665 5418 malaqua:

2090 5417 2235 5492 illam
2259 5441 2416 5491 erant
2444 5433 2688 5487 invasura
2720 5448 2733 5483 :
2765 5428 2818 5482 in
2848 5426 2949 5482 hoc
2971 5437 3182 5495 quoque
3209 5421 3406 5476 docens
3429 5417 3664 5484 Judzeos,

2158 5618 2171 5649 ι
2209 5613 2344 5670 Illud,
2366 5611 2486 5661 sicut
2505 5643 2520 5666 ,
2543 5605 2782 5670 adjectum
2805 5602 2893 5670 fuit
2915 5597 3176 5670 nonmodo
3196 5591 3243 5648 in
3263 5593 3496 5670 μοι,ςώ
3522 5596 3665 5670 etiam

2098 5664 2148 5730 in
2170 5660 2474 5728 «iisab-nm
2495 5660 3158 5733 Sytnntacbi,_The9doti0ttis,
3195 5660 3378 5733 quintae
3403 5668 3452 5711 et
3474 5667 3630 5712 sextae
3653 5668 3666 5710 :

2102 5724 2152 5788 in
2166 5724 2246 5794 his
2263 5737 2442 5800 quippe
2463 5724 2688 5783 omnibus
2711 5727 2880 5777 eadem
2901 5725 3046 5774 lectio
3069 5724 3373 5774 observatur.
