4116 6204
516 286 611 343 ιυῖ

509 411 561 452 «ιι
603 396 889 453 ostendens
939 395 1029 448 Dei
1055 378 1359 463 'potentiam
1399 407 1518 446 esse
1557 405 1650 459 per
1693 400 1857 444 totum
1895 389 2077 443 orbem

513 502 665 543 terrae
688 495 1007 558 porrectam.
1030 483 1215 538 Beatus
1241 486 1324 552 qui
1346 484 1581 536 retribuet
1598 480 1688 533 tibi
1712 480 2079 561 retributionem

511 594 668 646 tuam,
701 596 852 650 quam
879 578 1151 633 retribuisti
1177 577 1338 630 nobis.
1368 576 1549 639 Alius,
1584 572 1747 637 Quam
1780 584 1895 625 ante
1922 570 2082 642 fecisti

508 672 650 727 nobis
676 669 773 744 (a).
810 671 865 727 9.
890 669 1075 723 Beatus
1102 670 1185 738 qui
1211 666 1409 733 tenebit,
1440 676 1485 719 et
1511 663 1686 717 auidet
1712 664 1948 733 parvulos
1974 672 2084 714 tuos

510 765 580 816 ad
600 775 813 831 petram.
1250 776 1259 779 λ

584 855 959 923 Prophetarum
990 840 1216 905 mos.‘——
1240 849 1364 904 Huic
1394 846 1491 901 etsi
1536 846 1608 899 ira
1653 844 1803 913 plena
1843 851 1967 896 sum
1993 853 2084 893 ve-

512 947 851 1013 hementique
876 958 1029 1013 paena
1051 952 1103 996 et
1126 941 1383 1010 supplicio
1407 956 1419 991 :
1441 945 1563 992 sunt
1583 944 1757 990 tamen
1778 934 1935 989 verba
1960 946 2084 1001 per-

520 1038 836 1092 turbationis
861 1035 1024 1088 animi
1065 1034 1422 1102 captivorum,
1454 1030 1541 1100 qui
1569 1042 1811 1098 magnam
1856 1025 2085 1095 aliquam

514 1142 748 1195 pomum,
780 1134 833 1179 et
863 1122 1185 1178 horrendum
1218 1122 1517 1189 mirumque
1546 1116 2079 1187 supplicium‘postu-

513 1219 644 1272 lant.
676 1215 954 1285 Propheta:
975 1215 1114 1269 enim
1143 1212 1308 1266 multa
1336 1226 1477 1280 saepe
1506 1211 1791 1281 loquuntur
1816 1222 1923 1262 non
1948 1214 2086 1261 tant-

513 1324 672 1377 quam
703 1322 848 1374 suos,
880 1306 973 1361 sed
1000 1306 1223 1360 aliorum
1247 1304 1468 1359 allectus
1490 1311 1789 1370 narrantes,
1815 1308 1869 1357 et
1889 1301 1941 1355 in
1970 1315 2088 1355 me-

514 1400 659 1454 dium
706 1398 1010 1455 afferentes.
1057 1396 1112 1452 Si
1156 1396 1296 1450 enim
1345 1395 1459 1464 ejus
1497 1393 1691 1465 qureris
1737 1392 2087 1456 sententiam,

515 1492 699 1548 audies
727 1492 1011 1557 dicentem,
1044 1489 1105 1543 Si
1130 1488 1328 1542 reddidi
1374 1485 1757 1541 retribuentibus
1797 1485 1921 1538 mihi
1956 1484 2090 1537 mala

517 1584 691 1653 (Psal.
720 1586 773 1639 7.
801 1585 881 1654 Β),
919 1591 975 1638 et
997 1582 1080 1637 vel
1111 1581 1349 1644 modum,
1386 1580 1474 1649 qui
1502 1594 1529 1631 a
1557 1580 1671 1649 lege
1704 1587 1818 1634 erat
1840 1578 1887 1631 ei
1914 1577 2089 1641 datus,

517 1684 875 1746 superantem.
932 1672 1153 1741 Quando
1208 1681 1385 1727 autem
1438 1679 1621 1725 narrat
1667 1668 2091 1738 perturbationes

518 1767 680 1821 animi
708 1767 952 1829 aliorum,
976 1763 1230 1819 describit
1254 1764 1383 1817 iram
1411 1770 1465 1816 et
1484 1761 1749 1816 dolorem:
1773 1760 1913 1830 quod
1932 1759 2091 1814 etiam

519 1873 663 1913 nunc
692 1856 834 1922 fecit,
865 1854 1169 1911 Judteorum
1202 1853 1549 1922 cupiditatem
1581 1852 1633 1905 in
1664 1850 1898 1905 medium
1927 1848 2095 1903 addu-

520 1962 668 2010 cens,
698 1960 922 2015 quorum
963 1946 1040 1999 ira
1068 1945 1148 1998 vel
1174 1943 1240 1997 ad
1272 1942 1507 1997 infantia:
1533 1957 1698 2010 usque
1738 1947 1947 1995 aetatem
1973 1953 2095 2009 pro-

520 2037 763 2094 cedebat.
805 2036 1008 2091 Novum
1036 2050 1140 2089 non
1183 2035 1253 2088 ita
1284 2049 1342 2089 se
1381 2033 1560 2099 habet,
1598 2032 1690 2087 sed
1728 2032 1969 2086 inimicos
1995 2044 2094 2085 no-

521 2139 664 2185 stros
688 2136 740 2183 et
771 2141 1009 2196 pascere,
1038 2135 1093 2181 et
1114 2126 1190 2180 eis
1216 2125 1393 2179 cibum
1422 2123 1549 2178 dare
1572 2122 1839 2193 iubemur,
1868 2132 1919 2177 et
1940 2135 2096 2175 orare

523 2234 622 2290 pro
645 2218 724 2272 eis
744 2217 833 2287 qui
860 2231 956 2271 nos
976 2216 1227 2271 aerumnis
1253 2214 1509 2269 alliciunt.
1533 2213 1643 2267 lloc
1672 2221 1846 2266 autem
1874 2210 2095 2266 facimus

524 2316 743 2379 propter
768 2308 935 2377 legem
963 2322 1081 2376 qua:
1107 2316 1190 2360 est
1216 2306 1369 2359 nobis
1394 2304 1701 2359 constituta.
1726 2302 1978 2369 Quanam
1999 2316 2097 2356 au-

526 2411 632 2455 tem
659 2415 721 2454 ea
766 2402 882 2453 est?
910 2396 1027 2452 Nisi
1072 2398 1435 2460 abundaverit,
1466 2395 1654 2466 inquit,
1690 2395 1891 2465 justitia
1936 2403 2099 2448 vestra

527 2495 643 2565 plus
669 2509 818 2563 quam
841 2491 1117 2546 scribarum
1141 2500 1186 2542 et
1210 2488 1585 2545 Pharisaeorum
1600 2526 1617 2554 ,
1648 2504 1750 2542 non
1776 2487 2024 2541 intrabitis
2046 2487 2100 2540 in

527 2601 737 2655 regnum
762 2583 1002 2637 caelorum
1040 2580 1249 2654 (Matth.
1285 2581 1337 2635 5.
1374 2579 1486 2650 20).
1531 2579 1774 2650 Magnum
1820 2592 1946 2648 ergo
1988 2586 2098 2632 stu-

528 2675 672 2728 dium
694 2674 1060 2740 adhibeamus,
1090 2679 1145 2728 et
1170 2680 1333 2727 totam
1360 2686 1477 2727 eam
1506 2670 1715 2725 abunde
1729 2670 2097 2735 observemus,

529 2776 588 2820 ut
613 2765 703 2835 qui
728 2764 980 2833 deinceps
1005 2764 1058 2818 in
1086 2771 1228 2819 terra
1255 2772 1519 2833 tamquam
1550 2762 1602 2815 in
1628 2760 1760 2816 cado
1781 2760 2100 2824 habitemus,

530 2866 584 2911 et
611 2871 731 2911 cum
758 2855 962 2925 angelis
981 2854 1175 2909 choros
1199 2853 1477 2909 ducamus.
1510 2852 1584 2907 ita
1613 2852 1754 2906 enim
1772 2850 1945 2905 futura
1972 2864 2106 2920 quo-

530 2965 633 3020 que
673 2949 810 3003 bona
855 2962 1282 3018 consequemur:
1314 2960 1432 3015 quze
1468 2943 1624 2999 detur
1663 2943 1817 2998 nobis
1858 2940 2105 2996 omnibus

530 3040 773 3111 assequi,
818 3040 988 3110 gratia
1017 3049 1070 3093 et
1116 3035 1477 3092 misericordia
1522 3033 1732 3089 Domini
1775 3034 1942 3088 nostri
1979 3031 2107 3087 Jesu

530 3132 746 3200 Christi,
772 3132 858 3187 cui
882 3131 1048 3202 gloria
1069 3139 1123 3186 et
1147 3129 1425 3200 imperium
1454 3128 1508 3183 in
1536 3126 1731 3184 saecula
1762 3128 2103 3186 seculorum.

531 3224 700 3279 Amen
711 3262 724 3276 .

941 3311 1007 3368 IN
1045 3310 1165 3367 PSA
1174 3309 1367 3367 LMUM
1404 3308 1709 3366 CXXXVII.

680 3427 732 3480 Ι.
763 3423 1048 3493 Conﬁtebor
1067 3424 1172 3490 tibi,
1204 3421 1433 3489 Domine,
1456 3422 1510 3476 in
1540 3430 1643 3505 toto
1663 3422 1813 3476 corde
1832 3436 1961 3475 meo.

614 3560 664 3613 l.
696 3560 770 3613 De
816 3558 918 3613 hoc
956 3556 1096 3627 apud
1125 3571 1219 3612 vos
1257 3570 1400 3625 stepe
1447 3553 1695 3609 disserui.
1743 3551 2005 3620 Quocirca
2045 3564 2112 3606 eo

538 3650 904 3724 praetermisso
960 3650 1232 3704 veniemus
1273 3648 1341 3703 ad
1371 3648 1454 3715 id,
1484 3646 1623 3717 quod
1668 3655 1751 3701 est
1788 3644 2107 3716 proximum.

538 3741 674 3807 Quid
702 3742 802 3795 hoc
825 3741 925 3795 sibi
954 3741 1088 3808 vult,
1117 3740 1183 3794 Et
1211 3741 1265 3794 in
1283 3749 1553 3810 conspectu
1576 3738 1871 3808 angelorum
1897 3737 2113 3807 psallam

537 3831 666 3885 tibi?
690 3830 841 3897 Quod
864 3831 1078 3901 quidem
1106 3831 1240 3886 alius
1261 3830 1393 3885 dixit
1415 3830 1696 3898 interpres,
1729 3826 1921 3893 Libero,
1949 3825 2109 3894 Deus,

539 3939 722 3977 canam
743 3932 811 3978 te.
845 3923 1013 3989 Alius,
1049 3920 1113 3977 In
1139 3931 1410 3994 conspectu
1442 3920 1656 3975 deorum
1680 3919 1893 3975 cantabo
1923 3919 2029 3974 tibi.
2057 3921 2113 3977 Si

540 4030 671 4086 ergo
698 4016 842 4071 dicat
866 4016 1084 4085 angelos
1109 4016 1197 4086 qui
1225 4024 1348 4069 sunt
1376 4014 1430 4069 in
1457 4014 1631 4080 etelis,
1661 4022 1748 4069 est
1776 4013 1827 4068 id
1868 4012 2007 4083 quod
2036 4012 2116 4067 di-

539 4108 678 4162 citur
696 4107 957 4177 ejusmodi
982 4124 995 4159 :
1022 4105 1269 4161 Conabor
1295 4121 1490 4161 cauere
1514 4120 1637 4161 cum
1664 4106 1886 4176 angelis,
1909 4112 1965 4160 et
1992 4120 2114 4160 cum

541 4200 621 4254 eis
646 4198 972 4254 contendere
990 4238 1006 4265 ,
1028 4209 1087 4253 et
1110 4197 1333 4253 choreas
1358 4197 1552 4252 ducere
1587 4211 1710 4252 eum
1744 4196 1989 4268 supernis
2016 4211 2130 4267 pos

542 4291 847 4346 testatibus.
888 4289 999 4343 Etsi
1028 4290 1169 4344 enim
1214 4298 1402 4343 natura
1435 4286 1705 4353 diﬁ‘eram,
1730 4288 1893 4342 animi
1937 4296 2114 4344 tamen

538 4382 835 4447 alacritate,
862 4391 919 4434 ut
944 4394 1067 4435 cum
1112 4380 1191 4434 eis
1228 4388 1373 4433 stare
1411 4378 1645 4448 possim,
1685 4378 1993 4434 decertabo.
2022 4379 2117 4435 Sin

543 4482 719 4525 autem
752 4471 1074 4540 accipiamus
1097 4469 1238 4540 quod
1272 4469 1469 4524 dictum
1499 4478 1669 4524 estex
1698 4469 1921 4525 aliorum
1949 4470 2118 4526 inter-

546 4566 864 4633 pretatione,
891 4562 1102 4618 videtur
1144 4561 1271 4617 mihi
1311 4561 1490 4616 dicere
1527 4560 1595 4616 de
1636 4559 2032 4626 sacerdotibus,
2066 4561 2118 4616 id

545 4653 687 4722 quod
712 4653 781 4708 de
803 4653 904 4707 diis
928 4653 1138 4708 dicitur.
1165 4653 1315 4708 Solet
1331 4654 1471 4707 enim
1496 4650 1766 4722 Scriptura
1787 4653 2116 4709 sacerdotem

546 4758 743 4799 vocare
775 4752 829 4799 et
855 4745 1103 4813 angelum
1134 4754 1187 4799 et
1213 4744 1373 4799 deum
1408 4762 1421 4799 :
1461 4759 1605 4799 nunc
1632 4744 1846 4815 quidem
1888 4744 2069 4800 dicens
2100 4764 2116 4802 :

547 4835 663 4890 Diis
688 4853 789 4890 non
814 4837 1101 4901 maledices,
1129 4846 1176 4891 et
1201 4836 1416 4907 principi
1440 4837 1616 4908 populi
1636 4836 1709 4891 tui
1733 4852 1834 4891 non
1854 4836 2121 4892 maledices

553 4927 747 4998 (Exod.
782 4927 872 4981 22.
898 4927 989 4997 28)
1016 4946 1029 4980 :
1058 4944 1197 4985 nunc
1229 4936 1402 4984 autem
1437 4928 1647 4985 :Labia
1679 4929 1996 4983 sacerdotum
2024 4944 2121 4983 cu-

549 5019 769 5073 stodiant
801 5020 1081 5089 judicium,
1112 5029 1159 5073 et
1184 5036 1248 5074 ex
1274 5036 1360 5074 ore
1401 5020 1511 5091 ejus
1548 5021 1807 5089 exquirent
1838 5021 2118 5090 justitiam,

549 5111 789 5181 quoniam
803 5110 1096 5182 estsngelus
1108 5109 1315 5164 Domini
1326 5112 1677 5182 omnipotentis
1691 5110 1943 5182 (Malach.
1962 5111 2018 5165 2.
2038 5113 2118 5182 7).

551 5204 608 5261 Si
634 5205 792 5260 liceat
823 5219 951 5274 ergo
989 5204 1092 5258 boc
1124 5204 1196 5258 ita
1232 5203 1494 5273 accipere,
1523 5203 1648 5258 illud
1676 5212 1889 5275 oportet
1928 5204 2122 5260 intelli-

552 5312 675 5366 gere
707 5314 723 5352 :
747 5295 876 5351 Cum
904 5296 1288 5363 sacerdotibus,
1311 5296 1441 5365 ipsis
1460 5295 1829 5352 inchoantibus
1848 5305 1902 5353 et
1925 5312 2125 5367 praece-

551 5387 817 5453 dentibus,
842 5403 962 5442 cum
988 5402 1054 5444 eo
1072 5403 1177 5458 quo
1199 5402 1293 5458 par
1315 5396 1399 5442 est
1421 5386 1608 5443 ordine
1631 5402 1842 5457 sequar,
1861 5398 1915 5443 et
1933 5403 2122 5445 cauam

559 5479 693 5533 tibi:
728 5478 981 5545 Quoniam
1023 5480 1210 5535 audisti
1247 5480 1417 5534 omnia
1450 5479 1598 5533 verba
1640 5478 1744 5533 oris
1771 5481 1890 5534 mei.
1932 5480 2123 5537 Vidisti

553 5585 800 5638 magnam
823 5572 1107 5639 gratiarum
1131 5572 1425 5627 actionem?
1456 5570 1632 5627 vidisti
1658 5587 1920 5627 summam
1948 5582 2125 5631 atten-

616 5682 690 5747 (ai
723 5688 833 5733 Haec
854 5685 1186 5747 interpretatio
1200 5689 1338 5751 juxta
1360 5700 1513 5751 quem
1527 5687 1591 5738 sit
1611 5687 1905 5749 ignoramus.

1216 283 1271 337 S.
1314 279 1589 336 JDANNIS
1626 274 2103 335 CIIRYSOSTOMI
2148 275 2461 331 ARCHIEP.
2498 275 3029 334 CONSTANTINOP.

2188 387 2425 441 tionem?
2448 386 2563 442 Non
2592 389 3039 457 quemadmodum
3069 388 3310 443 nonnulli
3343 388 3529 444 molles
3555 400 3608 443 et
3636 391 3751 445 dis-

2185 477 2367 543 soluti,
2407 479 2496 547 qui
2527 487 2811 547 antequam
2854 478 3069 548 quidem
3108 478 3397 548 aceipiant,
3439 480 3753 535 suntvehc-

2186 581 2428 639 mentes,
2460 581 2735 642 postquam
2777 582 2953 627 autem
2995 573 3316 641 acceperint,
3360 570 3754 641 languescunt:

2186 662 2282 716 sed
2311 662 2396 717 hic
2418 662 2631 732 quidem
2649 672 2703 718 et
2720 672 3002 733 antequam
3024 662 3305 733 acceperit,
3338 672 3510 734 urget,
3532 672 3587 718 et
3604 675 3753 733 post-

2188 768 2346 823 quam
2387 755 2622 823 accepit,
2653 759 2876 825 'perstat
2919 768 3084 823 agens
3127 755 3340 811 assidue
3380 754 3595 826 gratias.
3622 753 3759 809 Hine

2187 849 2362 897 autem
2380 843 2677 899 ostenditur
2694 856 2815 900 eum
2831 860 2991 916 puras
3010 855 3064 902 et
3082 843 3309 917 optimas
3330 857 3516 914 preces
3535 842 3755 907 fudisse.

2189 948 2255 987 ex
2281 948 2347 989 eo
2375 934 2514 1003 quod
2555 948 2586 987 a
2622 934 2732 989 Deo
2757 935 2828 989 sit
2853 934 3082 990 auditus.
3130 932 3243 989 Hoc
3264 934 3405 989 enim
3446 933 3677 988 maxime
3704 940 3762 987 ut

2189 1022 2468 1078 audiamur
2495 1022 2679 1091 efﬁcit,
2699 1024 2910 1094 quando
2934 1038 3120 1095 preces
3144 1024 3194 1080 ei
3220 1032 3383 1095 gratae
3409 1021 3629 1079 fuerint.

2267 1113 2335 1169 Ut
2366 1130 2398 1167 a
2434 1113 2541 1169 Deo
2581 1114 2909 1171 exaudiamur
2940 1117 2995 1170 in
3030 1115 3170 1171 nobis
3205 1124 3298 1170 est.
3324 1144 3397 1160 —
3419 1114 3573 1172 Unde
3601 1111 3762 1170 etiam

2193 1212 2275 1260 est
2298 1205 2350 1259 in
2377 1214 2553 1260 nostra
2582 1212 2842 1276 potestate
2864 1215 2921 1262 ut
2943 1206 3236 1262 audiamur.
3262 1205 3484 1274 Quando
3507 1204 3654 1262 enim
3680 1220 3763 1274 pe-

2193 1296 2355 1353 timus
2383 1308 2500 1368 qute
2532 1313 2563 1353 a
2592 1299 2699 1354 Deo
2725 1298 2838 1353 dari
2869 1314 2963 1369 par
2986 1305 3097 1365 est,
3125 1298 3334 1369 quando
3358 1298 3520 1353 alacri
3548 1298 3728 1353 animo
3746 1339 3763 1362 ,

2193 1387 2403 1458 quando
2443 1403 2541 1443 nos
2584 1388 2877 1458 praebemus
2913 1387 3100 1460 dignos
3124 1386 3213 1458 qui
3240 1387 3592 1459 accipiamus,
3620 1387 3766 1443 audit

2193 1488 2442 1542 vocatus,
2474 1486 2526 1533 et
2563 1477 2747 1547 implet
2780 1477 2922 1548 quod
2959 1479 3171 1549 petitur.
3198 1477 3255 1532 2.
3284 1478 3516 1533 Adorabo
3539 1478 3609 1532 ad
3643 1487 3766 1533 tem-

2195 1571 2336 1643 plum
2360 1577 2585 1624 sanctum
2610 1580 2769 1624 tuum.
2791 1568 2905 1626 Non
2933 1583 3013 1627 eSt
3038 1571 3138 1627 hoc
3161 1586 3367 1642 quoque
3390 1586 3551 1641 parva
3575 1571 3765 1637 virtus,

2193 1675 2351 1731 posse
2378 1660 2631 1729 templum
2670 1660 2956 1717 ascendere
2974 1701 2990 1728 ,
3014 1670 3067 1716 et
3094 1661 3464 1718 ascendentem
3489 1675 3611 1718 cum
3638 1672 3767 1734 pura

2195 1750 2418 1806 adorare
2442 1751 2785 1805 conscientia.
2807 1749 2921 1805 Non
2944 1752 3083 1806 enim
3108 1752 3322 1808 ﬂectere
3345 1764 3537 1824 genua,
3564 1766 3667 1809 nec
3691 1753 3771 1808 in-

2195 1840 2340 1912 gredi
2365 1882 2380 1905 ,
2408 1850 2490 1897 est
2519 1841 2571 1896 id
2599 1840 2739 1911 quod
2762 1840 3012 1912 quaeritur
3030 1881 3047 1909 ,
3075 1841 3169 1897 sed
3203 1854 3324 1898 eum
3363 1843 3473 1898 acri
3510 1850 3691 1899 mente
3717 1851 3771 1899 et

2196 1931 2400 1986 intento
2426 1932 2605 1987 animo
2625 1973 2640 1999 ,
2668 1946 2772 1987 non
2799 1946 3021 2001 corpore
3046 1931 3218 1988 solum
3239 1974 3254 1999 ,
3286 1931 3380 1988 sed
3408 1942 3587 1989 mente
3610 1934 3768 1989 etiam

2199 2021 2342 2077 intus
2376 2036 2495 2077 esse
2523 2040 2538 2077 :
2563 2022 3007 2092 quemadmodum
3046 2036 3145 2079 nec
3186 2034 3346 2093 parva
3384 2031 3467 2079 est
3502 2023 3772 2095 dignitas,

2196 2112 2562 2168 universorum
2589 2112 2754 2168 Deum
2776 2121 2830 2168 ut
2851 2112 3006 2169 decet
3027 2112 3272 2169 adorare.
3300 2112 3355 2168 Si
3381 2113 3521 2169 enim
3551 2114 3604 2170 in
3634 2118 3775 2186 regi-

2196 2202 2297 2258 bus
2326 2202 2428 2258 hoc
2455 2217 2551 2273 pro
2579 2202 2780 2259 honore
2803 2202 3032 2269 ducitur,
3061 2204 3230 2259 multo
3255 2204 3419 2274 magis
3440 2204 3493 2259 in
3522 2202 3632 2260 Deo
3656 2204 3776 2259 nni-

2201 2308 2495 2350 versorum.
2524 2293 2589 2348 Et
2616 2295 2886 2364 conﬁtebor
2913 2294 3103 2349 nomini
3131 2303 3216 2349 tuo
3246 2311 3396 2366 super
3429 2295 3775 2350 misericordia

2202 2395 2289 2439 tua
2322 2394 2374 2440 et
2409 2386 2611 2440 veritate
2645 2393 2751 2441 tua.
2781 2385 2917 2453 Quid
2945 2385 3045 2441 boc
3081 2386 3198 2441 est?
3224 2386 3388 2457 Agam
3410 2428 3425 2452 ,
3451 2386 3654 2457 inquit,
3683 2385 3775 2442 tibi

2201 2476 2433 2545 gratias,
2470 2475 2611 2546 quod
2653 2491 2896 2547 magnam
2943 2485 3084 2532 tuam
3133 2476 3237 2532 mei
3273 2491 3452 2532 curam
3490 2478 3774 2533 senserim.

2202 2565 2317 2621 Non
2346 2566 2486 2620 enim
2512 2581 2577 2622 ex
2606 2567 2834 2637 propriis
2857 2577 3005 2624 recte
3041 2566 3191 2622 factis
3229 2577 3583 2638 consequutus
3620 2582 3739 2623 sum
3758 2606 3775 2633 ,

2204 2665 2263 2711 ut
2287 2657 2506 2726 patriam
2538 2657 2851 2726 reciperem,
2883 2665 2938 2712 et
2964 2658 3213 2727 templum
3238 2659 3549 2727 aspicerem,
3582 2656 3674 2711 sed
3708 2673 3774 2710 ex
3842 2694 3857 2701 -

2205 2746 2564 2803 misericordia
2593 2756 2647 2802 et
2673 2747 2951 2803 clementia
2983 2756 3090 2802 tua.
3122 2747 3344 2817 Propter
3370 2745 3486 2802 haec
3513 2758 3564 2801 te
3589 2745 3778 2800 adora-

2206 2837 2275 2892 bo
2296 2878 2313 2905 ,
2341 2846 2557 2907 propter
2586 2836 2700 2893 hace
2726 2837 2819 2893 tibi
2844 2837 3161 2903 conﬁtebor,
3192 2838 3331 2908 quod
3370 2852 3488 2892 cum
3531 2850 3686 2906 paena
3726 2846 3777 2891 et

2207 2930 2465 2999 supplicio
2488 2929 2676 3001 dignus
2701 2944 2895 2996 essem,
2918 2938 2971 2984 et
2996 2939 3054 2985 ut
3079 2930 3131 2983 in
3157 2930 3328 2984 aliena
3355 2930 3567 2999 regione
3592 2941 3779 2998 perpe-

2207 3030 2300 3076 tuo
2324 3021 2596 3093 degerem,
2624 3036 2712 3077 me
2738 3022 2843 3078 cito
2867 3022 3144 3078 reduxisti.
3171 3022 3417 3089 Quoniam
3444 3020 3780 3093 magniﬁcasti

2206 3129 2359 3183 super
2385 3130 2529 3168 omne
2549 3130 2729 3169 nomen
2751 3124 2978 3169 sanctum
2999 3122 3156 3169 tuum.
3183 3113 3332 3182 Quod
3354 3113 3500 3180 dicit,
3527 3122 3609 3169 est
3633 3113 3780 3182 ejus-

2209 3206 2350 3263 modi
2383 3225 2396 3262 :
2429 3206 2544 3262 Non
2582 3221 2732 3277 agam
2776 3206 2917 3264 enim
2958 3207 3290 3263 solummodo
3327 3207 3522 3278 gratias
3564 3214 3783 3276 propter

2209 3296 2467 3352 beneﬁcia
2489 3338 2505 3362 ,
2534 3296 2629 3352 sed
2656 3297 2812 3352 etiam
2844 3306 3060 3368 propter
3097 3299 3261 3367 ipsam
3290 3295 3509 3368 gloriam
3537 3294 3779 3351 ineﬁ'abi-

2210 3388 2338 3455 lem,
2366 3396 2421 3444 et
2445 3389 2701 3443 inﬁnitam
2729 3388 3191 3457 magniﬁcentiam,
3219 3397 3274 3444 et
3297 3395 3535 3442 naturam
3565 3386 3782 3442 inenar-

2211 3479 2453 3534 rabilem.
2483 3479 2820 3559 Magniﬁcasti
2854 3481 3012 3546 enim,
3042 3481 3227 3551 inquit,
3259 3496 3408 3550 super
3436 3496 3581 3535 omne
3604 3496 3785 3535 nomen

2212 3578 2441 3623 sanctum
2467 3579 2607 3623 tuum
2635 3586 2654 3624 :
2681 3569 2785 3626 hoc
2817 3582 2919 3637 est,
2952 3586 3047 3641 per
3072 3571 3348 3637 beneﬁcia,
3380 3586 3475 3642 per
3497 3572 3782 3638 elementa,

2212 3675 2310 3731 per
2334 3674 2397 3716 ea
2422 3675 2538 3730 quae
2564 3669 2689 3739 sunt
2724 3661 2777 3715 in
2816 3661 2992 3727 cmlis,
3022 3676 3120 3732 per
3143 3677 3205 3718 ea
3232 3678 3350 3733 qua:
3375 3671 3499 3718 sunt
3527 3662 3580 3717 in
3608 3670 3747 3718 terra
3767 3703 3783 3727 ,

2215 3768 2312 3824 per
2339 3768 2555 3824 pmnas,
2585 3768 2684 3825 per
2710 3768 2773 3809 ea
2801 3769 2917 3824 qua:
2948 3754 3078 3809 ﬁunt
3110 3754 3165 3809 in
3200 3755 3382 3811 hostes
3400 3796 3415 3821 ,
3454 3769 3551 3825 per
3576 3769 3638 3810 ea
3666 3769 3784 3825 qua:

2216 3843 2350 3899 ﬁunt
2386 3844 2439 3901 in
2480 3843 2784 3900 familiares.
2815 3843 2966 3900 Nulla
3007 3854 3090 3901 est
3124 3845 3262 3901 enim
3302 3860 3423 3916 pars
3450 3853 3706 3901 creaturae
3733 3853 3787 3899 et

2214 3953 2457 4008 superna:
2486 3945 2541 3995 et
2577 3937 2797 3994 infernae
2816 3980 2831 4004 ,
2862 3952 2980 4009 quae
3008 3953 3114 3994 non
3151 3938 3355 3993 emittat
3392 3952 3573 3993 vocem
3602 3939 3786 4009 quavis

2217 4030 2341 4086 tuba
2366 4030 2667 4094 clariorem,
2694 4029 3067 4100 praedicantem
3092 4030 3321 4084 nominis
3347 4029 3422 4085 tui
3448 4029 3787 4101 magniﬁceno

2217 4122 2364 4175 tiam.
2400 4120 2523 4177 Sive
2568 4134 2696 4191 ergo
2739 4120 2956 4191 angelos
2993 4119 3223 4186 dixeris,
3254 4120 3369 4175 sive
3405 4121 3748 4190 archangelos
3770 4161 3784 4184 ,

2217 4214 2331 4269 sive
2359 4212 2631 4268 daemones
2651 4254 2666 4281 ,
2697 4213 2807 4267 sive
2834 4212 3094 4266 elementa
3123 4211 3448 4270 insensibilia
3469 4252 3483 4276 ,
3512 4210 3625 4267 sive
3661 4212 3787 4281 lapi-

2218 4302 2333 4369 des,
2357 4302 2469 4358 sive
2486 4304 2711 4370 semina,
2734 4302 2845 4357 sive
2871 4301 3059 4366 solem,
3085 4299 3196 4356 sive
3216 4288 3413 4367 lunani,
3436 4300 3548 4358 sive
3569 4311 3786 4367 terram,

2219 4394 2331 4448 sive
2357 4395 2542 4459 maria,
2570 4393 2681 4448 sive
2705 4392 2896 4461 pisces,
2924 4391 3036 4447 sive
3064 4391 3324 4458 volucres,
3356 4392 3467 4447 sive
3491 4391 3657 4458 lacus,
3679 4391 3790 4445 sive

2221 4483 2416 4550 fontes,
2445 4485 2560 4538 sive
2587 4482 2773 4538 ﬂuvios
2796 4501 2811 4537 :
2834 4498 2930 4553 per
2954 4483 3132 4537 omnia
3157 4498 3347 4538 nomen
3375 4491 3522 4538 tuum
3546 4497 3789 4553 magnum

2221 4577 2536 4632 ostenditur.
2571 4576 2719 4630 Alius
2760 4583 2934 4630 autem
2974 4590 3073 4646 pro
3101 4575 3192 4631 illo
3214 4617 3229 4642 ,
3269 4574 3610 4647 Magniﬁcasti
3644 4586 3792 4643 super

2222 4684 2369 4723 omne
2394 4684 2570 4721 nomen
2601 4676 2827 4722 sanctum
2855 4676 3012 4733 tuum,
3043 4668 3117 4722 ait
3142 4685 3158 4722 :
3187 4666 3525 4739 Magni/icasti
3552 4666 3683 4720 enim
3710 4682 3793 4719 su-

2224 4777 2313 4832 per
2350 4760 2518 4814 omnia
2557 4760 2759 4814 nomina
2785 4770 2870 4813 tua
2896 4760 3100 4815 verbum
3128 4771 3290 4814 tuum.
3320 4758 3495 4822 Alius,
3525 4757 3793 4827 Eloquium

2226 4860 2387 4906 tuum.
2410 4851 2464 4906 '5.
2494 4849 2559 4904 In
2584 4867 2892 4921 quacumque
2917 4851 2998 4905 die
3030 4851 3320 4905 invocavero
3346 4859 3418 4916 te,
3447 4849 3679 4904 velociter
3706 4865 3795 4902 es:-

2225 4942 2349 4996 audi
2375 4959 2471 4997 me.
2500 4942 2650 4997 Alius
2677 4943 2752 5012 (a)
2772 4983 2787 5008 ,
2820 4941 2886 4997 In
2914 4958 3224 5013 quacumque
3249 4943 3330 4996 die
3356 4941 3578 4996 invocavi
3608 4949 3681 5003 te,
3713 4955 3797 4993 ea:-

2226 5033 2411 5087 audisti
2435 5049 2532 5087 me.
2565 5033 2675 5088 lloc
2698 5035 2856 5087 etiam
2888 5033 3025 5088 Deus
3050 5033 3311 5102 pollicitus
3336 5040 3449 5098 est,
3479 5030 3661 5087 dicens
3691 5046 3704 5082 :
3734 5027 3797 5082 In

2226 5139 2535 5195 quacumque
2558 5123 2639 5176 die
2662 5124 2965 5177 invocaveris
2992 5140 3070 5176 me
3088 5165 3103 5190 ,
3133 5123 3398 5178 exaudiam
3424 5132 3501 5186 te,
3530 5131 3577 5177 et
3603 5121 3765 5175 dicam
3782 5158 3799 5184 ,

2227 5214 2360 5268 Ecce
2388 5215 2614 5285 loquente
2643 5223 2690 5268 te
2713 5214 2891 5268 adsum
2922 5212 3086 5287 (lsai.
3115 5216 3203 5270 58.
3234 5214 3324 5283 6).
3352 5213 3470 5282 Ipse
3494 5212 3673 5283 itaque
3701 5210 3799 5264 hoc

2227 5304 2381 5375 petit.
2412 5304 2568 5359 Tales
2591 5304 2731 5359 enim
2759 5314 2883 5359 sunt
2911 5304 3101 5359 animae
3120 5346 3135 5372 ,
3166 5320 3282 5375 quae
3306 5303 3490 5358 dolore
3514 5303 3694 5373 aliquo
3718 5300 3795 5355 al-

2230 5397 2477 5451 ﬁciuntur
2502 5413 2516 5449 :
2541 5396 2725 5449 volunt
2750 5396 2931 5451 videre
2969 5410 3027 5449 se
3065 5411 3222 5466 quam
3262 5394 3491 5463 primum
3529 5390 3742 5447 liberari
3768 5405 3796 5442 a

2229 5485 2403 5541 malis.
2427 5485 2789 5555 Multiplicabis
2808 5502 2886 5539 me
2906 5486 2957 5539 in
2978 5486 3145 5538 anima
3172 5500 3280 5539 mea
3304 5483 3481 5537 uirtute
3500 5490 3608 5538 tua.
3633 5481 3799 5544 Alius,

2233 5575 2546 5632 Constituisti
2564 5577 2616 5629 in
2640 5577 2810 5629 anima
2831 5592 2938 5629 mea
2960 5577 3180 5630 uirtutes.
3210 5575 3339 5631 Nam
3359 5573 3499 5648 quod
3525 5580 3607 5630 est
3635 5572 3797 5645 prius,

2296 5688 2369 5752 (a)
2405 5688 2488 5738 Hic
2508 5692 2752 5748 interpres
2773 5689 2882 5751 quis
2903 5688 2965 5737 sit
2987 5687 3215 5736 nescitur.

3365 5827 3375 5833 .
3384 5812 3445 5834 (θ’
