4134 6210
423 279 527 364 ms

353 383 373 488 λ
423 418 630 475 Exaudi
664 434 774 486 me,
804 418 940 475 alius
975 419 1145 487 dixit,
1175 417 1441 474 Exaudisti
1477 437 1572 474 me.
1602 418 1736 487 Quid
1762 427 1842 474 est
1865 399 1990 486 ergo

421 509 560 579 quod
585 509 783 565 dictum
813 509 927 566 est?
952 509 1081 576 Qua:
1114 517 1238 564 sunt
1274 509 1379 563 alta
1404 517 1457 564 et
1482 510 1722 564 sublimia
1749 509 1994 563 dicuntur

420 599 603 655 Graece
631 609 886 665 meteora,
911 615 942 655 a
971 601 1134 656 verbo
1158 606 1393 671 αιρεσθαι,
1417 606 1470 652 ει
1491 599 1808 653 elevationes
1831 598 1994 652 maris

309 727 322 734 -
419 690 666 744 dicuntur
685 689 874 744 ﬁuctns
898 698 952 744 ct
969 690 1335 755 exaltationes,
1358 688 1424 742 ab
1442 702 1507 742 eo
1530 687 1668 757 quod
1691 696 1775 742 est
1798 686 1992 742 elevari

421 788 473 836 et
497 781 744 836 exaltari.
766 781 900 836 Illud
927 797 1052 850 ergo
1073 791 1380 850 πολυωρήσεις
1404 779 1540 833 idem
1565 787 1647 833 est
1668 793 1730 833 ac
1755 778 1798 832 si
1823 778 1990 846 dicas,

421 874 687 930 Exaltabis
713 889 814 936 me,
842 873 1080 928 Extolles
1103 889 1206 927 me.
1236 872 1348 927 Hoc
1373 871 1542 941 ipsum
1572 879 1744 925 autem
1771 870 1986 924 verbum

421 967 598 1035 posuit
624 967 764 1024 alibi.
783 965 964 1020 diosus
986 981 999 1017 :
1024 964 1312 1020 Secundum
1339 961 1650 1016 altitudinem
1676 972 1812 1016 tuam
1837 972 1985 1016 extu-

421 1057 523 1110 iisti
552 1053 684 1123 ﬁlios
723 1056 973 1108 hominum
1003 1055 1024 1122 (
1047 1053 1186 1108 Psal.
1222 1055 1306 1108 Η.
1334 1051 1422 1123 9),
1452 1051 1538 1106 ubi
1565 1061 1644 1107 est
1669 1052 1850 1107 Grzece
1875 1057 1990 1106 iac-

421 1155 657 1216 λυώρησας
680 1163 693 1199 :
717 1145 817 1200 hoc
845 1153 959 1210 est,
991 1143 1253 1205 Elevasti,
1285 1141 1549 1199 Extulisti.
1581 1141 1651 1196 Ita
1679 1144 1834 1197 etiam
1859 1141 1994 1196 dixit

421 1234 548 1289 illud
571 1242 879 1306 πολυωρήσιις
901 1257 978 1302 με,
1007 1243 1063 1288 ιιι
1087 1232 1425 1303 signiﬁcaret,
1453 1231 1698 1300 lmplebis
1719 1248 1803 1286 me
1827 1232 1992 1286 multo

419 1324 645 1394 gaudio,
685 1325 1064 1392 sublimemque
1102 1329 1156 1376 et
1195 1331 1428 1376 erectum
1474 1321 1604 1375 mihi
1647 1320 1836 1375 reddes
1873 1320 1990 1374 ani—

422 1431 588 1482 mum,
616 1423 669 1470 et
691 1415 830 1484 quod
855 1423 936 1469 est
963 1413 1194 1469 omnium
1222 1413 1530 1475 maximum,
1559 1427 1665 1466 non
1690 1411 1832 1466 sines
1854 1409 1992 1466 hanc

420 1521 593 1560 meam
635 1506 1005 1560 exaltationem
1048 1514 1102 1559 et
1147 1504 1376 1559 ltetitiam
1425 1517 1546 1558 esse
1596 1501 1892 1572 languidam
1937 1509 1993 1556 et

421 1595 760 1660 imbecillam,
789 1595 880 1651 sed
908 1604 1193 1665 potentem,
1223 1594 1465 1657 validam,
1492 1593 1696 1648 ﬁrmam
1723 1601 1776 1648 et
1803 1594 1991 1646 immo-

420 1684 601 1739 bilem.
635 1685 744 1740 lloc
771 1685 912 1740 enim
937 1685 1038 1740 sibi
1065 1685 1174 1739 vult
1206 1681 1352 1749 illud,
1385 1682 1608 1738 Eztolles
1635 1699 1712 1736 me
1738 1683 1789 1737 in
1814 1683 1984 1736 anima

421 1792 530 1829 utea
557 1776 777 1844 potentia
805 1784 914 1829 tua.

489 1866 542 1920 2.
577 1867 780 1937 Afﬂictis
809 1866 942 1921 Deus
963 1866 1120 1921 adest.
1142 1895 1212 1907 —
1235 1864 1344 1920 Hoc
1369 1874 1450 1920 est
1474 1873 1648 1919 autem
1675 1864 1816 1934 quod
1839 1864 1986 1933 dicit,

419 1955 656 2010 Extolles
683 1970 770 2010 me
812 1955 1044 2024 potentia
1067 1997 1083 2022 ,
1114 1955 1313 2010 viribus
1344 1956 1516 2025 eriges
1536 1996 1550 2020 ,
1582 1962 1639 2010 et
1677 1953 1802 2010 mihi
1832 1970 1987 2024 opem

419 2044 576 2100 feres.
625 2046 880 2112 Quocirca
923 2046 1061 2102 alius
1105 2060 1314 2116 quoque
1360 2047 1621 2116 interpres
1671 2045 1774 2100 hoc
1818 2046 1987 2116 ipsum

417 2136 724 2204 ostendens,
753 2137 906 2203 dixit,
933 2137 1245 2190 Constituisti
1279 2137 1462 2190 anirme
1486 2151 1610 2190 mete
1633 2137 1856 2191 uirtutes.
1888 2137 1991 2191 lie-

417 2236 502 2282 cte
529 2237 706 2282 autem
742 2227 909 2294 dixit,
946 2228 1140 2281 Animis
1165 2242 1320 2293 mea,
1351 2227 1493 2296 quod
1521 2236 1602 2282 est
1630 2227 1858 2282 maxime
1895 2227 1988 2281 Dei

421 2319 712 2388 prOprium,
745 2333 988 2374 recreare
1013 2319 1218 2374 animos
1245 2319 1297 2372 in
1323 2318 1711 2386 afﬂictionibus,
1738 2317 1991 2389 quemad-

420 2409 632 2463 modum
662 2408 821 2464 etiam
859 2409 1034 2464 evenit
1072 2409 1124 2463 in
1153 2409 1427 2478 apostolis.
1462 2409 1666 2478 Flagris
1693 2410 1832 2464 enim
1865 2409 1994 2464 επεὶ

421 2498 822 2554 revertebantur
838 2500 1148 2569 gaudentes,
1172 2501 1241 2554 ita
1263 2515 1444 2555 eorum
1469 2499 1765 2568 erigebatur
1783 2499 1990 2554 animus

422 2587 570 2654 (Act.
598 2589 651 2642 ii.
681 2590 806 2660 41).
842 2590 955 2644 Hoc
979 2599 1059 2646 est
1088 2591 1169 2645 vel
1199 2589 1442 2644 maximae
1475 2589 1720 2658 potentia:
1751 2588 1842 2644 Dei
1869 2603 1988 2642 mn-

422 2695 550 2745 nus;
579 2680 680 2736 hoc
705 2681 756 2735 in
783 2682 970 2752 primis
987 2681 1216 2736 ostendit
1237 2681 1353 2749 ejus
1377 2681 1534 2744 vires,
1559 2678 1698 2749 quod
1724 2679 1776 2732 in
1802 2677 1990 2733 modiis

422 2774 573 2829 malis
604 2782 657 2828 et
695 2774 942 2844 periculis
975 2787 1080 2827 non
1117 2773 1238 2826 sinit
1264 2771 1417 2838 dejici
1445 2770 1699 2825 animum.
1733 2770 1786 2822 4.
1815 2768 1990 2836 Con/i-

420 2873 614 2920 teantur
637 2863 741 2929 tibi,
770 2863 1002 2926 Domine,
1031 2879 1199 2918 onmes
1225 2878 1364 2933 reges
1388 2874 1553 2926 terrae,
1578 2861 1698 2928 quia
1725 2859 1991 2912 audierunt

419 2958 587 3010 omnia
615 2957 758 3010 verba
785 2957 888 3009 oris
919 2957 1009 3008 tui.
1047 2955 1176 3009 Vide
1196 2969 1350 3024 quam
1377 2955 1445 3008 sit
1475 2953 1542 3022 pii
1569 2962 1623 3007 et
1644 2952 1779 3022 grati
1803 2952 1986 3008 animi.

419 3049 530 3102 Non
559 3048 686 3101 satis
712 3046 904 3112 habet,
934 3046 978 3101 si
1004 3046 1147 3101 solus
1169 3054 1289 3116 agat
1311 3045 1504 3113 gratias
1521 3085 1537 3110 ,
1566 3044 1658 3098 sed
1685 3045 1843 3099 etiam
1870 3057 1989 3098 om-

419 3155 514 3194 nes
533 3140 620 3208 qui
645 3139 972 3193 dominatum
997 3137 1254 3200 obtinent,
1280 3144 1431 3190 vocat
1451 3133 1518 3189 ad
1544 3135 1849 3190 societatem
1869 3149 1990 3204 gra-

420 3231 610 3283 tiarum
633 3227 876 3291 actionis,
904 3234 959 3281 et
986 3226 1129 3296 ipsos
1152 3226 1308 3280 etiam
1330 3225 1416 3295 qui
1441 3231 1649 3294 gestant
1670 3223 1986 3278 diademata.

420 3321 531 3375 Etsi
556 3319 696 3374 enim
726 3332 914 3388 magna
942 3318 1038 3382 sit,
1072 3316 1272 3386 inquit,
1303 3333 1482 3372 eorum
1511 3317 1738 3388 potentia
1758 3356 1774 3384 ,
1804 3331 1990 3372 omnes

421 3410 513 3465 tibi
536 3421 710 3464 tamen
732 3383 928 3464 debent
953 3383 1157 3479 gratias
1172 3421 1326 3478 agere
1349 3423 1447 3478 pro
1475 3383 1536 3461 iis
1561 3383 1716 3462 etiam
1739 3423 1854 3478 quae
1872 3407 1988 3462 aliis

419 3503 555 3558 facta
583 3511 723 3557 sunt.
756 3501 1009 3569 Quocirca
1040 3501 1140 3554 hoc
1168 3515 1378 3570 quoque
1403 3499 1702 3567 signiﬁcans
1720 3539 1734 3563 ,
1766 3499 1987 3569 subjun-

417 3593 528 3660 xit,
570 3592 851 3646 Audierant
886 3591 1052 3645 omnia
1090 3591 1234 3644 verba
1271 3592 1372 3644 oris
1407 3591 1496 3643 tui.
1539 3589 1595 3644 Si
1632 3605 1759 3660 ergo
1793 3591 1990 3660 gratias

417 3694 604 3755 agant,
643 3683 922 3754 plurimum
963 3682 1086 3738 hinc
1116 3682 1338 3737 fructum
1377 3681 1617 3752 capient,
1652 3692 1705 3736 et
1742 3697 1986 3750 magnum

420 3778 622 3832 lucrum
653 3776 862 3830 iacient-
890 3774 1037 3829 Talia
1063 3773 1202 3828 enim
1233 3781 1318 3826 tua
1345 3772 1483 3827 dona
1512 3781 1636 3826 sunt
1662 3771 1905 3826 omnibus
1934 3771 1989 3826 in

419 3869 594 3924 medio
626 3869 890 3938 proposita
911 3905 926 3932 ,
957 3875 1014 3920 ut
1041 3865 1130 3934 qui
1163 3865 1343 3918 volunt
1363 3905 1376 3926 ,
1407 3864 1611 3932 possint
1648 3877 1767 3918 esse
1803 3877 1988 3916 eorum

418 3960 718 4030 participes,
745 3968 801 4013 et
823 3973 884 4013 ea
915 3956 1206 4025 percipere.
1235 3953 1441 4007 Nullam
1467 3967 1594 4020 ergo
1622 3959 1819 4006 tantam
1846 3951 1984 4005 utili-

419 4062 578 4106 tatem
609 4050 802 4121 poterit
835 4048 914 4102 eis
940 4061 1158 4116 regnum
1188 4043 1378 4097 afferre
1397 4083 1412 4108 ,
1439 4050 1688 4111 quantam
1715 4050 1802 4094 tua
1826 4039 1987 4094 verba

417 4141 619 4196 audire.
656 4141 882 4194 llocest
919 4137 998 4191 eis
1033 4135 1318 4197 securitas,
1347 4132 1447 4186 hoc
1481 4131 1652 4196 vires,
1691 4129 1795 4184 hoc
1828 4144 1990 4185 orna-

417 4240 653 4288 mentum
674 4271 688 4293 ,
714 4230 815 4284 hoc
842 4229 1004 4284 decus
1027 4269 1041 4290 ,
1084 4226 1186 4280 hoc
1226 4240 1444 4294 regnum
1468 4224 1483 4254 ¹
1504 4261 1520 4286 ,
1551 4222 1650 4277 hoc
1677 4233 1756 4276 est
1783 4220 1989 4288 imperii

417 4325 597 4379 ltetitia
618 4331 672 4377 ct
699 4322 946 4392 potentia.
971 4321 1025 4376 5.
1049 4317 1116 4372 Et
1135 4325 1332 4370 cantent
1351 4317 1402 4368 in
1425 4314 1514 4368 viis
1529 4312 1737 4366 Domini
1752 4315 1794 4365 ³.
1817 4311 1986 4376 Alius,

418 4417 486 4471 Et
512 4425 708 4470 caruerit
735 4415 838 4468 vias
859 4413 1083 4468 Domini.
1111 4411 1164 4466 Si
1188 4424 1316 4480 ergo
1343 4408 1501 4471 dicat,
1533 4409 1600 4462 In
1623 4409 1715 4462 viis
1741 4407 1856 4470 tuis.
1887 4405 1988 4462 hoc

417 4518 500 4564 est
519 4507 658 4576 quod
684 4506 829 4569 dicit,
854 4505 910 4561 In
935 4503 1138 4574 legibus
1163 4504 1282 4564 tuis,
1306 4501 1358 4556 in
1379 4501 1540 4570 jussis
1565 4500 1688 4554 tuis.
1711 4497 1766 4554 Si
1786 4505 1986 4565 autem,

428 4599 545 4653 Vias
570 4609 700 4664 tuas,
731 4597 1009 4662 Prmclara,
1033 4594 1222 4664 inquit,
1251 4591 1366 4647 ha-c
1387 4601 1472 4646 tua
1499 4589 1634 4645 facta
1655 4589 1851 4656 dicant,
1877 4589 1990 4644 lau-

416 4690 544 4744 dent
567 4729 581 4753 ,
621 4688 894 4744 celebrent
936 4699 1000 4740 ac
1043 4684 1330 4754 praedicent
1359 4698 1373 4734 :
1406 4680 1508 4735 hoc
1547 4680 1688 4735 enim
1733 4679 1831 4736 sibi
1875 4677 1989 4732 vult

416 4779 566 4840 illud.
591 4778 820 4834 Conterit.
849 4777 1100 4840 Quoniam
1125 4789 1307 4844 magna
1332 4780 1402 4825 est
1427 4770 1590 4840 gloria
1618 4769 1822 4823 Domini
1844 4783 1864 4823 :
1889 4768 1990 4824 hoe

415 4879 532 4936 est,
563 4869 818 4924 Omnibus
853 4877 1032 4937 aperta
1057 4904 1074 4931 ,
1109 4864 1352 4919 omnibus
1393 4861 1708 4926 manifesta,
1745 4860 1995 4915 omnibus

421 4960 657 5026 evidens,
687 4968 864 5030 parata
895 4960 958 5013 ad
985 4957 1231 5013 clunibus
1253 4955 1505 5010 beneﬁcia
1536 4952 1854 5023 praestanda,
1875 4965 1992 5007 om-

419 5065 518 5106 nes
546 5049 745 5106 habens
773 5050 871 5103 sibi
899 5047 1079 5119 gratiae
1109 5047 1320 5102 nomine
1345 5046 1625 5101 obnoxios.
1655 5044 1709 5100 6.
1741 5043 1993 5110 Quoniam

419 5143 640 5200 excelsus
671 5142 913 5196 Dominus
935 5182 951 5204 ,
976 5151 1022 5195 et
1047 5139 1256 5194 humilia
1291 5137 1511 5208 respicit.
1553 5137 1745 5218 Altus,
1785 5135 1988 5207 inquit,

419 5245 629 5300 natura,
657 5233 792 5288 altus
818 5231 1128 5287 substantia.
1149 5229 1251 5285 Sed
1277 5229 1377 5285 hoc
1396 5227 1609 5299 quidem
1626 5242 1771 5284 nunc
1789 5226 1989 5282 dictum

365 5381 377 5392 ,
418 5333 534 5391 est,
563 5333 620 5380 ut
643 5340 703 5379 se
735 5322 800 5378 ad
829 5321 1104 5378 Iudaicum
1133 5321 1328 5374 cultum
1367 5318 1809 5374 accommodaret.
1839 5316 1989 5384 Quod

417 5428 599 5474 autem
621 5416 880 5488 sequitur,
906 5413 962 5471 id
983 5413 1219 5484 corrigit,
1247 5420 1302 5467 et
1325 5409 1579 5467 humilem
1603 5411 1899 5468 auditorem
1921 5408 1988 5464 ad

479 5618 502 5652 ι
533 5623 614 5668 Hae
635 5631 798 5678 voces,
822 5617 1141 5678 hocregnum,
1167 5612 1345 5662 desunt
1366 5611 1416 5660 in
1432 5609 1619 5678 savilio.

479 5681 499 5710 ²
531 5680 670 5730 savil.
695 5669 765 5732 sic
789 5669 941 5732 'aﬂ'ert
976 5669 1235 5728 icctionem
1261 5679 1400 5724 LXX:
1428 5677 1482 5724 ει
1506 5676 1692 5724 cantent
1713 5670 1764 5723 in
1789 5669 1986 5723 canticis

421 5737 624 5791 Domini.

1473 304 1818 363 EXPOSITIO
1856 302 1920 358 IN
1959 301 2282 358 PSALMUM
2317 302 2626 360 CXXXVII.

3569 312 3668 368 ΗΟ

2113 434 2353 490 magnam
2381 419 2772 489 intelligentiam
2799 421 2966 492 erigit.
2995 423 3130 491 Quid
3162 424 3262 480 hoc
3286 436 3458 480 autem
3485 439 3583 493 est,
3611 430 3674 484 Et

2101 509 2206 562 alta
2225 526 2256 562 a
2279 511 2424 579 longe
2447 511 2738 579 cognoscit?
2759 510 2855 566 llic
2873 513 3012 566 enim
3033 512 3100 568 de
3126 518 3453 583 prmscientta
3480 523 3670 588 agitur,

2099 599 2241 669 quod
2265 609 2347 653 est
2374 602 2619 669 potentiae
2649 602 2741 656 Dei
2782 604 3010 658 maxime
3049 607 3316 675 proprium
3347 624 3360 658 :
3393 619 3444 661 et
3473 609 3592 662 idco
3620 611 3671 663 in

2106 688 2376 758 prophetis
2411 705 2551 760 saepe
2594 691 2844 760 loquens,
2883 692 3006 748 hinc
3045 694 3095 748 in
3131 709 3224 748 eos
3263 695 3554 762 invehitur,
3583 701 3670 768 qui

2105 784 2351 832 tenentur
2377 794 2558 834 errore
2594 781 3018 835 simulacrorum.
3047 784 3216 848 Alius,
3243 782 3308 838 Et
3332 788 3465 854 quod
3489 789 3673 840 elatum

2099 875 2191 932 est,
2223 883 2252 920 a
2279 866 2426 938 longe
2447 869 2696 923 discernit.
2727 871 2892 932 Alius,
2917 869 2982 924 Et
3001 872 3508 940 sublime.0mmiatn
3531 877 3670 929 enim

2098 957 2252 1024 dixit,
2278 957 2522 1014 Excelsus
2545 957 2814 1025 Dominus,
2841 971 2887 1015 et
2909 962 3118 1016 humilia
3138 965 3355 1030 respicit,
3380 964 3666 1033 subiunxit,

2097 1049 2165 1104 Et
2192 1053 2295 1106 alta
2318 1069 2350 1106 a
2374 1053 2520 1122 longe
2545 1053 2814 1123 cognoscit,
2846 1052 3147 1122 signiﬁcans
3173 1071 3290 1109 eum
3323 1057 3424 1109 alta
3454 1071 3554 1108 non
3587 1071 3666 1109 so.

2098 1137 2370 1196 lummodo
2395 1155 2734 1210 cognoscere,
2762 1143 2853 1194 sed
2878 1143 3035 1196 etiam
3060 1157 3121 1196 ex
3155 1130 3344 1213 magno
3374 1145 3668 1209 intervallo,

2098 1230 2200 1286 hoc
2225 1240 2328 1298 est,
2358 1233 2661 1302 priusquam
2689 1233 2953 1294 eveniant,
2980 1234 3282 1304 priusquam
3308 1235 3666 1305 perﬁciantur,

2095 1324 2399 1393 priusquam
2428 1324 2479 1378 in
2519 1338 2650 1393 Opus
2677 1331 2886 1378 exeant.
2915 1324 2968 1378 7.
3003 1325 3064 1379 Si
3089 1325 3404 1379 ambulavero
3431 1327 3480 1379 in
3506 1329 3668 1380 medio

2097 1411 2448 1478 tribulationis,
2481 1412 2750 1482 vioi/icabis
2786 1429 2882 1466 me.
2924 1413 3036 1468 Non
3067 1413 3216 1478 dixit,
3251 1415 3668 1470 .Tribulationem

2097 1505 2355 1573 expelles,
2379 1504 2490 1566 sed,
2514 1503 2568 1557 lu
2593 1505 2719 1573 ipsis
2745 1505 2895 1558 malis
2922 1513 3216 1560 manentem
3241 1504 3528 1560 riviﬁcabis
3552 1522 3665 1571 me;

2095 1594 2196 1649 hoc
2221 1602 2321 1660 est,
2349 1594 2552 1649 etiamsi
2579 1595 2631 1648 in
2663 1595 2892 1648 maxima
2927 1594 3156 1663 pericula
3188 1595 3442 1661 incidero,
3471 1597 3668 1665 puteris

2096 1699 2182 1738 me
2210 1698 2528 1738 conservare
2559 1701 2571 1737 :
2600 1683 2738 1754 quod
2765 1692 2846 1738 est
2875 1683 3214 1749 admirabile,
3255 1694 3309 1738 et
3345 1686 3513 1753 majus
3549 1701 3668 1740 em-

2095 1775 2239 1830 nium
2271 1774 2538 1845 opinione,
2567 1775 2706 1845 quod
2738 1791 2855 1829 cum
2885 1775 3112 1846 undique
3140 1778 3322 1829 hostes
3337 1784 3390 1829 ct
3409 1776 3545 1829 mala
3566 1777 3671 1830 eir-

2093 1874 2374 1930 cumstent,
2398 1865 2449 1920 in
2479 1875 2588 1920 tuto
2611 1866 2924 1930 collocetur,
2945 1867 3031 1936 qui
3053 1866 3119 1920 ab
3141 1866 3217 1921 eis
3243 1866 3666 1921 circumsidetur.

2093 1955 2159 2009 Et
2199 1971 2350 2025 super
2389 1956 2519 2010 iram
2558 1957 2872 2010 inimicorum
2922 1973 3144 2010 meorum
3186 1957 3449 2011 extendiin
3492 1974 3669 2013 manus

2092 2055 2225 2101 tuas.
2253 2047 2420 2111 Alius,
2447 2046 2694 2101 Aduersus
2718 2047 3094 2116 respirationem
3116 2047 3427 2102 inimicorum
3450 2065 3668 2103 meorum

2093 2138 2326 2194 extendes
2353 2137 2446 2210 (α).
2470 2137 2962 2210 νίόὶειίριεχὶηιειῐη
2985 2151 3103 2192 εεεε
3129 2140 3414 2208 potentiam
3437 2139 3488 2194 in
3515 2141 3669 2195 utris-

2092 2244 2194 2301 que
2224 2228 2498 2298 partibus?
2521 2227 2653 2283 Nam
2680 2237 2732 2282 et
2757 2243 2861 2292 me,
2883 2228 3073 2298 inquit,
3097 2229 3261 2298 quiin
3286 2230 3529 2284 maximis
3551 2245 3667 2285 ver-

2093 2337 2182 2377 sor
2207 2322 2381 2388 malis,
2409 2335 2724 2376 conservare
2751 2320 2970 2389 poteris,
2998 2329 3051 2374 et
3077 2321 3194 2375 illos
3219 2319 3395 2375 furore
3421 2318 3668 2388 rabieque

2093 2413 2343 2482 percitos,
2372 2423 2425 2465 et
2452 2411 2625 2480 ignem
2656 2411 2938 2480 spirantes,
2963 2409 3195 2481 dejicere
3220 2418 3273 2464 et
3299 2411 3664 2478 comprimere.

2092 2503 2161 2558 Et
2181 2505 2373 2559 salvum
2405 2519 2483 2556 me
2522 2503 2638 2573 fecit
2677 2503 2883 2558 dextera
2918 2513 3022 2557 tua.
3053 2503 3236 2570 Alius,
3268 2501 3332 2556 Et
3372 2503 3564 2556 salvum
3592 2519 3670 2556 me

2093 2597 2240 2667 faciet
2262 2595 2466 2649 dextera
2491 2605 2576 2646 tua
2601 2590 2698 2664 (ὁ),
2723 2593 2824 2648 hoc
2844 2602 2944 2660 est,
2974 2593 3206 2663 potentia
3235 2599 3340 2658 tua,
3366 2593 3533 2646 virtus
3556 2601 3663 2644 tua.

2093 2687 2204 2742 Deo
2241 2687 2382 2742 enim
2423 2695 2547 2740 sunt
2583 2686 2843 2755 expeditae
2878 2685 2977 2739 vias
3006 2699 3192 2739 omnes
3225 2695 3278 2739 et
3316 2684 3582 2749 rationes,
3613 2692 3668 2738 ct

2091 2787 2266 2850 potest
2291 2778 2374 2832 vel
2399 2791 2460 2832 ex
2493 2777 2650 2831 rebus
2687 2775 2983 2844 desperatis
3019 2774 3084 2830 ad
3122 2775 3342 2829 salutem
3381 2775 3664 2830 adducere.

2093 2870 2146 2925 8.
2178 2869 2425 2923 Dominus
2450 2868 2685 2922 retribuet
2709 2883 2800 2936 pro
2825 2883 2920 2920 me.
2955 2865 3122 2931 Alius,
3153 2865 3342 2935 Eﬁ'iciet
3373 2863 3461 2935 (c).
3499 2866 3664 2929 Alius,

2093 2961 2346 3029 Pcrﬁciet,
2378 2961 2479 3014 hoc
2507 2967 2607 3023 est,
2638 2957 2932 3014 Ulciscetnr
2966 2956 3226 3011 inimicos.
3260 2955 3374 3009 Non
3402 2954 3536 3009 dixit
3569 2971 3666 3008 an-

2093 3064 2220 3118 tem,
2247 3051 2557 3115 Ulciscctur,
2583 3048 2698 3116 sed,
2726 3047 2997 3110 Retribuet,
3030 3045 3318 3101 ostendens
3343 3045 3480 3116 quod
3507 3047 3668 3100 etiam

2093 3145 2137 3200 si
2163 3146 2259 3198 sim
2290 3142 2476 3200 rationi
2503 3139 2784 3196 reddenda:
2808 3139 3084 3202 obnoxius,
3112 3139 3225 3206 ipse
3250 3137 3484 3191 exsolvet
3509 3146 3561 3190 ct
3584 3151 3668 3188 sa-

2099 3233 2356 3298 tisfaciet;
2388 3241 2468 3286 est
2495 3233 2634 3286 enim
2666 3229 2942 3298 benignus.
2971 3227 3150 3281 Potest
3173 3234 3348 3281 autem
3382 3225 3480 3279 hoc
3507 3225 3666 3280 etiam

2100 3326 2202 3381 dici
2243 3325 2308 3379 de
2343 3324 2408 3378 iis
2441 3337 2558 3393 qute
2582 3337 2612 3376 a
2641 3321 2854 3375 Christo
2893 3334 2990 3388 pro
3023 3318 3176 3372 nobis
3210 3316 3342 3370 facta
3379 3325 3520 3370 sunt.
3551 3315 3668 3384 lpse

2096 3416 2235 3471 enim
2263 3429 2358 3484 pro
2383 3412 2534 3467 nobis
2561 3410 2821 3466 retribuit.
2854 3407 3068 3462 Domine
3087 3447 3101 3472 ,
3132 3405 3472 3460 misericordia
3502 3413 3586 3457 tua
3612 3407 3666 3457 in

2091 3509 2349 3565 siccatum.
2397 3505 2564 3576 Opera
2601 3519 2840 3558 manuum
2884 3511 3081 3555 tuarum
3122 3515 3184 3552 ne
3219 3497 3484 3567 despicias.
3527 3496 3668 3549 Duas

2093 3602 2244 3657 aﬁ‘ert
2275 3600 2535 3661 rationes,
2570 3611 2665 3651 cur
2687 3595 2876 3648 debeat
2905 3591 3113 3660 assequi
3141 3589 3255 3658 ejus
3283 3586 3614 3644 clementiam
3649 3602 3662 3636 :

2091 3707 2249 3746 unam
2289 3689 2501 3761 quidem
2527 3727 2541 3752 ,
2575 3685 2712 3756 quod
2741 3685 2851 3753 ipse
2879 3683 2946 3736 sit
2972 3681 3142 3735 bonus
3171 3688 3224 3732 et
3251 3679 3550 3732 misericors
3571 3717 3584 3738 ,
3614 3685 3669 3729 et

2091 3781 2302 3836 assidue
2328 3779 2627 3833 misericors
2647 3817 2661 3837 ,
2695 3784 2752 3828 nt
2781 3787 3065 3842 numquam
3097 3771 3536 3836 interrumpatnr,
3567 3779 3668 3818 nec

2091 3871 2334 3935 desinat,
2377 3883 2475 3921 nec
2515 3865 2668 3918 cedat
2708 3863 2824 3932 ejus
2867 3860 3148 3916 clementia
3182 3876 3195 3912 :
3225 3857 3447 3913 alteram
3489 3863 3664 3909 autem

2095 3961 2234 4031 quod
2264 3961 2375 4028 ipse
2401 3958 2468 4010 sit
2495 3957 2714 4010 Creator
2738 3961 2793 4006 et
2819 3949 3027 4018 Opifex.

2166 4049 2512 4106 Misericordia
2537 4043 2634 4099 Dei
2661 4058 2762 4096 non
2797 4041 2948 4095 datur
2982 4039 3434 4094 indiscrimiaatim.
3463 4068 3534 4079 —
3559 4037 3664 4092 Sed

2092 4136 2532 4213 quemadmodum
2559 4134 2626 4187 ab
2651 4133 2729 4187 eis
2753 4129 2952 4186 εει-νειιί
2981 4127 3246 4192 volumus,
3279 4129 3348 4180 ita
3375 4129 3534 4180 etiam
3561 4128 3664 4179 mi-

2092 4227 2377 4288 sericordia
2411 4226 2626 4294 dignum
2665 4221 2789 4292 quid
2827 4218 3167 4274 ostendamus
3192 4215 3394 4288 (Exod.
3423 4216 3509 4270 35.
3539 4214 3664 4278 l9).

2093 4321 2367 4378 Miserebor
2393 4317 2560 4384 enim,
2589 4313 2778 4384 inquit,
2803 4312 2947 4382 cujus
2973 4307 3240 4363 miserebor
3266 4305 3437 4379 (Rom.
3466 4305 3520 4361 9.
3553 4306 3663 4375 15).

2089 4415 2206 4470 Non
2247 4412 2389 4466 enim
2429 4403 2889 4463 indiscrimiuatim
2929 4415 3052 4456 eum
3091 4398 3234 4455 subit
3270 4395 3662 4457 misericordia,

2092 4503 2185 4560 sed
2223 4503 2337 4571 ipse
2374 4499 2531 4554 etiam
2571 4495 2799 4565 aliquam
2833 4489 3224 4547 distinctionem
3261 4487 3497 4543 adhibet.
3527 4486 3580 4540 Si
3615 4485 3667 4540 id

2090 4594 2231 4651 enim
2260 4591 2456 4646 faceret
2483 4582 2960 4646 indiscriminatim,
2990 4593 3149 4634 nemo
3177 4591 3423 4647 umquam
3451 4574 3667 4646 punire-

2093 4696 2192 4742 tur.
2223 4684 2478 4751 Quocirca
2509 4693 2613 4733 non
2645 4675 2815 4731 solum
2837 4672 3095 4728 [sciamus
3121 4683 3181 4723 ea
3208 4683 3324 4737 quae
3353 4673 3578 4735 oportet,
3609 4673 3665 4718 ut

2093 4773 2506 4834 misericordiam
2547 4779 2973 4838 consequamur,
3010 4760 3105 4816 sed
3143 4760 3301 4816 etiam
3332 4758 3454 4828 quia
3489 4772 3518 4813 a
3555 4756 3672 4812 Deo

2092 4868 2211 4924 lacti
2240 4880 2442 4919 sumus.
2471 4862 2605 4916 Eum
2633 4859 2774 4914 enim
2799 4855 2886 4927 qui
2915 4869 2944 4907 a
2972 4854 3081 4908 Deo
3105 4860 3312 4907 creatus
3339 4857 3440 4914 est,
3464 4857 3518 4904 et
3547 4857 3663 4902 tan-

2093 4969 2203 5014 tum
2232 4957 2413 5011 habuit
2440 4951 2690 5022 Opiﬁcem
2717 4957 2772 5004 et
2799 4949 2996 5017 Regem
3016 4986 3032 5012 ,
3058 4951 3268 5014 oportet
3301 4957 3359 4998 se
3387 4941 3456 4996 ita
3479 4953 3666 5008 gerere

2094 5060 2151 5104 ut
2195 5048 2333 5102 illius
2370 5059 2497 5100 cura
2534 5051 2589 5098 et
2625 5038 2952 5111 providentia
2994 5050 3053 5091 se
3093 5049 3198 5089 non
3239 5047 3358 5088 esse
3395 5031 3664 5098 indignum

2093 5140 2353 5200 ostendat.
2380 5137 2436 5194 Si
2461 5136 2576 5190 inec
2601 5134 2876 5197 iaciamus,
2897 5131 3033 5185 bona
3060 5127 3235 5184 futura
3257 5133 3663 5190 consequemur,

2093 5249 2211 5306 qua:
2239 5230 2393 5286 nobis
2421 5227 2690 5295 contingat
2715 5225 2949 5293 assequi,
2976 5220 3144 5290 gratia
3165 5225 3221 5272 et
3246 5212 3526 5306 clementia
3557 5210 3664 5306 Do-

2094 5299 2222 5380 mini
2263 5320 2428 5376 nostri
2463 5319 2592 5374 Jesu
2613 5315 2850 5379 Christi,
2876 5311 2960 5367 cui
2987 5309 3152 5380 gloria
3178 5315 3235 5363 et
3267 5301 3547 5374 imperium
3567 5340 3582 5367 ,
3612 5299 3674 5359 in

2093 5417 2286 5476 secula
2313 5411 2646 5470 saeculorum.
2679 5408 2870 5463 Amen.

2153 5595 2228 5654 (α)
2262 5601 2374 5642 Haec
2393 5585 2731 5654 interpretatio
2753 5577 3127 5654 estASXmmachiL.

2263 5638 2489 5703 limit—em
2511 5638 2754 5708 interpres
2778 5649 2855 5716 est
2879 5638 3203 5712 Symmachus.

2159 5663 2227 5788 ἒς)
2261 5717 2316 5766 ni
2348 5716 2646 5775 interpretes
2665 5709 2748 5770 qui
2771 5712 3149 5755 statuissemus.

2261 5717 2316 5766 ni
2348 5703 2653 5775 interpretes
2665 5709 2748 5770 qui
2771 5706 2872 5755 sint
2888 5703 3149 5754 nescimus.
