4116 6204
439 234 536 290 4η

837 342 904 400 IN
939 338 1268 400 PSALMUM
1304 335 1634 395 CXXXVIII.

793 478 848 533 ί.
891 470 959 529 In
987 474 1172 544 ﬁnem,
1203 471 1424 526 uictoria
1455 469 1667 524 auctori.

680 589 928 658 Domine,
953 588 1176 661 probasti
1199 603 1294 656 me,
1317 594 1363 642 et
1384 585 1658 657 cognovisti
1685 600 1780 639 me.

513 705 564 759 I.
597 703 864 770 Quomodo
891 720 1007 768 vox,
1039 701 1300 772 probasti,
1319 699 1381 754 de
1415 697 1526 752 Deo
1564 695 1888 768 intelligenda
1923 695 2020 760 sit;

440 795 593 849 sessio
621 805 667 848 et
694 795 988 848 resurrectio
1017 792 1169 862 quid;
1201 789 1294 845 Dei
1322 790 1654 860 praescientia.
1683 817 1752 829 —-
1775 785 1912 853 Quid
1935 785 2021 840 di-

441 886 565 940 cis?
593 887 741 940 novit
770 887 930 952 Deus,
964 894 1239 956 postquam
1267 881 1509 952 probavit
1537 897 1556 940 ξ
1579 890 1862 951 antequam
1893 894 2019 949 pro-

443 977 586 1031 bavit
611 987 789 1032 autem
811 1017 825 1042 ,
864 991 970 1031 non
999 975 1190 1030 novit?
1219 974 1388 1028 Absit.
1415 971 1691 1040 Quomodo
1720 971 1860 1025 enim
1885 1010 1900 1035 ,
1930 967 2019 1039 qui

444 1069 619 1122 omnia
664 1068 810 1122 novit
847 1076 1129 1136 antequam
1175 1064 1404 1120 fierent?
1439 1063 1532 1118 sed
1573 1061 1702 1116 illud
1731 1103 1746 1128 ,
1789 1059 2021 1114 Probasti

445 1173 526 1210 me
553 1155 736 1228 (Dan.
765 1159 852 1212 15.
885 1156 956 1212 42
981 1155 1000 1229 )
1022 1199 1035 1220 ,
1077 1157 1339 1227 significat
1361 1196 1376 1222 ,
1405 1155 1488 1210 Me
1527 1155 1758 1225 perfecte
1803 1151 2017 1208 novisti.

445 1247 902 1316 Quemadmodum
943 1249 1082 1304 enim
1127 1247 1438 1317 Apostolus,
1484 1245 1694 1316 quando
1732 1243 1859 1298 dicit
1899 1257 2020 1298 eum

442 1339 604 1394 corda
631 1341 859 1394 scrutari
883 1338 903 1411 (
929 1340 1076 1400 Rom.
1101 1341 1155 1395 8.
1182 1339 1250 1393 27
1271 1340 1288 1405 )
1309 1381 1324 1402 ,
1356 1353 1462 1392 non
1493 1337 1902 1407 ignorationem,
1926 1335 2022 1391 sed

443 1430 732 1498 perfectam
760 1432 1116 1502 cognitionem
1147 1430 1455 1500 signiﬁcans.
1471 1431 1571 1484 hoc
1590 1428 1750 1484 dicit:
1771 1429 1841 1482 ita
1862 1427 2022 1482 etiam

441 1519 531 1574 hic
553 1535 672 1574 cum
703 1521 868 1589 dicit,
902 1520 1142 1577 Probasti
1162 1537 1258 1587 me,
1285 1519 1739 1576 evidentissimam
1763 1517 2024 1588 significat

442 1611 798 1682 cognitionem
825 1654 839 1677 ,
879 1613 980 1667 hoc
1020 1621 1136 1677 est,
1163 1611 1240 1665 Tu
1281 1626 1367 1666 me
1403 1612 1635 1680 perfecte
1674 1610 1833 1664 IIOsti.
1860 1610 1914 1664 2.
1945 1609 2022 1664 Tu

441 1704 716 1773 cognovisti
744 1703 1012 1758 sessionem
1038 1719 1198 1755 meam
1225 1712 1270 1756 et
1292 1702 1698 1757 resurrectionem
1721 1717 1901 1754 meam.
1922 1701 2024 1756 Per

442 1796 735 1850 sessionem
762 1803 817 1850 et
835 1794 1284 1854 resurrectionem.
1305 1808 1518 1849 omnem
1540 1792 1699 1847 vitam
1726 1791 2020 1862 significat:

443 1883 497 1938 iu
527 1883 608 1938 his
637 1883 780 1940 enim
809 1892 918 1942 tota
943 1884 1048 1938 vita
1086 1892 1265 1938 nostra
1301 1883 1577 1950 consistit;
1607 1882 1866 1948 actiones,
1897 1898 2024 1952 ope-

442 1976 700 2044 rationes,
729 1977 998 2046 ingressus
1017 1984 1071 2030 et
1098 1975 1291 2030 exitus.
1320 1974 1520 2030 Deinde
1544 1974 1792 2044 quoniam
1813 1973 1944 2028 dixit
1968 1974 2022 2030 in

442 2069 724 2138 principio,
749 2067 989 2122 Probasti
1015 2083 1092 2121 me
1118 2083 1138 2122 :
1163 2082 1230 2123 ne
1258 2066 1377 2136 quis
1406 2065 1562 2136 paulo
1588 2065 2024 2121 inconsideratior

443 2167 656 2228 putaret
677 2174 800 2213 eum
824 2173 982 2214 nosse
1009 2173 1074 2214 ex
1101 2157 1431 2227 probatione,
1461 2156 1545 2211 vel
1573 2172 1639 2211 ex
1661 2171 1836 2210 rerum
1860 2172 2022 2228 expe-

442 2251 656 2316 rientia,
688 2260 966 2320 prOpterea
993 2249 1133 2319 quod
1159 2249 1318 2312 dixit,
1349 2247 1427 2301 Tu
1455 2249 1728 2319 cognovisti
1753 2249 2023 2303 sessionem

442 2359 624 2407 meam,
647 2354 693 2398 et
721 2344 1132 2399 resurrectionem
1148 2358 1330 2404 meam,
1353 2339 1472 2396 vide
1491 2338 1757 2410 quomodo
1779 2339 1830 2394 id
1855 2340 2024 2396 corri-

443 2435 518 2505 git
554 2449 647 2504 per
677 2434 726 2488 id
757 2433 896 2504 quod
935 2434 1202 2503 subjungit
1222 2475 1236 2498 ,
1273 2431 1456 2488 dicens
1483 2474 1499 2498 ,
1541 2433 1598 2486 5.
1627 2430 1706 2485 Tu
1731 2431 2023 2486 intellexisti

430 2515 764 2594 ’cogitationes
784 2541 918 2579 meas
944 2542 975 2578 a
1004 2526 1168 2594 longe.
1200 2524 1303 2580 Per
1330 2523 1430 2578 hoc
1451 2523 1594 2578 enim
1619 2522 2020 2592 significateum

445 2633 548 2672 non
595 2632 752 2672 nosse
785 2633 882 2687 per
920 2618 1282 2687 probationem
1308 2656 1326 2680 ,
1363 2630 1535 2685 neque
1564 2628 1698 2684 opus
1737 2615 1934 2670 habere
1964 2623 2022 2669 ut

444 2711 652 2778 probet,
676 2709 770 2765 sed
797 2725 891 2764 sua
919 2708 1230 2780 praesciendi
1259 2707 1508 2763 facultate
1533 2708 1672 2763 scire
1696 2707 1898 2762 omnia.
1919 2707 2020 2774 Qui

443 2800 583 2854 enim
614 2799 757 2854 novit
795 2799 1141 2870 cogitationes
1179 2815 1298 2870 qua:
1339 2799 1391 2853 in
1426 2810 1604 2854 mente
1636 2807 1760 2854 sunt
1792 2799 1978 2868 positae
1999 2838 2019 2866 ,

442 2907 548 2946 non
571 2905 706 2960 opus
728 2890 888 2946 habet
907 2899 964 2944 ut
993 2890 1178 2960 probet
1204 2905 1297 2959 per
1315 2904 1500 2959 opera.
1529 2890 1858 2960 Quamquam
1885 2889 2022 2944 alio-

442 2984 530 3053 qui
558 2999 662 3038 uon
686 2982 860 3038 solum
881 2997 974 3038 eas
998 2981 1144 3038 novit
1167 2981 1292 3036 dum
1320 2982 1376 3035 in
1407 2991 1584 3036 mente
1604 2992 1902 3048 versantur,
1925 2982 2020 3038 sed

441 3075 599 3129 etiam
632 3076 936 3144 priusquam
962 3065 1164 3128 versari
1191 3073 1443 3143 incipiant
1471 3091 1484 3126 :
1523 3088 1623 3129 nec
1661 3074 1833 3130 solum
1867 3085 2020 3130 ante-

442 3181 598 3236 quam
643 3166 840 3222 versari
887 3166 1180 3236 incipiant,
1223 3165 1316 3220 sed
1351 3166 1510 3220 etiam
1551 3165 1709 3236 longo
1737 3176 1859 3221 ante
1889 3176 2022 3221 tem-

442 3273 590 3327 pore.
624 3257 693 3312 Et
718 3257 838 3312 ideo
865 3257 979 3311 haec
999 3256 1183 3311 volens
1211 3254 1508 3326 signiﬁcare
1531 3297 1545 3321 ,
1573 3256 1844 3326 subjunxit
1869 3257 2018 3325 illud,

443 3346 747 3402 Intellexisti
785 3346 1111 3416 cogitationes
1153 3362 1289 3401 meas
1329 3346 1392 3400 de
1425 3345 1592 3418 longe.
1637 3348 1692 3404 Si
1723 3363 1849 3418 ergo
1877 3351 2024 3405 novit

443 3439 603 3492 etiam
645 3438 990 3508 cogitationes
1018 3438 1156 3492 Deus
1180 3477 1196 3502 ,
1224 3451 1320 3492 cur
1357 3436 1557 3492 inducit
1581 3453 1700 3494 eam
1723 3479 1737 3502 ,
1772 3455 1890 3509 qua:
1929 3455 2024 3510 per
2056 3482 2060 3486 .

392 3584 402 3598 ,
443 3543 608 3596 opera
638 3527 726 3590 lit,
757 3526 1122 3596 probationem
1142 3527 1166 3581 τ
1186 3527 1303 3583 Non
1333 3535 1393 3582 ut
1420 3529 1532 3598 ipse
1561 3527 1663 3583 hoc
1690 3529 1898 3598 discat,
1925 3531 2022 3587 sed

445 3629 504 3675 ut
525 3635 618 3677 eos
643 3620 733 3690 qui
760 3620 847 3675 illa
871 3620 1138 3675 sustinent
1161 3619 1413 3690 probatos
1446 3619 1662 3676 efficiat.
1691 3621 2024 3692 Cognoverat

445 3714 588 3769 enim
619 3713 720 3768 Job
746 3721 870 3768 ante
895 3711 1295 3781 experientiam,
1322 3720 1377 3767 et
1402 3711 1524 3768 ideo
1550 3711 1604 3767 id
1633 3713 1920 3769 testabatur
1943 3714 2025 3769 di-

445 3817 574 3857 cens
602 3820 617 3857 :
653 3801 822 3858 Homo
847 3803 1040 3872 justus,
1067 3816 1239 3870 verax,
1276 3802 1390 3870 pius
1417 3801 1571 3874 (Job.
1601 3803 1656 3856 2.
1685 3803 1720 3858 3
1742 3803 1781 3872 ).
1807 3803 1912 3860 Sed
1941 3805 2024 3860 iu-

403 3898 416 3908 ‘
447 3893 598 3948 duxit
619 3892 1022 3964 experientiam,
1045 3901 1104 3948 ut
1127 3901 1182 3950 et
1205 3892 1355 3950 illum
1383 3892 1630 3950 redderet
1652 3893 1948 3963 fortiorem,
1971 3905 2027 3952 et

448 3987 644 4044 diaboli
673 3988 1011 4058 redargueret
1033 3987 1450 4058 improbitatem,
1473 3997 1528 4045 et
1546 3989 1680 4047 alios
1706 3990 1820 4060 ejus
1845 4006 2028 4047 exem-

449 4081 538 4150 plo
565 4080 814 4135 meliores
852 4078 1117 4135 redderet.
1149 4079 1218 4134 Et
1243 4078 1372 4149 quid
1401 4080 1613 4137 miraris
1640 4081 1684 4138 si
1714 4081 1816 4138 hoc
1842 4082 2028 4139 fecerit

449 4172 500 4226 in
515 4171 635 4238 Job,
653 4187 772 4226 cum
794 4171 965 4244 ipsum
991 4169 1147 4226 faciat
1162 4171 1322 4226 etiam
1339 4172 1390 4227 in
1409 4174 1808 4242 peccatoribus?
1827 4177 2028 4244 Aperte

451 4265 596 4319 enim
623 4263 826 4320 sciebat
852 4261 1108 4318 Ninivitas
1136 4279 1240 4317 non
1270 4278 1392 4319 esse
1418 4263 1606 4335 dignos
1639 4267 1727 4336 qui
1769 4269 2023 4336 perirent,

451 4358 543 4412 sed
567 4375 659 4429 per
678 4357 1039 4428 paenitentiam
1069 4370 1163 4414 eos
1192 4356 1440 4412 meliores
1461 4357 1665 4414 futuros
1686 4375 1702 4424 ;
1726 4359 1925 4415 inducit
1951 4371 2030 4416 ta-

453 4467 573 4507 men
593 4457 752 4508 etiam
771 4468 868 4524 per
890 4469 976 4509 res
991 4451 1399 4523 experientiam;
1425 4459 1479 4506 et
1499 4451 1694 4520 ubique
1711 4453 1873 4506 multa
1897 4469 2030 4522 pne-

457 4541 545 4598 bet
565 4553 871 4614 argumenta
892 4543 1282 4599 evidentissima
1304 4557 1414 4598 suae
1433 4556 1576 4597 cura:
1597 4551 1647 4597 et
1663 4544 2026 4612 providentiae,

459 4647 561 4686 non
588 4643 865 4688 contentus
891 4649 984 4688 sua
1013 4633 1333 4704 cognitione.

531 4724 852 4778 Prwscientia
881 4725 978 4780 Dei
1002 4724 1250 4779 hominem
1277 4725 1460 4779 bonum
1486 4733 1574 4778 aut
1603 4725 1793 4779 malum
1826 4743 1925 4780 non
1946 4727 2029 4797 fa-

460 4818 552 4870 cit.
583 4847 653 4856 —
677 4817 1029 4881 Quamobrem
1072 4816 1280 4871 dicebat
1322 4831 1532 4887 quoque
1568 4817 1880 4887 Uuigenitus
1913 4835 1924 4870 :
1969 4819 2030 4875 Si

458 4925 557 4962 non
586 4905 716 4978 facio
745 4922 900 4974 opera
935 4905 1106 4960 Patris
1136 4908 1232 4960 mei
1251 4948 1266 4970 ,
1295 4924 1357 4960 ne
1391 4909 1513 4961 mihi
1537 4907 1723 4961 credite
1748 4925 1766 4961 :
1793 4909 1838 4962 si
1865 4919 2031 4962 autem

459 4999 610 5066 facio,
639 4998 732 5052 etsi
755 4997 876 5050 mihi
900 5013 1000 5051 non
1023 4997 1256 5064 credatis,
1283 4998 1511 5067 operibus
1531 4999 1716 5054 credite
1735 4999 1911 5072 (Joun.
1941 5000 2028 5056 10.

456 5089 546 5144 57.
579 5089 647 5146 '58
666 5089 706 5161 ).
736 5089 868 5156 Quia
907 5089 1050 5146 enim
1080 5091 1326 5160 permulti
1355 5091 1444 5160 qui
1478 5100 1602 5146 sunt
1640 5091 1918 5146 crassioris
1947 5091 2032 5146 iu-

458 5181 636 5251 genii,
676 5189 732 5236 et
755 5181 900 5236 nullo
927 5181 1038 5238 fere
1065 5196 1224 5236 sensu
1254 5182 1453 5249 praediti
1479 5223 1492 5245 ,
1527 5182 1690 5235 multa
1719 5181 1901 5236 dicunt
1931 5182 2032 5236 hu-

461 5273 708 5340 iusmodi,
740 5289 931 5343 nempe
953 5273 1094 5329 hunc
1118 5273 1294 5340 elegit,
1328 5273 1467 5327 hunc
1492 5272 1707 5336 dilexit,
1738 5272 1885 5328 illum
1910 5272 2034 5327 odio

408 5352 416 5363 ’
461 5363 662 5428 habuit,
692 5373 746 5418 et
776 5374 1052 5434 propterea
1083 5365 1166 5420 hic
1192 5365 1403 5434 quidem
1432 5365 1600 5418 malus
1623 5405 1640 5430 ,
1669 5364 1759 5418 ille
1781 5379 1908 5418 vero
1935 5363 2034 5419 bo-
2064 5419 2070 5425 _

462 5467 562 5509 nus
589 5454 756 5508 evasit
783 5472 797 5508 :
824 5471 888 5509 ex
919 5456 1076 5511 rebus
1102 5456 1231 5526 ipsis
1256 5455 1537 5526 persuadet
1567 5497 1583 5521 ,
1625 5455 2036 5524 uniuscujusque

462 5542 650 5599 borum
678 5547 992 5601 sententiam
1015 5549 1285 5619 corrigens
1310 5591 1323 5615 ,
1351 5557 1405 5603 et
1429 5545 1482 5602 in
1513 5545 1744 5602 medium
1771 5546 2038 5601 adducens

453 5635 829 5710 probationem
860 5652 954 5707 per
979 5651 1136 5709 Opera
1161 5683 1176 5710 ,
1212 5651 1264 5696 et
1300 5643 1602 5712 pronuntiat
1634 5639 1848 5712 quidem
1877 5637 2035 5695 etiam

1111 225 1170 285 8.
1211 219 1490 286 .IOANNIS
1525 213 1998 280 CHRYSOSTOMI
2037 212 2355 272 ARCHIEP.
2394 199 2929 272 CONSTANTINOP.

3613 211 3730 268 412

2128 335 2410 397 antequam
2454 339 2542 382 res
2577 325 2857 392 eveniant,
2889 325 3031 380 hunc
3065 323 3262 382 virtute
3301 323 3591 396 praeditum
3617 366 3636 392 ,
3665 334 3727 380 ut

2127 416 2246 487 ejus
2257 417 2566 488 prtesciendi
2586 417 2887 474 facultatem
2909 416 3202 488 intelligant
3227 433 3248 471 :
3265 417 3501 490 adjungit
3528 429 3724 474 autem

2127 508 2286 563 etiam
2330 507 2695 578 probationem
2722 525 2840 579 qua:
2885 507 2944 563 ﬁt
2969 523 3064 579 per
3091 523 3254 579 opera
3277 549 3298 576 ,
3320 523 3390 565 ne
3411 511 3534 580 quis
3564 507 3722 565 dicat

2127 598 2292 668 paulo
2317 599 2757 655 inconsideratior
2787 615 2908 656 eum
2950 599 3110 655 talem
3150 614 3271 655 esse
3312 609 3532 670 propter
3569 616 3718 670 pra:-

2124 691 2425 746 scieutiam.
2469 690 2635 746 Porro
2673 690 2793 747 vide
2829 690 3096 762 quomodo
3137 691 3332 748 Paulus
3362 692 3466 749 hoc
3503 691 3718 764 signiﬁ-

2125 789 2230 845 cat,
2255 781 2440 836 dicens
2469 797 2484 834 :
2512 780 2640 836 Cum
2667 783 2800 836 enim
2826 781 3054 836 nondum
3076 781 3184 836 nati
3205 783 3454 852 fuissent,
3485 799 3580 838 nec
3607 783 3721 837 alio-

2125 870 2249 940 quid
2269 870 2387 925 boni
2408 880 2496 924 aut
2515 871 2636 925 mali
2659 873 2906 944 fecissent,
2926 881 2979 927 ut
3000 872 3097 928 Dei
3117 873 3391 929 secundum
3416 875 3720 929 electionem

2127 962 2438 1032 propositum
2466 972 2704 1031 maneret,
2737 979 2838 1018 non
2867 979 2934 1019 ea:
2965 965 3336 1040 operibus,_sed
3368 981 3431 1019 ea:
3460 975 3719 1034 vocante,

2126 1054 2316 1108 dictum
2339 1065 2411 1109 est
2436 1055 2482 1108 ei
2503 1095 2519 1121 ,
2545 1057 2682 1127 quod
2707 1057 2873 1127 major
2893 1059 3070 1112 seruiet
3094 1057 3278 1112 minori
3307 1057 3496 1128 (Rom.
3524 1058 3582 1114 9.
3610 1059 3722 1113 11-

2127 1148 2253 1216 15).
2296 1147 2476 1218 Neque
2503 1147 2642 1204 enim
2675 1147 2935 1204 factorum
2963 1150 3136 1205 exitus
3158 1158 3242 1204 est
3267 1149 3669 1220 exspectandus
3695 1190 3718 1218 ,

2127 1237 2220 1292 sed
2249 1239 2408 1292 etiam
2435 1247 2557 1292 ante
2591 1252 2653 1292 ea
2681 1238 2826 1293 novit
2865 1239 2980 1308 ipse
3011 1254 3133 1294 eum
3169 1239 3260 1310 qui
3297 1239 3471 1294 malus
3490 1279 3508 1305 ,
3532 1248 3592 1295 et
3621 1240 3718 1310 qui

2127 1345 2234 1385 non
2277 1329 2395 1385 talis
2441 1341 2526 1386 est
2573 1330 2800 1386 futurus.
2845 1329 3093 1386 Semitam
3138 1346 3300 1385 meam
3339 1339 3386 1384 et
3423 1331 3716 1403 funiculum

2127 1439 2295 1476 meum
2337 1424 2642 1495 investigasti
2665 1463 2682 1490 ,
2708 1424 2762 1479 4.
2791 1431 2839 1478 et
2879 1439 3052 1478 omnes
3088 1422 3194 1476 vias
3232 1437 3370 1477 meas
3401 1422 3715 1493 prmidistis

2075 1527 2078 1532 '
2128 1514 2596 1582 Quemadmodum.
2623 1514 2916 1570 sessionem
2961 1521 3016 1568 et
3058 1513 3504 1568 resurrectionem
3551 1522 3720 1567 vocat

2127 1603 2266 1660 facta
2300 1621 2366 1660 ex
2401 1606 2787 1662 consuetudine
2813 1621 2829 1659 :
2857 1604 3053 1661 etenim
3083 1618 3182 1661 nos
3207 1604 3367 1660 etiam
3395 1618 3540 1675 saepe
3567 1603 3712 1660 dici-

2129 1713 2249 1754 mus
2277 1717 2291 1754 :
2324 1698 2422 1754 Hic
2449 1698 2614 1762 novit,
2642 1697 2908 1769 quomodo
2933 1695 3116 1764 sedet,
3141 1704 3195 1752 et
3220 1695 3490 1768 quomodo
3517 1696 3714 1767 surgit,

2128 1798 2384 1846 testantes
2410 1789 2526 1858 ejus
2551 1789 2839 1860 perfectam
2865 1789 3112 1845 notitiam
3144 1805 3159 1843 :
3190 1789 3264 1845 ita
3304 1790 3392 1844 hic
3425 1789 3592 1844 etiam
3616 1804 3710 1844 se-

2127 1883 2310 1936 mitam
2349 1889 2404 1936 et
2445 1880 2739 1937 funiculum
2778 1881 2907 1936 dicit
2942 1880 3244 1937 universam
3282 1879 3399 1951 ejus
3427 1881 3614 1935 vitam.
3644 1879 3715 1934 Et

2127 1973 2250 2029 ideo
2275 1974 2541 2044 subjungit
2572 1993 2587 2030 :
2623 1973 2688 2028 Et
2710 1989 2881 2030 omnes
2909 1975 3014 2029 vias
3037 1989 3174 2028 meas
3209 1973 3505 2045 praeuidisti.
3537 1973 3718 2029 Porro

2128 2067 2257 2123 illud
2280 2110 2296 2134 ,
2330 2067 2679 2139 Investigasli,
2704 2082 2814 2123 non
2839 2076 2922 2124 est
2947 2066 3064 2138 ejus
3088 2066 3178 2138 qui
3202 2067 3394 2136 quatit
3416 2105 3432 2131 ,
3464 2081 3566 2122 nec
3589 2064 3722 2134 ejus

2126 2163 2216 2231 qui
2245 2170 2531 2226 scrutatur,
2559 2159 2654 2216 sed
2680 2160 2796 2230 ejus
2820 2159 2911 2232 qui
2937 2159 3086 2215 novit
3108 2158 3361 2230 perfecte.
3389 2157 3502 2214 Hoc
3527 2165 3714 2212 autem

2126 2254 2415 2310 ostendens
2442 2252 2715 2323 subjunxit
2737 2293 2754 2320 ,
2783 2251 3075 2308 Prcoidisti
3095 2268 3115 2307 :
3139 2251 3245 2308 hoc
3267 2260 3352 2308 est
3373 2293 3388 2315 ,
3419 2261 3712 2322 antequam

2127 2345 2318 2402 fierent
2347 2345 2484 2402 nosti
2511 2344 2687 2400 omnia
2724 2343 2860 2400 facta
2901 2343 3039 2399 bona
3067 2351 3124 2399 et
3149 2341 3308 2397 maia.
3345 2341 3480 2410 Quia
3505 2359 3610 2397 non
3635 2350 3718 2398 est

2126 2436 2272 2491 dolus
2304 2437 2357 2490 in
2393 2436 2569 2507 lingua
2594 2450 2724 2492 mea.
2763 2433 2915 2490 Alius
2937 2475 2953 2501 ,
2982 2433 3325 2488 Contradictio
3355 2431 3455 2506 (a),
3485 2432 3596 2488 Hoc
3625 2441 3715 2488 est

2127 2525 2412 2582 maximum
2436 2523 2642 2580 virtutis
2662 2523 2930 2587 indicium,
2957 2522 3059 2578 hoc
3083 2530 3166 2578 est
3187 2537 3392 2577 summa
3419 2522 3712 2588 bonorum,

2126 2621 2228 2678 hoc
2250 2631 2332 2677 est
2366 2619 2507 2692 quod
2536 2618 2776 2676 Christus
2811 2618 3043 2673 maxime
3080 2616 3306 2686 requirit
3331 2615 3551 2671 dicens:
3587 2614 3712 2670 Nisi

2125 2711 2482 2768 convertamini
2511 2719 2558 2764 et
2595 2709 2878 2780 eﬁciamini
2905 2709 3031 2762 sicut
3058 2705 3253 2775 parvuli
3277 2748 3292 2772 ,
3319 2722 3421 2760 non
3453 2706 3709 2775 ingredie-

2126 2805 2250 2859 mini
2282 2805 2336 2857 in
2370 2818 2579 2873 regnum
2616 2800 2855 2855 ctelorum
2895 2797 3107 2870 (Matth.
3133 2797 3220 2853 i8.
3250 2797 3322 2868 5)
3355 2797 3709 2867 :simplicita-

2127 2905 2234 2950 tem
2260 2935 2276 2958 ,
2317 2893 2708 2954 innocentiam,
2739 2891 2886 2946 etab
2927 2889 3072 2944 omni
3113 2887 3236 2943 dolo
3271 2903 3334 2942 ac
3363 2887 3714 2942 simulatione

2126 2987 2476 3044 remotionem
2507 2983 2831 3054 significans.
2853 2979 3114 3048 Quocirca
3142 2981 3412 3050 imperitos
3433 2989 3489 3033 et
3513 2978 3713 3034 idiotas

2125 3081 2285 3150 elegit
2309 3087 2362 3134 et
2387 3078 2556 3133 dixit:
2586 3074 2963 3144 Conﬁteor'tibi,
2985 3071 3159 3139 Pater,
3183 3073 3299 3143 quia
3320 3071 3581 3126 occultasti
3597 3072 3709 3125 lia'c

2126 3190 2158 3226 a
2185 3170 2491 3242 sapientibus
2522 3176 2571 3222 et
2599 3165 2991 3236 intelligentibus
3009 3204 3025 3231 ,
3061 3173 3107 3218 et
3140 3165 3368 3218 revelasti
3395 3179 3454 3218 ea
3483 3164 3708 3234 paruulis

2127 3263 2338 3335 (Matth.
2369 3262 2454 3316 il.
2471 3258 2586 3331 25).
2609 3257 2742 3314 Vide
2768 3267 2944 3312 autem
2969 3273 2984 3310 :
3013 3271 3116 3310 non
3139 3255 3290 3319 dixit,
3313 3255 3444 3322 Quia
3469 3255 3704 3325 suscepi,

2127 3366 2181 3412 et
2209 3355 2338 3426 ejeci
2364 3353 2577 3416 dolum;
2617 3350 2745 3416 sed,
2773 3349 2924 3416 Quod
2952 3363 3055 3403 non
3095 3348 3187 3402 fuit
3227 3361 3493 3416 umquam,
3533 3362 3706 3416 neque

2127 3447 2360 3516 linguam
2385 3457 2556 3497 meam
2581 3441 2813 3508 suscepit
2837 3438 2922 3493 hic
2946 3437 3183 3502 morbus,
3211 3452 3311 3492 nec
3334 3437 3383 3491 ei
3411 3437 3538 3491 vitio
3566 3437 3709 3492 ullus

2128 3551 2374 3606 umquam
2402 3534 2498 3588 fuit
2521 3531 2587 3586 ad
2613 3547 2697 3585 me
2716 3530 2908 3584 aditus.
2937 3529 2991 3584 5.
3021 3528 3166 3593 Ecce,
3191 3528 3421 3594 Domine,
3440 3539 3494 3582 tu
3513 3545 3705 3600 cogno-

2127 3631 2240 3684 uisti
2267 3628 2436 3682 omnia
2463 3624 2730 3679 novissima
2756 3631 2802 3676 et
2827 3622 3051 3692 antiqua.
3081 3619 3196 3676 Non
3234 3620 3582 3690 cogitationes
3615 3636 3708 3676 so-

2129 3723 2261 3789 lum,
2289 3719 2478 3791 inquit,
2511 3717 2669 3783 nosti,
2697 3731 2796 3770 nec
2820 3714 3058 3770 actiones
3082 3753 3096 3778 ,
3129 3728 3230 3769 nec
3255 3713 3366 3767 vias
3396 3727 3542 3766 meas
3561 3753 3578 3776 ,
3609 3712 3705 3767 sed

2129 3814 2305 3872 omnia
2331 3829 2449 3884 qua:
2477 3811 2691 3866 fuerunt
2715 3817 2770 3864 et
2797 3808 2969 3863 futura
2993 3816 3135 3863 sunt.
3167 3805 3246 3863 Tu
3275 3805 3506 3877 {armasti
3533 3822 3632 3871 me,
3656 3813 3705 3859 et

2130 3905 2339 3978 posuisti
2361 3919 2513 3973 super
2529 3918 2610 3956 me
2637 3915 2841 3954 manum
2861 3908 3020 3952 tuam.
3048 3898 3095 3952 A
3120 3896 3431 3966 pra'scieudi
3459 3894 3706 3952 facultate

2129 3997 2340 4054 transiit
2365 3995 2432 4050 ad
2461 3991 2678 4049 creandi
2715 3999 3035 4062 potestatem
3060 4030 3076 4054 ,
3105 3995 3160 4045 et
3192 4001 3377 4043 rursus
3415 4003 3448 4042 a
3487 3985 3702 4043 creandi

2129 4096 2393 4162 potestate
2417 4085 2484 4141 ad
2515 4081 2828 4155 praesciendi
2867 4081 3189 4136 facultatem.
3216 4077 3332 4134 Non
3363 4078 3533 4134 solum
3559 4079 3702 4134 enim

2131 4198 2231 4239 nos
2255 4181 2402 4250 fecit,
2439 4193 2564 4234 cum
2589 4192 2695 4233 non
2722 4189 2984 4240 essemus,
3013 4171 3107 4228 sed
3135 4171 3376 4228 etiamin
3398 4171 3510 4240 jam
3535 4169 3706 4227 factos

2129 4274 2336 4331 obtinet
2360 4271 2662 4342 imperium.

2200 4369 2254 4423 2.
2286 4368 2410 4423 Haec
2435 4375 2657 4436 utraque
2675 4364 2743 4420 de
2763 4363 2976 4419 Christo
3002 4361 3196 4416 Paulus
3217 4368 3458 4426 testatur,
3487 4359 3701 4416 dicens:

2133 4461 2472 4531 Multifariam
2495 4457 2762 4528 multisque
2788 4454 2950 4509 modis
2974 4451 3112 4506 Deus
3141 4452 3262 4506 olim
3291 4452 3524 4520 loquutus
3549 4451 3706 4520 patri-

2131 4552 2221 4606 bus
2240 4552 2293 4604 in
2319 4549 2589 4620 prophetis.
2613 4548 2666 4600 in
2685 4545 2918 4600 extremis
2931 4543 3104 4598 diebus
3125 4543 3354 4613 loquutus
3385 4551 3457 4596 est
3485 4541 3626 4595 nobis
3654 4541 3706 4595 in

2133 4643 2292 4708 Filio,
2313 4657 2458 4712 quem
2475 4639 2637 4709 posuit
2658 4635 2889 4690 heredem
2904 4637 3148 4689 omnium.
3172 4631 3370 4688 Deinde
3383 4632 3500 4702 subj
3509 4647 3708 4700 ungens

2133 4735 2262 4791 dicit
2306 4734 2464 4788 etiam
2507 4727 2772 4798 opiﬁcium
2803 4743 2817 4779 :
2856 4725 2961 4779 Per
3001 4741 3150 4794 quem
3186 4725 3301 4796 fecit
3333 4725 3482 4778 etiam
3523 4726 3708 4778 saecula

2138 4825 2320 4899 (Hebr.
2343 4825 2394 4878 1.
2424 4824 2475 4877 ί.
2503 4821 2538 4874 2
2559 4819 2598 4892 ).
2637 4820 2703 4875 Ει
2728 4833 2848 4872 cum
2870 4817 2939 4873 de
2963 4817 3078 4887 ejus
3107 4815 3402 4871 substantia
3427 4813 3710 4869 disseruis-

2134 4927 2247 4983 set,
2287 4926 2341 4971 et
2376 4912 2632 4977 dixisset,
2661 4909 2758 4977 Qui
2782 4926 2896 4962 cum
2924 4909 2987 4962 sit
3015 4907 3254 4977 splendor
3281 4905 3484 4977 gloriae,
3519 4914 3564 4959 et
3586 4905 3710 4958 cha-

2133 5020 2296 5066 racter
2321 5007 2612 5063 substantiis
2628 5005 2737 5074 ejus
2764 5001 2924 5072 (Ibid.
2954 5017 3000 5055 υ.
3024 5002 3060 5057 5
3082 5001 3122 5068 ),
3155 4999 3387 5054 ostendit
3410 4998 3569 5052 etiam
3594 4997 3711 5062 ejus

2139 5099 2446 5172 przcscicndi
2471 5096 2774 5151 facultatem
2799 5134 2814 5159 ,
2844 5093 3048 5151 dicens.
3081 5089 3144 5144 Et
3175 5091 3340 5160 ferens
3369 5088 3540 5142 omnia
3565 5087 3712 5141 verbo

2138 5191 2394 5262 potestatis
2413 5203 2542 5242 suae.
2569 5186 2638 5242 Et
2665 5183 2731 5238 ad
2751 5183 3099 5239 Colossenses
3122 5180 3362 5236 scribens
3388 5181 3502 5235 hrec
3526 5177 3713 5234 eadem

2138 5299 2323 5340 rursus
2347 5280 2480 5335 dixit
2511 5296 2525 5332 :
2559 5277 2808 5342 Quoniam
2844 5275 2898 5328 in
2931 5291 2989 5328 eo
3031 5282 3199 5328 creata
3234 5283 3353 5326 sunt
3395 5271 3566 5326 omnia
3602 5283 3714 5339 qua:

2137 5385 2254 5431 sunt
2276 5375 2329 5426 in
2349 5372 2486 5425 cretis
2512 5378 2557 5424 et
2583 5382 2697 5438 qua:
2719 5366 2773 5418 in
2798 5375 2960 5432 terra,
2990 5365 3093 5419 sive
3118 5365 3322 5428 throni,
3351 5363 3452 5416 sive
3475 5361 3714 5415 domina-

2140 5469 2318 5530 tiones,
2340 5465 2442 5519 sive
2461 5460 2793 5535 principatus,
2814 5458 2916 5513 sive
2931 5463 3216 5526 potestates,
3230 5454 3401 5508 omnia
3420 5469 3510 5523 per
3525 5453 3714 5522 ipsum,

2205 5580 2277 5640 (α)
2309 5583 2420 5640 ηερ
2443 5573 2779 5640 interpretatio
2820 5573 2870 5620 in
2891 5568 3182 5640 quibusdam
3195 5565 3718 5640 exemplayjbusng—

2147 5627 2316 5693 macho
2335 5627 2583 5688 tribuitur:
2603 5634 2726 5684 Vide
2757 5627 2923 5683 notaui
2939 5630 2996 5679 ad
3021 5630 3145 5678 hunc
3170 5627 3333 5677 locum
3350 5627 3404 5677 in
3424 5627 3680 5690 Hexaplis.
