4116 6204
330 341 436 398 ιη

705 465 814 518 ΕΙΣ
851 466 985 523 ΤΟΝ
1021 469 1176 525 PAH'
1213 472 1538 530 ‘I’AAMON.

681 548 786 614 Εἰς
817 551 882 603 τὸ
912 551 1106 619 τέλος,
1135 549 1216 619 τῷ
1251 557 1555 622 νικοποιῷ.

509 627 715 698 Κύριε,
750 630 1112 702 ἐδοκίμασάς
1133 652 1244 706 με,
1285 637 1384 691 καί
1411 638 1598 708 ἔγνως
1636 655 1736 709 με.

403 728 474 786 α’.
492 731 560 784 Τί
590 731 768 799 λέγεις
783 751 798 798 ;
819 734 959 804 μετά
971 737 1032 791 10
1045 738 1336 809 δοκιμάσαι
1353 736 1496 794 οἶδεν
1515 742 1546 794 0
1563 740 1714 807 Θεδς,
1731 740 1838 812 πρδ
1852 741 1912 794 δέ

333 818 626 888 δοκιμάσαι
657 819 758 873 οὐκ
789 817 958 888 οἰδεν;
981 825 1134 894 Ούχὶ,
1164 825 1240 896 μὴ
1265 826 1496 894 γένοιτοί
1522 828 1646 891 Πῶς
1676 827 1806 899 γάρ,
1845 828 1906 882 '0

331 904 414 956 τὰ.
435 905 612 957 πάντα
637 903 792 968 εἰδὼς
819 908 948 976 πρὶν
967 910 1232 977 γενέσεως
1259 912 1474 979 αύτῶνς
1501 911 1636 967 ἀλλά
1655 913 1737 977 τὸ,
1764 913 1914 968 Ἐδο-

332 990 596 1057 κίμασάς
622 1007 718 1060 με,
765 991 1031 1064 ’Δκριϐῶς
1061 998 1356 1053 ἐπίστασαί
1385 1017 1479 1069 με,
1507 1001 1674 1054 ἐστίν.
1704 1001 1912 1073 Ὠσπερ

333 1077 445 1148 γὰρ
463 1079 494 1130 0
517 1078 994 1143 Ἀπόστολος,ὅταν
1021 1081 1176 1154 λέγῃ,
1197 1085 1278 1138 δτι
1315 1088 1511 1159 ἐρευνᾷ
1536 1087 1634 1154 τάς
1661 1088 1910 1160 καρδίας,

333 1165 435 1218 οὐκ
454 1163 674 1232 ἄγνοιαν
698 1167 995 1235 ἐμφαίνων,
1016 1168 1149 1224 ἀλλά
1164 1168 1263 1242 τὴν
1281 1172 1482 1245 ἀκριϐῆ
1501 1174 1726 1245 εἴδησιν,
1743 1173 1909 1243 λέγει’

333 1250 479 1304 οὕτω
501 1252 564 1322 δὴ
593 1253 688 1305 καὶ⁸
720 1247 872 1318 οὗτος
896 1251 1086 1324 λέγων,
1116 1257 1511 1328 Ἐδοκίμασάς
1525 1277 1623 1330 με,
1654 1261 1752 1333 τὴν
1776 1258 1916 1331 γνῶ-

337 1356 426 1394 σιν
456 1338 554 1410 τὴν
587 1341 931 1412 σαφεστάτην
962 1343 1130 1414 δηλοῖ,
1163 1347 1462 1413 τουτέστιν,
1496 1348 1762 1421 ’Δκριϐῶς
1792 1348 1915 1402 ἐπί-

339 1429 530 1482 στασαί
565 1446 653 1499 με.
685 1431 769 1484 Σὺ
813 1430 1003 1500 ἔγνως
1033 1431 1148 1500 thr
1187 1434 1481 1505 καθέδραν
1503 1455 1642 1508 μου,
1678 1436 1775 1492 καί
1801 1435 1916 1506 τὴν

338 1516 586 1586 ἔγερσιν
602 1535 746 1586 μου.
773 1518 1059 1591 Καθέδραν
1087 1521 1180 1575 καὶ
1206 1521 1422 1596 ἔγερσιν
1448 1525 1539 1580 τὸν
1568 1525 1681 1595 βίον
1702 1525 1918 1580 ἅπαντά

339 1621 504 1673 φησιν
524 1620 539 1634 ο
578 1605 636 1656 ἐν
678 1604 787 1676 γάρ
819 1606 1030 1670 τούτοις
1071 1609 1203 1679 ἡμῖν
1230 1622 1256 1651 ι
1289 1612 1318 1664 0
1359 1610 1473 1680 βίος
1493 1628 1507 1642 ο
1537 1612 1636 1676 τὰς
1665 1613 1913 1684 πράξεις,

338 1691 438 1754 τάς
459 1692 755 1763 ἐνεργείας,
785 1692 884 1757 τάς
906 1693 1162 1759 εἰσόδους,
1186 1697 1286 1760 τὰς
1315 1697 1544 1762 ἐξόδους.
1568 1695 1699 1753 Εἶτα
1729 1698 1916 1771 ἐπειδὴ

341 1777 638 1850 ἀρχόμενος
667 1779 871 1848 ἔλεγεν,
908 1780 1305 1851 Ἐδοκίμασάς
1330 1802 1436 1854 με,
1463 1785 1552 1841 ἴνα
1573 1787 1646 1858 μή
1683 1804 1768 1851 τις
1807 1786 1916 1841 τῶν

341 1865 584 1936 ἀνοήτων
605 1867 821 1938 νομίσῃ,
841 1869 922 1920 δτι
951 1868 1059 1922 ἀπὸ
1086 1868 1314 1942 δοκιμῆς
1339 1866 1498 1937 οἶδεν,
1525 1872 1559 1944 ἢ
1587 1873 1693 1926 ἀπὺ
1723 1875 1917 1945 πείρας

342 1953 679 2022 πραγμάτων
700 1993 715 2017 ,
770 1952 859 2007 διά
899 1953 961 2008 10
993 1957 1185 2021 εἰπεῖν,
1217 1958 1438 2028 Ἐγνως
1477 1959 1592 2027 τὴν
1623 1959 1918 2028 καθέδραν

339 2057 478 2112 μου,
497 2041 594 2094 καί
623 2040 739 2110 τὴν
756 2043 1000 2112 ἔγερσιν
1016 2061 1157 2114 μου,
1183 2047 1286 2118 δρα
1312 2048 1426 2110 πῶς
1459 2048 1589 2101 «010
1613 2047 1916 2120 διορθοῦται

339 2128 431 2182 διά
455 2128 554 2198 τῆς
585 2129 901 2200 ἐπαγωγῆς,
925 2125 996 2202 ἦς
1019 2133 1265 2203 ἐπήγαγε
1292 2133 1486 2202 λέγων,
1522 2133 1607 2188 Σὺ
1638 2133 1917 2204 συνῆκας

339 2215 485 2281 τοὺς
510 2216 935 2284 διαλογισμούς
973 2235 1094 2286 μου
1142 2219 1262 2274 ἀπὸ
1304 2222 1622 2290 μακρόθεν.
1669 2221 1915 2276 Δείκνυσι

241 2360 244 2363 _
341 2304 451 2375 γάρ
481 2303 568 2356 διὰ
596 2303 807 2368 τούτου,
830 2305 912 2358 δτι
949 2306 1071 2377 οὐχὶ
1087 2303 1567 2379 δοκιμασίᾳ-οἶδεν.
1592 2309 1712 2363 οὐδὲ
1742 2309 1914 2363 δεῖται

341 2389 439 2447 τοῦ
481 2392 822 2463 δοκιμάσαι,⁴
855 2391 992 2447 ἀλλά
1037 2397 1417 2467 προγνωστικῇ
1465 2395 1691 2466 δυνάμει
1741 2397 1918 2449 πάντα

343 2478 653 2535 ἐπίσταται.
697 2481 756 2532 ’0
783 2481 892 2551 γὰρ
923 2479 1213 2550 λογισμοὺς
1251 2480 1407 2544 εἰδὼς
1439 2483 1498 2535 ἐν
1534 2482 1611 2552 τῷ
1639 2481 1714 2553 νῷ
1740 2483 1769 2522 ι)
1801 2499 1917 2536 κει-

345 2566 562 2640 μένους,
608 2568 668 2620 ού
714 2566 883 2620 δεῖται
912 2568 1011 2638 τῆς
1065 2567 1153 2621 διά
1203 2568 1308 2621 τῶν
1351 2568 1527 2639 ἔργων
1578 2570 1915 2640 δοκιμασίας.

347 2654 556 2716 ¹Ἄλλως
583 2656 640 2710 δέ
671 2656 791 2708 ούδέ
830 2655 1182 2726 κινουμένους
1223 2656 1382 2727 μόνον
1411 2660 1469 2710 ἐν
1509 2656 1586 2728 τῷ
1619 2655 1700 2710 νοῒ
1746 2653 1915 2720 οἶδεν,

343 2741 479 2796 ἀλλά
508 2744 600 2795 καὶ
637 2743 765 2813 πρὶν
793 2741 826 2812 ἢ
855 2743 1173 2814 κινηθῆναι·
1211 2744 1304 2796 καὶ
1342 2743 1466 2796 ούδέ
1505 2742 1686 2805 ἁπλῶς
1717 2744 1846 2814 πρὶν
1881 2743 1915 2815 ἢ

344 2830 648 2900 κινηθῆναι.
676 2829 810 2883 ἀλλά
833 2831 924 2883 καὶ
952 2831 1057 2902 πρὸ
1082 2830 1274 2884 πολλοῦ
1298 2831 1391 2884 τοῦ
1412 2832 1623 2903 χρόνου.
1641 2831 1731 2884 Διὸ
1749 2829 1921 2884 ταῦτα

345 2917 581 2988 δηλῶσαι
617 2916 955 2987 βουλόμενος,
980 2919 1224 2989 ἐπήγαγε
1255 2917 1335 2982 τὸ,
1361 2918 1446 2972 Σὺ
1483 2917 1760 2986 συνῆκας
1779 2918 1922 2985 τοὺς

345 3004 772 3073 διαλογισμούς
794 3022 912 3075 μου
937 3005 1054 3058 ἀπὸ
1078 3006 1395 3074 μακρόθεν.
1432 3005 1496 3058 EE
1528 3005 1706 3058 τοίνυν
1732 3001 1871 3059 οἶδεν
1893 3016 1916 3044 ο

345 3096 374 3148 0
412 3094 544 3157 Θεὸς
589 3094 683 3146 καὶ
719 3095 843 3156 τοὺς
875 3093 1278 3164 διαλογισμοὺς,
1326 3093 1468 3157 τίνος
1500 3093 1683 3148 ἕνεκεν
1727 3095 1921 3164 ἐπάγει

347 3182 445 3253 τὴν
477 3181 563 3234 διὰ
611 3181 718 3234 τῶν
766 3181 940 3253 ἔργων
973 3181 1232 3253 δοκιμήν;
1281 3182 1391 3250 Οὐχ
1426 3183 1514 3236 ἵνα
1554 3181 1716 3246 αὐτὸς
1751 3182 1919 3255 μάθῃ.

349 3271 465 3324 ἀλλ’
496 3271 582 3322 ἵνα
609 3271 733 3332 τοὺς
759 3271 1124 3340 ὑπομένοντας
1155 3271 1408 3338 δοκίμους
1431 3271 1752 3342 ἐργάσηται.
1770 3271 1922 3324 Ἐπεὶ

349 3359 449 3414 καὶ
475 3359 564 3412 τὸν
595 3359 712 3411 Ἰὼϐ
741 3359 854 3432 ᾔδει
883 3358 989 3429 πρὸ
1017 3360 1112 3430 τῆς
1135 3360 1330 3431 πείρας
1350 3378 1363 3390 °
1395 3360 1476 3414 διὸ
1507 3362 1598 3414 καὶ
1626 3359 1923 3432 ἐμαρτύρει

349 3446 553 3514 λέγων’
597 3448 927 3514 Ἀνθρωπος
962 3447 1219 3513 δίκαιος,
1258 3446 1545 3514 ἀληθινὸς
1567 3486 1581 3509 ,
1616 3447 1922 3512 θεοσεϐὴς.

365 3534 503 3588 Ἀλλ’
538 3535 784 3602 ἐπήγαγε
835 3536 933 3603 τὴν
967 3537 1182 3605 πεῖραν.
1227 3533 1368 3588 ὥστε
1399 3535 1605 3588 ἐκεῖνόν
1635 3553 1694 3588 τε
1731 3552 1926 3605 καρτε-

356 3621 650 3692 ρικώτερον
683 3621 1050 3692 ἐργάσασθαι,
1088 3623 1181 3674 καὶ
1211 3621 1305 3674 τοῦ
1339 3622 1582 3675 διαϐόλου
1631 3621 1728 3692 τὴν
1761 3640 1927 3692 πονη-

365 3711 485 3780 ρίαν
518 3709 752 3776 ἐλέγξαι,
786 3710 880 3762 καὶ
910 3709 936 3748 (ι
968 3710 1092 3772 τοὺς
1127 3709 1315 3772 ἄλλους
1348 3709 1798 3781 σπουδαιοτέρους
1834 3708 1924 3762 διά

355 3795 451 3848 τοῦ
494 3795 928 3866 παραδείγματος
981 3795 1224 3865 ποιῆσαι.
1271 3797 1381 3850 Kal
1411 3797 1463 3849 τί
1505 3797 1842 3867 θαυμάζεις,
1880 3797 1928 3848 εί

357 3885 450 3940 ἐπὶ
483 3884 576 3940 τοῦ
605 3884 722 3937 Ἰὼϐ
749 3883 906 3936 τοῦτο
935 3885 1252 3954 πεποίηκεν,
1279 3885 1410 3937 ὅπου
1438 3901 1500 3954 γε
1528 3886 1622 3938 καὶ
1651 3884 1803 3956 [410]
1831 3885 1925 3939 ἐπὶ

357 3973 467 4027 τῶν
496 3969 836 4041 ἁμαρτωλῶν
864 3970 926 4022 τὸ
958 3970 1088 4022 αὐτὸ
1117 3982 1142 4010 θ
1168 3970 1498 4040 ἐργάζεται;
1529 3972 1668 4034 Τοὺς
1695 3971 1802 4042 γάρ
1836 3972 1933 4024 Νι-

359 4062 573 4120 νευῖτας
600 4058 714 4128 ᾔδει
751 4057 936 4125 σαφῶς
961 4057 1062 4116 οὐκ
1096 4057 1280 4126 ἀξίους
1303 4059 1461 4120 ὄντας
1489 4057 1770 4121 ἀπολέσαι,
1797 4056 1934 4110 ἀλλά

359 4147 448 4204 διὰ
489 4147 587 4215 τῆς
628 4144 912 4215 μετανοίας
963 4143 1204 4212 βελτίους
1250 4143 1564 4213 ἐωμένους·
1612 4142 1729 4196 ἀλλ’
1781 4143 1935 4213 ὅμως

361 4233 558 4301 ἐπάγει
605 4232 700 4286 καί
741 4232 836 4302 τὴν
882 4230 970 4284 διὰ
1009 4229 1119 4284 τῶν
1171 4229 1510 4302 πραγμάτων
1566 4231 1760 4300 πεῖραν
1783 4246 1799 4262 ο
1841 4231 1936 4283 καὶ

361 4318 639 4389 πανταχοῦ
683 4317 882 4381 πολλὰς
927 4316 1228 4380 ἀποδείξεις
1288 4316 1585 4388 παρέχεται
1628 4316 1726 4386 τῆς
1771 4314 1934 4369 αὑτοῦ

361 4404 685 4476 κηδεμονίας
724 4406 818 4458 καὶ
857 4405 952 4474 τῆς
990 4403 1413 4475 φιλανθρωπίας,
1445 4402 1544 4458 οὐκ
1595 4401 1935 4474 ἀρκούμενος

361 4496 430 4566 τῇ
463 4491 628 4547 αὑτοῦ
666 4491 861 4561 γνώσει
890 4491 936 4548 ί.

434 4579 533 4635 Διά
556 4581 713 4636 τοῦτο
741 4580 834 4635 καὶ
857 4583 886 4635 0
914 4579 1223 4651 Μονογενὴς
1251 4578 1456 4649 ἐλεγενο
1489 4580 1559 4636 Εἰ
1582 4576 1670 4649 μὴ
1696 4576 1845 4633 ποιῶ
1865 4577 1938 4632 τὰ

364 4669 508 4740 ἔργα
538 4669 642 4723 τοῦ
681 4669 913 4736 Πατρός
943 4685 1096 4736 μου,
1130 4666 1217 4736 μὴ
1258 4666 1570 4720 πιστεύετέ
1593 4683 1694 4736 μοι
1716 4681 1732 4696 ·
1772 4667 1826 4720 εἰ
1872 4663 1941 4720 δὲ

365 4755 532 4820 ποιῶ,
561 4757 676 4810 κᾶν
693 4756 822 4825 ἐμοὶ
835 4754 923 4824 μὴ
957 4754 1300 4822 πιστεύητε,
1322 4753 1442 4819 τοῖς
1475 4753 1670 4822 ἔργοις
1697 4753 1941 4808 πιστεύ-

368 4860 534 4898 σατε.
581 4843 798 4914 Ἐπειδὴ
849 4842 961 4913 γὰρ
1013 4841 1198 4895 πολλοὶ
1233 4841 1527 4913 παχύτεροι
1574 4842 1672 4912 τὴν
1717 4839 1942 4912 γνώμην

365 4931 536 4996 ὄντες,
567 4934 662 4986 καὶ
685 4931 1021 5000 ἀναίσθητοι,
1043 4929 1212 4985 πολλά
1235 4931 1458 4984 τοιαῦτα
1485 4929 1834 4999 φθέγγονται,
1855 4931 1938 4984 ὅτι

366 5017 457 5070 τὸν
483 5020 632 5071 δεῖνα
672 5015 971 5082 ἐξελέξατο,
1009 5017 1104 5070 καὶ
1132 5017 1224 5070 τὸν
1257 5016 1405 5070 δεῖνα
1443 5016 1691 5088 ἐφίλησε,
1727 5019 1820 5071 καὶ
1852 5015 1945 5070 τὸν

366 5106 516 5160 δεῖνα
550 5107 803 5176 ἐμίσησε,
826 5101 914 5157 διὰ
941 5101 1098 5156 τοῦτο
1129 5107 1158 5156 0
1186 5104 1282 5174 μὲν
1316 5104 1572 5174 πονηρὸς,
1592 5105 1621 5156 0
1649 5104 1706 5158 δὲ
1746 5103 1946 5172 φαῦλος

371 5193 614 5262 ἐγένετο’
661 5190 769 5244 ἀπὸ
817 5188 925 5241 τῶν
951 5190 1290 5259 πραγμάτων
1329 5189 1540 5256 πείθει,
1567 5190 1667 5262 τὴν
1713 5191 1943 5246 ἑκάστου

371 5279 575 5334 τούτων
603 5274 984 5348 διορθούμενος
1014 5274 1257 5346 γνώμην,
1273 5275 1366 5328 καὶ⁵
1386 5277 1652 5347 παράγων
1674 5279 1756 5342 εἰς
1787 5277 1948 5348 μέσον

437 5437 463 5466 ⁸
488 5435 600 5486 Sav.
626 5434 787 5494 ἡμῶν.

437 5497 466 5536 ιι
494 5496 630 5544 Unus
648 5487 733 5542 ἐπὶ
767 5490 836 5550 τῷ
858 5489 946 5548 νῷ.
971 5495 1024 5535 el
1041 5487 1249 5550 310$“.

439 5558 464 5590 °
487 5557 601 5606 Sav.
627 5547 879 5617 μακρόθεν.
908 5549 999 5617 Kal
1023 5548 1200 5617 51010;:
1226 5547 1382 5617 φησίν.

430 5617 466 5658 ’ὁ
493 5619 599 5666 Duo
623 5608 742 5664 iussi
766 5610 994 5680 πονηρίαν
1022 5608 1439 5714 ἰμὲράξαιὶκαίηει
1457 5611 1522 5658 Ita
1545 5609 1656 5660 Sav.

445 5694 469 5714 ο
488 5679 598 5714 Qu.
623 5675 770 5714 mam
792 5671 926 5714 αὐτο.
947 5669 1050 5714 Mox
1108 5681 1182 5714 av.
1208 5684 1295 5714 ουκ
1313 5670 1464 5714 αξιουε
1489 5671 1656 5714 ὄντοιεά

402 5725 412 5734 ,
445 5694 469 5720 ο
488 5679 599 5727 Sav.
623 5675 770 5725 10610
792 5669 926 5734 αὐτὸ.
947 5669 1050 5718 Mox
1072 5669 1182 5734 δαν.
1208 5669 1295 5714 οὐκ
1313 5669 1464 5734 ἀξίους
1489 5671 1622 5734 ὄντας
1639 5675 1893 5724 ἀπολέσθαι
1919 5714 1950 5727 ..

383 5727 465 5797 καί
481 5740 610 5797 ὅμως
633 5737 815 5797 ἐπάγει.
852 5731 1001 5797 Forte;
1023 5727 1199 5776 melius
1221 5729 1502 5789 particulam
1527 5732 1611 5779 οὐκ
1631 5742 1950 5796 εκρυιιτιειίε.

449 5795 468 5841 ί
495 5791 634 5853 Mitis
657 5803 712 5860 τῇ
737 5791 892 5856 οἰκείᾳ
916 5791 1098 5838 γνώσει.

1305 352 1669 415 EXPOSI'I'IO
1703 355 1774 415 IN
1811 355 2143 417 PSALIIUM
2172 359 2508 420 CXXXVIII.

3476 369 3590 426 ΜΞ

2017 479 2118 552 τὴν
2149 481 2257 535 ἀπὸ
2282 481 2390 537 τῶν
2417 482 2593 554 ἔργων
2619 479 2916 544 ἀπόδειξιν,
2950 478 3044 532 καὶ
3067 477 3428 548 ἀποφαίνεται.
3467 480 3590 550 μὲν,

2017 566 2112 620 καὶ
2149 567 2256 638 πρὸ
2281 568 2390 623 τῶν
2421 568 2790 639 πραγμάτων,
2819 567 2901 619 ὅτι
2946 565 3194 634 ἐνάρετος
3223 567 3253 618 0
3288 568 3462 630 δεῖνα,
3503 567 3594 620 ἵνα

1971 718 1974 720 γ
2021 651 2264 722 μάθωσιν
2305 654 2472 708 «0106
2509 655 2610 725 τὴν
2651 649 3062 725 προγνωστικὴν
3103 649 3362 720 δύναμινο
3394 653 3592 720 ἐπάγει

2016 739 2075 792 δέ
2109 741 2201 795 καὶ
2233 742 2336 813 τὴν
2357 742 2445 796 διά
2471 743 2579 796 τῶν
2608 740 2948 814 πραγμάτων
2973 739 3363 810 πληροφορίαν,
3394 742 3480 793 ἵνα
3515 743 3588 810 μή

2017 844 2101 891 τις
2119 828 2228 882 τῶν
2254 831 2496 901 ἀνοήτων
2523 830 2672 901 εῐπῃ,
2697 829 2778 882 ὅτι
2813 825 2900 880 διά
2928 827 3033 898 τὴν
3058 826 3360 898 πρόρρησιν
3384 829 3412 879 0
3445 827 3594 879 δεῖνα

2016 913 2256 980 τοιοῦτος
2294 913 2385 988 ἦν.
2431 918 2572 988 Ὅρα
2613 914 2742 985 γοῦν
2798 915 2893 969 καὶ
2932 917 2962 969 0
3013 912 3225 976 Παῦλος
3273 913 3391 976 πῶς
3435 913 3596 966 τοῦτο

2017 1001 2188 1072 δηλοῖ,
2221 1003 2394 1073 λέγων
2409 1021 2423 1035 ο
2453 1001 2643 1070 Μήπω
2666 1001 2776 1072 γὰρ
2801 1000 3229 1072 γεννηθέντων,
3259 999 3412 1068 μηδὲ
3445 1012 3596 1066 πρα-

2019 1087 2255 1154 ξάντων
2284 1108 2339 1144 τι
2383 1090 2611 1160 ἀγαθὸν
2643 1089 2680 1157 ἢ
2713 1087 2922 1152 κακὸν,
2965 1088 3067 1140 ἵνα
3098 1086 3136 1154 ἡ
3177 1085 3303 1139 κατ’
3328 1085 3596 1151 ἐκλογὴν

2019 1177 2302 1246 πρόθεσις
2337 1161 2442 1232 τοῦ
2481 1176 2631 1232 Θεοῦ
2667 1175 2844 1246 μένῃ,
2876 1177 2987 1229 οὐκ
3007 1174 3081 1238 ’ἐξ
3115 1175 3322 1243 ἔργων,
3351 1172 3486 1226 ἀλλ’
3523 1172 3595 1226 ἐκ

2018 1264 2126 1318 τοῦ
2158 1265 2492 1330 καλοῦντος
2519 1264 2724 1333 ἐρρέθη
2755 1261 2946 1330 αὐτῇ,
2987 1262 3075 1315 ὅτι
3117 1265 3148 1316 ὀ
3191 1260 3404 1330 μείζων
3449 1259 3594 1314 δου-

2017 1353 2227 1407 λεύσει
2259 1351 2338 1418 τῷ
2380 1351 2696 1406 ἐλάσσονι.
2735 1351 2901 1404 Οὐδὲν
2935 1349 3041 1421 γὰρ
3080 1348 3249 1402 δεῖται
3298 1349 3593 1417 ἀναμεῖναι

2019 1436 2128 1492 τῶν
2153 1437 2328 1510 ἔργων
2355 1437 2416 1490 τὸ
2457 1437 2630 1500 τέλος,
2663 1435 2801 1490 ἀλλά
2844 1436 2937 1489 καὶ
2964 1435 3069 1505 πρὸ
3090 1434 3296 1488 τούτων
3323 1431 3460 1487 οἶδεν
3498 1434 3596 1486 «0-

2020 1524 2110 1588 τὸς
2131 1524 2222 1578 τὸν
2245 1523 2465 1594 φαῦλον,
2487 1523 2681 1578 καὶτὸν
2702 1524 2763 1577 00
2785 1522 3022 1576 τοιοῦτον
3047 1521 3321 1592 ἐσόμενον.
3341 1520 3460 1589 Thr
3477 1522 3600 1590 τρι-

2022 1612 2128 1664 ϐον
2148 1629 2268 1680 μου
2296 1611 2393 1665 καί
2421 1609 2534 1679 thr
2563 1609 2810 1679 σχοῖνόν
2836 1625 2957 1678 μου
2981 1607 3063 1662 σὺ
3091 1607 3464 1675 ὲξιχνίασας,
3492 1608 3596 1662 καὶ

2020 1698 2225 1765 πάσας
2256 1699 2362 1766 τὰς
2396 1698 2576 1766 ὁδούς
2599 1716 2719 1768 μου
2754 1695 3046 1766 προεῖδες.
3079 1697 3289 1768 ’Ὥσπερ
3331 1695 3600 1766 καθέδραν

2021 1787 2116 1841 καὶ
2141 1786 2356 1860 ἔγερσιν
2396 1784 2499 1850 τάς
2527 1785 2754 1857 πράξεις
2797 1783 2946 1853 λέγει
2977 1783 3086 1838 ἀπὸ
3116 1784 3216 1854 τῆς
3253 1783 3438 1854 κοινῆς
3472 1799 3600 1835 συν-

2022 1873 2242 1945 ηθείας·
2273 1874 2368 1928 καὶ
2407 1873 2516 1945 γάρ
2558 1871 2817 1936 πολλάκις
2852 1871 2946 1924 καὶ
2975 1871 3137 1942 ἡμεῖς
3165 1869 3420 1940 λέγομεν,
3446 1863 3599 1922 Οἶδεν

2021 1964 2050 2015 0
2074 1961 2240 2026 δεῖνα,
2277 1960 2395 2026 πῶς
2449 1959 2718 2030 κάθηται,
2765 1957 2882 2022 πῶς
2913 1957 3222 2029 ἐγείρεται,
3261 1955 3360 2028 τὴν
3393 1955 3600 2026 ἀκριϐῆ

2022 2049 2184 2104 «0106
2212 2048 2415 2118 γνῶσιν
2443 2047 2847 2120 μαρτυροῦντες
2865 2063 2880 2078 ·
2903 2044 3046 2100 οὕτω
3067 2045 3254 2117 τρίϐον
3276 2046 3369 2098 καὶ
3392 2045 3601 2113 σχοῖνον

2001 2135 2255 2190 ἐνταῦθα
2275 2136 2374 2208 τὴν
2393 2134 2537 2205 ζωὴν
2564 2133 2731 2188 αὑτοῦ
2753 2135 2932 2188 πᾶσαν
2953 2132 3120 2202 λέγει.
3139 2132 3230 2186 Διὸ
3255 2132 3347 2186 καὶ
3372 2132 3598 2198 ἐπάγει·

2021 2223 2132 2279 Καὶ
2170 2222 2372 2289 πάσας
2403 2221 2511 2289 τὰς
2540 2221 2720 2288 ὁδούς
2741 2239 2862 2291 μου
2892 2220 3184 2289 προεῖδες.
3215 2218 3328 2274 Καὶ
3363 2218 3424 2272 10
3468 2218 3603 2283 Ἐξ-

2024 2312 2303 2378 ιχνίασας
2338 2308 2418 2372 δὲ,
2451 2309 2513 2362 οὐ
2557 2307 2846 2379 ζητοῦντός
2867 2309 3035 2369 ἐστιν,
3077 2305 3199 2359 ούδέ
3251 2303 3598 2376 ἐρευνῶντος,

2022 2397 2135 2453 ἀλλ’
2165 2395 2406 2468 ἀκριϐῶς
2434 2394 2820 2467 ἐπισταμένου.
2843 2393 2948 2447 Kal
2975 2391 3134 2446 10610
3157 2391 3370 2455 δεικνὺς
3392 2391 3604 2461 ἐπήγα-

2023 2504 2108 2556 γε,
2132 2485 2428 2554 Προεῖδες·
2459 2485 2729 2549 τουτέστι,
2755 2485 2893 2558 Πρὶν
2917 2483 2951 2554 ἢ
2979 2481 3232 2551 γενέσθαι
3256 2475 3402 2543 οἶδας
3424 2479 3605 2543 πάσας

2022 2575 2123 2637 τὰς
2155 2571 2384 2644 πράξεις
2411 2572 2511 2637 τὰς
2538 2572 2782 2645 πονηρὰς
2829 2573 2924 2627 καὶ
2953 2573 3057 2637 τὰς
3087 2569 3321 2641 ἀγαθάς.
3339 2571 3468 2623 Ὅτι
3490 2569 3605 2620 οὐκ

2024 2661 2157 2716 ἐστι
2187 2662 2466 2733 δόλος,ὲν
2498 2661 2751 2733 γλώσσῃ
2782 2679 2924 2732 μου.
2955 2661 3172 2724 Ἄλλος,
3208 2655 3604 2726 Ἐτερολογία.

2026 2749 2197 2802 Τοῦτο
2222 2749 2476 2820 μέγιστον
2508 2749 2807 2821 τεκμήριον
2851 2747 3057 2820 ἀρετῆς
3076 2789 3092 2813 ,
3120 2745 3278 2800 τοῦτο
3313 2743 3608 2812 κεφάλαιον

2027 2836 2135 2892 τῶν
2168 2836 2424 2905 ἀγαθῶν,
2470 2837 2630 2890 τοῦτο
2668 2837 2698 2889 0
2744 2835 2978 2906 μάλιστα
3025 2835 3054 2888 0
3092 2831 3328 2905 Χριστὸς
3361 2828 3611 2900 ἐπιζητεῖ

2027 2923 2203 2992 λέγων
2225 2939 2238 2953 ·
2287 2924 2429 2977 Ἐὰν
2467 2922 2554 2993 μὴ
2599 2921 2942 2992 στραφῆτε,
2985 2920 3084 2975 καί
3125 2920 3384 2991 γένησθε
3419 2917 3500 2983 ὡς
3535 2909 3611 2968 td

2029 3009 2254 3073 παιδία,
2283 3011 2356 3064 οὐ
2396 3009 2482 3079 μὴ
2515 3011 2830 3078 εἰσέλθητε
2861 3011 2950 3076 εἰς
2990 3009 3108 3078 thr
3134 3006 3464 3073 ,ϐασιλειαν
3489 3001 3611 3057 τῶν

2029 3098 2329 3168 οὐρανῶν·
2360 3099 2423 3153 τὸ
2469 3099 2696 3162 ἀκακον,
2729 3099 2790 3152 10
2837 3097 3052 3164 ἀδολον,
3080 3097 3144 3150 10
3189 3095 3466 3150 ἄπλαστον
3512 3091 3610 3144 καὶ

2031 3186 2223 3254 ἀφελὲς
2259 3185 2642 3257 αἰνιττόμενος.
2679 3185 2770 3239 Διὸ
2803 3185 2896 3239 καὶ
2931 3183 3146 3248 ἰδιώτας
3177 3182 3476 3250 ἐξελέξατο,
3507 3178 3607 3232 καὶ

2031 3276 2214 3344 ἔλεγεν
2233 3290 2246 3305 °
2292 3274 2796 3344 Ἐξομολογοῦμαί
2838 3287 2959 3339 σοι,
2991 3273 3202 3344 Πάτερ,
3233 3272 3324 3326 ὅτι
3354 3268 3614 3336 ἀπέκρυ-

2031 3369 2153 3434 ψας
2172 3362 2326 3419 αὐτὰ
2350 3362 2466 3418 ἀπὸ
2485 3361 2696 3433 σοφῶν
2724 3362 2824 3416 καὶ
2861 3361 3155 3429 συνετῶν,
3187 3360 3286 3416 καί
3308 3356 3614 3414 ἀπεκάλυ-

2032 3456 2157 3522 ψας
2178 3451 2332 3506 αὐτὰ
2361 3451 2621 3520 νηπίοις.
2645 3451 2806 3521 Ὅρα·
2842 3453 2942 3504 οὐκ
2971 3446 3142 3512 εἶπεν,
3179 3450 3260 3502 ὅτι
3291 3445 3611 3516 Ἐδεξάμην,

2033 3540 2126 3594 καὶ
2155 3539 2426 3593 ἀπέϐαλον
2453 3537 2544 3592 τὸν
2571 3537 2743 3592 δόλον·
2770 3537 2906 3602 ἀλλ’,
2941 3539 3024 3591 ὅτι
3054 3536 3189 3592 Ούδέ
3218 3533 3434 3604 ἐγένετό
3461 3547 3611 3596 ποτε,

2033 3625 2152 3681 οὐδὲ
2183 3625 2354 3695 ἐπέϐη
2383 3626 2482 3698 τῆς
2514 3624 2760 3694 γλώττης
2791 3624 2894 3694 τῆς
2923 3623 3066 3694 ἐμῆς
3094 3621 3242 3676 τουτὶ
3276 3619 3338 3673 τὸ
3376 3617 3615 3690 νόσημα,

2035 3713 2148 3765 ἀλλ’
2174 3711 2372 3774 ἄϐατος
2400 3712 2433 3782 ἡ
2457 3711 2694 3783 πονηρία
2712 3712 2806 3765 ἀπ’
2832 3708 2966 3782 ἐμοῦ
2991 3709 3128 3778 αῦτη
3153 3707 3398 3776 γέγονεν.
3425 3703 3610 3767 Ἰδοὺ,

2036 3799 2209 3868 Κύριε
2218 3838 2230 3861 ,
2243 3798 2324 3852 σὺ
2338 3797 2680 3870 [41ηέγνως
2695 3797 2914 3860 πάντα,
2931 3799 3003 3850 τὰ
3020 3797 3246 3864 ἔσχατα
3257 3794 3354 3848 καί
3375 3791 3611 3862 ἀρχαῖα.

2038 3888 2111 3940 Οὐ
2146 3887 2272 3948 τοὺς
2296 3885 2589 3955 λογισμοὺς
2619 3885 2778 3955 μόνον
2806 3881 2973 3947 οἶδας,
2997 3884 3182 3954 φησιν,
3205 3882 3324 3934 οὑδέ
3359 3880 3457 3944 τάς
3484 3878 3618 3949 πρά-

2041 3971 2148 4035 ξεις
2181 3989 2306 4041 μου,
2341 3969 2460 4022 ούδέ
2485 3969 2584 4032 τὰς
2630 3969 2784 4032 ὁδούς
2815 3986 2939 4038 μου,
2983 3967 3120 4020 ἀλλά
3153 3967 3332 4020 πάντα
3363 3966 3434 4019 τά
3465 3965 3618 4034 γενό·

2043 4074 2178 4128 μενα
2209 4056 2302 4111 καὶ
2329 4056 2580 4127 ἐσόμενα.
2605 4054 2690 4110 Σὺ
2717 4052 2994 4119 ἔπλασας
3025 4069 3118 4121 με,
3144 4053 3244 4108 καί
3275 4052 3495 4116 ἔθηκας
3523 4050 3618 4102 ἐπ’

2039 4143 2145 4214 ἐμὲ
2160 4142 2276 4211 thr
2297 4141 2462 4211 χεῖρά
2476 4157 2612 4195 σου.
2629 4138 2764 4194 Ἀπὸ
2785 4140 2883 4210 τῆς
2912 4138 3320 4208 προγνωστικῆς
3339 4135 3620 4204 δυνάμεως

2043 4230 2136 4285 ἐπὶ
2163 4228 2258 4302 τὴν
2282 4227 2675 4300 δημιουργικὴν
2703 4225 2933 4298 μετέϐη,
2968 4226 3062 4278 καὶ
3096 4224 3204 4280 ἀπὸ
3227 4223 3324 4293 τῆς
3360 4223 3422 4291 δη
3432 4236 3620 4291 μιουρ-

2043 4320 2205 4388 γικῆς
2233 4315 2396 4370 πάλιν
2415 4316 2508 4368 ἐπὶ
2540 4315 2637 4386 τὴν
2670 4313 3101 4384 προγνωστικήν.
3127 4311 3201 4365 00
3226 4311 3336 4380 γὰρ
3363 4307 3428 4378 δὴ
3459 4308 3619 4375 μόνον

2044 4404 2144 4458 οὐκ
2186 4402 2344 4466 ὂντας
2374 4401 2647 4472 ἐποίησεν,
2679 4399 2816 4454 ἀλλά
2844 4405 2938 4452 καὶ
2968 4397 3289 4470 γενομένους
3319 4395 3616 4465 διακρατεί.

2119 4536 2184 4610 β’.
2225 4535 2408 4590 Ταῦτα
2463 4535 2698 4608 ἑκάτερα
2743 4534 2837 4588 καὶ
2883 4533 2914 4586 0
2955 4531 3167 4596 Παῦλος
3225 4531 3492 4604 μαρτυρεῖ
3543 4528 3622 4600 τῷ

2046 4623 2287 4698 Χριστῷ,
2303 4623 2494 4694 λέγων’
2515 4619 2872 4692 Πολυμερῶς
2901 4619 2998 4674 καί
3023 4618 3414 4687 πολυτρόπως
3436 4616 3628 4674 πάλαι

2048 4715 2082 4766 ό
2111 4712 2254 4778 Θεὸς
2277 4711 2558 4780 λαλήσας
2579 4709 2702 4777 τοῖς
2729 4707 3027 4777 πατράσιν
3037 4707 3106 4760 ἐν
3125 4707 3248 4773 τοῖς
3269 4703 3622 4775 προφήταις,

2047 4800 2139 4854 ἐπ’
2155 4797 2417 4868 ἐσχάτου
2435 4796 2554 4851 τῶν
2571 4795 2804 4867 ἡμερῶν
2823 4795 3129 4861 ἐλάλησεν
3149 4793 3293 4865 ἡμῖν
3313 4793 3382 4848 ἐν
3405 4792 3536 4860 Υἰῷ,
3554 4793 3628 4846 ὃν

2050 4888 2228 4956 ἔθηκε
2257 4888 2634 4956 κληρονόμον
2665 4884 2924 4939 πάντων.
2955 4879 3088 4939 Εῐτα
3114 4885 3332 4951 ἐπάγων
3352 4882 3499 4952 λέγει
3533 4881 3628 4935 καὶ

2049 4973 2148 5046 τὴν
2179 4973 2533 5046 δημιουργίαν
2553 4989 2565 5004 ·
2599 4975 2678 5027 Δι’
2704 4969 2776 5030 οὗ
2809 4973 2906 5027 καί
2936 4973 3078 5038 τοὺς
3103 4971 3323 5038 αἰῶνας
3353 4971 3624 5037 ἐποίησε.

2053 5063 2166 5118 Kal
2209 5061 2338 5133 περὶ
2381 5061 2480 5131 τῆς
2506 5061 2693 5124 οὐσίας
2735 5061 2896 5114 αὑτοῦ
2941 5059 3261 5131 διαλεχθεὶς,
3299 5058 3394 5112 καὶ
3435 5055 3628 5122 εἰπὼν,

2061 5152 2166 5215 Ὃς
2183 5148 2271 5203 ὢν
2298 5148 2664 5217 ἀπαύγασμα
2688 5146 2799 5215 τῆς
2825 5147 3031 5214 δόξης,
3061 5146 3157 5200 καί
3186 5142 3492 5215 χαρακτὴρ
3520 5140 3631 5209 τῆς

2053 5235 2446 5300 ὑποστάσεως
2475 5232 2682 5296 αὑτοῦ,
2727 5234 2964 5288 δείκνυσι
3007 5234 3096 5287 καὶ
3134 5232 3232 5301 τὴν
3265 5229 3630 5299 προνοητικὴν

2055 5322 2222 5378 αύτοῦ
2253 5321 2502 5392 δύναμιν,
2533 5320 2706 5388 λέγων
2724 5337 2739 5350 ·
2768 5321 2968 5389 Φέρων
2985 5336 3048 5372 τε
3078 5317 3151 5371 τὰ
3188 5316 3386 5370 πάντα
3413 5315 3496 5381 τῷ
3525 5312 3633 5383 ρή-

2052 5429 2191 5483 ματι
2221 5407 2329 5478 τῆς
2358 5409 2668 5478 δυνάμεως
2703 5408 2910 5464 αὐτοῦ.
2931 5409 3043 5460 Kal
3076 5403 3474 5458 Κολοσσαεῦσιν
3505 5406 3632 5458 ἐπι-

2061 5499 2294 5554 στέλλων
2323 5496 2394 5550 τά
2425 5497 2564 5550 αύτά
2602 5497 2772 5549 ταῦτα
2807 5495 2967 5548 πάλιν
2992 5492 3196 5560 ἔλεγεν,
3230 5492 3359 5546 Ὅτι
3383 5493 3454 5546 ἐν
3473 5488 3635 5556 αὐτῷ

2059 5587 2306 5654 ἐκτίσθη
2334 5585 2406 5638 τὰ
2429 5583 2625 5637 πάντα
2656 5585 2729 5636 td
2756 5583 2825 5636 ἐν
2850 5581 2972 5647 τοῖς
2996 5579 3272 5648 οἰφανοῖς
3308 5580 3404 5634 καί
3437 5581 3509 5635 τὰ
3538 5580 3635 5634 ἐπι

2062 5675 2172 5743 τῆς
2191 5672 2324 5742 γῆς,
2352 5672 2471 5728 sits
2493 5674 2713 5738 θρόνοι,
2749 5669 2868 5723 alta
2903 5669 3266 5736 κυριότητες,
3291 5669 3410 5723 εῑτε
3435 5667 3632 5738 ἀρχαὶ,

2063 5762 2179 5818 εἴτε
2220 5761 2511 5829 ἐξουσίαι,
2539 5757 2606 5811 τὰ
2640 5755 2834 5811 πάντα
2867 5756 2938 5810 δι’
2968 5755 3176 5824 αὑτοῦ,
3201 5757 3296 5812 καί
3327 5759 3409 5824 εις
3449 5755 3634 5812 αὑτὸν
3671 5791 3674 5794 ~
