4116 6204
462 308 567 364 415

461 433 506 476 et
526 425 578 473 in
609 421 722 488 ipso
749 405 916 473 crEata
945 427 1085 486 sunt,
1114 422 1219 490 ipse
1246 429 1318 475 est
1346 429 1462 473 ante
1497 419 1667 473 omnia
1704 414 1941 489 (Coloss.
1973 411 2027 466 1.

461 511 546 566 16.
578 510 708 579 17).
758 507 884 564 llaec
928 519 1050 564 sunt
1088 511 1202 578 cjns
1238 507 1451 564 creandi
1491 507 1785 576 potestatis.
1827 499 2029 557 Deinde

456 595 760 656 facultatem
790 600 1101 668 prmscicndi
1128 601 1448 669 significans,
1467 597 1757 667 subjungit.
1779 595 1842 649 Et
1857 595 2030 650 omnia

453 696 504 747 in
531 694 639 760 ipso
668 693 944 746 consistunt
969 687 1428 762 (lbid.).Utraque
1449 690 1561 745 base
1584 702 1766 742 rursus
1793 687 2027 744 Joannes

453 797 664 854 quoque
705 783 995 837 ostenJens
1037 782 1242 836 dicebat
1274 823 1287 844 ,
1332 781 1514 834 Omnia
1554 793 1642 850 per
1677 780 1843 848 ipsum
1889 783 2026 848 facta

450 882 586 937 sunt,
605 881 650 925 et
670 873 778 926 sine
791 873 899 941 ipso
921 875 1108 944 factum
1130 881 1201 926 est
1226 871 1353 925 nihil
1376 867 1549 941 (Joan.
1576 871 1626 926 1.
1641 871 1718 942 5).
1739 871 1850 925 Hoc
1869 869 2020 936 dixit,

449 961 751 1032 significans
765 963 1110 1017 creationem.
1129 963 1324 1018 Deinde
1338 963 1717 1032 providentiam
1740 983 1752 1019 :
1767 961 1878 1016 Vita
1893 973 2019 1030 erat,

448 1064 495 1108 et
513 1055 613 1107 vita
633 1064 738 1106 erat
755 1055 842 1107 tua:
859 1055 1116 1106 hominum
1134 1053 1290 1124 (Ibid.
1310 1070 1354 1108 υ.
1373 1054 1448 1124 4).
1467 1054 1574 1108 lloc
1589 1055 1746 1108 etiam
1767 1053 2019 1124 propheta

450 1148 534 1203 llic
560 1147 882 1217 signiﬁcans,
911 1149 1057 1214 dicit,
1089 1147 1161 1202 Tu
1185 1150 1416 1220 formasti
1435 1166 1529 1204 me.
1558 1148 1671 1204 Hoc
1696 1160 1777 1204 est
1801 1149 2017 1220 Opificii.

448 1239 588 1292 Dixit
628 1239 788 1293 etiam
822 1238 870 1292 id
908 1239 1045 1310 quod
1083 1249 1164 1294 est
1201 1241 1547 1309 providentia:
1579 1260 1591 1294 :
1620 1239 1850 1296 Posuisti
1871 1257 2022 1312 super

445 1345 525 1382 me
546 1345 748 1382 manum
774 1338 928 1382 tuam.
957 1329 1092 1395 Quid
1122 1339 1222 1395 est,
1255 1329 1525 1385 Posuisti?
1549 1332 1727 1402 Regis,
1754 1333 2015 1397 contines,

444 1409 718 1488 componis
739 1461 756 1488 ,
789 1429 843 1474 et
870 1429 1066 1489 portas.
1099 1419 1249 1488 Quod
1283 1421 1453 1492 ipsum
1485 1437 1697 1492 quoque
1719 1423 1918 1476 Paulus
1945 1423 2018 1477 si-

442 1510 699 1580 gnificans
721 1550 736 1575 ,
770 1509 901 1564 dixit
931 1529 944 1565 :
974 1509 1043 1563 In
1065 1513 1176 1579 ipso
1217 1511 1455 1577 vivimus,
1484 1521 1529 1566 et
1558 1529 1829 1577 movemur,
1856 1521 1902 1566 et
1925 1509 2017 1566 su-

441 1619 554 1655 mus
579 1603 724 1672 (Act.
761 1603 846 1656 l7.
872 1602 1002 1673 28).
1033 1603 1146 1657 Non
1177 1605 1348 1658 solum
1374 1604 1516 1659 enim
1545 1605 1596 1658 in
1625 1619 1690 1660 eo
1718 1605 1860 1675 quod
1887 1603 2013 1661 facti

441 1709 642 1760 sumus,
669 1693 761 1748 sed
785 1695 942 1749 etiam
971 1696 1021 1748 in
1049 1709 1114 1750 eo
1138 1695 1275 1766 quod
1304 1697 1604 1752 exsistimus
1624 1707 1678 1752 et
1702 1712 1976 1753 manemus
1995 1739 2010 1764 ,

441 1789 674 1858 potentia
711 1787 826 1856 ejus
867 1801 1000 1857 opus
1040 1787 1317 1844 habemus.
1363 1788 1418 1844 6.
1464 1787 1718 1845 Mirabilis
1763 1791 1904 1861 facta
1941 1799 2012 1846 est

443 1878 648 1931 scientia
678 1887 763 1931 tua
789 1893 853 1932 ex
885 1893 964 1932 me
992 1893 1011 1932 :
1035 1879 1319 1948 confer-tata
1347 1890 1419 1934 est
1437 1921 1454 1947 ,
1505 1889 1554 1935 et
1586 1897 1687 1935 non
1732 1891 1906 1948 potero
1943 1881 2012 1935 ad

436 1983 565 2022 eant.
583 1968 752 2032 Alius,
777 1966 996 2036 Superat
1011 1985 1088 2022 me
1098 1967 1195 2041 (α).
1209 1969 1314 2025 Pro
1329 1985 1394 2025 eo
1414 1979 1590 2026 autem
1604 1971 1742 2040 quod
1759 1980 1860 2038 est,
1877 1971 2012 2027 Con-

437 2059 621 2128 {ortata
650 2066 740 2119 est,
767 2056 919 2122 alius,
949 2057 1236 2112 Admodum
1266 2058 1401 2112 elata
1425 2068 1516 2115 est.
1535 2059 1698 2127 ‘Quod
1725 2070 1902 2116 autem
1928 2061 2010 2115 tli-

433 2146 524 2209 cit,
545 2155 626 2200 est
647 2145 900 2216 ejusmodi
921 2162 934 2200 :
957 2147 1020 2201 Et
1037 2157 1121 2202 tua
1148 2146 1296 2204 fruor
1319 2149 1666 2220 providentia,
1687 2160 1741 2206 et
1766 2151 2008 2221 quamvis

432 2238 596 2290 sciam
627 2249 678 2292 te
712 2239 884 2291 omnia
919 2243 1166 2308 prmscire
1193 2282 1208 2306 ,
1250 2253 1302 2296 et
1332 2257 1417 2296 me
1444 2257 1510 2297 ex
1539 2257 1645 2298 non
1673 2245 2006 2299 exstantibus

432 2329 619 2384 fecisse
652 2349 664 2384 :
699 2327 987 2399 perfectam
1014 2341 1187 2389 tamen
1213 2341 1268 2389 et
1295 2333 1626 2391 manifeStam
1654 2353 1761 2392 non
1790 2352 2006 2407 possum

431 2419 628 2476 habere
653 2423 726 2476 tui
753 2425 1105 2494 cognitionem
1130 2465 1146 2492 ,
1175 2426 1268 2480 sed
1309 2426 1565 2483 mirabilis
1591 2427 1725 2485 facta
1753 2439 1830 2485 est
1853 2469 1870 2496 ,
1904 2431 2005 2484 hoc

430 2521 510 2566 εει
530 2554 546 2578 ,
579 2515 885 2582 superavit,
914 2516 1141 2570 exaltata
1171 2525 1255 2571 est
1292 2531 1451 2586 super
1479 2533 1584 2584 me,
1615 2519 1836 2573 validior
1861 2519 1996 2575 facta

428 2617 510 2659 est
531 2619 720 2675 ,quam
751 2614 806 2661 ut
835 2621 952 2661 mea
986 2608 1149 2677 possit
1185 2607 1390 2663 ratione
1423 2609 1799 2679 comprehendi
1831 2611 2002 2666 :adeo

427 2708 511 2751 eat
537 2698 790 2753 mirabilis
815 2740 829 2766 ,
860 2698 994 2752 adeo
1021 2713 1229 2769 magna.
1261 2700 1396 2768 Quid
1423 2702 1582 2771 igitur
1606 2703 1649 2756 si
1675 2711 1758 2757 est
1783 2703 1999 2772 quidem

427 2787 684 2842 mirabilis
713 2798 766 2842 et
787 2803 973 2859 magna
999 2831 1013 2854 ,
1042 2797 1215 2858 potest
1241 2800 1417 2844 autem
1447 2791 1870 2860 comprehendi?
1897 2792 2000 2847 Ne-

427 2893 708 2948 quaquam.
747 2878 1032 2948 Propterea
1062 2881 1202 2935 enim
1233 2879 1504 2950 subjunin
1534 2899 1548 2936 :
1588 2881 1707 2936 Non
1739 2893 1910 2954 potero
1932 2885 2000 2938 ad

426 2985 554 3035 eam,
582 2986 646 3024 ne
673 2971 772 3025 boc
798 2971 961 3026 dicas.
993 2971 1214 3037 Quando
1239 2981 1418 3026 autem
1444 2972 1601 3038 dicit,
1628 2971 1996 3044 Cognitionem

427 3076 530 3116 non
559 3059 748 3126 habeo,
777 3077 881 3116 non
904 3061 1006 3116 hoc
1031 3064 1190 3131 dicit,
1217 3063 1405 3134 Ignoro
1428 3065 1625 3131 Deum,
1653 3067 1744 3120 sed
1770 3108 1783 3131 ,
1815 3066 1998 3122 Perfe-

425 3161 564 3206 ctam
603 3161 656 3204 et
690 3153 917 3222 undique
955 3152 1250 3208 absolutam
1287 3164 1342 3208 et
1379 3154 1712 3211 manifestam
1745 3158 1859 3227 ejus
1890 3173 1994 3214 non

427 3242 598 3298 babeo
615 3245 870 3299 nOtitiam.
887 3245 1036 3312 Quod
1056 3247 1266 3317 quidem
1288 3247 1412 3303 dicit
1431 3249 1592 3304 etiam
1617 3247 1808 3305 Paulus
1827 3269 1840 3304 :
1864 3251 1996 3308 Nam

425 3351 546 3391 eum
569 3337 778 3406 quidem
802 3351 918 3393 esse
948 3337 1144 3392 scimus
1175 3356 1187 3391 :
1216 3339 1342 3408 quid
1367 3340 1438 3394 sit
1464 3350 1641 3395 autem
1668 3342 1990 3410 substantia,

423 3430 689 3484 nescimus
713 3447 726 3482 :
756 3429 965 3483 Credere
990 3431 1119 3484 enim
1147 3439 1343 3500 Oportet
1367 3431 1677 3486 accedentem
1706 3437 1773 3486 ad
1801 3431 1992 3502 Deum,

423 3521 539 3591 quia
567 3531 637 3574 est
666 3520 849 3589 (Hebr.
881 3522 966 3575 11.
998 3522 1072 3592 6).
1101 3521 1215 3575 Non
1243 3522 1394 3590 dixit,
1424 3523 1547 3592 quid
1573 3524 1641 3578 sit
1665 3524 1990 3589 substantia;

425 3611 526 3665 hoc
566 3611 706 3665 enim
751 3612 880 3666 nulli
921 3625 996 3666 εει
1029 3614 1314 3680 cngnitum.
1349 3614 1499 3681 Quod
1539 3615 1608 3670 sit
1650 3615 1906 3686 benignus
1943 3623 1997 3671 et

423 3702 690 3768 clemens,
723 3704 998 3766 novimus,
1032 3704 1170 3772 quod
1201 3705 1268 3758 sit
1295 3705 1556 3761 humanus
1575 3749 1588 3772 ,
1613 3709 1750 3776 quod
1780 3709 1948 3764 bonus
1977 3725 1992 3775 ;

423 3803 672 3864 qttanlum
696 3809 822 3850 vero
843 3794 910 3849 sit
930 3795 1248 3863 ignoramus.
1272 3796 1373 3851 Sed
1391 3797 1478 3852 hic
1495 3797 1574 3850 bis
1594 3799 1837 3853 omnibus
1863 3813 1996 3870 prte-

425 3885 684 3938 termissis
706 3927 718 3948 ,
750 3886 999 3954 proponit
1025 3885 1165 3940 aliud
1197 3886 1336 3956 quod
1362 3887 1574 3942 videtur
1600 3903 1720 3942 esse
1757 3890 1991 3956 facilius,

421 3981 474 4028 et
501 3975 603 4028 hoc
631 3991 840 4046 quoque
869 3989 926 4030 se
951 3975 1081 4031 dicit
1108 3980 1370 4046 ignorare.
1398 3977 1512 4032 Non
1544 3979 1714 4048 solum
1737 4020 1750 4042 ,
1786 3980 1951 4049 inquit
1975 4020 1991 4046 ,

424 4083 528 4121 non
561 4069 677 4122 dico
705 4069 954 4139 quidnam
981 4069 1048 4124 sit
1085 4069 1376 4124 subStantia
1402 4110 1417 4135 ,
1449 4086 1620 4138 neque
1647 4084 1902 4140 quantum
1927 4073 1996 4127 sit

425 4157 624 4222 bonus;
652 4159 763 4213 haec
789 4161 930 4214 enim
958 4177 1063 4214 non
1089 4175 1244 4231 posse
1269 4161 1647 4232 comprehendi
1677 4173 1759 4217 est
1788 4164 1838 4217 in
1867 4179 1995 4218 con-

424 4247 594 4312 fesso;
635 4249 726 4304 sed
767 4251 926 4323 etiam
951 4251 1220 4321 quomodo
1260 4253 1329 4306 sit
1369 4253 1566 4321 ubique
1591 4293 1606 4318 ,
1637 4269 1739 4308 non
1781 4269 1995 4323 possum

421 4338 600 4393 dicere
627 4357 640 4393 :
673 4341 765 4396 sed
794 4340 892 4396 hoc
916 4357 1127 4413 quoque
1146 4355 1358 4412 superat
1387 4353 1621 4399 nostram
1645 4345 1994 4416 comprehen-

422 4429 650 4486 sionem.
691 4432 948 4500 Quocirca
984 4449 1102 4488 cum
1149 4434 1369 4489 dixisset
1409 4453 1422 4488 :
1459 4435 1711 4490 Mirabilis
1751 4440 1885 4508 facta
1923 4447 1995 4493 est

420 4521 623 4575 scientia
649 4532 733 4576 tua
761 4541 823 4578 ea:
851 4541 948 4590 me,
984 4525 1254 4594 subjnnxit
1277 4545 1290 4581 :
1319 4528 1369 4580 7.
1394 4526 1505 4594 Quo
1528 4528 1608 4582 ibo
1629 4545 1659 4582 a
1685 4530 1863 4599 spiritu
1886 4540 1991 4599 tuo,

419 4619 466 4663 ct
491 4627 586 4680 quo
605 4629 637 4666 a
657 4615 788 4683 facie
805 4625 891 4667 tua
919 4615 1154 4687 fugiam?
1183 4617 1234 4672 8.
1261 4617 1322 4672 Si
1347 4620 1615 4674 ascendere
1645 4620 1695 4673 in
1721 4619 1919 4686 cwlum,
1943 4631 1998 4676 tu
2039 4675 2046 4684 ,

421 4702 522 4754 illic
551 4720 601 4756 es
619 4720 638 4758 :
658 4707 702 4758 si
727 4706 1026 4760 descendere
1051 4707 1102 4760 in
1120 4707 1392 4780 infernum,
1417 4711 1556 4764 ades.
1585 4711 1638 4766 9.
1665 4709 1996 4782 Sisumpscro

421 4807 609 4860 pennas
635 4811 771 4848 meas
793 4796 1020 4849 diluculo
1042 4839 1057 4860 ,
1090 4805 1137 4850 et
1166 4797 1452 4852 habitauero
1477 4801 1530 4853 in
1557 4802 1787 4854 extremis
1817 4803 1991 4856 maris.

420 4881 564 4940 Alius
590 4928 604 4951 ,
651 4887 906 4941 Manscro.
945 4887 1036 4942 10.
1079 4887 1278 4942 Etenim
1312 4891 1433 4946 illuc
1458 4891 1649 4965 (Alius,
1679 4891 1859 4948 Adhuc
1882 4895 1947 4948 ibi
1974 4896 1992 4966 )

418 4985 598 5027 ntanus
624 4984 710 5027 tua
739 4977 950 5028 deducet
980 4994 1057 5031 me
1078 5018 1093 5044 ,
1125 4989 1168 5031 et
1195 4981 1373 5034 tenebit
1402 4999 1480 5035 me
1503 4983 1708 5037 dextera
1735 4993 1837 5039 tua.
1871 4985 1992 5056 Spi-

420 5061 580 5117 ritum
605 5074 658 5117 et
685 5066 872 5117 faciem
899 5063 1218 5122 dicit'Deum
1255 5070 1449 5138 ipsum.
1475 5073 1587 5128 Hoc
1612 5086 1714 5142 est,
1741 5075 1856 5142 Quo
1882 5092 1912 5130 a
1943 5086 1995 5132 te

422 5156 768 5224 proﬁciscar?
799 5154 986 5210 Omnia
1026 5157 1245 5226 imples,
1277 5164 1520 5219 omnibus
1554 5165 1681 5220 ades
1705 5207 1720 5230 ,
1760 5171 1864 5220 non
1901 5183 1996 5237 per

419 5257 598 5314 partes
622 5287 637 5310 ,
667 5245 764 5300 sed
791 5243 1040 5297 omnibus
1066 5247 1221 5301 simul
1250 5257 1407 5305 totus.
1442 5255 1508 5308 Et
1546 5265 1822 5324 postquam
1861 5257 1996 5313 dixit

419 5350 538 5403 qua:
563 5344 688 5390 sunt
712 5347 966 5403 superne,
994 5342 1047 5387 et
1071 5349 1185 5402 quae
1213 5337 1434 5405 inferne,
1467 5343 1846 5414 longitudinem
1871 5387 1887 5412 ,
1918 5343 1995 5401 la-

420 5427 695 5486 titudinem
717 5470 732 5493 ,
766 5423 1173 5496 profunditatem
1200 5469 1214 5492 ,
1243 5444 1363 5484 eum
1388 5435 1579 5504 ubique
1619 5437 1806 5505 adesse
1833 5441 1995 5510 signi-

417 5509 558 5573 ficat.
589 5519 702 5574 Non
729 5517 866 5572 dixit
896 5523 1071 5568 autem
1100 5533 1114 5568 :
1141 5516 1484 5590 Quocumque
1511 5527 1724 5596 abiero,
1755 5509 1996 5602 sequeris

481 5694 552 5757 (a)
585 5703 692 5744 "asc
711 5690 1053 5753 interpretatio
1077 5697 1151 5742 est
1175 5696 1448 5756 symmacbi.

1393 303 1747 363 EXPOSITIO
1783 299 1849 357 ΙΝ
1887 296 2206 356 PSALMUM
2242 298 2569 361 CXXXVIII.

3604 327 3711 385 Ml

2134 427 2241 482 me,
2273 423 2327 470 et
2351 431 2438 473 me
2461 419 2717 476 retinebis
2746 438 2761 476 :
2793 423 2914 490 sed,
2939 425 3279 500 Quocumque
3305 433 3519 500 abiero,
3555 443 3612 490 tu
3643 438 3704 491 it.

2132 505 2201 560 lic
2226 521 2285 561 es
2310 524 2325 562 :
2355 506 2456 564 hoc
2477 520 2578 576 est,
2603 510 2714 568 Illic
2742 523 2792 568 te
2818 515 3031 570 invenio
3053 533 3140 572 me
3167 527 3579 588 praevenientem
3606 568 3620 592 ,
3653 537 3709 584 et

2129 594 2250 650 ideo
2285 595 2457 664 dicit,
2503 599 2755 657 Mirabilis
2791 608 2928 674 facta
2967 615 3042 658 est
3078 609 3284 662 scientia
3312 619 3398 666 tua
3423 630 3484 668 ea:
3517 633 3618 671 me.
3649 617 3707 672 Si

2129 700 2246 740 eam
2283 701 2391 742 non
2431 689 2668 757 perfecte
2694 693 2867 758 nosti,
2891 693 3070 760 dices,
3113 699 3378 763 quomodo
3419 705 3556 756 nosti
3587 719 3703 759 eam

2128 788 2246 832 esse
2271 781 2565 836 mirabilem
2586 783 2609 836 t
2637 783 2788 852 Quod
2809 800 2980 839 meam
3011 799 3224 856 superet
3251 793 3537 858 rationem,
3563 798 3704 863 quod

2127 879 2359 924 mentem
2388 885 2558 926 meam
2585 873 2826 929 excedat.
2847 871 2987 929 Nam
3008 877 3213 933 radium
3240 895 3449 951 quoque
3475 885 3704 939 Solamn

2126 969 2230 1011 non
2260 973 2544 1028 possumus
2569 973 2753 1032 aperte
2789 977 3114 1035 cOguoscere
3145 985 3158 1022 :
3190 979 3244 1024 et
3275 980 3449 1025 tamen
3486 987 3704 1044 propter

2125 1044 2228 1102 hoc
2248 1049 2418 1118 ipsum
2445 1067 2564 1105 eum
2591 1055 2820 1109 maxime
2844 1056 3170 1112 admiramur
3193 1075 3206 1112 :
3235 1060 3304 1113 ita
3335 1063 3496 1116 etiam
3521 1064 3587 1118 de
3613 1067 3704 1120 Ι)θί

2123 1141 2472 1208 cognitione:
2529 1157 2700 1213 neque
2747 1159 2869 1201 eum
2919 1149 3136 1204 omnino
3181 1151 3529 1221 ignoramus;
3576 1169 3702 1212 eum

2121 1230 2263 1284 enim
2292 1244 2412 1286 esse
2433 1233 2651 1301 scimus,
2679 1243 2734 1290 et
2761 1251 2880 1292 esse
2900 1239 3206 1310 benignum,
3235 1237 3568 1310 clementem,
3603 1246 3700 1300 bo-

2121 1331 2249 1373 num
2267 1361 2282 1386 ,
2305 1322 2714 1379 misericordem
2739 1367 2754 1392 ,
2781 1334 2836 1382 et
2861 1339 2982 1384 esse
3009 1331 3206 1400 ubique
3237 1347 3251 1386 :
3277 1333 3401 1403 quid
3427 1335 3496 1389 sit
3522 1345 3701 1392 autem

2119 1410 2410 1466 substantia
2437 1453 2453 1478 ,
2482 1413 2566 1468 vel
2594 1424 2791 1484 quanta
2817 1418 2925 1472 sint
2953 1435 3071 1488 qua:
3095 1420 3235 1476 dicta
3265 1433 3420 1490 sunt,
3450 1427 3532 1480 vel
3563 1439 3698 1495 quo-

2118 1501 2279 1556 modo
2307 1502 2378 1556 sit
2401 1502 2596 1574 ubique
2619 1545 2636 1574 ,
2682 1505 2786 1562 hoc
2823 1507 3153 1578 ignoramus.
3193 1511 3480 1584 Postquam
3521 1516 3700 1587 itaque

2117 1591 2256 1647 dixit
2281 1595 2597 1663 quibusnam
2628 1612 2691 1652 ex
2721 1597 2884 1655 rebus
2907 1601 3168 1657 mirabilis
3193 1600 3331 1658 facta
3354 1613 3438 1660 est
3469 1607 3696 1663 scientia

2117 1693 2223 1751 tua,
2254 1693 2309 1741 et
2333 1686 2642 1757 przedicavit
2662 1690 2779 1760 ejus
2799 1691 3140 1762 prtesciendi,
3167 1694 3405 1763 creandi,
3435 1703 3489 1752 et
3517 1699 3700 1770 provi-

2112 1777 2271 1835 dendi
2299 1779 2602 1838 facultatem
2623 1825 2639 1851 ,
2672 1783 3151 1857 substantiamque,
3180 1803 3302 1858 quae
3327 1803 3428 1845 nec
3451 1805 3700 1862 compre-

2113 1869 2272 1925 lteudi
2294 1911 2309 1936 ,
2350 1887 2450 1928 nec
2477 1873 2728 1945 explicari
2766 1885 2984 1946 potest:
3012 1879 3169 1935 aliam
3203 1893 3389 1937 rursus
3413 1881 3576 1938 refert
3602 1897 3699 1954 po-

2112 1969 2358 2018 testatem
2379 2004 2394 2028 ,
2422 1979 2542 2036 qua)
2581 1966 2698 2036 ipsa
2721 1982 2934 2038 quoque
2969 1983 3159 2040 magna
3184 1970 3516 2028 dubitatione
3541 1973 3696 2043 plena

2109 2062 2213 2119 est,
2241 2054 2286 2108 si
2315 2055 2526 2111 ratione
2550 2068 2838 2127 quaeratur.
2867 2057 3000 2115 Nam
3031 2061 3146 2132 ipsa
3176 2063 3557 2133 comprehendi
3586 2080 3693 2120 non

2109 2154 2302 2214 potest.
2337 2147 2593 2216 Quianam
2619 2165 2749 2220 ergo
2772 2166 2834 2207 ea
2858 2153 2984 2208 est?
3009 2152 3210 2210 Etenim
3244 2155 3368 2210 illuc
3401 2175 3584 2212 manus
3608 2169 3695 2214 tua

2108 2233 2318 2291 deducet
2342 2252 2424 2293 me
2443 2281 2458 2306 ,
2489 2249 2536 2294 et
2567 2241 2752 2296 tenebit
2780 2257 2860 2297 me
2881 2244 3089 2299 dextera
3108 2254 3216 2300 tua.
3243 2246 3356 2303 Hoc
3382 2258 3504 2318 est,
3533 2249 3695 2307 Potes

2107 2327 2321 2384 efficere
2344 2338 2401 2384 ut
2428 2327 2672 2387 homines
2696 2333 2790 2404 qui
2817 2333 2868 2388 in
2895 2349 3087 2406 magna
3115 2345 3169 2394 et
3193 2341 3372 2410 gravia
3401 2343 3537 2396 mala
3565 2344 3694 2400 inci-

2105 2416 2322 2483 derint,
2357 2419 2612 2490 gravibus
2656 2421 2764 2478 illis
2803 2423 2962 2480 malis
2994 2425 3219 2484 minime
3257 2428 3613 2500 illaqueentur
3637 2443 3693 2490 et

2106 2507 2470 2579 implicentur.

2173 2595 2229 2653 3.
2253 2597 2366 2655 Hoc
2381 2601 2557 2672 itaque
2581 2602 2958 2675 interpretans,
2986 2607 3260 2677 subiunxit
3290 2625 3304 2665 :
3336 2610 3424 2664 11.
3453 2609 3523 2664 Ει
3549 2611 3681 2677 dixi,

2105 2686 2349 2746 Forsitan
2371 2692 2588 2748 tenebrat
2602 2695 2970 2751 conculcabunt
2993 2713 3090 2764 me,
3117 2707 3161 2751 et
3183 2713 3286 2752 ηοω
3311 2699 3616 2756 illuminatio
3636 2703 3690 2757 in

2103 2782 2294 2837 deliciis
2315 2785 2456 2839 meis.
2484 2786 2570 2842 12.
2605 2787 2737 2853 Quia
2761 2790 2978 2844 tenebrae
3004 2805 3103 2843 non
3132 2789 3534 2846 obscurabuntur
3563 2811 3592 2846 a
3617 2804 3686 2860 te,

2101 2881 2147 2926 et
2175 2887 2279 2928 no.1:
2314 2875 2444 2929 sicut
2474 2877 2580 2931 dies
2616 2876 3004 2934 illuntinabitur.
3035 2877 3183 2934 Sicut
3211 2882 3426 2936 tenebrae
3444 2870 3553 2953 eius
3573 2927 3586 2948 ,
3609 2887 3684 2939 ita

2101 2975 2148 3019 et
2168 2966 2333 3022 lumen
2352 2969 2482 3036 ejus.
2513 2965 2798 3040 Postquam
2825 2971 2957 3027 dixit
2995 2973 3241 3044 superius
3284 2989 3378 3043 ea,
3411 2993 3528 3044 quae
3557 2995 3688 3033 enu-

2100 3059 2322 3125 meravi,
2341 3066 2395 3116 et
2412 3075 2510 3114 una
2528 3073 2647 3116 cum
2670 3061 2796 3127 illis,
2810 3077 2932 3119 eum
2948 3080 3052 3121 non
3070 3063 3241 3120 solum
3261 3065 3450 3120 adesse
3470 3067 3681 3138 ubique,

2099 3149 2190 3203 sed
2219 3150 2377 3205 etiam
2404 3151 2667 3208 deducere
2686 3192 2702 3219 ,
2737 3153 3025 3210 defendere
3065 3165 3120 3211 et
3148 3155 3356 3211 munire
3382 3173 3395 3220 ;
3419 3157 3686 3229 subiungit

2098 3239 2349 3310 deinceps
2370 3283 2382 3304 ,
2408 3241 2459 3296 in
2490 3257 2556 3297 eo
2584 3257 2795 3314 quoque
2821 3245 3111 3300 ostendens
3151 3245 3280 3316 quid
3327 3246 3637 3302 admirabile
3659 3288 3681 3315 ,

2099 3345 2203 3385 non
2241 3332 2412 3386 solum
2452 3333 2594 3404 quod
2625 3335 2828 3389 muniat
2846 3343 2900 3390 et
2929 3343 3204 3406 protegat,
3233 3335 3325 3392 sed
3353 3338 3510 3392 etiam
3541 3337 3682 3407 quod

2098 3431 2254 3492 supra
2276 3437 2451 3478 rerum
2480 3432 2742 3479 naturam.
2763 3425 2897 3480 Cum
2928 3426 3069 3481 enim
3096 3427 3316 3484 dixisset
3340 3470 3355 3495 ,
3379 3423 3585 3482 Tenebit
3606 3444 3687 3482 me

2097 3515 2300 3568 dextera
2320 3525 2405 3568 tua
2425 3557 2438 3579 ,
2463 3526 2516 3571 et
2536 3559 2550 3581 ,
2579 3515 2803 3570 Deducet
2846 3535 2952 3582 me,
2991 3519 3264 3587 subiunxit
3292 3518 3368 3594 (a)
3392 3537 3406 3574 :
3444 3519 3506 3572 Et
3535 3520 3643 3574 dixi
3663 3561 3678 3584 ,

2098 3603 2340 3660 Forsitan
2375 3605 2591 3661 tenebra:
2629 3605 2994 3663 conculcabunt
3037 3623 3135 3663 me.
3169 3611 3321 3666 Alius
3345 3653 3358 3676 ,
3392 3610 3454 3666 Si
3474 3609 3684 3679 dixero,

2097 3695 2341 3750 Forsitan
2373 3699 2584 3752 tenebrae
2612 3707 2774 3769 tegent
2796 3715 2892 3753 me.
2915 3699 3083 3766 Alius,
3115 3700 3355 3771 Operient
3382 3720 3480 3756 me.

2171 3789 2406 3843 Tenebrae
2432 3789 2658 3859 afﬂictio;
2687 3807 2788 3842 no.1:
2812 3791 3159 3857 calamitates;
3189 3793 3542 3846 elementorum
3563 3809 3684 3862 ape-

2099 3881 2230 3932 ratio
2279 3879 2332 3931 in
2360 3879 2672 3932 contrarium
2718 3895 2748 3931 o
2779 3879 2887 3932 Deo
2907 3921 2922 3945 ,
2967 3896 3079 3932 cum
3109 3880 3214 3934 uult
3233 3922 3248 3946 ,
3279 3883 3578 3935 traducitur.
3611 3911 3682 3929 -η

2099 3971 2356 4025 Tenebrae
2386 3971 2471 4025 hic
2499 3970 2796 4039 significant
2826 3969 3189 4025 afuit-tionem.
3214 3972 3363 4040 Quod
3393 3984 3568 4028 autem
3599 3974 3684 4028 di«

2097 4061 2188 4124 cit,
2219 4069 2302 4117 est
2321 4061 2580 4131 ejusmodi
2617 4077 2630 4115 :
2660 4059 3052 4115 Circumsessus
3080 4077 3196 4116 sum
3227 4079 3258 4116 a
3290 4063 3462 4127 malis,
3484 4073 3540 4119 et
3562 4063 3674 4121 dixi

2097 4152 2226 4208 mibi
2256 4153 2384 4223 ipsi,
2413 4151 2753 4222 Superabunt
2779 4161 2865 4207 me
2903 4153 3063 4207 mala.
3112 4151 3223 4208 Hoc
3249 4154 3388 4208 enim
3439 4155 3538 4208 sibi
3567 4155 3680 4214 vult

2099 4244 2246 4310 illud,
2281 4244 2520 4298 Teneor-az
2540 4261 2619 4298 me
2640 4244 3021 4298 conculcabunt.
3056 4244 3221 4309 Alius,
3257 4241 3496 4300 Tenebrae
3515 4253 3676 4317 tegent

2096 4351 2193 4390 me.
2229 4335 2294 4389 Et
2319 4348 2420 4390 nos:
2443 4337 2745 4390 illuminatio
2765 4336 2818 4388 in
2847 4335 3039 4388 deliciis
3064 4335 3205 4390 meis.
3237 4335 3416 4401 Alius,
3449 4335 3570 4391 N01:
3595 4337 3679 4391 tu.

2099 4429 2214 4482 cida
2251 4429 2386 4482 circa
2427 4443 2524 4482 me.
2554 4426 2690 4495 Quid
2713 4428 2822 4482 ’boc
2843 4427 2962 4482 est?
2989 4427 3100 4497 Ego
3145 4427 3257 4481 hmc
3285 4427 3498 4495 quidem
3525 4427 3633 4482 dixi
3658 4467 3680 4502 ,

2099 4521 2297 4592 inquit,
2343 4536 2408 4576 ex
2458 4535 2632 4575 rerum
2687 4529 2871 4574 natura
2916 4528 3208 4589 reputans:
3238 4529 3457 4590 repente
3502 4531 3680 4582 autem

2099 4613 2237 4667 mala
2281 4621 2479 4672 mutata
2507 4619 2630 4667 sunt
2660 4611 2710 4664 in
2740 4609 2876 4664 bona
2907 4627 2922 4666 :
2956 4609 3064 4664 imo
3094 4624 3222 4664 vero
3260 4610 3400 4665 mala
3428 4623 3531 4664 IIOIt
3559 4627 3679 4664 mu-

2101 4713 2208 4759 tata
2260 4714 2382 4759 sunt
2431 4705 2484 4757 in
2532 4703 2669 4758 bona
2695 4743 2711 4768 ,
2740 4702 2833 4757 sed
2877 4701 3031 4758 malis
3071 4701 3406 4757 manentibus
3435 4718 3680 4773 magnam

2099 4799 2240 4852 sensi
2263 4796 2662 4866 benignitatem.
2687 4796 2800 4849 Non
2831 4795 2964 4849 dixit
2987 4795 3151 4861 enim,
3191 4795 3305 4850 Nox
3335 4794 3510 4850 deleta
3553 4807 3633 4850 εει
3663 4837 3678 4860 ,

2099 4889 2216 4954 sed,
2248 4887 2369 4943 Nox
2383 4888 2480 4957 fuit
2505 4887 2695 4951 lucida;
2727 4887 2829 4941 hoc
2857 4896 2959 4954 est,
2992 4887 3105 4942 Nox
3134 4903 3356 4942 manens
3382 4902 3506 4952 nox,
3543 4887 3678 4940 mala

2099 4979 2324 5045 scilicet,
2346 4988 2400 5035 et
2424 4979 2752 5035 calamitates
2778 4981 2863 5049 (ea
2891 4982 3032 5035 enim
3065 4984 3238 5035 noctis
3262 4981 3476 5034 nomine
3509 4979 3666 5048 sigtti~

2101 5073 2244 5144 licat)
2283 5090 2388 5128 non
2422 5081 2706 5142 potuerunt
2755 5088 2842 5127 me
2869 5073 3221 5136 conculcare,
3254 5071 3348 5127 sed
3389 5069 3591 5124 fuitqu
3623 5069 3676 5122 in

2101 5179 2276 5234 nocte,
2309 5167 2412 5222 hoc
2453 5176 2553 5229 est,
2584 5168 2686 5221 mei
2713 5166 2912 5222 exstitit
2938 5165 3196 5221 defensio.
3225 5161 3503 5217 Contraria
3532 5157 3678 5219 enim

2101 5260 2152 5315 in
2183 5259 2462 5315 contrariis
2482 5268 2536 5314 et
2566 5259 2696 5312 fiunt
2720 5267 2775 5313 et
2817 5265 3102 5326 apparent,
3134 5253 3348 5325 quando
3375 5253 3484 5305 vult
3513 5254 3673 5306 Dcns.

2104 5355 2294 5408 Annon
2325 5353 2501 5407 vidisti
2529 5361 2584 5408 et
2612 5352 2879 5406 fornacem
2918 5349 3191 5404 ardentem
3210 5388 3226 5412 .
3257 5357 3312 5402 et
3337 5361 3512 5400 rorem
3546 5346 3678 5400 sibi-

2163 5465 2235 5526 (a)
2267 5472 2377 5526 tunc
2397 5465 2574 5526 omnia,
2599 5472 2717 5526 Cum
2744 5459 2869 5511 enim
2893 5459 3172 5526 dixisset...
3197 5458 3463 5526 subiungit,
3477 5458 3690 5512 deerant

2101 5528 2148 5576 iu
2170 5519 2334 5575 more].
2368 5533 2420 5573 et
2440 5519 2599 5579 savil.,
2631 5523 2716 5584 sed
2755 5528 2871 5570 sunt
2901 5525 2960 5572 'itt
2991 5521 3097 5572 aliis
3130 5519 3508 5584 exemidaribus.
3550 5529 3677 5584 ,Pnot

2102 5589 2248 5638 lectio
2289 5599 2534 5650 sequens,
2561 5584 2604 5634 si
2647 5582 2860 5650 dixero,
2909 5590 3026 5641 ete.,
3063 5591 3140 5650 est.
3177 5582 3313 5645 juxta
3337 5583 3681 5650 Symmachum,

2100 5654 2228 5700 sicut
2251 5644 2394 5710 etiam
2417 5644 2496 5696 illa
2523 5645 2863 5708 interpretatio
2885 5658 2996 5708 qua:
3021 5645 3162 5708 paulo
3181 5644 3291 5710 post
3312 5644 3554 5710 sequuta,
3581 5653 3682 5700 tvo:

2107 5715 2266 5762 lucida
2288 5709 2415 5760 cinia
2447 5721 2540 5760 me.
2819 5741 2824 5746 -
