4116 6204
1420 174 1543 195 ’.σε

429 315 536 373 415

428 428 649 493 lantem,
668 433 719 481 et
750 437 919 494 neque
947 421 1089 476 illam
1115 416 1397 487 exstingui,
1425 428 1523 468 nec
1552 410 1692 464 hunc
1720 401 1999 468 exsiccari,

432 531 488 576 et
510 517 819 589 grandinem
847 511 1001 567 simul
1027 519 1080 564 ct
1106 505 1399 563 ﬂammam?
1427 501 1705 589 Undenam
1728 512 1856 568 ergo
1878 536 1892 561 ,
1918 494 2006 549 dic

436 587 564 662 mihi
585 648 600 672 ,
628 606 730 659 hoc
759 602 959 657 factum
986 600 1108 654 est?
1129 593 1403 665 Quomodo
1443 598 1619 645 autem
1648 587 1845 641 factum
1890 591 2003 647 est,

438 698 563 753 volo
583 697 742 752 scire.
770 694 880 749 lmo
918 705 1045 747 vero
1075 703 1175 745 nec
1190 688 1309 741 volo
1336 683 1547 753 quidem
1574 680 1711 735 scire
1752 675 2003 731 modum:

437 804 611 859 nequo
634 788 778 843 enim
816 792 991 856 potest
1020 781 1130 836 ﬁeri
1154 798 1169 834 :
1200 778 1293 834 sed
1323 776 1519 830 factum
1544 770 1725 834 credo;
1760 783 1881 823 eum
1907 781 2005 821 au-

438 890 545 936 tem
565 880 654 950 qui
678 878 801 934 fecit
823 876 988 931 adoro
1014 891 1029 927 :
1066 873 1295 926 Plurima
1324 869 1455 922 enim
1481 867 1592 935 eius
1629 867 1765 937 facta
1785 870 1899 917 sunt
1917 876 2008 914 oc-

437 971 574 1024 culta
599 978 646 1022 et
667 983 853 1021 arcana
887 962 1069 1035 (Eccli.
1104 959 1191 1015 16.
1220 959 1337 1025 22).
1363 956 1478 1012 Non
1509 953 1685 1009 vidisti
1724 950 1865 1021 quod
1885 963 2007 1005 cum

437 1060 555 1115 dies
577 1067 741 1123 esset,
771 1054 987 1125 perinde
1010 1062 1170 1121 atque
1197 1052 1248 1105 in
1278 1048 1514 1104 tenebris
1539 1044 1820 1116 palpahant
1840 1043 2007 1113 IEgy-

442 1150 575 1220 ptii:
614 1157 816 1202 etcum
862 1146 1038 1199 omnia
1088 1148 1410 1210 occuparent
1457 1136 1728 1199 tenebras,
1760 1133 2012 1188 videbant

438 1238 692 1294 Israelita:
717 1254 731 1290 :
760 1246 953 1291 etcum
984 1240 1167 1290 essent
1192 1245 1377 1286 rursus
1401 1229 1452 1283 in
1484 1226 1737 1297 principio
1764 1224 2009 1281 tenebra-

441 1345 588 1396 rum,
634 1328 723 1382 lux
749 1327 827 1382 eis
870 1325 1045 1401 illuxit
1092 1324 1144 1377 in
1173 1320 1390 1377 medio?
1426 1319 1637 1374 Natura:
1659 1317 1800 1372 enim
1830 1330 2009 1371 rerum

440 1433 653 1488 semper
671 1427 753 1472 est
773 1415 1059 1479 Dominus,
1089 1414 1179 1483 qui
1210 1411 1334 1467 fecit
1362 1420 1599 1465 naturam
1622 1448 1638 1474 ,
1671 1421 1776 1462 non
1804 1416 1862 1461 ut
1889 1420 2013 1475 pro-

440 1506 599 1562 ducat
622 1521 741 1576 quae
771 1520 874 1558 non
899 1511 1042 1568 sunt,
1074 1502 1167 1557 sed
1196 1510 1253 1556 ut
1278 1498 1544 1554 manentia
1568 1497 1621 1552 in
1648 1504 1834 1550 natura
1859 1494 2013 1550 aliter

442 1610 700 1666 apparere
741 1593 957 1649 efﬁciat.
992 1591 1124 1659 Quia
1152 1587 1366 1644 tenebras
1392 1603 1492 1642 non
1536 1584 1934 1641 obscurabuntur
1978 1600 2013 1637 a

447 1694 514 1741 te.
542 1684 713 1750 Alius,
737 1681 885 1753 Apud
914 1691 979 1737 te.
1019 1679 1089 1734 Et
1113 1694 1215 1733 nos:
1239 1679 1366 1733 sicut
1388 1677 1494 1731 dies
1519 1675 1886 1730 illuminabitur
1910 1672 2010 1746 (a).

446 1777 617 1844 Alius,
655 1774 760 1829 Sed
784 1782 831 1829 et
860 1787 962 1827 nos:
985 1781 1040 1825 ut
1066 1772 1171 1826 dies
1188 1768 1463 1841 apparebit.
1485 1767 1629 1823 Sicut
1645 1765 1856 1821 tenebrae
1882 1766 2013 1835 ejus,

444 1868 517 1921 ita
541 1876 589 1920 et
609 1864 700 1920 lus:
726 1864 855 1931 ejus.
892 1862 1041 1917 Alius
1059 1902 1075 1928 ,
1106 1860 1309 1915 Similes
1328 1868 1443 1915 sunt
1468 1857 1677 1912 tenebris
1700 1866 1746 1911 et
1769 1856 1858 1911 lus:
1884 1856 2014 1926 ejus.

445 1955 611 2012 Recte
660 1954 812 2019 dixit,
842 1952 884 2005 Α
914 1962 961 2006 te
980 1991 995 2017 ,
1023 1951 1125 2005 hoc
1153 1960 1273 2015 est,
1298 1947 1450 2018 Apud
1481 1956 1569 2012 te;
1612 1945 1932 2016 signiﬁcans,
1968 1943 2013 1998 si

446 2045 697 2113 volueris,
722 2043 956 2099 tenebrae
995 2056 1102 2096 non
1132 2051 1286 2096 erunt
1316 2040 1545 2094 tenebrae
1573 2078 1589 2104 ,
1615 2036 1709 2093 sed
1738 2051 1856 2107 quae
1883 2033 2015 2089 lucis

448 2146 589 2202 sunt,
620 2135 922 2193 ostendent.
948 2134 1015 2189 Et
1050 2133 1169 2189 ideo
1205 2132 1474 2202 subjunxit
1492 2172 1508 2198 ,
1532 2129 1655 2184 Non:
1675 2133 1801 2183 sicut
1825 2128 1928 2180 dies
1953 2125 2016 2180 il-

448 2226 792 2291 luminabitur,
821 2224 1050 2280 reddens
1075 2223 1216 2294 quod
1253 2222 1505 2295 praecedit
1534 2220 1765 2292 apertius
1785 2260 1801 2287 ,
1833 2227 1888 2272 et
1914 2216 2016 2272 hoc

448 2318 644 2375 indicat
675 2335 688 2371 :
715 2317 843 2385 Quae
869 2324 992 2371 sunt
1021 2314 1159 2382 diei,
1187 2330 1289 2370 nox
1315 2296 1596 2380 ostendet,
1627 2327 1733 2367 non
1754 2324 1910 2366 secus
1937 2317 2017 2363 at-

448 2426 551 2481 que
574 2425 636 2465 ea
664 2426 782 2480 quae
807 2417 932 2463 sunt
954 2407 1073 2478 ejus
1099 2408 1332 2483 propria.
1358 2405 1577 2475 Quando
1604 2406 1746 2462 enim
1778 2404 1916 2457 Deus
1930 2416 2014 2456 vo-

450 2500 640 2565 luerit,
681 2500 919 2570 operatio
952 2499 1333 2554 elementorum
1360 2498 1582 2552 vertitur
1618 2494 1671 2550 in
1711 2492 2011 2558 contraria,

450 2606 599 2662 seque
626 2589 781 2645 facile
799 2599 958 2659 atque
997 2589 1051 2644 in
1077 2588 1290 2658 pr0pria
1314 2588 1414 2643 sibi
1456 2587 1605 2643 initio
1630 2586 1845 2640 tributa.
1872 2584 1929 2639 Si
1960 2592 2017 2637 tu

448 2682 589 2737 enim
614 2682 873 2746 volueris,
903 2681 971 2736 ita
1002 2683 1103 2736 erit
1127 2696 1253 2746 nox,
1284 2688 1338 2735 et
1363 2680 1431 2734 ita
1474 2678 1691 2734 habebit
1711 2677 1885 2733 lucem
1915 2676 2016 2731 sibi

448 2772 749 2828 attributam
773 2811 788 2837 ,
816 2781 874 2826 ut
895 2771 1162 2827 tenebras.
1192 2770 1448 2838 Quocirca
1476 2768 1577 2825 hoc
1609 2783 1821 2839 quoque
1846 2766 2013 2837 signi-

451 2861 615 2917 ﬁcans
641 2902 657 2927 ,
689 2860 961 2932 subjunxit
992 2879 1006 2917 :
1034 2860 1177 2916 Sicut
1218 2860 1430 2914 tenebras
1473 2859 1580 2930 ejus
1602 2898 1619 2925 ,
1648 2860 1719 2914 ita
1758 2868 1806 2914 et
1850 2858 2017 2913 lumen

449 2952 578 3022 ejus.
611 2949 733 3005 [hec
769 2949 837 3006 de
865 2950 1144 3005 elementis
1168 2948 1381 3019 quidem
1424 2949 1635 3019 pr0prie
1673 2948 1811 3004 dicta
1853 2955 2015 3015 sunt,

452 3040 815 3110 metaphorice
843 3052 1021 3095 autem
1045 3041 1204 3096 etiam
1227 3038 1296 3094 de
1318 3038 1496 3094 rebus.
1532 3039 1609 3094 Ex
1631 3038 1822 3112 quibus
1846 3046 2019 3093 osten-

450 3131 593 3187 ditur
618 3145 773 3202 posse
805 3130 975 3185 Deum
1000 3138 1199 3184 tantam
1226 3127 1418 3183 afferre
1454 3128 1691 3198 requiem
1716 3141 1779 3182 ac
1804 3140 2016 3182 recrea-

453 3225 652 3278 tionem
677 3223 741 3277 iis
764 3222 852 3292 qui
884 3220 936 3276 in
978 3219 1293 3275 afﬁictiones
1332 3219 1600 3285 incidunt,
1643 3227 1894 3289 quantam
1919 3218 2018 3271 ha-

454 3313 579 3367 bent
607 3312 643 3366 ii
671 3313 757 3382 qui
780 3320 998 3364 utuntnr
1016 3310 1176 3364 rebus
1204 3308 1471 3373 secundis,
1501 3318 1684 3378 utpote
1712 3308 1803 3378 qui
1834 3322 2017 3363 curam

451 3411 601 3474 gerat
628 3401 953 3457 afﬁictionis.
988 3400 1098 3454 Hoc
1119 3409 1199 3453 est
1226 3400 1371 3455 enim
1394 3399 1737 3463 incredibile,
1767 3408 1821 3457 et
1850 3399 2020 3470 majus

453 3489 719 3560 opinione,
750 3488 892 3558 quod
935 3488 1095 3543 etiam
1125 3488 1174 3541 in
1198 3487 1392 3557 Joseph
1427 3488 1638 3544 accidit.
1661 3488 1841 3559 Neque
1877 3489 2023 3543 enim

455 3591 564 3637 tam
609 3581 732 3636 felix
774 3579 960 3635 fuisset
998 3579 1114 3650 ejus
1161 3595 1476 3647 successus,
1508 3595 1607 3636 nec
1636 3588 1836 3635 tantum
1881 3588 2024 3635 esset

457 3673 714 3729 honorem
757 3681 1113 3740 consequutus
1166 3673 1220 3727 in
1269 3681 1486 3742 paterna
1531 3672 1692 3727 domo
1742 3672 2019 3739 habitans,

454 3771 710 3835 quantum
739 3762 1084 3818 venumdatus
1103 3805 1118 3830 ,
1149 3775 1202 3818 et
1228 3764 1279 3818 in
1311 3763 1469 3818 domo
1495 3762 1772 3818 barbarica
1821 3763 2019 3819 educa-

458 3862 563 3908 tus.
592 3853 691 3907 Per
697 3853 860 3921 ,ipsos
881 3851 1025 3906 enim
1056 3852 1389 3909 insidiatores
1418 3854 1465 3908 ei
1488 3853 1877 3908 eontexehatur
1904 3854 2021 3907 dia-

457 3946 629 4013 dcma,
656 3953 710 3999 et
736 3943 1139 4014 comparabatur
1163 3959 1413 4017 purpura,
1443 3954 1495 4000 et
1524 3944 1591 3998 ab
1619 3943 1846 3999 infamiw
1867 3960 2022 3999 occa.

457 4038 609 4091 sione
631 4037 847 4092 honoris
873 4045 929 4092 et
951 4036 1098 4107 regni
1123 4037 1170 4091 ei
1195 4051 1353 4091 causa
1384 4035 1663 4106 processit.
1691 4034 1878 4090 Vidisti
1902 4051 2027 4105 quo-

457 4129 615 4183 modo
638 4129 967 4199 interpretati
1007 4143 1189 4185 sumus
1211 4127 1369 4194 illud,
1404 4128 1527 4183 Non:
1550 4129 1675 4184 sicut
1703 4130 1807 4184 dies
1835 4130 2026 4183 illumi-

458 4225 680 4280 nabitur?
701 4224 781 4280 Ad
810 4226 910 4280 hoc
930 4233 1138 4292 autem,
1163 4225 1309 4281 Sicut
1334 4222 1546 4277 tenebris
1571 4224 1679 4294 ejus
1701 4263 1718 4289 ,
1743 4223 1814 4275 ita
1853 4224 2024 4277 lumen

456 4317 583 4388 ejus,
618 4316 668 4371 id
696 4317 866 4386 ipsum
880 4316 1057 4373 dicere
1080 4331 1299 4373 necesse
1317 4324 1399 4372 est
1423 4333 1437 4369 :
1462 4315 1600 4371 sicut
1619 4315 1742 4381 illas,
1762 4315 1838 4369 sic
1864 4315 2025 4371 etiam

458 4406 561 4461 hoc
580 4407 702 4474 erit,
731 4422 836 4463 non
861 4409 1035 4478 specie
1056 4416 1282 4475 tantum,
1305 4407 1398 4462 sed
1422 4407 1647 4462 Domino
1668 4416 1761 4462 tuo
1786 4415 2023 4462 mutante

457 4510 637 4551 rerum
663 4505 892 4551 naturas.
925 4498 1011 4552 15.
1038 4497 1170 4565 Quia
1194 4506 1247 4550 tu
1286 4496 1545 4567 possedisti
1565 4512 1706 4551 renes
1732 4512 1887 4559 meos,
1913 4495 2024 4550 Do—

456 4586 589 4639 mine
611 4602 630 4640 :
657 4587 917 4656 suscepisti
939 4603 1018 4641 me
1059 4586 1122 4641 de
1146 4596 1284 4642 utero
1309 4588 1484 4641 matris
1511 4603 1653 4643 mete.
1686 4587 1754 4642 Et
1776 4604 2022 4661 quasnam

455 4685 538 4731 est
565 4676 680 4732 haec
697 4678 1078 4747 consequentia
1098 4692 1218 4733 cum
1247 4678 1325 4733 eis
1346 4692 1464 4748 quas
1482 4677 1621 4734 dicta
1645 4681 1805 4734 sunt?
1834 4678 2020 4750 Magna

454 4766 670 4835 quidem
693 4775 870 4834 certe,
893 4776 947 4823 et
973 4784 1091 4838 qua:
1120 4767 1273 4823 valde
1309 4768 1564 4824 cohaeret.
1596 4770 1853 4837 Quoniam
1874 4770 2021 4827 enim

455 4854 589 4910 dixit
615 4855 684 4910 de
713 4864 857 4911 tanta
881 4857 997 4926 ejus
1040 4859 1270 4929 potentia
1291 4898 1306 4924 ,
1349 4858 1584 4915 ostendit
1622 4860 1872 4932 deinceps
1898 4876 2021 4918 eum

455 4945 532 4999 uti
576 4945 673 5001 hac
723 4955 982 5016 potestate
1025 4947 1094 5003 ad
1144 4948 1424 5004 utilitatem
1464 4957 1519 5006 et
1559 4949 1874 5007 beneficium
1916 4952 2020 5007 ho-

452 5038 680 5093 minum.

525 5129 793 5186 Possessor
814 5131 888 5186 rei
913 5148 1154 5201 possessor
1190 5149 1364 5187 curam
1389 5134 1531 5205 gerit.
1553 5164 1625 5175 —
1645 5133 1721 5190 Ne
1742 5135 1859 5205 quis
1878 5134 2021 5189 enim

454 5223 709 5293 insipiens
736 5223 967 5292 diceret,
998 5226 1065 5280 Et
1085 5225 1211 5297 quid
1238 5226 1353 5281 hzee
1371 5226 1438 5282 ad
1458 5243 1574 5293 me,
1602 5228 1647 5283 si
1669 5237 1753 5283 est
1774 5242 2016 5298 magnus,

450 5321 506 5366 et
528 5323 714 5383 potens
733 5355 747 5379 ,
775 5323 828 5371 et
855 5318 1165 5387 przesciendi
1197 5318 1446 5374 facultate
1486 5319 1774 5389 praeditus?
1799 5317 2020 5373 ostende

450 5401 496 5454 si
527 5403 651 5471 quid
678 5419 741 5458 ex
762 5418 827 5459 eo
852 5404 984 5461 lucri
1010 5406 1263 5463 faciamus
1289 5426 1304 5463 :
1328 5409 1618 5478 subjunxit,
1643 5407 1722 5462 Tu
1749 5407 2016 5479 possedisti

452 5505 593 5545 renes
619 5510 772 5559 meos,
803 5509 833 5550 a
864 5505 1009 5567 parte
1028 5498 1211 5555 dicens
1233 5508 1402 5555 totum
1449 5499 1739 5559 hominem.
1787 5500 1904 5556 Non
1935 5509 2021 5557 est

510 5667 585 5730 (α)
619 5672 726 5718 ttae
743 5672 1226 5736 iuterpretatiojuxta
1247 5685 1395 5737 quem
1416 5675 1478 5725 sit
1508 5675 1771 5737 ignoratur.

1127 303 1186 360 S.
1224 298 1502 359 JOANNIS
1539 285 2013 354 CHRYSOSTOMI
2050 283 2362 342 ARCHIEP.
2403 280 2933 340 CONSTANTINOP.

3567 276 3674 333 416

2110 408 2288 465 autem
2333 397 2433 451 hoc
2459 411 2677 466 parvum
2719 392 2785 448 ad
2813 400 3016 462 partem
3057 389 3235 446 laudis
3274 389 3622 460 providentize
3650 428 3668 455 ,

2108 502 2226 542 esse
2256 486 2349 542 Dei
2378 486 2782 556 possessionem.
2805 483 2903 550 Qui
2924 481 3065 537 enim
3092 480 3346 551 possidet,
3378 495 3562 535 curam
3580 496 3673 550 ge-

2108 579 2178 632 rit
2195 588 2250 633 et
2275 577 2531 648 providet.
2555 576 2809 645 Quocirca
2832 575 2935 629 hoc
2958 588 3167 643 quoque
3204 572 3506 642 signiﬁcans
3527 614 3544 641 ,
3570 574 3670 629 ad-

2104 668 2223 738 jicit
2258 668 2507 739 deinceps
2550 668 2688 737 quod
2730 665 2990 737 sequitur,
3014 665 3295 736 Suscepisti
3323 682 3401 720 me
3441 666 3504 720 de
3530 677 3670 721 utero

2109 759 2284 813 matris
2332 774 2471 813 mea.
2504 758 2617 812 Hoc
2656 767 2775 824 est,
2807 758 3067 827 Perpetuo
3111 772 3198 811 me
3241 757 3512 824 muniisti,
3538 759 3669 815 mihi

2109 850 2401 920 providisti,
2427 850 2532 905 mei
2554 863 2737 905 curam
2755 850 2962 919 gessisti
2988 890 3012 914 ,,
3028 863 3091 903 ac
3120 858 3288 904 tutum
3309 849 3582 905 reddidisti
3605 853 3671 908 ab

2111 944 2326 998 ineunte
2351 951 2538 1009 tetate,
2567 943 2635 997 ab
2664 941 2792 1011 ipsis
2821 941 3023 1004 fasciis,
3047 950 3101 995 et
3125 956 3245 1011 quae
3272 941 3413 1007 dixi,
3443 942 3669 1000 docuisti

2111 1033 2270 1088 rebus
2296 1032 2443 1103 ipsis.
2476 1033 2561 1088 ﬂ.
2588 1031 2873 1100 Cou/itebor
2902 1031 2989 1084 tibi
3014 1032 3131 1101 quia
3160 1032 3442 1086 terribiliter
3470 1038 3669 1105 magni-

2112 1124 2288 1192 ﬁcatus
2313 1140 2364 1178 es
2389 1138 2409 1177 :
2430 1122 2678 1177 mirabilia
2704 1139 2856 1187 opera
2886 1132 2970 1175 tua
2993 1163 3008 1189 ,
3031 1132 3077 1175 et
3098 1123 3395 1178 unima‘mea
3421 1130 3672 1197 cognoscit

2111 1214 2280 1269 nimis.
2312 1214 2446 1283 Quid
2478 1214 2579 1270 hoc
2602 1214 2708 1269 est?
2736 1214 2959 1268 Finxisti
3001 1230 3087 1270 me
3108 1254 3123 1278 ,
3148 1216 3346 1281 inquit,
3372 1217 3466 1272 sed
3495 1221 3674 1276 nescio

2112 1305 2377 1377 quomodo
2417 1306 2633 1360 ﬁnxeris
2657 1323 2671 1359 :
2700 1305 2943 1374 provides
2963 1346 2976 1368 ,
3011 1306 3103 1361 sed
3149 1322 3252 1361 non
3277 1323 3488 1376 possum
3517 1311 3673 1367 simul

2113 1395 2496 1466 providentiam
2515 1410 2724 1450 omnem
2751 1397 2953 1450 ratione
2974 1396 3443 1465 comprehendere.
3472 1400 3673 1472 Ubique

2113 1502 2192 1554 es,
2216 1485 2309 1542 sed
2330 1501 2398 1542 ne
2423 1486 2527 1541 hoc
2560 1484 2772 1556 quidem
2798 1488 2911 1540 scio
2942 1501 3046 1555 quo
3072 1496 3253 1556 pacto.
3285 1487 3431 1543 Nosti
3462 1489 3634 1546 futura
3653 1533 3669 1560 ,

2114 1586 2170 1635 et
2194 1578 2475 1650 praeterita,
2497 1585 2551 1632 et
2577 1592 2766 1632 arcana
2788 1578 2979 1632 mentis
3006 1580 3275 1635 hominum
3304 1599 3317 1635 :
3340 1582 3432 1635 sed
3456 1599 3553 1640 nec
3576 1586 3675 1643 hoc

2115 1683 2329 1738 possum
2375 1668 2579 1723 ratione
2618 1668 3085 1737 comprehendere.
3116 1669 3283 1725 Mutas
3330 1676 3469 1729 enim
3498 1692 3673 1732 rerum

2116 1774 2353 1833 naturas,
2371 1774 2425 1820 et
2449 1766 2580 1822 facis
2609 1776 2666 1822 ut
2689 1778 2964 1842 manentes
2992 1767 3271 1823 ostendant
3292 1768 3555 1823 contraria
3579 1786 3591 1822 :
3620 1778 3675 1824 et

2116 1857 2187 1911 ita
2213 1873 2397 1913 rursus
2425 1858 2689 1913 contraria
2719 1857 2924 1924 educis,
2955 1859 3173 1930 perinde
3194 1874 3257 1914 ac
3281 1859 3326 1914 si
3355 1869 3533 1915 essent
3555 1874 3673 1930 pro-

2116 1949 2229 2019 pria
2251 1958 2305 2004 et
2332 1949 2448 2018 ejus
2476 1958 2679 2004 natura:
2700 1950 2971 2005 attributa.

2186 2041 2239 2095 4.
2261 2038 2390 2094 Cum
2422 2040 2597 2111 itaque
2617 2040 2731 2095 haec
2759 2043 2932 2095 omnia
2954 2041 3281 2110 collegisset,
3301 2050 3355 2098 et
3383 2042 3564 2097 divino
3581 2057 3668 2097 es-

2117 2140 2200 2186 set
2245 2131 2434 2201 spiritu
2474 2131 2715 2197 afﬁatus,
2745 2146 2929 2200 magna
2958 2146 3088 2186 voce
3112 2132 3360 2186 clamavit
3382 2172 3407 2197 ,,
3439 2132 3626 2186 dicens
3657 2152 3671 2186 :

2116 2219 2400 2289 Conﬁtebor
2426 2221 2533 2280 tibi.
2548 2222 2663 2291 quia
2688 2220 2968 2274 terribiliter
2988 2222 3335 2291 magniﬁcatus
3358 2238 3429 2284 es,
3450 2221 3550 2276 hoc
3570 2231 3674 2289 est,

2117 2311 2373 2367 mirabilis
2400 2312 2687 2381 apparuisti
2711 2351 2727 2377 ,
2756 2321 2809 2367 et
2832 2327 2892 2367 es
2920 2311 3194 2366 mirabilis.
3228 2311 3487 2367 Mirabilia
3526 2330 3676 2384 Opera

2119 2413 2225 2468 tua,
2256 2412 2303 2458 et
2329 2404 2501 2457 anima
2525 2419 2636 2457 mea
2657 2404 2911 2474 cognoscit
2938 2405 3108 2459 nimis.
3139 2405 3204 2459 Et
3228 2405 3353 2474 quid
3378 2405 3446 2459 de
3473 2414 3524 2460 te
3543 2448 3558 2471 ,
3589 2407 3673 2461 in-

2118 2496 2250 2567 quit,
2281 2495 2420 2559 dico,
2443 2511 2563 2550 cum
2593 2512 2711 2567 quae
2735 2511 2765 2550 a
2798 2505 2848 2551 te
2877 2496 3028 2560 ﬁunt,
3061 2512 3306 2567 magnum
3327 2497 3556 2554 habeant
3578 2500 3678 2554 mi-

2119 2588 2381 2645 raculum?
2405 2588 2604 2645 Deinde
2620 2589 2833 2644 mittens
2858 2589 3034 2643 omnia
3062 2590 3329 2659 persequi,
3357 2591 3569 2660 pr0pria
3597 2592 3678 2648 sui

2118 2680 2306 2735 notitia
2340 2688 2621 2735 contentus
2648 2679 2778 2734 dicit
2810 2697 2823 2734 :
2857 2678 2923 2732 Et
2951 2682 3119 2734 anima
3156 2697 3267 2734 mea
3310 2683 3559 2753 cognoscit
3604 2684 3679 2737 ni-

2118 2772 2233 2826 mis.
2261 2771 2373 2827 Non
2399 2772 2665 2842 cognoscit
2700 2771 3030 2826 solummodo
3052 2813 3067 2839 ,
3091 2771 3182 2826 sed
3214 2771 3369 2827 valde
3398 2781 3453 2827 et
3472 2774 3683 2833 intense

2118 2864 2408 2934 cognoscit.
2435 2863 2488 2919 Si
2518 2875 2694 2918 autem
2720 2863 3021 2928 cognoscit,
3053 2864 3316 2933 quomodo
3342 2863 3473 2918 dixit
3500 2872 3679 2930 antea,

2119 2952 2368 3007 Mirabilis
2394 2957 2525 3025 facta
2544 2962 2613 3005 est
2638 2952 2843 3005 scientia
2867 2961 2952 3005 tua
2975 2968 3008 3006 a
3030 2968 3126 3017 me,
3158 2953 3439 3022 confortata
3468 2963 3561 3020 est,
3585 2970 3685 3007 non

2120 3052 2290 3115 potero
2317 3042 2386 3096 ad
2411 3043 2557 3097 eam!
2581 3040 2805 3096 Maxime
2833 3058 2848 3097 :
2875 3056 2995 3095 nam
3035 3041 3160 3096 illud
3204 3042 3414 3110 quidem
3445 3052 3591 3098 certe
3619 3042 3685 3099 de

2120 3135 2236 3206 ipso
2262 3135 2460 3189 dictum
2485 3141 2598 3199 est,
2628 3132 2730 3188 hoc
2754 3146 2880 3187 vero
2899 3132 2965 3188 de
2992 3132 3259 3200 oneribus.
3298 3132 3449 3199 Quod
3493 3134 3537 3188 si
3582 3133 3683 3189 hoc

2121 3239 2332 3297 quoque
2355 3224 2423 3281 de
2452 3224 2567 3295 ipso
2590 3224 2785 3280 dictum
2814 3232 2892 3280 est
2917 3264 2933 3290 ,
2973 3224 3100 3280 illud
3139 3224 3431 3280 dixerimus
3476 3243 3490 3279 :
3534 3225 3688 3282 Novit

2121 3332 2241 3372 eum
2267 3332 2387 3372 esse
2432 3315 2749 3383 mirabilem,
2797 3330 3065 3386 magnum,
3122 3317 3389 3371 excelsum
3419 3316 3583 3385 :quid
3612 3317 3681 3371 sit

2122 3418 2297 3463 autem
2317 3407 2608 3464 substantia
2637 3404 2845 3477 (eadem
2872 3404 3012 3460 enim
3037 3420 3222 3461 rursus
3245 3406 3460 3470 dicam),
3479 3415 3533 3461 et
3555 3423 3689 3477 quo-

2122 3513 2246 3555 nam
2274 3496 2432 3551 modo
2452 3496 2521 3551 sit
2547 3495 2663 3565 ejus
2682 3495 2932 3565 majestas
2957 3504 3011 3550 et
3035 3495 3443 3565 magniﬁcentia,
3461 3505 3513 3550 et
3540 3497 3691 3567 quis-

2124 3605 2245 3648 nam
2290 3590 2360 3645 sit
2401 3587 2588 3644 modus
2612 3602 2793 3643 eorum
2824 3603 2942 3655 qua:
2970 3586 3110 3642 dicta
3138 3597 3283 3653 sunt,
3316 3589 3523 3657 ignorat
3551 3606 3564 3641 :
3594 3590 3697 3643 sed.

2125 3695 2187 3735 ea
2218 3680 2330 3749 ipsa
2360 3678 2619 3748 ignoratio
2638 3688 2719 3733 est
2735 3686 3102 3747 argumentum
3123 3678 3461 3747 cognitionis,
3481 3678 3697 3735 etiamsi

2126 3772 2195 3826 sit
2234 3770 2474 3825 mirabile
2525 3768 2667 3839 quod
2706 3769 2904 3824 dictum
2956 3777 3058 3824 est.
3107 3768 3240 3823 Nam
3285 3784 3431 3825 mare
3480 3786 3689 3839 quoque

2125 3871 2376 3934 quantum
2406 3861 2491 3926 sit,
2526 3861 2857 3931 ignoramus;
2885 3869 2938 3915 et
2962 3869 3133 3915 tamen
3153 3869 3367 3930 propter
3392 3859 3491 3915 hoc
3520 3861 3690 3931 ipsum

2126 3969 2276 4011 mare
2301 3954 2531 4008 maxime
2562 3952 2823 4019 novimus,
2847 3952 2985 4023 quod
3012 3951 3128 4021 ejus
3154 3967 3452 4009 mensuram
3482 3954 3690 4008 nescia-

2127 4063 2265 4102 mus.
2288 4046 2342 4103 Si
2364 4047 2482 4115 quis
2506 4054 2681 4101 autem
2704 4045 2841 4100 dicat
2862 4059 2921 4099 se
2943 4058 3099 4100 nosse
3122 4043 3235 4112 ejus
3255 4045 3616 4113 quantitatem,
3646 4045 3692 4099 is

2127 4146 2209 4193 est
2227 4137 2315 4208 qui
2346 4136 2395 4190 id
2426 4136 2629 4207 ignorat
2657 4135 2901 4197 maxime.
2926 4135 3018 4191 Est
3046 4134 3201 4203 igitur
3227 4134 3487 4204 professio
3507 4137 3690 4205 cogni-

2128 4229 2307 4295 tionis,
2325 4244 2441 4298 quae
2469 4228 2640 4297 arguit
2668 4227 3016 4297 ignorantiam
3051 4242 3063 4278 :
3092 4235 3146 4280 et
3172 4234 3253 4280 est
3279 4214 3692 4295 ignoratio,qu:e

2128 4320 2281 4375 nobis
2312 4319 2412 4375 fert
2442 4318 2800 4374 testimonium
2830 4316 2897 4372 de
2925 4316 3163 4371 scientia.
3190 4318 3275 4371 15.
3298 4316 3413 4370 Non
3439 4328 3510 4371 est
3525 4318 3666 4371 occul
3676 4348 3692 4359 ο

2127 4419 2283 4464 latum
2302 4426 2357 4464 os
2378 4426 2540 4462 meum
2564 4424 2595 4460 a
2633 4418 2679 4463 te
2696 4407 2829 4477 quod
2858 4407 3017 4478 feciin
3046 4408 3099 4461 in
3122 4408 3314 4461 occulto
3340 4424 3358 4461 :
3381 4416 3428 4461 et
3464 4407 3691 4460 substan—

2128 4501 2198 4554 tia
2216 4516 2325 4555 mea
2350 4500 2403 4554 in
2422 4497 2739 4569 inferioribus
2768 4507 2931 4551 terrm.
2977 4496 3230 4566 Loquitur
3256 4513 3439 4553 rursus
3470 4498 3537 4553 de
3576 4499 3693 4566 ejus

2127 4591 2446 4661 cognitione,
2478 4600 2530 4645 et
2576 4589 2806 4642 ostendit
2848 4603 2968 4643 eum
2999 4587 3116 4643 haec
3166 4588 3305 4643 seire
3341 4589 3537 4642 omnia.
3599 4588 3695 4642 Vel

2127 4696 2254 4751 ergo
2300 4679 2428 4734 dicit
2455 4694 2574 4735 eum
2601 4679 2774 4731 omnia
2808 4692 2965 4733 nosse
2984 4692 3196 4744 arcana,
3223 4678 3302 4732 vel
3327 4678 3519 4747 aliquid
3549 4676 3695 4731 aliud

2128 4771 2636 4843 signiﬁcat,nempe
2688 4767 3059 4824 formationem
3110 4779 3164 4823 et
3217 4768 3580 4824 creationem:
3614 4766 3691 4823 No

2128 4880 2248 4921 cum
2293 4863 2519 4934 ﬁngerer
2543 4860 2773 4931 quidem,
2806 4876 2893 4915 me
2919 4860 3209 4930 ignorasti,
3239 4859 3332 4915 sed
3355 4859 3530 4914 omnia
3559 4860 3692 4913 scie-

2130 4955 2246 5023 bas,
2271 4969 2393 5009 cum
2420 4952 2532 5007 haec
2551 4950 2802 5021 paulatim
2832 4960 3020 5006 natura
3042 4957 3371 5016 contexeret,
3404 4949 3610 5003 tametsi
3638 4950 3693 5005 in

2127 5060 2325 5101 arcano
2345 5052 2674 5114 operaretur,
2701 5050 2756 5097 et
2782 5050 3048 5113 tamquam
3077 5043 3131 5096 in
3170 5040 3363 5097 infimis
3399 5050 3553 5096 teme
3573 5055 3694 5111 par-

2129 5139 2267 5193 tibus
2293 5154 2307 5191 :
2334 5143 2455 5191 sunt
2476 5144 2649 5189 tamen
2679 5132 2800 5202 tibi,
2824 5134 3011 5204 inquit,
3041 5134 3215 5189 omnia
3246 5132 3383 5189 nuda
3410 5142 3463 5189 et
3487 5141 3690 5201 aperta.

2128 5228 2275 5282 Alius
2298 5237 2472 5281 autem
2502 5224 2766 5295 interpres
2806 5224 2882 5279 sic
2914 5224 3054 5279 dixit
3080 5241 3093 5277 :
3128 5223 3248 5277 Non
3269 5223 3428 5277 velata
3447 5231 3559 5276 sunt
3577 5236 3693 5276 ossa

2126 5334 2236 5372 mea
2258 5333 2291 5370 a
2318 5326 2383 5384 te,
2411 5315 2588 5386 quibus
2610 5317 2774 5387 factus
2803 5330 2913 5368 sum
2934 5314 2987 5368 in
3007 5313 3209 5368 occulto.
3232 5312 3327 5385 (a).
3346 5314 3497 5368 Alius
3519 5354 3533 5378 ,
3567 5311 3619 5365 Ν
3625 5327 3692 5365 on

2190 5493 2261 5557 (a)
2292 5498 2404 5540 Haec
2425 5491 2554 5557 prior
2575 5490 2911 5557 interpretatio
2949 5489 3179 5557 estquta
3220 5485 3455 5557 Aquilam,
3473 5484 3693 5557 secunda

2121 5544 2622 5617 juxta
2649 5544 2799 5617 tertia
2822 5551 2975 5617 juxta
3000 5544 3254 5617 incertum:
3278 5544 3339 5617 't_n
3362 5544 3440 5617 his
3454 5544 3696 5617 lectioni-

2130 5604 2219 5664 bus
2241 5604 2418 5674 aliquid
2440 5604 2734 5662 diversitatis
2757 5604 3043 5661 observatur
3066 5609 3113 5657 iu
3130 5606 3269 5656 savii.
3294 5606 3385 5655 Sed
3402 5604 3565 5654 Morel.
3591 5616 3692 5655 me-

2131 5675 2223 5726 lius
2245 5676 2407 5725 habet.
