4070 6214
355 293 463 350 Ἦῗῑ

357 403 498 468 εἶδες
528 403 621 456 καὶ
659 403 887 475 κάμινον
917 401 1323 474 ἀναπτομένην,
1351 404 1444 457 καὶ
1475 403 1664 475 δρόσον
1694 399 1934 474 διασυρί-

353 489 580 555 ζουσαν,
615 485 708 540 καὶ
738 485 862 539 οὔτε
903 485 1119 556 ἐκείνην
1150 485 1537 557 σϐεννυμένην,
1567 486 1692 540 οὔτε
1729 484 1934 554 ταύτην

359 571 779 643 ξηραινομένην,
809 570 905 624 καὶ
935 570 1178 641 χάλαζαν
1219 570 1314 622 καὶ
1343 569 1515 638 φλόγα
1554 570 1730 641 όμοῦ;
1765 568 1936 623 Πόθεν

351 656 451 714 ὀὖν
477 659 638 712 τοῦτο
663 658 891 727 γέγονεν
911 677 925 722 ;
948 658 1072 712 εἰπέ
1102 675 1213 729 μοι.
1247 657 1370 720 Πῶς
1400 658 1455 709 δὲ
1485 657 1719 726 ἐγένετο,
1754 655 1936 727 βούλο-

351 760 462 812 μαι
511 741 725 812 μαθεῖν.
770 741 989 794 Μᾶλλον
1038 739 1095 793 δὲ
1138 740 1260 793 οὐδὲ
1305 739 1490 813 μαθεῖν
1539 739 1796 809 βούλομαι
1841 737 1933 790 τὸν

356 826 590 895 τρόπον’
625 825 746 878 οὐδέ
780 824 890 895 γὰρ
916 823 1171 877 δυνατόν·
1197 823 1438 876 πιστεύω
1483 823 1540 876 δὲ
1582 820 1660 892 τῷ
1703 837 1935 890 γεγενη-

365 908 532 978 μένῳ,
552 907 645 960 καὶ
667 905 958 978 προσκυνῶ
985 906 1075 958 τὸν
1099 907 1420 976 ποιήσαντα.
1441 905 1518 958 Τὰ
1545 903 1654 974 γὰρ
1681 904 1935 956 πλείονα

362 989 482 1042 τῶν
516 990 704 1058 ἔργων
734 988 922 1043 αὐτοῦ
958 988 1029 1041 ἐν
1059 988 1445 1064 ἀποκρύψας.
1487 988 1599 1040 Οὐκ
1650 982 1808 1052 εἶδες,
1852 986 1934 1039 ὅτι

363 1072 578 1143 ἡμέρας
603 1071 768 1142 οὔσης
806 1071 1115 1142 ἐψηλάφουν
1139 1071 1186 1122 οί
1210 1070 1496 1138 Δίγύπτιοι
1529 1071 1604 1132 ὡς
1636 1072 1693 1122 ἐν
1731 1068 1931 1135 σκότει,

364 1158 460 1208 καὶ
486 1156 708 1218 σκότους
733 1155 914 1208 πάντα
933 1152 1252 1222 κατέχοντος
1283 1153 1470 1224 ἐώρων
1501 1153 1553 1205 οἱ
1577 1152 1931 1224 Ἰσραηλῖται,

360 1240 460 1293 καὶ
503 1239 652 1310 παρὰ
693 1239 792 1310 τὴν
836 1237 1009 1308 ἀρχὴν
1048 1236 1208 1290 πάλιν
1256 1236 1483 1299 σκότους
1523 1236 1676 1300 ὖντος
1723 1235 1785 1288 τὸ
1818 1234 1935 1303 φῶς

365 1323 607 1392 ἔλαμψεν
650 1323 708 1375 ἐν
743 1321 821 1392 τῷ
862 1322 1046 1392 μέσως
1093 1318 1371 1389 Πανταχοῦ
1394 1320 1503 1389 γὰρ
1532 1320 1628 1390 τῆς
1660 1319 1768 1373 τῶν
1803 1336 1934 1390 πρα-

357 1406 591 1476 γμάτων
620 1405 832 1474 φύσεως
875 1403 1077 1474 Κύριος
1105 1405 1136 1456 ό
1169 1405 1430 1474 ποιήσας,
1462 1402 1559 1473 οὐχ
1585 1401 1727 1455 ὥστε
1757 1419 1937 1474 παρα-

365 1491 558 1556 γαγεῖν
603 1490 702 1542 οὐκ
751 1488 900 1550 ὄντα,
949 1485 1061 1539 ἀλλ’
1101 1484 1241 1538 ὥστε
1291 1486 1520 1555 μένοντα
1571 1487 1628 1537 ἐν
1664 1488 1730 1557 τῇ
1777 1489 1937 1554 φύσει

363 1571 571 1643 ἐτέρως
598 1569 1036 1641 παρασκευάζειν
1064 1568 1202 1622 αύτά
1225 1568 1685 1623 δείκνυσθαι.”οτι
1713 1571 1938 1636 σκότος

367 1657 441 1709 οὐ
485 1653 950 1722 σκοτισθήσεται
980 1651 1097 1707 ἀπὸ
1133 1651 1274 1706 σοῦ.
1309 1651 1556 1723 Ἕτερος,
1604 1653 1768 1722 Παρὰ
1813 1653 1938 1710 σοί.

365 1735 480 1793 Kal
506 1737 621 1802 νὺξ
645 1737 724 1804 ώς
765 1735 955 1806 ἡμέρα
981 1735 1443 1806 φωτισθήσεται.
1473 1735 1721 1808 Ἕτερος,
1762 1736 1942 1791 Ἀλλὰ

367 1820 468 1874 καί
498 1820 616 1885 νὺξ
632 1832 658 1860 ﬁ
685 1821 766 1886 ὡς
806 1819 996 1889 ἡμέρα
1028 1817 1222 1889 φανεῖ.
1260 1819 1353 1884 Ὡς
1381 1819 1448 1874 τὸ
1477 1822 1698 1886 σκότος
1729 1819 1938 1888 αὐτῆς,

365 1903 520 1958 οὕτω
546 1904 644 1958 καί
667 1904 733 1957 τὸ
752 1902 880 1973 φῶς
899 1902 1608 1974 αὐτῆς.”Ετερος,Ὅμοιον
1627 1903 1694 1958 τὸ
1719 1904 1942 1970 σκότος

362 1984 466 2041 ικαὶ
499 1988 566 2040 τὸ
591 1983 726 2056 ,φῶς
749 1985 958 2056 αὐτῆς.
993 1985 1192 2050 Καλῶς
1225 1981 1400 2051 εἶπεν,
1439 1986 1572 2040 Ἀπὸ
1611 1986 1752 2054 σοῦ,
1785 2003 1942 2041 τουτ-

366 2067 502 2135 έστι,
532 2069 690 2142 Παρὰ
718 2070 826 2124 σοί·
855 2068 1052 2142 δηλῶν,
1085 2070 1168 2124 ὅτι
1207 2069 1305 2122 Ἂν
1334 2067 1621 2140 βουληθῇς,
1659 2069 1722 2122 τὸ
1752 2069 1943 2134 σκότος

367 2153 467 2206 οὐκ
494 2153 647 2207 ἐσται
678 2153 890 2217 σκότος,
923 2152 1060 2206 ἀλλά
1099 2151 1171 2204 τά
1210 2151 1388 2222 φωτὸς
1428 2152 1818 2217 ἐπιδείξεταιδ.
1851 2153 1946 2207 Διδ

365 2235 647 2309 ἐπήγαγε,
676 2235 786 2291 Kal
804 2236 921 2301 νὺξ
951 2236 1033 2302 ὡς
1053 2234 1243 2304 ἡμέρα
1280 2235 1743 2304 φωτισθήσεται,
1777 2238 1945 2308 σαφέ-

370 2336 563 2392 στερον
616 2321 678 2374 τὸ
726 2321 990 2395 πρότερον
1044 2320 1238 2382 ποιιῖιν,
1283 2321 1375 2373 καί
1432 2320 1702 2375 δείκνυσιν
1745 2322 1827 2376 ὃτι
1876 2321 1943 2375 τὰ

369 2405 583 2474 ἡμέρας
617 2403 943 2470 ἐπιδείξεται
981 2405 1016 2475 ἡ
1049 2403 1177 2470 νὺξ,
1205 2403 1281 2468 ώς
1306 2401 1380 2458 τὰ
1411 2403 1541 2458 ἴδια.
1569 2407 1744 2470 Ὅταν
1776 2407 1884 2478 γὰρ
1913 2408 1942 2461 ὁ

371 2487 505 2550 Θεὸς
564 2485 828 2558 βουληθῇ,
881 2487 1015 2556 πρὸς
1075 2487 1144 2540 τὰ
1192 2487 1412 2541 ἐναντία
1466 2487 1784 2558 μεθίσταται
1835 2489 1944 2544 τῶν

374 2569 655 2638 στοιχείων
679 2571 712 2640 η
740 2568 1008 2638 ἐνέργεια,
1037 2567 1209 2633 οὕτως
1238 2568 1389 2642 [4141
1425 2570 1670 2642 ἀκριϐῶς
1706 2573 1843 2644 πρὸς
1874 2572 1946 2627 τὰ

373 2651 595 2704 ἐναντία
617 2691 630 2715 ,
677 2652 752 2716 ώς
787 2651 925 2722 πρὸς
953 2651 1023 2706 τά
1066 2654 1240 2706 οἰκεῖα
1280 2653 1430 2725 παρά
1466 2656 1568 2726 τὴν
1608 2656 1782 2728 ἀρχὴν
1815 2674 1946 2727 συγ-

375 2733 692 2804 κεκλήρωτο
720 2745 768 2790 ο.
787 2735 912 2788 Ἐἀν
934 2736 1040 2808 γάρ
1072 2737 1136 2790 σὺ
1163 2735 1452 2808 βουληθῇς,
1475 2739 1697 2809 τοιαύτη
1727 2739 1880 2793 ἐσται
1910 2741 1945 2812 ἡ

375 2818 509 2884 νὺξ,
567 2820 662 2872 καὶ
710 2817 884 2884 οὕτως
937 2821 1049 2887 ἔξει
1103 2821 1165 2874 τὸ
1225 2822 1340 2890 φῶς
1402 2823 1944 2895 συγκεκληρωμένον,

376 2899 565 2972 ῶσπερ
603 2900 663 2954 τὺ
689 2903 894 2966 σκότος.
941 2903 1034 2957 Διὸ
1082 2905 1174 2958 καὶ
1216 2904 1373 2959 τοῦτο
1403 2905 1598 2978 δηλῶν,
1630 2909 1944 2978 ἐπήγαγεν

385 2982 482 3047 Ὠς
507 2983 574 3037 τὸ
605 2986 829 3052 σκότος
854 2985 1072 3055 αὐτῆς,
1117 2988 1270 3041 οὕτω
1317 2990 1415 3042 καὶ
1455 2987 1522 3043 τὸ
1564 2989 1690 3059 φῶς
1733 2989 1944 3059 αὐτῆς.

375 3065 560 3120 Ταῦτα
592 3069 806 3140 εῖρηται
842 3069 942 3140 μὲν
969 3070 1174 3141 κυρίως
1208 3071 1440 3128 ἐπιστῶν
1464 3075 1764 3144 στοιχείων,
1783 3092 1949 3147 μετα-

377 3149 617 3218 φορικῶς
644 3151 700 3204 δὲ
729 3152 823 3205 ἐπὶ
851 3151 960 3206 τῶν
987 3155 1350 3224 πραγμάτων.
1399 3156 1517 3226 Ἀφ’
1544 3150 1621 3211 ών
1651 3157 1947 3222 δείκνυται,

375 3233 459 3286 δτι
491 3234 712 3289 δύναται
743 3239 773 3289 ό
804 3236 936 3300 Θεὸς
967 3240 1025 3291 ἐν
1056 3242 1177 3302 ταῖς
1204 3237 1414 3309 θλίψεσι
1457 3241 1728 3313 τοσαύτην
1768 3244 1950 3296 ἄνεσιν

380 3317 610 3388 ποιῆσαι
656 3321 768 3382 τοῖς
819 3320 1208 3390 ἐμπίπτουσιν,
1257 3323 1390 3394 ὅσην
1423 3324 1489 3378 ἀν
1516 3327 1628 3389 τοῖς
1669 3329 1727 3379 ἐν
1769 3327 1952 3380 ἀνέσει

379 3395 540 3466 οὖσι,
574 3401 818 3473 προνοῶν
861 3403 962 3473 τῆς
1007 3403 1259 3474 θλίψεως.
1295 3406 1368 3459 Τὸ
1407 3407 1516 3480 γὰρ
1543 3408 1608 3478 δὴ
1639 3409 1953 3479 θαυμαστὸν

381 3485 480 3539 καὶ
512 3485 816 3558 παράδοξον
845 3486 1037 3552 τοῦτο,
1085 3488 1222 3560 ὅπερ
1267 3489 1330 3560 δὴ
1373 3492 1465 3545 καὶ
1497 3493 1591 3547 ἐπὶ
1620 3491 1718 3546 τοῦ
1757 3493 1952 3564 Ἰωσὴφ

379 3570 620 3639 γέγονεν.
667 3571 743 3623 Ού
786 3569 894 3640 γὰρ
933 3571 1202 3643 τοσαύτης
1247 3574 1555 3631 ἀπέλαυσεν
1603 3580 1811 3642 ἐκεῖνος
1861 3580 1954 3632 ἀν-

381 3653 549 3736 έσεως
591 3652 685 3706 καὶ
729 3655 894 3726 τιμῆς
944 3654 1044 3726 τὴν
1080 3657 1339 3727 πατρῴαν
1375 3661 1551 3716 οίκίαν
1586 3661 1772 3729 οίκῶν,
1821 3665 1954 3736 ὅσην

381 3735 632 3819 πραθεὶς,
669 3737 762 3790 καὶ
800 3737 860 3790 ἐν
904 3737 1212 3812 βαρϐαρικῇ
1255 3743 1588 3815 τρεφόμενος
1633 3748 1802 3819 οἰκίᾳ.
1845 3735 1955 3802 Kal

379 3816 450 3869 δι’
479 3817 658 3872 αὐτῶν
685 3819 794 3874 τῶν
819 3819 1125 3875 ἐπιϐούλων
1151 3823 1302 3894 αὐτῷ
1324 3826 1386 3878 τὸ
1411 3826 1646 3898 διάδημα
1678 3816 1953 3898 ὑφαίνετο,

382 3900 476 3954 καὶ
509 3902 542 3972 ἡ
582 3901 839 3974 ἁλουργὶς
871 3905 1304 3970 κατεσκευάζετο
1326 3945 1341 3970 ,
1390 3910 1485 3962 καὶ
1527 3912 1560 3980 ἡ
1601 3911 1700 3980 τῆς
1733 3913 1956 3982 ἀτιμίας

383 3982 640 4048 ὑπόθεσις
681 3985 822 4066 αύτη
870 3985 1040 4056 τιμῆς
1076 3987 1226 4057 αύτῷ
1275 3989 1370 4042 καὶ
1415 3989 1690 4060 βασιλείας
1736 3995 1958 4066 ἀφορμὴ

380 4066 622 4137 γέγονεν.
671 4065 828 4133 Εἶδες
877 4068 996 4133 πῶς
1041 4068 1530 4141 ἡρμηνεύσαμενά,
1575 4074 1656 4127 ὃτι
1707 4078 1835 4140 Νὺξ
1877 4065 1959 4144 ὠς

382 4152 574 4221 ἡμέρα
604 4152 1084 4223 φωτισθήσεταις
1137 4154 1279 4224 Πρὸς
1311 4153 1367 4207 δὲ
1398 4155 1479 4222 τὸ,
1525 4157 1619 4223 Ὠς
1642 4156 1709 4210 τὸ
1739 4163 1958 4227 σκότος

382 4235 610 4305 αὐτῆς,
633 4236 788 4291 οὕτω
835 4236 934 4291 καί
964 4237 1031 4291 τὸ
1059 4234 1186 4306 φῶς
1213 4235 1427 4306 αὐτῆς,
1451 4238 1615 4292 πάλιν
1647 4241 1863 4313 ἀνάγκη
1899 4244 1960 4298 τὸ

384 4320 519 4374 αὐτὸ
548 4322 756 4374 είπεῖν’
793 4320 985 4392 ὥσπερ
1029 4321 1232 4388 ἐκεῖνο,
1278 4321 1421 4375 οὕτω
1466 4323 1748 4378 καὶτοῦτο
1786 4326 1960 4397 αὐτῆς

385 4405 574 4474 ἐσται,
602 4406 664 4459 οὐ
704 4405 976 4477 φαντασίᾳ
995 4444 1011 4470 ,
1039 4404 1176 4460 ἀλλά
1207 4404 1301 4460 σοῦ
1331 4405 1428 4459 τοῦ
1473 4407 1681 4478 Κυρίου
1709 4409 1818 4463 τῶν
1858 4410 1960 4480 φύ-

387 4505 526 4544 σεων
559 4488 627 4543 τά
669 4489 974 4561 πράγματα
1020 4489 1420 4560 μετατιθέντος.
1454 4490 1575 4545 Ὅτι
1609 4493 1691 4546 σὺ
1723 4493 1961 4564 ἐκτήσω

385 4573 530 4638 τοὺς
579 4575 840 4646 νεφρούς
890 4590 1033 4644 μου,
1082 4574 1259 4641 Κύριε
1285 4587 1298 4602 ·
1359 4572 1692 4629 ἀντελάϐου
1727 4593 1850 4644 μου
1893 4577 1962 4632 ἐκ

385 4660 644 4730 γαστρὸς
661 4660 887 4730 μητρός
906 4676 1048 4729 μου.
1063 4657 1174 4712 Καὶ
1195 4656 1322 4711 ποία
1347 4656 1488 4730 αὕτη
1508 4658 1797 4715 ἀκολουθία
1823 4660 1962 4734 πρὸς

385 4745 456 4798 τά
483 4745 782 4816 εἰρημένας
807 4741 982 4815 Πολλὴ
1013 4742 1114 4814 μὲν
1140 4737 1234 4794 οὖν
1258 4740 1354 4794 καὶ
1387 4741 1590 4813 σφόδρα
1613 4745 1958 4816 συνημμένη.

399 4827 618 4898 Ἐπειδὴ
665 4827 774 4899 γὰρ
825 4821 944 4880 εἶπε
995 4825 1125 4897 περ)⁸
1173 4824 1276 4894 τῆς
1325 4824 1607 4896 δυνάμεως
1649 4827 1816 4881 αὐτοῦ
1862 4827 1963 4898 τῆς

388 4913 680 4982 τοσαύτης,
716 4911 954 4966 δείκνυσι
978 4909 1184 4975 λοιπὸν,
1207 4910 1290 4964 ὅτι
1317 4911 1384 4980 τῇ
1415 4909 1642 4981 δυνάμει
1680 4911 1851 4984 ταύτῃ
1880 4915 1961 4977 είς

388 4993 452 5052 τὸ
484 4997 596 5057 τοῖς
641 4994 948 5064 ἀνθρώποις
976 4994 1249 5066 χρήσιμον
1277 4991 1544 5064 κέχρηται
1570 4994 1664 5048 καὶ
1699 4995 1832 5065 πρὸς
1864 4995 1962 5067 τὴν

389 5077 728 5150 εὐεργεσίαν.

468 5162 585 5215 Ἱνα
622 5160 732 5232 γὰρ
770 5160 843 5232 μή
872 5176 954 5224 τις
982 5159 1118 5232 λέγῃ
1140 5157 1250 5213 τῶν
1275 5159 1542 5231 ἀνοήτων,
1569 5161 1680 5215 Kal
1709 5161 1762 5214 τί
1790 5161 1960 5216 ταῦτα

392 5245 532 5318 πρὸς
561 5245 681 5315 ἐμὲ,
705 5245 755 5297 εί
787 5244 980 5314 μέγας.
1014 5243 1109 5295 καὶ
1134 5241 1377 5309 δυνατὸς,
1405 5243 1500 5297 καὶ
1521 5247 1960 5315 προγνωστικός;

458 5341 487 5369 ³
513 5337 624 5388 Haec
645 5337 1006 5398 interpretatio,
1052 5335 1174 5398 ἀλλὰ
1201 5337 1284 5398 καὶ
1303 5335 1399 5395 νύξ,
1424 5341 1543 5395 etc.,
1571 5341 1649 5384 est
1670 5337 1960 5396 Symmachi.

394 5401 566 5466 Lectio
597 5397 833 5466 seqtlplis,
869 5399 1037 5466 §9m0v
1077 5397 1133 5445 τὸ
1166 5397 1338 5453 σκότος
1382 5399 1463 5447 καὶ
1484 5398 1540 5446 τὸ
1567 5400 1666 5461 φῶς
1684 5399 1842 5461 αὐτῆς,
1867 5414 1964 5450 non

393 5463 604 5514 habetur
622 5459 948 5522 inﬂexapli’s.

457 5533 484 5564 h
513 5523 623 5573 ϐων.
651 5525 772 5571 ἀλλὰ
793 5520 852 5570 τὸ
874 5523 971 5584 φῶς
991 5520 1282 5584 ἐπιδείξεται.

458 5592 480 5619 τ
509 5588 623 5652 Sav.
657 5586 774 5647 πρὸς
815 5583 1101 5652 τὰέναντία,
1131 5583 1430 5652 ’ώςιπρὸςιτόι
1456 5584 1628 5648 οἰκεῖα,
1650 5587 1715 5644 ὡς
1733 5587 1961 5652 παρὰ.....

396 5643 766 5712 κεκλήρωτοζθι
784 5659 895 5694 mox
913 5643 1105 5712 τοιαύτη
1125 5645 1250 5712 ἐστὶν
1264 5643 1415 5712 ἦμνύξ.

459 5711 492 5754 ὁ
507 5707 618 5764 δαν.
637 5710 941 5774 ἡρμήνευσεν.
961 5707 1100 5759 Alius
1125 5707 1439 5769 ἑρμηνεύεται.

1352 287 1715 350 EXPOSI'I‘IO
1755 288 1822 343 IN
1850 280 2179 342 PSALMUM
2217 283 2548 341 CXXXVIII.

3498 274 3608 336 416

2036 396 2208 464 δεῖξον
2228 399 2281 452 at
2311 415 2362 450 τι
2403 395 2760 468 κερδαίνομεν
2791 396 3068 452 ἐντεῦθενο
3105 396 3354 468 ἐπήγαγε
3385 389 3468 462 τὸ,
3490 395 3613 450 ’Ότι

2037 479 2119 533 σὺ
2159 479 2398 548 ἐκτήσω
2442 479 2585 548 τοὺς
2619 480 2879 550 νεφρούς
2923 498 3066 550 μου,
3115 480 3224 534 ἀπὸ
3280 478 3481 551 μέρους
3523 476 3616 532 τὸν

2037 562 2216 616 πάντα
2242 561 2416 631 λέγων
2460 562 2767 634 ἄνθρωπον.
2798 563 2874 617 Οὐ
2936 562 3130 634 μικρὸν
3156 563 3213 617 δέ
3239 561 3398 616 τοῦτο
3423 561 3505 624 εἰς
3532 561 3606 628 ἐγ·

2037 643 2250 716 κωμίου
2303 647 2468 718 μέρος
2497 648 2593 701 καὶ
2625 647 2880 719 προνοίας
2902 686 2919 712 ,
2962 645 3025 699 τὺ
3063 647 3249 717 κτῆμα
3277 642 3415 701 εἶναι
3453 642 3613 696 Θεοῦ.

2048 728 2107 782 '0
2150 729 2256 802 7&9
2289 727 2568 800 κτώμενος
2604 730 2700 790 καὶ
2736 729 2961 801 κήδεται
2991 728 3086 782 καὶ
3119 730 3358 799 προνοεῖ.
3391 726 3482 780 Διδ
3520 725 3616 779 xal

2037 809 2196 864 τοῦτο
2215 810 2413 882 δηλῶν,
2449 812 2771 883 προστίθησι
2790 811 2852 865 τὸ
2877 812 3024 883 ἑξῆς,
3054 810 3227 880 λέγων
3251 819 3306 848 ο·
3352 806 3616 862 Ἀντελό-

2039 895 2146 947 ϐου
2183 912 2304 962 μου
2338 895 2408 948 ἐκ
2454 895 2714 965 γαστρὸς
2753 895 2866 963 τῆς
2893 896 3119 964 μητρός
3161 911 3302 964 μου.
3330 891 3614 960 Τουτέστι,

2037 974 2126 1028 διά
2153 977 2352 1042 παντός
2385 994 2452 1049 με
2484 978 2755 1048 ἐτείχισας
2774 1016 2790 1042 ,
2821 977 3191 1048 προενόησας,
3230 975 3517 1047 ὴσφαλίσω
3549 977 3618 1030 ἐκ

2038 1056 2262 1130 πρώτης
2287 1061 2385 1131 τῆς
2415 1059 2628 1131 ἡλικίας
2651 1100 2667 1126 ,
2701 1059 2760 1126 ἐξ
2790 1059 2968 1112 αὐτῶν
2992 1059 3100 1114 τῶν
3141 1057 3493 1129 σπαργάνων,
3521 1057 3618 1112 καὶ

2036 1138 2209 1193 ταῦτα
2234 1140 2320 1194 διὰ
2349 1142 2455 1196 τῶν
2490 1142 2667 1212 ἔργων
2693 1140 2878 1195 αὐτῶν
2914 1141 3239 1206 ἐπαίδευσας
3272 1139 3414 1211 άπερ
3439 1133 3614 1195 εἷπον.

2051 1221 2598 1294 Ἐξομολογήσομαί
2635 1240 2756 1290 σοι,
2805 1225 2894 1280 ὅτι
2925 1224 3188 1294 φοϐερῶς
3233 1221 3616 1293 ἐθαυμαστώ-

2039 1309 2150 1374 θης
2170 1322 2184 1337 °
2231 1307 2534 1377 θαυμάσια
2577 1307 2650 1362 τὰ
2692 1307 2836 1377 ἔργα
2883 1323 3022 1372 σου,
3056 1307 3156 1362 καί
3202 1308 3243 1375 ἠ
3287 1304 3458 1375 ψυχή
3492 1323 3615 1375 μου

2038 1389 2318 1460 γινώσκει
2363 1390 2620 1459 σφόδρα.
2676 1392 2741 1444 Τί
2785 1393 2901 1446 ἐστι
2949 1391 3135 1459 τοῦτο;
3192 1389 3476 1454 Ἔπλασάς
3519 1406 3612 1461 με,

2040 1474 2226 1545 φησὶν,
2263 1472 2378 1527 ἀλλ’
2403 1474 2506 1527 οὐκ
2546 1470 2666 1530 οῖδα
2714 1474 2832 1540 πῶς
2879 1474 3121 1538 ἔπλασας
3139 1492 3154 1506 ο
3186 1475 3458 1545 προνοεῖς,
3498 1472 3615 1526 ἀλλ’

2039 1557 2101 1609 ού
2123 1556 2360 1626 δύναμαι
2393 1557 2572 1610 πᾶσαν
2593 1555 2729 1626 ὁμοῦ
2766 1557 3084 1629 περιλαϐεῖν
3105 1557 3205 1627 τὴν
3225 1557 3480 1629 πρόνοιαν
3502 1556 3617 1617 τοῖς

2039 1639 2338 1709 λογισμοῖς.
2401 1639 2684 1710 Πανταχοῦ
2747 1641 3014 1712 ὑπάρχεις
3034 1679 3050 1705 ,
3115 1640 3229 1694 ἀλλ’
3285 1639 3408 1693 οὐδὲ
3457 1637 3617 1692 τοῦτο

2040 1721 2360 1792 ἐπίσταμαι.
2393 1722 2475 1776 Τά
2511 1722 2773 1791 μέλλοντα
2809 1723 3063 1794 πρόοιδας
3081 1721 3126 1790 ί,
3165 1723 3262 1778 καὶ
3301 1721 3370 1776 τά
3417 1737 3620 1792 προγε-

2039 1803 2336 1876 γενημένα,
2364 1805 2458 1858 καὶ
2483 1804 2554 1858 τά
2577 1804 2866 1877 ἀπόρρητα
2893 1806 2990 1878 τῆς
3019 1805 3256 1869 διανοίας
3277 1803 3387 1858 τῶν
3415 1803 3622 1875 ἀνθρώ-

2043 1905 2160 1940 πων
2180 1905 2193 1918 ·
2221 1887 2336 1940 ἀλλ’
2361 1888 2484 1941 οὐδὲ
2509 1887 2670 1941 τοῦτο
2701 1890 2815 1952 τοῖς
2863 1887 3144 1961 λογισμοῖς
3173 1887 3501 1942 καταλαϐεῖν
3523 1887 3617 1941 δύο

2042 1986 2234 2040 ναμαι.
2279 1969 2651 2034 Μεταϐἀλλεις
2700 1969 2810 2041 γὰρ
2853 1970 2965 2024 τῶν
3003 1971 3344 2043 πραγμάτων
3370 1971 3470 2038 τὰς
3513 1971 3620 2041 φύο

2043 2069 2180 2119 σεις,
2207 2053 2303 2106 καὶ
2343 2053 2610 2125 μενούσας
2653 2052 2722 2107 τὰ
2750 2054 2969 2107 ἐναντία
3000 2053 3407 2110 ἐπιδείκνυσθαι
3437 2071 3621 2126 παρα·-

2044 2135 2332 2201 σκευάξεις
2349 2176 2364 2201 ,
2391 2139 2486 2191 καὶ
2508 2136 2580 2190 τά
2604 2139 2629 2178 ⁸
2657 2137 2878 2192 ἐναντία
2904 2135 3047 2191 οὕτω
3076 2138 3241 2193 πάλιν
3268 2139 3508 2208 ἐξάγεις,
3542 2137 3622 2202 ὡς

2043 2221 2219 2272 οἰκεῖα
2247 2220 2343 2273 κα)⁸
2372 2220 2516 2274 κατά
2543 2219 2706 2290 φύσιν
2736 2218 3261 2292 συγκεκληρωμένα.

2113 2302 2176 2355 δ’.
2197 2302 2382 2356 Ταῦτα
2397 2302 2461 2375 δὴ
2480 2303 2659 2357 πάντα
2677 2302 2838 2356 πάλιν
2860 2302 3204 2373 συναγαγὼν,
3223 2303 3316 2358 καὶ
3331 2301 3622 2372 γενόμενος

2049 2383 2203 2458 [415]
2233 2386 2418 2450 ἔνθους
2441 2426 2457 2450 ,
2482 2384 2750 2456 ἀνέκραξε
2782 2385 2958 2456 μέγα,
2983 2385 3188 2455 λέγων’
3233 2384 3623 2456 Ἑξομολοτή·

2044 2471 2228 2540 σομαί
2258 2486 2378 2535 σοι,
2403 2469 2493 2524 ὅτι
2519 2467 2784 2539 φοϐερῶς
2811 2469 3280 2542 ὲθαυμαστώθης
3300 2509 3318 2533 ,
3349 2468 3620 2531 τουτέστι,

2046 2551 2358 2623 θαυμαστὸς
2391 2553 2616 2623 ἐφάνης,
2651 2552 2745 2606 καὶ
2774 2550 3082 2622 θαυμαστὸς
3111 2547 3182 2606 εί.
3217 2551 3528 2620 Θαυμάσαι
3552 2551 3625 2603 τά

2043 2633 2189 2704 ἔργα
2217 2647 2357 2700 σου,
2389 2635 2489 2690 καί
2511 2634 2549 2702 ἠ
2585 2632 2754 2703 ψυχή
2783 2651 2904 2703 μου
2929 2633 3203 2704 γινώσκει
3231 2633 3487 2704 σφόδρα.
3513 2630 3626 2685 Καὶ

2044 2717 2098 2771 τί
2130 2718 2296 2787 λέγω,
2328 2719 2497 2790 φησὶ,
2538 2717 2668 2787 περὶ⁵
2717 2714 2836 2779 σοῦ,
2867 2717 3001 2770 ὅπου
3043 2733 3108 2786 γε
3148 2717 3244 2770 καὶ
3285 2716 3354 2770 τά
3391 2716 3497 2769 ὑπὸ
3529 2713 3625 2767 σοῦ

2046 2800 2309 2872 γινόμενα
2338 2799 2472 2854 πολὺ
2511 2800 2575 2853 τὸ
2623 2797 2806 2870 θαῦμα
2845 2798 2995 2869 Exn;
3031 2796 3166 2854 Εἶτα
3201 2799 3362 2870 ἀφεὶς
3410 2799 3627 2853 ἅπαντα

2048 2883 2385 2948 ἐπεξελθεῖν,
2419 2883 2669 2956 ἀρκεῖται
2710 2885 2777 2954 τῇ
2821 2883 2998 2955 οἰκείᾳ
3026 2881 3246 2952 γνώσει,
3275 2881 3450 2950 λέγων
3470 2895 3486 2911 ο
3513 2881 3625 2934 Kal

2049 2967 2089 3034 ἡ
2129 2965 2300 3036 ψυχή
2326 2984 2446 3036 μου
2488 2966 2770 3035 γινώσκει
2813 2965 3068 3036 σφόδρα.
3105 2965 3218 3035 Οὐχ
3253 2963 3438 3026 ἁπλῶς
3465 2960 3629 3030 γινώ⁴

2053 3067 2173 3104 σκει
2193 3092 2210 3118 ,
2244 3051 2381 3104 ἀλλὰ
2411 3051 2548 3122 μετά
2581 3050 2889 3114 ἐπιτάσεως
2909 3089 2926 3116 ,
2959 3050 3094 3121 φησὶ
3115 3089 3132 3115 ,
3165 3048 3303 3121 μετά
3333 3046 3630 3117 σφοδρότη-

2050 3151 2163 3198 τος.
2213 3135 2320 3188 Kal
2366 3137 2416 3188 εί
2459 3133 2739 3204 γινώσκει,
2778 3134 2897 3198 πῶς
2941 3133 3126 3202 ἐλεγεν
3178 3127 3504 3204 ἔμπροσθεν,
3546 3129 3629 3182 ὅτι

2065 3215 2520 3286 Ἐθαυμαστώθη
2554 3219 2593 3287 ἡ
2618 3218 2843 3288 γνῶσίς
2865 3232 2984 3270 σου
3009 3214 3079 3280 ἐξ
3110 3213 3278 3284 ἐμοῦ,
3313 3209 3629 3282 ἐκραταιώ-

2053 3302 2147 3367 θτΓ
2177 3303 2352 3370 σὺμὴ
2385 3301 2648 3372 δύνωμαι
2678 3302 2828 3371 πρὸς
2861 3298 3092 3367 αὐτήν;
3130 3299 3379 3355 Μάλιστα
3407 3297 3506 3369 μὲν
3537 3291 3630 3350 οὖν

2054 3384 2231 3437 ἐκεῖνο
2264 3387 2392 3456 περὶ
2421 3386 2584 3440 αὐτοῦ
2636 3388 2871 3458 εῖρηται,
2917 3385 3076 3441 τοῦτο
3124 3383 3183 3436 δέ
3223 3383 3354 3454 περὶ
3401 3381 3510 3435 τῶν
3538 3380 3632 3452 ἐρ-

2053 3468 2283 3534 γων.ιΕἰ
2301 3468 2358 3522 δὲ
2375 3471 2470 3522 καὶ
2497 3470 2627 3540 περὶ
2649 3468 2816 3524 αὑτοῦ
2841 3468 3021 3534 τοῦτο,
3050 3469 3228 3521 ἐκεῖνο
3257 3467 3324 3520 ἂν
3356 3466 3632 3536 εἴποιμεν,

2053 3550 2136 3604 ὅτι
2167 3553 2446 3618 γινώσκει,
2476 3553 2557 3606 ὅτι
2585 3552 2920 3624 θαυμαστὸς,
2948 3552 3030 3605 ὅτι
3065 3551 3259 3622 μέγας,
3293 3551 3376 3603 ὅτι
3405 3547 3628 3619 ὑψηλός·

2052 3637 2116 3690 τὸ
2162 3637 2220 3691 δὲ
2245 3637 2297 3690 τί
2326 3637 2423 3709 τὴν
2452 3638 2640 3692 οὐσίαν
2679 3639 2696 3709 (
2721 3637 2881 3692 πάλιν
2915 3636 3024 3708 γὰρ
3050 3636 3119 3690 τὰ
3144 3635 3285 3690 αὐτά
3317 3633 3500 3706 ἐρῶ),
3537 3632 3634 3685 καὶ

2055 3720 2221 3785 πῶςδ
2245 3722 2279 3792 ἡ
2311 3720 2694 3793 μεγαλωσύνη,
2727 3722 2822 3775 καὶ
2846 3721 2928 3784 τίς
2959 3721 2988 3773 ό
3015 3719 3218 3792 τρόπος
3253 3717 3363 3771 τῶν
3409 3715 3637 3787 εἰρημέ-

2055 3821 2182 3868 νων,
2234 3805 2452 3871 ἀγνοεῖο
2501 3803 2615 3858 ἀλλ’
2668 3805 2701 3875 ἡ
2753 3804 2947 3872 ἀγνοια
2999 3803 3139 3874 αὕτη
3187 3797 3443 3871 γνώσεώς
3487 3799 3637 3850 ἐστιν

2057 3885 2352 3949 ἀπόδειξις,
2389 3887 2438 3938 εί
2462 3888 2556 3938 καὶ
2580 3886 2891 3956 θαυμαστὸν
2915 3885 2978 3938 τὸ
3006 3885 3316 3956 εἰρημένον.
3355 3881 3510 3935 Ἐπεὶ
3539 3879 3638 3934 καὶ

2056 3967 2154 4039 τὴν
2185 3968 2453 4021 θάλατταν
2492 3968 2699 4038 πηλίκη
2728 3967 2812 4030 τίς
2842 3968 2992 4020 ἐστιν
3019 3967 3455 4037 ἀγνοοῦμεν,καὶ
3485 3965 3637 4034 ὅμως

2056 4051 2124 4105 δι’
2149 4049 2282 4104 αὐτὸ
2313 4051 2411 4120 μὲν
2440 4045 2534 4103 οὖν
2569 4049 2728 4104 τοῦτο
2772 4049 3008 4119 μάλιστα
3037 4050 3194 4119 ἴσμεν
3220 4047 3517 4107 θάλασσαν,
3552 4047 3638 4098 ὅτι

2059 4131 2361 4203 ἀγνοοῦμεν
2396 4133 2568 4202 αὐτῆς
2607 4131 2670 4184 τὸ
2702 4131 2919 4203 μέτρον.
2951 4130 3015 4183 Εί
3044 4129 3101 4184 δέ
3129 4147 3210 4193 τις
3248 4129 3398 4198 λέγει
3436 4127 3637 4182 ειδέναι

2060 4216 2229 4287 αὐτῆς
2255 4215 2352 4288 τὴν
2386 4216 2660 4286 ποσότητα
2679 4255 2692 4280 ,
2725 4208 2880 4278 οὗτος
2920 4212 3157 4285 μάλιστά
3187 4215 3334 4266 ἐστιν
3375 4215 3404 4266 ό
3424 4209 3637 4279 ἀγνοῶν

2061 4301 2253 4371 αὑτήν.
2311 4300 2472 4352 Ὥστε
2525 4298 2672 4352 ἔστιν
2731 4299 3041 4368 ἀπαγγελία
3102 4295 3358 4367 γνώσεως
3413 4297 3637 4364 ἄγνοιαν

2063 4384 2384 4454 ἐλέγχουσα,
2439 4383 2533 4436 καὶ
2573 4382 2722 4436 ἐστιν
2767 4384 2960 4450 ἄγνοια
3002 4381 3206 4450 γνῶσιν
3259 4381 3391 4450 ἡμῖν
3432 4393 3638 4450 μαρτυ-

2068 4467 2255 4541 ροῦσα.
2310 4470 2431 4522 οὐκ
2469 4468 2690 4535 ἐκρύϐη
2733 4465 2802 4520 τὸ
2844 4466 3069 4520 ὀστοῦν
3109 4483 3229 4534 μου
3263 4465 3382 4519 ἀπὸ
3427 4463 3566 4528 σοῦ,
3603 4461 3637 4516 ὃ

2061 4553 2357 4619 ἐποίησας
2379 4551 2449 4604 ἐν
2468 4549 2669 4620 κρυφῇ
2691 4567 2704 4581 ·
2731 4550 2829 4603 καί
2853 4551 2892 4618 ἠ
2920 4549 3264 4614 ὑπόστασις
3284 4566 3405 4618 μου
3423 4548 3494 4600 ἐν
3511 4545 3639 4616 τοῖς

2063 4635 2420 4701 κατωτάτοις
2455 4630 2563 4705 τῆς
2599 4631 2732 4704 γῆς.
2761 4632 2929 4687 Πάλιν
2966 4635 3094 4704 περὶ
3126 4632 3223 4703 τῆς
3255 4631 3508 4700 γνώσεως
3540 4629 3639 4683 αὐ-

2061 4720 2156 4774 τοῦ
2201 4719 2535 4789 διαλέγεται.
2579 4719 2676 4772 καὶ
2705 4717 2878 4772 ταῦτα
2921 4718 3098 4772 πάντα
3135 4716 3332 4770 εἰδέναι
3365 4715 3638 4769 δείκνυσιν

2061 4805 2246 4860 αὑτόν.
2275 4806 2345 4857 ’Ἡ
2377 4799 2470 4857 οὖν
2515 4803 2694 4857 πάντα
2743 4800 2908 4857 αὐτοῦ
2948 4802 3017 4857 τὰ
3049 4803 3338 4874 ἀπόρρητα
3385 4800 3554 4870 λέγει,
3599 4800 3634 4872 ἢ

2063 4889 2250 4961 ἐτερόν
2281 4907 2333 4942 τι
2365 4886 2684 4953 αἰνίττεται,
2715 4886 2814 4958 τὴν
2843 4887 3224 4958 δημιουργίαν,
3262 4887 3354 4940 καὶ
3381 4886 3481 4956 τὴν
3523 4885 3640 4938 διὰ-

2065 4974 2263 5026 πλασιν
2285 4989 2299 5003 ο
2341 4973 2436 5026 καὶ
2461 4973 2544 5026 ὅτι
2567 4970 2688 5024 οὐδὲ
2711 4971 3084 5042 πλαττομένου
3107 4987 3162 5025 τι
3191 4968 3638 5042 ὴγνόησας,ἀλλά

2066 5056 2243 5110 πάντα
2273 5056 2546 5126 ἠπίστασο
2576 5054 2716 5108 κατά
2744 5055 2939 5126 μικρὸν
2986 5056 3085 5126 τῆς
3135 5055 3349 5125 φύσεως
3381 5051 3637 5122 ὑφαινού-

2066 5157 2188 5210 σης,
2216 5141 2392 5192 καίτοι
2416 5140 2474 5192 ἐν
2503 5139 2800 5209 ἀπορρήτῳ
2825 5139 2995 5210 αὐτῆς
3023 5138 3420 5209 ἐργαζομένης,
3445 5136 3539 5189 καὶ
3559 5133 3637 5196 ὡς

2065 5225 2123 5277 ἐν
2157 5223 2494 5286 κατωτάτοις
2523 5223 2622 5292 τῆς
2649 5223 2754 5294 γῆς
2773 5241 2785 5253 ·
2817 5223 2932 5276 ἀλλ’
2966 5224 3117 5292 ὅμως
3139 5223 3242 5286 σοι,
3275 5219 3430 5290 φησὶ,
3455 5217 3640 5272 πάντα

2064 5309 2248 5382 γυμνά
2281 5311 2376 5364 καὶ
2420 5307 2915 5382 τετραχηλισμένα.
2949 5308 3176 5378 ’Έτερος
3205 5306 3262 5358 δὲ
3292 5305 3634 5377 ἑρμηνευτὴς

2131 5415 2155 5442 ο
2177 5405 2257 5454 Slc
2294 5403 2430 5462 Sav.,
2463 5409 2611 5465 atque
2634 5404 2703 5452 ita
2727 5403 2849 5464 legit
2877 5401 3162 5465 Interpres;
3190 5399 3241 5465 In
3267 5396 3389 5448 Mor.
3411 5396 3555 5456 Illud,
3579 5396 3639 5445 τὸ

2065 5469 2168 5526 ἑξῆς
2191 5469 2356 5527 λέγων,
2381 5460 2545 5514 (ἱερειιῖ
2567 5465 2720 5514 Paulo
2738 5460 2847 5526 ρόει
2873 5461 2984 5510 Sav.
3005 5460 3301 5523 προενοήσω.

2133 5528 2152 5566 ί
2179 5530 2323 5591 Alius
2338 5527 2564 5591 προεῖδες.

2129 5594 2156 5632 8
2181 5589 2264 5638 Sic
2285 5580 2396 5639 Sav'.
2420 5580 2591 5650 stoqine
2615 5588 2738 5650 legit
2755 5584 2934 5650 interp.
2951 5581 3084 5650 _I_dor.
3101 5583 3187 5650 pl
3217 5581 3334 5650 πρὸς
3357 5580 3434 5650 τά.

2105 5651 2157 5728 ,ιι
2183 5638 2388 5715 Counjtcit
2411 5638 2621 5708 Savilius
2657 5638 2737 5695 {al
2773 5638 2921 5704 πὸσή.
2951 5643 3060 5695 Mox
3100 5638 3272 5696 Morel:
3303 5645 3385 5693 καὶ
3406 5645 3442 5702 ἡ
3469 5638 3637 5706 ἄγνοια

2067 5731 2204 5776 αυτ-η.
