4070 6214
380 257 482 322 ιη

377 383 523 436 latuit
550 390 596 434 te
614 381 856 452 fortitudo
886 399 995 436 mea
1013 401 1112 453 qua
1140 385 1302 455 factus
1327 399 1436 439 sum
1463 387 1515 440 in
1541 386 1734 440 occulto
1761 399 1780 438 :
1813 381 1951 436 varie

375 481 664 542 compactus
683 489 796 526 sum
833 483 886 527 ut
915 476 968 528 in
989 475 1176 543 inﬁmis
1203 485 1366 529 terrm.
1392 476 1563 540 Alius,
1590 475 1710 530 Non
1736 477 1881 530 latuit
1907 486 1954 530 te

377 562 594 626 potentia
619 578 731 616 mea
749 578 836 616 seu
864 580 977 617 ossa
1005 581 1113 618 mea
1135 607 1147 627 ,
1176 565 1293 633 quia
1315 569 1476 634 factus
1499 582 1612 619 sum
1647 567 1700 620 in
1731 567 1946 630 occulto,

375 654 562 722 enixus
590 669 703 707 sum
730 653 783 708 in
809 655 996 724 inﬁmis
1025 667 1190 710 terra.
1221 657 1420 711 Omnes
1445 671 1573 727 ergo
1617 657 1802 712 eadem
1834 657 1948 728 ipsa

374 744 680 814 loquuntur,
707 761 922 816 nempe,
951 747 1075 802 dum
1099 751 1346 819 tingerer,
1376 764 1462 804 me
1491 750 1721 819 perfecte
1748 749 1948 805 forma-

372 849 481 893 tum
515 853 610 909 per
651 849 829 910 partes
860 842 1089 907 novisti,
1118 851 1171 896 et
1204 842 1617 912 unumquodque
1651 843 1946 898 membrum

371 939 426 984 et
466 932 582 1000 ejus
612 947 822 1002 quoque
861 932 1250 988 incrementum
1287 934 1505 988 scivisti.
1555 932 1706 1000 Quod
1744 941 1797 990 et
1834 934 1948 1003 ipse

373 1023 532 1075 etiam
571 1023 698 1077 dicit
741 1021 986 1078 Christus
1028 1041 1042 1078 :
1108 1022 1272 1078 Vestri
1321 1035 1490 1078 autem
1538 1025 1712 1095 capilli
1763 1027 1945 1094 capitis

372 1129 542 1166 omnes
561 1115 807 1167 numerati
831 1125 943 1167 sunt
977 1112 1123 1184 (Luc.
1155 1113 1242 1167 l2.
1268 1113 1342 1186 7).
1371 1115 1535 1169 Simul
1556 1125 1802 1170 autemet
1821 1130 1944 1184 pro-

374 1203 660 1258 videntiam
699 1213 750 1258 et
787 1205 1062 1259 scientiam
1092 1205 1280 1260 eodem
1325 1217 1573 1261 sermone
1619 1207 1943 1276 explicatam

373 1295 838 1366 deprehendimus.
873 1297 958 1352 16.
986 1294 1342 1368 Imperfectum
1366 1314 1530 1351 meum
1555 1299 1784 1352 viderunt
1811 1299 1944 1352 oculi

373 1390 464 1442 tui.
516 1387 610 1442 Vel
649 1389 786 1443 idem
820 1390 992 1458 ipsum
1021 1403 1204 1444 rursus
1231 1388 1393 1455 dicit,
1427 1404 1513 1443 me
1541 1389 1624 1444 vel
1661 1388 1941 1443 informem

373 1480 545 1542 nosti;
574 1478 708 1533 alius
752 1480 898 1532 enim
943 1479 1020 1534 sic
1050 1479 1198 1544 dixit,
1258 1474 1537 1550 Informem
1589 1495 1666 1532 me
1710 1481 1942 1534 viderunt

371 1571 505 1624 oculi
532 1572 604 1623 tui
625 1585 647 1624 :
667 1570 749 1626 vel
785 1570 851 1625 de
880 1570 1007 1640 ipsis
1044 1571 1361 1636 actionibus,
1391 1586 1581 1638 nempe
1613 1570 1755 1640 quod
1802 1586 1941 1625 non-

370 1661 495 1714 dum
547 1661 736 1716 factum
771 1673 886 1717 erat
933 1662 1176 1717 viderunt
1216 1661 1353 1718 oculi
1395 1661 1488 1716 tui.
1519 1661 1585 1714 Et
1607 1663 1660 1714 in
1681 1659 1806 1714 libro
1855 1668 1941 1714 tuo

371 1768 540 1806 omnes
568 1754 862 1807 scribentur.
899 1751 992 1806 Die
1028 1753 1396 1822 formabuntur.
1419 1761 1462 1808 et
1489 1767 1631 1805 nemo
1650 1752 1701 1804 in
1722 1751 1810 1803 eis.
1843 1749 1942 1804 Est

370 1843 649 1897 obscurum
695 1843 844 1908 illud,
878 1843 971 1898 sed
993 1852 1203 1912 Oportet
1231 1842 1282 1897 id
1311 1843 1490 1896 venari
1519 1857 1585 1896 ex
1609 1840 1746 1895 serie
1773 1848 1829 1894 et
1874 1854 1939 1894 ex

368 1933 472 1985 alio
502 1933 809 2002 interprete.
847 1932 1001 2001 Quod
1052 1933 1193 1987 enim
1230 1933 1391 1996 dicit,
1421 1933 1524 1987 tale
1561 1940 1642 1986 est
1666 1971 1684 1997 ,
1709 1931 1758 1985 ei
1795 1929 1938 2000 quod

369 2025 639 2094 prceccssit
671 2025 1016 2080 conveniens.
1049 2023 1187 2091 Quid
1215 2033 1392 2078 autem
1419 2023 1730 2094 prmcessit‘l
1756 2021 1937 2091 Infor-

360 2130 493 2168 mem
516 2131 592 2166 me
611 2112 846 2166 viderunt
865 2109 1008 2164 oculi
1027 2111 1106 2164 tui
1122 2127 1140 2164 :
1158 2111 1258 2164 hoc
1269 2121 1373 2174 est,
1388 2126 1509 2165 cum
1523 2114 1760 2166 nondum
1783 2112 1946 2164 ullam

363 2205 594 2272 ﬁguram
619 2206 1003 2272 suscepissem,
1030 2216 1152 2255 cum
1185 2200 1363 2256 adhuc
1405 2201 1634 2274 lingerer
1668 2211 1723 2258 et
1743 2203 1944 2256 forma-

361 2311 471 2361 rer,
492 2311 575 2348 me
605 2307 756 2362 teque
779 2302 966 2363 aperte
987 2291 1260 2358 viderunt,
1289 2302 1346 2346 ut
1365 2310 1510 2358 eum,
1533 2295 1623 2362 qui
1659 2302 1744 2350 est
1773 2294 1944 2365 ﬁgura

363 2383 642 2455 praeditus,
665 2391 717 2436 et
743 2383 891 2435 nullo
913 2381 998 2436 die
1029 2390 1149 2453 eget
1169 2381 1234 2436 ad
1265 2399 1418 2438 suam
1442 2382 1849 2452 perfectionem.
1879 2383 1944 2438 Et

368 2481 430 2527 ut
449 2476 590 2530 scias
617 2474 718 2528 hoc
740 2473 813 2528 ita
847 2488 988 2539 esse,
1010 2474 1135 2528 audi
1151 2474 1654 2545 interpretationem
1681 2477 1938 2533 alterius:

367 2564 657 2633 .lnformem
679 2581 758 2618 me
789 2565 1139 2633 prarviderunt
1166 2566 1305 2620 oculi
1328 2568 1406 2620 tui
1427 2568 1528 2639 (a),
1553 2585 1670 2623 cum
1702 2569 1942 2624 omnibus

365 2654 451 2723 qui
477 2655 528 2706 in
553 2653 678 2709 libro
699 2663 783 2709 tuo
803 2656 974 2724 scripti
1001 2665 1150 2721 sunt,
1173 2657 1260 2726 qui
1277 2666 1396 2710 sunt
1415 2655 1672 2728 efﬁngendi
1698 2657 1836 2710 nullo
1856 2656 1938 2711 die

366 2743 644 2811 deﬁciente.
663 2744 795 2800 Cum
827 2745 952 2810 illis,
975 2745 1162 2814 inquit,
1190 2761 1276 2801 me
1303 2746 1478 2801 vidisti
1494 2748 1860 2817 quilinguntur
1881 2748 1934 2802 in

365 2834 550 2890 diebus
561 2851 763 2901 eorum,
782 2836 972 2907 quibus
989 2838 1160 2892 nullus
1179 2838 1294 2894 dies
1317 2838 1501 2894 deluit.
1520 2839 1641 2894 [hac
1663 2849 1837 2894 autem
1855 2839 1934 2894 di-

365 2927 438 2980 cit
453 2935 557 2982 neu
571 2927 718 2997 quasi
745 2929 813 2982 sit
840 2928 975 2984 liber
997 2929 1050 2984 in
1070 2934 1332 3000 supernis,
1357 2945 1454 2986 nec
1473 2933 1622 3002 quasi
1641 2933 1728 2988 ulli
1756 2932 1935 3002 scripti

366 3017 492 3082 sint,
535 3017 629 3072 sed
682 3018 966 3087 perfectam
993 3021 1346 3091 cognitionem
1385 3039 1480 3094 per
1509 3024 1699 3078 librum
1729 3023 1935 3095 signiﬁ-

365 3121 516 3173 cans,
541 3108 986 3177 quemadmodum
1017 3112 1228 3180 quando
1248 3111 1399 3180 dicit,
1429 3114 1630 3168 Audivi!
1656 3114 1929 3180 Dominus,

365 3206 413 3251 et
435 3199 634 3269 scripsit
661 3199 714 3252 in
744 3199 870 3253 libro
897 3199 1144 3270 (Malach.
1166 3201 1248 3256 εἴ).
1281 3203 1390 3274 l6).
1441 3204 1509 3258 Et
1543 3221 1750 3272 rursus,
1794 3206 1935 3261 Libri

368 3291 538 3356 aperti
558 3298 674 3342 sunt
699 3289 858 3362 (Dan.
884 3290 939 3344 7.
967 3291 1076 3362 10).
1102 3292 1186 3346 17.
1210 3292 1339 3347 Mihi
1363 3305 1531 3350 autem
1556 3297 1704 3352 nimis
1724 3299 1930 3351 honori-

364 3379 506 3448 ﬁcati
545 3388 660 3432 sunt
702 3381 854 3434 amici
911 3381 1002 3450 tui,
1056 3381 1216 3438 Deus.
1258 3384 1430 3452 Alius,
1468 3385 1686 3442 Pretiosi
1733 3391 1934 3459 fuerunt

363 3470 520 3524 amici
570 3473 644 3524 tui
686 3471 782 3542 (b).
812 3471 926 3528 Non
957 3475 1161 3532 esthoc
1190 3492 1350 3546 parva
1396 3477 1583 3542 virtus,
1614 3479 1705 3536 Dei
1733 3483 1933 3537 amicos

366 3561 572 3618 honore
597 3563 829 3621 allicere.
860 3565 1075 3632 Curam,
1107 3569 1314 3640 inquit,
1361 3571 1464 3626 mei
1503 3563 1712 3643 gessisti
1739 3613 1753 3639 ,
1800 3590 1885 3630 me
1914 3615 1930 3641 ,

363 3673 483 3712 cum
511 3674 612 3713 non
643 3675 816 3715 essem
839 3701 853 3725 ,
899 3661 1210 3731 produxisti,
1255 3681 1341 3720 me
1379 3668 1523 3737 regis
1548 3677 1601 3723 et
1643 3669 1882 3723 contines
1917 3685 1931 3724 :

365 3765 464 3818 ego
483 3759 659 3805 autem
691 3750 829 3806 hanc
855 3752 1020 3808 reddo
1048 3757 1549 3824 remunerationem,
1573 3759 1774 3814 amicos
1813 3768 1934 3815 tuos

373 3842 667 3896 honoratis.
699 3841 876 3897 Nimis
915 3845 1204 3913 confortati
1239 3857 1360 3900 sunt
1387 3850 1712 3918 principatus
1742 3867 1944 3906 eorum.

371 3933 489 3988 Hoc
509 3945 614 3998 est,
631 3935 736 4004 Ipsi
757 3935 921 3989 validi
943 3945 996 3990 et
1015 3945 1258 4006 potentes
1283 3937 1407 3992 facti
1431 3949 1577 3994 sunt.
1603 3942 1754 3995 Alius
1777 3942 1943 3997 dicit:

372 4023 544 4090 Quam
564 4026 881 4096 multiplicia
910 4037 1033 4080 sunt
1059 4027 1232 4094 capita
1251 4044 1430 4081 eorum
1445 4028 1537 4099 (c)!
1557 4027 1709 4096 Quod
1729 4030 1947 4100 quidem

369 4119 688 4181 estclarius;
707 4118 1141 4188 subjungitenim
1162 4117 1277 4172 :18.
1297 4118 1649 4176 Dinumerabo
1667 4139 1772 4186 eos,
1788 4132 1837 4176 et
1858 4138 1948 4176 su-

368 4219 684 4273 per-arenam
699 4207 1324 4279 nmltiplicabuntur.Ego
1335 4210 1549 4280 quidem
1563 4213 1708 4282 ipsos
1719 4213 1950 4278 honoro.

371 4303 426 4346 tu
452 4305 625 4348 autem
657 4294 850 4349 multos
870 4294 1023 4361 facis,
1052 4306 1212 4367 atque
1241 4297 1374 4352 adeo
1400 4297 1581 4370 plures
1597 4314 1757 4354 arena
1789 4319 1804 4355 :
1829 4315 1932 4356 non

369 4385 538 4437 solum
587 4393 760 4440 autem
797 4387 990 4441 multos
1015 4429 1030 4453 ,
1079 4387 1174 4442 sed
1206 4389 1364 4444 etiam
1410 4387 1575 4444 fortes
1604 4404 1668 4445 ac
1709 4391 1934 4449 validos.

370 4474 480 4529 lloc
505 4475 646 4530 enim
695 4477 795 4531 sibi
826 4478 936 4532 vult
994 4478 1142 4543 illud,
1174 4479 1460 4550 Coufortati
1485 4491 1620 4536 sunt.
1660 4482 1932 4553 Duplicem

367 4577 543 4620 autem
574 4568 701 4624 dicit
750 4571 1173 4642 prosperitatem,
1224 4573 1576 4630 multitudinis
1627 4577 1848 4640 scilicet,
1882 4587 1936 4634 et

368 4659 576 4714 roboris
611 4661 1013 4717 incrementum.
1045 4663 1337 4734 Eazurrexi,
1365 4676 1408 4720 et
1433 4667 1602 4720 adhuc
1621 4684 1731 4722 sum
1750 4678 1932 4724 tecum.

368 4750 536 4814 Alius,
568 4750 861 4821 Excitabor,
885 4763 932 4810 et
956 4771 1043 4809 ero
1063 4772 1256 4828 semper
1274 4766 1452 4812 tecum.

439 4839 492 4892 5.
533 4839 646 4895 Non
682 4852 764 4897 est
802 4842 904 4900 hoc
941 4859 1157 4916 parvum
1188 4848 1392 4919 signum
1421 4849 1662 4918 virtutis,
1695 4851 1746 4906 in
1773 4852 1934 4909 rebus

369 4931 614 4986 secundis
663 4933 906 4989 virtutem
954 4946 1207 5005 perpetuo
1252 4954 1588 4994 conservare.
1632 4940 1811 5004 Militi.
1854 4944 1934 4998 in-

367 5022 509 5089 quit,
564 5037 684 5077 cum
735 5039 822 5079 res
871 5026 950 5080 eis
992 5028 1240 5083 secundae
1289 5031 1622 5097 evenissent,
1673 5034 1744 5088 tui
1783 5033 1931 5090 obliti

367 5122 510 5166 sunt.
544 5113 610 5167 At
638 5129 742 5169 non
771 5128 902 5184 ego,
931 5116 1135 5187 inquit,
1167 5119 1260 5174 sed
1286 5121 1442 5176 etiam
1469 5138 1589 5177 cum
1619 5123 1888 5178 exsurrexi
1914 5166 1930 5190 ,

367 5203 469 5258 hoc
504 5213 618 5269 est,
649 5221 767 5262 cum
798 5224 912 5262 sum
943 5209 1192 5266 liberatus
1219 5227 1247 5266 a
1276 5214 1429 5268 malis
1447 5254 1462 5278 ,
1491 5230 1702 5284 semper
1728 5231 1823 5270 ero
1850 5224 1932 5270 te-

363 5311 506 5350 cum.
551 5297 638 5352 i9.
666 5300 725 5354 Si
751 5299 1020 5368 occideris,
1052 5299 1188 5355 Deus
1207 5343 1220 5362 ,
1248 5316 1543 5372 peccatores.
1575 5304 1690 5359 Non
1721 5305 1820 5360 hoc
1849 5305 1930 5360 di-

363 5391 466 5452 cit,
505 5391 559 5445 Si
601 5392 889 5458 occideris,
931 5401 1054 5448 tunc
1079 5409 1172 5450 ero
1199 5404 1370 5450 tecum
1404 5397 1534 5451 :sed
1560 5399 1687 5450 illud
1715 5399 1927 5467 quidem

425 5497 498 5568 (ᾳ)
533 5508 643 5568 tunc
662 5503 997 5568 interpretatio
1022 5512 1097 5568 est
1118 5506 1399 5568 Symmachi.

423 5559 496 5628 te)
529 5569 612 5612 the
634 5559 880 5628 interpres
899 5559 1008 5628 quis
1028 5567 1092 5616 sit
1114 5559 1344 5616 nbscitur.

423 5621 494 5684 (c)
528 5630 636 5676 Iliae
653 5621 984 5689 interpretatio
1007 5633 1082 5676 est
1099 5628 1367 5690 Symmachi.

1436 265 1788 324 EXPOSITIO
1829 265 1892 320 IN
1930 265 2254 324 PSALMUM
2284 261 2614 328 CXXXVIII.

3526 292 3631 349 ιω

2061 382 2218 436 etiam
2265 385 2464 454 absque
2511 387 2610 443 hoc
2648 390 2924 458 promisit;
2967 393 3094 462 petit
3133 404 3308 454 autem
3353 395 3454 456 hoc
3479 401 3630 472 fleti,

2060 486 2164 524 non
2193 482 2248 525 ut
2274 473 2451 528 deleat
2479 475 2750 532 hominum
2777 481 3122 538 substantiam
3143 529 3159 552 ,
3191 487 3283 543 sed
3311 500 3368 543 ut
3397 505 3488 544 eos
3508 507 3630 546 mu-

2057 569 2132 617 tet
2160 577 2188 616 a
2216 577 2432 632 peccato
2462 570 2513 622 in
2536 571 2814 635 justitiam.
2841 574 2954 628 Non
2976 577 3284 645 dixitenim,
3307 583 3362 638 Si
3386 583 3628 640 homines

2053 655 2264 710 occidas
2287 698 2302 722 ,
2335 659 2427 712 sed
2454 702 2468 722 ,
2500 658 2811 718 Peecatores'.
2858 667 3004 721 A‘Iius
3038 679 3210 724 autem
3251 687 3345 740 pro
3383 690 3448 729 eo
3484 676 3624 745 quod

2053 757 2168 813 est,
2213 747 2537 817 Peecatores,
2573 753 2733 817 dixit,
2781 754 3215 827 Transgressorem
3256 759 3354 830 (a),
3405 764 3626 834 loquens

2052 834 2119 890 de
2147 835 2384 894 hostibus
2404 839 2679 895 simulacra
2705 843 3068 903 adorantibus.

2133 925 2239 980 Viri
2257 932 2556 1000 sanguinum
2577 933 2838 1002 fugiendi;
2866 934 3080 1002 improbi
3102 937 3308 1001 vitandi,
3341 941 3424 994 lea:
3448 959 3626 1010 senes;

2048 1011 2349 1073 Judteorum
2383 1020 2802 1078 mutabilitas.--
2822 1022 2927 1077 Viri
2944 1027 3244 1096 sanguiuum
3266 1070 3282 1095 ,
3311 1031 3553 1086 declinata
3591 1053 3624 1089 a

2051 1122 2147 1160 me.
2182 1107 2334 1163 Viros
2370 1113 2683 1180 sanguinum
2722 1112 2848 1166 dicit
2889 1113 3108 1170 siCarios
3132 1155 3145 1179 ,
3195 1119 3482 1175 homicidas
3505 1163 3523 1188 ,
3565 1135 3622 1179 et

2049 1200 2138 1268 qui
2181 1202 2326 1255 caede
2364 1201 2626 1258 lmtantur.
2656 1203 2771 1259 Non
2802 1216 2880 1260 est
2904 1215 3076 1262 autem
3105 1208 3188 1263 hic
3209 1226 3400 1280 parvus
3426 1216 3620 1282 gradus

2048 1290 2113 1342 ad
2159 1290 2537 1346 incrementum
2578 1293 2782 1348 virtutis
2827 1295 3006 1365 ingere
3051 1301 3353 1356 etxresilire
3381 1303 3447 1356 ab
3477 1305 3621 1372 ejus~

2048 1379 2191 1434 modi
2235 1380 2507 1434 hominum
2551 1385 3032 1452 congressionibus.
3060 1385 3259 1444 Deinde
3286 1393 3620 1462 subiungitur

2033 1468 2198 1525 etiam
2223 1483 2387 1524 causa
2413 1485 2426 1521 :
2451 1469 2542 1524 20.
2563 1470 2701 1536 Quia
2723 1470 2944 1543 litigiosi
2968 1475 3092 1528 estis
3113 1476 3164 1528 in
3188 1479 3614 1546 cogitationibus.

2037 1561 2214 1625 Alius,
2231 1561 2336 1626 Qui
2355 1561 2602 1616 adversus
2617 1573 2664 1617 te
2678 1566 2923 1618 dixerunt
2949 1569 3312 1635 cogitationem
3330 1569 3424 1636 (b).
3444 1573 3617 1635 Alius,

2047 1649 2298 1715 Quoniam
2337 1650 2749 1706 exacerbaverunt
2791 1663 2838 1706 te
2864 1655 2914 1707 in
2941 1657 3071 1708 malo
3091 1658 3317 1712 consilia.
3345 1659 3475 1715 Vide
3492 1657 3632 1717 eum

2043 1755 2147 1794 non
2171 1757 2410 1810 quarrcre
2439 1742 2578 1811 quod
2615 1758 2767 1797 suum
2795 1753 2875 1800 est
2897 1787 2912 1812 ,
2935 1746 3026 1800 sed
3051 1758 3266 1816 propter
3293 1750 3401 1804 Deo
3427 1751 3617 1806 factam

2043 1829 2288 1900 injuriam
2335 1833 2578 1901 resilire,
2621 1843 2675 1889 et
2717 1835 2896 1905 fugere
2921 1837 3130 1892 illorum
3158 1843 3616 1898 consuetudinem.

2043 1923 2154 1978 Hoc
2195 1925 2334 1978 enim
2377 1923 2575 1979 ludatis
2613 1925 2710 1980 fuit
2751 1942 2906 1982 causa
2952 1930 3227 1996 interitus,
3264 1933 3402 2003 quod
3439 1949 3620 1988 versa-

2041 2023 2226 2068 rentur
2252 2029 2371 2068 cum
2391 2015 2663 2084 improbis.
2686 2017 2944 2091 Quocirca
2968 2020 3135 2090 legem
3165 2039 3374 2094 quoque
3394 2039 3616 2094 accepe-

2040 2112 2198 2170 runt,
2228 2119 2292 2160 ac
2306 2105 2420 2174 lege
2444 2106 2825 2174 separabantur
2849 2108 2917 2165 ab
2944 2111 3041 2175 eis,
3067 2121 3120 2166 et
3155 2112 3477 2181 jubebantur
3522 2132 3618 2172 eo-

2039 2209 2158 2249 rum
2183 2197 2353 2250 vitare
2374 2199 2646 2268 conjugia,
2673 2215 2900 2270 cumque
2928 2213 3052 2258 tunc
3079 2205 3334 2262 exiissent
3354 2210 3421 2262 ab
3450 2207 3617 2280 Egy-

2040 2295 2158 2356 pto,
2183 2288 2526 2360 quadraginta
2568 2293 2720 2348 annis
2747 2295 2970 2350 seorsim
2991 2295 3202 2351 fuerunt
3229 2299 3279 2354 in
3305 2301 3614 2357 solitudine.
3636 2354 3643 2359 .

2039 2379 2292 2446 Quocirca
2335 2380 2420 2436 lex
2462 2383 2824 2460 appellabatur
2858 2401 3044 2456 sepes,
3086 2389 3225 2458 quod
3266 2406 3359 2445 eos
3387 2393 3617 2465 undique

2038 2467 2425 2534 circumdaret,
2455 2480 2716 2528 eteorum
2745 2475 3182 2534 consuetudinem
3211 2494 3329 2533 eum
3358 2481 3510 2538 malis
3528 2497 3618 2537 co-

2039 2565 2244 2611 erceret
2274 2574 2288 2610 :
2331 2568 2484 2613 erant
2521 2561 2663 2616 enim
2711 2578 2895 2619 eorum
2927 2580 3101 2622 mores
3123 2579 3277 2638 captu
3303 2584 3365 2622 ac
3390 2571 3632 2642 circum-_

2038 2649 2239 2718 scriptu
2279 2649 2459 2704 faciles
2481 2692 2496 2714 ,
2540 2660 2594 2706 et
2615 2655 2914 2710 mutabiles.
2946 2655 3204 2728 Accipient
3231 2659 3282 2712 in
3302 2660 3519 2714 vanitate
3541 2661 3614 2714 ci-

2037 2739 2210 2794 vitates
2253 2749 2382 2797 tuas.
2427 2743 2576 2797 Alius
2596 2786 2610 2809 ,
2647 2743 2786 2800 Vane
2818 2746 2937 2800 elati
2970 2759 3086 2802 sunt
3111 2751 3275 2804 cernuli
3303 2753 3394 2805 tui.
3422 2752 3570 2807 Alius
3589 2795 3604 2818 ,

2039 2825 2241 2882 Inimici
2282 2831 2372 2884 tui.
2407 2831 2690 2902 Propterea
2723 2833 2854 2905 fugit
2874 2844 2928 2891 et
2955 2838 3158 2904 resilit,
3185 2839 3325 2910 quod
3351 2840 3607 2897 adversus

2040 2919 2130 2975 Dei
2174 2922 2393 2991 gloriam
2443 2923 2566 2978 elati
2614 2934 2770 2990 sunt,
2816 2927 2958 2997 quod
2999 2942 3057 2983 se
3093 2928 3272 3000 inique
3297 2941 3611 3000 gesserunt,

2039 3011 2180 3081 quod
2226 3013 2383 3067 verba
2427 3013 2736 3084 blasphcma
2773 3016 2976 3087 loquuti
3019 3028 3162 3074 sunt.
3202 3020 3294 3075 9-1.
3326 3020 3510 3076 Nonne
3531 3023 3618 3094 qui

2037 3103 2248 3158 oderunt
2268 3114 2314 3158 te
2335 3146 2350 3172 ,
2380 3103 2591 3160 Domine
2609 3148 2625 3174 ,
2651 3107 2854 3162 oderam
2871 3151 2888 3176 ,
2909 3119 2956 3163 et
2983 3127 3134 3180 super
3152 3111 3378 3168 inimicos
3401 3124 3512 3167 tuos
3539 3125 3617 3170 ta-

2037 3195 2284 3250 bescebam
2302 3197 2328 3250 .’
2352 3196 2438 3250 22.
2469 3196 2699 3268 Perfecto
2728 3197 2844 3254 odio
2869 3201 3073 3254 oderam
3096 3200 3260 3257 illam:
3287 3203 3474 3257 inimici
3492 3205 3616 3274 [acti

2038 3296 2152 3340 sunt
2196 3287 2338 3340 mihi.
2383 3287 2455 3342 Ita
2497 3291 2656 3362 etiam
2699 3291 2838 3346 Deus
2881 3291 3145 3362 pollicitus
3171 3302 3253 3349 est
3281 3311 3340 3350 se
3369 3295 3613 3353 hostibus

2039 3377 2244 3433 hostem
2291 3379 2521 3434 futurum
2549 3361 2668 3446 ,'et
2708 3381 3027 3438 adversariis
3078 3385 3308 3440 futurum
3357 3386 3612 3442 adversa-

2039 3471 2195 3526 rium.
2243 3471 2368 3527 Hace
2408 3474 2548 3527 enim
2594 3482 2716 3528 sunt
2758 3475 2988 3532 maxime
3029 3477 3176 3548 signa
3202 3478 3468 3534 amicitim.
3501 3479 3617 3550 Ipse

2037 3564 2214 3632 itaque
2243 3563 2353 3618 Deo
2381 3579 2475 3634 per
2497 3572 2778 3637 utrumque
2797 3567 2963 3623 vicem
2986 3568 3175 3624 reddit.
3201 3569 3456 3640 Superius
3473 3571 3616 3627 enim

2035 3655 2200 3721 dixit,
2233 3656 2363 3711 Mihi
2380 3667 2543 3711 autem
2570 3659 2714 3713 valde
2739 3660 2966 3714 honorati
2989 3671 3105 3716 sunt
3124 3663 3274 3716 amici
3302 3666 3408 3729 tui,
3444 3661 3617 3731 Deus;

2036 3746 2122 3802 hic
2151 3759 2330 3802 autem
2353 3790 2368 3814 ,
2404 3740 2505 3803 Eos
2524 3751 2610 3820 qui
2628 3761 2676 3803 te
2693 3751 2904 3804 oderunt
2928 3752 3011 3806 odi
3034 3769 3052 3807 :
3075 3753 3178 3808 illic
3199 3771 3356 3824 supra
3381 3757 3614 3822 modum,

2036 3849 2091 3894 et
2135 3842 2222 3896 hic
2248 3857 2456 3912 quoque
2484 3856 2643 3911 supra
2675 3843 2908 3897 modum.
2937 3844 3054 3900 Non
3083 3846 3252 3900 solum
3278 3848 3419 3902 enim
3447 3847 3577 3903 dicit
3597 3886 3614 3915 ,

2041 3929 2279 3996 Oderam,
2308 3932 2400 3986 sed
2431 3932 2610 3996 etiam,
2642 3930 2972 3986 Tabesccbam
2995 3974 3008 3987 .
3033 3935 3122 3989 25.
3145 3935 3314 3988 Proba
3336 3954 3430 4002 me,
3459 3937 3613 4002 Deus,

2037 4031 2084 4074 et
2115 4022 2236 4074 scito
2280 4037 2367 4074 cor
2405 4035 2588 4073 meum.
2631 4020 2898 4091 Interroga
2933 4039 3042 4088 me,
3076 4033 3122 4078 et
3148 4041 3390 4095 cognosce
3412 4028 3615 4082 semitas

2037 4128 2172 4165 meas
2213 4127 2230 4165 :
2268 4111 2357 4166 24.
2390 4121 2434 4164 et
2459 4111 2569 4164 vide
2591 4112 2633 4166 si
2658 4113 2737 4166 uia
2761 4112 3036 4182 iniquitatis
3063 4113 3114 4168 in
3142 4131 3221 4168 me
3244 4125 3351 4182 est,
3383 4126 3429 4168 et
3455 4117 3618 4169 deduc

2037 4217 2116 4254 me
2153 4201 2205 4253 in
2247 4201 2326 4254 via
2363 4211 2566 4254 aeterna.
2612 4203 2769 4273 Atqui
2804 4202 2936 4258 dixit
2968 4204 3020 4258 in
3049 4205 3306 4276 principio
3338 4224 3351 4260 :
3383 4204 3617 4262 Probasti

2039 4305 2150 4358 me,
2185 4301 2231 4344 et
2259 4292 2532 4363 cognovisti
2554 4309 2649 4347 me.
2680 4291 2761 4348 Tu
2789 4297 3059 4364 cognovisti
3087 4295 3352 4350 sessionem
3379 4314 3538 4352 meam
3569 4308 3616 4353 et

2037 4383 2442 4436 resurrectionem
2483 4399 2664 4438 meam.
2710 4383 3010 4440 Intellexisti
3043 4387 3363 4458 cogitationes
3392 4405 3525 4443 meas
3553 4390 3616 4446 de

2039 4472 2186 4543 longe
2222 4487 2242 4528 .'
2279 4474 2504 4527 semitam
2530 4490 2690 4528 meam
2718 4484 2763 4528 et
2793 4475 3071 4544 funiculum
3100 4493 3260 4530 meum
3284 4480 3610 4552 investigasti.

2036 4559 2104 4616 Et
2125 4579 2294 4617 omnes
2317 4566 2422 4618 vias
2448 4565 2737 4636 prteuidisti.
2764 4564 2839 4620 Tu
2857 4569 3131 4637 cognovisti
3157 4569 3324 4624 omnia
3346 4572 3615 4626 novissima

2039 4663 2085 4708 et
2113 4655 2334 4724 antiqua.
2363 4655 2642 4722 Quomodo
2671 4673 2798 4726 ergo
2826 4657 2912 4714 hic
2939 4674 3122 4714 rursus
3151 4659 3312 4729 dicit,
3343 4669 3611 4734 tulitquam

2039 4745 2270 4798 nondum
2299 4746 2549 4814 probatus
2573 4786 2588 4811 ,
2620 4745 2788 4800 Proba
2817 4764 2894 4800 me
2914 4747 2940 4801 ?
2968 4747 3128 4804 Vides
3153 4751 3420 4820 quomodo
3451 4755 3616 4809 utitur

2039 4833 2283 4888 humanis
2308 4834 2626 4890 dictionibus
2643 4877 2659 4903 ,
2693 4853 2796 4892 non
2821 4849 2874 4892 ut
2899 4837 2950 4893 in
2974 4855 3033 4894 ea
3057 4841 3256 4896 vilitate
3280 4859 3611 4908 maneamus,

2037 4925 2130 4980 sed
2173 4935 2230 4980 ut
2254 4941 2372 4980 cum
2403 4927 2510 4982 Deo
2537 4927 2749 4998 dignam
2779 4930 3149 5000 cogitationem
3175 4949 3274 5006 per
3297 4937 3472 4991 omnia
3501 4937 3614 4991 col-

2036 5017 2352 5088 legerimus.
2397 5019 2463 5074 ad
2513 5019 2670 5074 altam
2717 5023 3138 5081 conscendamus
3185 5028 3610 5098 intelligentiam.

2036 5107 2174 5164 Petit
2215 5109 2354 5164 enim
2392 5119 2451 5165 ut
2493 5112 2742 5180 probetur
2780 5120 2835 5168 et
2875 5116 3235 5184 examinetur,
3277 5132 3384 5172 non
3415 5125 3472 5170 ut
3496 5117 3613 5186 ejus

2036 5213 2130 5254 eor
2175 5209 2488 5269 cognoscat,
2535 5201 2628 5272 qui
2678 5210 2802 5259 ante
2843 5206 3018 5260 omnia
3049 5209 3225 5272 novit,
3253 5207 3411 5261 etiam
3440 5207 3612 5276 prius-

2036 5305 2190 5357 quam
2237 5292 2594 5361 gignerentur,
2618 5292 2709 5350 sed
2751 5304 2826 5350 ut”
2843 5311 2942 5350 nos
2981 5309 3359 5366 cognoscamus
3381 5339 3395 5357 .
3426 5297 3515 5367 qui
3545 5314 3610 5354 cx

2035 5397 2210 5435 rerum
2241 5383 2382 5436 exitu
2424 5381 2698 5439 discimus.
2741 5385 2851 5440 lloc
2884 5387 3023 5441 enim
3064 5387 3165 5442 sibi
3192 5387 3301 5442 vult
3329 5389 3414 5444 hic
3444 5389 3566 5444 illud
3591 5391 3630 5459 ,'

2095 5517 2168 5582 (ᾳ)
2201 5521 2308 5564 Huic
2329 5515 2446 5565 item
2473 5515 2811 5582 interpretatio
2831 5525 2907 5582 est
2926 5519 3217 5582 Symmachi.
3623 5557 3628 5566 .

2035 5646 2051 5690 ι
2096 5577 2167 5637 (tr)
2200 5583 2309 5688 1131::
2329 5589 2526 5638 quoque
2550 5577 2889 5641 interpretatio
2906 5577 2982 5629 est
2997 5581 3276 5644 Symmachi.
3293 5589 3510 5648 Sequens
3526 5597 3603 5635 au-

2062 5651 2138 5687 em
2163 5651 2262 5701 qun
2302 5650 2361 5686 ω.
3597 5655 3608 5672 .
