  <div class='ocr_page' id='page_1' title='image "/cluster/home/n/w/nwhite01/storage/ocr_20150623/55/hvd.32044054086814/415.png"; bbox 0 0 4070 6214; ppageno 0'>
   <div class='ocr_carea' id='block_1_1' title="bbox 483 223 589 281">
    <p class='ocr_par' dir='ltr' id='par_1_1' title="bbox 483 223 589 281">
     <span class='ocr_line' id='line_1_1' title="bbox 483 223 589 281; baseline -0.028 0"><span class='ocrx_word' id='word_1_1' title='bbox 483 223 589 281; x_wconf 73' lang='lat' dir='ltr'><strong>H9</strong></span> 
     </span>
    </p>
   </div>
   <div class='ocr_carea' id='block_1_2' title="bbox 485 321 2058 397">
    <p class='ocr_par' dir='ltr' id='par_1_2' title="bbox 485 321 2058 397">
     <span class='ocr_line' id='line_1_2' title="bbox 485 321 2058 397; baseline -0.013 -3"><span class='ocrx_word' id='word_1_2' title='bbox 485 338 652 394; x_wconf 73' lang='lat' dir='ltr'><strong>Proba</strong></span> <span class='ocrx_word' id='word_1_3' title='bbox 680 350 775 388; x_wconf 85' lang='lat' dir='ltr'><strong>me.</strong></span> <span class='ocrx_word' id='word_1_4' title='bbox 811 330 876 387; x_wconf 81' lang='lat' dir='ltr'><strong>Et</strong></span> <span class='ocrx_word' id='word_1_5' title='bbox 902 329 1014 384; x_wconf 78' lang='lat' dir='ltr'><strong>vide</strong></span> <span class='ocrx_word' id='word_1_6' title='bbox 1038 328 1083 384; x_wconf 90' lang='lat' dir='ltr'><strong>si</strong></span> <span class='ocrx_word' id='word_1_7' title='bbox 1110 328 1189 383; x_wconf 78' lang='lat' dir='ltr'><strong>ria</strong></span> <span class='ocrx_word' id='word_1_8' title='bbox 1213 326 1490 397; x_wconf 83' lang='lat' dir='ltr'><strong>iniquitatis</strong></span> <span class='ocrx_word' id='word_1_9' title='bbox 1515 324 1567 378; x_wconf 84' lang='lat' dir='ltr'><strong>in</strong></span> <span class='ocrx_word' id='word_1_10' title='bbox 1594 339 1673 377; x_wconf 85' lang='lat' dir='ltr'><strong>me</strong></span> <span class='ocrx_word' id='word_1_11' title='bbox 1698 334 1806 387; x_wconf 87' lang='lat' dir='ltr'><strong>est,</strong></span> <span class='ocrx_word' id='word_1_12' title='bbox 1827 332 1874 376; x_wconf 89' lang='lat' dir='ltr'><strong>et</strong></span> <span class='ocrx_word' id='word_1_13' title='bbox 1898 321 2058 375; x_wconf 82' lang='lat' dir='ltr'><strong>deduc</strong></span> 
     </span>
    </p>
   </div>
   <div class='ocr_carea' id='block_1_3' title="bbox 479 425 969 483">
    <p class='ocr_par' dir='ltr' id='par_1_3' title="bbox 479 425 969 483">
     <span class='ocr_line' id='line_1_3' title="bbox 479 425 969 483; baseline -0.018 0"><span class='ocrx_word' id='word_1_14' title='bbox 479 444 562 483; x_wconf 79' lang='lat' dir='ltr'><strong>me</strong></span> <span class='ocrx_word' id='word_1_15' title='bbox 583 426 634 479; x_wconf 85' lang='lat' dir='ltr'><strong>in</strong></span> <span class='ocrx_word' id='word_1_16' title='bbox 662 425 738 478; x_wconf 73' lang='lat' dir='ltr'><strong>ria</strong></span> <span class='ocrx_word' id='word_1_17' title='bbox 760 433 969 476; x_wconf 70' lang='lat' dir='ltr'><strong>(eterna.</strong></span> 
     </span>
    </p>
   </div>
   <div class='ocr_carea' id='block_1_4' title="bbox 561 501 2057 574">
    <p class='ocr_par' dir='ltr' id='par_1_4' title="bbox 561 501 2057 574">
     <span class='ocr_line' id='line_1_4' title="bbox 561 501 2057 574; baseline -0.008 -8"><span class='ocrx_word' id='word_1_18' title='bbox 561 515 652 569; x_wconf 82' lang='lat' dir='ltr'><strong>Via</strong></span> <span class='ocrx_word' id='word_1_19' title='bbox 696 524 882 569; x_wconf 65' lang='lat' dir='ltr'><strong>eterna</strong></span> <span class='ocrx_word' id='word_1_20' title='bbox 916 511 998 564; x_wconf 77' lang='lat' dir='ltr'><strong>sia</strong></span> <span class='ocrx_word' id='word_1_21' title='bbox 1022 508 1233 564; x_wconf 77' lang='lat' dir='ltr'><strong>virtutis.</strong></span> <span class='ocrx_word' id='word_1_22' title='bbox 1258 536 1330 547; x_wconf 93' lang='lat'><strong><em>—</em></strong></span> <span class='ocrx_word' id='word_1_23' title='bbox 1353 506 1607 574; x_wconf 76' lang='lat' dir='ltr'><strong>Quamam</strong></span> <span class='ocrx_word' id='word_1_24' title='bbox 1658 510 1742 558; x_wconf 88' lang='lat' dir='ltr'><strong>est</strong></span> <span class='ocrx_word' id='word_1_25' title='bbox 1767 509 1944 556; x_wconf 88' lang='lat' dir='ltr'><strong>autem</strong></span> <span class='ocrx_word' id='word_1_26' title='bbox 1975 501 2057 555; x_wconf 91' lang='lat' dir='ltr'><strong>via</strong></span> 
     </span>
    </p>
   </div>
   <div class='ocr_carea' id='block_1_5' title="bbox 480 591 2061 669">
    <p class='ocr_par' dir='ltr' id='par_1_5' title="bbox 480 591 2061 669">
     <span class='ocr_line' id='line_1_5' title="bbox 480 591 2061 669; baseline -0.008 -10"><span class='ocrx_word' id='word_1_27' title='bbox 480 619 678 663; x_wconf 66' lang='lat' dir='ltr'><strong>merita</strong></span> <span class='ocrx_word' id='word_1_28' title='bbox 703 646 718 665; x_wconf 87' lang='lat'><strong>,</strong></span> <span class='ocrx_word' id='word_1_29' title='bbox 760 604 860 657; x_wconf 86' lang='lat' dir='ltr'><strong>nisi</strong></span> <span class='ocrx_word' id='word_1_30' title='bbox 905 599 1193 669; x_wconf 88' lang='lat' dir='ltr'><strong>spiritualis</strong></span> <span class='ocrx_word' id='word_1_31' title='bbox 1211 638 1227 663; x_wconf 87' lang='lat'><strong>,</strong></span> <span class='ocrx_word' id='word_1_32' title='bbox 1267 607 1321 653; x_wconf 88' lang='lat' dir='ltr'><strong>et</strong></span> <span class='ocrx_word' id='word_1_33' title='bbox 1358 612 1475 665; x_wconf 78' lang='lat' dir='ltr'><strong>qua:</strong></span> <span class='ocrx_word' id='word_1_34' title='bbox 1500 594 1645 649; x_wconf 89' lang='lat' dir='ltr'><strong>ducit</strong></span> <span class='ocrx_word' id='word_1_35' title='bbox 1665 591 1717 648; x_wconf 92' lang='lat' dir='ltr'><strong>in</strong></span> <span class='ocrx_word' id='word_1_36' title='bbox 1742 604 1932 649; x_wconf 70' lang='lat' dir='ltr'><strong>artum</strong></span> <span class='ocrx_word' id='word_1_37' title='bbox 1960 633 1977 657; x_wconf 92' lang='lat'><strong>,</strong></span> <span class='ocrx_word' id='word_1_38' title='bbox 2004 601 2061 647; x_wconf 89' lang='lat' dir='ltr'><strong>et</strong></span> 
     </span>
    </p>
   </div>
   <div class='ocr_carea' id='block_1_6' title="bbox 480 684 2061 767">
    <p class='ocr_par' dir='ltr' id='par_1_6' title="bbox 480 684 2061 767">
     <span class='ocr_line' id='line_1_6' title="bbox 480 684 2061 767; baseline -0.007 -19"><span class='ocrx_word' id='word_1_39' title='bbox 480 697 629 767; x_wconf 76' lang='lat' dir='ltr'><strong>cujus</strong></span> <span class='ocrx_word' id='word_1_40' title='bbox 675 711 777 749; x_wconf 87' lang='lat' dir='ltr'><strong>non</strong></span> <span class='ocrx_word' id='word_1_41' title='bbox 806 704 889 749; x_wconf 87' lang='lat' dir='ltr'><strong>est</strong></span> <span class='ocrx_word' id='word_1_42' title='bbox 917 691 1081 745; x_wconf 86' lang='lat' dir='ltr'><strong>finis?</strong></span> <span class='ocrx_word' id='word_1_43' title='bbox 1107 691 1221 745; x_wconf 84' lang='lat' dir='ltr'><strong>Alia</strong></span> <span class='ocrx_word' id='word_1_44' title='bbox 1248 688 1390 743; x_wconf 92' lang='lat' dir='ltr'><strong>enim</strong></span> <span class='ocrx_word' id='word_1_45' title='bbox 1421 685 1599 740; x_wconf 84' lang='lat' dir='ltr'><strong>omnia</strong></span> <span class='ocrx_word' id='word_1_46' title='bbox 1628 692 1752 739; x_wconf 91' lang='lat' dir='ltr'><strong>sunt</strong></span> <span class='ocrx_word' id='word_1_47' title='bbox 1781 684 1977 738; x_wconf 86' lang='lat' dir='ltr'><strong>caduca</strong></span> <span class='ocrx_word' id='word_1_48' title='bbox 2006 694 2061 737; x_wconf 89' lang='lat' dir='ltr'><strong>et</strong></span> 
     </span>
    </p>
   </div>
   <div class='ocr_carea' id='block_1_7' title="bbox 483 775 2058 850">
    <p class='ocr_par' dir='ltr' id='par_1_7' title="bbox 483 775 2058 850">
     <span class='ocr_line' id='line_1_7' title="bbox 483 775 2058 850; baseline -0.008 -9"><span class='ocrx_word' id='word_1_49' title='bbox 483 796 852 841; x_wconf 85' lang='lat' dir='ltr'><strong>momeulanca</strong></span> <span class='ocrx_word' id='word_1_50' title='bbox 878 826 894 850; x_wconf 88' lang='lat'><strong>,</strong></span> <span class='ocrx_word' id='word_1_51' title='bbox 940 793 995 839; x_wconf 87' lang='lat' dir='ltr'><strong>et</strong></span> <span class='ocrx_word' id='word_1_52' title='bbox 1042 784 1146 836; x_wconf 87' lang='lat' dir='ltr'><strong>vita</strong></span> <span class='ocrx_word' id='word_1_53' title='bbox 1186 779 1433 850; x_wconf 67' lang='lat' dir='ltr'><strong>prmsenti</strong></span> <span class='ocrx_word' id='word_1_54' title='bbox 1479 775 1884 833; x_wconf 88' lang='lat' dir='ltr'><strong>concluduntur.</strong></span> <span class='ocrx_word' id='word_1_55' title='bbox 1914 776 2058 843; x_wconf 83' lang='lat' dir='ltr'><strong>Quo-</strong></span> 
     </span>
    </p>
   </div>
   <div class='ocr_carea' id='block_1_8' title="bbox 480 866 2061 944">
    <p class='ocr_par' dir='ltr' id='par_1_8' title="bbox 480 866 2061 944">
     <span class='ocr_line' id='line_1_8' title="bbox 480 866 2061 944; baseline -0.008 -11"><span class='ocrx_word' id='word_1_56' title='bbox 480 896 619 935; x_wconf 78' lang='lat' dir='ltr'><strong>circa</strong></span> <span class='ocrx_word' id='word_1_57' title='bbox 659 878 903 933; x_wconf 88' lang='lat' dir='ltr'><strong>omnibus</strong></span> <span class='ocrx_word' id='word_1_58' title='bbox 931 873 1298 944; x_wconf 64' lang='lat' dir='ltr'><strong>praetermissis</strong></span> <span class='ocrx_word' id='word_1_59' title='bbox 1326 871 1466 925; x_wconf 92' lang='lat' dir='ltr'><strong>illam</strong></span> <span class='ocrx_word' id='word_1_60' title='bbox 1495 867 1685 939; x_wconf 71' lang='lat' dir='ltr'><strong>quaerit</strong></span> <span class='ocrx_word' id='word_1_61' title='bbox 1712 884 1829 938; x_wconf 63' lang='lat' dir='ltr'><strong>quae</strong></span> <span class='ocrx_word' id='word_1_62' title='bbox 1857 876 1939 922; x_wconf 87' lang='lat' dir='ltr'><strong>est</strong></span> <span class='ocrx_word' id='word_1_63' title='bbox 1962 866 2061 921; x_wconf 87' lang='lat' dir='ltr'><strong>im-</strong></span> 
     </span>
    </p>
   </div>
   <div class='ocr_carea' id='block_1_9' title="bbox 482 957 2058 1036">
    <p class='ocr_par' dir='ltr' id='par_1_9' title="bbox 482 957 2058 1036">
     <span class='ocr_line' id='line_1_9' title="bbox 482 957 2058 1036; baseline -0.01 -10"><span class='ocrx_word' id='word_1_64' title='bbox 482 970 753 1032; x_wconf 84' lang='lat' dir='ltr'><strong>mortalis,</strong></span> <span class='ocrx_word' id='word_1_65' title='bbox 800 981 917 1036; x_wconf 65' lang='lat' dir='ltr'><strong>quae</strong></span> <span class='ocrx_word' id='word_1_66' title='bbox 960 974 1042 1019; x_wconf 90' lang='lat' dir='ltr'><strong>est</strong></span> <span class='ocrx_word' id='word_1_67' title='bbox 1086 962 1420 1017; x_wconf 90' lang='lat' dir='ltr'><strong>interminata</strong></span> <span class='ocrx_word' id='word_1_68' title='bbox 1445 998 1462 1026; x_wconf 94' lang='lat'><strong>,</strong></span> <span class='ocrx_word' id='word_1_69' title='bbox 1507 975 1626 1030; x_wconf 75' lang='lat' dir='ltr'><strong>quze</strong></span> <span class='ocrx_word' id='word_1_70' title='bbox 1664 958 1730 1012; x_wconf 88' lang='lat' dir='ltr'><strong>ad</strong></span> <span class='ocrx_word' id='word_1_71' title='bbox 1770 957 1926 1012; x_wconf 84' lang='lat' dir='ltr'><strong>finem</strong></span> <span class='ocrx_word' id='word_1_72' title='bbox 1952 970 2058 1011; x_wconf 85' lang='lat' dir='ltr'><strong>non</strong></span> 
     </span>
    </p>
   </div>
   <div class='ocr_carea' id='block_1_10' title="bbox 484 1043 2059 1129">
    <p class='ocr_par' dir='ltr' id='par_1_10' title="bbox 484 1043 2059 1129">
     <span class='ocr_line' id='line_1_10' title="bbox 484 1043 2059 1129; baseline -0.011 -13"><span class='ocrx_word' id='word_1_73' title='bbox 484 1060 737 1129; x_wconf 77' lang='lat' dir='ltr'><strong>pervenit.</strong></span> <span class='ocrx_word' id='word_1_74' title='bbox 783 1054 1061 1122; x_wconf 77' lang='lat' dir='ltr'><strong>Quomodo</strong></span> <span class='ocrx_word' id='word_1_75' title='bbox 1098 1064 1275 1108; x_wconf 88' lang='lat' dir='ltr'><strong>autem</strong></span> <span class='ocrx_word' id='word_1_76' title='bbox 1316 1050 1609 1107; x_wconf 74' lang='lat' dir='ltr'><strong>deducetur</strong></span> <span class='ocrx_word' id='word_1_77' title='bbox 1631 1050 1751 1119; x_wconf 87' lang='lat' dir='ltr'><strong>quis</strong></span> <span class='ocrx_word' id='word_1_78' title='bbox 1774 1048 1840 1102; x_wconf 89' lang='lat' dir='ltr'><strong>ad</strong></span> <span class='ocrx_word' id='word_1_79' title='bbox 1866 1043 2059 1101; x_wconf 80' lang='lat' dir='ltr'><strong>illam?</strong></span> 
     </span>
    </p>
   </div>
   <div class='ocr_carea' id='block_1_11' title="bbox 479 1136 2055 1210">
    <p class='ocr_par' dir='ltr' id='par_1_11' title="bbox 479 1136 2055 1210">
     <span class='ocr_line' id='line_1_11' title="bbox 479 1136 2055 1210; baseline -0.01 -4"><span class='ocrx_word' id='word_1_80' title='bbox 479 1151 534 1206; x_wconf 90' lang='lat' dir='ltr'><strong>Si</strong></span> <span class='ocrx_word' id='word_1_81' title='bbox 580 1151 670 1204; x_wconf 89' lang='lat' dir='ltr'><strong>Dei</strong></span> <span class='ocrx_word' id='word_1_82' title='bbox 725 1149 920 1203; x_wconf 76' lang='lat' dir='ltr'><strong>auxilio</strong></span> <span class='ocrx_word' id='word_1_83' title='bbox 951 1145 1184 1209; x_wconf 76' lang='lat' dir='ltr'><strong>fruatur,</strong></span> <span class='ocrx_word' id='word_1_84' title='bbox 1213 1155 1264 1197; x_wconf 89' lang='lat' dir='ltr'><strong>et</strong></span> <span class='ocrx_word' id='word_1_85' title='bbox 1295 1158 1357 1198; x_wconf 84' lang='lat' dir='ltr'><strong>ea</strong></span> <span class='ocrx_word' id='word_1_86' title='bbox 1384 1159 1501 1210; x_wconf 76' lang='lat' dir='ltr'><strong>qua:</strong></span> <span class='ocrx_word' id='word_1_87' title='bbox 1526 1157 1619 1195; x_wconf 88' lang='lat' dir='ltr'><strong>sua</strong></span> <span class='ocrx_word' id='word_1_88' title='bbox 1641 1149 1764 1195; x_wconf 89' lang='lat' dir='ltr'><strong>sunt</strong></span> <span class='ocrx_word' id='word_1_89' title='bbox 1787 1136 2055 1203; x_wconf 77' lang='lat' dir='ltr'><strong>conferat,</strong></span> 
     </span>
    </p>
   </div>
   <div class='ocr_carea' id='block_1_12' title="bbox 481 1228 2059 1308">
    <p class='ocr_par' dir='ltr' id='par_1_12' title="bbox 481 1228 2059 1308">
     <span class='ocr_line' id='line_1_12' title="bbox 481 1228 2059 1308; baseline -0.008 -14"><span class='ocrx_word' id='word_1_90' title='bbox 481 1242 727 1294; x_wconf 74' lang='lat' dir='ltr'><strong>virtutem</strong></span> <span class='ocrx_word' id='word_1_91' title='bbox 771 1249 1119 1308; x_wconf 86' lang='lat' dir='ltr'><strong>persequens,</strong></span> <span class='ocrx_word' id='word_1_92' title='bbox 1172 1231 1516 1302; x_wconf 71' lang='lat' dir='ltr'><strong>philosophia:</strong></span> <span class='ocrx_word' id='word_1_93' title='bbox 1545 1230 1787 1295; x_wconf 87' lang='lat' dir='ltr'><strong>deditus,</strong></span> <span class='ocrx_word' id='word_1_94' title='bbox 1818 1240 1873 1283; x_wconf 89' lang='lat' dir='ltr'><strong>et</strong></span> <span class='ocrx_word' id='word_1_95' title='bbox 1902 1228 2059 1282; x_wconf 86' lang='lat' dir='ltr'><strong>rebus</strong></span> 
     </span>
    </p>
   </div>
   <div class='ocr_carea' id='block_1_13' title="bbox 488 1317 2056 1399">
    <p class='ocr_par' dir='ltr' id='par_1_13' title="bbox 488 1317 2056 1399">
     <span class='ocr_line' id='line_1_13' title="bbox 488 1317 2056 1399; baseline -0.008 -18"><span class='ocrx_word' id='word_1_96' title='bbox 488 1343 606 1399; x_wconf 69' lang='lat' dir='ltr'><strong>qua:</strong></span> <span class='ocrx_word' id='word_1_97' title='bbox 652 1327 718 1379; x_wconf 86' lang='lat' dir='ltr'><strong>ad</strong></span> <span class='ocrx_word' id='word_1_98' title='bbox 767 1326 905 1379; x_wconf 89' lang='lat' dir='ltr'><strong>hanc</strong></span> <span class='ocrx_word' id='word_1_99' title='bbox 949 1324 1106 1377; x_wconf 80' lang='lat' dir='ltr'><strong>vitam</strong></span> <span class='ocrx_word' id='word_1_100' title='bbox 1154 1322 1454 1390; x_wconf 88' lang='lat' dir='ltr'><strong>pertinent,</strong></span> <span class='ocrx_word' id='word_1_101' title='bbox 1504 1318 1767 1374; x_wconf 77' lang='lat' dir='ltr'><strong>excelsior</strong></span> <span class='ocrx_word' id='word_1_102' title='bbox 1815 1317 2056 1371; x_wconf 78' lang='lat' dir='ltr'><strong>effectus.</strong></span> 
     </span>
    </p>
   </div>
   <div class='ocr_carea' id='block_1_14' title="bbox 478 1406 2058 1488">
    <p class='ocr_par' dir='ltr' id='par_1_14' title="bbox 478 1406 2058 1488">
     <span class='ocr_line' id='line_1_14' title="bbox 478 1406 2058 1488; baseline -0.008 -14"><span class='ocrx_word' id='word_1_103' title='bbox 478 1421 609 1488; x_wconf 78' lang='lat' dir='ltr'><strong>Qua:</strong></span> <span class='ocrx_word' id='word_1_104' title='bbox 655 1419 796 1473; x_wconf 87' lang='lat' dir='ltr'><strong>enim</strong></span> <span class='ocrx_word' id='word_1_105' title='bbox 844 1415 911 1471; x_wconf 89' lang='lat' dir='ltr'><strong>ad</strong></span> <span class='ocrx_word' id='word_1_106' title='bbox 956 1416 1102 1468; x_wconf 84' lang='lat' dir='ltr'><strong>illam</strong></span> <span class='ocrx_word' id='word_1_107' title='bbox 1129 1414 1289 1466; x_wconf 89' lang='lat' dir='ltr'><strong>vitam</strong></span> <span class='ocrx_word' id='word_1_108' title='bbox 1315 1409 1614 1479; x_wconf 86' lang='lat' dir='ltr'><strong>pertinent,</strong></span> <span class='ocrx_word' id='word_1_109' title='bbox 1642 1424 1748 1462; x_wconf 92' lang='lat' dir='ltr'><strong>non</strong></span> <span class='ocrx_word' id='word_1_110' title='bbox 1774 1419 1898 1461; x_wconf 90' lang='lat' dir='ltr'><strong>sunt</strong></span> <span class='ocrx_word' id='word_1_111' title='bbox 1919 1406 2058 1461; x_wconf 79' lang='lat' dir='ltr'><strong>fluxa</strong></span> 
     </span>
    </p>
   </div>
   <div class='ocr_carea' id='block_1_15' title="bbox 478 1497 2060 1571">
    <p class='ocr_par' dir='ltr' id='par_1_15' title="bbox 478 1497 2060 1571">
     <span class='ocr_line' id='line_1_15' title="bbox 478 1497 2060 1571; baseline -0.007 -9"><span class='ocrx_word' id='word_1_112' title='bbox 478 1518 532 1563; x_wconf 90' lang='lat' dir='ltr'><strong>et</strong></span> <span class='ocrx_word' id='word_1_113' title='bbox 572 1517 963 1562; x_wconf 84' lang='lat' dir='ltr'><strong>momentanea.</strong></span> <span class='ocrx_word' id='word_1_114' title='bbox 1002 1505 1178 1558; x_wconf 83' lang='lat' dir='ltr'><strong>Virtus</strong></span> <span class='ocrx_word' id='word_1_115' title='bbox 1216 1516 1442 1571; x_wconf 81' lang='lat' dir='ltr'><strong>namque</strong></span> <span class='ocrx_word' id='word_1_116' title='bbox 1471 1500 1591 1555; x_wconf 89' lang='lat' dir='ltr'><strong>talis</strong></span> <span class='ocrx_word' id='word_1_117' title='bbox 1614 1509 1698 1554; x_wconf 86' lang='lat' dir='ltr'><strong>est</strong></span> <span class='ocrx_word' id='word_1_118' title='bbox 1727 1516 1740 1552; x_wconf 93' lang='lat'>:</span> <span class='ocrx_word' id='word_1_119' title='bbox 1770 1497 1927 1552; x_wconf 83' lang='lat' dir='ltr'><strong>habet</strong></span> <span class='ocrx_word' id='word_1_120' title='bbox 1951 1498 2060 1552; x_wconf 93' lang='lat' dir='ltr'><strong>fru-</strong></span> 
     </span>
    </p>
   </div>
   <div class='ocr_carea' id='block_1_16' title="bbox 477 1589 2060 1667">
    <p class='ocr_par' dir='ltr' id='par_1_16' title="bbox 477 1589 2060 1667">
     <span class='ocr_line' id='line_1_16' title="bbox 477 1589 2060 1667; baseline -0.007 -14"><span class='ocrx_word' id='word_1_121' title='bbox 477 1609 593 1654; x_wconf 86' lang='lat' dir='ltr'><strong>ctus</strong></span> <span class='ocrx_word' id='word_1_122' title='bbox 609 1599 697 1667; x_wconf 90' lang='lat' dir='ltr'><strong>qui</strong></span> <span class='ocrx_word' id='word_1_123' title='bbox 728 1606 984 1665; x_wconf 88' lang='lat' dir='ltr'><strong>perpetuo</strong></span> <span class='ocrx_word' id='word_1_124' title='bbox 1014 1593 1227 1657; x_wconf 81' lang='lat' dir='ltr'><strong>florent,</strong></span> <span class='ocrx_word' id='word_1_125' title='bbox 1246 1602 1301 1646; x_wconf 92' lang='lat' dir='ltr'><strong>et</strong></span> <span class='ocrx_word' id='word_1_126' title='bbox 1326 1606 1612 1660; x_wconf 86' lang='lat' dir='ltr'><strong>numquam</strong></span> <span class='ocrx_word' id='word_1_127' title='bbox 1639 1589 1978 1652; x_wconf 82' lang='lat' dir='ltr'><strong>flaccescunt,</strong></span> <span class='ocrx_word' id='word_1_128' title='bbox 2004 1599 2060 1643; x_wconf 92' lang='lat' dir='ltr'><strong>et</strong></span> 
     </span>
    </p>
   </div>
   <div class='ocr_carea' id='block_1_17' title="bbox 479 1682 2054 1744">
    <p class='ocr_par' dir='ltr' id='par_1_17' title="bbox 479 1682 2054 1744">
     <span class='ocr_line' id='line_1_17' title="bbox 479 1682 2054 1744; baseline -0.004 -1"><span class='ocrx_word' id='word_1_129' title='bbox 479 1690 616 1744; x_wconf 89' lang='lat' dir='ltr'><strong>bona</strong></span> <span class='ocrx_word' id='word_1_130' title='bbox 647 1688 969 1743; x_wconf 83' lang='lat' dir='ltr'><strong>immortalia</strong></span> <span class='ocrx_word' id='word_1_131' title='bbox 998 1701 1028 1740; x_wconf 91' lang='lat' dir='ltr'><strong>a</strong></span> <span class='ocrx_word' id='word_1_132' title='bbox 1059 1687 1162 1741; x_wconf 77' lang='lat' dir='ltr'><strong>line</strong></span> <span class='ocrx_word' id='word_1_133' title='bbox 1185 1695 1239 1739; x_wconf 90' lang='lat' dir='ltr'><strong>et</strong></span> <span class='ocrx_word' id='word_1_134' title='bbox 1262 1684 1330 1738; x_wconf 90' lang='lat' dir='ltr'><strong>ab</strong></span> <span class='ocrx_word' id='word_1_135' title='bbox 1356 1684 1569 1739; x_wconf 90' lang='lat' dir='ltr'><strong>interitu</strong></span> <span class='ocrx_word' id='word_1_136' title='bbox 1602 1686 1819 1737; x_wconf 88' lang='lat' dir='ltr'><strong>omnino</strong></span> <span class='ocrx_word' id='word_1_137' title='bbox 1838 1682 2010 1736; x_wconf 88' lang='lat' dir='ltr'><strong>aliena</strong></span> <span class='ocrx_word' id='word_1_138' title='bbox 2039 1698 2054 1736; x_wconf 92' lang='lat'><strong>:</strong></span> 
     </span>
    </p>
   </div>
   <div class='ocr_carea' id='block_1_18' title="bbox 480 1770 2059 1848">
    <p class='ocr_par' dir='ltr' id='par_1_18' title="bbox 480 1770 2059 1848">
     <span class='ocr_line' id='line_1_18' title="bbox 480 1770 2059 1848; baseline -0.006 -15"><span class='ocrx_word' id='word_1_139' title='bbox 480 1796 598 1848; x_wconf 71' lang='lat' dir='ltr'><strong>quae</strong></span> <span class='ocrx_word' id='word_1_140' title='bbox 640 1777 797 1833; x_wconf 86' lang='lat' dir='ltr'><strong>detur</strong></span> <span class='ocrx_word' id='word_1_141' title='bbox 838 1776 991 1831; x_wconf 89' lang='lat' dir='ltr'><strong>nobis</strong></span> <span class='ocrx_word' id='word_1_142' title='bbox 1036 1775 1280 1829; x_wconf 88' lang='lat' dir='ltr'><strong>omnibus</strong></span> <span class='ocrx_word' id='word_1_143' title='bbox 1319 1773 1606 1841; x_wconf 86' lang='lat' dir='ltr'><strong>consequi,</strong></span> <span class='ocrx_word' id='word_1_144' title='bbox 1634 1773 1801 1842; x_wconf 86' lang='lat' dir='ltr'><strong>gratia</strong></span> <span class='ocrx_word' id='word_1_145' title='bbox 1830 1781 1883 1826; x_wconf 90' lang='lat' dir='ltr'><strong>et</strong></span> <span class='ocrx_word' id='word_1_146' title='bbox 1909 1770 2059 1826; x_wconf 92' lang='lat' dir='ltr'><strong>beni-</strong></span> 
     </span>
    </p>
   </div>
   <div class='ocr_carea' id='block_1_19' title="bbox 480 1861 2058 1939">
    <p class='ocr_par' dir='ltr' id='par_1_19' title="bbox 480 1861 2058 1939">
     <span class='ocr_line' id='line_1_19' title="bbox 480 1861 2058 1939; baseline -0.005 -18"><span class='ocrx_word' id='word_1_147' title='bbox 480 1870 682 1939; x_wconf 85' lang='lat' dir='ltr'><strong>gnitate</strong></span> <span class='ocrx_word' id='word_1_148' title='bbox 721 1865 925 1920; x_wconf 90' lang='lat' dir='ltr'><strong>Domini</strong></span> <span class='ocrx_word' id='word_1_149' title='bbox 968 1863 1135 1919; x_wconf 87' lang='lat' dir='ltr'><strong>nostri</strong></span> <span class='ocrx_word' id='word_1_150' title='bbox 1160 1863 1289 1918; x_wconf 81' lang='lat' dir='ltr'><strong>Jesu</strong></span> <span class='ocrx_word' id='word_1_151' title='bbox 1313 1861 1543 1925; x_wconf 90' lang='lat' dir='ltr'><strong>Christi,</strong></span> <span class='ocrx_word' id='word_1_152' title='bbox 1574 1861 1659 1917; x_wconf 91' lang='lat' dir='ltr'><strong>cui</strong></span> <span class='ocrx_word' id='word_1_153' title='bbox 1686 1861 1849 1931; x_wconf 85' lang='lat' dir='ltr'><strong>gloria</strong></span> <span class='ocrx_word' id='word_1_154' title='bbox 1876 1869 1929 1916; x_wconf 92' lang='lat' dir='ltr'><strong>et</strong></span> <span class='ocrx_word' id='word_1_155' title='bbox 1954 1861 2058 1914; x_wconf 82' lang='lat' dir='ltr'><strong>im-</strong></span> 
     </span>
    </p>
   </div>
   <div class='ocr_carea' id='block_1_20' title="bbox 481 1950 2054 2028">
    <p class='ocr_par' dir='ltr' id='par_1_20' title="bbox 481 1950 2054 2028">
     <span class='ocr_line' id='line_1_20' title="bbox 481 1950 2054 2028; baseline -0.005 -16"><span class='ocrx_word' id='word_1_156' title='bbox 481 1959 686 2028; x_wconf 91' lang='lat' dir='ltr'><strong>perium</strong></span> <span class='ocrx_word' id='word_1_157' title='bbox 707 1996 726 2024; x_wconf 95' lang='lat'><strong>,</strong></span> <span class='ocrx_word' id='word_1_158' title='bbox 772 1970 916 2010; x_wconf 91' lang='lat' dir='ltr'><strong>nunc</strong></span> <span class='ocrx_word' id='word_1_159' title='bbox 955 1962 1010 2010; x_wconf 90' lang='lat' dir='ltr'><strong>et</strong></span> <span class='ocrx_word' id='word_1_160' title='bbox 1047 1968 1260 2023; x_wconf 81' lang='lat' dir='ltr'><strong>semper</strong></span> <span class='ocrx_word' id='word_1_161' title='bbox 1285 1992 1301 2019; x_wconf 95' lang='lat'><strong>,</strong></span> <span class='ocrx_word' id='word_1_162' title='bbox 1343 1961 1399 2008; x_wconf 90' lang='lat' dir='ltr'><strong>et</strong></span> <span class='ocrx_word' id='word_1_163' title='bbox 1423 1951 1475 2006; x_wconf 92' lang='lat' dir='ltr'><strong>in</strong></span> <span class='ocrx_word' id='word_1_164' title='bbox 1501 1950 1693 2007; x_wconf 65' lang='lat' dir='ltr'><strong>saecula</strong></span> <span class='ocrx_word' id='word_1_165' title='bbox 1718 1951 2054 2005; x_wconf 59' lang='lat' dir='ltr'><strong>seculorum.</strong></span> 
     </span>
    </p>
   </div>
   <div class='ocr_carea' id='block_1_21' title="bbox 479 2049 672 2103">
    <p class='ocr_par' dir='ltr' id='par_1_21' title="bbox 479 2049 672 2103">
     <span class='ocr_line' id='line_1_21' title="bbox 479 2049 672 2103; baseline -0.01 -1"><span class='ocrx_word' id='word_1_166' title='bbox 479 2049 672 2103; x_wconf 77' lang='lat' dir='ltr'><strong>Anien.</strong></span> 
     </span>
    </p>
   </div>
   <div class='ocr_carea' id='block_1_22' title="bbox 903 2173 1628 2232">
    <p class='ocr_par' dir='ltr' id='par_1_22' title="bbox 903 2173 1628 2232">
     <span class='ocr_line' id='line_1_22' title="bbox 903 2173 1628 2232; baseline -0.006 1"><span class='ocrx_word' id='word_1_167' title='bbox 903 2176 971 2232; x_wconf 83' lang='lat' dir='ltr'><strong>IN</strong></span> <span class='ocrx_word' id='word_1_168' title='bbox 996 2174 1311 2232; x_wconf 75' lang='lat' dir='ltr'><strong>PSALMUM</strong></span> <span class='ocrx_word' id='word_1_169' title='bbox 1339 2173 1628 2229; x_wconf 79' lang='lat' dir='ltr'><strong>CXXXIX.</strong></span> 
     </span>
    </p>
   </div>
   <div class='ocr_carea' id='block_1_23' title="bbox 481 2284 2057 2360">
    <p class='ocr_par' dir='ltr' id='par_1_23' title="bbox 481 2284 2057 2360">
     <span class='ocr_line' id='line_1_23' title="bbox 481 2284 2057 2360; baseline -0.003 -15"><span class='ocrx_word' id='word_1_170' title='bbox 481 2289 536 2345; x_wconf 73' lang='grc' dir='ltr'><strong>ι.</strong></span> <span class='ocrx_word' id='word_1_171' title='bbox 581 2287 736 2360; x_wconf 83' lang='lat' dir='ltr'><strong>Eripe</strong></span> <span class='ocrx_word' id='word_1_172' title='bbox 772 2304 879 2355; x_wconf 88' lang='lat' dir='ltr'><strong>me,</strong></span> <span class='ocrx_word' id='word_1_173' title='bbox 916 2287 1160 2349; x_wconf 83' lang='lat' dir='ltr'><strong>Domine.</strong></span> <span class='ocrx_word' id='word_1_174' title='bbox 1188 2286 1249 2340; x_wconf 90' lang='lat' dir='ltr'><strong>ab</strong></span> <span class='ocrx_word' id='word_1_175' title='bbox 1272 2286 1470 2340; x_wconf 80' lang='lat' dir='ltr'><strong>homine</strong></span> <span class='ocrx_word' id='word_1_176' title='bbox 1492 2284 1626 2339; x_wconf 84' lang='lat' dir='ltr'><strong>malo</strong></span> <span class='ocrx_word' id='word_1_177' title='bbox 1654 2300 1669 2339; x_wconf 90' lang='lat'><strong>:</strong></span> <span class='ocrx_word' id='word_1_178' title='bbox 1696 2301 1729 2338; x_wconf 89' lang='lat' dir='ltr'><strong>a</strong></span> <span class='ocrx_word' id='word_1_179' title='bbox 1757 2284 1863 2340; x_wconf 82' lang='lat' dir='ltr'><strong>viro</strong></span> <span class='ocrx_word' id='word_1_180' title='bbox 1885 2285 2057 2358; x_wconf 84' lang='lat' dir='ltr'><strong>iniquo</strong></span> 
     </span>
    </p>
   </div>
   <div class='ocr_carea' id='block_1_24' title="bbox 1137 2392 1395 2446">
    <p class='ocr_par' dir='ltr' id='par_1_24' title="bbox 1137 2392 1395 2446">
     <span class='ocr_line' id='line_1_24' title="bbox 1137 2392 1395 2446; baseline -0.008 -15"><span class='ocrx_word' id='word_1_181' title='bbox 1137 2392 1273 2446; x_wconf 76' lang='lat' dir='ltr'><strong>eripe</strong></span> <span class='ocrx_word' id='word_1_182' title='bbox 1298 2392 1395 2430; x_wconf 87' lang='lat' dir='ltr'><strong>me.</strong></span> 
     </span>
    </p>
   </div>
   <div class='ocr_carea' id='block_1_25' title="bbox 554 2486 2057 2559">
    <p class='ocr_par' dir='ltr' id='par_1_25' title="bbox 554 2486 2057 2559">
     <span class='ocr_line' id='line_1_25' title="bbox 554 2486 2057 2559; baseline 0.002 -19"><span class='ocrx_word' id='word_1_183' title='bbox 554 2490 603 2541; x_wconf 77' lang='grc' dir='ltr'><strong>Ι.</strong></span> <span class='ocrx_word' id='word_1_184' title='bbox 641 2486 882 2542; x_wconf 75' lang='lat' dir='ltr'><strong>Voluntas</strong></span> <span class='ocrx_word' id='word_1_185' title='bbox 912 2488 1047 2541; x_wconf 85' lang='lat' dir='ltr'><strong>mala</strong></span> <span class='ocrx_word' id='word_1_186' title='bbox 1084 2487 1333 2542; x_wconf 77' lang='lat' dir='ltr'><strong>hominem</strong></span> <span class='ocrx_word' id='word_1_187' title='bbox 1376 2487 1597 2559; x_wconf 80' lang='lat' dir='ltr'><strong>pejorem</strong></span> <span class='ocrx_word' id='word_1_188' title='bbox 1624 2488 1745 2559; x_wconf 76' lang='lat' dir='ltr'><strong>facit</strong></span> <span class='ocrx_word' id='word_1_189' title='bbox 1779 2488 1935 2559; x_wconf 75' lang='lat' dir='ltr'><strong>feris;</strong></span> <span class='ocrx_word' id='word_1_190' title='bbox 1961 2488 2057 2543; x_wconf 82' lang='lat' dir='ltr'><strong>Ito-</strong></span> 
     </span>
    </p>
   </div>
   <div class='ocr_carea' id='block_1_26' title="bbox 481 2573 2058 2650">
    <p class='ocr_par' dir='ltr' id='par_1_26' title="bbox 481 2573 2058 2650">
     <span class='ocr_line' id='line_1_26' title="bbox 481 2573 2058 2650; baseline 0.001 -19"><span class='ocrx_word' id='word_1_191' title='bbox 481 2578 603 2631; x_wconf 85' lang='lat' dir='ltr'><strong>mini</strong></span> <span class='ocrx_word' id='word_1_192' title='bbox 644 2579 852 2631; x_wconf 75' lang='lat' dir='ltr'><strong>noxium</strong></span> <span class='ocrx_word' id='word_1_193' title='bbox 870 2573 999 2631; x_wconf 75' lang='lat' dir='ltr'><strong>nihil</strong></span> <span class='ocrx_word' id='word_1_194' title='bbox 1021 2588 1203 2648; x_wconf 67' lang='lat' dir='ltr'><strong>prater</strong></span> <span class='ocrx_word' id='word_1_195' title='bbox 1222 2588 1516 2647; x_wconf 84' lang='lat' dir='ltr'><strong>peccatum;</strong></span> <span class='ocrx_word' id='word_1_196' title='bbox 1544 2578 1693 2632; x_wconf 81' lang='lat' dir='ltr'><strong>Itouto</strong></span> <span class='ocrx_word' id='word_1_197' title='bbox 1720 2578 1927 2633; x_wconf 71' lang='lat' dir='ltr'><strong>vitiosus</strong></span> <span class='ocrx_word' id='word_1_198' title='bbox 1949 2581 2058 2650; x_wconf 75' lang='lat' dir='ltr'><strong>[era</strong></span> 
     </span>
    </p>
   </div>
   <div class='ocr_carea' id='block_1_27' title="bbox 479 2667 2059 2739">
    <p class='ocr_par' dir='ltr' id='par_1_27' title="bbox 479 2667 2059 2739">
     <span class='ocr_line' id='line_1_27' title="bbox 479 2667 2059 2739; baseline 0 -15"><span class='ocrx_word' id='word_1_199' title='bbox 479 2667 774 2738; x_wconf 78' lang='lat' dir='ltr'><strong>improbior.</strong></span> <span class='ocrx_word' id='word_1_200' title='bbox 802 2698 876 2709; x_wconf 91' lang='lat'><strong><em>—</em></strong></span> <span class='ocrx_word' id='word_1_201' title='bbox 904 2668 1001 2723; x_wconf 87' lang='lat' dir='ltr'><strong>Ubi</strong></span> <span class='ocrx_word' id='word_1_202' title='bbox 1040 2682 1180 2722; x_wconf 91' lang='lat' dir='ltr'><strong>nunc</strong></span> <span class='ocrx_word' id='word_1_203' title='bbox 1217 2677 1342 2723; x_wconf 89' lang='lat' dir='ltr'><strong>sunt</strong></span> <span class='ocrx_word' id='word_1_204' title='bbox 1364 2669 1453 2739; x_wconf 88' lang='lat' dir='ltr'><strong>qui</strong></span> <span class='ocrx_word' id='word_1_205' title='bbox 1480 2669 1664 2723; x_wconf 88' lang='lat' dir='ltr'><strong>dicunt</strong></span> <span class='ocrx_word' id='word_1_206' title='bbox 1687 2708 1704 2735; x_wconf 96' lang='lat'><strong>,</strong></span> <span class='ocrx_word' id='word_1_207' title='bbox 1733 2669 1910 2737; x_wconf 86' lang='lat' dir='ltr'><strong>Quare</strong></span> <span class='ocrx_word' id='word_1_208' title='bbox 1931 2677 2059 2725; x_wconf 86' lang='lat' dir='ltr'><strong>sunt</strong></span> 
     </span>
    </p>
   </div>
   <div class='ocr_carea' id='block_1_28' title="bbox 480 2757 2056 2831">
    <p class='ocr_par' dir='ltr' id='par_1_28' title="bbox 480 2757 2056 2831">
     <span class='ocr_line' id='line_1_28' title="bbox 480 2757 2056 2831; baseline 0 -15"><span class='ocrx_word' id='word_1_209' title='bbox 480 2761 642 2816; x_wconf 69' lang='lat' dir='ltr'><strong>ferat?</strong></span> <span class='ocrx_word' id='word_1_210' title='bbox 687 2775 853 2831; x_wconf 89' lang='lat' dir='ltr'><strong>quare</strong></span> <span class='ocrx_word' id='word_1_211' title='bbox 889 2758 1122 2829; x_wconf 75' lang='lat' dir='ltr'><strong>scorpii?</strong></span> <span class='ocrx_word' id='word_1_212' title='bbox 1162 2775 1328 2830; x_wconf 86' lang='lat' dir='ltr'><strong>quare</strong></span> <span class='ocrx_word' id='word_1_213' title='bbox 1374 2757 1610 2829; x_wconf 61' lang='lat' dir='ltr'><strong>viperas?</strong></span> <span class='ocrx_word' id='word_1_214' title='bbox 1635 2759 1774 2815; x_wconf 86' lang='lat' dir='ltr'><strong>Ecce</strong></span> <span class='ocrx_word' id='word_1_215' title='bbox 1797 2761 1942 2816; x_wconf 89' lang='lat' dir='ltr'><strong>enim</strong></span> <span class='ocrx_word' id='word_1_216' title='bbox 1970 2761 2056 2816; x_wconf 92' lang='lat' dir='ltr'><strong>in-</strong></span> 
     </span>
    </p>
   </div>
   <div class='ocr_carea' id='block_1_29' title="bbox 479 2844 2057 2922">
    <p class='ocr_par' dir='ltr' id='par_1_29' title="bbox 479 2844 2057 2922">
     <span class='ocr_line' id='line_1_29' title="bbox 479 2844 2057 2922; baseline 0.001 -16"><span class='ocrx_word' id='word_1_217' title='bbox 479 2862 693 2907; x_wconf 80' lang='lat' dir='ltr'><strong>ventura</strong></span> <span class='ocrx_word' id='word_1_218' title='bbox 739 2860 821 2907; x_wconf 84' lang='lat' dir='ltr'><strong>est</strong></span> <span class='ocrx_word' id='word_1_219' title='bbox 866 2852 1097 2917; x_wconf 84' lang='lat' dir='ltr'><strong>animal,</strong></span> <span class='ocrx_word' id='word_1_220' title='bbox 1139 2850 1279 2922; x_wconf 91' lang='lat' dir='ltr'><strong>quod</strong></span> <span class='ocrx_word' id='word_1_221' title='bbox 1307 2851 1563 2921; x_wconf 83' lang='lat' dir='ltr'><strong>majorem</strong></span> <span class='ocrx_word' id='word_1_222' title='bbox 1591 2850 1825 2907; x_wconf 75' lang='lat' dir='ltr'><strong>ostendit</strong></span> <span class='ocrx_word' id='word_1_223' title='bbox 1854 2844 2057 2921; x_wconf 80' lang='lat' dir='ltr'><strong>impro-</strong></span> 
     </span>
    </p>
   </div>
   <div class='ocr_carea' id='block_1_30' title="bbox 479 2943 2059 3011">
    <p class='ocr_par' dir='ltr' id='par_1_30' title="bbox 479 2943 2059 3011">
     <span class='ocr_line' id='line_1_30' title="bbox 479 2943 2059 3011; baseline -0.001 -10"><span class='ocrx_word' id='word_1_224' title='bbox 479 2943 697 3001; x_wconf 86' lang='lat' dir='ltr'><strong>hitatem</strong></span> <span class='ocrx_word' id='word_1_225' title='bbox 717 2987 733 3011; x_wconf 90' lang='lat'><strong>,</strong></span> <span class='ocrx_word' id='word_1_226' title='bbox 775 2960 884 2999; x_wconf 94' lang='lat' dir='ltr'><strong>non</strong></span> <span class='ocrx_word' id='word_1_227' title='bbox 912 2960 979 3000; x_wconf 80' lang='lat' dir='ltr'><strong>ex</strong></span> <span class='ocrx_word' id='word_1_228' title='bbox 1007 2956 1190 2999; x_wconf 89' lang='lat' dir='ltr'><strong>natura</strong></span> <span class='ocrx_word' id='word_1_229' title='bbox 1211 2985 1227 3009; x_wconf 91' lang='lat'><strong>,</strong></span> <span class='ocrx_word' id='word_1_230' title='bbox 1270 2944 1362 3000; x_wconf 91' lang='lat' dir='ltr'><strong>sed</strong></span> <span class='ocrx_word' id='word_1_231' title='bbox 1393 2960 1459 2999; x_wconf 81' lang='lat' dir='ltr'><strong>ex</strong></span> <span class='ocrx_word' id='word_1_232' title='bbox 1489 2943 1652 2998; x_wconf 87' lang='lat' dir='ltr'><strong>libera</strong></span> <span class='ocrx_word' id='word_1_233' title='bbox 1681 2943 1848 2999; x_wconf 83' lang='lat' dir='ltr'><strong>animi</strong></span> <span class='ocrx_word' id='word_1_234' title='bbox 1872 2944 2059 3000; x_wconf 85' lang='lat' dir='ltr'><strong>volun-</strong></span> 
     </span>
    </p>
   </div>
   <div class='ocr_carea' id='block_1_31' title="bbox 479 3028 2059 3105">
    <p class='ocr_par' dir='ltr' id='par_1_31' title="bbox 479 3028 2059 3105">
     <span class='ocr_line' id='line_1_31' title="bbox 479 3028 2059 3105; baseline 0 -16"><span class='ocrx_word' id='word_1_235' title='bbox 479 3043 587 3090; x_wconf 84' lang='lat' dir='ltr'><strong>tate</strong></span> <span class='ocrx_word' id='word_1_236' title='bbox 605 3076 622 3102; x_wconf 91' lang='lat'><strong>,</strong></span> <span class='ocrx_word' id='word_1_237' title='bbox 654 3050 843 3105; x_wconf 87' lang='lat' dir='ltr'><strong>nempe</strong></span> <span class='ocrx_word' id='word_1_238' title='bbox 873 3033 1051 3089; x_wconf 90' lang='lat' dir='ltr'><strong>homo.</strong></span> <span class='ocrx_word' id='word_1_239' title='bbox 1083 3028 1209 3087; x_wconf 87' lang='lat' dir='ltr'><strong>Ideo</strong></span> <span class='ocrx_word' id='word_1_240' title='bbox 1228 3029 1491 3102; x_wconf 81' lang='lat' dir='ltr'><strong>propheta</strong></span> <span class='ocrx_word' id='word_1_241' title='bbox 1527 3049 1739 3105; x_wconf 70' lang='lat' dir='ltr'><strong>quoque</strong></span> <span class='ocrx_word' id='word_1_242' title='bbox 1763 3034 1865 3090; x_wconf 91' lang='lat' dir='ltr'><strong>iliis</strong></span> <span class='ocrx_word' id='word_1_243' title='bbox 1885 3034 2059 3089; x_wconf 82' lang='lat' dir='ltr'><strong>omni-</strong></span> 
     </span>
    </p>
   </div>
   <div class='ocr_carea' id='block_1_32' title="bbox 486 3120 2059 3196">
    <p class='ocr_par' dir='ltr' id='par_1_32' title="bbox 486 3120 2059 3196">
     <span class='ocr_line' id='line_1_32' title="bbox 486 3120 2059 3196; baseline -0.001 -16"><span class='ocrx_word' id='word_1_244' title='bbox 486 3126 588 3181; x_wconf 90' lang='lat' dir='ltr'><strong>hus</strong></span> <span class='ocrx_word' id='word_1_245' title='bbox 640 3125 1044 3196; x_wconf 67' lang='lat' dir='ltr'><strong>prmtermissis,</strong></span> <span class='ocrx_word' id='word_1_246' title='bbox 1093 3132 1245 3194; x_wconf 83' lang='lat' dir='ltr'><strong>rogat</strong></span> <span class='ocrx_word' id='word_1_247' title='bbox 1291 3134 1347 3177; x_wconf 92' lang='lat' dir='ltr'><strong>ut</strong></span> <span class='ocrx_word' id='word_1_248' title='bbox 1390 3124 1458 3176; x_wconf 89' lang='lat' dir='ltr'><strong>ab</strong></span> <span class='ocrx_word' id='word_1_249' title='bbox 1492 3135 1560 3179; x_wconf 88' lang='lat' dir='ltr'><strong>eo</strong></span> <span class='ocrx_word' id='word_1_250' title='bbox 1596 3120 1881 3180; x_wconf 86' lang='lat' dir='ltr'><strong>liberatur.</strong></span> <span class='ocrx_word' id='word_1_251' title='bbox 1921 3122 2059 3193; x_wconf 85' lang='lat' dir='ltr'><strong>Quid</strong></span> 
     </span>
    </p>
   </div>
   <div class='ocr_carea' id='block_1_33' title="bbox 482 3214 2058 3288">
    <p class='ocr_par' dir='ltr' id='par_1_33' title="bbox 482 3214 2058 3288">
     <span class='ocr_line' id='line_1_33' title="bbox 482 3214 2058 3288; baseline -0.001 -15"><span class='ocrx_word' id='word_1_252' title='bbox 482 3233 643 3288; x_wconf 79' lang='lat' dir='ltr'><strong>ergo,</strong></span> <span class='ocrx_word' id='word_1_253' title='bbox 684 3218 771 3272; x_wconf 89' lang='lat' dir='ltr'><strong>dic</strong></span> <span class='ocrx_word' id='word_1_254' title='bbox 822 3215 982 3282; x_wconf 91' lang='lat' dir='ltr'><strong>mihi,</strong></span> <span class='ocrx_word' id='word_1_255' title='bbox 1022 3230 1241 3285; x_wconf 65' lang='lat' dir='ltr'><strong>quaeso,</strong></span> <span class='ocrx_word' id='word_1_256' title='bbox 1280 3216 1531 3285; x_wconf 92' lang='lat' dir='ltr'><strong>quoniam</strong></span> <span class='ocrx_word' id='word_1_257' title='bbox 1576 3214 1622 3270; x_wconf 88' lang='lat' dir='ltr'><strong>is</strong></span> <span class='ocrx_word' id='word_1_258' title='bbox 1665 3214 1782 3268; x_wconf 88' lang='lat' dir='ltr'><strong>talis</strong></span> <span class='ocrx_word' id='word_1_259' title='bbox 1804 3224 1920 3282; x_wconf 90' lang='lat' dir='ltr'><strong>est,</strong></span> <span class='ocrx_word' id='word_1_260' title='bbox 1952 3230 2058 3272; x_wconf 91' lang='lat' dir='ltr'><strong>non</strong></span> 
     </span>
    </p>
   </div>
   <div class='ocr_carea' id='block_1_34' title="bbox 484 3305 2059 3378">
    <p class='ocr_par' dir='ltr' id='par_1_34' title="bbox 484 3305 2059 3378">
     <span class='ocr_line' id='line_1_34' title="bbox 484 3305 2059 3378; baseline 0.001 -18"><span class='ocrx_word' id='word_1_261' title='bbox 484 3309 716 3377; x_wconf 82' lang='lat' dir='ltr'><strong>oportuit</strong></span> <span class='ocrx_word' id='word_1_262' title='bbox 755 3307 895 3378; x_wconf 88' lang='lat' dir='ltr'><strong>gigni</strong></span> <span class='ocrx_word' id='word_1_263' title='bbox 939 3305 1217 3360; x_wconf 85' lang='lat' dir='ltr'><strong>homines?</strong></span> <span class='ocrx_word' id='word_1_264' title='bbox 1261 3305 1367 3360; x_wconf 90' lang='lat' dir='ltr'><strong>Sed</strong></span> <span class='ocrx_word' id='word_1_265' title='bbox 1407 3315 1660 3361; x_wconf 57' lang='lat' dir='ltr'><strong>extremae</strong></span> <span class='ocrx_word' id='word_1_266' title='bbox 1700 3313 1783 3361; x_wconf 88' lang='lat' dir='ltr'><strong>est</strong></span> <span class='ocrx_word' id='word_1_267' title='bbox 1813 3307 2059 3363; x_wconf 67' lang='lat' dir='ltr'><strong>amentia</strong></span> 
     </span>
    </p>
   </div>
   <div class='ocr_carea' id='block_1_35' title="bbox 478 3395 2055 3466">
    <p class='ocr_par' dir='ltr' id='par_1_35' title="bbox 478 3395 2055 3466">
     <span class='ocr_line' id='line_1_35' title="bbox 478 3395 2055 3466; baseline -0.001 -13"><span class='ocrx_word' id='word_1_268' title='bbox 478 3396 581 3453; x_wconf 87' lang='lat' dir='ltr'><strong>hoc</strong></span> <span class='ocrx_word' id='word_1_269' title='bbox 624 3400 833 3453; x_wconf 86' lang='lat' dir='ltr'><strong>discere</strong></span> <span class='ocrx_word' id='word_1_270' title='bbox 874 3414 888 3450; x_wconf 89' lang='lat'><strong>:</strong></span> <span class='ocrx_word' id='word_1_271' title='bbox 935 3396 1065 3451; x_wconf 87' lang='lat' dir='ltr'><strong>nihil</strong></span> <span class='ocrx_word' id='word_1_272' title='bbox 1110 3397 1249 3452; x_wconf 89' lang='lat' dir='ltr'><strong>enim</strong></span> <span class='ocrx_word' id='word_1_273' title='bbox 1281 3395 1528 3466; x_wconf 85' lang='lat' dir='ltr'><strong>estquod</strong></span> <span class='ocrx_word' id='word_1_274' title='bbox 1558 3395 1714 3451; x_wconf 71' lang='lat' dir='ltr'><strong>ltedat</strong></span> <span class='ocrx_word' id='word_1_275' title='bbox 1742 3395 2013 3452; x_wconf 86' lang='lat' dir='ltr'><strong>hominem</strong></span> <span class='ocrx_word' id='word_1_276' title='bbox 2038 3437 2055 3465; x_wconf 91' lang='lat'><strong>,</strong></span> 
     </span>
    </p>
   </div>
   <div class='ocr_carea' id='block_1_36' title="bbox 477 3486 2061 3556">
    <p class='ocr_par' dir='ltr' id='par_1_36' title="bbox 477 3486 2061 3556">
     <span class='ocr_line' id='line_1_36' title="bbox 477 3486 2061 3556; baseline 0.001 -15"><span class='ocrx_word' id='word_1_277' title='bbox 477 3488 579 3541; x_wconf 89' lang='lat' dir='ltr'><strong>nisi</strong></span> <span class='ocrx_word' id='word_1_278' title='bbox 609 3487 784 3541; x_wconf 91' lang='lat' dir='ltr'><strong>solum</strong></span> <span class='ocrx_word' id='word_1_279' title='bbox 815 3495 1090 3556; x_wconf 87' lang='lat' dir='ltr'><strong>peccatum</strong></span> <span class='ocrx_word' id='word_1_280' title='bbox 1124 3503 1138 3539; x_wconf 92' lang='lat'><strong>:</strong></span> <span class='ocrx_word' id='word_1_281' title='bbox 1168 3501 1234 3541; x_wconf 90' lang='lat' dir='ltr'><strong>eo</strong></span> <span class='ocrx_word' id='word_1_282' title='bbox 1257 3496 1433 3541; x_wconf 91' lang='lat' dir='ltr'><strong>autem</strong></span> <span class='ocrx_word' id='word_1_283' title='bbox 1458 3486 1668 3543; x_wconf 88' lang='lat' dir='ltr'><strong>sublato</strong></span> <span class='ocrx_word' id='word_1_284' title='bbox 1689 3528 1705 3552; x_wconf 91' lang='lat'><strong>,</strong></span> <span class='ocrx_word' id='word_1_285' title='bbox 1734 3488 1911 3542; x_wconf 85' lang='lat' dir='ltr'><strong>omnia</strong></span> <span class='ocrx_word' id='word_1_286' title='bbox 1935 3498 2061 3543; x_wconf 91' lang='lat' dir='ltr'><strong>sunt</strong></span> 
     </span>
    </p>
   </div>
   <div class='ocr_carea' id='block_1_37' title="bbox 477 3578 2059 3650">
    <p class='ocr_par' dir='ltr' id='par_1_37' title="bbox 477 3578 2059 3650">
     <span class='ocr_line' id='line_1_37' title="bbox 477 3578 2059 3650; baseline 0 -15"><span class='ocrx_word' id='word_1_287' title='bbox 477 3578 651 3635; x_wconf 86' lang='lat' dir='ltr'><strong>facilia</strong></span> <span class='ocrx_word' id='word_1_288' title='bbox 676 3618 690 3642; x_wconf 95' lang='lat'><strong>,</strong></span> <span class='ocrx_word' id='word_1_289' title='bbox 735 3578 1013 3648; x_wconf 81' lang='lat' dir='ltr'><strong>expedita,</strong></span> <span class='ocrx_word' id='word_1_290' title='bbox 1056 3593 1120 3634; x_wconf 93' lang='lat' dir='ltr'><strong>ac</strong></span> <span class='ocrx_word' id='word_1_291' title='bbox 1147 3578 1425 3648; x_wconf 89' lang='lat' dir='ltr'><strong>tranquilla</strong></span> <span class='ocrx_word' id='word_1_292' title='bbox 1457 3596 1471 3632; x_wconf 92' lang='lat'><strong>:</strong></span> <span class='ocrx_word' id='word_1_293' title='bbox 1500 3578 1944 3650; x_wconf 89' lang='lat' dir='ltr'><strong>quemadmodum</strong></span> <span class='ocrx_word' id='word_1_294' title='bbox 1965 3621 1980 3644; x_wconf 94' lang='lat'><strong>,</strong></span> <span class='ocrx_word' id='word_1_295' title='bbox 2012 3581 2059 3635; x_wconf 90' lang='lat' dir='ltr'><strong>si</strong></span> 
     </span>
    </p>
   </div>
   <div class='ocr_carea' id='block_1_38' title="bbox 477 3670 2058 3742">
    <p class='ocr_par' dir='ltr' id='par_1_38' title="bbox 477 3670 2058 3742">
     <span class='ocr_line' id='line_1_38' title="bbox 477 3670 2058 3742; baseline 0.001 -16"><span class='ocrx_word' id='word_1_296' title='bbox 477 3671 531 3727; x_wconf 87' lang='lat' dir='ltr'><strong>id</strong></span> <span class='ocrx_word' id='word_1_297' title='bbox 575 3670 744 3737; x_wconf 87' lang='lat' dir='ltr'><strong>adsit,</strong></span> <span class='ocrx_word' id='word_1_298' title='bbox 771 3679 894 3725; x_wconf 91' lang='lat' dir='ltr'><strong>sunt</strong></span> <span class='ocrx_word' id='word_1_299' title='bbox 919 3672 1097 3726; x_wconf 84' lang='lat' dir='ltr'><strong>omnia</strong></span> <span class='ocrx_word' id='word_1_300' title='bbox 1126 3672 1366 3741; x_wconf 91' lang='lat' dir='ltr'><strong>scopuli,</strong></span> <span class='ocrx_word' id='word_1_301' title='bbox 1391 3679 1733 3742; x_wconf 87' lang='lat' dir='ltr'><strong>tempestates</strong></span> <span class='ocrx_word' id='word_1_302' title='bbox 1760 3681 1814 3727; x_wconf 89' lang='lat' dir='ltr'><strong>et</strong></span> <span class='ocrx_word' id='word_1_303' title='bbox 1841 3671 2058 3728; x_wconf 85' lang='lat' dir='ltr'><strong>naufra-</strong></span> 
     </span>
    </p>
   </div>
   <div class='ocr_carea' id='block_1_39' title="bbox 477 3761 2058 3831">
    <p class='ocr_par' dir='ltr' id='par_1_39' title="bbox 477 3761 2058 3831">
     <span class='ocr_line' id='line_1_39' title="bbox 477 3761 2058 3831; baseline 0.003 -16"><span class='ocrx_word' id='word_1_304' title='bbox 477 3761 580 3831; x_wconf 87' lang='lat' dir='ltr'><strong>gia.</strong></span> <span class='ocrx_word' id='word_1_305' title='bbox 624 3761 792 3817; x_wconf 85' lang='lat' dir='ltr'><strong>Nemo</strong></span> <span class='ocrx_word' id='word_1_306' title='bbox 832 3772 1010 3817; x_wconf 90' lang='lat' dir='ltr'><strong>autem</strong></span> <span class='ocrx_word' id='word_1_307' title='bbox 1054 3776 1152 3816; x_wconf 90' lang='lat' dir='ltr'><strong>nos</strong></span> <span class='ocrx_word' id='word_1_308' title='bbox 1180 3762 1531 3830; x_wconf 89' lang='lat' dir='ltr'><strong>condemnet,</strong></span> <span class='ocrx_word' id='word_1_309' title='bbox 1558 3762 1605 3817; x_wconf 88' lang='lat' dir='ltr'><strong>si</strong></span> <span class='ocrx_word' id='word_1_310' title='bbox 1633 3762 1871 3818; x_wconf 88' lang='lat' dir='ltr'><strong>dicamus</strong></span> <span class='ocrx_word' id='word_1_311' title='bbox 1897 3763 2058 3819; x_wconf 80' lang='lat' dir='ltr'><strong>vitio-</strong></span> 
     </span>
    </p>
   </div>
   <div class='ocr_carea' id='block_1_40' title="bbox 478 3851 2057 3922">
    <p class='ocr_par' dir='ltr' id='par_1_40' title="bbox 478 3851 2057 3922">
     <span class='ocr_line' id='line_1_40' title="bbox 478 3851 2057 3922; baseline 0.003 -15"><span class='ocrx_word' id='word_1_312' title='bbox 478 3867 595 3907; x_wconf 89' lang='lat' dir='ltr'><strong>sum</strong></span> <span class='ocrx_word' id='word_1_313' title='bbox 639 3852 906 3907; x_wconf 88' lang='lat' dir='ltr'><strong>hominem</strong></span> <span class='ocrx_word' id='word_1_314' title='bbox 951 3867 1071 3908; x_wconf 89' lang='lat' dir='ltr'><strong>esse</strong></span> <span class='ocrx_word' id='word_1_315' title='bbox 1098 3851 1208 3908; x_wconf 91' lang='lat' dir='ltr'><strong>fera</strong></span> <span class='ocrx_word' id='word_1_316' title='bbox 1240 3853 1617 3922; x_wconf 91' lang='lat' dir='ltr'><strong>improbiorem</strong></span> <span class='ocrx_word' id='word_1_317' title='bbox 1647 3870 1662 3907; x_wconf 88' lang='lat'><strong>:</strong></span> <span class='ocrx_word' id='word_1_318' title='bbox 1693 3868 1755 3908; x_wconf 90' lang='lat' dir='ltr'><strong>ea</strong></span> <span class='ocrx_word' id='word_1_319' title='bbox 1781 3854 1924 3909; x_wconf 90' lang='lat' dir='ltr'><strong>enim</strong></span> <span class='ocrx_word' id='word_1_320' title='bbox 1954 3853 2057 3911; x_wconf 86' lang='lat' dir='ltr'><strong>etsi</strong></span> 
     </span>
    </p>
   </div>
   <div class='ocr_carea' id='block_1_41' title="bbox 487 3945 2058 4017">
    <p class='ocr_par' dir='ltr' id='par_1_41' title="bbox 487 3945 2058 4017">
     <span class='ocr_line' id='line_1_41' title="bbox 487 3945 2058 4017; baseline 0.004 -19"><span class='ocrx_word' id='word_1_321' title='bbox 487 3945 778 3999; x_wconf 87' lang='lat' dir='ltr'><strong>naturalem</strong></span> <span class='ocrx_word' id='word_1_322' title='bbox 821 3960 927 3999; x_wconf 93' lang='lat' dir='ltr'><strong>non</strong></span> <span class='ocrx_word' id='word_1_323' title='bbox 972 3945 1130 4000; x_wconf 85' lang='lat' dir='ltr'><strong>habet</strong></span> <span class='ocrx_word' id='word_1_324' title='bbox 1156 3945 1615 4002; x_wconf 85' lang='lat' dir='ltr'><strong>mansuetudinem</strong></span> <span class='ocrx_word' id='word_1_325' title='bbox 1639 3986 1655 4012; x_wconf 93' lang='lat'><strong>,</strong></span> <span class='ocrx_word' id='word_1_326' title='bbox 1684 3954 1856 4017; x_wconf 89' lang='lat' dir='ltr'><strong>potest</strong></span> <span class='ocrx_word' id='word_1_327' title='bbox 1882 3954 2058 4004; x_wconf 89' lang='lat' dir='ltr'><strong>tamen</strong></span> 
     </span>
    </p>
   </div>
   <div class='ocr_carea' id='block_1_42' title="bbox 479 4033 2059 4107">
    <p class='ocr_par' dir='ltr' id='par_1_42' title="bbox 479 4033 2059 4107">
     <span class='ocr_line' id='line_1_42' title="bbox 479 4033 2059 4107; baseline 0.005 -18"><span class='ocrx_word' id='word_1_328' title='bbox 479 4033 637 4090; x_wconf 89' lang='lat' dir='ltr'><strong>facile</strong></span> <span class='ocrx_word' id='word_1_329' title='bbox 679 4033 891 4107; x_wconf 91' lang='lat' dir='ltr'><strong>decipi,</strong></span> <span class='ocrx_word' id='word_1_330' title='bbox 934 4044 989 4091; x_wconf 90' lang='lat' dir='ltr'><strong>et</strong></span> <span class='ocrx_word' id='word_1_331' title='bbox 1034 4036 1085 4092; x_wconf 89' lang='lat' dir='ltr'><strong>id</strong></span> <span class='ocrx_word' id='word_1_332' title='bbox 1128 4036 1268 4106; x_wconf 93' lang='lat' dir='ltr'><strong>quod</strong></span> <span class='ocrx_word' id='word_1_333' title='bbox 1303 4046 1420 4106; x_wconf 86' lang='lat' dir='ltr'><strong>est,</strong></span> <span class='ocrx_word' id='word_1_334' title='bbox 1450 4053 1569 4094; x_wconf 86' lang='lat' dir='ltr'><strong>esse</strong></span> <span class='ocrx_word' id='word_1_335' title='bbox 1595 4039 1832 4095; x_wconf 87' lang='lat' dir='ltr'><strong>cernitur</strong></span> <span class='ocrx_word' id='word_1_336' title='bbox 1857 4058 1870 4094; x_wconf 88' lang='lat'><strong>:</strong></span> <span class='ocrx_word' id='word_1_337' title='bbox 1898 4040 2059 4097; x_wconf 92' lang='lat' dir='ltr'><strong>homo</strong></span> 
     </span>
    </p>
   </div>
   <div class='ocr_carea' id='block_1_43' title="bbox 476 4128 2057 4199">
    <p class='ocr_par' dir='ltr' id='par_1_43' title="bbox 476 4128 2057 4199">
     <span class='ocr_line' id='line_1_43' title="bbox 476 4128 2057 4199; baseline 0.004 -17"><span class='ocrx_word' id='word_1_338' title='bbox 476 4137 656 4183; x_wconf 82' lang='lat' dir='ltr'><strong>autem</strong></span> <span class='ocrx_word' id='word_1_339' title='bbox 700 4144 788 4199; x_wconf 79' lang='lat' dir='ltr'><strong>qui</strong></span> <span class='ocrx_word' id='word_1_340' title='bbox 833 4130 1008 4183; x_wconf 89' lang='lat' dir='ltr'><strong>scelus</strong></span> <span class='ocrx_word' id='word_1_341' title='bbox 1052 4128 1339 4185; x_wconf 90' lang='lat' dir='ltr'><strong>meditatur</strong></span> <span class='ocrx_word' id='word_1_342' title='bbox 1376 4170 1390 4196; x_wconf 93' lang='lat'><strong>,</strong></span> <span class='ocrx_word' id='word_1_343' title='bbox 1416 4138 1473 4185; x_wconf 90' lang='lat' dir='ltr'><strong>et</strong></span> <span class='ocrx_word' id='word_1_344' title='bbox 1497 4130 1679 4185; x_wconf 89' lang='lat' dir='ltr'><strong>multis</strong></span> <span class='ocrx_word' id='word_1_345' title='bbox 1704 4145 1763 4186; x_wconf 91' lang='lat' dir='ltr'><strong>se</strong></span> <span class='ocrx_word' id='word_1_346' title='bbox 1787 4131 1946 4188; x_wconf 80' lang='lat' dir='ltr'><strong>larvis</strong></span> <span class='ocrx_word' id='word_1_347' title='bbox 1972 4133 2057 4189; x_wconf 88' lang='lat' dir='ltr'><strong>in-</strong></span> 
     </span>
    </p>
   </div>
   <div class='ocr_carea' id='block_1_44' title="bbox 477 4218 2059 4294">
    <p class='ocr_par' dir='ltr' id='par_1_44' title="bbox 477 4218 2059 4294">
     <span class='ocr_line' id='line_1_44' title="bbox 477 4218 2059 4294; baseline 0.004 -21"><span class='ocrx_word' id='word_1_348' title='bbox 477 4218 638 4286; x_wconf 90' lang='lat' dir='ltr'><strong>duit,</strong></span> <span class='ocrx_word' id='word_1_349' title='bbox 684 4220 840 4290; x_wconf 85' lang='lat' dir='ltr'><strong>longe</strong></span> <span class='ocrx_word' id='word_1_350' title='bbox 881 4218 1149 4275; x_wconf 79' lang='lat' dir='ltr'><strong>difficilius</strong></span> <span class='ocrx_word' id='word_1_351' title='bbox 1196 4220 1509 4277; x_wconf 81' lang='lat' dir='ltr'><strong>observatur</strong></span> <span class='ocrx_word' id='word_1_352' title='bbox 1548 4229 1602 4276; x_wconf 89' lang='lat' dir='ltr'><strong>et</strong></span> <span class='ocrx_word' id='word_1_353' title='bbox 1646 4231 1860 4278; x_wconf 82' lang='lat' dir='ltr'><strong>cavetur</strong></span> <span class='ocrx_word' id='word_1_354' title='bbox 1900 4239 2059 4294; x_wconf 90' lang='lat' dir='ltr'><strong>quam</strong></span> 
     </span>
    </p>
   </div>
   <div class='ocr_carea' id='block_1_45' title="bbox 483 4309 2059 4387">
    <p class='ocr_par' dir='ltr' id='par_1_45' title="bbox 483 4309 2059 4387">
     <span class='ocr_line' id='line_1_45' title="bbox 483 4309 2059 4387; baseline 0.004 -22"><span class='ocrx_word' id='word_1_355' title='bbox 483 4309 625 4375; x_wconf 87' lang='lat' dir='ltr'><strong>fera,</strong></span> <span class='ocrx_word' id='word_1_356' title='bbox 670 4320 727 4365; x_wconf 91' lang='lat' dir='ltr'><strong>ut</strong></span> <span class='ocrx_word' id='word_1_357' title='bbox 770 4311 860 4381; x_wconf 90' lang='lat' dir='ltr'><strong>qui</strong></span> <span class='ocrx_word' id='word_1_358' title='bbox 903 4311 1019 4367; x_wconf 90' lang='lat' dir='ltr'><strong>ovis</strong></span> <span class='ocrx_word' id='word_1_359' title='bbox 1063 4311 1257 4381; x_wconf 89' lang='lat' dir='ltr'><strong>pellem</strong></span> <span class='ocrx_word' id='word_1_360' title='bbox 1288 4326 1433 4382; x_wconf 73' lang='lat' dir='ltr'><strong>sazpe</strong></span> <span class='ocrx_word' id='word_1_361' title='bbox 1460 4328 1569 4381; x_wconf 63' lang='lat' dir='ltr'><strong>pra:</strong></span> <span class='ocrx_word' id='word_1_362' title='bbox 1596 4328 1656 4368; x_wconf 89' lang='lat' dir='ltr'><strong>se</strong></span> <span class='ocrx_word' id='word_1_363' title='bbox 1686 4314 1853 4381; x_wconf 89' lang='lat' dir='ltr'><strong>ferat,</strong></span> <span class='ocrx_word' id='word_1_364' title='bbox 1877 4315 2059 4387; x_wconf 90' lang='lat' dir='ltr'><strong>lupum</strong></span> 
     </span>
    </p>
   </div>
   <div class='ocr_carea' id='block_1_46' title="bbox 480 4401 2055 4474">
    <p class='ocr_par' dir='ltr' id='par_1_46' title="bbox 480 4401 2055 4474">
     <span class='ocr_line' id='line_1_46' title="bbox 480 4401 2055 4474; baseline 0.004 -20"><span class='ocrx_word' id='word_1_365' title='bbox 480 4411 657 4457; x_wconf 85' lang='lat' dir='ltr'><strong>autem</strong></span> <span class='ocrx_word' id='word_1_366' title='bbox 683 4401 823 4456; x_wconf 87' lang='lat' dir='ltr'><strong>intus</strong></span> <span class='ocrx_word' id='word_1_367' title='bbox 846 4402 1069 4456; x_wconf 88' lang='lat' dir='ltr'><strong>occultet</strong></span> <span class='ocrx_word' id='word_1_368' title='bbox 1100 4418 1115 4455; x_wconf 90' lang='lat'><strong>:</strong></span> <span class='ocrx_word' id='word_1_369' title='bbox 1144 4411 1198 4457; x_wconf 91' lang='lat' dir='ltr'><strong>et</strong></span> <span class='ocrx_word' id='word_1_370' title='bbox 1219 4401 1342 4457; x_wconf 89' lang='lat' dir='ltr'><strong>ideo</strong></span> <span class='ocrx_word' id='word_1_371' title='bbox 1360 4402 1531 4469; x_wconf 91' lang='lat' dir='ltr'><strong>multi,</strong></span> <span class='ocrx_word' id='word_1_372' title='bbox 1556 4402 1682 4457; x_wconf 93' lang='lat' dir='ltr'><strong>dum</strong></span> <span class='ocrx_word' id='word_1_373' title='bbox 1712 4418 1817 4459; x_wconf 94' lang='lat' dir='ltr'><strong>non</strong></span> <span class='ocrx_word' id='word_1_374' title='bbox 1843 4414 2055 4474; x_wconf 90' lang='lat' dir='ltr'><strong>cavent,</strong></span> 
     </span>
    </p>
   </div>
   <div class='ocr_carea' id='block_1_47' title="bbox 484 4490 2059 4562">
    <p class='ocr_par' dir='ltr' id='par_1_47' title="bbox 484 4490 2059 4562">
     <span class='ocr_line' id='line_1_47' title="bbox 484 4490 2059 4562; baseline 0.003 -16"><span class='ocrx_word' id='word_1_375' title='bbox 484 4490 538 4546; x_wconf 91' lang='lat' dir='ltr'><strong>in</strong></span> <span class='ocrx_word' id='word_1_376' title='bbox 588 4490 848 4560; x_wconf 86' lang='lat' dir='ltr'><strong>ejusmodi</strong></span> <span class='ocrx_word' id='word_1_377' title='bbox 901 4490 1174 4545; x_wconf 87' lang='lat' dir='ltr'><strong>hominum</strong></span> <span class='ocrx_word' id='word_1_378' title='bbox 1234 4491 1453 4562; x_wconf 84' lang='lat' dir='ltr'><strong>laqueos</strong></span> <span class='ocrx_word' id='word_1_379' title='bbox 1498 4492 1753 4547; x_wconf 89' lang='lat' dir='ltr'><strong>incidunt.</strong></span> <span class='ocrx_word' id='word_1_380' title='bbox 1798 4495 2059 4562; x_wconf 76' lang='lat' dir='ltr'><strong>Quoniam</strong></span> 
     </span>
    </p>
   </div>
   <div class='ocr_carea' id='block_1_48' title="bbox 481 4580 2058 4654">
    <p class='ocr_par' dir='ltr' id='par_1_48' title="bbox 481 4580 2058 4654">
     <span class='ocr_line' id='line_1_48' title="bbox 481 4580 2058 4654; baseline 0.002 -17"><span class='ocrx_word' id='word_1_381' title='bbox 481 4594 611 4651; x_wconf 78' lang='lat' dir='ltr'><strong>ergo</strong></span> <span class='ocrx_word' id='word_1_382' title='bbox 637 4595 745 4635; x_wconf 86' lang='lat' dir='ltr'><strong>non</strong></span> <span class='ocrx_word' id='word_1_383' title='bbox 768 4580 922 4637; x_wconf 90' lang='lat' dir='ltr'><strong>facile</strong></span> <span class='ocrx_word' id='word_1_384' title='bbox 944 4580 1269 4651; x_wconf 90' lang='lat' dir='ltr'><strong>deprehendi</strong></span> <span class='ocrx_word' id='word_1_385' title='bbox 1309 4593 1531 4652; x_wconf 90' lang='lat' dir='ltr'><strong>possunt</strong></span> <span class='ocrx_word' id='word_1_386' title='bbox 1558 4583 1817 4650; x_wconf 90' lang='lat' dir='ltr'><strong>ejusmodi</strong></span> <span class='ocrx_word' id='word_1_387' title='bbox 1846 4584 2058 4654; x_wconf 63' lang='lat' dir='ltr'><strong>bestiae,</strong></span> 
     </span>
    </p>
   </div>
   <div class='ocr_carea' id='block_1_49' title="bbox 482 4671 2058 4743">
    <p class='ocr_par' dir='ltr' id='par_1_49' title="bbox 482 4671 2058 4743">
     <span class='ocr_line' id='line_1_49' title="bbox 482 4671 2058 4743; baseline 0.002 -18"><span class='ocrx_word' id='word_1_388' title='bbox 482 4671 740 4741; x_wconf 87' lang='lat' dir='ltr'><strong>propheta</strong></span> <span class='ocrx_word' id='word_1_389' title='bbox 781 4671 848 4726; x_wconf 91' lang='lat' dir='ltr'><strong>ad</strong></span> <span class='ocrx_word' id='word_1_390' title='bbox 878 4686 1063 4742; x_wconf 87' lang='lat' dir='ltr'><strong>preces</strong></span> <span class='ocrx_word' id='word_1_391' title='bbox 1090 4674 1419 4726; x_wconf 72' lang='lat' dir='ltr'><strong>convertitur</strong></span> <span class='ocrx_word' id='word_1_392' title='bbox 1442 4712 1457 4736; x_wconf 90' lang='lat'><strong>,</strong></span> <span class='ocrx_word' id='word_1_393' title='bbox 1487 4681 1543 4726; x_wconf 88' lang='lat' dir='ltr'><strong>et</strong></span> <span class='ocrx_word' id='word_1_394' title='bbox 1572 4673 1663 4727; x_wconf 90' lang='lat' dir='ltr'><strong>Dei</strong></span> <span class='ocrx_word' id='word_1_395' title='bbox 1689 4673 1937 4743; x_wconf 89' lang='lat' dir='ltr'><strong>implorat</strong></span> <span class='ocrx_word' id='word_1_396' title='bbox 1960 4690 2058 4728; x_wconf 83' lang='lat' dir='ltr'><strong>au-</strong></span> 
     </span>
    </p>
   </div>
   <div class='ocr_carea' id='block_1_50' title="bbox 482 4761 2058 4833">
    <p class='ocr_par' dir='ltr' id='par_1_50' title="bbox 482 4761 2058 4833">
     <span class='ocr_line' id='line_1_50' title="bbox 482 4761 2058 4833; baseline 0.003 -17"><span class='ocrx_word' id='word_1_397' title='bbox 482 4761 665 4816; x_wconf 73' lang='lat' dir='ltr'><strong>xilium</strong></span> <span class='ocrx_word' id='word_1_398' title='bbox 688 4802 703 4827; x_wconf 94' lang='lat'><strong>,</strong></span> <span class='ocrx_word' id='word_1_399' title='bbox 734 4771 788 4817; x_wconf 89' lang='lat' dir='ltr'><strong>ut</strong></span> <span class='ocrx_word' id='word_1_400' title='bbox 816 4777 844 4815; x_wconf 87' lang='lat' dir='ltr'><strong>a</strong></span> <span class='ocrx_word' id='word_1_401' title='bbox 872 4762 1063 4817; x_wconf 85' lang='lat' dir='ltr'><strong>talibus</strong></span> <span class='ocrx_word' id='word_1_402' title='bbox 1090 4762 1345 4817; x_wconf 87' lang='lat' dir='ltr'><strong>liberetur</strong></span> <span class='ocrx_word' id='word_1_403' title='bbox 1372 4762 1594 4818; x_wconf 90' lang='lat' dir='ltr'><strong>insidiis.</strong></span> <span class='ocrx_word' id='word_1_404' title='bbox 1624 4763 1893 4833; x_wconf 88' lang='lat' dir='ltr'><strong>Ejusmodi</strong></span> <span class='ocrx_word' id='word_1_405' title='bbox 1918 4766 2058 4821; x_wconf 91' lang='lat' dir='ltr'><strong>enim</strong></span> 
     </span>
    </p>
   </div>
   <div class='ocr_carea' id='block_1_51' title="bbox 483 4851 2058 4926">
    <p class='ocr_par' dir='ltr' id='par_1_51' title="bbox 483 4851 2058 4926">
     <span class='ocr_line' id='line_1_51' title="bbox 483 4851 2058 4926; baseline 0.003 -19"><span class='ocrx_word' id='word_1_406' title='bbox 483 4851 726 4907; x_wconf 85' lang='lat' dir='ltr'><strong>homines</strong></span> <span class='ocrx_word' id='word_1_407' title='bbox 754 4867 895 4921; x_wconf 65' lang='lat' dir='ltr'><strong>saepe</strong></span> <span class='ocrx_word' id='word_1_408' title='bbox 923 4853 1064 4908; x_wconf 91' lang='lat' dir='ltr'><strong>subit</strong></span> <span class='ocrx_word' id='word_1_409' title='bbox 1088 4852 1360 4918; x_wconf 84' lang='lat' dir='ltr'><strong>diabolus,</strong></span> <span class='ocrx_word' id='word_1_410' title='bbox 1394 4862 1447 4908; x_wconf 91' lang='lat' dir='ltr'><strong>et</strong></span> <span class='ocrx_word' id='word_1_411' title='bbox 1475 4854 1544 4907; x_wconf 88' lang='lat' dir='ltr'><strong>ita</strong></span> <span class='ocrx_word' id='word_1_412' title='bbox 1575 4853 1716 4909; x_wconf 87' lang='lat' dir='ltr'><strong>ferit.</strong></span> <span class='ocrx_word' id='word_1_413' title='bbox 1748 4854 1905 4909; x_wconf 84' lang='lat' dir='ltr'><strong>Multa</strong></span> <span class='ocrx_word' id='word_1_414' title='bbox 1930 4871 2058 4926; x_wconf 79' lang='lat' dir='ltr'><strong>ergo</strong></span> 
     </span>
    </p>
   </div>
   <div class='ocr_carea' id='block_1_52' title="bbox 482 4943 2060 5015">
    <p class='ocr_par' dir='ltr' id='par_1_52' title="bbox 482 4943 2060 5015">
     <span class='ocr_line' id='line_1_52' title="bbox 482 4943 2060 5015; baseline 0.003 -16"><span class='ocrx_word' id='word_1_415' title='bbox 482 4951 607 4999; x_wconf 83' lang='lat' dir='ltr'><strong>sunt</strong></span> <span class='ocrx_word' id='word_1_416' title='bbox 626 4984 643 5010; x_wconf 95' lang='lat'><strong>,</strong></span> <span class='ocrx_word' id='word_1_417' title='bbox 673 4959 790 5013; x_wconf 71' lang='lat' dir='ltr'><strong>qua:</strong></span> <span class='ocrx_word' id='word_1_418' title='bbox 818 4943 1039 4998; x_wconf 89' lang='lat' dir='ltr'><strong>tendunt</strong></span> <span class='ocrx_word' id='word_1_419' title='bbox 1064 4944 1293 5015; x_wconf 88' lang='lat' dir='ltr'><strong>undique</strong></span> <span class='ocrx_word' id='word_1_420' title='bbox 1323 4945 1560 5000; x_wconf 84' lang='lat' dir='ltr'><strong>insidias.</strong></span> <span class='ocrx_word' id='word_1_421' title='bbox 1592 4945 1723 5001; x_wconf 82' lang='lat' dir='ltr'><strong>Nam</strong></span> <span class='ocrx_word' id='word_1_422' title='bbox 1752 4948 1912 5001; x_wconf 90' lang='lat' dir='ltr'><strong>homo</strong></span> <span class='ocrx_word' id='word_1_423' title='bbox 1938 4963 2060 5004; x_wconf 84' lang='lat' dir='ltr'><strong>sce-</strong></span> 
     </span>
    </p>
   </div>
   <div class='ocr_carea' id='block_1_53' title="bbox 483 5034 2057 5111">
    <p class='ocr_par' dir='ltr' id='par_1_53' title="bbox 483 5034 2057 5111">
     <span class='ocr_line' id='line_1_53' title="bbox 483 5034 2057 5111; baseline 0.005 -19"><span class='ocrx_word' id='word_1_424' title='bbox 483 5036 681 5092; x_wconf 83' lang='lat' dir='ltr'><strong>leratus</strong></span> <span class='ocrx_word' id='word_1_425' title='bbox 723 5035 825 5091; x_wconf 89' lang='lat' dir='ltr'><strong>hoc</strong></span> <span class='ocrx_word' id='word_1_426' title='bbox 870 5034 1022 5098; x_wconf 88' lang='lat' dir='ltr'><strong>facit.</strong></span> <span class='ocrx_word' id='word_1_427' title='bbox 1053 5046 1105 5092; x_wconf 90' lang='lat' dir='ltr'><strong>et</strong></span> <span class='ocrx_word' id='word_1_428' title='bbox 1135 5053 1305 5092; x_wconf 73' lang='lat' dir='ltr'><strong>saevus</strong></span> <span class='ocrx_word' id='word_1_429' title='bbox 1330 5039 1536 5093; x_wconf 76' lang='lat' dir='ltr'><strong>daemon</strong></span> <span class='ocrx_word' id='word_1_430' title='bbox 1569 5040 1766 5095; x_wconf 87' lang='lat' dir='ltr'><strong>bellum</strong></span> <span class='ocrx_word' id='word_1_431' title='bbox 1797 5042 1971 5111; x_wconf 82' lang='lat' dir='ltr'><strong>gerit,</strong></span> <span class='ocrx_word' id='word_1_432' title='bbox 2002 5053 2057 5100; x_wconf 89' lang='lat' dir='ltr'><strong>et</strong></span> 
     </span>
    </p>
   </div>
   <div class='ocr_carea' id='block_1_54' title="bbox 482 5126 2059 5199">
    <p class='ocr_par' dir='ltr' id='par_1_54' title="bbox 482 5126 2059 5199">
     <span class='ocr_line' id='line_1_54' title="bbox 482 5126 2059 5199; baseline 0.003 -16"><span class='ocrx_word' id='word_1_433' title='bbox 482 5126 813 5183; x_wconf 80' lang='lat' dir='ltr'><strong>intoleranda</strong></span> <span class='ocrx_word' id='word_1_434' title='bbox 845 5129 1067 5183; x_wconf 86' lang='lat' dir='ltr'><strong>teutatio</strong></span> <span class='ocrx_word' id='word_1_435' title='bbox 1095 5128 1391 5183; x_wconf 84' lang='lat' dir='ltr'><strong>molestiam</strong></span> <span class='ocrx_word' id='word_1_436' title='bbox 1414 5131 1648 5185; x_wconf 83' lang='lat' dir='ltr'><strong>exhibet.</strong></span> <span class='ocrx_word' id='word_1_437' title='bbox 1672 5131 1935 5199; x_wconf 81' lang='lat' dir='ltr'><strong>Quocirca</strong></span> <span class='ocrx_word' id='word_1_438' title='bbox 1962 5134 2059 5188; x_wconf 90' lang='lat' dir='ltr'><strong>do-</strong></span> 
     </span>
    </p>
   </div>
   <div class='ocr_carea' id='block_1_55' title="bbox 481 5217 2056 5291">
    <p class='ocr_par' dir='ltr' id='par_1_55' title="bbox 481 5217 2056 5291">
     <span class='ocr_line' id='line_1_55' title="bbox 481 5217 2056 5291; baseline -0.001 -14"><span class='ocrx_word' id='word_1_439' title='bbox 481 5234 665 5277; x_wconf 81' lang='lat' dir='ltr'><strong>cemur</strong></span> <span class='ocrx_word' id='word_1_440' title='bbox 689 5228 901 5275; x_wconf 86' lang='lat' dir='ltr'><strong>orantes</strong></span> <span class='ocrx_word' id='word_1_441' title='bbox 926 5219 1137 5284; x_wconf 79' lang='lat' dir='ltr'><strong>dicere,</strong></span> <span class='ocrx_word' id='word_1_442' title='bbox 1173 5217 1254 5272; x_wconf 86' lang='lat' dir='ltr'><strong>Ne</strong></span> <span class='ocrx_word' id='word_1_443' title='bbox 1280 5237 1371 5273; x_wconf 86' lang='lat' dir='ltr'><strong>nos</strong></span> <span class='ocrx_word' id='word_1_444' title='bbox 1395 5221 1603 5274; x_wconf 85' lang='lat' dir='ltr'><strong>inducas</strong></span> <span class='ocrx_word' id='word_1_445' title='bbox 1630 5223 1678 5274; x_wconf 88' lang='lat' dir='ltr'><strong>in</strong></span> <span class='ocrx_word' id='word_1_446' title='bbox 1712 5224 2056 5291; x_wconf 79' lang='lat' dir='ltr'><strong>teutationem,</strong></span> 
     </span>
    </p>
   </div>
   <div class='ocr_carea' id='block_1_56' title="bbox 480 5311 2058 5385">
    <p class='ocr_par' dir='ltr' id='par_1_56' title="bbox 480 5311 2058 5385">
     <span class='ocr_line' id='line_1_56' title="bbox 480 5311 2058 5385; baseline 0.003 -20"><span class='ocrx_word' id='word_1_447' title='bbox 480 5311 571 5366; x_wconf 87' lang='lat' dir='ltr'><strong>sed</strong></span> <span class='ocrx_word' id='word_1_448' title='bbox 596 5311 751 5366; x_wconf 83' lang='lat' dir='ltr'><strong>libera</strong></span> <span class='ocrx_word' id='word_1_449' title='bbox 778 5328 868 5367; x_wconf 86' lang='lat' dir='ltr'><strong>nos</strong></span> <span class='ocrx_word' id='word_1_450' title='bbox 896 5322 928 5365; x_wconf 90' lang='lat' dir='ltr'><strong>a</strong></span> <span class='ocrx_word' id='word_1_451' title='bbox 962 5313 1094 5366; x_wconf 86' lang='lat' dir='ltr'><strong>malo</strong></span> <span class='ocrx_word' id='word_1_452' title='bbox 1124 5312 1335 5381; x_wconf 79' lang='lat' dir='ltr'><strong>(Ma&#39;th.</strong></span> <span class='ocrx_word' id='word_1_453' title='bbox 1370 5315 1424 5366; x_wconf 87' lang='lat'><strong>6.</strong></span> <span class='ocrx_word' id='word_1_454' title='bbox 1458 5313 1568 5381; x_wconf 78' lang='lat' dir='ltr'><strong>l3).</strong></span> <span class='ocrx_word' id='word_1_455' title='bbox 1600 5312 1774 5368; x_wconf 77' lang='lat' dir='ltr'><strong>Varia:</strong></span> <span class='ocrx_word' id='word_1_456' title='bbox 1805 5325 1931 5369; x_wconf 88' lang='lat' dir='ltr'><strong>sunt</strong></span> <span class='ocrx_word' id='word_1_457' title='bbox 1960 5331 2058 5385; x_wconf 78' lang='lat' dir='ltr'><strong>pu-</strong></span> 
     </span>
    </p>
   </div>
   <div class='ocr_carea' id='block_1_57' title="bbox 480 5402 2052 5475">
    <p class='ocr_par' dir='ltr' id='par_1_57' title="bbox 480 5402 2052 5475">
     <span class='ocr_line' id='line_1_57' title="bbox 480 5402 2052 5475; baseline 0.002 -18"><span class='ocrx_word' id='word_1_458' title='bbox 480 5417 599 5468; x_wconf 65' lang='grc' dir='ltr'>κω</span> <span class='ocrx_word' id='word_1_459' title='bbox 617 5443 634 5469; x_wconf 83' lang='grc'><strong><em>,</em></strong></span> <span class='ocrx_word' id='word_1_460' title='bbox 658 5404 905 5474; x_wconf 85' lang='lat' dir='ltr'><strong>aciesque</strong></span> <span class='ocrx_word' id='word_1_461' title='bbox 926 5402 1259 5475; x_wconf 86' lang='lat' dir='ltr'><strong>multiplices,</strong></span> <span class='ocrx_word' id='word_1_462' title='bbox 1292 5412 1345 5457; x_wconf 91' lang='lat' dir='ltr'><strong>et</strong></span> <span class='ocrx_word' id='word_1_463' title='bbox 1372 5412 1583 5472; x_wconf 88' lang='lat' dir='ltr'><strong>oportet</strong></span> <span class='ocrx_word' id='word_1_464' title='bbox 1608 5418 1727 5458; x_wconf 88' lang='lat' dir='ltr'><strong>esse</strong></span> <span class='ocrx_word' id='word_1_465' title='bbox 1753 5415 1965 5474; x_wconf 89' lang='lat' dir='ltr'><strong>paratos</strong></span> <span class='ocrx_word' id='word_1_466' title='bbox 1984 5406 2052 5460; x_wconf 88' lang='lat' dir='ltr'><strong>ad</strong></span> 
     </span>
    </p>
   </div>
   <div class='ocr_carea' id='block_1_58' title="bbox 483 5493 2060 5565">
    <p class='ocr_par' dir='ltr' id='par_1_58' title="bbox 483 5493 2060 5565">
     <span class='ocr_line' id='line_1_58' title="bbox 483 5493 2060 5565; baseline 0.003 -18"><span class='ocrx_word' id='word_1_467' title='bbox 483 5494 684 5548; x_wconf 87' lang='lat' dir='ltr'><strong>omnia.</strong></span> <span class='ocrx_word' id='word_1_468' title='bbox 728 5494 875 5550; x_wconf 88' lang='lat' dir='ltr'><strong>Sicut</strong></span> <span class='ocrx_word' id='word_1_469' title='bbox 919 5495 1059 5565; x_wconf 70' lang='lat' dir='ltr'><strong>enim</strong></span> <span class='ocrx_word' id='word_1_470' title='bbox 1097 5494 1185 5564; x_wconf 91' lang='lat' dir='ltr'><strong>qui</strong></span> <span class='ocrx_word' id='word_1_471' title='bbox 1226 5493 1293 5548; x_wconf 91' lang='lat' dir='ltr'><strong>ad</strong></span> <span class='ocrx_word' id='word_1_472' title='bbox 1336 5508 1483 5549; x_wconf 87' lang='lat' dir='ltr'><strong>mare</strong></span> <span class='ocrx_word' id='word_1_473' title='bbox 1512 5506 1593 5549; x_wconf 88' lang='lat' dir='ltr'><strong>est</strong></span> <span class='ocrx_word' id='word_1_474' title='bbox 1622 5509 1933 5550; x_wconf 88' lang='lat' dir='ltr'><strong>accessurus</strong></span> <span class='ocrx_word' id='word_1_475' title='bbox 1956 5536 1973 5562; x_wconf 96' lang='lat'><strong>,</strong></span> <span class='ocrx_word' id='word_1_476' title='bbox 2004 5504 2060 5551; x_wconf 91' lang='lat' dir='ltr'><strong>et</strong></span> 
     </span>
    </p>
   </div>
   <div class='ocr_carea' id='block_1_59' title="bbox 489 5577 2059 5663">
    <p class='ocr_par' dir='ltr' id='par_1_59' title="bbox 489 5577 2059 5663">
     <span class='ocr_line' id='line_1_59' title="bbox 489 5577 2059 5663; baseline 0.003 -24"><span class='ocrx_word' id='word_1_477' title='bbox 489 5596 752 5651; x_wconf 84' lang='lat' dir='ltr'><strong>aquarum</strong></span> <span class='ocrx_word' id='word_1_478' title='bbox 774 5581 1127 5639; x_wconf 81' lang='lat' dir='ltr'><strong>violentarutu</strong></span> <span class='ocrx_word' id='word_1_479' title='bbox 1150 5577 1432 5663; x_wconf 79' lang='lat' dir='ltr'><strong>impetum,</strong></span> <span class='ocrx_word' id='word_1_480' title='bbox 1467 5583 1572 5641; x_wconf 87' lang='lat' dir='ltr'><strong>vim</strong></span> <span class='ocrx_word' id='word_1_481' title='bbox 1603 5584 1909 5643; x_wconf 87' lang='lat' dir='ltr'><strong>immanium</strong></span> <span class='ocrx_word' id='word_1_482' title='bbox 1930 5601 2059 5643; x_wconf 85' lang='lat' dir='ltr'><strong>ven-</strong></span> 
     </span>
    </p>
   </div>
   <div class='ocr_carea' id='block_1_60' title="bbox 1163 200 2968 289">
    <p class='ocr_par' dir='ltr' id='par_1_60' title="bbox 1163 200 2968 289">
     <span class='ocr_line' id='line_1_60' title="bbox 1163 200 2968 289; baseline -0.008 -20"><span class='ocrx_word' id='word_1_483' title='bbox 1163 211 1223 269; x_wconf 90' lang='lat' dir='ltr'><strong>S.</strong></span> <span class='ocrx_word' id='word_1_484' title='bbox 1262 209 1540 269; x_wconf 74' lang='grc' dir='ltr'><strong>ιοΑΝΝιε</strong></span> <span class='ocrx_word' id='word_1_485' title='bbox 1573 206 2042 266; x_wconf 71' lang='lat' dir='ltr'><strong>CHRYSOSTOSII</strong></span> <span class='ocrx_word' id='word_1_486' title='bbox 2081 205 2395 289; x_wconf 64' lang='grc' dir='ltr'><strong>Ακιξιιιερ.</strong></span> <span class='ocrx_word' id='word_1_487' title='bbox 2435 200 2968 262; x_wconf 76' lang='lat' dir='ltr'><strong>CONSTANTINOP.</strong></span> 
     </span>
    </p>
   </div>
   <div class='ocr_carea' id='block_1_61' title="bbox 3638 199 3744 256">
    <p class='ocr_par' dir='ltr' id='par_1_61' title="bbox 3638 199 3744 256">
     <span class='ocr_line' id='line_1_61' title="bbox 3638 199 3744 256; baseline -0.009 0"><span class='ocrx_word' id='word_1_488' title='bbox 3638 199 3744 256; x_wconf 57' lang='lat'><strong>‘20</strong></span> 
     </span>
    </p>
   </div>
   <div class='ocr_carea' id='block_1_62' title="bbox 2169 313 3740 384">
    <p class='ocr_par' dir='ltr' id='par_1_62' title="bbox 2169 313 3740 384">
     <span class='ocr_line' id='line_1_62' title="bbox 2169 313 3740 384; baseline -0.003 -9"><span class='ocrx_word' id='word_1_489' title='bbox 2169 329 2374 384; x_wconf 90' lang='lat' dir='ltr'><strong>torum,</strong></span> <span class='ocrx_word' id='word_1_490' title='bbox 2422 317 2640 373; x_wconf 85' lang='lat' dir='ltr'><strong>nubium</strong></span> <span class='ocrx_word' id='word_1_491' title='bbox 2685 328 3002 370; x_wconf 89' lang='lat' dir='ltr'><strong>concursum</strong></span> <span class='ocrx_word' id='word_1_492' title='bbox 3026 353 3044 379; x_wconf 89' lang='lat'><strong>,</strong></span> <span class='ocrx_word' id='word_1_493' title='bbox 3093 326 3359 383; x_wconf 83' lang='lat' dir='ltr'><strong>rupesque</strong></span> <span class='ocrx_word' id='word_1_494' title='bbox 3395 319 3451 368; x_wconf 85' lang='lat' dir='ltr'><strong>et</strong></span> <span class='ocrx_word' id='word_1_495' title='bbox 3488 313 3740 382; x_wconf 84' lang='lat' dir='ltr'><strong>scopulos</strong></span> 
     </span>
    </p>
   </div>
   <div class='ocr_carea' id='block_1_63' title="bbox 2164 402 3743 473">
    <p class='ocr_par' dir='ltr' id='par_1_63' title="bbox 2164 402 3743 473">
     <span class='ocr_line' id='line_1_63' title="bbox 2164 402 3743 473; baseline -0.002 -10"><span class='ocrx_word' id='word_1_496' title='bbox 2164 409 2421 472; x_wconf 88' lang='lat' dir='ltr'><strong>marinos,</strong></span> <span class='ocrx_word' id='word_1_497' title='bbox 2448 406 2741 461; x_wconf 84' lang='lat' dir='ltr'><strong>belluarum</strong></span> <span class='ocrx_word' id='word_1_498' title='bbox 2769 402 3139 473; x_wconf 87' lang='lat' dir='ltr'><strong>irruptionem,</strong></span> <span class='ocrx_word' id='word_1_499' title='bbox 3166 402 3451 471; x_wconf 86' lang='lat' dir='ltr'><strong>piratarum</strong></span> <span class='ocrx_word' id='word_1_500' title='bbox 3480 402 3743 460; x_wconf 83' lang='lat' dir='ltr'><strong>incursio-</strong></span> 
     </span>
    </p>
   </div>
   <div class='ocr_carea' id='block_1_64' title="bbox 2162 494 3739 564">
    <p class='ocr_par' dir='ltr' id='par_1_64' title="bbox 2162 494 3739 564">
     <span class='ocr_line' id='line_1_64' title="bbox 2162 494 3739 564; baseline -0.003 -11"><span class='ocrx_word' id='word_1_501' title='bbox 2162 516 2314 563; x_wconf 88' lang='lat' dir='ltr'><strong>nem,</strong></span> <span class='ocrx_word' id='word_1_502' title='bbox 2361 500 2550 553; x_wconf 86' lang='lat' dir='ltr'><strong>famem</strong></span> <span class='ocrx_word' id='word_1_503' title='bbox 2569 537 2585 564; x_wconf 86' lang='lat'><strong>,</strong></span> <span class='ocrx_word' id='word_1_504' title='bbox 2632 496 2774 551; x_wconf 90' lang='lat' dir='ltr'><strong>sitim</strong></span> <span class='ocrx_word' id='word_1_505' title='bbox 2797 537 2813 561; x_wconf 92' lang='lat'><strong>,</strong></span> <span class='ocrx_word' id='word_1_506' title='bbox 2849 495 3130 549; x_wconf 78' lang='lat' dir='ltr'><strong>stationem</strong></span> <span class='ocrx_word' id='word_1_507' title='bbox 3158 508 3265 549; x_wconf 91' lang='lat' dir='ltr'><strong>non</strong></span> <span class='ocrx_word' id='word_1_508' title='bbox 3293 494 3423 548; x_wconf 85' lang='lat' dir='ltr'><strong>satis</strong></span> <span class='ocrx_word' id='word_1_509' title='bbox 3452 502 3617 549; x_wconf 86' lang='lat' dir='ltr'><strong>tutam</strong></span> <span class='ocrx_word' id='word_1_510' title='bbox 3647 509 3739 549; x_wconf 85' lang='lat' dir='ltr'><strong>na-</strong></span> 
     </span>
    </p>
   </div>
   <div class='ocr_carea' id='block_1_65' title="bbox 2164 584 3749 656">
    <p class='ocr_par' dir='ltr' id='par_1_65' title="bbox 2164 584 3749 656">
     <span class='ocr_line' id='line_1_65' title="bbox 2164 584 3749 656; baseline -0.003 -11"><span class='ocrx_word' id='word_1_511' title='bbox 2164 593 2352 655; x_wconf 84' lang='lat' dir='ltr'><strong>vibus,</strong></span> <span class='ocrx_word' id='word_1_512' title='bbox 2381 600 2659 644; x_wconf 83' lang='lat' dir='ltr'><strong>nautarum</strong></span> <span class='ocrx_word' id='word_1_513' title='bbox 2688 587 3169 656; x_wconf 86' lang='lat' dir='ltr'><strong>contemptionem,</strong></span> <span class='ocrx_word' id='word_1_514' title='bbox 3199 584 3377 640; x_wconf 84' lang='lat' dir='ltr'><strong>viatici</strong></span> <span class='ocrx_word' id='word_1_515' title='bbox 3400 584 3665 653; x_wconf 88' lang='lat' dir='ltr'><strong>inopiam,</strong></span> <span class='ocrx_word' id='word_1_516' title='bbox 3688 596 3749 641; x_wconf 89' lang='lat' dir='ltr'><strong>et</strong></span> 
     </span>
    </p>
   </div>
   <div class='ocr_carea' id='block_1_66' title="bbox 2162 674 3744 751">
    <p class='ocr_par' dir='ltr' id='par_1_66' title="bbox 2162 674 3744 751">
     <span class='ocr_line' id='line_1_66' title="bbox 2162 674 3744 751; baseline -0.004 -15"><span class='ocrx_word' id='word_1_517' title='bbox 2162 694 2508 751; x_wconf 74' lang='lat' dir='ltr'><strong>qumcumque</strong></span> <span class='ocrx_word' id='word_1_518' title='bbox 2560 687 2685 733; x_wconf 89' lang='lat' dir='ltr'><strong>sunt</strong></span> <span class='ocrx_word' id='word_1_519' title='bbox 2735 676 3033 747; x_wconf 89' lang='lat' dir='ltr'><strong>ejusmodi,</strong></span> <span class='ocrx_word' id='word_1_520' title='bbox 3079 674 3238 731; x_wconf 87' lang='lat' dir='ltr'><strong>debet</strong></span> <span class='ocrx_word' id='word_1_521' title='bbox 3288 675 3629 730; x_wconf 73' lang='lat' dir='ltr'><strong>considerem</strong></span> <span class='ocrx_word' id='word_1_522' title='bbox 3678 691 3744 731; x_wconf 87' lang='lat' dir='ltr'><strong>ac</strong></span> 
     </span>
    </p>
   </div>
   <div class='ocr_carea' id='block_1_67' title="bbox 2164 766 3742 841">
    <p class='ocr_par' dir='ltr' id='par_1_67' title="bbox 2164 766 3742 841">
     <span class='ocr_line' id='line_1_67' title="bbox 2164 766 3742 841; baseline -0.002 -15"><span class='ocrx_word' id='word_1_523' title='bbox 2164 771 2470 841; x_wconf 82' lang='lat' dir='ltr'><strong>prospicere</strong></span> <span class='ocrx_word' id='word_1_524' title='bbox 2490 809 2508 836; x_wconf 97' lang='lat'><strong>,</strong></span> <span class='ocrx_word' id='word_1_525' title='bbox 2552 778 2607 824; x_wconf 92' lang='lat' dir='ltr'><strong>et</strong></span> <span class='ocrx_word' id='word_1_526' title='bbox 2652 766 2906 823; x_wconf 83' lang='lat' dir='ltr'><strong>adversus</strong></span> <span class='ocrx_word' id='word_1_527' title='bbox 2944 782 3006 822; x_wconf 87' lang='lat' dir='ltr'><strong>ea</strong></span> <span class='ocrx_word' id='word_1_528' title='bbox 3034 768 3208 821; x_wconf 83' lang='lat' dir='ltr'><strong>omnia</strong></span> <span class='ocrx_word' id='word_1_529' title='bbox 3235 767 3404 821; x_wconf 88' lang='lat' dir='ltr'><strong>aciem</strong></span> <span class='ocrx_word' id='word_1_530' title='bbox 3432 766 3694 822; x_wconf 84' lang='lat' dir='ltr'><strong>instruere</strong></span> <span class='ocrx_word' id='word_1_531' title='bbox 3726 788 3742 823; x_wconf 89' lang='lat'><strong>:</strong></span> 
     </span>
    </p>
   </div>
   <div class='ocr_carea' id='block_1_68' title="bbox 2162 856 3739 928">
    <p class='ocr_par' dir='ltr' id='par_1_68' title="bbox 2162 856 3739 928">
     <span class='ocr_line' id='line_1_68' title="bbox 2162 856 3739 928; baseline -0.003 -13"><span class='ocrx_word' id='word_1_532' title='bbox 2162 860 2235 915; x_wconf 89' lang='lat' dir='ltr'><strong>ita</strong></span> <span class='ocrx_word' id='word_1_533' title='bbox 2260 860 2420 915; x_wconf 86' lang='lat' dir='ltr'><strong>etiam</strong></span> <span class='ocrx_word' id='word_1_534' title='bbox 2444 860 2534 928; x_wconf 89' lang='lat' dir='ltr'><strong>qui</strong></span> <span class='ocrx_word' id='word_1_535' title='bbox 2559 858 2703 912; x_wconf 87' lang='lat' dir='ltr'><strong>venit</strong></span> <span class='ocrx_word' id='word_1_536' title='bbox 2730 856 2781 911; x_wconf 89' lang='lat' dir='ltr'><strong>in</strong></span> <span class='ocrx_word' id='word_1_537' title='bbox 2808 857 3050 925; x_wconf 90' lang='lat' dir='ltr'><strong>euripum</strong></span> <span class='ocrx_word' id='word_1_538' title='bbox 3074 856 3195 910; x_wconf 71' lang='lat' dir='ltr'><strong>vita:</strong></span> <span class='ocrx_word' id='word_1_539' title='bbox 3224 857 3521 925; x_wconf 59' lang='lat' dir='ltr'><strong>praesentis,</strong></span> <span class='ocrx_word' id='word_1_540' title='bbox 3548 856 3739 912; x_wconf 73' lang='lat' dir='ltr'><strong>adver-</strong></span> 
     </span>
    </p>
   </div>
   <div class='ocr_carea' id='block_1_69' title="bbox 2162 948 3745 1021">
    <p class='ocr_par' dir='ltr' id='par_1_69' title="bbox 2162 948 3745 1021">
     <span class='ocr_line' id='line_1_69' title="bbox 2162 948 3745 1021; baseline -0.001 -14"><span class='ocrx_word' id='word_1_541' title='bbox 2162 966 2255 1007; x_wconf 87' lang='lat' dir='ltr'><strong>sus</strong></span> <span class='ocrx_word' id='word_1_542' title='bbox 2283 952 2525 1021; x_wconf 90' lang='lat' dir='ltr'><strong>corporis</strong></span> <span class='ocrx_word' id='word_1_543' title='bbox 2548 950 2855 1005; x_wconf 71' lang='lat' dir='ltr'><strong>affectiones</strong></span> <span class='ocrx_word' id='word_1_544' title='bbox 2870 985 2886 1015; x_wconf 87' lang='lat'><strong>,</strong></span> <span class='ocrx_word' id='word_1_545' title='bbox 2916 950 3173 1005; x_wconf 75' lang='lat' dir='ltr'><strong>adversus</strong></span> <span class='ocrx_word' id='word_1_546' title='bbox 3196 948 3412 1003; x_wconf 87' lang='lat' dir='ltr'><strong>morbos</strong></span> <span class='ocrx_word' id='word_1_547' title='bbox 3430 950 3626 1017; x_wconf 86' lang='lat' dir='ltr'><strong>animi,</strong></span> <span class='ocrx_word' id='word_1_548' title='bbox 3648 950 3745 1006; x_wconf 86' lang='lat' dir='ltr'><strong>ad-</strong></span> 
     </span>
    </p>
   </div>
   <div class='ocr_carea' id='block_1_70' title="bbox 2161 1039 3742 1106">
    <p class='ocr_par' dir='ltr' id='par_1_70' title="bbox 2161 1039 3742 1106">
     <span class='ocr_line' id='line_1_70' title="bbox 2161 1039 3742 1106; baseline 0 -10"><span class='ocrx_word' id='word_1_549' title='bbox 2161 1054 2348 1096; x_wconf 77' lang='lat' dir='ltr'><strong>versus</strong></span> <span class='ocrx_word' id='word_1_550' title='bbox 2390 1039 2665 1095; x_wconf 88' lang='lat' dir='ltr'><strong>hominum</strong></span> <span class='ocrx_word' id='word_1_551' title='bbox 2709 1040 2964 1106; x_wconf 89' lang='lat' dir='ltr'><strong>insidias,</strong></span> <span class='ocrx_word' id='word_1_552' title='bbox 3004 1040 3260 1095; x_wconf 88' lang='lat' dir='ltr'><strong>adversus</strong></span> <span class='ocrx_word' id='word_1_553' title='bbox 3298 1040 3629 1097; x_wconf 88' lang='lat' dir='ltr'><strong>inimicorum</strong></span> <span class='ocrx_word' id='word_1_554' title='bbox 3655 1041 3742 1096; x_wconf 55' lang='lat' dir='ltr'><strong>in-</strong></span> 
     </span>
    </p>
   </div>
   <div class='ocr_carea' id='block_1_71' title="bbox 2159 1129 3742 1197">
    <p class='ocr_par' dir='ltr' id='par_1_71' title="bbox 2159 1129 3742 1197">
     <span class='ocr_line' id='line_1_71' title="bbox 2159 1129 3742 1197; baseline 0.001 -12"><span class='ocrx_word' id='word_1_555' title='bbox 2159 1144 2383 1195; x_wconf 77' lang='lat' dir='ltr'><strong>cursus,</strong></span> <span class='ocrx_word' id='word_1_556' title='bbox 2433 1136 2617 1185; x_wconf 89' lang='lat' dir='ltr'><strong>contra</strong></span> <span class='ocrx_word' id='word_1_557' title='bbox 2667 1130 2909 1185; x_wconf 76' lang='lat' dir='ltr'><strong>{ictorum</strong></span> <span class='ocrx_word' id='word_1_558' title='bbox 2952 1129 3243 1185; x_wconf 89' lang='lat' dir='ltr'><strong>amicorum</strong></span> <span class='ocrx_word' id='word_1_559' title='bbox 3278 1129 3525 1197; x_wconf 87' lang='lat' dir='ltr'><strong>fraudes,</strong></span> <span class='ocrx_word' id='word_1_560' title='bbox 3556 1142 3742 1189; x_wconf 87' lang='lat' dir='ltr'><strong>contra</strong></span> 
     </span>
    </p>
   </div>
   <div class='ocr_carea' id='block_1_72' title="bbox 2163 1220 3743 1291">
    <p class='ocr_par' dir='ltr' id='par_1_72' title="bbox 2163 1220 3743 1291">
     <span class='ocr_line' id='line_1_72' title="bbox 2163 1220 3743 1291; baseline 0.003 -17"><span class='ocrx_word' id='word_1_561' title='bbox 2163 1228 2524 1291; x_wconf 84' lang='lat' dir='ltr'><strong>paupertatem</strong></span> <span class='ocrx_word' id='word_1_562' title='bbox 2568 1236 2630 1274; x_wconf 89' lang='lat' dir='ltr'><strong>ac</strong></span> <span class='ocrx_word' id='word_1_563' title='bbox 2671 1230 2930 1276; x_wconf 89' lang='lat' dir='ltr'><strong>tormenta</strong></span> <span class='ocrx_word' id='word_1_564' title='bbox 2948 1260 2965 1287; x_wconf 93' lang='lat'><strong>,</strong></span> <span class='ocrx_word' id='word_1_565' title='bbox 2994 1220 3250 1275; x_wconf 88' lang='lat' dir='ltr'><strong>adversus</strong></span> <span class='ocrx_word' id='word_1_566' title='bbox 3277 1221 3659 1291; x_wconf 87' lang='lat' dir='ltr'><strong>contumelias,</strong></span> <span class='ocrx_word' id='word_1_567' title='bbox 3684 1230 3743 1278; x_wconf 80' lang='lat' dir='ltr'><strong>et</strong></span> 
     </span>
    </p>
   </div>
   <div class='ocr_carea' id='block_1_73' title="bbox 2161 1310 3745 1383">
    <p class='ocr_par' dir='ltr' id='par_1_73' title="bbox 2161 1310 3745 1383">
     <span class='ocr_line' id='line_1_73' title="bbox 2161 1310 3745 1383; baseline 0.003 -18"><span class='ocrx_word' id='word_1_568' title='bbox 2161 1310 2463 1366; x_wconf 69' lang='lat' dir='ltr'><strong>daemonum</strong></span> <span class='ocrx_word' id='word_1_569' title='bbox 2507 1311 2792 1381; x_wconf 77' lang='lat' dir='ltr'><strong>phalanges</strong></span> <span class='ocrx_word' id='word_1_570' title='bbox 2830 1311 3131 1381; x_wconf 88' lang='lat' dir='ltr'><strong>diabolique</strong></span> <span class='ocrx_word' id='word_1_571' title='bbox 3158 1312 3423 1378; x_wconf 83' lang='lat' dir='ltr'><strong>furorem,</strong></span> <span class='ocrx_word' id='word_1_572' title='bbox 3453 1328 3549 1383; x_wconf 87' lang='lat' dir='ltr'><strong>par</strong></span> <span class='ocrx_word' id='word_1_573' title='bbox 3572 1320 3745 1369; x_wconf 78' lang='lat' dir='ltr'><strong>estut</strong></span> 
     </span>
    </p>
   </div>
   <div class='ocr_carea' id='block_1_74' title="bbox 2160 1401 3741 1474">
    <p class='ocr_par' dir='ltr' id='par_1_74' title="bbox 2160 1401 3741 1474">
     <span class='ocr_line' id='line_1_74' title="bbox 2160 1401 3741 1474; baseline 0.001 -16"><span class='ocrx_word' id='word_1_574' title='bbox 2160 1417 2221 1458; x_wconf 86' lang='lat' dir='ltr'><strong>se</strong></span> <span class='ocrx_word' id='word_1_575' title='bbox 2260 1410 2543 1472; x_wconf 52' lang='lat' dir='ltr'><strong>praeparet,</strong></span> <span class='ocrx_word' id='word_1_576' title='bbox 2575 1401 2621 1456; x_wconf 91' lang='lat' dir='ltr'><strong>si</strong></span> <span class='ocrx_word' id='word_1_577' title='bbox 2650 1401 2861 1472; x_wconf 88' lang='lat' dir='ltr'><strong>quidem</strong></span> <span class='ocrx_word' id='word_1_578' title='bbox 2895 1401 2963 1456; x_wconf 90' lang='lat' dir='ltr'><strong>sit</strong></span> <span class='ocrx_word' id='word_1_579' title='bbox 2992 1402 3043 1455; x_wconf 93' lang='lat' dir='ltr'><strong>in</strong></span> <span class='ocrx_word' id='word_1_580' title='bbox 3075 1401 3255 1456; x_wconf 88' lang='lat' dir='ltr'><strong>urbem</strong></span> <span class='ocrx_word' id='word_1_581' title='bbox 3285 1402 3483 1472; x_wconf 80' lang='lat' dir='ltr'><strong>regiam</strong></span> <span class='ocrx_word' id='word_1_582' title='bbox 3511 1418 3741 1474; x_wconf 43' lang='lat' dir='ltr'><strong>pervens</strong></span> 
     </span>
    </p>
   </div>
   <div class='ocr_carea' id='block_1_75' title="bbox 2161 1492 3655 1564">
    <p class='ocr_par' dir='ltr' id='par_1_75' title="bbox 2161 1492 3655 1564">
     <span class='ocr_line' id='line_1_75' title="bbox 2161 1492 3655 1564; baseline 0 -17"><span class='ocrx_word' id='word_1_583' title='bbox 2161 1502 2312 1548; x_wconf 86' lang='lat' dir='ltr'><strong>turus</strong></span> <span class='ocrx_word' id='word_1_584' title='bbox 2334 1533 2349 1558; x_wconf 91' lang='lat'><strong>,</strong></span> <span class='ocrx_word' id='word_1_585' title='bbox 2378 1500 2435 1547; x_wconf 89' lang='lat' dir='ltr'><strong>et</strong></span> <span class='ocrx_word' id='word_1_586' title='bbox 2463 1493 2731 1547; x_wconf 86' lang='lat' dir='ltr'><strong>mercibus</strong></span> <span class='ocrx_word' id='word_1_587' title='bbox 2757 1501 2977 1547; x_wconf 90' lang='lat' dir='ltr'><strong>onustus</strong></span> <span class='ocrx_word' id='word_1_588' title='bbox 2996 1492 3049 1548; x_wconf 92' lang='lat' dir='ltr'><strong>in</strong></span> <span class='ocrx_word' id='word_1_589' title='bbox 3077 1503 3283 1563; x_wconf 91' lang='lat' dir='ltr'><strong>portum</strong></span> <span class='ocrx_word' id='word_1_590' title='bbox 3311 1495 3655 1564; x_wconf 87' lang='lat' dir='ltr'><strong>appulsurus.</strong></span> 
     </span>
    </p>
   </div>
   <div class='ocr_carea' id='block_1_76' title="bbox 2231 1580 3743 1653">
    <p class='ocr_par' dir='ltr' id='par_1_76' title="bbox 2231 1580 3743 1653">
     <span class='ocr_line' id='line_1_76' title="bbox 2231 1580 3743 1653; baseline 0.002 -18"><span class='ocrx_word' id='word_1_591' title='bbox 2231 1580 2475 1636; x_wconf 79' lang='lat' dir='ltr'><strong>Diabolus</strong></span> <span class='ocrx_word' id='word_1_592' title='bbox 2508 1583 2733 1637; x_wconf 77' lang='lat' dir='ltr'><strong>absolute</strong></span> <span class='ocrx_word' id='word_1_593' title='bbox 2769 1583 2931 1637; x_wconf 87' lang='lat' dir='ltr'><strong>malus</strong></span> <span class='ocrx_word' id='word_1_594' title='bbox 2955 1597 2977 1647; x_wconf 85' lang='lat'><strong>,&#39;</strong></span> <span class='ocrx_word' id='word_1_595' title='bbox 3016 1584 3179 1637; x_wconf 86' lang='lat' dir='ltr'><strong>malus</strong></span> <span class='ocrx_word' id='word_1_596' title='bbox 3218 1581 3313 1637; x_wconf 80' lang='lat' dir='ltr'><strong>sibi</strong></span> <span class='ocrx_word' id='word_1_597' title='bbox 3334 1582 3435 1653; x_wconf 87' lang='lat' dir='ltr'><strong>ipsi</strong></span> <span class='ocrx_word' id='word_1_598' title='bbox 3454 1583 3553 1638; x_wconf 89' lang='lat' dir='ltr'><strong>soli</strong></span> <span class='ocrx_word' id='word_1_599' title='bbox 3578 1591 3743 1638; x_wconf 84' lang='lat' dir='ltr'><strong>nocet.</strong></span> 
     </span>
    </p>
   </div>
   <div class='ocr_carea' id='block_1_77' title="bbox 2159 1670 3744 1743">
    <p class='ocr_par' dir='ltr' id='par_1_77' title="bbox 2159 1670 3744 1743">
     <span class='ocr_line' id='line_1_77' title="bbox 2159 1670 3744 1743; baseline 0.002 -17"><span class='ocrx_word' id='word_1_600' title='bbox 2159 1701 2228 1710; x_wconf 91' lang='lat'><strong>—</strong></span> <span class='ocrx_word' id='word_1_601' title='bbox 2249 1671 2423 1740; x_wconf 83' lang='lat' dir='ltr'><strong>Atque</strong></span> <span class='ocrx_word' id='word_1_602' title='bbox 2448 1670 2535 1726; x_wconf 90' lang='lat' dir='ltr'><strong>hic</strong></span> <span class='ocrx_word' id='word_1_603' title='bbox 2561 1670 2776 1741; x_wconf 90' lang='lat' dir='ltr'><strong>quidem</strong></span> <span class='ocrx_word' id='word_1_604' title='bbox 2799 1680 2953 1726; x_wconf 88' lang='lat' dir='ltr'><strong>vocat</strong></span> <span class='ocrx_word' id='word_1_605' title='bbox 2978 1672 3177 1725; x_wconf 91' lang='lat' dir='ltr'><strong>malum</strong></span> <span class='ocrx_word' id='word_1_606' title='bbox 3199 1671 3466 1726; x_wconf 89' lang='lat' dir='ltr'><strong>hominem</strong></span> <span class='ocrx_word' id='word_1_607' title='bbox 3491 1690 3504 1725; x_wconf 88' lang='lat'><strong>:</strong></span> <span class='ocrx_word' id='word_1_608' title='bbox 3529 1672 3744 1743; x_wconf 89' lang='lat' dir='ltr'><strong>quando</strong></span> 
     </span>
    </p>
   </div>
   <div class='ocr_carea' id='block_1_78' title="bbox 2161 1758 3742 1830">
    <p class='ocr_par' dir='ltr' id='par_1_78' title="bbox 2161 1758 3742 1830">
     <span class='ocr_line' id='line_1_78' title="bbox 2161 1758 3742 1830; baseline 0.002 -16"><span class='ocrx_word' id='word_1_609' title='bbox 2161 1768 2341 1815; x_wconf 89' lang='lat' dir='ltr'><strong>autem</strong></span> <span class='ocrx_word' id='word_1_610' title='bbox 2390 1760 2622 1830; x_wconf 89' lang='lat' dir='ltr'><strong>loquitur</strong></span> <span class='ocrx_word' id='word_1_611' title='bbox 2667 1759 2736 1816; x_wconf 90' lang='lat' dir='ltr'><strong>de</strong></span> <span class='ocrx_word' id='word_1_612' title='bbox 2782 1760 3027 1827; x_wconf 87' lang='lat' dir='ltr'><strong>diabolo,</strong></span> <span class='ocrx_word' id='word_1_613' title='bbox 3077 1761 3319 1816; x_wconf 90' lang='lat' dir='ltr'><strong>absolute</strong></span> <span class='ocrx_word' id='word_1_614' title='bbox 3362 1758 3493 1817; x_wconf 91' lang='lat' dir='ltr'><strong>dicit</strong></span> <span class='ocrx_word' id='word_1_615' title='bbox 3520 1762 3742 1817; x_wconf 88' lang='lat' dir='ltr'><strong>malum.</strong></span> 
     </span>
    </p>
   </div>
   <div class='ocr_carea' id='block_1_79' title="bbox 2160 1851 3741 1921">
    <p class='ocr_par' dir='ltr' id='par_1_79' title="bbox 2160 1851 3741 1921">
     <span class='ocr_line' id='line_1_79' title="bbox 2160 1851 3741 1921; baseline 0.001 -17"><span class='ocrx_word' id='word_1_616' title='bbox 2160 1851 2398 1919; x_wconf 88' lang='lat' dir='ltr'><strong>Quanam</strong></span> <span class='ocrx_word' id='word_1_617' title='bbox 2438 1851 2504 1906; x_wconf 90' lang='lat' dir='ltr'><strong>de</strong></span> <span class='ocrx_word' id='word_1_618' title='bbox 2531 1852 2733 1907; x_wconf 87' lang='lat' dir='ltr'><strong>causa?</strong></span> <span class='ocrx_word' id='word_1_619' title='bbox 2761 1852 3019 1919; x_wconf 86' lang='lat' dir='ltr'><strong>Quoniam</strong></span> <span class='ocrx_word' id='word_1_620' title='bbox 3051 1851 3164 1920; x_wconf 89' lang='lat' dir='ltr'><strong>ipse</strong></span> <span class='ocrx_word' id='word_1_621' title='bbox 3190 1860 3271 1906; x_wconf 90' lang='lat' dir='ltr'><strong>est</strong></span> <span class='ocrx_word' id='word_1_622' title='bbox 3305 1859 3455 1921; x_wconf 88' lang='lat' dir='ltr'><strong>pater</strong></span> <span class='ocrx_word' id='word_1_623' title='bbox 3479 1851 3741 1921; x_wconf 84' lang='lat' dir='ltr'><strong>improbi-</strong></span> 
     </span>
    </p>
   </div>
   <div class='ocr_carea' id='block_1_80' title="bbox 2164 1940 3745 2011">
    <p class='ocr_par' dir='ltr' id='par_1_80' title="bbox 2164 1940 3745 2011">
     <span class='ocr_line' id='line_1_80' title="bbox 2164 1940 3745 2011; baseline 0.001 -16"><span class='ocrx_word' id='word_1_624' title='bbox 2164 1940 2286 1995; x_wconf 86' lang='lat' dir='ltr'><strong>tatis</strong></span> <span class='ocrx_word' id='word_1_625' title='bbox 2310 1959 2324 1994; x_wconf 87' lang='lat'>:</span> <span class='ocrx_word' id='word_1_626' title='bbox 2355 1950 2410 1996; x_wconf 91' lang='lat' dir='ltr'><strong>et</strong></span> <span class='ocrx_word' id='word_1_627' title='bbox 2439 1941 2558 1996; x_wconf 90' lang='lat' dir='ltr'><strong>ideo</strong></span> <span class='ocrx_word' id='word_1_628' title='bbox 2584 1940 2777 1996; x_wconf 90' lang='lat' dir='ltr'><strong>dicitur</strong></span> <span class='ocrx_word' id='word_1_629' title='bbox 2801 1941 2970 1995; x_wconf 89' lang='lat' dir='ltr'><strong>malus</strong></span> <span class='ocrx_word' id='word_1_630' title='bbox 2999 1956 3093 2010; x_wconf 90' lang='lat' dir='ltr'><strong>per</strong></span> <span class='ocrx_word' id='word_1_631' title='bbox 3119 1942 3488 1996; x_wconf 77' lang='lat' dir='ltr'><strong>excellentiam</strong></span> <span class='ocrx_word' id='word_1_632' title='bbox 3512 1981 3527 2007; x_wconf 91' lang='lat'><strong>,</strong></span> <span class='ocrx_word' id='word_1_633' title='bbox 3561 1951 3613 1996; x_wconf 88' lang='lat' dir='ltr'><strong>et</strong></span> <span class='ocrx_word' id='word_1_634' title='bbox 3642 1957 3745 2011; x_wconf 91' lang='lat' dir='ltr'><strong>pro</strong></span> 
     </span>
    </p>
   </div>
   <div class='ocr_carea' id='block_1_81' title="bbox 2159 2029 3746 2103">
    <p class='ocr_par' dir='ltr' id='par_1_81' title="bbox 2159 2029 3746 2103">
     <span class='ocr_line' id='line_1_81' title="bbox 2159 2029 3746 2103; baseline 0.001 -17"><span class='ocrx_word' id='word_1_635' title='bbox 2159 2033 2375 2089; x_wconf 90' lang='lat' dir='ltr'><strong>nomine</strong></span> <span class='ocrx_word' id='word_1_636' title='bbox 2426 2033 2644 2103; x_wconf 88' lang='lat' dir='ltr'><strong>proprio</strong></span> <span class='ocrx_word' id='word_1_637' title='bbox 2688 2030 2881 2087; x_wconf 80' lang='lat' dir='ltr'><strong>sufficit</strong></span> <span class='ocrx_word' id='word_1_638' title='bbox 2921 2029 3235 2101; x_wconf 87' lang='lat' dir='ltr'><strong>adjectivum</strong></span> <span class='ocrx_word' id='word_1_639' title='bbox 3280 2042 3497 2101; x_wconf 90' lang='lat' dir='ltr'><strong>propter</strong></span> <span class='ocrx_word' id='word_1_640' title='bbox 3535 2032 3746 2102; x_wconf 76' lang='lat' dir='ltr'><strong>insigne</strong></span> 
     </span>
    </p>
   </div>
   <div class='ocr_carea' id='block_1_82' title="bbox 2158 2122 3742 2195">
    <p class='ocr_par' dir='ltr' id='par_1_82' title="bbox 2158 2122 3742 2195">
     <span class='ocr_line' id='line_1_82' title="bbox 2158 2122 3742 2195; baseline -0.001 -16"><span class='ocrx_word' id='word_1_641' title='bbox 2158 2124 2343 2179; x_wconf 86' lang='lat' dir='ltr'><strong>vitium</strong></span> <span class='ocrx_word' id='word_1_642' title='bbox 2366 2164 2381 2190; x_wconf 90' lang='lat'><strong>,</strong></span> <span class='ocrx_word' id='word_1_643' title='bbox 2426 2123 2567 2194; x_wconf 89' lang='lat' dir='ltr'><strong>quod</strong></span> <span class='ocrx_word' id='word_1_644' title='bbox 2591 2122 2804 2195; x_wconf 89' lang='lat' dir='ltr'><strong>quidem</strong></span> <span class='ocrx_word' id='word_1_645' title='bbox 2835 2137 2941 2179; x_wconf 94' lang='lat' dir='ltr'><strong>non</strong></span> <span class='ocrx_word' id='word_1_646' title='bbox 2967 2133 3049 2178; x_wconf 89' lang='lat' dir='ltr'><strong>est</strong></span> <span class='ocrx_word' id='word_1_647' title='bbox 3071 2123 3284 2178; x_wconf 87' lang='lat' dir='ltr'><strong>insitum</strong></span> <span class='ocrx_word' id='word_1_648' title='bbox 3314 2132 3498 2177; x_wconf 88' lang='lat' dir='ltr'><strong>natura</strong></span> <span class='ocrx_word' id='word_1_649' title='bbox 3517 2162 3536 2190; x_wconf 91' lang='lat'><strong>,</strong></span> <span class='ocrx_word' id='word_1_650' title='bbox 3565 2122 3659 2178; x_wconf 87' lang='lat' dir='ltr'><strong>sed</strong></span> <span class='ocrx_word' id='word_1_651' title='bbox 3684 2122 3742 2178; x_wconf 90' lang='lat' dir='ltr'><strong>ei</strong></span> 
     </span>
    </p>
   </div>
   <div class='ocr_carea' id='block_1_83' title="bbox 2158 2211 3743 2281">
    <p class='ocr_par' dir='ltr' id='par_1_83' title="bbox 2158 2211 3743 2281">
     <span class='ocr_line' id='line_1_83' title="bbox 2158 2211 3743 2281; baseline -0.001 -12"><span class='ocrx_word' id='word_1_652' title='bbox 2158 2215 2400 2270; x_wconf 89' lang='lat' dir='ltr'><strong>accessit.</strong></span> <span class='ocrx_word' id='word_1_653' title='bbox 2428 2213 2581 2281; x_wconf 90' lang='lat' dir='ltr'><strong>Quod</strong></span> <span class='ocrx_word' id='word_1_654' title='bbox 2609 2213 2654 2269; x_wconf 91' lang='lat' dir='ltr'><strong>si</strong></span> <span class='ocrx_word' id='word_1_655' title='bbox 2683 2213 2842 2268; x_wconf 89' lang='lat' dir='ltr'><strong>etiam</strong></span> <span class='ocrx_word' id='word_1_656' title='bbox 2869 2212 3007 2269; x_wconf 88' lang='lat' dir='ltr'><strong>scire</strong></span> <span class='ocrx_word' id='word_1_657' title='bbox 3038 2212 3172 2268; x_wconf 90' lang='lat' dir='ltr'><strong>velis</strong></span> <span class='ocrx_word' id='word_1_658' title='bbox 3198 2212 3340 2267; x_wconf 91' lang='lat' dir='ltr'><strong>unde</strong></span> <span class='ocrx_word' id='word_1_659' title='bbox 3361 2214 3430 2267; x_wconf 91' lang='lat' dir='ltr'><strong>sit</strong></span> <span class='ocrx_word' id='word_1_660' title='bbox 3452 2211 3743 2268; x_wconf 88' lang='lat' dir='ltr'><strong>deductum</strong></span> 
     </span>
    </p>
   </div>
   <div class='ocr_carea' id='block_1_84' title="bbox 2158 2303 3739 2375">
    <p class='ocr_par' dir='ltr' id='par_1_84' title="bbox 2158 2303 3739 2375">
     <span class='ocr_line' id='line_1_84' title="bbox 2158 2303 3739 2375; baseline -0.001 -14"><span class='ocrx_word' id='word_1_661' title='bbox 2158 2321 2354 2361; x_wconf 89' lang='lat' dir='ltr'><strong>nomen</strong></span> <span class='ocrx_word' id='word_1_662' title='bbox 2398 2303 2786 2375; x_wconf 86' lang='lat' dir='ltr'><strong>improbitatis,</strong></span> <span class='ocrx_word' id='word_1_663' title='bbox 2831 2320 3075 2375; x_wconf 86' lang='lat' dir='ltr'><strong>magnum</strong></span> <span class='ocrx_word' id='word_1_664' title='bbox 3104 2318 3314 2375; x_wconf 92' lang='lat' dir='ltr'><strong>quoque</strong></span> <span class='ocrx_word' id='word_1_665' title='bbox 3352 2305 3476 2358; x_wconf 90' lang='lat' dir='ltr'><strong>hinc</strong></span> <span class='ocrx_word' id='word_1_666' title='bbox 3504 2305 3739 2360; x_wconf 84' lang='lat' dir='ltr'><strong>fructum</strong></span> 
     </span>
    </p>
   </div>
   <div class='ocr_carea' id='block_1_85' title="bbox 2153 2394 3743 2468">
    <p class='ocr_par' dir='ltr' id='par_1_85' title="bbox 2153 2394 3743 2468">
     <span class='ocr_line' id='line_1_85' title="bbox 2153 2394 3743 2468; baseline 0 -17"><span class='ocrx_word' id='word_1_667' title='bbox 2153 2396 2442 2465; x_wconf 87' lang='lat' dir='ltr'><strong>percipies.</strong></span> <span class='ocrx_word' id='word_1_668' title='bbox 2486 2394 2801 2465; x_wconf 89' lang='lat' dir='ltr'><strong>lmprobitas</strong></span> <span class='ocrx_word' id='word_1_669' title='bbox 2838 2394 2979 2451; x_wconf 91' lang='lat' dir='ltr'><strong>enim</strong></span> <span class='ocrx_word' id='word_1_670' title='bbox 3026 2394 3210 2451; x_wconf 71' lang='lat' dir='ltr'><strong>Graece</strong></span> <span class='ocrx_word' id='word_1_671' title='bbox 3233 2395 3373 2451; x_wconf 87' lang='lat' dir='ltr'><strong>dicta</strong></span> <span class='ocrx_word' id='word_1_672' title='bbox 3398 2404 3481 2450; x_wconf 89' lang='lat' dir='ltr'><strong>est</strong></span> <span class='ocrx_word' id='word_1_673' title='bbox 3507 2409 3706 2468; x_wconf 77' lang='grc' dir='ltr'><strong>πονηρία</strong></span> <span class='ocrx_word' id='word_1_674' title='bbox 3722 2438 3743 2466; x_wconf 83' lang='lat'><strong>,</strong></span> 
     </span>
    </p>
   </div>
   <div class='ocr_carea' id='block_1_86' title="bbox 2157 2484 3742 2559">
    <p class='ocr_par' dir='ltr' id='par_1_86' title="bbox 2157 2484 3742 2559">
     <span class='ocr_line' id='line_1_86' title="bbox 2157 2484 3742 2559; baseline 0.002 -19"><span class='ocrx_word' id='word_1_675' title='bbox 2157 2499 2225 2540; x_wconf 88' lang='lat' dir='ltr'><strong>eo</strong></span> <span class='ocrx_word' id='word_1_676' title='bbox 2264 2484 2405 2555; x_wconf 89' lang='lat' dir='ltr'><strong>quod</strong></span> <span class='ocrx_word' id='word_1_677' title='bbox 2451 2493 2617 2550; x_wconf 81' lang='grc' dir='ltr'><strong>πόνον,</strong></span> <span class='ocrx_word' id='word_1_678' title='bbox 2662 2485 2763 2540; x_wconf 94' lang='lat' dir='ltr'><strong>hoc</strong></span> <span class='ocrx_word' id='word_1_679' title='bbox 2802 2493 2921 2550; x_wconf 91' lang='lat' dir='ltr'><strong>est,</strong></span> <span class='ocrx_word' id='word_1_680' title='bbox 2950 2486 3182 2540; x_wconf 87' lang='lat' dir='ltr'><strong>laborem</strong></span> <span class='ocrx_word' id='word_1_681' title='bbox 3208 2494 3264 2541; x_wconf 90' lang='lat' dir='ltr'><strong>et</strong></span> <span class='ocrx_word' id='word_1_682' title='bbox 3290 2501 3579 2541; x_wconf 67' lang='lat' dir='ltr'><strong>aerumnam</strong></span> <span class='ocrx_word' id='word_1_683' title='bbox 3610 2503 3742 2559; x_wconf 85' lang='lat' dir='ltr'><strong>pos-</strong></span> 
     </span>
    </p>
   </div>
   <div class='ocr_carea' id='block_1_87' title="bbox 2160 2577 3746 2651">
    <p class='ocr_par' dir='ltr' id='par_1_87' title="bbox 2160 2577 3746 2651">
     <span class='ocr_line' id='line_1_87' title="bbox 2160 2577 3746 2651; baseline 0.001 -17"><span class='ocrx_word' id='word_1_684' title='bbox 2160 2579 2359 2635; x_wconf 86' lang='lat' dir='ltr'><strong>sessori</strong></span> <span class='ocrx_word' id='word_1_685' title='bbox 2399 2578 2604 2635; x_wconf 79' lang='lat' dir='ltr'><strong>afferat.</strong></span> <span class='ocrx_word' id='word_1_686' title='bbox 2631 2578 2890 2647; x_wconf 86' lang='lat' dir='ltr'><strong>Quocirca</strong></span> <span class='ocrx_word' id='word_1_687' title='bbox 2919 2577 3132 2648; x_wconf 89' lang='lat' dir='ltr'><strong>quidam</strong></span> <span class='ocrx_word' id='word_1_688' title='bbox 3162 2579 3375 2646; x_wconf 90' lang='lat' dir='ltr'><strong>sapiens</strong></span> <span class='ocrx_word' id='word_1_689' title='bbox 3403 2577 3505 2635; x_wconf 88' lang='lat' dir='ltr'><strong>hoc</strong></span> <span class='ocrx_word' id='word_1_690' title='bbox 3532 2579 3746 2651; x_wconf 77' lang='lat' dir='ltr'><strong>signifi—</strong></span> 
     </span>
    </p>
   </div>
   <div class='ocr_carea' id='block_1_88' title="bbox 2158 2668 3742 2734">
    <p class='ocr_par' dir='ltr' id='par_1_88' title="bbox 2158 2668 3742 2734">
     <span class='ocr_line' id='line_1_88' title="bbox 2158 2668 3742 2734; baseline -0.001 -9"><span class='ocrx_word' id='word_1_691' title='bbox 2158 2682 2287 2725; x_wconf 86' lang='lat' dir='ltr'><strong>cans</strong></span> <span class='ocrx_word' id='word_1_692' title='bbox 2327 2670 2457 2726; x_wconf 86' lang='lat' dir='ltr'><strong>dicit</strong></span> <span class='ocrx_word' id='word_1_693' title='bbox 2485 2687 2500 2723; x_wconf 90' lang='lat'><strong>:</strong></span> <span class='ocrx_word' id='word_1_694' title='bbox 2532 2668 2595 2727; x_wconf 89' lang='lat' dir='ltr'><strong>Si</strong></span> <span class='ocrx_word' id='word_1_695' title='bbox 2621 2671 2690 2724; x_wconf 84' lang='lat' dir='ltr'><strong>sis</strong></span> <span class='ocrx_word' id='word_1_696' title='bbox 2716 2669 2908 2734; x_wconf 85' lang='lat' dir='ltr'><strong>malus,</strong></span> <span class='ocrx_word' id='word_1_697' title='bbox 2937 2668 3073 2722; x_wconf 84' lang='lat' dir='ltr'><strong>solus</strong></span> <span class='ocrx_word' id='word_1_698' title='bbox 3099 2668 3299 2723; x_wconf 66' lang='lat' dir='ltr'><strong>haurias</strong></span> <span class='ocrx_word' id='word_1_699' title='bbox 3324 2669 3461 2723; x_wconf 78' lang='lat' dir='ltr'><strong>mata</strong></span> <span class='ocrx_word' id='word_1_700' title='bbox 3492 2685 3509 2721; x_wconf 89' lang='lat'><strong><em>:</em></strong></span> <span class='ocrx_word' id='word_1_701' title='bbox 3538 2670 3617 2723; x_wconf 76' lang='lat' dir='ltr'><strong>sin</strong></span> <span class='ocrx_word' id='word_1_702' title='bbox 3644 2669 3742 2724; x_wconf 81' lang='lat' dir='ltr'><strong>bo—</strong></span> 
     </span>
    </p>
   </div>
   <div class='ocr_carea' id='block_1_89' title="bbox 2158 2757 3745 2832">
    <p class='ocr_par' dir='ltr' id='par_1_89' title="bbox 2158 2757 3745 2832">
     <span class='ocr_line' id='line_1_89' title="bbox 2158 2757 3745 2832; baseline -0.001 -15"><span class='ocrx_word' id='word_1_703' title='bbox 2158 2777 2253 2817; x_wconf 77' lang='lat' dir='ltr'><strong>nus</strong></span> <span class='ocrx_word' id='word_1_704' title='bbox 2269 2801 2286 2827; x_wconf 94' lang='lat'><strong>,</strong></span> <span class='ocrx_word' id='word_1_705' title='bbox 2309 2760 2399 2815; x_wconf 84' lang='lat' dir='ltr'><strong>tibi</strong></span> <span class='ocrx_word' id='word_1_706' title='bbox 2421 2761 2683 2831; x_wconf 78' lang='lat' dir='ltr'><strong>ipsiatque</strong></span> <span class='ocrx_word' id='word_1_707' title='bbox 2704 2760 2804 2814; x_wconf 85' lang='lat' dir='ltr'><strong>tuis</strong></span> <span class='ocrx_word' id='word_1_708' title='bbox 2819 2758 3058 2831; x_wconf 69' lang='lat' dir='ltr'><strong>proximis</strong></span> <span class='ocrx_word' id='word_1_709' title='bbox 3085 2757 3265 2830; x_wconf 78' lang='lat' dir='ltr'><strong>(Prov.</strong></span> <span class='ocrx_word' id='word_1_710' title='bbox 3296 2758 3350 2814; x_wconf 90' lang='lat'><strong>9.</strong></span> <span class='ocrx_word' id='word_1_711' title='bbox 3382 2757 3493 2832; x_wconf 72' lang='grc'><strong>12).</strong></span> <span class='ocrx_word' id='word_1_712' title='bbox 3519 2760 3582 2814; x_wconf 84' lang='lat' dir='ltr'><strong>Et</strong></span> <span class='ocrx_word' id='word_1_713' title='bbox 3601 2775 3745 2831; x_wconf 80' lang='lat' dir='ltr'><strong>quo-</strong></span> 
     </span>
    </p>
   </div>
   <div class='ocr_carea' id='block_1_90' title="bbox 2158 2847 3745 2922">
    <p class='ocr_par' dir='ltr' id='par_1_90' title="bbox 2158 2847 3745 2922">
     <span class='ocr_line' id='line_1_90' title="bbox 2158 2847 3745 2922; baseline -0.001 -16"><span class='ocrx_word' id='word_1_714' title='bbox 2158 2850 2318 2907; x_wconf 90' lang='lat' dir='ltr'><strong>modo</strong></span> <span class='ocrx_word' id='word_1_715' title='bbox 2342 2891 2358 2915; x_wconf 96' lang='lat'><strong>,</strong></span> <span class='ocrx_word' id='word_1_716' title='bbox 2380 2850 2521 2907; x_wconf 87' lang='lat' dir='ltr'><strong>dicet</strong></span> <span class='ocrx_word' id='word_1_717' title='bbox 2548 2851 2834 2922; x_wconf 88' lang='lat' dir='ltr'><strong>quispiam,</strong></span> <span class='ocrx_word' id='word_1_718' title='bbox 2860 2849 3035 2904; x_wconf 89' lang='lat' dir='ltr'><strong>malus</strong></span> <span class='ocrx_word' id='word_1_719' title='bbox 3061 2849 3207 2903; x_wconf 90' lang='lat' dir='ltr'><strong>solus</strong></span> <span class='ocrx_word' id='word_1_720' title='bbox 3237 2847 3373 2904; x_wconf 86' lang='lat' dir='ltr'><strong>mala</strong></span> <span class='ocrx_word' id='word_1_721' title='bbox 3403 2849 3617 2907; x_wconf 86' lang='lat' dir='ltr'><strong>haurit?</strong></span> <span class='ocrx_word' id='word_1_722' title='bbox 3641 2854 3745 2906; x_wconf 82' lang='lat' dir='ltr'><strong>At-</strong></span> 
     </span>
    </p>
   </div>
   <div class='ocr_carea' id='block_1_91' title="bbox 2160 2937 3745 3013">
    <p class='ocr_par' dir='ltr' id='par_1_91' title="bbox 2160 2937 3745 3013">
     <span class='ocr_line' id='line_1_91' title="bbox 2160 2937 3745 3013; baseline -0.002 -15"><span class='ocrx_word' id='word_1_723' title='bbox 2160 2943 2254 3013; x_wconf 89' lang='lat' dir='ltr'><strong>qui</strong></span> <span class='ocrx_word' id='word_1_724' title='bbox 2295 2941 2488 2996; x_wconf 88' lang='lat' dir='ltr'><strong>multos</strong></span> <span class='ocrx_word' id='word_1_725' title='bbox 2532 2941 2739 3013; x_wconf 90' lang='lat' dir='ltr'><strong>probris</strong></span> <span class='ocrx_word' id='word_1_726' title='bbox 2782 2950 2835 2996; x_wconf 91' lang='lat' dir='ltr'><strong>et</strong></span> <span class='ocrx_word' id='word_1_727' title='bbox 2863 2938 3201 2995; x_wconf 89' lang='lat' dir='ltr'><strong>contumeliis</strong></span> <span class='ocrx_word' id='word_1_728' title='bbox 3223 2937 3406 2995; x_wconf 82' lang='lat' dir='ltr'><strong>afﬁcit.</strong></span> <span class='ocrx_word' id='word_1_729' title='bbox 3437 2939 3540 2996; x_wconf 91' lang='lat' dir='ltr'><strong>Sed</strong></span> <span class='ocrx_word' id='word_1_730' title='bbox 3565 2941 3745 2995; x_wconf 84' lang='lat' dir='ltr'><strong>nemi-</strong></span> 
     </span>
    </p>
   </div>
   <div class='ocr_carea' id='block_1_92' title="bbox 2160 3029 3748 3103">
    <p class='ocr_par' dir='ltr' id='par_1_92' title="bbox 2160 3029 3748 3103">
     <span class='ocr_line' id='line_1_92' title="bbox 2160 3029 3748 3103; baseline -0.001 -14"><span class='ocrx_word' id='word_1_731' title='bbox 2160 3048 2285 3089; x_wconf 89' lang='lat' dir='ltr'><strong>nem</strong></span> <span class='ocrx_word' id='word_1_732' title='bbox 2326 3031 2509 3101; x_wconf 82' lang='lat' dir='ltr'><strong>laedit,</strong></span> <span class='ocrx_word' id='word_1_733' title='bbox 2550 3031 2639 3103; x_wconf 91' lang='lat' dir='ltr'><strong>qui</strong></span> <span class='ocrx_word' id='word_1_734' title='bbox 2682 3046 2789 3086; x_wconf 91' lang='lat' dir='ltr'><strong>non</strong></span> <span class='ocrx_word' id='word_1_735' title='bbox 2822 3031 2892 3086; x_wconf 89' lang='lat' dir='ltr'><strong>sit</strong></span> <span class='ocrx_word' id='word_1_736' title='bbox 2915 3030 3090 3086; x_wconf 89' lang='lat' dir='ltr'><strong>mollis</strong></span> <span class='ocrx_word' id='word_1_737' title='bbox 3112 3068 3132 3099; x_wconf 87' lang='lat'><strong>,</strong></span> <span class='ocrx_word' id='word_1_738' title='bbox 3156 3029 3374 3100; x_wconf 86' lang='lat' dir='ltr'><strong>ignavus</strong></span> <span class='ocrx_word' id='word_1_739' title='bbox 3402 3038 3457 3086; x_wconf 88' lang='lat' dir='ltr'><strong>et</strong></span> <span class='ocrx_word' id='word_1_740' title='bbox 3483 3030 3644 3086; x_wconf 83' lang='lat' dir='ltr'><strong>iners.</strong></span> <span class='ocrx_word' id='word_1_741' title='bbox 3673 3029 3748 3088; x_wconf 83' lang='lat' dir='ltr'><strong>Et</strong></span> 
     </span>
    </p>
   </div>
   <div class='ocr_carea' id='block_1_93' title="bbox 2161 3120 3746 3191">
    <p class='ocr_par' dir='ltr' id='par_1_93' title="bbox 2161 3120 3746 3191">
     <span class='ocr_line' id='line_1_93' title="bbox 2161 3120 3746 3191; baseline -0.001 -12"><span class='ocrx_word' id='word_1_742' title='bbox 2161 3122 2206 3179; x_wconf 89' lang='lat' dir='ltr'><strong>si</strong></span> <span class='ocrx_word' id='word_1_743' title='bbox 2234 3122 2364 3179; x_wconf 85' lang='lat' dir='ltr'><strong>velis</strong></span> <span class='ocrx_word' id='word_1_744' title='bbox 2384 3164 2401 3190; x_wconf 94' lang='lat'><strong>,</strong></span> <span class='ocrx_word' id='word_1_745' title='bbox 2430 3123 2570 3178; x_wconf 89' lang='lat' dir='ltr'><strong>malo</strong></span> <span class='ocrx_word' id='word_1_746' title='bbox 2597 3120 2811 3178; x_wconf 88' lang='lat' dir='ltr'><strong>homine</strong></span> <span class='ocrx_word' id='word_1_747' title='bbox 2835 3120 3086 3187; x_wconf 89' lang='lat' dir='ltr'><strong>dimisso,</strong></span> <span class='ocrx_word' id='word_1_748' title='bbox 3121 3120 3292 3191; x_wconf 90' lang='lat' dir='ltr'><strong>ipsum</strong></span> <span class='ocrx_word' id='word_1_749' title='bbox 3322 3124 3518 3177; x_wconf 87' lang='lat' dir='ltr'><strong>malum</strong></span> <span class='ocrx_word' id='word_1_750' title='bbox 3542 3121 3746 3178; x_wconf 66' lang='lat' dir='ltr'><strong>daemo-</strong></span> 
     </span>
    </p>
   </div>
   <div class='ocr_carea' id='block_1_94' title="bbox 2161 3213 3745 3284">
    <p class='ocr_par' dir='ltr' id='par_1_94' title="bbox 2161 3213 3745 3284">
     <span class='ocr_line' id='line_1_94' title="bbox 2161 3213 3745 3284; baseline 0 -12"><span class='ocrx_word' id='word_1_751' title='bbox 2161 3231 2284 3273; x_wconf 87' lang='lat' dir='ltr'><strong>nem</strong></span> <span class='ocrx_word' id='word_1_752' title='bbox 2328 3215 2383 3270; x_wconf 91' lang='lat' dir='ltr'><strong>in</strong></span> <span class='ocrx_word' id='word_1_753' title='bbox 2408 3214 2641 3270; x_wconf 89' lang='lat' dir='ltr'><strong>medium</strong></span> <span class='ocrx_word' id='word_1_754' title='bbox 2671 3213 3012 3270; x_wconf 88' lang='lat' dir='ltr'><strong>adducamus.</strong></span> <span class='ocrx_word' id='word_1_755' title='bbox 3042 3214 3138 3269; x_wconf 89' lang='lat' dir='ltr'><strong>Dic</strong></span> <span class='ocrx_word' id='word_1_756' title='bbox 3164 3214 3297 3268; x_wconf 90' lang='lat' dir='ltr'><strong>mihi</strong></span> <span class='ocrx_word' id='word_1_757' title='bbox 3328 3225 3537 3284; x_wconf 86' lang='lat' dir='ltr'><strong>autem,</strong></span> <span class='ocrx_word' id='word_1_758' title='bbox 3562 3228 3745 3272; x_wconf 85' lang='lat' dir='ltr'><strong>annon</strong></span> 
     </span>
    </p>
   </div>
   <div class='ocr_carea' id='block_1_95' title="bbox 2160 3304 3746 3376">
    <p class='ocr_par' dir='ltr' id='par_1_95' title="bbox 2160 3304 3746 3376">
     <span class='ocr_line' id='line_1_95' title="bbox 2160 3304 3746 3376; baseline 0 -14"><span class='ocrx_word' id='word_1_759' title='bbox 2160 3321 2371 3362; x_wconf 89' lang='lat' dir='ltr'><strong>omnem</strong></span> <span class='ocrx_word' id='word_1_760' title='bbox 2409 3320 2559 3361; x_wconf 90' lang='lat' dir='ltr'><strong>suam</strong></span> <span class='ocrx_word' id='word_1_761' title='bbox 2599 3305 2786 3361; x_wconf 81' lang='lat' dir='ltr'><strong>effudit</strong></span> <span class='ocrx_word' id='word_1_762' title='bbox 2829 3304 3262 3376; x_wconf 81' lang='lat' dir='ltr'><strong>improbitatem?</strong></span> <span class='ocrx_word' id='word_1_763' title='bbox 3287 3321 3413 3361; x_wconf 92' lang='lat' dir='ltr'><strong>num</strong></span> <span class='ocrx_word' id='word_1_764' title='bbox 3439 3306 3577 3362; x_wconf 66' lang='lat' dir='ltr'><strong>laesit</strong></span> <span class='ocrx_word' id='word_1_765' title='bbox 3601 3306 3746 3364; x_wconf 78' lang='lat' dir='ltr'><strong>Job?</strong></span> 
     </span>
    </p>
   </div>
   <div class='ocr_carea' id='block_1_96' title="bbox 2161 3395 3743 3467">
    <p class='ocr_par' dir='ltr' id='par_1_96' title="bbox 2161 3395 3743 3467">
     <span class='ocr_line' id='line_1_96' title="bbox 2161 3395 3743 3467; baseline 0.004 -17"><span class='ocrx_word' id='word_1_766' title='bbox 2161 3411 2338 3451; x_wconf 91' lang='lat' dir='ltr'><strong>annon</strong></span> <span class='ocrx_word' id='word_1_767' title='bbox 2380 3395 2528 3451; x_wconf 92' lang='lat' dir='ltr'><strong>illum</strong></span> <span class='ocrx_word' id='word_1_768' title='bbox 2566 3395 2778 3467; x_wconf 89' lang='lat' dir='ltr'><strong>quidem</strong></span> <span class='ocrx_word' id='word_1_769' title='bbox 2817 3395 3049 3451; x_wconf 89' lang='lat' dir='ltr'><strong>reddidit</strong></span> <span class='ocrx_word' id='word_1_770' title='bbox 3086 3395 3402 3462; x_wconf 89' lang='lat' dir='ltr'><strong>clariorem,</strong></span> <span class='ocrx_word' id='word_1_771' title='bbox 3434 3398 3536 3453; x_wconf 87' lang='lat' dir='ltr'><strong>sibi</strong></span> <span class='ocrx_word' id='word_1_772' title='bbox 3558 3408 3743 3456; x_wconf 82' lang='lat' dir='ltr'><strong>autem</strong></span> 
     </span>
    </p>
   </div>
   <div class='ocr_carea' id='block_1_97' title="bbox 2160 3487 3747 3558">
    <p class='ocr_par' dir='ltr' id='par_1_97' title="bbox 2160 3487 3747 3558">
     <span class='ocr_line' id='line_1_97' title="bbox 2160 3487 3747 3558; baseline 0.006 -17"><span class='ocrx_word' id='word_1_773' title='bbox 2160 3488 2460 3558; x_wconf 85' lang='lat' dir='ltr'><strong>graviorem</strong></span> <span class='ocrx_word' id='word_1_774' title='bbox 2485 3487 2688 3557; x_wconf 88' lang='lat' dir='ltr'><strong>lapsum</strong></span> <span class='ocrx_word' id='word_1_775' title='bbox 2710 3488 3051 3557; x_wconf 84' lang='lat' dir='ltr'><strong>procuravit?</strong></span> <span class='ocrx_word' id='word_1_776' title='bbox 3075 3487 3210 3556; x_wconf 91' lang='lat' dir='ltr'><strong>Quid</strong></span> <span class='ocrx_word' id='word_1_777' title='bbox 3232 3503 3357 3545; x_wconf 78' lang='lat' dir='ltr'><strong>vero</strong></span> <span class='ocrx_word' id='word_1_778' title='bbox 3380 3489 3539 3546; x_wconf 80' lang='lat' dir='ltr'><strong>Cain?</strong></span> <span class='ocrx_word' id='word_1_779' title='bbox 3565 3506 3747 3550; x_wconf 86' lang='lat' dir='ltr'><strong>annon</strong></span> 
     </span>
    </p>
   </div>
   <div class='ocr_carea' id='block_1_98' title="bbox 2162 3578 3745 3651">
    <p class='ocr_par' dir='ltr' id='par_1_98' title="bbox 2162 3578 3745 3651">
     <span class='ocr_line' id='line_1_98' title="bbox 2162 3578 3745 3651; baseline 0.004 -18"><span class='ocrx_word' id='word_1_780' title='bbox 2162 3578 2308 3633; x_wconf 87' lang='lat' dir='ltr'><strong>solus</strong></span> <span class='ocrx_word' id='word_1_781' title='bbox 2353 3578 2490 3635; x_wconf 89' lang='lat' dir='ltr'><strong>mala</strong></span> <span class='ocrx_word' id='word_1_782' title='bbox 2535 3578 2747 3635; x_wconf 79' lang='lat' dir='ltr'><strong>hausit?</strong></span> <span class='ocrx_word' id='word_1_783' title='bbox 2794 3578 2945 3647; x_wconf 85' lang='lat' dir='ltr'><strong>Non,</strong></span> <span class='ocrx_word' id='word_1_784' title='bbox 2992 3581 3191 3651; x_wconf 90' lang='lat' dir='ltr'><strong>inquit,</strong></span> <span class='ocrx_word' id='word_1_785' title='bbox 3242 3580 3338 3638; x_wconf 86' lang='lat' dir='ltr'><strong>sed</strong></span> <span class='ocrx_word' id='word_1_786' title='bbox 3381 3583 3542 3638; x_wconf 89' lang='lat' dir='ltr'><strong>etiam</strong></span> <span class='ocrx_word' id='word_1_787' title='bbox 3583 3582 3745 3640; x_wconf 78' lang='lat' dir='ltr'><strong>Abel.</strong></span> 
     </span>
    </p>
   </div>
   <div class='ocr_carea' id='block_1_99' title="bbox 2162 3670 3746 3741">
    <p class='ocr_par' dir='ltr' id='par_1_99' title="bbox 2162 3670 3746 3741">
     <span class='ocr_line' id='line_1_99' title="bbox 2162 3670 3746 3741; baseline 0.004 -16"><span class='ocrx_word' id='word_1_788' title='bbox 2162 3670 2438 3739; x_wconf 89' lang='lat' dir='ltr'><strong>Quomodo</strong></span> <span class='ocrx_word' id='word_1_789' title='bbox 2461 3711 2478 3739; x_wconf 89' lang='lat'><strong>,</strong></span> <span class='ocrx_word' id='word_1_790' title='bbox 2509 3680 2564 3726; x_wconf 91' lang='lat' dir='ltr'><strong>et</strong></span> <span class='ocrx_word' id='word_1_791' title='bbox 2587 3686 2689 3741; x_wconf 87' lang='lat' dir='ltr'><strong>qua</strong></span> <span class='ocrx_word' id='word_1_792' title='bbox 2718 3670 2961 3725; x_wconf 83' lang='lat' dir='ltr'><strong>ratione?</strong></span> <span class='ocrx_word' id='word_1_793' title='bbox 2980 3671 3111 3738; x_wconf 87' lang='lat' dir='ltr'><strong>Quia</strong></span> <span class='ocrx_word' id='word_1_794' title='bbox 3136 3672 3381 3728; x_wconf 86' lang='lat' dir='ltr'><strong>celeriter</strong></span> <span class='ocrx_word' id='word_1_795' title='bbox 3399 3673 3746 3731; x_wconf 79' lang='lat' dir='ltr'><strong>transmissus</strong></span> 
     </span>
    </p>
   </div>
   <div class='ocr_carea' id='block_1_100' title="bbox 2163 3761 3747 3833">
    <p class='ocr_par' dir='ltr' id='par_1_100' title="bbox 2163 3761 3747 3833">
     <span class='ocr_line' id='line_1_100' title="bbox 2163 3761 3747 3833; baseline 0.003 -17"><span class='ocrx_word' id='word_1_796' title='bbox 2163 3768 2246 3816; x_wconf 90' lang='lat' dir='ltr'><strong>est</strong></span> <span class='ocrx_word' id='word_1_797' title='bbox 2287 3763 2341 3815; x_wconf 84' lang='lat' dir='ltr'><strong>in</strong></span> <span class='ocrx_word' id='word_1_798' title='bbox 2384 3769 2594 3831; x_wconf 88' lang='lat' dir='ltr'><strong>portum</strong></span> <span class='ocrx_word' id='word_1_799' title='bbox 2636 3761 2798 3816; x_wconf 89' lang='lat' dir='ltr'><strong>nullis</strong></span> <span class='ocrx_word' id='word_1_800' title='bbox 2824 3761 3068 3817; x_wconf 81' lang='lat' dir='ltr'><strong>fluctibus</strong></span> <span class='ocrx_word' id='word_1_801' title='bbox 3092 3762 3368 3833; x_wconf 84' lang='lat' dir='ltr'><strong>agitatum.</strong></span> <span class='ocrx_word' id='word_1_802' title='bbox 3395 3762 3503 3820; x_wconf 89' lang='lat' dir='ltr'><strong>Sed</strong></span> <span class='ocrx_word' id='word_1_803' title='bbox 3531 3763 3633 3820; x_wconf 91' lang='lat' dir='ltr'><strong>hoc</strong></span> <span class='ocrx_word' id='word_1_804' title='bbox 3661 3773 3747 3821; x_wconf 87' lang='lat' dir='ltr'><strong>est</strong></span> 
     </span>
    </p>
   </div>
   <div class='ocr_carea' id='block_1_101' title="bbox 2161 3852 3747 3927">
    <p class='ocr_par' dir='ltr' id='par_1_101' title="bbox 2161 3852 3747 3927">
     <span class='ocr_line' id='line_1_101' title="bbox 2161 3852 3747 3927; baseline 0.003 -20"><span class='ocrx_word' id='word_1_805' title='bbox 2161 3852 2449 3908; x_wconf 85' lang='lat' dir='ltr'><strong>maximum</strong></span> <span class='ocrx_word' id='word_1_806' title='bbox 2492 3866 2661 3924; x_wconf 83' lang='lat' dir='ltr'><strong>genus</strong></span> <span class='ocrx_word' id='word_1_807' title='bbox 2699 3852 2941 3909; x_wconf 83' lang='lat' dir='ltr'><strong>beneficii</strong></span> <span class='ocrx_word' id='word_1_808' title='bbox 2960 3894 2976 3922; x_wconf 93' lang='lat'><strong>,</strong></span> <span class='ocrx_word' id='word_1_809' title='bbox 3008 3852 3149 3925; x_wconf 92' lang='lat' dir='ltr'><strong>quod</strong></span> <span class='ocrx_word' id='word_1_810' title='bbox 3188 3868 3250 3910; x_wconf 91' lang='lat' dir='ltr'><strong>re</strong></span> <span class='ocrx_word' id='word_1_811' title='bbox 3274 3869 3306 3909; x_wconf 88' lang='lat' dir='ltr'><strong>a</strong></span> <span class='ocrx_word' id='word_1_812' title='bbox 3332 3868 3395 3911; x_wconf 82' lang='lat' dir='ltr'><strong>se</strong></span> <span class='ocrx_word' id='word_1_813' title='bbox 3426 3864 3573 3911; x_wconf 86' lang='lat' dir='ltr'><strong>recte</strong></span> <span class='ocrx_word' id='word_1_814' title='bbox 3597 3864 3747 3927; x_wconf 79' lang='lat' dir='ltr'><strong>gesta</strong></span> 
     </span>
    </p>
   </div>
   <div class='ocr_carea' id='block_1_102' title="bbox 2163 3944 3747 4020">
    <p class='ocr_par' dir='ltr' id='par_1_102' title="bbox 2163 3944 3747 4020">
     <span class='ocr_line' id='line_1_102' title="bbox 2163 3944 3747 4020; baseline 0.004 -21"><span class='ocrx_word' id='word_1_815' title='bbox 2163 3944 2352 4001; x_wconf 80' lang='lat' dir='ltr'><strong>abierit</strong></span> <span class='ocrx_word' id='word_1_816' title='bbox 2371 3985 2387 4012; x_wconf 93' lang='lat'><strong>,</strong></span> <span class='ocrx_word' id='word_1_817' title='bbox 2417 3945 2557 4015; x_wconf 90' lang='lat' dir='ltr'><strong>quod</strong></span> <span class='ocrx_word' id='word_1_818' title='bbox 2584 3944 2639 4001; x_wconf 91' lang='lat' dir='ltr'><strong>in</strong></span> <span class='ocrx_word' id='word_1_819' title='bbox 2667 3946 2938 4001; x_wconf 90' lang='lat' dir='ltr'><strong>communi</strong></span> <span class='ocrx_word' id='word_1_820' title='bbox 2968 3956 3168 4003; x_wconf 64' lang='lat' dir='ltr'><strong>natura:</strong></span> <span class='ocrx_word' id='word_1_821' title='bbox 3192 3946 3372 4003; x_wconf 88' lang='lat' dir='ltr'><strong>debito</strong></span> <span class='ocrx_word' id='word_1_822' title='bbox 3393 3949 3559 4019; x_wconf 89' lang='lat' dir='ltr'><strong>probe</strong></span> <span class='ocrx_word' id='word_1_823' title='bbox 3578 3964 3747 4020; x_wconf 85' lang='lat' dir='ltr'><strong>nego-</strong></span> 
     </span>
    </p>
   </div>
   <div class='ocr_carea' id='block_1_103' title="bbox 2164 4035 3747 4107">
    <p class='ocr_par' dir='ltr' id='par_1_103' title="bbox 2164 4035 3747 4107">
     <span class='ocr_line' id='line_1_103' title="bbox 2164 4035 3747 4107; baseline 0.005 -17"><span class='ocrx_word' id='word_1_824' title='bbox 2164 4035 2325 4091; x_wconf 90' lang='lat' dir='ltr'><strong>tiatus</strong></span> <span class='ocrx_word' id='word_1_825' title='bbox 2367 4036 2455 4091; x_wconf 91' lang='lat' dir='ltr'><strong>sit.</strong></span> <span class='ocrx_word' id='word_1_826' title='bbox 2485 4035 2616 4091; x_wconf 82' lang='lat' dir='ltr'><strong>Nam</strong></span> <span class='ocrx_word' id='word_1_827' title='bbox 2643 4036 2785 4107; x_wconf 91' lang='lat' dir='ltr'><strong>quod</strong></span> <span class='ocrx_word' id='word_1_828' title='bbox 2814 4046 2930 4093; x_wconf 90' lang='lat' dir='ltr'><strong>erat</strong></span> <span class='ocrx_word' id='word_1_829' title='bbox 2956 4038 3076 4093; x_wconf 88' lang='lat' dir='ltr'><strong>aliis</strong></span> <span class='ocrx_word' id='word_1_830' title='bbox 3100 4053 3382 4095; x_wconf 91' lang='lat' dir='ltr'><strong>commune</strong></span> <span class='ocrx_word' id='word_1_831' title='bbox 3399 4080 3414 4105; x_wconf 95' lang='lat'><strong>,</strong></span> <span class='ocrx_word' id='word_1_832' title='bbox 3441 4050 3498 4097; x_wconf 89' lang='lat' dir='ltr'><strong>et</strong></span> <span class='ocrx_word' id='word_1_833' title='bbox 3523 4041 3747 4098; x_wconf 81' lang='lat' dir='ltr'><strong>accide-</strong></span> 
     </span>
    </p>
   </div>
   <div class='ocr_carea' id='block_1_104' title="bbox 2163 4126 3747 4200">
    <p class='ocr_par' dir='ltr' id='par_1_104' title="bbox 2163 4126 3747 4200">
     <span class='ocr_line' id='line_1_104' title="bbox 2163 4126 3747 4200; baseline 0.004 -18"><span class='ocrx_word' id='word_1_834' title='bbox 2163 4128 2252 4183; x_wconf 87' lang='lat' dir='ltr'><strong>bat</strong></span> <span class='ocrx_word' id='word_1_835' title='bbox 2277 4143 2343 4183; x_wconf 83' lang='lat' dir='ltr'><strong>ex</strong></span> <span class='ocrx_word' id='word_1_836' title='bbox 2373 4128 2722 4193; x_wconf 84' lang='lat' dir='ltr'><strong>necessitate,</strong></span> <span class='ocrx_word' id='word_1_837' title='bbox 2753 4126 2854 4185; x_wconf 91' lang='lat' dir='ltr'><strong>hoc</strong></span> <span class='ocrx_word' id='word_1_838' title='bbox 2882 4130 2930 4184; x_wconf 89' lang='lat' dir='ltr'><strong>ei</strong></span> <span class='ocrx_word' id='word_1_839' title='bbox 2955 4143 3074 4184; x_wconf 92' lang='lat' dir='ltr'><strong>cum</strong></span> <span class='ocrx_word' id='word_1_840' title='bbox 3104 4130 3278 4200; x_wconf 87' lang='lat' dir='ltr'><strong>ampla</strong></span> <span class='ocrx_word' id='word_1_841' title='bbox 3309 4131 3557 4187; x_wconf 88' lang='lat' dir='ltr'><strong>mercede</strong></span> <span class='ocrx_word' id='word_1_842' title='bbox 3584 4146 3747 4189; x_wconf 82' lang='lat' dir='ltr'><strong>acce-</strong></span> 
     </span>
    </p>
   </div>
   <div class='ocr_carea' id='block_1_105' title="bbox 2162 4216 3747 4288">
    <p class='ocr_par' dir='ltr' id='par_1_105' title="bbox 2162 4216 3747 4288">
     <span class='ocr_line' id='line_1_105' title="bbox 2162 4216 3747 4288; baseline 0.004 -15"><span class='ocrx_word' id='word_1_843' title='bbox 2162 4217 2259 4273; x_wconf 90' lang='lat' dir='ltr'><strong>dit.</strong></span> <span class='ocrx_word' id='word_1_844' title='bbox 2308 4216 2421 4273; x_wconf 84' lang='lat' dir='ltr'><strong>Hoc</strong></span> <span class='ocrx_word' id='word_1_845' title='bbox 2468 4233 2572 4274; x_wconf 92' lang='lat' dir='ltr'><strong>non</strong></span> <span class='ocrx_word' id='word_1_846' title='bbox 2615 4228 2730 4274; x_wconf 88' lang='lat' dir='ltr'><strong>erat</strong></span> <span class='ocrx_word' id='word_1_847' title='bbox 2767 4218 2965 4273; x_wconf 89' lang='lat' dir='ltr'><strong>malum</strong></span> <span class='ocrx_word' id='word_1_848' title='bbox 3002 4220 3299 4288; x_wconf 79' lang='lat' dir='ltr'><strong>suStinere,</strong></span> <span class='ocrx_word' id='word_1_849' title='bbox 3343 4222 3436 4276; x_wconf 87' lang='lat' dir='ltr'><strong>sed</strong></span> <span class='ocrx_word' id='word_1_850' title='bbox 3460 4222 3747 4280; x_wconf 85' lang='lat' dir='ltr'><strong>clariorem</strong></span> 
     </span>
    </p>
   </div>
   <div class='ocr_carea' id='block_1_106' title="bbox 2162 4308 3749 4383">
    <p class='ocr_par' dir='ltr' id='par_1_106' title="bbox 2162 4308 3749 4383">
     <span class='ocr_line' id='line_1_106' title="bbox 2162 4308 3749 4383; baseline 0.004 -19"><span class='ocrx_word' id='word_1_851' title='bbox 2162 4310 2322 4379; x_wconf 87' lang='lat' dir='ltr'><strong>capiti</strong></span> <span class='ocrx_word' id='word_1_852' title='bbox 2352 4324 2601 4364; x_wconf 89' lang='lat' dir='ltr'><strong>coronam</strong></span> <span class='ocrx_word' id='word_1_853' title='bbox 2629 4309 2926 4379; x_wconf 88' lang='lat' dir='ltr'><strong>imponere.</strong></span> <span class='ocrx_word' id='word_1_854' title='bbox 2956 4308 3091 4378; x_wconf 91' lang='lat' dir='ltr'><strong>Quid</strong></span> <span class='ocrx_word' id='word_1_855' title='bbox 3119 4326 3246 4366; x_wconf 88' lang='lat' dir='ltr'><strong>vero</strong></span> <span class='ocrx_word' id='word_1_856' title='bbox 3267 4309 3465 4383; x_wconf 68' lang='lat' dir='ltr'><strong>Ioseph</strong></span> <span class='ocrx_word' id='word_1_857' title='bbox 3490 4312 3749 4370; x_wconf 64' lang='lat' dir='ltr'><strong>laeserunt</strong></span> 
     </span>
    </p>
   </div>
   <div class='ocr_carea' id='block_1_107' title="bbox 2163 4398 3749 4471">
    <p class='ocr_par' dir='ltr' id='par_1_107' title="bbox 2163 4398 3749 4471">
     <span class='ocr_line' id='line_1_107' title="bbox 2163 4398 3749 4471; baseline 0.006 -19"><span class='ocrx_word' id='word_1_858' title='bbox 2163 4398 2392 4455; x_wconf 79' lang='lat' dir='ltr'><strong>fratres?</strong></span> <span class='ocrx_word' id='word_1_859' title='bbox 2421 4415 2596 4455; x_wconf 91' lang='lat' dir='ltr'><strong>nonne</strong></span> <span class='ocrx_word' id='word_1_860' title='bbox 2629 4402 2728 4470; x_wconf 79' lang='lat' dir='ltr'><strong>ipsi</strong></span> <span class='ocrx_word' id='word_1_861' title='bbox 2755 4399 2853 4455; x_wconf 90' lang='lat' dir='ltr'><strong>soli</strong></span> <span class='ocrx_word' id='word_1_862' title='bbox 2879 4402 3017 4456; x_wconf 90' lang='lat' dir='ltr'><strong>mala</strong></span> <span class='ocrx_word' id='word_1_863' title='bbox 3045 4399 3379 4458; x_wconf 83' lang='lat' dir='ltr'><strong>hauserunt?</strong></span> <span class='ocrx_word' id='word_1_864' title='bbox 3406 4405 3477 4459; x_wconf 80' lang='lat' dir='ltr'><strong>At</strong></span> <span class='ocrx_word' id='word_1_865' title='bbox 3499 4403 3596 4459; x_wconf 91' lang='lat' dir='ltr'><strong>fuit</strong></span> <span class='ocrx_word' id='word_1_866' title='bbox 3615 4444 3633 4471; x_wconf 91' lang='lat'><strong>,</strong></span> <span class='ocrx_word' id='word_1_867' title='bbox 3661 4407 3749 4462; x_wconf 84' lang='lat' dir='ltr'><strong>in-</strong></span> 
     </span>
    </p>
   </div>
   <div class='ocr_carea' id='block_1_108' title="bbox 2162 4489 3745 4563">
    <p class='ocr_par' dir='ltr' id='par_1_108' title="bbox 2162 4489 3745 4563">
     <span class='ocr_line' id='line_1_108' title="bbox 2162 4489 3745 4563; baseline 0.004 -18"><span class='ocrx_word' id='word_1_868' title='bbox 2162 4489 2311 4561; x_wconf 91' lang='lat' dir='ltr'><strong>quit,</strong></span> <span class='ocrx_word' id='word_1_869' title='bbox 2354 4505 2560 4545; x_wconf 89' lang='lat' dir='ltr'><strong>servus.</strong></span> <span class='ocrx_word' id='word_1_870' title='bbox 2599 4490 2737 4558; x_wconf 90' lang='lat' dir='ltr'><strong>Quid</strong></span> <span class='ocrx_word' id='word_1_871' title='bbox 2777 4492 2925 4545; x_wconf 89' lang='lat' dir='ltr'><strong>tum?</strong></span> <span class='ocrx_word' id='word_1_872' title='bbox 2968 4491 3080 4563; x_wconf 85' lang='lat' dir='ltr'><strong>Ego</strong></span> <span class='ocrx_word' id='word_1_873' title='bbox 3116 4507 3244 4548; x_wconf 90' lang='lat' dir='ltr'><strong>vero</strong></span> <span class='ocrx_word' id='word_1_874' title='bbox 3284 4493 3405 4550; x_wconf 90' lang='lat' dir='ltr'><strong>dico</strong></span> <span class='ocrx_word' id='word_1_875' title='bbox 3429 4510 3552 4551; x_wconf 89' lang='lat' dir='ltr'><strong>eum</strong></span> <span class='ocrx_word' id='word_1_876' title='bbox 3578 4495 3745 4552; x_wconf 84' lang='lat' dir='ltr'><strong>etiam</strong></span> 
     </span>
    </p>
   </div>
   <div class='ocr_carea' id='block_1_109' title="bbox 2163 4580 3747 4658">
    <p class='ocr_par' dir='ltr' id='par_1_109' title="bbox 2163 4580 3747 4658">
     <span class='ocr_line' id='line_1_109' title="bbox 2163 4580 3747 4658; baseline 0.006 -21"><span class='ocrx_word' id='word_1_877' title='bbox 2163 4584 2398 4637; x_wconf 89' lang='lat' dir='ltr'><strong>vinctum</strong></span> <span class='ocrx_word' id='word_1_878' title='bbox 2427 4583 2445 4615; x_wconf 81' lang='grc'>¹</span> <span class='ocrx_word' id='word_1_879' title='bbox 2490 4580 2673 4639; x_wconf 87' lang='lat' dir='ltr'><strong>fuisse.</strong></span> <span class='ocrx_word' id='word_1_880' title='bbox 2702 4583 2808 4638; x_wconf 90' lang='lat' dir='ltr'><strong>Sed</strong></span> <span class='ocrx_word' id='word_1_881' title='bbox 2836 4599 2940 4638; x_wconf 93' lang='lat' dir='ltr'><strong>non</strong></span> <span class='ocrx_word' id='word_1_882' title='bbox 2968 4593 3051 4639; x_wconf 89' lang='lat' dir='ltr'><strong>est</strong></span> <span class='ocrx_word' id='word_1_883' title='bbox 3073 4585 3176 4641; x_wconf 91' lang='lat' dir='ltr'><strong>hoc</strong></span> <span class='ocrx_word' id='word_1_884' title='bbox 3202 4586 3343 4656; x_wconf 90' lang='lat' dir='ltr'><strong>quod</strong></span> <span class='ocrx_word' id='word_1_885' title='bbox 3363 4589 3640 4658; x_wconf 64' lang='lat' dir='ltr'><strong>quaeritur,</strong></span> <span class='ocrx_word' id='word_1_886' title='bbox 3671 4604 3747 4646; x_wconf 88' lang='lat' dir='ltr'><strong>an</strong></span> 
     </span>
    </p>
   </div>
   <div class='ocr_carea' id='block_1_110' title="bbox 2164 4673 3749 4741">
    <p class='ocr_par' dir='ltr' id='par_1_110' title="bbox 2164 4673 3749 4741">
     <span class='ocr_line' id='line_1_110' title="bbox 2164 4673 3749 4741; baseline 0.005 -12"><span class='ocrx_word' id='word_1_887' title='bbox 2164 4673 2323 4729; x_wconf 92' lang='lat' dir='ltr'><strong>fuerit</strong></span> <span class='ocrx_word' id='word_1_888' title='bbox 2364 4690 2550 4731; x_wconf 84' lang='lat' dir='ltr'><strong>servus</strong></span> <span class='ocrx_word' id='word_1_889' title='bbox 2569 4715 2585 4741; x_wconf 95' lang='lat'><strong>,</strong></span> <span class='ocrx_word' id='word_1_890' title='bbox 2614 4684 2669 4732; x_wconf 89' lang='lat' dir='ltr'><strong>et</strong></span> <span class='ocrx_word' id='word_1_891' title='bbox 2702 4677 2756 4731; x_wconf 90' lang='lat' dir='ltr'><strong>in</strong></span> <span class='ocrx_word' id='word_1_892' title='bbox 2784 4677 3007 4732; x_wconf 87' lang='lat' dir='ltr'><strong>vinculis</strong></span> <span class='ocrx_word' id='word_1_893' title='bbox 3040 4695 3053 4729; x_wconf 86' lang='lat'><strong>:</strong></span> <span class='ocrx_word' id='word_1_894' title='bbox 3085 4678 3179 4733; x_wconf 90' lang='lat' dir='ltr'><strong>sed</strong></span> <span class='ocrx_word' id='word_1_895' title='bbox 3208 4694 3274 4733; x_wconf 88' lang='lat' dir='ltr'><strong>an</strong></span> <span class='ocrx_word' id='word_1_896' title='bbox 3300 4695 3366 4735; x_wconf 81' lang='lat' dir='ltr'><strong>ex</strong></span> <span class='ocrx_word' id='word_1_897' title='bbox 3396 4695 3461 4735; x_wconf 90' lang='lat' dir='ltr'><strong>eo</strong></span> <span class='ocrx_word' id='word_1_898' title='bbox 3487 4680 3749 4738; x_wconf 86' lang='lat' dir='ltr'><strong>damnum</strong></span> 
     </span>
    </p>
   </div>
   <div class='ocr_carea' id='block_1_111' title="bbox 2164 4764 3752 4844">
    <p class='ocr_par' dir='ltr' id='par_1_111' title="bbox 2164 4764 3752 4844">
     <span class='ocr_line' id='line_1_111' title="bbox 2164 4764 3752 4844; baseline 0.006 -25"><span class='ocrx_word' id='word_1_899' title='bbox 2164 4765 2329 4819; x_wconf 87' lang='lat' dir='ltr'><strong>ullum</strong></span> <span class='ocrx_word' id='word_1_900' title='bbox 2354 4765 2638 4836; x_wconf 87' lang='lat' dir='ltr'><strong>acceperit.</strong></span> <span class='ocrx_word' id='word_1_901' title='bbox 2661 4764 2993 4822; x_wconf 86' lang='lat' dir='ltr'><strong>Contrarium</strong></span> <span class='ocrx_word' id='word_1_902' title='bbox 3020 4769 3163 4824; x_wconf 88' lang='lat' dir='ltr'><strong>enim</strong></span> <span class='ocrx_word' id='word_1_903' title='bbox 3190 4770 3487 4828; x_wconf 91' lang='lat' dir='ltr'><strong>invenimus</strong></span> <span class='ocrx_word' id='word_1_904' title='bbox 3505 4813 3521 4837; x_wconf 93' lang='lat'><strong>,</strong></span> <span class='ocrx_word' id='word_1_905' title='bbox 3550 4788 3752 4844; x_wconf 83' lang='lat' dir='ltr'><strong>nempe</strong></span> 
     </span>
    </p>
   </div>
   <div class='ocr_carea' id='block_1_112' title="bbox 2164 4856 3751 4933">
    <p class='ocr_par' dir='ltr' id='par_1_112' title="bbox 2164 4856 3751 4933">
     <span class='ocr_line' id='line_1_112' title="bbox 2164 4856 3751 4933; baseline 0.005 -21"><span class='ocrx_word' id='word_1_906' title='bbox 2164 4871 2287 4912; x_wconf 92' lang='lat' dir='ltr'><strong>eum</strong></span> <span class='ocrx_word' id='word_1_907' title='bbox 2336 4857 2557 4927; x_wconf 90' lang='lat' dir='ltr'><strong>plurima</strong></span> <span class='ocrx_word' id='word_1_908' title='bbox 2609 4856 2869 4913; x_wconf 89' lang='lat' dir='ltr'><strong>lucratum</strong></span> <span class='ocrx_word' id='word_1_909' title='bbox 2919 4872 3073 4927; x_wconf 88' lang='lat' dir='ltr'><strong>esse,</strong></span> <span class='ocrx_word' id='word_1_910' title='bbox 3121 4861 3291 4931; x_wconf 92' lang='lat' dir='ltr'><strong>utqui</strong></span> <span class='ocrx_word' id='word_1_911' title='bbox 3319 4862 3391 4917; x_wconf 92' lang='lat' dir='ltr'><strong>sit</strong></span> <span class='ocrx_word' id='word_1_912' title='bbox 3409 4862 3548 4933; x_wconf 88' lang='lat' dir='ltr'><strong>apud</strong></span> <span class='ocrx_word' id='word_1_913' title='bbox 3574 4862 3751 4920; x_wconf 88' lang='lat' dir='ltr'><strong>Deum</strong></span> 
     </span>
    </p>
   </div>
   <div class='ocr_carea' id='block_1_113' title="bbox 2165 4946 3754 5023">
    <p class='ocr_par' dir='ltr' id='par_1_113' title="bbox 2165 4946 3754 5023">
     <span class='ocr_line' id='line_1_113' title="bbox 2165 4946 3754 5023; baseline 0.006 -21"><span class='ocrx_word' id='word_1_914' title='bbox 2165 4948 2441 5019; x_wconf 87' lang='lat' dir='ltr'><strong>plurimam</strong></span> <span class='ocrx_word' id='word_1_915' title='bbox 2488 4946 2734 5003; x_wconf 78' lang='lat' dir='ltr'><strong>ﬁduciam</strong></span> <span class='ocrx_word' id='word_1_916' title='bbox 2772 4959 3160 5019; x_wconf 90' lang='lat' dir='ltr'><strong>consequutus,</strong></span> <span class='ocrx_word' id='word_1_917' title='bbox 3190 4962 3244 5006; x_wconf 91' lang='lat' dir='ltr'><strong>et</strong></span> <span class='ocrx_word' id='word_1_918' title='bbox 3268 4967 3365 5022; x_wconf 91' lang='lat' dir='ltr'><strong>per</strong></span> <span class='ocrx_word' id='word_1_919' title='bbox 3389 4967 3452 5008; x_wconf 88' lang='lat' dir='ltr'><strong>ea</strong></span> <span class='ocrx_word' id='word_1_920' title='bbox 3477 4968 3595 5023; x_wconf 62' lang='lat' dir='ltr'><strong>quas</strong></span> <span class='ocrx_word' id='word_1_921' title='bbox 3621 4968 3754 5012; x_wconf 84' lang='lat' dir='ltr'><strong>esse</strong></span> 
     </span>
    </p>
   </div>
   <div class='ocr_carea' id='block_1_114' title="bbox 2163 5038 3750 5115">
    <p class='ocr_par' dir='ltr' id='par_1_114' title="bbox 2163 5038 3750 5115">
     <span class='ocr_line' id='line_1_114' title="bbox 2163 5038 3750 5115; baseline 0.005 -22"><span class='ocrx_word' id='word_1_922' title='bbox 2163 5038 2476 5095; x_wconf 88' lang='lat' dir='ltr'><strong>videbantur</strong></span> <span class='ocrx_word' id='word_1_923' title='bbox 2501 5039 2798 5107; x_wconf 88' lang='lat' dir='ltr'><strong>contraria,</strong></span> <span class='ocrx_word' id='word_1_924' title='bbox 2828 5051 3147 5111; x_wconf 66' lang='lat' dir='ltr'><strong>praesentem</strong></span> <span class='ocrx_word' id='word_1_925' title='bbox 3175 5042 3441 5115; x_wconf 87' lang='lat' dir='ltr'><strong>acceperit</strong></span> <span class='ocrx_word' id='word_1_926' title='bbox 3466 5045 3750 5115; x_wconf 81' lang='lat' dir='ltr'><strong>prosperi-</strong></span> 
     </span>
    </p>
   </div>
   <div class='ocr_carea' id='block_1_115' title="bbox 2167 5139 2347 5185">
    <p class='ocr_par' dir='ltr' id='par_1_115' title="bbox 2167 5139 2347 5185">
     <span class='ocr_line' id='line_1_115' title="bbox 2167 5139 2347 5185; baseline 0 0"><span class='ocrx_word' id='word_1_927' title='bbox 2167 5139 2347 5185; x_wconf 91' lang='lat' dir='ltr'><strong>tatem.</strong></span> 
     </span>
    </p>
   </div>
   <div class='ocr_carea' id='block_1_116' title="bbox 2233 5219 3756 5292">
    <p class='ocr_par' dir='ltr' id='par_1_116' title="bbox 2233 5219 3756 5292">
     <span class='ocr_line' id='line_1_116' title="bbox 2233 5219 3756 5292; baseline 0.006 -18"><span class='ocrx_word' id='word_1_928' title='bbox 2233 5219 2262 5274; x_wconf 90' lang='grc' dir='ltr'><em>Ι</em></span> <span class='ocrx_word' id='word_1_929' title='bbox 2270 5219 2460 5292; x_wconf 82' lang='lat' dir='ltr'><strong>mprobi</strong></span> <span class='ocrx_word' id='word_1_930' title='bbox 2497 5237 2597 5275; x_wconf 88' lang='lat' dir='ltr'><strong>non</strong></span> <span class='ocrx_word' id='word_1_931' title='bbox 2622 5222 2858 5291; x_wconf 85' lang='lat' dir='ltr'><strong>timendi,</strong></span> <span class='ocrx_word' id='word_1_932' title='bbox 2886 5223 2976 5278; x_wconf 84' lang='lat' dir='ltr'><strong>sed</strong></span> <span class='ocrx_word' id='word_1_933' title='bbox 3003 5223 3295 5282; x_wconf 79' lang='lat' dir='ltr'><strong>miserandi.</strong></span> <span class='ocrx_word' id='word_1_934' title='bbox 3326 5224 3482 5283; x_wconf 77' lang='lat' dir='ltr'><strong>Malis</strong></span> <span class='ocrx_word' id='word_1_935' title='bbox 3524 5226 3756 5282; x_wconf 78' lang='lat' dir='ltr'><strong>homini-</strong></span> 
     </span>
    </p>
   </div>
   <div class='ocr_carea' id='block_1_117' title="bbox 2166 5311 3754 5386">
    <p class='ocr_par' dir='ltr' id='par_1_117' title="bbox 2166 5311 3754 5386">
     <span class='ocr_line' id='line_1_117' title="bbox 2166 5311 3754 5386; baseline 0.006 -20"><span class='ocrx_word' id='word_1_936' title='bbox 2166 5311 2254 5366; x_wconf 81' lang='lat' dir='ltr'><strong>bus</strong></span> <span class='ocrx_word' id='word_1_937' title='bbox 2279 5328 2378 5366; x_wconf 86' lang='lat' dir='ltr'><strong>non</strong></span> <span class='ocrx_word' id='word_1_938' title='bbox 2404 5312 2768 5369; x_wconf 84' lang='lat' dir='ltr'><strong>insultandunt.</strong></span> <span class='ocrx_word' id='word_1_939' title='bbox 2801 5313 3151 5386; x_wconf 83' lang='lat' dir='ltr'><strong>Improborum</strong></span> <span class='ocrx_word' id='word_1_940' title='bbox 3180 5317 3483 5373; x_wconf 78' lang='lat' dir='ltr'><strong>consuetudo</strong></span> <span class='ocrx_word' id='word_1_941' title='bbox 3514 5320 3754 5375; x_wconf 80' lang='lat' dir='ltr'><strong>uitanda.</strong></span> 
     </span>
    </p>
   </div>
   <div class='ocr_carea' id='block_1_118' title="bbox 2163 5402 3754 5478">
    <p class='ocr_par' dir='ltr' id='par_1_118' title="bbox 2163 5402 3754 5478">
     <span class='ocr_line' id='line_1_118' title="bbox 2163 5402 3754 5478; baseline 0.008 -21"><span class='ocrx_word' id='word_1_942' title='bbox 2163 5432 2235 5445; x_wconf 88' lang='lat'><strong>—</strong></span> <span class='ocrx_word' id='word_1_943' title='bbox 2256 5402 2332 5458; x_wconf 81' lang='lat' dir='ltr'><strong>Ne</strong></span> <span class='ocrx_word' id='word_1_944' title='bbox 2361 5403 2516 5474; x_wconf 86' lang='lat' dir='ltr'><strong>igitur</strong></span> <span class='ocrx_word' id='word_1_945' title='bbox 2544 5405 2822 5461; x_wconf 88' lang='lat' dir='ltr'><strong>timeamus</strong></span> <span class='ocrx_word' id='word_1_946' title='bbox 2843 5407 3137 5478; x_wconf 89' lang='lat' dir='ltr'><strong>improbos,</strong></span> <span class='ocrx_word' id='word_1_947' title='bbox 3158 5409 3253 5465; x_wconf 87' lang='lat' dir='ltr'><strong>sed</strong></span> <span class='ocrx_word' id='word_1_948' title='bbox 3280 5424 3464 5467; x_wconf 90' lang='lat' dir='ltr'><strong>eorum</strong></span> <span class='ocrx_word' id='word_1_949' title='bbox 3489 5412 3754 5469; x_wconf 86' lang='lat' dir='ltr'><strong>miserea-</strong></span> 
     </span>
    </p>
   </div>
   <div class='ocr_carea' id='block_1_119' title="bbox 2228 5535 3740 5611">
    <p class='ocr_par' dir='ltr' id='par_1_119' title="bbox 2228 5535 3740 5611">
     <span class='ocr_line' id='line_1_119' title="bbox 2228 5535 3740 5611; baseline 0.018 -27"><span class='ocrx_word' id='word_1_950' title='bbox 2228 5535 2247 5568; x_wconf 78' lang='grc' dir='ltr'>ί</span> <span class='ocrx_word' id='word_1_951' title='bbox 2279 5536 2542 5611; x_wconf 64' lang='lat' dir='ltr'><strong>r-eptianus</strong></span> <span class='ocrx_word' id='word_1_952' title='bbox 2564 5543 2804 5611; x_wconf 59' lang='lat' dir='ltr'><strong>Herygtutj</strong></span> <span class='ocrx_word' id='word_1_953' title='bbox 2824 5541 2926 5610; x_wconf 71' lang='lat' dir='ltr'><strong>qui.</strong></span> <span class='ocrx_word' id='word_1_954' title='bbox 2951 5548 3127 5601; x_wconf 63' lang='grc' dir='ltr'><strong>δεσπότης</strong></span> <span class='ocrx_word' id='word_1_955' title='bbox 3140 5575 3155 5601; x_wconf 71' lang='grc' dir='ltr'><strong>ο</strong></span> <span class='ocrx_word' id='word_1_956' title='bbox 3171 5554 3276 5611; x_wconf 64' lang='lat' dir='ltr'><strong>NQ.</strong></span> <span class='ocrx_word' id='word_1_957' title='bbox 3297 5551 3509 5609; x_wconf 62' lang='grc' dir='ltr'><strong>θαι-δην</strong></span> <span class='ocrx_word' id='word_1_958' title='bbox 3526 5558 3576 5611; x_wconf 91' lang='lat' dir='ltr'><strong>in</strong></span> <span class='ocrx_word' id='word_1_959' title='bbox 3586 5563 3740 5610; x_wconf 80' lang='lat' dir='ltr'><strong>textu</strong></span> 
     </span>
    </p>
   </div>
   <div class='ocr_carea' id='block_1_120' title="bbox 2150 5596 3433 5668">
    <p class='ocr_par' dir='ltr' id='par_1_120' title="bbox 2150 5596 3433 5668">
     <span class='ocr_line' id='line_1_120' title="bbox 2150 5596 3433 5668; baseline 0.01 -22"><span class='ocrx_word' id='word_1_960' title='bbox 2150 5597 2320 5652; x_wconf 72' lang='lat' dir='ltr'><strong>Graeco</strong></span> <span class='ocrx_word' id='word_1_961' title='bbox 2348 5596 2556 5661; x_wconf 75' lang='lat' dir='ltr'><strong>legerat,</strong></span> <span class='ocrx_word' id='word_1_962' title='bbox 2575 5600 2741 5662; x_wconf 83' lang='lat' dir='ltr'><strong>vertit,</strong></span> <span class='ocrx_word' id='word_1_963' title='bbox 2768 5596 3039 5667; x_wconf 77' lang='lat' dir='ltr'><strong>Doim&#39;num,</strong></span> <span class='ocrx_word' id='word_1_964' title='bbox 3077 5596 3185 5668; x_wconf 71' lang='lat' dir='ltr'><strong>pro,</strong></span> 
     </span>
    </p>
   </div>
  </div>
