4070 6214
276 274 376 344 tsi

278 405 419 458 mur.
479 385 627 452 Tunc
678 393 820 448 enim
861 391 980 461 jure
1023 387 1236 458 quidem
1281 393 1433 439 erant
1463 381 1715 444 timendi,
1746 393 1888 433 cum.

280 490 517 548 nondum
558 495 740 556 aperta
789 491 936 539 esset
977 483 1082 535 alta
1117 480 1200 532 via
1226 519 1240 540 ,
1273 492 1392 546 qum
1418 474 1642 528 duceret
1664 471 1730 526 ad
1758 471 1872 540 phi-

279 579 578 650 losophia-tu
609 594 623 631 :
652 581 790 631 hunc
811 583 990 630 autem
1027 585 1132 626 non
1173 569 1402 638 amplius
1423 607 1441 631 ,
1472 581 1594 620 cum
1622 565 1874 632 deinceps

279 672 398 728 ωιιί
441 671 598 726 nobis
644 673 896 738 pateant,
944 674 1000 720 et
1046 662 1290 716 homines
1327 657 1502 728 angeli
1541 655 1716 711 edocti
1743 655 1866 708 sint.

279 765 414 822 Nam
455 769 512 818 et
551 760 721 816 bestia
762 771 882 828 quae
909 759 1033 811 cum
1064 766 1258 821 magno
1288 750 1487 818 impetu
1517 747 1670 802 irruit
1695 746 1748 799 in
1779 745 1873 804 Ita-

279 868 382 914 sta:
405 855 609 918 aciem,
635 851 849 906 videtur
877 846 1094 918 quidem
1124 853 1247 898 eum
1275 840 1458 896 ulcisci
1485 837 1577 908 qui
1611 845 1754 892 tenet
1779 834 1873 890 ha-

281 957 455 1012 stam,
501 957 689 1000 rerum
730 938 936 1008 sibiipsi
966 935 1180 1007 gravius
1211 931 1400 986 vulnus
1431 928 1621 998 inﬂigit
1653 946 1674 988 ετ
1698 935 1754 982 et
1779 925 1874 996 qui-

281 1049 470 1098 contra
499 1036 774 1093 stimulum
795 1032 1057 1093 calcitrat,
1087 1025 1270 1081 itidem
1298 1022 1464 1092 pedes
1482 1020 1584 1077 sibi
1603 1027 1868 1075 cruentata

351 1129 410 1185 2.
461 1129 606 1184 Talis
655 1125 739 1182 eat
781 1124 986 1186 virtus,
1015 1116 1263 1174 stimulus
1303 1123 1360 1169 et
1393 1113 1601 1184 gladius
1635 1119 1822 1168 acutus
1854 1119 1868 1163 ε

283 1234 476 1278 omnes
521 1227 698 1273 autem
749 1213 976 1284 improbi
1022 1215 1146 1265 sunt
1181 1206 1514 1271 deteriores,
1557 1211 1612 1259 ct
1652 1201 1874 1257 rationis

285 1313 453 1382 magis
483 1318 732 1380 expertes
759 1320 918 1377 quam
947 1303 1151 1358 bestia.
1180 1298 1402 1367 Quando
1430 1308 1558 1367 ergo
1587 1295 1756 1350 bonos
1786 1295 1874 1349 iu.-

285 1403 510 1467 raduut,
535 1415 593 1456 se
621 1399 764 1470 ipsos
785 1397 1000 1467 gravius
1013 1391 1324 1449 confodiunt
1347 1407 1360 1443 :
1380 1388 1484 1443 illis
1501 1387 1716 1458 quidem
1732 1397 1874 1455 stupe

287 1494 340 1548 in
373 1492 596 1562 pecunia
615 1529 634 1556 ,
655 1488 739 1542 rei
763 1491 924 1542 etiam
956 1485 1008 1538 in
1032 1495 1255 1552 corpore
1277 1479 1528 1535 damnum
1551 1476 1870 1534 atterentes:

287 1583 498 1652 scipsos
544 1589 722 1634 autem
764 1577 816 1631 in
856 1575 1031 1628 anima
1054 1612 1070 1640 ,
1100 1569 1241 1642 quod
1267 1568 1479 1640 quidem
1509 1576 1594 1624 est
1621 1581 1750 1624 vere
1775 1567 1870 1624 das

289 1687 474 1728 mnum
498 1709 512 1738 ,
547 1669 823 1725 ludentes.
861 1666 918 1722 Si
945 1665 1090 1720 enim
1116 1664 1169 1721 in
1199 1662 1413 1733 propria
1442 1673 1540 1719 nos
1563 1659 1893 1718 virtutem--

287 1765 444 1821 deret
480 1764 734 1819 damnum
779 1758 1052 1831 peeunim,
1090 1770 1196 1811 non
1233 1753 1572 1826 praecepisset
1601 1751 1878 1808 Paulusut

290 1857 538 1928 iniuriam
584 1856 924 1925 pateremur,
973 1865 1078 1904 non
1123 1853 1298 1902 autem
1331 1845 1628 1902 iaceremus
1649 1843 1726 1913 (l.
1753 1841 1874 1902 Cor.-

289 1948 343 2004 6.
381 1949 460 2017 7).
502 1946 560 2002 Si
589 1945 784 1999 malum
813 1950 960 1998 esset
989 1938 1179 2010 injuria
1208 1937 1388 2002 allici,
1420 1951 1527 1994 non
1553 1935 1750 2006 quiest
1776 1934 1875 1988 bo-

290 2053 482 2095 norum
521 2037 794 2107 legislator
826 2033 966 2088 mala
1000 2030 1270 2102 iussisset.
1299 2028 1496 2084 Verum
1525 2027 1768 2097 quamvis
1789 2041 1878 2084 res

289 2130 362 2183 ita
403 2143 467 2184 se
509 2127 776 2189 habeant,
823 2139 934 2178 non
968 2127 1178 2192 apol-tet
1207 2117 1359 2174 malis
1385 2117 1670 2185 insultare,
1697 2131 1797 2174 nec
1824 2116 1874 2172 in

289 2235 385 2275 eos
425 2219 686 2288 impetum
727 2213 934 2279 facere,
977 2210 1072 2266 sed
1118 2221 1306 2266 eorum
1348 2208 1512 2270 vitare
1539 2206 1879 2262 consuetudi-

293 2325 416 2364 nem
449 2319 466 2363 ι
490 2309 550 2362 si-
578 2305 864 2371 invadunt,
896 2302 1016 2358 forti
1043 2311 1096 2357 et
1121 2299 1586 2371 generosotanitno
1609 2313 1702 2354 eos
1730 2299 1888 2352 excid--

294 2417 444 2472 pere.
479 2400 602 2455 hleo
627 2399 768 2454 enim
797 2397 1047 2466 jubemur
1073 2407 1260 2459 orare,
1289 2407 1355 2445 ne
1385 2393 1641 2446 intremus
1671 2391 1724 2446 in
1757 2399 1889 2445 ten--

297 2492 573 2547 tationem.
609 2489 865 2556 Quocirca
905 2486 1020 2557 ipse
1045 2498 1254 2554 quoque
1279 2480 1691 2548 cumidisisset,
1720 2479 1886 2550 Eripe.

295 2599 411 2646 me,
448 2579 700 2644 Domine,
729 2577 790 2631 ab
815 2577 1018 2630 herniae
1041 2575 1174 2628 maio
1195 2614 1209 2638 ,
1239 2571 1543 2641 subiunxit,
1576 2571 1618 2624 Α
1645 2573 1748 2624 uiro
1774 2557 1878 2624 ini-"-

295 2688 396 2742 quo
435 2671 576 2741 eripe
611 2683 697 2724 tne
733 2683 760 2722 -:
803 2681 1006 2737 ponens
1035 2677 1222 2720 rursus
1246 2662 1494 2733 generale
1522 2673 1718 2720 uolneri
1743 2660 1882 2714 vitii.

295 2763 416 2820 Non
444 2761 620 2818 solum
645 2762 788 2816 enirn
815 2773 936 2813 cum
965 2756 1060 2827 qui.
1085 2757 1140 2810 in
1165 2754 1385 2826 pecunia
1405 2787 1421 2820 ,
1449 2752 1542 2808 sed
1571 2767 1692 2808 cum
1719 2753 1878 2807 etiam

295 2857 386 2927 qui
429 2854 588 2910 estin
617 2851 866 2906 omnibus
894 2850 1011 2912 aliis
1040 2848 1272 2917 injust-its
1299 2847 1386 2901 hic
1411 2845 1558 2901 dicit.
1588 2845 1759 2914 Rogat
1780 2859 1886 2900 nu-

297 2957 408 3002 tent
467 2954 526 2999 ut
585 2943 870 3008 liberetur,
931 2955 1002 2995 ne
1037 2939 1194 2994 cadat
1230 2953 1332 2994 nec
1383 2935 1471 2991 ﬁat
1519 2945 1585 2992 ut
1634 2935 1729 2992 ille
1771 2943 1886 2992 esse

297 3038 414 3093 Non
463 3035 594 3107 petit
640 3032 914 3098 absolute,
971 3031 1071 3085 nisi
1123 3045 1252 3085 cum
1304 3043 1398 3084 sua
1445 3027 1590 3098 prius
1631 3027 1879 3084 cumules

297 3133 383 3187 rit.
435 3131 508 3186 Et
551 3129 672 3183 ideo
705 3135 827 3182 cum
873 3129 924 3180 in
972 3125 1078 3181 line
1121 3123 1312 3195 prioris
1353 3124 1560 3178 Psalnti.
1585 3129 1680 3177 eos
1715 3122 1884 3192 iugis-

299 3231 382 3278 set
412 3259 430 3287 ,
476 3231 530 3276 et
567 3231 754 3275 eorum
797 3217 1272 3280 consuetudinem,
1305 3215 1391 3268 hic
1433 3215 1561 3283 petit
1597 3214 1692 3268 Dei
1733 3214 1882 3268 ausi.-

300 3315 453 3368 lium.
504 3313 615 3367 ilhc
659 3311 801 3366 enim
841 3323 960 3379 qua:
1001 3321 1096 3362 sua
1139 3315 1292 3362 erant
1330 3305 1627 3361 contulerat
1663 3305 1882 3370 dicens,

311 3405 420 3460 Viri
452 3403 792 3474 stmgttiuttm,
820 3401 1066 3455 declinata
1091 3414 1126 3453 ιι
1151 3411 1264 3466 me,
1295 3398 1416 3469 quis
1439 3397 1642 3467 litigiosi
1676 3395 1799 3451 estis
1831 3396 1883 3450 in

301 3495 682 3567 cogitationibus
727 3495 745 3563 (
779 3491 924 3547 Prol.
975 3490 1100 3547 l38.
1154 3489 1346 3560 θῦμ’
1379 3487 1465 3544 hic
1507 3496 1688 3543 autem
1734 3495 1886 3557 regat

304 3587 478 3642 Deum
498 3591 556 3640 ut
583 3583 837 3639 liberetur
863 3581 943 3635 alr
959 3595 1148 3637 eorum
1182 3579 1541 3650 improbitate.
1589 3577 1704 3633 Non
1740 3576 1882 3634 enim

305 3683 520 3746 parium
543 3681 640 3730 aut-
662 3674 782 3730 leve'
813 3672 943 3744 quid
969 3681 1054 3728 est
1084 3671 1152 3727 ad
1173 3674 1538 3735 securitatem,
1568 3669 1640 3725 ad
1663 3670 1880 3726 liberta-

306 3775 747 3830 tem,o‘t.ornnem
771 3763 1122 3833 voluptatem,
1151 3761 1370 3816 liberari
1414 3775 1446 3814 a
1485 3759 1578 3815 tali
1603 3759 1880 3816 hominum

305 3867 468 3920 omni,
509 3866 560 3912 et
585 3869 744 3926 quam
767 3853 1080 3924 longissime
1105 3851 1172 3905 ab
1197 3851 1562 3920 improborum
1606 3857 1886 3910 consuetu-

307 3949 430 4002 dine
455 3946 678 4013 versari,
723 3947 832 4000 imo
869 3955 998 3998 vero
1037 3955 1230 4010 magna
1277 3949 1361 3994 est
1405 3938 1655 3994 felicitas.
1686 3938 1886 3996 Deinde

309 4042 542 4110 ipsorum
593 4037 906 4094 describens
956 4032 1351 4104 improbitatem
1374 4067 1392 4095 ,
1446 4031 1593 4085 addit
1651 4040 1707 4085 et
1754 4029 1832 4084 ait
1869 4045 1882 4084 :

309 4135 360 4187 3.
395 4132 496 4199 Qui
519 4129 862 4202 cogitaverunt
883 4125 1196 4195 iniquitatem
1229 4123 1282 4176 in
1304 4121 1460 4175 corde
1487 4136 1505 4175 ε
1533 4128 1644 4174 tota
1663 4120 1748 4174 die
1767 4135 1888 4174 con-

309 4222 577 4276 stituebant
603 4219 803 4288 pratia.
835 4213 1026 4270 Vidisti
1051 4211 1322 4284 quomodo
1347 4211 1458 4266 sint
1483 4209 1630 4273 ferae,
1655 4224 1780 4279 quin
1804 4209 1887 4264 vix

310 4311 485 4366 caveri
519 4318 758 4378 possunt,
799 4306 976 4378 utqui
1017 4305 1160 4360 mala
1187 4304 1240 4358 in
1271 4303 1452 4358 anitne
1492 4303 1886 4366 maeltinentnr,

311 4411 366 4457 et
394 4401 570 4455 colunt
596 4399 650 4452 in
675 4400 880 4454 arcanis
919 4397 1155 4454 insidias.
1200 4394 1578 4465 Cogitavsrunt,
1619 4393 1810 4463 inquit,
1837 4394 1890 4448 in

311 4492 493 4555 corde;
517 4491 618 4544 hoc
642 4499 748 4554 est,
778 4501 884 4544 non
914 4493 1063 4544 estra
1103 4488 1458 4558 protulerunt,
1496 4485 1590 4541 sed
1614 4485 1753 4540 intus
1779 4485 1890 4554 agi-

316 4585 498 4638 tabant
540 4591 594 4638 et
627 4581 910 4637 versabant
950 4581 1122 4636 scelus
1148 4579 1524 4649 parturientes,-
1554 4587 1610 4633 et
1636 4578 1777 4648 quod
1809 4587 1892 4632 est

313 4677 552 4733 omnium
575 4674 986 4745 gravissimum,
1008 4688 1112 4726 non
1133 4673 1308 4742 aliqua
1341 4671 1642 4726 temeritate
1669 4670 1886 4732 inducti,

319 4785 416 4824 nec
437 4765 694 4837 perversi,
716 4767 824 4822 .se'd
847 4780 1060 4820 omnem
1104 4779 1323 4834 opt-ram
1349 4771 1404 4818 et
1431 4763 1663 4818 studiutu
1692 4760 1746 4816 in
1773 4778 1890 4816 eam

319 4875 432 4914 rem
469 4859 824 4914 conterentes.
854 4856 968 4910 Hoc
1002 4856 1148 4910 enim
1177 4854 1276 4908 sibi
1313 4853 1425 4907 vult
1449 4853 1599 4919 illud,
1631 4851 1892 4924 (limitave-

319 4960 458 5017 runt,
492 4963 685 5019 nempe
722 4948 868 5004 omni
905 4947 1099 5009 studio,
1141 4953 1195 5000 et
1225 4946 1456 4999 nissime
1500 4943 1663 4998 anitni
1707 4944 1895 4998 alacri-

324 5050 451 5097 tate.
484 5040 612 5094 Toto
651 5038 732 5093 die
774 5037 1133 5092 constituebant
1161 5036 1361 5104 pratia.
1396 5035 1498 5088 Per
1541 5035 1656 5089 hare
1683 5048 1893 5090 onmem

320 5133 483 5186 vitam
513 5130 794 5200 signiﬁcat.
823 5127 970 5181 Bella
995 5135 1170 5180 autem
1196 5125 1518 5190 subindicat,
1551 5140 1656 5179 non
1686 5141 1748 5180 ea
1779 5140 1898 5194 quae.

324 5224 584 5277 instructa
609 5221 752 5282 acie,
773 5232 872 5273 nec
899 5231 1015 5287 quae
1043 5216 1203 5270 armis
1229 5224 1506 5286 geruntur,
1539 5216 1633 5271 sed
1662 5232 1778 5285 qure
1803 5231 1899 5284 pa-

324 5315 454 5369 ratis
474 5311 699 5386 insidiis,
721 5324 840 5380 qugn
866 5319 919 5362 et
944 5309 995 5362 in
1027 5306 1140 5360 l'oro
1169 5315 1224 5361 et
1242 5307 1383 5362 domi
1407 5317 1598 5376 gerunt
1627 5307 1894 5371 homines,

325 5420 430 5460 non
479 5403 698 5458 thorace
741 5399 930 5465 induti,
977 5412 1074 5452 nec
1123 5397 1309 5468 clypeo
1358 5395 1602 5465 protecti,
1650 5398 1745 5453 sed
1803 5413 1900 5466 pro

323 5495 571 5549 omnibus
613 5493 777 5547 armis
819 5491 1155 5560 improbitate
1195 5497 1426 5554 utentes,
1475 5499 1528 5543 et
1577 5489 1735 5544 verba
1779 5489 1901 5544 telis

325 5584 601 5640 acerbiora
644 5585 932 5639 mittentes.
982 5579 1334 5649 lmprobitatis
1379 5589 1555 5633 autem
1595 5593 1780 5634 eorum
1820 5589 1904 5634 est

330 5676 434 5732 hoc
461 5677 770 5744 maximum,
801 5672 942 5745 quod
975 5686 1080 5728 non
1112 5671 1286 5726 solum
1323 5671 1432 5726 sint
1477 5672 1670 5738 dolwi,
1712 5674 1816 5730 ﬁcti
1845 5682 1898 5730 et

1359 260 1718 322 EXPOSITIO
1755 260 1819 316 IN
1857 258 2178 318 PSALMUM
2216 257 2498 316 (ΞΧΧΧΙῬΣ.

3455 269 3575 332 ἂᾙ,

1989 376 2350 441 simulaturos,
2402 390 2498 428 nec
2527 377 2666 445 quod
2695 377 2760 431 ad
2790 379 2926 434 bella
2956 389 3010 436 et
3036 383 3214 452 pra-lia
3245 388 3433 455 parati,
3464 391 3557 444 sed

1985 467 2142 520 ctiam
2167 465 2310 536 quod
2337 481 2431 535 per
2458 475 2618 520 totam
2663 469 2846 537 vitam,
2885 473 3006 526 tetri
3051 475 3208 544 hujus
3235 477 3357 534 belli
3399 482 3560 536 nulla:

1983 558 2090 612 sint
2118 557 2362 614 inducite.
2395 558 2555 628 Atqui
2585 559 2630 613 si
2659 560 2906 615 volebant-
2929 561 3262 634 belligerare,
3290 569 3446 641 aliam
3473 574 3562 642 ju-

1985 659 2122 704 stam
2159 650 2282 704 belli
2308 649 2527 720 gerendi
2555 661 2768 706 causam
2800 652 3088 710 habebant.
3117 657 3388 715 Adversus
3411 662 3554 716 enim

1983 751 2195 810 peccata
2215 741 2508 810 decertare,
2531 751 2584 798 et
2603 751 2784 799 contra
2806 744 3074 802 diabolum
3100 750 3270 805 aciem
3295 751 3572 810 instruere

1983 831 2278 902 oportebat,
2321 848 2553 903 pugnare
2593 839 2777 888 contra
2825 838 3041 893 morbos
3067 840 3282 906 animm,
3321 857 3477 897 enses
3518 845 3568 896 in

1981 923 2251 979 daunoncs
2273 939 2484 980 acuere.
2521 925 2581 980 lli
2613 932 2788 980 autem
2828 927 2968 981 illam
3000 929 3168 986 aciem
3205 947 3272 986 ne
3299 934 3560 1003 aspiciunt

1980 1014 2217 1084 quidem,
2249 1015 2344 1070 sed
2368 1014 2468 1070 tela
2498 1014 2637 1070 inter
2661 1030 2719 1070 se
2757 1027 2939 1072 mutuo
2961 1017 3282 1088 iaculantur.
3307 1024 3362 1077 4.
3391 1024 3558 1079 Acuc-

1981 1115 2098 1162 runt
2135 1106 2363 1178 linguam
2387 1124 2531 1161 suam
2573 1109 2704 1162 sicut
2747 1112 2988 1180 serpentis
3007 1127 3028 1166 .'
3051 1129 3290 1168 venenum
3317 1116 3554 1185 aspidem

1981 1200 2071 1253 sub
2092 1200 2238 1256 labiis
2265 1217 2438 1264 eorum
2465 1217 2680 1272 semper.
2717 1202 2903 1258 Vidisti
2934 1221 3092 1274 quam
3119 1208 3186 1262 sit
3217 1208 3449 1278 ignobile
3477 1211 3562 1264 vi-

1982 1290 2150 1346 tium?
2183 1291 2306 1350 facit
2331 1308 2395 1348 ex
2420 1292 2722 1348 hominibus
2748 1293 2966 1376 bestias,
3007 1299 3220 1370 aSpides
3249 1310 3308 1356 et»
3341 1317 3562 1372 serpen-

1984 1391 2084 1448 tes,
2117 1390 2176 1438 et
2218 1384 2451 1453 linguam
2483 1384 2626 1439 illam
2654 1401 2773 1455 qua:
2816 1387 3109 1446 disserendi
3137 1403 3398 1460 potestate
3429 1411 3564 1464 prm-

1981 1472 2092 1527 dita
2121 1483 2230 1539 est,
2253 1474 2321 1528 ad
2364 1475 2520 1530 istam
2551 1475 2816 1532 feritatem
2841 1477 3074 1536 deducit.
3111 1481 3165 1538 id
3207 1493 3384 1539 autent
3410 1487 3564 1556 cujus

1981 1579 2076 1620 eos
2095 1566 2338 1634 superius
2359 1568 2646 1631 accusavit,
2676 1585 2817 1625 nunc
2835 1588 3045 1642 quoque
3070 1575 3148 1630 eis
3169 1577 3370 1644 objicit.
3399 1579 3564 1648 Quid-

1983 1671 2106 1722 nam
2133 1666 2310 1710 autem
2344 1657 2470 1712 illud
2498 1657 2612 1712 est?
2646 1659 2901 1716 Venenum
2929 1664 3162 1731 aspidum
3189 1667 3276 1719 sub
3307 1669 3452 1722 labiis
3471 1687 3572 1724 eam

1981 1761 2115 1810 rum,
2165 1747 2353 1817 inquit,
2390 1764 2586 1820 semper
2629 1751 2728 1822 (a),
2763 1751 2867 1806 hoc
2893 1761 2976 1809 cst
3013 1754 3259 1820 assidue,
3298 1741 3570 1826 Quetnad-I

1985 1836 2200 1892 modum
2249 1839 2391 1894 enim
2431 1840 2676 1908 superius
2712 1841 2864 1907 dixit,
2907 1842 3034 1898 Tota
3079 1847 3160 1899 die
3199 1851 3562 1906 constituebant

1985 1931 2164 1997 praelia
2192 1945 2210 1984 :
2235 1931 2308 1985 ita
2355 1931 2441 1987 hic
2481 1931 2662 1998 etiam,
2695 1935 2950 1990 [currunt
2992 1937 3216 2008 linguam
3259 1958 3404 1996 suam
3437 1944 3564 1997 sicut

1984 2021 2226 2090 serpentis
2252 2037 2270 2075 :
2302 2035 2544 2076 venenum
2572 2024 2806 2093 aspidutn
2847 2025 2939 2080 sub
2981 2027 3126 2084 labiis
3150 2047 3320 2084 eorum
3348 2051 3562 2106 semper.

1985 2109 2096 2164 lloc
2117 2110 2257 2164 enim
2287 2111 2484 2180 ubique
2505 2113 2764 2183 significat
2792 2114 3108 2186 Diapsalma.
3144 2119 3440 2190 Diapsalma
3465 2141 3561 2178 au-

1985 2207 2090 2254 tem
2117 2200 2374 2257 llebraice
2395 2203 2595 2262 dictum
2619 2214 2699 2260 est
2718 2205 2828 2272 Sel,
2854 2207 2992 2276 quod
3016 2218 3116 2273 est,
3145 2227 3377 2281 semper.
3402 2216 3560 2286 Atqui

1985 2292 2173 2348 vitium
2205 2295 2292 2350 vel
2321 2295 2514 2365 exiguo
2547 2305 2785 2368 tempore
2810 2314 2898 2355 res
2924 2313 3002 2356 est
3023 2305 3202 2372 gravis
3227 2315 3281 2360 et
3310 2307 3559 2364 molesta:

1983 2382 2199 2452 quando
2227 2394 2404 2440 autem
2433 2386 2482 2440 id
2527 2387 2736 2442 assidue
2764 2401 3173 2461 persequuntur,
3207 2411 3303 2450 nec
3340 2412 3433 2451 ets
3464 2400 3564 2452 ulla

1983 2475 2099 2546 ejus
2125 2477 2267 2546 capit
2291 2477 2528 2543 satietas,
2557 2494 2800 2550 quaenam
2835 2482 2913 2554 eis
2941 2485 3090 2538 venia
3133 2485 3247 2540 dari
3288 2497 3481 2556 potest,
3513 2503 3565 2552 et

1981 2579 2224 2638 quaenam
2249 2567 2352 2621 erit
2375 2582 2558 2622 eorum
2582 2568 2820 2624 defensio
2840 2568 2862 2623 ?
2883 2571 2934 2626 5.
2966 2563 3176 2628 Custodi
3199 2569 3295 2642 me,
3326 2577 3562 2644 Domine,

1985 2656 2048 2712 de
2071 2673 2223 2713 manu
2241 2658 2538 2729 peccatoris,
2566 2659 2627 2712 ab
2659 2659 2941 2716 hominibus
2970 2661 3153 2734 iniquis
3178 2667 3315 2737 eripe
3341 2685 3436 2722 me.
3467 2669 3566 2735 Qui

1985 2749 2326 2818 cogitaverunt
2366 2751 2697 2824 supplantare
2739 2770 2937 2822 gressus
2978 2772 3132 2810 meos.
3183 2757 3234 2812 6.
3283 2759 3567 2814 Absconda—

1985 2849 2102 2910 ruut
2131 2840 2333 2911 superbi
2357 2841 2588 2914 laqueum
2632 2844 2756 2898 nti/ti
2780 2859 2798 2898 :
2819 2856 2864 2899 et
2895 2847 3099 2916 [mribus
3129 2851 3456 2908 extenderunt
3481 2853 3562 2908 la-

1985 2948 2166 3002 queum
2213 2933 2422 3002 pedibus
2473 2934 2639 2989 meis:
2653 2936 2810 3005 juxta
2850 2938 2938 2992 iter
2986 2941 3236 2995 scandala
3291 2957 3566 3013 posuerunt

1987 3025 2130 3078 uti/ti.
2163 3024 2301 3080 Nihil
2334 3035 2416 3080 est
2459 3027 2692 3098 iniquius
2733 3029 2797 3083 iis
2826 3031 3120 3101 quiritium
3151 3048 3565 3106 persequuntur,

1986 3117 2076 3187 qui
2118 3127 2243 3173 ante
2289 3118 2426 3172 alios
2475 3133 2599 3175 suas
2645 3121 2882 3190 ipsorum
2929 3123 3128 3179 laedunt
3168 3129 3393 3184 anilitas.
3433 3132 3562 3185 Cotti

1988 3209 2132 3265 enim
2175 3209 2272 3279 ipsi
2299 3211 2409 3264 sitit
2453 3221 2700 3268 auctores
2735 3213 3064 3280 oll‘cnsiOnis,
3095 3232 3215 3272 cum
3243 3219 3480 3277 el‘iiciant
3512 3234 3568 3278 ut

1991 3302 2082 3356 Dei
2111 3303 2295 3371 εισι-ξω
2320 3302 2632 3360 detrahatur
2664 3306 2732 3364 ab
2759 3307 3150 3384 insipientibus,
3176 3327 3298 3368 cum
3326 3329 3430 3370 non
3468 3332 3566 3372 ex-

1989 3394 2194 3452 SOlvant
2226 3410 2344 3466 qua:
2366 3395 2584 3466 debent,
2623 3398 2716 3453 sed
2741 3399 2828 3472 qui
2853 3385 3048 3472 corpus
3078 3413 3132 3460 ct
3153 3406 3386 3462 animam
3415 3425 3441 3460 a
3473 3409 3568 3464 bc-

1991 3486 2151 3558 nigno
2174 3496 2228 3542 et
2255 3488 2504 3544 clementi
2527 3490 2634 3546 Deo
2661 3495 2980 3566 acceperint,
3008 3497 3114 3552 sint
3137 3501 3355 3569 agenda:
3381 3504 3566 3572 gratia:

1990 3584 2350 3649 immemores,
2399 3591 2454 3638 et
2496 3584 2583 3654 qui
2617 3593 2818 3642 tantum
2854 3599 3223 3662 ornamentum
3269 3601 3330 3664 et
3372 3594 3569 3650 bonum

1989 3675 2333 3744 acceperint,
2393 3675 2725 3733 itencl'actori
2769 3695 2876 3750 suo
2922 3684 3572 3757 contrariarcpeudant,

1990 3765 2118 3835 quid
2164 3766 2248 3822 his
2289 3766 2446 3822 luerit
2489 3768 2948 3841 injustiushquid
2979 3789 3128 3834 tero.
3161 3775 3456 3846 ingratius?
3511 3779 3578 3836 Et

1991 3855 2132 3924 quod
2157 3865 2240 3910 est
2267 3857 2458 3927 majus,
2479 3868 2532 3914 et
2557 3874 2715 3914 omne
2745 3861 3340 3936 scelus,superat,-alios
3363 3885 3578 3939 quoque

1995 3944 2190 4002 laedere
2213 3958 2490 4001 conantur.
2525 3949 2874 4017 ﬂagitaverunt
2899 3956 3041 4008 enim
3061 3994 3077 4020 ,
3111 3956 3299 4026 inquit,
3321 3961 3566 4030 supplet.-

1993 4046 2102 4091 tare
2127 4054 2329 4108 gressus
2366 4054 2521 4092 meos.
2563 4038 2716 4106 Quod
2741 4040 2789 4094 si
2831 4043 2972 4110 quod
3013 4047 3320 4115 cogitabant
3357 4051 3578 4105 minimc

1994 4131 2239 4188 ell'ectum
2281 4139 2384 4198 est,
2429 4129 2481 4186 id
2509 4147 2719 4202 quoque
2757 4149 2980 4190 summa:
3009 4136 3106 4192 Dei
3145 4137 3451 4196 clementiae
3484 4143 3578 4196 atl—
3630 4161 3634 4163 >

1995 4225 2339 4282 scribendum
2362 4233 2462 4282 est.
2488 4224 2608 4295 ipse
2644 4225 2786 4280 enim
2826 4225 3085 4284 scelerata
3135 4245 3322 4286 eorum
3351 4232 3574 4297 consilia

1995 4315 2275 4384 Confregit.
3010 4379 3012 4381 ν
3057 4374 3064 4376 _
3542 4362 3546 4364 _

2067 4407 2122 4462 ‘5.
2167 4406 2296 4462 Vide
2335 4417 2512 4464 autem
2553 4424 2712 4478 quam
2765 4409 3076 4484 meditatum
3115 4424 3230 4468 erat
3271 4416 3468 4484 scelus,
3519 4428 3575 4473 et

1996 4507 2195 4568 quanto
2241 4499 2414 4554 studio
2445 4509 2642 4569 paratze
2682 4501 2908 4557 insidiae.
2953 4499 3300 4572 Occultarunt
3330 4510 3476 4562 enim
3522 4520 3578 4564 et

1999 4587 2372 4655 extenderunt,
2401 4590 2560 4660 idque
2588 4590 2738 4659 juxta
2783 4592 2908 4656 iter,
2949 4603 3007 4648 ut
3033 4612 3097 4649 cx
3136 4596 3482 4668 longitudine,
3513 4616 3580 4655 ex

2001 4679 2217 4736 latebris
2233 4691 2286 4736 et
2311 4681 2450 4751 quod
2481 4697 2650 4751 prope
2679 4683 2976 4753 tenderent,
3001 4698 3252 4756 caperent
3271 4701 3324 4744 et
3352 4691 3406 4745 in
3427 4708 3578 4747 suam

1999 4780 2316 4841 potestatem
2357 4772 2681 4842 rcdigerent.
2726 4774 2964 4830 Fuerunt
2992 4780 3132 4833 enim
3164 4783 3382 4837 sceleris
3408 4757 3578 4848 artiﬁ-

2001 4877 2112 4924 ccs,
2159 4863 2284 4916 dum
2332 4863 2551 4931 laqueos
2580 4865 2811 4934 undique
2849 4869 3220 4936 extenderent,
3269 4874 3370 4930 huc
3417 4893 3578 4932 unum

2003 4953 2102 5007 sibi
2137 4952 2434 5008 l‘aciemlntn
2461 4963 2776 5024 statuentes,
2803 4967 2859 5012 ill.
2885 4975 3005 5014 eum
3035 4963 3342 5030 perderent.
3378 4968 3467 5022 Vis
3501 4971 3585 5025 ri-

2003 5044 2132 5100 dere
2169 5045 2435 5114 quomodo
2473 5045 2623 5100 niues
2655 5049 2904 5104 extendat
2933 5051 3216 5120 diabolus?
3246 5056 3376 5112 Vide
3401 5075 3584 5114 rursus

2006 5135 2056 5189 id
2078 5135 2220 5204 quod
2241 5135 2342 5190 .iob
2384 5136 2595 5191 accidit.
2621 5138 2760 5204 Quid
2798 5141 2940 5194 enim
2968 5142 3072 5197 illis
3101 5145 3290 5198 latius?
3319 5149 3441 5215 quid
3469 5149 3582 5202 lon-

2005 5224 2148 5295 gius?
2180 5224 2311 5295 quid
2348 5242 2474 5282 vero
2503 5229 2876 5300 propinquius,
2915 5247 3034 5288 cum
3063 5251 3166 5289 non
3193 5237 3366 5292 solum
3396 5239 3449 5294 in
3479 5256 3573 5296 co--

2079 5415 2152 5478 (α)
2175 5418 2381 5485 Semper
2416 5419 2552 5482 (ἀεί).
2588 5421 2672 5470 Sic
2696 5421 3010 5485 interpretari
3049 5424 3179 5472 solet
3209 5421 3387 5485 Aquila
3414 5437 3587 5474 vocem

2016 5477 2445 5557 ῐίειιιιιιιειιιιίτιίῖῠξ
2474 5477 2562 5569 De,
2580 5477 2909 5566 Diapsalmate
2941 5521 3074 5569 Step9
3111 5477 3324 5559 diximus
3352 5511 3398 5560 in
3421 5512 3588 5560 Hexa-

2019 5569 2062 5638 ρ]
2073 5571 2127 5638 is.
2169 5548 2298 5638 Illud
2313 5548 2502 5638 ⁷
2941 5548 3102 5625 it
3113 5548 3586 5638 ζετὶῗιῖἷρῖᾇιῖἶηῖῖῖς

2020 5628 2152 5677 Scia.
2179 5629 2252 5678 De
2285 5629 2364 5678 his
2386 5645 2548 5743 ferro
2567 5628 2794 5684 omnibus
2821 5635 2932 5688 \‘idc
2956 5628 3302 5701 prtulimlnaria
3333 5628 3502 5693 uetiti-a7
3525 5628 3586 5694 έιίι

2020 5689 2253 5743 Hexapla.
2278 5704 2328 5743 ι).
2355 5691 2381 5741 7
2439 5697 2492 5743 et
2511 5693 2588 5742 80.

2016 5689 2253 5752 Hexapla,
2278 5704 2328 5752 p.
2355 5689 2413 5743 77
2439 5697 2492 5744 et
2511 5693 2588 5742 80.
