4070 6214
494 293 594 354 ίΞό

489 411 665 483 gnatis
704 417 761 464 et
808 406 1153 472 amicis,'nec
1190 404 1240 458 iu
1273 413 1439 458 uxore
1476 411 1698 467 tantum,
1730 400 1824 454 sed
1853 401 1902 452 in
1947 398 2064 468 ipso

492 504 607 570 ejus
654 513 879 569 corpore
927 499 1173 567 laqueum
1222 487 1621 548 tetenderiti'i.
1654 490 1776 544 Dixi
1825 486 2058 551 Domino,

491 595 628 646 Deus
653 605 792 644 mens
812 605 864 644 es
887 598 943 643 In
967 604 985 642 :
1015 585 1218 650 exaudi,
1252 585 1482 650 Domine,
1510 596 1677 636 vocem
1702 579 2065 651 deprecationis

491 699 632 737 mete.
673 683 723 738 8.
757 679 1008 746 ‘Dom'ine,
1047 677 1279 741 Domine,
1311 676 1470 728 virtus
1501 673 1679 726 solutis
1715 683 1854 724 mete.
1895 671 2062 734 Alius,

499 775 730 830 Potentia
753 773 934 829 salutis
970 787 1112 825 mea».
1144 769 1430 838 Postquam
1458 765 1590 819 dixit
1619 764 1810 819 bellum
1846 771 1901 818 et
1938 763 2065 816 iusi-

493 870 630 932 dias,
686 877 740 920 et
787 861 1021 920 ostendit
1067 862 1204 917 mala
1256 874 1376 914 esse
1416 853 2066 922 intolerabiliamonfugit

493 960 745 1027 deinceps
781 955 848 1009 ad
877 950 1289 1023 inexpugnabile
1335 948 1611 1013 auxilium,
1639 960 1670 1000 e
1690 945 1828 1000 caelo
1855 944 2064 1013 adjuto-

499 1068 607 1106 rcm
632 1050 940 1118 implorans,
969 1045 1057 1116 qui
1089 1045 1200 1098 haec
1224 1049 1396 1110 potest
1423 1041 1663 1108 frangere
1687 1046 1740 1091 et
1763 1034 2064 1104 proﬂigare.

567 1139 788 1211 Aﬁlictns
826 1149 878 1190 ut
919 1135 987 1188 ad
1015 1133 1190 1188 ‘Denm
1236 1131 1515 1200 confugiat.
1539 1158 1610 1168 ——
1637 1126 1749 1180 Hoc
1788 1131 1871 1180 est
1911 1139 2068 1194 argu-

501 1243 730 1289 mentum
758 1229 1002 1300 generosi
1039 1225 1223 1291 animi,
1255 1224 1356 1278 hoc
1392 1231 1473 1277 est
1498 1221 1705 1291 signum
1733 1217 1924 1272 mentis
1949 1227 2068 1284 quze

495 1335 705 1386 tenetur
729 1321 905 1378 studio
942 1319 1239 1388 sapientiae,
1281 1331 1401 1370 cum
1443 1314 1556 1368 lizec
1594 1309 2062 1373 circumsteterint,

495 1432 602 1471 non
630 1412 918 1483 confugere
943 1409 1009 1466 ad
1038 1409 1325 1464 humanum
1356 1404 1630 1470 auxilium,
1660 1417 1760 1457 nec
1779 1399 1846 1455 ad
1869 1407 2065 1454 morta-

503 1513 574 1565 les
603 1506 970 1579 cogitationes,
1015 1502 1109 1558 sed
1149 1500 1201 1556 in
1237 1499 1425 1556 caelum
1471 1496 1756 1566 respicere,
1803 1501 1858 1548 et
1902 1492 2066 1546 Deum

499 1605 584 1672 qui
615 1603 811 1672 ubique
837 1610 1072 1670 praesens
1101 1605 1182 1650 est
1212 1594 1482 1663 invocare,
1509 1604 1616 1644 non
1643 1596 1820 1642 autem
1849 1592 2067 1640 contur-

497 1695 632 1761 bari,
663 1693 910 1748 animove
955 1673 1305 1744 consternari.
1335 1683 1464 1738 Vide
1495 1689 1670 1741 autem
1712 1676 1980 1748 quomodo
2011 1682 2072 1728 ut

496 1800 565 1841 eo
590 1784 918 1854 dignum'est
942 1778 1098 1834 verba
1119 1775 1374 1832 contexit.
1405 1773 1518 1830 Non
1549 1772 1682 1826 dixit
1707 1769 1870 1834 enim,
1894 1766 1948 1821 ln
1971 1765 2071 1821 liae

501 1887 556 1933 et
579 1857 635 1929 in
660 1873 747 1929 illa
777 1887 835 1928 re
865 1885 950 1926 me
966 1879 1119 1926 recte
1141 1868 1300 1939 gessi,
1328 1879 1447 1932 nec,
1471 1863 1620 1918 lianc
1648 1861 1727 1917 vel
1758 1861 1892 1915 lianc
1916 1856 2072 1928 justi-

501 1970 626 2023 tiam
653 1973 901 2036 operatus
925 1979 1041 2018 sum
1069 1978 1083 2018 :
1109 1959 1204 2016 sed
1225 1957 1388 2029 quid?
1414 1955 1551 2010 Deus
1572 1970 1707 2008 meus
1727 1967 1778 2006 es
1799 1961 1869 2017 tu,
1903 1947 2072 2003 maxi-

501 2075 639 2115 mam
665 2073 878 2114 causam
907 2057 1136 2112 ali‘erens
1169 2066 1265 2109 cur
1290 2061 1434 2122 petat
1479 2049 1752 2112 auxilium,
1775 2044 1913 2116 quod
1935 2057 2072 2122 'con-

500 2154 664 2223 fugiat
705 2150 783 2206 ad
813 2150 1125 2210 Dominum,
1171 2146 1445 2216 Opificem,
1480 2151 1544 2198 et
1585 2141 1804 2210 Regem.
1845 2134 2069 2198 Exaudi,

504 2246 734 2308 Domine,
776 2257 942 2296 vocem
971 2236 1333 2310 deprecationis
1371 2249 1510 2297 meat,
1562 2231 1797 2295 Domine,
1838 2227 2070 2292 Domine,

501 2341 656 2392 virtus
697 2334 876 2390 salutis
907 2346 1048 2387 mete.
1083 2328 1252 2396 Dixit,
1284 2323 1477 2388 Virtus,
1510 2338 1612 2380 seu
1643 2319 1898 2392 patentia,
1937 2316 2074 2371 sata-

503 2431 586 2493 tis,
619 2425 906 2482 ostendens
931 2437 1050 2479 esse
1080 2421 1241 2477 etiam
1276 2415 1566 2488 potentiam
1594 2428 1768 2483 pcena:
1791 2419 1847 2466 et
1875 2407 2074 2478 suppli-

504 2521 592 2576 cii.
651 2517 756 2575 Sed
805 2513 1096 2589 pra2buisti,
1139 2510 1329 2582 inquit,
1381 2507 1511 2564 mihi
1557 2506 1815 2560 virtutem
1864 2499 2070 2555 salutis.

506 2613 661 2666 Potes
697 2587 837 2662 enim
883 2615 936 2660 et
977 2618 1171 2660 nocere
1215 2611 1269 2658 et
1301 2600 1369 2655 de
1413 2596 1588 2653 medio
1617 2595 1840 2651 tollere:
1871 2591 1964 2646 sed
2008 2587 2075 2644 ad

505 2716 676 2758 meam
704 2699 927 2754 salutem
955 2705 1040 2752 tua
1064 2707 1278 2763 semper
1303 2690 1540 2762 potentia
1563 2699 1689 2742 usus
1715 2698 1793 2740 es.
1817 2682 1949 2739 Vide
1977 2696 2076 2736 au-

502 2805 610 2848 tem
635 2805 868 2845 amorem
885 2783 1255 2843 dieentisJ’er
1275 2781 1640 2852 repetitionem
1658 2776 1822 2843 enim,
1846 2783 1901 2830 et
1934 2772 2076 2844 quod

503 2880 777 2952 adjecerit,
805 2877 1000 2934 Sa‘lnn’s
1023 2891 1167 2943 meat,
1195 2871 1429 2930 ostendit
1447 2883 1692 2941 magnam
1717 2864 2074 2921 affectionem.

507 2971 828 3028 Obumbrasti
871 2982 1024 3040 super
1067 2975 1219 3038 caput
1270 2980 1432 3019 meum
1484 2963 1539 3015 in
1583 2961 1665 3014 die
1704 2957 1840 3013 belli.
1895 2953 2077 3011 Vidisti

503 3072 708 3134 gratum
733 3039 1012 3116 animum?
1039 3058 1220 3114 Priora
1247 3059 1299 3110 in
1329 3051 1638 3109 memoriam
1673 3055 1907 3114 revocat,
1935 3039 2076 3117 quod

502 3172 625 3213 eum
655 3155 858 3211 scilicet
884 3153 936 3209 iu
965 3160 1078 3208 tuto
1114 3147 1479 3206 collocaverit.
1527 3144 1640 3199 Hoc
1663 3143 1806 3198 enim
1836 3139 1940 3194 sibi
1967 3137 2078 3192 vult

505 3247 672 3316 illud,
727 3243 1066 3301 Obumbrasti.
1113 3239 1246 3296 Vide
1292 3248 1467 3292 autem
1520 3232 1784 3305 quomodo
1829 3227 2077 3286 ostendat

503 3351 660 3408 quam
695 3335 748 3392 id
777 3335 887 3391 Deo
916 3332 1070 3389 facile
1093 3332 1183 3387 sit.
1207 3329 1320 3385 Non
1345 3330 1486 3384 enim
1511 3327 1662 3392 dixit,
1695 3325 1852 3388 Ante,
1878 3319 1996 3387 sed,
2019 3319 2074 3375 In

504 3430 638 3498 ipso,
669 3425 854 3496 inquit,
891 3423 999 3487 die,
1028 3420 1239 3493 quando
1281 3418 1418 3474 mala
1457 3415 1826 3482 imminebant,
1865 3409 2076 3484 quando

507 3529 618 3575 erat
648 3519 901 3572 instructa
926 3515 1090 3581 acies,
1118 3511 1330 3584 quando
1359 3509 1612 3565 versabar
1637 3508 1688 3562 in
1715 3507 1959 3562 maximis
1986 3519 2078 3576 pe-

507 3611 706 3676 riculis,
749 3619 875 3664 tunc
909 3621 996 3662 me
1026 3605 1079 3660 in
1110 3613 1221 3659 tuto
1255 3601 1553 3676 collocaini
1581 3599 1764 3670 Neque
1813 3597 1954 3652 enim
1986 3603 2077 3650 aut

499 3657 1308 3772 $53143."sititane...
1346 3692 1452 3746 ulla
1491 3657 1630 3746 eius
1651 3657 1872 3758 indiget,
1904 3695 1960 3740 ut
1985 3685 2074 3756 qui

505 3794 639 3849 sciat
675 3805 793 3862 qute
831 3798 956 3844 sunt
999 3785 1303 3859 praesentia,
1348 3782 1540 3845 futura,
1586 3789 1639 3834 et
1668 3778 1956 3849 praeterita,
1985 3775 2075 3845 qui

503 3882 680 3938 omnia
712 3880 897 3952 possit,
933 3893 1147 3947 semper
1176 3875 1334 3938 adsit,
1377 3884 1431 3928 et
1466 3880 1661 3943 pnesto
1690 3871 1758 3925 sit
1796 3869 1862 3923 ad
1892 3868 2072 3923 feren-

507 3975 627 4036 tlum
652 3971 928 4028 auxilium.
958 3967 1160 4026 Deinde
1185 3965 1471 4022 ostendens
1497 3964 1755 4033 insignem
1779 3960 2070 4024 victoriam,

507 4075 558 4120 et
582 4077 842 4120 summam
867 4061 1228 4127 securitatem,
1251 4073 1356 4113 non
1385 4055 1540 4122 dixit,
1563 4053 1796 4110 Servasti
1824 4067 1908 4107 me
1936 4068 1949 4104 ε
1983 4050 2076 4105 sed

502 4159 668 4231 quid?
685 4156 1015 4213 ’Obitmbrasti
1042 4170 1060 4210 :
1088 4153 1190 4209 hoc
1218 4163 1319 4216 est,
1360 4160 1418 4204 ut
1446 4165 1512 4204 ne
1549 4148 1821 4203 minimam
1860 4143 2074 4231 quidem

503 4230 803 4306 molestiam
817 4247 1164 4310 sustinerem,
1189 4242 1432 4308 effecisti,
1455 4255 1516 4295 ac
1536 4255 1601 4295 ne
1622 4248 1807 4293 :estum
1826 4230 2072 4308 quidem:

503 4339 600 4395 aed
621 4353 709 4393 me
734 4339 788 4392 in
819 4344 964 4392 tanta
987 4335 1294 4399 securitate,
1321 4339 1376 4386 et
1404 4346 1506 4384 una
1545 4345 1666 4385 cum
1710 4328 1994 4383 securitate
2023 4327 2074 4379 in

505 4442 649 4489 tanta
671 4429 1003 4501 iucunditate
1029 4436 1092 4482 et
1129 4425 1292 4479 animi
1334 4423 1512 4494 quiete
1551 4420 1847 4483 collocasti,
1888 4428 1948 4474 ut
1979 4432 2078 4472 nec

505 4525 644 4579 ullus
671 4523 819 4577 calor
846 4519 974 4574 mihi
1007 4516 1302 4572 molestiam
1346 4513 1644 4576 exhiberet,
1674 4511 1768 4566 sed
1809 4511 1863 4565 in
1891 4511 2076 4565 umbra

504 4614 742 4670 suaviter
766 4626 999 4682 agerem,
1029 4610 1164 4664 liber
1187 4607 1390 4664 scilicet
1429 4621 1492 4659 ac
1518 4614 1756 4659 remotus
1787 4619 1818 4656 a
1846 4603 1998 4658 malis
2023 4611 2078 4657 et

504 4704 910 4759 calamitatibus.
938 4699 1199 4768 Quocirca
1227 4696 1503 4767 subiunxit
1551 4692 1701 4758 illud,
1731 4691 2074 4758 Obnmbrosti,

507 4809 570 4850 ea
595 4794 802 4849 ratione
841 4793 1000 4848 etiam
1029 4788 1332 4859 signiﬁcans
1369 4801 1526 4858 quam
1553 4796 1856 4854 promptum
1897 4791 1952 4837 et
1994 4798 2080 4838 ex-

506 4884 740 4958 peditum
771 4884 839 4938 sit
867 4884 959 4938 Dei
985 4881 1261 4945 auxilium,
1279 4893 1474 4947 nempe
1503 4893 1600 4949 per
1629 4875 1828 4930 umbra:
1857 4890 2073 4944 nomen,

507 4976 728 5049 perinde
771 4989 834 5031 ac
879 4975 924 5028 si
970 4973 1194 5036 diceret,
1224 4970 1430 5026 Sufficit
1467 4970 1517 5024 si
1561 4977 1764 5023 tantum
1807 4968 1976 5034 adsis,
2026 4977 2081 5024 et

503 5071 683 5128 omnia
707 5069 879 5125 soluta
918 5074 1090 5122 erunt.
1121 5064 1174 5120 9.
1206 5063 1325 5117 Non
1353 5063 1521 5118 tradas
1542 5077 1637 5126 me,
1666 5061 1901 5127 Domine,
1933 5077 1966 5114 a
1993 5061 2080 5114 de-

503 5163 689 5220 siderio
715 5177 824 5216 meo
861 5158 1129 5231 peccatori.
1164 5155 1332 5222 Alius,
1364 5153 1448 5209 Ne
1475 5155 1583 5220 des,
1612 5152 1846 5218 Domine,
1877 5152 2077 5206 deside-

504 5256 582 5309 ria
611 5253 790 5322 injusti
829 5249 925 5324 (a).
967 5247 1117 5316 Quod
1158 5255 1334 5301 autem
1377 5243 1526 5310 dicit,
1559 5254 1643 5300 est
1679 5243 1936 5314 ejusmodi
1965 5242 2078 5297 :Ne

503 5343 768 5401 concedas
785 5341 836 5398 ei
856 5338 1174 5396 desiderium
1204 5352 1360 5392 suum
1387 5345 1571 5389 contra
1610 5349 1716 5398 me,
1746 5333 1794 5387 id
1823 5339 1924 5399 est,
1951 5336 2080 5399 Quae

506 5435 764 5491 adversus
791 5446 875 5487 me
899 5429 1188 5491 desiderat,
1216 5443 1283 5482 ne
1314 5425 1588 5496 permittas
1617 5435 1669 5478 ul
1695 5425 1806 5493 ipse
1838 5423 2076 5492 impleat.

506 5525 619 5580 Non
640 5523 771 5581 dixit
800 5531 977 5578 autem
1007 5537 1124 5591 quae
1143 5517 1429 5584 desiderat,
1453 5516 1568 5584 sed,
1602 5516 1644 5569 Α
1674 5513 1918 5569 desiderio
1947 5531 2075 5580 meo,

569 5697 642 5774 (a)
675 5703 784 5749 ttae
804 5699 1141 5761 uitet-pretath
1163 5706 1234 5747 est
1248 5695 1518 5756 Symmachi
1545 5701 1598 5746 et
1628 5695 1983 5778 'rlieodotionis.

1133 277 1136 284 ’
1234 289 1289 344 S.
1329 285 1606 344 JOANNIS
1641 279 2104 340 CHRYSOSTUMI
2136 279 2445 338 AllCHlEl‘.
2485 282 3014 340 CONSTANTINUP.

3649 289 3753 346 ΗΑ

2181 394 2365 449 volens
2419 396 2524 451 tale
2565 399 2690 468 quid
2734 400 3032 468 significare
3065 417 3074 451 :
3106 416 3172 453 ne
3223 401 3483 455 tantillum
3535 405 3751 474 quidem

2171 489 2501 542 concesseris
2533 499 2738 554 eorum,
2767 505 2886 559 quae
2925 489 3209 544 desiderat.
3241 492 3398 547 Tales
3431 495 3576 549 enim
3621 510 3750 554 sunt

2172 575 2399 646 improbi
2428 595 2440 631 :
2470 589 2590 632 cum
2633 579 2859 633 maxima
2895 579 3182 650 cupiditate
3205 581 3262 635 in
3295 585 3596 651 proximum
3633 579 3752 641 mo-

2172 667 2372 721 liuntur
2396 669 2633 733 insidias,
2664 670 3108 738 quemadmodum
3146 672 3390 728 diabolus
3415 689 3651 745 quoque,
3679 677 3751 732 do

2170 771 2276 826 quo
2299 759 2428 811 dicit
2454 775 2468 812 :
2499 757 2687 812 Circuit
2707 769 2962 830 tamquam
2990 761 3068 814 leo
3099 763 3322 832 rugiens,
3353 777 3581 834 quarens
3601 784 3751 836 quem

2171 848 2368 902 devoret
2387 850 2465 919 (l.
2499 848 2638 903 Patr.
2671 850 2728 904 5.
2759 851 2834 921 8).
2863 852 2934 904 lta
2964 850 3064 906 Job
3084 852 3272 922 cupide
3305 868 3588 924 aggressus
3625 870 3707 913 est
3732 877 3747 914 :

2175 938 2247 994 ita
2288 941 2448 993 etiam
2474 939 2541 994 de
2579 939 2742 994 Petro
2777 940 3077 995 invadendo
3117 943 3452 998 consultabat
3479 962 3494 996 :
3523 955 3582 1000 et
3627 947 3751 1002 ideo

2171 1027 2384 1082 dicebat
2413 1046 2426 1082 :
2460 1029 2664 1095 Quoties
2703 1031 2936 1099 expetivit
2963 1041 3010 1084 te
3033 1042 3238 1086 satanas
3263 1033 3488 1090 cribrare
3519 1045 3575 1089 at
3612 1037 3748 1090 triti-

2171 1131 2284 1171 cum
2313 1117 2466 1186 (Lac.
2488 1118 2578 1171 ἥ.
2603 1119 2735 1190 3i)?
2763 1119 2945 1175 Vidisti
2977 1133 3230 1190 quantam
3271 1124 3513 1178 habuerit
3539 1127 3746 1194 cupidi-

2174 1212 2369 1266 tatem?
2405 1213 2537 1266 Sunt
2569 1214 2734 1267 etiam
2782 1213 3027 1268 homines
3059 1215 3147 1284 qui
3181 1217 3372 1271 invidia
3417 1217 3652 1286 adducti,
3689 1231 3747 1276 et

2171 1301 2507 1371 quodmalis
2555 1303 2799 1358 laetentur
2841 1304 2980 1359 illius
3025 1306 3208 1359 vitium
3255 1306 3550 1362 imitamur.
3600 1309 3746 1377 Quos

2172 1392 2386 1461 quidem
2407 1392 2627 1447 misenus
2650 1395 2883 1461 appellat
2901 1395 3174 1464 Seriptura
3197 1395 3402 1460 dicens.
3441 1397 3526 1452 Vo:
3550 1401 3634 1467 qui
3657 1401 3748 1455 la:-
3779 1435 3784 1440 ο

2178 1484 2356 1537 tamini
2379 1485 2546 1548 motis,
2573 1486 2661 1555 qui
2690 1486 3007 1540 deiectamini
3031 1488 3083 1539 in
3125 1489 3378 1542 eversione
3402 1490 3748 1559 improborum

2174 1573 2355 1646 (Prov.
2384 1575 2438 1631 Ξ.
2470 1577 2596 1646 14);
2644 1575 2801 1647 idque
2834 1579 3024 1632 merito
3054 1597 3066 1631 :
3091 1577 3194 1633 hoc
3222 1587 3306 1634 est
3341 1581 3482 1635 enim
3510 1583 3656 1652 pravi
3693 1593 3750 1636 et

2173 1669 2408 1738 corrupti
2445 1668 2630 1723 animi.
2669 1669 2728 1724 Si
2757 1670 2897 1724 enim
2921 1670 3225 1736 dolendum,
3267 1672 3750 1742 iugemiscendum,

2173 1757 2474 1814 dedendum
2509 1770 2592 1815 est
2630 1771 2847 1830 propter
2875 1774 2970 1815 eos
2995 1763 3082 1830 qui
3111 1770 3351 1830 pereunt,
3375 1777 3534 1832 quam
3561 1778 3751 1818 conse-

2174 1861 2403 1922 quentur
2423 1853 2650 1918 veniam,
2679 1863 2768 1906 aut
2791 1867 2890 1922 qna
2917 1862 3132 1908 utentur
3159 1851 3486 1920 defensione,
3512 1855 3598 1925 qni
3631 1865 3749 1909 tan-

2177 1951 2286 1998 tum
2308 1943 2457 1999 abest
2483 1952 2543 1998 ut
2569 1959 2753 1998 eorum
2778 1944 3151 2012 misereantur,
3179 1944 3416 2000 utetiam
3441 1946 3702 2016 gaudeant
3722 1948 3748 1999 ?

2175 2036 2365 2090 Annon
2393 2035 2571 2090 vidisti
2602 2035 2772 2106 ipsum
2799 2050 3009 2106 quoque
3032 2036 3304 2091 Christum
3328 2051 3449 2092 eum
3479 2047 3621 2092 esset
3645 2052 3750 2106 pu-

2177 2125 2384 2184 niturus
2405 2166 2422 2192 ,
2467 2125 2664 2181 deflere
2716 2134 3024 2196 pereuntem
3069 2125 3404 2182 Jerusalem?
3457 2142 3564 2182 nou
3600 2128 3750 2183 vides

2176 2215 2334 2271 etiam
2375 2215 2592 2270 Paulum
2637 2226 2855 2287 propter
2879 2216 3104 2272 aliorum
3141 2217 3415 2272 interitum
3444 2226 3748 2288 gementem

2179 2316 2232 2361 et
2261 2307 2574 2376 lugentem?
2612 2307 2719 2362 Sed
2748 2316 2872 2362 sunt
2921 2307 3162 2362 nonnulli
3205 2307 3339 2362 adeo
3369 2309 3660 2377 depravati,
3691 2319 3752 2362 ut

2178 2411 2399 2453 suorum
2445 2399 2702 2453 malorum
2746 2397 2990 2453 solatium
3019 2398 3220 2452 alienas
3259 2412 3524 2452 aerumnas
3564 2397 3752 2453 existi-

2180 2496 2345 2543 ment.
2376 2485 2729 2559 Cogitavenutt
2769 2498 2946 2542 contra
2969 2503 3066 2552 me,
3108 2505 3172 2542 ne
3207 2489 3522 2558 derelinquas
3559 2505 3655 2554 me,
3687 2505 3754 2544 ne

2180 2581 2310 2650 forte
2343 2580 2626 2634 excitentur
2651 2594 2848 2650 semper
2884 2579 2987 2650 (a).
3030 2579 3144 2635 Hoc
3177 2580 3320 2635 enim
3349 2581 3450 2635 sibi
3481 2581 3593 2636 vult
3617 2580 3753 2635 Dia-

2179 2672 2396 2743 psotina.
2425 2671 2592 2738 Alius,
2623 2671 2706 2726 Ne
2729 2672 2978 2739 discedas,
3004 2687 3066 2726 ne
3082 2671 3212 2740 forte
3229 2669 3534 2726 excitentur.

2253 2761 2518 2816 Meditatio
2544 2762 2596 2815 in
2619 2762 2751 2815 vitiis
2771 2761 3024 2831 pessima;
3045 2761 3226 2814 vitium
3251 2761 3345 2814 sibi
3372 2761 3469 2831 ipsi
3487 2776 3635 2829 pana
3653 2772 3747 2817 est.

2180 2852 2392 2908 -ιιοο
2435 2837 2520 2907 est
2559 2853 2804 2909 scelerati
2841 2861 2896 2906 et
2940 2853 3176 2921 corrupti
3217 2852 3402 2918 animi,
3443 2853 3657 2924 quando
3695 2863 3756 2908 et

2181 2943 2406 3000 consilio
2447 2952 2503 2998 et
2541 2943 2653 2998 0tio
2693 2953 2748 2998 et
2783 2942 3128 2998 meditatione
3165 2956 3301 3013 opus
3336 2941 3516 2997 estad
3543 2943 3752 3000 vitium.

2180 3034 2296 3091 Non
2341 3035 2612 3090 sufficiunt
2649 3049 2767 3106 qua:
2809 3043 3027 3104 repente
3070 3035 3245 3091 fiunt:
3285 3048 3392 3089 non
3433 3037 3574 3090 enim
3621 3037 3755 3091 satis

2180 3133 2302 3180 sunt
2335 3123 2402 3179 ad
2442 3139 2542 3180 nos
2569 3123 2868 3196 perdendos
2891 3140 3011 3194 qua:
3037 3133 3237 3180 temere
3275 3133 3331 3179 et
3367 3124 3760 3182 inconsiderate

2182 3225 2476 3287 patrantur,
2519 3217 2612 3272 sed
2658 3215 2903 3282 consilio,
2947 3225 3190 3286 tempore
3233 3225 3288 3272 et
3327 3215 3758 3273 consideratione

2183 3308 2276 3363 tibi
2294 3323 2428 3378 opus
2453 3318 2537 3364 est
2556 3307 2625 3363 ad
2651 3307 2857 3362 vitium.
3416 3299 3423 3310 ’

2252 3401 2307 3456 4.
2347 3399 2588 3468 Quanam
2634 3415 2765 3470 ergo
2799 3399 2963 3454 uteris
2989 3397 3317 3468 defensione,
3357 3413 3478 3454 cum
3521 3398 3756 3455 studium

2182 3502 2238 3549 et
2259 3491 2585 3564 diligentiam
2614 3490 2857 3558 adhibes,
2887 3501 2945 3546 ut
2975 3492 3161 3547 vitium
3200 3505 3474 3556 exerceas,
3515 3505 3638 3546 cum
3658 3505 3758 3560 pro

2182 3583 2336 3637 malis
2372 3581 2626 3636 faciendis
2667 3581 2957 3646 consultas,
2997 3591 3052 3636 et
3097 3581 3271 3636 socios
3304 3581 3604 3637 adsciscis?
3641 3580 3752 3636 Sed

2180 3672 2302 3728 vide
2315 3672 2466 3728 istius
2481 3670 2853 3726 humilitatem.
2869 3670 2983 3726 Non
3007 3670 3139 3726 dixit
3153 3672 3314 3735 enim.
3332 3669 3408 3726 Ne
3423 3669 3760 3740 derelinquas

2182 3780 2289 3829 me,
2317 3765 2569 3835 quoniam
2589 3778 2709 3819 sum
2729 3763 2942 3834 dignus,
2973 3779 3044 3820 ne
3067 3779 3155 3820 me
3183 3763 3760 3836 derclinquaspropter

2181 3858 2342 3913 vitam
2374 3857 2427 3911 in
2455 3856 2652 3912 virtute
2693 3868 2905 3911 actione
2933 3855 3028 3910 sed
3062 3854 3223 3923 quid?
3253 3854 3336 3910 Ne
3364 3859 3494 3926 forte
3522 3856 3754 3910 milen-

2184 3958 2305 4014 tur;
2333 3947 2436 4004 hoc
2470 3957 2573 4014 est,
2603 3946 2680 4003 Ne
2710 3947 2840 4001 fiant
2861 3947 3274 4018 arrogantiores,
3307 3955 3362 4000 et
3389 3961 3458 4003 ne
3500 3947 3552 4000 in
3582 3945 3757 4014 majo-

2182 4054 2295 4094 rem
2323 4039 2592 4109 erigantur
2617 4037 2956 4092 insolentiam
2997 4044 3212 4105 propter
3249 4050 3421 4090 meam
3445 4035 3757 4092 derelictio-

2183 4145 2324 4186 nem.
2361 4129 2448 4186 i0.
2475 4127 2644 4198 Caput
2666 4128 2905 4182 circuitus
2937 4143 3131 4192 eorum,
3169 4128 3309 4181 labor
3337 4127 3583 4182 [abierunt
3611 4128 3754 4197 ipso-

2182 4240 2294 4277 rum
2319 4221 2506 4294 aperiet
2531 4237 2633 4276 eos.
2671 4221 2842 4285 Alius,
2882 4219 3213 4274 Exacerbatio
3241 4235 3412 4274 eorum
3435 4221 3522 4291 qui
3549 4235 3628 4275 me
3653 4221 3758 4274 cir-

2181 4315 2442 4380 cumdant,
2493 4312 2634 4366 labor
2681 4311 2927 4366 initiorum
2963 4311 3187 4380 ipsorum
3230 4311 3424 4382 aperiat
3469 4313 3608 4381 ipsos
3655 4311 3758 4382 (fi).

2182 4404 2475 4461 Circuitum
2515 4403 2601 4458 bic
2628 4403 2758 4458 dicit
2797 4411 3139 4466 conventum,
3179 4416 3511 4466 consessum,
3553 4403 3758 4472 impro-

2183 4497 2304 4552 bam
2348 4494 2638 4560 oflicinam,
2689 4494 2912 4549 scelesta
2947 4493 3190 4548 consilia.
3219 4492 3372 4560 Quod
3407 4503 3584 4548 autem
3629 4491 3764 4548 dicit

2181 4598 2267 4644 est
2305 4587 2565 4656 ejusmodi
2600 4603 2615 4640 :
2650 4585 2768 4656 ipsa
2813 4585 3070 4640 scelerata
3116 4585 3359 4650 consilia,
3403 4594 3459 4638 et
3496 4594 3654 4653 caput
3701 4600 3767 4639 ac

2183 4696 2389 4736 summa
2421 4679 2648 4750 improbi
2669 4689 2724 4734 et
2749 4679 3022 4748 depravati
3057 4677 3240 4743 animi,
3266 4677 3379 4748 ipsa
3399 4692 3495 4734 eos
3525 4677 3770 4732 obruerit

2184 4782 2238 4828 et
2264 4771 2573 4842 perdiderit.
2606 4769 2775 4824 Labor
2815 4769 3063 4824 [abiaram
3103 4769 3350 4838 ipsorum.
3383 4767 3643 4824 Laborem
3678 4768 3769 4822 hie

2184 4871 2342 4918 vocat
2385 4861 2801 4931 improbitatem.
2835 4859 2943 4916 Res
2970 4868 3054 4915 est
3083 4859 3228 4914 enim
3254 4857 3518 4928 ejusmodi
3557 4858 3767 4926 impro-

2186 4957 2322 5012 bitas
2357 4973 2369 5008 :
2403 4955 2556 5010 affert
2597 4954 2647 5009 ei
2690 4954 2780 5022 qui
2828 4953 2973 5006 illam
3025 4950 3264 5022 possidet
3315 4951 3558 5015 exitium,
3603 4962 3660 5004 ct
3708 4959 3770 5004 ut

2184 5049 2438 5104 obruatur
2468 5046 2647 5101 efficit.
2691 5045 2802 5100 Hoc
2839 5045 2890 5098 in
2935 5042 3096 5098 David
3132 5043 3342 5098 accidit.
3371 5039 3772 5113 Exspectabam

2185 5141 2330 5196 enim
2357 5139 2470 5193 fore
2496 5147 2551 5193 ut
2593 5137 2644 5190 in
2687 5136 2825 5190 mala
2855 5133 3163 5205 gravissima
3190 5132 3486 5188 incideret:
3521 5131 3608 5185 ille
3637 5145 3770 5186 vero

2185 5232 2354 5287 evasit
2379 5229 2593 5284 clarior.
2617 5225 2798 5293 Certe,
2829 5225 3020 5297 inquit,
3047 5225 3146 5280 sed
3176 5223 3280 5280 hoc
3299 5238 3406 5279 non
3424 5237 3608 5294 quiero
3637 5240 3651 5277 :
3678 5237 3741 5276 ve
3757 5251 3780 5264 ο

2247 5382 2322 5448 (α)
2345 5383 2550 5448 Semper
2569 5377 2718 5448 laci);
2747 5377 2852 5428 Hoc
2876 5389 2938 5426 ex
2967 5375 3158 5448 Aquila;
3190 5369 3768 5448 ςέίιξοιιρμᾲςξιιιιιΡ-ιυρ

2186 5433 2538 5508 εεὲένὶιιᾳιῖιτ.
2562 5433 2769 5508 Qua_:de_
2784 5451 2840 5486 re
2877 5433 3073 5508 necnon
3098 5436 3162 5483 de
3197 5433 3528 5508 Diapsalmate
3557 5433 3672 5508 vide
3708 5445 3768 5508 ea

2187 5519 2300 5620 quas
2327 5505 2478 5568 paulo
2501 5495 2618 5572 ante
2643 5498 2946 5571 dicebamus.
2983 5498 3101 5570 llasc
3121 5508 3270 5559 porro
3307 5495 3458 5563 lectio
3489 5495 3540 5544 in
3567 5495 3771 5554 vulgata

2237 5567 2497 5616 ntlochena
2541 5563 2763 5612 editione
2805 5561 2955 5610 fuisse
2997 5557 3220 5617 Videtur,
3262 5561 3318 5605 ut
3359 5555 3460 5604 alia
3501 5555 3656 5602 multa
3703 5566 3770 5604 es

2193 5583 2497 5620 Auuocnena
2541 5583 2763 5612 caluum:
2806 5583 2955 5610 tunsae
3001 5583 3220 5617 nuntur,

2193 5625 2425 5738 Ortionis
2447 5623 2686 5686 Hexaplis
2707 5622 2982 5694 desumpta:

2257 5691 2271 5738 f
2312 5689 2327 5738 l
2355 5687 2468 5738 Haec
2503 5687 2848 5738 interpretatio
2868 5691 2944 5734 est
2961 5687 3105 5738 iuxta
3135 5680 3220 5738 S_vt

2257 5677 2327 5751 (ἴ)
2355 5687 2468 5739 Haec
2503 5677 2848 5749 interpretatio
2868 5677 2944 5734 est
2961 5682 3105 5746 juxta
3135 5677 3499 5742 Symmachum.
