4116 6204
370 211 485 273 ω

368 340 487 379 rum
511 321 737 378 ostende
754 316 1253 389 quomodaproprio
1273 316 1495 371 consilio
1518 314 1750 370 confossi
1776 312 1946 389 peric.-

371 420 516 477 rnut,
562 419 619 465 et
655 409 740 463 die
789 407 877 465 ubi
923 408 1024 463 hoc
1053 408 1312 463 evenerit.
1345 407 1402 461 In
1446 405 1698 462 fratribus
1724 402 1944 475 Ioseph.

369 502 502 557 Cum
527 501 669 556 enim
692 499 887 555 vellent
905 515 1025 555 eum
1052 514 1264 555 servum
1288 497 1463 552 facere
1490 512 1553 552 ac
1578 497 1823 569 perdere,
1848 494 1948 566 ipSi

373 601 673 645 extremum
700 588 992 659 periculum
1036 588 1303 643 adierunt.
1336 585 1495 657 Atqui
1538 576 1595 640 et
1635 585 1687 639 in
1717 585 1947 641 servitu-

372 692 477 738 tem
505 688 563 737 et
601 682 656 737 in
686 691 935 749 mortem,
957 689 1210 750 quantum
1237 679 1292 732 in
1335 672 1414 733 eis
1438 674 1556 741 fuit,
1587 675 1676 731 ille
1699 674 1949 731 detrusus

369 782 472 829 est.
502 770 569 826 Et
600 770 831 829 Absalou
859 786 981 831 cum
1004 769 1285 829 invasisset
1313 765 1671 843 tyrannidem,
1700 774 1757 822 et
1783 765 1947 829 vellet

371 872 576 933 patrem
617 860 865 932 perdere,
889 861 1004 931 ipse
1033 875 1128 929 per
1152 873 1269 914 eam
1290 867 1475 929 captus
1502 866 1603 911 est.
1629 855 1715 912 11.
1757 854 1949 911 Cadent

364 969 518 1023 super
542 968 627 1007 eos
661 951 904 1007 carbones
924 950 1054 1022 ignis
1078 967 1098 1004 :
1117 950 1167 1002 in
1192 949 1356 1019 ignem
1385 947 1588 1021 dejicies
1614 949 1769 1014 ipsos.
1797 944 1950 1014 Quod

364 1042 511 1107 dicit,
540 1052 622 1096 est
658 1038 918 1113 ejusmodi
946 1058 960 1094 :
991 1038 1197 1094 Sufficit
1216 1037 1431 1109 quidem
1452 1036 1536 1119 vel
1559 1037 1732 1107 ipsum
1762 1035 1951 1101 vitium

370 1133 436 1187 ad
486 1147 580 1187 eos
624 1130 953 1205 perdendos,
1003 1130 1092 1199 qui
1145 1130 1318 1199 ipsum
1362 1125 1951 1199 complectunturzsed

372 1239 492 1278 cum
542 1239 607 1278 eo
652 1224 781 1277 iram
822 1237 1032 1297 quoque
1084 1219 1338 1277 divinitus
1386 1220 1675 1274 immissam
1721 1219 1952 1273 sustine-

372 1310 522 1369 bnnt.
551 1314 817 1370 Carbones
842 1324 1020 1369 autem
1052 1312 1186 1382 ignis
1212 1323 1264 1368 et
1293 1319 1465 1383 ignem
1490 1312 1574 1367 hic
1603 1312 1731 1367 dicit
1750 1311 1947 1383 supplio

374 1407 536 1471 cium,
559 1405 700 1475 quod
722 1421 755 1461 a
786 1404 919 1459 ca-lo
946 1404 1261 1458 immittitur.
1298 1406 1453 1473 Szrpe
1480 1412 1657 1461 autem
1682 1418 1801 1457 cum
1835 1402 1952 1473 ipso

375 1512 582 1567 quoque
610 1496 731 1565 igne
768 1494 1062 1549 immi~sum
1089 1504 1193 1559 est,
1220 1503 1279 1547 ut
1319 1492 1511 1547 accidit
1539 1492 1678 1548 circa
1716 1492 1951 1565 Dathan,

376 1584 529 1647 Core.
559 1594 613 1645 et
634 1584 857 1653 Abiron,
885 1593 939 1639 ct
964 1584 1103 1638 circa
1126 1598 1219 1639 eos
1245 1583 1333 1653 qui
1361 1583 1631 1639 fornacem
1664 1582 1949 1657 Babyloni-

376 1690 489 1731 cam
525 1674 1007 1731 circumsistebant.
1051 1673 1112 1728 In
1163 1675 1395 1739 miseriis,
1435 1683 1480 1729 et
1519 1691 1620 1729 non
1664 1675 1948 1733 subsistenl.

376 1768 541 1835 Alius,
569 1766 762 1821 Cadent
789 1768 839 1820 in
868 1770 1058 1837 foveas,
1090 1783 1155 1821 ne
1180 1775 1443 1839 resurgant
1474 1764 1569 1841 (α).
1612 1767 1783 1831 Alius,
1815 1765 1952 1821 Pro-

377 1877 508 1929 pere,
538 1871 584 1913 et
612 1876 712 1913 non
744 1858 1121 1913 resurrexerint.
1155 1857 1462 1915 Secundum
1488 1873 1652 1915 unum
1690 1860 1951 1928 interpre-

376 1960 478 2005 tem
519 1953 639 2007 Ialis
676 1959 756 2009 cst
793 1950 1052 2006 sententia
1087 1969 1100 2004 :
1132 1949 1204 2004 ita
1237 1966 1329 2006 eos
1359 1950 1539 2020 perde,
1585 1958 1643 2007 ut
1684 1965 1790 2007 non
1831 1966 1949 2007 am.

373 2040 505 2113 ptius
534 2051 834 2114 resurgant.
859 2041 1161 2097 Secundum
1182 2042 1406 2099 alterum
1427 2056 1578 2109 vero,
1607 2040 1738 2099 Cum
1760 2057 1951 2121 magna

372 2132 646 2188 celeritate
672 2150 688 2189 :
720 2133 823 2188 hoc
846 2131 987 2188 enim
1017 2131 1116 2187 sibi
1144 2131 1250 2187 vult
1286 2131 1434 2196 illud,
1463 2129 1705 2205 Propere.

440 2206 657 2297 Linguae
679 2225 988 2296 petulantia;
1015 2234 1271 2295 peccatum
1293 2224 1541 2281 venationi
1576 2241 1666 2285 cur
1690 2241 1953 2301 compare-

371 2313 651 2369 επακ-12.
681 2313 771 2368 Vir
797 2316 1056 2386 linguosus
1102 2331 1202 2369 non
1244 2314 1485 2387 dirigetur
1520 2315 1573 2368 in
1618 2323 1765 2370 terra.
1798 2315 1954 2379 Post.

369 2418 524 2475 quam
550 2404 686 2460 dixit
708 2404 773 2459 de
802 2404 877 2460 ira
910 2405 1024 2471 Dei,
1065 2405 1297 2465 ostendit
1341 2419 1522 2460 rursus
1564 2404 1734 2475 ipsum
1772 2421 1867 2476 per
1891 2419 1951 2462 se

370 2493 550 2550 vilium
591 2492 857 2562 sufﬁcere,
901 2503 958 2553 ut
1000 2494 1082 2553 sui
1129 2510 1466 2567 possessores
1503 2495 1705 2567 perdat.
1734 2494 1957 2555 Nonest

368 2594 541 2643 autem
574 2587 677 2644 hoc
706 2604 914 2659 quoque
941 2603 1156 2658 parvum
1200 2601 1367 2658 genus
1406 2587 1780 2656 improbitatis,
1831 2601 1951 2647 esse

365 2679 523 2733 nimis
572 2680 910 2746 insolentem,
953 2687 1007 2733 et
1050 2678 1280 2747 linguam
1328 2693 1432 2751 nep
1473 2691 1633 2747 posse
1677 2676 1948 2733 cohibere.

365 2770 691 2840 Ltngttosnm
719 2772 859 2826 enim
893 2771 978 2825 hic
1006 2770 1133 2824 dicit
1164 2769 1431 2824 hominem
1474 2766 1821 2841 petulantem,
1854 2783 1950 2823 nu-

365 2870 632 2931 gatorem,
681 2859 1017 2925 maledicum,
1068 2862 1157 2933 qui
1206 2861 1361 2914 latrat
1404 2858 1637 2927 assidue,
1680 2858 1770 2931 qui
1816 2872 1950 2921 caue

367 2950 536 3006 nihilo
562 2960 644 3007 est
673 2953 861 3007 melius
886 2952 1125 3008 ali'eetns.
1174 2952 1267 3006 Die
1310 2965 1438 3023 ergo
1481 2950 1652 3022 qualis
1702 2958 1785 3007 est
1833 2950 1950 3020 ejus

367 3040 591 3098 fructus.
641 3040 759 3096 Non
806 3043 1069 3112 dirigetur,
1114 3042 1302 3117 inquit,
1353 3043 1406 3096 in
1450 3051 1605 3099 terra.
1652 3041 1802 3097 Alius
1846 3040 1947 3113 (b),

369 3134 489 3188 Non
518 3135 813 3203 stabilietur,
842 3134 943 3191 hoc
972 3144 1071 3200 est,
1116 3134 1410 3207 dejicietur,
1462 3143 1751 3199 evertetur,
1802 3131 1947 3203 peri-

367 3223 463 3278 bit.
518 3223 615 3278 llic
660 3235 742 3278 est
787 3225 984 3280 fructus
1024 3224 1264 3279 maledici
1300 3233 1426 3279 :est
1461 3221 1708 3285 omnibus
1741 3221 1947 3291 hostis,

369 3316 617 3371 omnibus
641 3316 906 3382 molestus,
942 3316 1119 3388 gravis
1144 3325 1195 3371 et
1223 3308 1465 3371 acerbus.
1491 3312 1951 3385 Quemadmodum

367 3421 499 3477 ergo
527 3407 615 3478 qui
644 3415 727 3462 est
755 3407 917 3473 mitis,
969 3408 1171 3477 patiens
1213 3415 1268 3461 et
1317 3404 1472 3475 lenis,
1513 3413 1567 3458 et
1607 3403 1707 3459 scit
1748 3412 1945 3470 tacere,

290 3530 297 3535 -
369 3507 513 3553 tutus
560 3506 661 3563 est,
708 3508 888 3570 gratus
928 3507 980 3553 et
1005 3498 1272 3567 iucundus
1294 3495 1540 3551 omnibus
1572 3512 1587 3550 :
1616 3495 1685 3551 ita
1712 3495 1800 3565 qui
1830 3494 1948 3549 talis

367 3598 470 3655 est,
505 3589 662 3644 vitam
690 3590 800 3660 agit
827 3589 1083 3643 lubricam
1114 3600 1167 3643 et
1195 3587 1347 3643 valde
1378 3587 1749 3657 periculosam,
1786 3585 1946 3641 undi-

367 3696 470 3750 que
492 3680 900 3736 innumerabiles
927 3679 1169 3745 inimicos
1194 3679 1260 3734 ad
1300 3694 1358 3734 se
1388 3692 1667 3734 accersens
1695 3686 1750 3734 et
1776 3686 1943 3737 attra-

368 3770 524 3839 hcns,
570 3779 624 3826 et
664 3780 786 3826 autc
830 3771 962 3825 alios
1000 3785 1147 3825 suam
1189 3768 1419 3824 animam
1448 3768 1791 3839 conturbatis,
1841 3784 1946 3823 non

368 3862 549 3917 sinens
578 3879 696 3919 eam
725 3865 1017 3937 quiescere,
1047 3862 1140 3917 sed
1181 3856 1339 3916 etiam
1381 3859 1526 3923 nullo
1562 3860 1610 3915 ei
1650 3861 1946 3919 molestiam

368 3956 682 4020 exlribcnle,
731 3954 1145 4011 innumerabiles
1173 3950 1425 4031 tumultus
1452 3962 1506 4009 et
1529 3951 1664 4007 bella
1692 3950 1831 4004 intus
1858 3967 1950 4006 ex-

367 4047 559 4101 citans.
638 4042 813 4099 Virmn
862 4044 1104 4118 injustam
1159 4043 1295 4097 mala
1352 4041 1548 4111 capient
1583 4041 1635 4099 in
1671 4040 1946 4095 interitum.

372 4137 446 4191 lla
478 4137 635 4190 etiam
666 4135 793 4190 dicit
820 4132 955 4191 alius
979 4134 1191 4206 sapiens
1221 4152 1234 4188 :
1259 4130 1556 4207 Iniquitatcs
1581 4131 1745 4184 uirum
1764 4144 1955 4183 uenam.

371 4236 454 4280 tur
495 4226 583 4296 (ε).
616 4226 747 4282 Vide
785 4241 969 4283 rursus
993 4225 1176 4280 vitium
1205 4222 1453 4279 sufﬁcere
1477 4219 1551 4275 ad
1569 4234 1691 4277 eum
1728 4217 1951 4291 perden-

367 4311 494 4364 dum
522 4310 609 4379 qui
640 4309 690 4362 id
722 4309 900 4363 habet.
946 4309 1055 4365 Sed
1101 4320 1204 4377 qua
1235 4309 1304 4362 de
1334 4322 1492 4362 causa
1532 4306 1710 4377 posuit
1752 4320 1945 4363 nomen

364 4398 703 4455 venationis?
750 4398 815 4454 Ut
857 4399 1038 4454 videas
1081 4399 1134 4453 id
1186 4414 1307 4454 esse
1354 4397 1682 4465 inevitabile,
1716 4408 1772 4453 ut
1818 4401 1945 4469 etsi,

365 4506 487 4545 cum
520 4488 711 4559 injuste
744 4498 795 4545 te
822 4502 1000 4559 geras,
1034 4496 1139 4545 no'n
1191 4490 1366 4544 statim
1416 4489 1640 4556 incidas,
1671 4504 1777 4543 non
1824 4489 1946 4547 ideo

363 4582 438 4637 sis
476 4581 616 4636 bono
650 4590 703 4637 et
729 4578 919 4638 tidenti'
952 4583 1152 4637 animo.
1182 4582 1329 4638 Talis
1377 4582 1519 4638 enim
1567 4592 1651 4638 est
1690 4585 1940 4639 venatio:

362 4684 467 4726 non
522 4688 770 4742 semper,
820 4688 918 4728 nec
967 4674 1206 4743 protinus
1255 4674 1712 4744 assequiturssed
1762 4683 1939 4732 tamen

361 4762 602 4828 quamvis
647 4763 701 4817 iu
749 4764 1045 4817 venatione‘
1077 4780 1182 4819 non
1229 4766 1506 4834 capiantur
1553 4764 1714 4827 ferte,
1753 4781 1821 4821 ne
1863 4766 1941 4822 sic

359 4852 571 4923 quidem
594 4863 721 4909 tuta:
748 4864 893 4920 sunt,
916 4855 1040 4910 licet
1066 4856 1272 4926 laqueis
1301 4856 1535 4915 nondum
1567 4857 1675 4911 sint
1701 4856 1941 4927 implica-

361 4955 446 5001 tat.
478 4947 549 5000 Ita
581 4947 742 5000 etiam
774 4961 879 5001 non
910 4948 1142 5001 conlidat
1170 4948 1348 5004 anima
1395 4966 1512 5018 qum
1564 4952 1762 5029 injuste
1792 4948 1938 5023 facit,

357 5037 457 5089 etsi
487 5037 728 5090 nondum
758 5044 914 5102 capta
946 5037 1050 5089 sit:
1076 5037 1359 5107 aliquando
1392 5041 1534 5094 enim
1583 5039 1843 5115 capietur.
1878 5041 1936 5096 Si

355 5132 436 5183 vis
478 5132 530 5184 itt
575 5140 690 5184 tnto
717 5145 860 5195 esse,
889 5144 1039 5184 cessa
1083 5131 1195 5189 haec
1224 5148 1401 5205 agere,
1430 5145 1484 5193 et
1528 5150 1716 5205 magna
1748 5134 1939 5205 {tueris

1601 5270 1682 5315 xta
1706 5265 1936 5317 Theodo-

418 5265 492 5327 (α)
518 5265 635 5312 Haec
663 5265 796 5322 prior
817 5265 1158 5321 interpretatio
1182 5265 1376 5317 videtur
1405 5278 1520 5317 esse
1541 5265 1682 5325 juxta
1706 5265 1936 5317 Themin.

352 5324 696 5392 “coningich
713 5320 1181 5392 aliquantumvariet
1201 5326 1248 5392 in
1272 5323 1508 5389 llexaplis
1532 5329 1729 5392 nostris,
1757 5329 1840 5385 ubi
1865 5328 1936 5381 vl-

349 5387 503 5435 desls.
530 5384 788 5435 Posterior
802 5381 947 5436 cuius
966 5382 1027 5426 sit
1048 5381 1313 5441 ignoratur.

440 5447 487 5503 ὁ)
517 5447 639 5505 Quis
663 5450 729 5492 sit
749 5442 827 5491 ltie
846 5441 1096 5499 interpres
1120 5442 1385 5505 ignoratur.

440 5500 487 5569 ε)
513 5500 629 5558 Haec
654 5506 813 5569 primo
837 5511 1094 5569 conspectu
1129 5500 1189 5569 ex
1227 5500 1320 5569 alio
1343 5506 1464 5557 libro
1492 5508 1660 5557 desum

351 5562 579 5679 ὶὶιέίμῖςι
612 5562 728 5619 sunt
748 5563 891 5629 juxta
930 5562 1317 5624 interpretation:
1337 5579 1385 5617 tn
1419 5562 1853 5630 Symnuchl,'t'ide
1883 5576 1932 5623 in

399 5644 527 5679 erat»
547 5644 607 5679 ts.

399 5644 607 5685 ειυυιιδ.

418 5262 492 5327 (α)
517 5262 635 5327 Haec
663 5262 796 5327 latior
817 5261 1158 5327 interpretqu
1182 5263 1376 5327 videtur
1405 5278 1520 5317 me

1458 195 1814 259 EXPOSiTlO
1850 193 1917 252 1N
1942 191 2275 251 PSALMUM.
2298 191 2473 257 CXI...

1767 5508 1933 5559 videu-
1956 5552 1964 5563 .

3532 201 3637 263 696

2054 310 2355 366 securitate.
2398 308 2511 365 Cur.
2537 318 2711 365 autem
2738 311 2890 378 dixit,
2924 314 2989 368 In
3018 317 3271 371 interitum
3293 317 3338 371 1"
3366 317 3631 391 Quoniam

2053 401 2201 456 multi
2242 401 2521 470 capiuntur
2563 400 2629 454 ad
2669 400 2935 457 salutem:
2967 407 3129 476 utqui
3154 407 3222 461 ab
3248 406 3528 477 apostolis,
3577 416 3635 461 ut

2052 492 2143 563 qni
2168 507 2197 547 a
2223 492 2421 549 sanctis
2454 488 2605 547 viris:
2648 492 2715 551 At
2741 509 2845 557 non
2877 494 3024 559 mali,
3052 499 3264 567 quando
3289 513 3383 554 eos
3408 506 3637 555 venatur

2055 584 2277 650 vitium;
2318 584 2412 641 sed
2455 584 2521 640 ad
2570 586 2859 657 perniciem
2901 596 2956 641 et
2995 586 3284 643 interitum.
3317 591 3382 645 Et
3408 606 3505 646 cur
3527 605 3631 648 non

2053 689 2088 730 e
2130 676 2352 748 vestigio
2402 676 2582 757 vitium
2627 675 2970 746 consequitur
3006 679 3322 749 supplicium
3343 681 3387 734 ?'
3414 682 3635 753 Propter

2056 766 2265 829 Domini
2311 770 2668 825 clementiam.
2726 769 2783 825 Si
2826 769 2968 826 enim
3021 771 3180 828 vellet
3211 771 3278 829 de
3316 789 3637 845 unoquoque
3672 796 3683 809 ο

2055 875 2241 919 eorum
2297 862 2386 933 qui
2454 870 2677 933 peccant
2742 864 2982 933 protinus
3042 862 3356 936 supplicium
3400 881 3633 930 sumere,

2053 949 2163 1025 jam
2212 951 2441 1009 maxima
2488 967 2554 1009 ex
2610 959 2760 1022 parte
2821 951 3086 1011 sublatum
3150 962 3293 1009 esset
3344 954 3635 1012 humanum

2057 1055 2243 1111 genus.
2296 1041 2382 1096 13.
2446 1039 2666 1117 Cognovi
2728 1041 2846 1113 quia
2894 1042 3046 1112 faciet
3094 1041 3340 1101 Dominus
3378 1045 3637 1115 judicium

2057 1127 2267 1197 inopum
2289 1139 2345 1187 et.
2366 1130 2638 1184 vindictam
2675 1147 2973 1201 pauperum.
3016 1132 3101 1187 H.
3136 1131 3491 1189 Verumtamen
3504 1138 3639 1207 justi

2059 1219 2427 1287 conﬁtebuntur
2482 1221 2674 1275 nomini
2727 1232 2834 1289 tuo,
2899 1232 2946 1277 et
3006 1223 3300 1286 habitabant
3357 1228 3495 1283 recti.
3521 1244 3639 1285 cunt

2058 1308 2203 1362 vultu
2243 1317 2349 1369 tuo.
2389 1310 2561 1377 Alius,
2602 1312 2753 1382 Apud
2804 1312 2994 1368 vultum
3051 1323 3212 1371 tuum.
3271 1316 3377 1373 Pro
3423 1316 3640 1373 Habita-

2059 1399 2182 1455 bunt
2228 1411 2426 1469 autem,
2466 1402 2603 1458 alius
2645 1402 2792 1469 dicit,
2831 1402 3205 1460 Permanebunt
3245 1406 3442 1479 (a),_et
3479 1410 3637 1481 alius,

2060 1488 2317 1545 Sedebunt
2363 1507 2384 1546 :
2426 1500 2480 1546 et
2527 1507 2622 1563 pro
2663 1492 2886 1565 Cognovi
2910 1536 2924 1561 ,
2992 1494 3131 1552 Scio.
3184 1495 3446 1569 Quoniam
3492 1503 3637 1559 enim

2058 1579 2214 1647 dixit,
2270 1582 2625 1651 venabantur,
2667 1592 2722 1643 et
2761 1585 3032 1655 peribunt,
3074 1602 3173 1645 nec
3198 1589 3429 1647 ostendit
3457 1590 3634 1653 statim

2059 1670 2339 1727 imminere
2378 1673 2695 1744 supplicium
2729 1691 2743 1729 :
2772 1690 2841 1731 ne
2879 1677 2997 1747 quis
3034 1692 3102 1735 ex
3139 1680 3491 1739 crassioribus
3520 1681 3639 1739 ideo

2059 1760 2372 1817 redderetur
2414 1763 2802 1834 negligentior,
2852 1766 3126 1837 subiunxit
3178 1769 3327 1836 illud,
3376 1769 3637 1847 Cognovi,

2058 1854 2344 1908 ostendens
2389 1853 2440 1907 id
2481 1854 2698 1909 omnino
2742 1854 2994 1913 futurum.
3036 1857 3136 1931 Qtti
3164 1859 3304 1914 enim
3336 1860 3525 1931 injuria
3562 1861 3642 1917 al-

2059 1938 2181 1999 fecti
2219 1953 2375 2017 sunt,
2408 1962 2521 2001 non
2541 1945 2828 2001 manebunt
2857 1947 3029 2004 inulti.
3053 1946 3324 2020 Paupenes
3348 1962 3524 2007 autem
3553 1951 3642 2008 ltie

2058 2051 2164 2101 non
2201 2036 2447 2108 intelligit
2488 2034 2733 2095 absolute
2770 2055 3052 2115 pauperes,
3108 2042 3201 2098 sed
3248 2059 3343 2111 eos
3375 2047 3462 2121 qui
3512 2055 3642 2103 sunt

2056 2124 2213 2195 valde
2252 2126 2501 2195 humiles,
2556 2130 2647 2199 qui
2692 2139 2815 2185 sunt
2849 2131 3084 2188 contriti.
3127 2132 3251 2201 llaec
3275 2144 3450 2199 autem
3475 2135 3639 2209 dicit,

2055 2234 2150 2274 eos
2188 2220 2277 2292 qui
2309 2218 2851 2291 i-ujuriaat‘lieiuntur,
2898 2224 3200 2289 consolans,
3232 2235 3285 2280 et
3309 2240 3406 2282 eos
3432 2227 3521 2299 qui
3555 2227 3638 2284 fa-

2057 2310 2207 2381 ciunt
2242 2308 2513 2381 iniuriam,
2560 2312 2837 2383 corrigens
2873 2312 3273 2386 admonensque
3302 2331 3316 2368 :
3347 2323 3404 2371 ut
3432 2332 3531 2381 nec
3565 2316 3641 2381 illi

2059 2411 2273 2474 propter
2316 2418 2521 2458 moram
2546 2401 2852 2475 desperent,
2890 2420 2989 2461 nec
3013 2403 3065 2462 hi
3095 2417 3310 2481 pr0pter
3332 2407 3639 2469 dilationem

2056 2491 2348 2548 reddantur
2370 2491 2727 2550 socordiores.
2778 2493 2968 2557 Dilatio
3005 2497 3147 2553 enim
3188 2496 3336 2554 ducit
3372 2498 3438 2559 ad
3466 2502 3639 2570 patui-

2059 2582 2279 2639 tentiam
2312 2600 2326 2637 :
2358 2598 2480 2638 eum
2519 2592 2697 2645 autem
2727 2584 2817 2656 qui
2846 2596 3167 2655 perseverat,
3209 2589 3361 2659 punit
3382 2592 3594 2663 gravius
3624 2615 3638 2651 :

2057 2676 2216 2749 idque
2250 2676 2465 2733 merito.
2512 2676 2723 2749 Quare?
2755 2677 2911 2747 Quod
2938 2695 3057 2743 cum
3088 2680 3139 2735 in
3165 2696 3225 2736 se
3255 2691 3451 2747 tantam
3481 2684 3637 2745 boni.

2056 2774 2219 2823 tatem
2255 2765 2534 2831 senserint,
2575 2782 2904 2838 nequaquam
2932 2768 3179 2827 meliores
3199 2772 3487 2836 evaserint.
3528 2772 3637 2831 Co-

2054 2858 2163 2933 gita
2211 2871 2439 2935 namque
2484 2868 2679 2931 quanta
2722 2858 2905 2916 sitDei
2944 2860 3246 2929 clementia,
3292 2865 3505 2934 quando
3543 2883 3639 2937 eos

2056 2950 2146 3023 qui
2186 2958 2308 3007 sunt
2345 2948 2445 3004 sibi
2489 2946 2706 3017 addicti,
2757 2951 2897 3006 mala
2926 2952 3027 3021 pali
3071 2953 3343 3025 permittit,
3383 2971 3482 3021 nec
3509 2958 3638 3015 uicis

2056 3040 2245 3106 scitur,
2282 3038 2464 3099 volens
2490 3050 2541 3096 te
2568 3040 2877 3111 pmnitentia
2905 3043 3181 3098 meliorem
3211 3044 3406 3101 facere.

2128 3130 2279 3186 Ratio
2317 3149 2349 3185 a
2399 3130 2505 3187 Deo
2543 3148 2644 3186 non
2680 3134 2949 3207 poscenda.
2989 3163 3062 3174 —
3110 3132 3457 3195 Verumtamen
3498 3139 3633 3209 justi

2055 3223 2425 3294 conﬁtebuntur
2468 3224 2661 3278 nomini
2710 3234 2817 3278 tuo.
2876 3223 3014 3292 Quid
3057 3234 3138 3280 est
3179 3225 3318 3296 quod
3361 3227 3522 3284 dicit?
3574 3229 3631 3291 In

2057 3331 2424 3399 quocumque,
2469 3316 2669 3389 inquit,
2700 3315 2968 3381 evenerit,
3002 3315 3075 3370 illi
3105 3326 3261 3388 agent
3282 3319 3480 3388 gratias
3503 3338 3516 3375 ε
3541 3336 3633 3378 seu

2057 3406 2285 3462 viderint
2322 3405 2552 3463 humiles
2581 3403 2790 3476 injuriis
2817 3404 2934 3461 all‘et
2954 3412 3065 3475 tos,
3097 3423 3189 3461 seu
3230 3409 3398 3465 malos
3425 3410 3592 3471 elatos
3615 3457 3629 3479 ,

2056 3512 2164 3553 non
2194 3498 2407 3568 exigent
2432 3497 2690 3552 rationem
2717 3511 2814 3552 cur
2839 3496 2925 3551 illa
2953 3496 3099 3551 liam.
3129 3496 3244 3553 Hoc
3274 3508 3362 3555 est
3387 3501 3528 3557 enim
3551 3506 3659 3565 νει·

2055 3589 2287 3644 maxime
2301 3588 2590 3659 justorum,
2610 3601 2824 3659 semper
2843 3597 2895 3642 et
2917 3586 2976 3643 in
2987 3586 3235 3645 otunibus
3247 3590 3441 3659 gratias
3457 3607 3639 3664 agere.

2058 3680 2126 3736 Et
2152 3680 2445 3735 habitabant
2465 3680 2586 3735 recti
2607 3696 2721 3741 cum
2740 3680 2881 3745 uultu
2904 3688 2988 3743 tuo
3007 3695 3026 3734 :
3043 3678 3143 3747 ltoc
3164 3690 3266 3749 est,
3289 3680 3458 3739 Tuum
3484 3698 3636 3743 asse-

2058 3772 2205 3853 qunti
2234 3772 2505 3837 auxilium,
2540 3769 2688 3826 etde
2718 3779 2769 3826 te
2798 3786 2918 3825 cum
2947 3771 3278 3857 suisanituis
3305 3774 3595 3845 cogitantes
3616 3815 3637 3855 η

2057 3877 2270 3931 semper
2312 3871 2485 3916 tecum
2526 3870 2821 3931 versantes,
2866 3875 2898 3914 a
2938 3869 2992 3929 te
3022 3877 3315 3932 numquam
3348 3863 3635 3923 recedent:

2056 3950 2321 4033 quidquid
2343 3948 2598 4016 evenerit,
2631 3948 2761 4003 nihil
2789 3964 3037 4019 umquam
3059 3950 3137 4005 eis
3165 3966 3305 4021 tegre
3332 3951 3509 4020 fuerit,
3538 3971 3636 4013 nec

2057 4042 2124 4099 de
2152 4044 2231 4098 eis
2260 4058 2378 4112 qua:
2424 4039 2702 4105 accident,
2750 4055 3001 4123 umquam
3044 4050 3352 4111 querentur.
3398 4042 3510 4099 Hoc
3554 4054 3635 4101 est

2059 4134 2201 4188 enim
2228 4130 2388 4191 animi
2421 4129 2707 4186 immobilis
2726 4171 2742 4195 ,
2770 4128 2872 4183 hoc
2902 4130 3066 4187 lirmte
3092 4131 3284 4199 mentis
3312 4147 3375 4187 ac
3401 4134 3633 4205 stabilis,

2060 4241 2167 4281 non
2206 4242 2426 4297 poscere
2469 4242 2499 4282 a
2538 4224 2763 4291 Domino
2798 4241 2981 4285 eorum
3023 4239 3139 4299 quae
3178 4222 3312 4293 ﬁunt
3351 4220 3633 4305 rationem.

2052 4310 2313 4376 Quocirca
2361 4310 2570 4364 dicebat
2616 4311 2810 4367 Paulus
2850 4330 2864 4365 :
2903 4314 3280 4381 Verumtamen,
3311 4330 3344 4372 ο
3371 4321 3545 4383 homo,
3572 4325 3628 4373 tu

2050 4398 2163 4468 quis
2195 4416 2247 4454 es
2276 4401 2367 4473 qui
2386 4402 2693 4472 respondeas
2729 4401 2873 4457 Deo?
2897 4402 3160 4477 Numquid
3182 4408 3302 4461 dicit
3330 4407 3655 4487 ﬁgmentum.

2049 4490 2229 4560 ﬁgulo,
2283 4490 2386 4547 Cur
2432 4509 2510 4547 me
2548 4493 2713 4563 fecisti
2753 4495 2826 4549 sic
2853 4494 3029 4567 (Rom.
3067 4497 3116 4552 9.
3159 4494 3283 4571 20)?
3313 4499 3424 4555 lioc
3468 4498 3627 4571 igitur

2049 4586 2210 4643 modo
2240 4599 2338 4643 nos
2380 4602 2592 4659 quoque
2635 4601 2851 4659 semper
2890 4599 3044 4661 grato
3086 4590 3253 4655 simus
3297 4592 3499 4665 animo,
3528 4608 3658 4675 pro].

2048 4676 2297 4733 omnibus
2326 4677 2434 4733 Deo
2457 4678 2656 4748 gratias
2677 4687 2895 4748 agentes
2921 4698 2934 4734 :
2960 4680 3209 4753 quoniam
3237 4681 3285 4739 ei
3309 4682 3645 4759 gloria,gre-I

2048 4770 2240 4825 tiarum
2270 4772 2431 4839 actio,
2462 4781 2517 4825 et
2545 4771 2809 4839 adoratio,
2840 4786 2982 4827 nunc
3007 4780 3063 4829 et
3098 4786 3337 4843 semper,
3361 4762 3421 4839 ’σοι
3449 4773 3501 4827 in
3536 4774 3622 4830 inv

2047 4860 2195 4916 ﬁnita
2219 4860 2415 4919 secula
2443 4861 2782 4929 seculorum.
2815 4865 3009 4921 Amen.

2514 4973 2582 5035 IN
2622 4974 2955 5041 ρελωίωι
2985 4974 3147 5037 CXL.

2046 5086 2099 5144 L
2146 5086 2381 5150 Domine,
2410 5085 2625 5139 clamavi
2663 5085 2733 5138 ad
2779 5094 2844 5149 te,
2875 5085 3063 5143 mutii
3102 5098 3184 5137 me
3214 5097 3237 5137 :
3264 5081 3486 5143 intende.
3515 5073 3647 5133 voci.

2430 5188 2575 5243 mw,
2598 5194 2717 5231 cuius
2743 5179 3029 5232 etme
3063 5177 3134 5230 ad
3162 5185 3230 5229 te.

2116 5290 2169 5345 1.
2202 5287 2370 5356 Hujus
2397 5286 2614 5359 quidem
2638 5290 2833 5345 Psalmi
2864 5291 3027 5345 verba
3049 5302 3185 5360 pene
3207 5302 3393 5343 omnes
3416 5286 3618 5352 sciunt,

2041 5393 2092 5437 et
2117 5396 2208 5451 per
2231 5392 2444 5436 omnem
2467 5390 2674 5436 aetatem
2694 5392 2950 5452 perpetuo
2970 5389 3167 5435 canunt
3185 5398 3199 5435 :
3214 5381 3333 5451 quis
3348 5381 3418 5435 sit
3437 5387 3616 5433 autem

2041 5486 2233 5529 sensus
2252 5487 2457 5539 eorum,
2473 5487 2591 5542 quae
2611 5470 2751 5527 dicta
2772 5481 2916 5537 sunt,
2935 5473 3198 5526 nesciunt.
3217 5468 3369 5543 Quod
3395 5466 3613 5541 quidem

2107 5630 2177 5691 (α)
2212 5627 2331 5680 llaec
2354 5626 2696 5691 interpretatio
2719 5631 2797 5677 est
2814 5626 2954 5688 juxta
2974 5625 3337 5692 Symmachum.
