4070 6214
429 189 530 244 627

433 323 540 362 non
573 315 654 361 est
683 317 841 374 parva
885 299 1297 370 reprehensione
1323 298 1537 368 dignum
1564 339 1578 363 ,
1609 311 1702 351 eos
1731 293 1817 366 qtti
1842 294 2018 365 quoti-

434 399 523 453 die
550 403 766 457 canunt,
799 403 850 449 et
873 407 968 449 ore
996 391 1153 448 verba
1184 389 1477 461 proferunt,
1507 405 1612 444 non
1640 403 1880 458 quaerere
1911 386 2016 439 vim

431 487 854 552 sententiarum,
903 499 1022 554 quze
1063 483 1115 536 in
1163 481 1244 535 Itis
1279 480 1454 534 verbis
1496 479 1610 532 sita:
1649 487 1790 532 sunt.
1833 476 1938 530 Sed
1973 476 2018 530 si

435 581 627 636 viderit
653 578 866 650 quidem
898 575 1161 645 quiSpiam
1189 588 1378 642 aquam
1413 587 1594 641 puram
1626 577 1676 624 et
1706 567 1976 638 limpidam
2001 608 2016 630 ,

436 687 540 726 non
580 685 642 726 se
670 669 932 732 tenuerit,
979 666 1106 736 quin
1151 664 1217 720 ad
1264 678 1381 716 eam
1431 660 1682 726 accedat,
1727 669 1936 728 tangat,
1965 665 2020 712 et

388 744 403 763 ’
437 763 609 827 bibat;
642 771 693 816 cl
719 761 806 830 qui
835 759 889 812 in
916 767 1122 828 pratum
1155 753 1366 808 assidue
1408 752 1734 823 ingreditur,
1777 750 1875 804 nisi
1905 748 2017 803 col-

437 853 586 907 lectis
616 855 764 922 prius
788 849 988 919 aliquot
1028 845 1246 900 tioribus
1267 887 1282 912 ,
1317 843 1568 900 recedere
1611 841 1825 896 tniuime
1855 838 2016 894 susti-

438 943 612 998 nuerit
637 961 648 996 :
677 956 772 996 vos
795 950 971 994 autem
993 938 1081 1007 qui
1110 937 1177 991 ab
1206 937 1418 992 ineunte
1447 943 1602 988 male
1628 932 1695 985 ad
1722 940 2015 986 extremam

437 1047 602 1102 usque
630 1040 954 1086 senectutem
995 1029 1136 1083 hunc
1180 1026 1448 1082 Psalmum
1488 1022 1852 1086 meditamini,
1885 1020 2014 1074 nihil

433 1123 575 1178 aliud
603 1137 758 1194 quam
787 1120 949 1174 verba
977 1128 1233 1189 perpetuo
1256 1116 1465 1180 tenetis,
1488 1115 1746 1170 ahscouso
1768 1113 2017 1168 thesauro

365 1259 368 1264 .
434 1211 678 1268 arsidetis
698 1253 712 1274 ,
754 1211 1083 1280 obsignatam
1115 1221 1422 1264 crumenam
1444 1205 1815 1269 circumiertis,
1838 1212 1891 1258 et
1918 1216 2017 1258 nec

433 1321 460 1356 η
493 1303 797 1358 curiositate
824 1300 1038 1372 quidem
1085 1299 1332 1353 incitatus
1360 1305 1442 1352 est
1469 1295 1726 1364 quispiam
1759 1301 1813 1347 ut
1840 1293 2014 1347 disce-

431 1405 532 1460 ret,
563 1391 688 1464 quid
728 1401 810 1446 est
839 1391 977 1460 quod
1001 1388 1192 1443 dicitur
1215 1405 1228 1441 :
1255 1403 1358 1440 non
1385 1386 1642 1456 qumsivig
1681 1400 1784 1438 non
1814 1393 2016 1438 scruta-

437 1496 520 1539 tus
563 1491 663 1540 est.
711 1485 1038 1552 Quamquam
1087 1495 1186 1534 nec
1233 1477 1359 1532 illud
1405 1477 1615 1548 quidem
1661 1476 1762 1529 dici
1807 1484 2012 1544 potest,

433 1592 552 1630 cum
579 1584 722 1630 esset
751 1575 989 1628 i‘salmus
1018 1579 1258 1640 apertus,
1289 1583 1476 1622 omnes
1507 1567 1739 1621 invitavit
1770 1567 1834 1620 ad
1865 1581 2012 1620 sont-

434 1682 562 1721 nutn
585 1705 602 1730 ,
640 1679 740 1719 nec
783 1663 903 1717 sivit
929 1671 986 1716 ut
1012 1669 1337 1733 qumreretur
1362 1657 1500 1728 quod
1527 1657 1730 1712 eratad
1774 1671 2006 1711 manum.

435 1759 529 1812 Est
555 1755 698 1810 enim
725 1755 981 1809 obscurus
1003 1795 1017 1818 ,
1048 1751 1344 1820 suiiicitque
1381 1749 1446 1802 ad
1483 1763 1604 1802 etnn
1634 1746 1967 1802 excitandum
1995 1789 2010 1811 ,

433 1851 524 1919 qui
555 1865 660 1903 non
693 1847 850 1902 nimis
878 1845 1138 1916 profunde
1179 1843 1377 1898 dormit
1397 1882 1411 1905 ,
1460 1842 1564 1896 imo
1589 1856 1710 1895 eum
1739 1840 1896 1894 etiam
1924 1839 2012 1914 qui

433 1941 652 1994 omnino
681 1938 896 1994 dormit.
925 1936 1062 2005 Quid
1108 1936 1248 1990 enim
1277 1943 1357 1988 est
1385 1932 1506 1989 illud
1531 1973 1548 2000 ,
1596 1932 1648 1986 4.
1683 1931 1766 1986 Ne
1797 1930 2014 1988 declines

433 2049 520 2086 cor
543 2047 704 2086 meum
732 2030 785 2084 in
813 2030 958 2084 verba
988 2027 1232 2083 malitiae?
1256 2023 1381 2096 quid
1409 2040 1556 2090 vero,
1580 2025 1632 2077 5.
1662 2021 1908 2092 Corripiet
1937 2037 2015 2075 me

427 2126 598 2194 justus
623 2121 674 2176 in
702 2119 1044 2174 misericordia
1063 2160 1079 2186 ,
1129 2128 1175 2172 et
1204 2116 1479 2186 increpabit
1504 2115 1621 2170 me?
1647 2114 1795 2180 Quod
1837 2121 2012 2167 autem

383 2226 397 2283 τ
432 2215 797 2284 consequitur,
826 2214 940 2278 dic,
971 2226 1174 2282 quaeso,
1201 2225 1376 2264 annon
1406 2218 1485 2264 est
1512 2207 1832 2278 quibuslibet
1860 2214 2012 2260 tene-

433 2309 544 2364 bris
578 2305 994 2362 tenehricosius?
1023 2303 1274 2371 Quoniam
1321 2301 1486 2354 adhuc
1514 2309 1560 2352 et
1605 2297 1765 2352 oratio
1808 2313 1917 2349 mea
1959 2295 2010 2350 in

433 2399 754 2470 beneplacitis
779 2412 968 2451 eorum.
991 2394 1046 2450 6.
1070 2393 1303 2463 Absorpti
1331 2401 1447 2446 sunt
1459 2377 1623 2462 juncti
1645 2400 1798 2460 petra:
1812 2387 2012 2459 judices

432 2505 626 2544 eorum.
659 2487 910 2554 Quamvis
937 2495 1110 2540 tamen
1140 2493 1216 2538 tot
1243 2483 1350 2537 sint
1376 2481 1621 2544 obscura,
1653 2478 1811 2533 veluti
1839 2476 2010 2547 quod-

433 2580 556 2634 dam
581 2579 864 2642 canticum,
889 2592 948 2631 ea
977 2575 1125 2630 multi
1152 2575 1336 2630 lcvitcr
1360 2578 1788 2645 prmtercurrunt.
1817 2567 1921 2624 Sed
1945 2581 2012 2626 ne

429 2667 560 2724 dum
600 2669 653 2723 in
681 2666 1094 2737 reprehensione
1123 2665 1342 2722 nimium
1384 2664 1756 2724 immoramur.
1786 2661 2010 2715 molesta

427 2761 622 2817 evadat
649 2761 838 2824 oratio,
871 2774 967 2830 age
991 2758 1054 2813 ad
1085 2773 1144 2813 ea
1177 2773 1294 2828 qua:
1320 2757 1457 2811 dicta
1487 2764 1609 2810 sunt
1634 2753 2010 2826 perscrutanda

431 2853 726 2908 veniamus.
757 2851 864 2907 Sed
889 2851 1167 2922 diligenter
1192 2849 1447 2904 attendite
1473 2867 1485 2902 :
1509 2863 1682 2918 neque
1714 2847 1855 2902 enim
1886 2855 2010 2916 puto

434 2944 597 3000 fuisse
628 2955 827 3000 temere
863 2942 1134 2998 decretum
1176 2959 1206 2995 a
1252 2940 1523 3011 patribus,
1566 2949 1624 2993 ut
1663 2937 1746 2992 hic
1772 2937 2011 2992 Psalmus

433 3053 654 3109 vespere
682 3035 948 3092 diceretur
968 3033 1202 3104 quotidie
1223 3031 1322 3106 (a),
1351 3046 1521 3103 neque
1549 3039 1764 3101 propter
1791 3030 1842 3085 id
1869 3029 2010 3100 quod

435 3130 487 3182 in
519 3142 586 3182 eo
613 3126 807 3182 dicitur
830 3169 845 3192 ,
889 3125 1119 3182 Elevatio
1162 3139 1402 3179 manuum
1443 3138 1667 3176 mearum
1706 3121 2010 3190 sacriﬁcium

433 3219 788 3288 vespertinum.
834 3216 964 3272 Nam
1010 3215 1241 3284 idipsum
1284 3227 1494 3288 quoque
1535 3214 1585 3266 in
1627 3212 1745 3266 aliis
1785 3211 2011 3268 Psalmis

433 3309 659 3373 dicitur,
695 3304 1142 3377 quemadmodum
1187 3304 1239 3358 in
1285 3303 1374 3359 illo
1403 3303 1490 3373 qui
1519 3303 1646 3358 dicit
1673 3320 1686 3357 :
1713 3301 1928 3373 Vespere
1963 3313 2008 3356 et

435 3417 584 3453 mane
609 3409 654 3453 et
681 3398 887 3452 meridie
912 3395 1129 3452 narrabo
1159 3406 1204 3450 et
1239 3396 1546 3449 aununtiabo
1574 3393 1742 3464 (Psal.
1773 3395 1860 3455 54.
1894 3394 2007 3465 18).

437 3491 504 3545 Et
535 3505 738 3552 rursus,
769 3485 911 3541 Tuus
937 3496 1007 3540 est
1035 3486 1160 3549 dies,
1188 3496 1235 3540 et
1265 3495 1352 3538 tua
1379 3495 1448 3542 est
1469 3501 1569 3539 nox
1592 3483 1760 3558 (Psal.
1784 3486 1868 3539 75.
1896 3485 2006 3554 16).

437 3581 502 3634 Et
532 3593 714 3632 rursus
732 3619 747 3645 ,
788 3571 1002 3648 Vespere
1029 3576 1370 3632 demorabitur
1405 3577 1553 3648 ﬂetus
1577 3617 1590 3639 ,
1618 3577 1742 3629 etin
1770 3578 2010 3634 matutina

436 3669 703 3725 exsultatio
746 3668 914 3744 (Psal.
958 3669 1048 3726 29.
1093 3668 1184 3744 6),
1229 3676 1284 3724 et
1328 3668 1480 3724 multi
1523 3676 1745 3742 possunt
1787 3669 2011 3724 inveniri

441 3761 636 3818 Psaltni
667 3761 754 3833 qui
784 3762 1083 3830 vespertino
1113 3759 1336 3830 tempori
1376 3759 1710 3813 conveniant.
1743 3757 1856 3814 Non
1884 3773 2011 3832 ergo

441 3861 719 3925 propterea
763 3849 904 3906 hunc
949 3849 1215 3907 Psalmum
1262 3849 1611 3904 decreverunt
1654 3859 1864 3920 patres,
1916 3849 2011 3905 sed

436 3955 702 4014 tamquam
733 3941 961 3997 salutare
984 3939 1193 4010 aliquod
1225 3939 1564 4010 phartnacum
1594 3948 1649 3994 et
1674 3949 2009 4010 peccatorum

440 4035 726 4106 piaculum,
748 4043 806 4090 ut
830 4035 874 4091 is
901 4033 1187 4098 diceretur,
1215 4033 1625 4099 constituerunt,
1657 4042 1715 4087 ut
1737 4047 2010 4107 quaecum—

439 4143 542 4196 que
569 4127 753 4182 sordes
777 4136 870 4180 aut
895 4127 1113 4182 macula:
1143 4127 1334 4185 iuerint
1358 4142 1386 4179 a
1409 4125 1562 4184 nobis
1584 4135 1694 4180 toto
1719 4123 1804 4186 die
1832 4141 2013 4182 susce—

439 4227 543 4288 pitB
566 4258 582 4282 ,
621 4216 746 4272 dum
775 4216 857 4271 vel
887 4215 940 4270 in
979 4214 1131 4283 foro,
1163 4217 1245 4271 vel
1275 4215 1452 4281 domi,
1483 4215 1567 4270 vel
1597 4216 1648 4270 in
1677 4231 2012 4286 quocumque

434 4309 540 4362 alio
567 4308 684 4362 loco
712 4321 986 4362 versamur
1004 4347 1018 4370 ,
1049 4321 1140 4361 eas
1166 4321 1285 4360 cum
1314 4305 1380 4360 ad
1411 4321 1684 4374 vesperum
1711 4306 2014 4375 perveneri-

436 4413 589 4466 mus,
634 4413 731 4468 per
771 4397 1042 4467 Spirituale
1087 4395 1188 4452 hoc
1229 4411 1441 4452 carmen
1485 4396 1867 4466 abStergamus.
1914 4395 2012 4450 Est

435 4489 578 4543 cnim
604 4487 1045 4544 medicamentum
1072 4486 1211 4556 quod
1241 4486 1379 4543 delet
1405 4485 1520 4540 ham
1538 4488 1734 4540 omnia.
1762 4485 1908 4541 Talis
1930 4496 2012 4542 est

435 4579 597 4633 etiam
654 4578 894 4635 Psalmus
941 4577 1230 4632 matutinus
1263 4595 1277 4633 :
1312 4576 1442 4632 nihil
1493 4576 1634 4633 enim
1685 4584 1828 4633 vetat
1873 4577 2010 4633 illius

437 4682 650 4738 quoque
675 4668 906 4722 breviter
945 4666 1268 4722 meminisse.
1301 4667 1556 4724 Accendit
1582 4668 1722 4725 enim
1761 4669 1814 4722 in
1845 4668 2008 4723 Deum

435 4758 790 4822 desiderium,
839 4767 893 4812 et
931 4759 1164 4812 animum
1193 4759 1423 4823 excitat,
1468 4774 1531 4814 ac
1557 4766 1832 4828 postquam
1860 4760 2011 4818 valde

437 4831 798 4912 inﬂammavit,
830 4863 1124 4918 magnaque
1145 4847 1372 4917 replevit
1396 4849 1574 4904 laetitia
1599 4858 1653 4904 et
1677 4849 1915 4913 caritate,
1940 4850 2010 4905 ita

434 4937 696 5008 permittit
721 4939 994 4994 accedere.
1029 4938 1311 4994 Videamus
1347 4949 1522 4995 autem
1565 4939 1828 4997 undenam
1875 4940 2010 4995 inci-

433 5029 564 5098 piat.
583 5037 636 5084 et
657 5027 781 5097 quid
806 5043 904 5082 nos
927 5028 1152 5084 doceat:
1175 5029 1329 5094 Deus,
1346 5029 1482 5084 Deus
1501 5047 1656 5094 meus,
1682 5032 1750 5084 ad
1767 5041 1814 5084 te
1826 5031 2013 5085 deluce

432 5122 604 5192 vigilo.
619 5121 788 5176 Sitivit
805 5131 851 5175 te
865 5122 1035 5176 anima
1051 5139 1159 5176 mea
1173 5121 1340 5192 (Psal.
1362 5123 1450 5178 62.
1473 5124 1546 5194 Ι).
1568 5123 1726 5179 Vides
1746 5128 2012 5194 quomodo

437 5213 667 5267 ostendit
709 5213 926 5267 verhunt
970 5213 1277 5268 inﬂammati
1327 5214 1525 5268 animi?
1569 5213 1667 5268 Ubi
1713 5225 1796 5270 est
1833 5227 2011 5272 autem

438 5318 586 5356 amor
606 5303 720 5368 Dei,
738 5304 913 5358 omnia
937 5304 1072 5358 mala
1103 5304 1388 5360 recedunt;
1409 5303 1494 5358 ubi
1517 5311 1603 5358 est
1620 5305 1710 5359 Dei
1732 5307 2010 5375 memoria,

439 5393 542 5450 illic
571 5404 654 5450 est
698 5407 1032 5464 peccatorum
1072 5395 1290 5462 oblivio,
1343 5404 1396 5449 et
1442 5395 1700 5450 malorum
1744 5397 1986 5453 interitus

499 5593 571 5655 (α)
605 5595 686 5644 ttic
709 5593 916 5644 I’sahuus
939 5594 1154 5658 quotidie
1177 5595 1471 5646 recitabatur
1495 5597 1766 5648 Antiochia-2.

1175 183 1229 238 S.
1267 179 1539 240 JOANNIS
1579 175 2047 236 CHRYSOSTOMI
2087 177 2403 232 ARCHIEP.
2443 175 2971 238 CONSTANTI‘NOP.

3610 189 3717 247 tas

2129 287 2218 344 Sic
2242 291 2292 345 in
2313 301 2482 347 sancto
2506 295 2725 364 apparui
2750 295 2857 362 tibi,
2894 306 2948 350 ut
2976 295 3192 352 viderem
3225 298 3453 354 virtutem
3476 308 3636 368 tuam,
3663 316 3713 358 α

2128 383 2344 453 gloriam
2373 393 2507 437 tuam
2537 383 2703 458 (Psal.
2728 386 2817 441 62.
2841 384 2916 459 5).
2935 385 3068 457 Quid
3101 397 3210 454 est,
3245 387 3378 445 Sic?
3403 390 3538 446 Cum
3567 392 3671 449 hoc
3691 437 3706 459 ,

2127 472 2316 542 inquit,
2343 473 2626 542 desiderio;
2649 491 2768 532 cum
2797 477 2895 534 hac
2918 478 3223 546 dilectione,
3249 491 3308 534 ut
3330 480 3538 537 videam
3566 493 3711 539 tuam

2126 564 2370 646 gloriam,
2395 582 2512 636 qua:
2538 577 2713 637 potest
2738 568 2934 637 ubique
2959 570 3148 626 videri.
3190 571 3296 644 Sed
3328 589 3394 627 nc
3419 588 3484 628 eo
3513 576 3602 645 qui
3629 587 3713 632 est

2125 671 2236 727 prae
2280 658 2526 714 manibus
2572 660 2797 728 relicto,
2845 661 3006 717 alium
3055 662 3227 718 obiter
3278 663 3709 733 introducamus,

2127 749 2438 806 transmisso
2465 749 2703 806 auditore
2727 750 2804 824 (α)
2831 751 2898 807 ad
2926 767 2986 808 ea
3017 769 3137 824 qua:
3166 753 3233 810 de
3261 753 3352 810 illo
3375 755 3514 811 dicta
3543 768 3668 812 sunt
3692 803 3706 824 ,

2123 837 2190 891 ad
2216 853 2278 892 ea
2307 855 2427 908 qua:
2455 849 2581 894 sunt
2607 842 2762 896 nobis
2789 843 3054 924 proposita
3084 844 3422 901 accedamus.

2194 928 2398 982 Clamor
2439 931 2492 984 in
2533 947 2677 985 sacra
2715 931 2984 1000 Scriptura
3025 934 3186 1002 quid;
3209 935 3402 990 clamor
3423 939 3610 994 cordis.
3637 970 3709 981 ~—

2127 1017 2260 1087 Quid
2313 1020 2398 1074 hic
2447 1036 2575 1091 ergo
2617 1021 2780 1075 dicit?
2811 1021 3042 1086 Domine,
3089 1025 3301 1080 clamavi
3332 1026 3402 1080 ad
3424 1037 3488 1092 te,
3520 1031 3708 1084 extrudi

2121 1125 2220 1163 me.
2249 1109 2406 1177 Quid,
2439 1125 2641 1180 qna-so,
2668 1111 2839 1166 dicis?
2870 1114 3117 1182 quoniam
3144 1115 3408 1184 clamasti,
3435 1119 3515 1172 vis
3543 1135 3707 1174 exatt.

2119 1199 2240 1258 diri.
2265 1211 2314 1254 ct
2345 1217 2463 1255 eam
2494 1202 2651 1256 all‘ers
2674 1203 2874 1272 justam
2903 1219 3127 1261 causam
3153 1222 3249 1262 cur
3277 1209 3618 1265 exaudiaris?
3638 1215 3708 1270 lis

2119 1305 2246 1360 ergo
2271 1292 2359 1361 qui
2385 1307 2571 1362 magna
2601 1303 2654 1348 et
2681 1294 2974 1350 vehementi
2999 1311 3128 1352 voce
3157 1299 3470 1370 iutcusaque
3500 1304 3713 1372 pra'diti

2119 1389 2261 1446 sunt,
2285 1396 2418 1452 opus
2447 1383 2702 1439 est?Sed
2754 1384 2856 1441 hoc
2911 1385 3067 1442 fuerit
3113 1404 3143 1441 a
3195 1392 3398 1445 ratione
3451 1394 3704 1450 aliemuu.

2119 1468 2254 1536 Quid
2275 1471 2416 1527 enim
2434 1473 2670 1541 peccavit
2693 1475 2780 1543 qui
2811 1485 2891 1530 est
2921 1492 3077 1545 parva
3109 1489 3161 1532 et
3189 1481 3482 1549 exilivoce,
3509 1485 3704 1540 tarda:-

2119 1576 2224 1630 que
2245 1570 2298 1615 et
2326 1562 2676 1631 impeditioris
2701 1565 3128 1635 lingure?Nonne
3151 1569 3268 1624 taiis
3292 1583 3400 1625 crat
3435 1571 3623 1639 Moses,
3649 1586 3706 1631 et

2121 1654 2238 1720 plus
2264 1666 2423 1722 quam
2445 1667 2632 1708 omnes
2657 1655 3080 1712 exaudiebatur?
3109 1673 3285 1716 nonne
3305 1660 3474 1716 Judaei
3500 1663 3702 1720 clama-

2121 1743 2252 1798 bant
2303 1745 2424 1814 plus
2469 1762 2626 1816 quam
2673 1764 2877 1816 omnes,
2907 1751 2999 1806 sed
3034 1752 3175 1808 Deus
3211 1769 3400 1810 eorum
3455 1759 3704 1826 precibus

2118 1849 2224 1892 nou
2264 1837 2484 1892 annuit?
2510 1837 2695 1908 Magna
2739 1841 2882 1895 enim
2921 1841 3003 1899 vel
3034 1843 3158 1900 exili
3187 1859 3317 1898 voce
3357 1861 3478 1900 esse
3512 1847 3705 1918 przedi-

2121 1934 2252 1989 tum,
2286 1937 2402 1982 sunt
2425 1935 2626 1991 natura:
2649 1931 2926 1990 commoda
2951 1941 3004 1986 et
3032 1933 3386 1996 incommoda.
3423 1935 3496 1990 Ea
3522 1949 3702 1994 autem

2119 2030 2226 2070 non
2257 2015 2451 2071 iaciunt
2482 2027 2540 2074 ut
2567 2019 2650 2081 vel
2689 2020 2998 2086 audiamur,
3031 2022 3111 2076 vel
3148 2039 3253 2082 non
3295 2025 3610 2094 audiamur,
3643 2038 3705 2085 ut

2117 2123 2236 2177 qua:
2248 2123 2346 2162 nec
2360 2107 2516 2179 digna
2533 2109 2639 2164 sint
2654 2126 2772 2180 qua:
2793 2112 2875 2167 vel
2904 2113 3185 2172 laudentur
3202 2115 3282 2171 vel
3313 2117 3699 2191 vitupercntur.

2117 2199 2274 2255 Multa
2295 2200 2435 2256 enim
2461 2209 2663 2256 natura:
2689 2204 2968 2260 commoda
2996 2205 3188 2264 adsunt
3217 2207 3378 2264 etiam
3404 2210 3698 2270 sceleratis.

2116 2293 2310 2350 Annon
2356 2307 2472 2354 erat
2503 2299 2727 2370 pulcher
2751 2311 2807 2358 et
2847 2303 3111 2360 formosus
3148 2305 3418 2372 Absalon,
3449 2317 3504 2363 et
3533 2323 3703 2379 usque

2115 2385 2182 2440 ad
2208 2388 2426 2457 capillos
2453 2392 2639 2462 capitis
2657 2393 3020 2466 porrigebatur
3046 2397 3161 2465 ejus
3182 2398 3424 2470 corporis
3452 2401 3700 2468 species?

2115 2473 2251 2542 Quid
2273 2489 2449 2534 autem
2465 2481 2490 2533 ‘t
2510 2497 2688 2538 annon
2717 2493 2831 2539 erat
2853 2485 3035 2540 calvus
3065 2485 3295 2542 Elismus
3315 2529 3330 2551 ,
3362 2498 3418 2541 ut
3442 2489 3604 2554 etiam
3627 2492 3700 2547 ri-

2116 2564 2328 2623 deretur
2350 2585 2379 2624 a
2407 2572 2619 2641 pueris?
2639 2572 2744 2629 Sed
2761 2590 2860 2630 nec
2877 2575 3024 2631 illum
3043 2577 3478 2650 quidquamjuvit
3501 2581 3708 2648 forma,

2117 2671 2215 2712 nec
2237 2656 2378 2716 hunc
2408 2661 2544 2717 laesit
2569 2661 2898 2722 deformitas.
2956 2665 3022 2721 Et
3047 2667 3171 2736 quid
3205 2667 3326 2723 dico
3345 2685 3470 2724 eum
3494 2673 3582 2740 qui
3611 2681 3697 2726 te-

2116 2749 2208 2803 nui
2243 2759 2296 2804 et
2321 2751 2444 2807 exili
2470 2768 2617 2820 voce,
2652 2754 3003 2827 tardiorisqtte
3027 2758 3446 2829 etimpediiioris
3473 2761 3696 2832 lingua,

2115 2854 2238 2900 cum
2266 2842 2349 2896 vel
2373 2851 2555 2904 tacens
2581 2847 2852 2904 audiretur
2879 2849 3072 2915 Moses,
3113 2861 3167 2904 et
3193 2853 3348 2907 Anna
3379 2853 3593 2909 minime
3619 2855 3699 2907 lo-

2114 2933 2321 2998 quens?
2348 2932 2563 2996 Judazos
2591 2937 2867 3008 alloquens
2898 2939 3037 2996 Deus
3071 2941 3285 2997 dicebat
3315 2959 3329 2996 :
3361 2942 3424 2998 Si
3445 2945 3697 3015 multipli-

2115 3029 2234 3076 cetis
2262 3026 2574 3094 orationem,
2604 3045 2703 3082 non
2731 3031 3000 3086 exaudiam
3046 3047 3131 3086 vos
3170 3031 3320 3104 (lsai.
3355 3034 3546 3107 1.15).
3587 3034 3700 3092 Cur

2117 3111 2202 3168 hic
2225 3129 2350 3184 ergo
2375 3115 2535 3183 dicit,
2573 3117 2798 3174 διαέριαυί
2823 3122 2892 3175 ad
2919 3132 2984 3188 te,
3025 3124 3211 3178 exaudi
3246 3126 3364 3179 me?
3391 3125 3697 3181 Clamorem

2116 3205 2202 3260 hic
2233 3206 2361 3262 dicit
2394 3209 2662 3266 internum
2685 3254 2700 3279 ,
2733 3228 2894 3284 quem
2929 3229 3023 3270 cor
3053 3215 3435 3272 inﬂammatum
3467 3220 3694 3288 peperit,

2115 3299 2442 3355 etcontritus
2469 3303 2699 3370 animus,
2733 3319 2839 3374 quo
2875 3321 2996 3366 cum
3020 3308 3273 3364 clamaret
3299 3308 3500 3375 Moses,
3528 3326 3695 3364 exau-

2115 3385 2375 3443 diebatur.
2405 3390 2861 3457 Quemadmodum
2893 3397 3035 3457 enim
3065 3397 3153 3466 qui
3180 3398 3549 3464 clamat,vircs
3570 3416 3698 3454 suas

2115 3477 2392 3547 exhaurit,
2425 3481 2494 3535 ita
2518 3482 2677 3537 etiam
2704 3485 2794 3554 qui
2831 3486 2992 3542 corde
3021 3488 3233 3556 clamat,
3256 3499 3420 3546 totam
3461 3503 3695 3548 mentem

2117 3585 2264 3626 suam
2293 3574 2578 3629 convertit.

2186 3660 2243 3718 2.
2281 3661 2464 3717 Talem
2506 3679 2633 3735 ergo
2679 3665 2965 3723 clamorem
3006 3667 3145 3725 Deus
3184 3673 3434 3742 requirit,
3471 3674 3556 3747 qui
3587 3689 3684 3730 cur

2115 3761 2392 3808 convertat
2417 3793 2432 3817 ,
2460 3767 2564 3807 non
2596 3753 2738 3810 sinat
2766 3757 3022 3825 oscitare,
3055 3775 3152 3814 nec
3171 3773 3452 3817 canentem
3473 3765 3576 3818 alio
3605 3764 3688 3818 di-

2117 3852 2343 3902 vertere.
2375 3844 2492 3903 Non
2528 3846 2704 3902 solum
2746 3858 2922 3904 autem
2959 3852 3148 3920 quaarit
3183 3853 3340 3907 talem
3365 3853 3649 3910 clamorem
3675 3897 3690 3920 ,

2115 3935 2210 3990 sed
2236 3937 2394 3994 etiam
2442 3947 2500 3994 ut
2546 3938 2658 4006 ipse
2703 3951 2902 3995 oretur.
2933 3941 3068 3997 Sunt
3093 3943 3234 3997 enim
3265 3944 3416 3998 multi
3438 3945 3524 4015 qui
3552 3955 3696 4000 stant

2115 4025 2326 4094 quidem
2352 4065 2367 4089 ,
2399 4025 2463 4082 ad
2497 4026 2660 4082 Deum
2700 4037 2876 4084 autem
2903 4045 3008 4085 non
3035 4031 3266 4087 clamant
3285 4074 3298 4096 ,
3323 4034 3416 4088 sed
3462 4035 3597 4089 labia
3624 4035 3694 4104 ad

2117 4114 2284 4172 Deum
2322 4115 2554 4174 clamant
2598 4127 2651 4172 et
2679 4133 2870 4174 nomen
2903 4119 2994 4175 Dei
3022 4121 3433 4190 circumierunt,
3461 4135 3516 4178 at
3542 4142 3694 4180 tuens

2115 4203 2248 4262 nihil
2292 4207 2454 4260 sentit
2497 4221 2681 4270 eorum
2719 4225 2836 4284 quae
2880 4210 3146 4268 dicuntur.
3204 4213 3302 4282 Qui
3337 4215 3406 4270 ita
3435 4232 3496 4271 se
3533 4217 3693 4286 gerit,

2116 4288 2224 4350 nOn
2249 4295 2460 4364 clamat,
2492 4298 2590 4352 etsi
2619 4301 2845 4355 maxime
2871 4303 3188 4359 vociferetur
3209 4322 3224 4372 ;
3247 4306 3336 4374 qui
3358 4307 3427 4361 ita
3449 4321 3508 4364 se
3513 4308 3691 4378 gerit,

2117 4386 2282 4446 Deum
2313 4403 2416 4443 non
2437 4397 2576 4455 orat,
2603 4392 2702 4448 etsi
2739 4393 2968 4450 maxime
2995 4395 3232 4450 videatur
3259 4413 3434 4452 orare.
3466 4401 3534 4452 At
3586 4415 3691 4454 non

2112 4483 2188 4538 ita
2215 4484 2407 4550 Moses,
2434 4485 2526 4540 sed
2556 4485 2837 4555 clamabat,
2860 4499 2912 4542 et
2933 4491 3313 4547 exaudiebatur
3334 4509 3350 4559 ;
3375 4502 3427 4547 et
3454 4493 3571 4548 ideo
3591 4495 3638 4546 ci
3661 4509 3692 4546 a

2117 4574 2228 4629 Deo
2263 4573 2455 4629 dicitur
2476 4617 2492 4641 ,
2519 4576 2619 4650 (.‘ur
2641 4576 2709 4629 ad
2735 4594 2813 4631 me
2837 4580 3026 4634 clamas
3053 4579 3246 4652 (Exod.
3278 4584 3362 4638 14.
3399 4583 3532 4653 15)?
3577 4583 3692 4638 Non

2116 4665 2286 4720 solum
2315 4676 2491 4721 autem
2527 4666 2782 4736 clamans,
2811 4669 2904 4724 sed
2945 4671 3104 4726 etiam
3143 4680 3324 4727 tacens
3369 4673 3693 4742 impetravit,

2117 4773 2234 4826 qua:
2264 4757 2450 4824 voluit,
2494 4765 2551 4812 ut
2593 4758 2681 4828 qui
2720 4774 2778 4814 se
2826 4759 3041 4828 dignum
3081 4763 3416 4831 praebuisset,
3440 4773 3553 4818 uta
3585 4763 3695 4819 Deo

2116 4847 2474 4902 exaudiretur.
2514 4849 2664 4916 Quod
2695 4849 2738 4904 si
2764 4851 2844 4905 vis
2869 4853 3028 4906 etiam
3067 4853 3246 4908 videre
3286 4856 3696 4925 peccatoresin-

2119 4947 2266 4994 tense
2286 4949 2340 4993 et
2368 4939 2714 4996 vehementer
2737 4952 2972 5007 orantes,
3001 4958 3293 5015 magnaque
3316 4963 3443 5002 voce
3459 4948 3696 5002 claman-

2119 5039 2232 5097 tes,
2263 5039 2317 5086 et
2347 5033 2720 5102 impetrantcs,
2751 5033 2871 5088 vide
2903 5037 3233 5092 meretricem
3265 5052 3384 5106 qua:
3404 5039 3598 5093 clamat
3624 5039 3696 5092 si-

2119 5121 2282 5176 lentio
2311 5120 2461 5191 (Luc.
2490 5123 2542 5175 7.
2573 5121 2662 5190 '58)
2690 5140 2703 5176 :
2735 5122 2856 5178 vide
2883 5125 3219 5192 publicanum
3247 5127 3334 5195 qui
3366 5144 3394 5180 a
3431 5129 3540 5183 sola
3570 5145 3695 5183 ora-

2119 5213 2263 5266 tione
2304 5213 2398 5266 l'uit
2439 5211 2758 5281 justiﬁeatus
2787 5213 3050 5283 (Luc.18.
3089 5217 3176 5270 13.
3224 5215 3336 5288 14).
3369 5218 3464 5272 llic
3486 5234 3699 5288 quoque

2121 5301 2213 5356 tali
2242 5303 2471 5356 clamore
2493 5303 2660 5357 utitur
2679 5345 2694 5369 ,
2723 5313 2777 5358 et
2805 5304 2925 5360 ideo
2949 5305 3096 5370 dicit,
3123 5306 3360 5374 Domine,
3387 5309 3601 5362 clamavi
3628 5310 3698 5362 ad

2183 5415 2255 5482 (ᾳ)
2289 5415 2403 5462 Hinc
2427 5416 2644 5482 arguitur
2664 5415 3426 5482 chrysostomumrExpositionem
3443 5419 3609 5469 Psalmi
3631 5423 3696 5471 63

2122 5475 2351 5544 edidisse,
2376 5475 2601 5544 (tuarij
2623 5491 2716 5544 nou
2740 5475 2918 5528 exstat.
2944 5479 3059 5544 Illud
3096 5475 3210 5544 vero
3243 5495 3354 5531 cum
3377 5481 3484 5531 aliis
3498 5484 3696 5544 quibit:-

2119 5538 2226 5612 dam
2249 5537 2546 5612 argumentis
2570 5539 2875 5610 coniunctum
2912 5543 3080 5603 probat
3103 5542 3236 5592 illum
3280 5537 3614 5606 Exl'iositio'nes
3643 5544 3694 5612 in

2123 5606 2270 5648 totum
2295 5598 2575 5650 Psalterium
2601 5598 2835 5652 euasisse.
