4070 6214
397 270 504 327 ﬁt)

397 395 462 448 te,
487 380 673 436 exaudi
693 393 771 436 me
797 385 887 432 :ct
913 375 1034 432 ideo
1061 381 1211 444 rogat
1237 381 1295 428 ut
1315 371 1576 428 audiatur.
1619 372 1745 427 Cum
1782 373 1973 426 clama-

396 487 507 527 rem
523 473 592 524 ad
609 480 673 526 te.

469 563 646 617 Oratio
679 579 712 615 a
756 560 866 614 Deo
909 558 1139 614 exaudiri
1171 557 1326 626 digna
1373 570 1500 625 quia.
1532 586 1602 595 —
1630 555 1766 610 Vide
1816 555 1976 609 etiam

396 655 552 706 aliam
592 653 842 705 virtutem
871 649 1148 704 orationis.
1179 645 1293 700 Non
1323 645 1462 698 enim
1484 653 1630 713 rogat
1662 644 1782 698 ideo
1811 660 1976 700 exan-

394 745 518 811 diri,
546 743 684 815 quod
716 757 910 811 magno
933 749 987 795 et
1013 737 1314 795 vehementi
1337 736 1510 790 studio
1535 744 1669 798 oret,
1699 735 1792 789 sed
1819 737 1977 798 etiam

397 851 460 889 ex
487 850 552 890 eo
578 833 716 904 quod
743 833 904 886 talem
926 829 1116 884 offerat
1142 825 1436 881 oralionem
1461 867 1475 890 ,
1505 834 1561 878 ut
1587 824 1743 894 digna
1765 825 1834 878 sit
1853 839 1980 878 ocu-

399 927 465 980 lis
487 925 609 989 illis,
639 939 852 993 semper
872 920 1235 990 vigilantibus.
1269 918 1522 984 Quainam
1568 925 1742 970 autem
1766 931 1829 970 ea
1857 913 1979 970 est?

397 1017 528 1071 Cum
559 1016 674 1085 quis
700 1030 805 1068 non
834 1013 973 1067 male
1017 1019 1266 1080 precatur
1291 1007 1518 1062 inimicis
1539 1049 1552 1072 ,
1581 1021 1702 1061 cum
1727 1020 1832 1060 non
1861 1013 1980 1060 orat

405 1123 501 1176 pro
551 1106 750 1160 divitiis
793 1113 848 1160 et
886 1102 1247 1166 facultatibus,
1275 1115 1395 1155 cum
1421 1115 1523 1154 non
1549 1113 1644 1168 pro
1670 1098 1899 1168 potentia
1925 1106 1979 1152 et

399 1200 589 1268 gloria,
622 1212 793 1267 neque
833 1211 933 1265 pro
954 1195 1058 1249 ulla
1101 1208 1158 1248 re
1200 1191 1338 1246 ﬂuxa
1363 1197 1422 1246 et
1464 1191 1703 1255 caduca;
1748 1189 1840 1244 sed
1883 1199 1979 1258 pro

401 1291 506 1344 illis
537 1289 945 1354 immortalibus,
976 1302 1095 1357 qum
1123 1300 1407 1354 numquam
1445 1283 1726 1338 intereunt.
1761 1283 1982 1348 Qucerite

400 1379 542 1433 enim
563 1423 576 1444 ,
611 1379 810 1448 inquit,
842 1393 1052 1447 regnum
1081 1375 1207 1442 Dei,
1240 1384 1286 1428 et
1321 1373 1428 1427 haec
1458 1374 1628 1426 omnia
1673 1372 1979 1442 adﬁcientur

400 1471 537 1523 vobis
559 1467 771 1540 (Matth.
793 1469 845 1524 6.
875 1467 990 1536 5'5).
1020 1467 1142 1521 Cum
1162 1467 1441 1519 ctamavero
1461 1465 1528 1517 ad
1564 1475 1629 1518 te.
1659 1464 1818 1518 Vides
1847 1479 1976 1532 quo-

403 1561 564 1615 modo
589 1562 699 1614 vult
728 1576 825 1614 nos
846 1575 1055 1630 quoque
1075 1573 1195 1612 cum
1215 1557 1408 1626 magno
1437 1556 1612 1611 studio
1632 1566 1686 1611 ct
1709 1556 1978 1612 alacritate

403 1653 564 1705 animi
588 1667 706 1706 eum
734 1651 964 1706 vocare?
991 1649 1199 1706 Etenim
1225 1649 1468 1704 diabolus
1490 1659 1615 1712 tunc
1644 1649 1872 1703 maxime
1899 1649 1979 1703 iu-

402 1743 641 1797 sidiatur.
669 1743 796 1810 Quia
817 1743 959 1798 enim
987 1741 1328 1798 scitmaxima
1356 1755 1506 1795 arma
1531 1755 1648 1796 esse
1674 1755 1857 1809 preces
1881 1782 1896 1804 ,
1925 1749 1979 1796 et

404 1847 502 1888 nos
549 1835 674 1890 licet
715 1835 882 1889 simus
909 1843 1218 1905 peccatores
1255 1833 1576 1902 inl‘amiaque
1603 1843 1658 1888 et
1687 1833 1975 1904 ignominia

403 1926 601 1988 notati,
631 1927 674 1980 si
707 1934 884 1981 tamen
932 1925 1170 1996 perfecte
1210 1933 1266 1979 ct
1312 1924 1408 1979 Dei
1448 1923 1652 1994 legibus
1693 1921 1980 1994 diligenter

400 2016 622 2072 servatis
640 2056 656 2082 ,
685 2031 900 2071 orcnms
925 2059 940 2082 ,
969 2032 1156 2086 magna
1185 2017 1398 2071 efﬁcere
1429 2031 1446 2069 :
1478 2025 1602 2069 tunc
1631 2030 1728 2069 nos
1754 2024 1978 2070 conatur

399 2105 674 2174 impellere
699 2107 751 2161 in
786 2107 1106 2184 socordiam,
1135 2116 1188 2162 et
1210 2107 1481 2161 dimovere
1509 2115 1742 2160 nostram
1771 2107 1972 2178 cegita-

402 2197 600 2250 tionem
635 2209 650 2246 :
695 2205 756 2252 ut
796 2197 952 2252 faciat
986 2209 1084 2252 nos
1122 2197 1322 2267 absque
1360 2197 1470 2252 ullo
1511 2195 1683 2252 fructu
1723 2195 1977 2262 recedere

401 2287 469 2340 ab
496 2288 758 2342 oratione.

483 2377 712 2430 Inimicis
739 2395 839 2432 non
861 2379 990 2432 male
1028 2378 1356 2448 protendunt.
1381 2407 1452 2418 --
1475 2379 1729 2448 Quocirca
1767 2386 1977 2448 oportet

405 2481 527 2533 nos,
553 2481 674 2520 cum
702 2469 816 2524 hth
842 2469 1091 2534 sciamus,
1119 2467 1374 2522 adversus
1402 2484 1521 2522 eum
1557 2479 1794 2524 nostrum
1821 2485 1972 2525 com-

403 2557 612 2613 munire
652 2559 879 2614 Studium
919 2571 971 2613 et
1000 2559 1360 2628 diligentiam,
1407 2570 1462 2614 et
1507 2561 1736 2615 inimicis
1779 2560 1974 2616 nostris

401 2662 685 2716 ntiniquam
714 2651 852 2705 male
893 2653 1114 2720 precari,
1163 2651 1259 2705 sed
1311 2652 1580 2720 apostolos
1627 2652 1841 2706 imitari.
1893 2651 1974 2707 llli

399 2741 542 2794 enim
567 2756 688 2796 cum
719 2744 857 2812 passi
883 2752 1064 2798 essent
1099 2744 1240 2802 mala
1278 2744 1576 2809 innumera,
1609 2745 1662 2797 in
1704 2759 1972 2800 carcerem

402 2832 628 2900 conjecti
653 2845 852 2898 essent.
869 2846 924 2888 et
948 2835 999 2889 iu
1019 2845 1316 2892 extremum
1336 2835 1545 2889 adducti
1573 2836 1881 2904 periculum,
1905 2835 1970 2890 ad

402 2923 696 2982 orationem
715 2924 1110 2992 confugiebant,
1139 2926 1378 2981 dicentes
1409 2942 1424 2978 :
1455 2924 1668 2994 Respice
1696 2942 1848 2994 super
1867 2927 1972 2978 mi-

396 3029 488 3066 nas
517 3014 738 3078 ipsorum
763 3013 897 3087 (Act.
926 3016 984 3079 4.
1005 3015 1118 3086 29).
1145 3017 1209 3072 Et
1236 3015 1361 3090 quid
1385 3017 1604 3084 postea?
1629 3015 1765 3070 Num
1785 3056 1800 3080 ,
1827 3014 1970 3070 Con-

397 3102 567 3174 tringe
597 3104 760 3174 ipsos,
791 3105 873 3162 vel
901 3105 1119 3170 occide,
1146 3105 1413 3170 dicebant.
1446 3116 1506 3162 ut
1535 3106 1680 3160 multi
1713 3121 1857 3174 saepe
1883 3105 1969 3159 di.-

395 3205 521 3248 cunt
549 3195 936 3268 imprecantcs?
963 3196 1324 3267 Nequaquam.
1353 3195 1459 3252 Sed
1477 3196 1646 3265 quid?
1676 3195 1744 3248 Et
1773 3196 1838 3249 da
1861 3212 1970 3250 ser.

395 3285 469 3342 ris
521 3286 618 3340 tuis
675 3301 792 3342 cum
843 3287 1034 3355 ﬁducia
1086 3287 1221 3356 loqui
1293 3286 1494 3342 verbum
1543 3295 1682 3343 tuum
1729 3284 1904 3356 (Ibid.
1927 3287 1968 3353 ).

395 3376 673 3454 Quomodo
697 3387 750 3432 et
801 3393 904 3446 qua
944 3377 1184 3434 ratione?
1211 3379 1264 3433 in
1309 3376 1616 3434 occidendis
1639 3376 1704 3433 iis
1727 3377 1966 3446 quiinsi.

395 3465 645 3524 diantur?
672 3468 724 3528 in
755 3467 816 3522 iis
836 3467 1076 3528 delendis
1102 3460 1161 3524 et
1175 3468 1240 3526 ad
1265 3467 1682 3532 internecionem
1707 3483 1872 3538 natth
1895 3468 1965 3524 de

393 3556 570 3612 medio
603 3557 886 3613 tollendis?
913 3558 1150 3623 Minime.
1196 3559 1300 3613 Sed
1321 3557 1624 3626 quomodo?
1654 3557 1719 3616 In
1743 3558 1900 3629 signis
1923 3566 1971 3618 et

393 3646 636 3715 prodigiis
689 3647 933 3713 faciendis
985 3664 1073 3717 per
1106 3656 1331 3704 stuictum
1379 3647 1572 3702 Filium
1609 3657 1748 3704 tuum
1792 3648 1970 3708 Jesunt

395 3733 552 3803 (Ibid.
590 3752 638 3789 υ.
669 3736 782 3806 50).
821 3737 1006 3794 Vidisti
1035 3738 1328 3793 orationem
1365 3739 1574 3807 plenam
1608 3738 1965 3808 philosophia,

393 3833 448 3880 ct
470 3840 587 3893 qua:
617 3834 735 3894 post
760 3834 836 3879 tot
860 3834 912 3881 et
943 3834 1087 3879 tanta
1119 3827 1258 3888 mala
1283 3842 1385 3880 non
1410 3827 1562 3896 petit,
1577 3836 1632 3886 ut
1651 3829 1966 3897 supplicium

393 3923 627 3970 sumatur
667 3915 734 3972 de
777 3915 1040 3972 inimicis?
1089 3915 1191 3970 Sed
1231 3915 1284 3970 hi
1312 3915 1524 3985 quidem
1554 3917 1650 3980 sic,
1678 3917 1850 3972 adhuc
1892 3917 1971 3982 vi-

392 4013 575 4060 ventes
600 4015 652 4060 ct
677 4006 940 4076 Spirantes
969 4022 984 4068 ς
1015 4005 1315 4076 Stephanus
1347 4014 1546 4070 autem,
1572 4020 1691 4066 cum
1724 4021 1964 4088 ρτψευιιν

394 4098 460 4150 tis
503 4097 621 4151 vita:
650 4112 837 4153 cursus
863 4105 1008 4160 esset
1045 4097 1094 4152 ei
1125 4095 1588 4168 interrumpendus
1608 4137 1622 4160 ,
1660 4111 1766 4160 non
1795 4097 1966 4162 solum

394 4185 524 4245 nihil
552 4188 674 4242 mali
705 4189 782 4243 cis
810 4188 978 4258 petiit,
1012 4186 1103 4248 sed
1133 4202 1225 4242 eos
1255 4171 1414 4240 etiam
1452 4187 1540 4256 qui
1584 4186 1890 4258 lapidahant
1914 4197 1969 4242 et

394 4291 514 4333 eum
545 4279 937 4348 interimeliant,
964 4280 1140 4340 studet
1167 4294 1262 4352 per
1281 4293 1431 4336 suam
1449 4279 1742 4342 orationem
1761 4280 1968 4349 eripere

393 4369 461 4422 ah
492 4369 566 4423 ira
589 4410 606 4436 ,
643 4387 758 4440 qua:
789 4379 902 4426 erat
931 4373 982 4432 in
1009 4387 1103 4426 eos
1135 4381 1355 4432 ventura
1387 4381 1600 4442 propter
1629 4369 1730 4426 hoc
1776 4387 1966 4440 pecca-

394 4469 524 4524 tum,
549 4470 601 4513 ct
629 4460 776 4529 dicit,
809 4461 892 4515 Ne
912 4473 1103 4516 statuas
1132 4462 1202 4518 eis
1229 4463 1322 4515 hoc
1341 4472 1596 4533 peccatum
1615 4462 1750 4538 (Act.
1777 4463 1828 4516 7.
1852 4463 1964 4536 59).

393 4555 685 4615 Quamnam
723 4567 848 4622 ergo
873 4555 1081 4616 veniam
1118 4561 1542 4623 consequentur,
1575 4562 1629 4608 et
1652 4568 1754 4623 qua
1783 4552 1964 4610 defen-

391 4642 543 4696 sione
583 4651 824 4707 utentur,
857 4645 946 4714 qui
1000 4644 1228 4698 inimicis
1281 4645 1416 4700 male
1471 4644 1788 4714 precantur?
1836 4659 1967 4718 quo-

393 4734 549 4790 modo
577 4743 752 4788 autem
776 4736 1012 4790 exaudiri
1043 4737 1234 4806 poterit
1261 4751 1324 4792 ea
1353 4737 1544 4804 oratio,
1573 4737 1782 4808 quando
1808 4753 1968 4812 repu-

390 4834 516 4892 gnat
545 4825 633 4878 Dei
662 4825 863 4894 legibus
886 4826 1063 4881 ?Nihil
1091 4843 1219 4896 ergo
1250 4828 1352 4882 tale
1373 4827 1763 4886 dicamus.Nou
1795 4829 1966 4884 solum

391 4915 532 4981 cnim
564 4931 668 4969 non
694 4925 775 4972 est
803 4917 942 4971 male
967 4918 1285 4987 precandum
1314 4917 1560 4984 inimicis,
1578 4919 1670 4982 sed
1704 4919 1778 4974 ira
1804 4921 1964 4982 etiam

393 5005 443 5068 in
487 5019 580 5063 cos
608 5015 860 5076 concepta
901 5015 985 5062 est
1022 5007 1309 5064 auferenda
1345 5025 1357 5061 :
1390 5019 1444 5062 et
1487 5009 1607 5064 ideo
1633 5009 1761 5074 dicit
1793 5026 1805 5060 :
1842 5008 1969 5070 Vota

390 5097 522 5152 ινδ-οε
561 5113 706 5154 orare
731 5098 784 5150 in
813 5099 948 5152 omni
974 5099 1081 5152 loco
1106 5140 1120 5164 ,
1143 5099 1366 5154 tollentes
1395 5116 1576 5154 manus
1620 5111 1819 5158 sanctas
1865 5100 1970 5162 sine

387 5190 467 5241 ira
492 5198 538 5243 et
563 5189 924 5260 disceptatione
949 5191 1024 5259 (ι.
1061 5189 1190 5244 Tim.
1217 5190 1272 5244 2.
1293 5191 1369 5260 8).
1395 5191 1505 5244 Hoc
1525 5201 1626 5254 est,
1654 5191 1761 5248 Etsi
1785 5191 1853 5244 sit
1873 5190 1967 5246 tibi

391 5280 654 5346 inimicus,
688 5281 965 5352 exstingue
992 5281 1145 5343 iram,
1176 5289 1230 5334 et
1260 5282 1330 5335 ita
1348 5281 1543 5336 accede
1568 5281 1632 5334 ad
1665 5281 1966 5347 Dominum,

391 5380 446 5425 et
498 5387 603 5426 non
657 5373 828 5427 solum
874 5372 1128 5426 adversus
1157 5386 1275 5425 eum
1319 5387 1412 5425 ore
1452 5372 1582 5426 nihil
1632 5372 1852 5439 dixeris,
1875 5371 1970 5436 sed

389 5463 549 5514 etiam
581 5478 842 5533 expurges
872 5463 1016 5518 virus
1043 5461 1115 5522 tui
1143 5462 1328 5522 animi.
1359 5461 1414 5516 Si
1443 5461 1559 5516 talis
1581 5463 1647 5516 sit
1669 5471 1753 5518 tua
1776 5459 1966 5528 oratio,

389 5563 443 5606 et
471 5555 770 5610 vehementi
793 5554 968 5616 studio
1002 5553 1162 5610 Deum
1193 5552 1555 5620 invocaveris,
1587 5554 1745 5608 etiam
1795 5554 1969 5632 prius-

392 5658 549 5710 quam
593 5646 886 5714 orationem
929 5645 1256 5715 pellet-eris,
1302 5642 1620 5706 exaudieris.
1693 5643 1804 5708 lloc
1855 5645 1968 5714 ipse

1537 255 1894 320 EXPOSITIO
1932 255 1997 312 IN
2035 254 2354 314 PSALMUM
2389 256 2530 315 CXL

3552 266 3655 330 630

2079 387 2288 442 quoque
2330 375 2459 442 petit
2496 373 2678 430 dicens
2713 387 2730 428 ε
2754 371 2970 430 Intende
2994 378 3102 432 voci
3121 379 3362 434 orationis
3388 395 3513 434 mea:
3539 397 3653 433 cum

2080 463 2357 516 ctnmavcro
2381 463 2449 515 ad
2477 473 2542 518 te.
2573 464 2778 518 Etenim
2815 465 2980 536 ipsius
3011 469 3102 522 Dei
3125 471 3403 538 promissio
3427 480 3508 524 est
3531 487 3652 541 quze

2082 552 2238 620 dicit,
2261 554 2444 608 Adhuc
2468 554 2695 625 loquente
2731 566 2776 610 te
2800 557 2988 624 dicam,
3024 557 3151 614 Ecce
3175 563 3354 616 adsum
3376 563 3528 634 (lsai.
3562 565 3651 619 58.

2081 643 2157 710 9).
2205 643 2258 698 2.
2287 643 2548 715 Dirigatur
2567 648 2727 700 oratio
2748 664 2855 700 mea
2881 648 3009 702 sicut
3033 648 3289 703 incensum
3313 653 3364 705 in
3385 665 3650 724 conspectu

2083 743 2186 786 tuo.
2221 733 2368 788 Alius
2391 777 2406 801 ,
2435 735 2701 789 Statuatur
2723 739 2880 790 oratio
2911 754 3020 790 mea
3055 739 3180 792 sicut
3205 740 3456 796 incensum
3485 760 3653 796 coram

2082 835 2128 879 te
2151 826 2244 898 (a).
2273 829 2435 893 Alius,
2462 827 2798 897 Pra'paretur.
2821 829 3045 885 Elevatio
3065 849 3302 890 manuum
3325 851 3545 890 mearum
3570 853 3653 892 sa-

2083 919 2326 986 criﬁcium
2357 921 2712 990 vespertinum.
2743 921 2928 988 Alius,
2961 919 3163 977 Donum
3192 940 3427 994 vesperae.
3458 925 3609 980 Alius
3631 968 3649 994 ,

2087 1008 2284 1064 Oblatio
2312 1013 2608 1081 vespertina.

2152 1101 2348 1156 Altaria
2373 1102 2473 1156 duo
2499 1099 2848 1175 Jerosolymts.
2870 1135 2939 1146 -—-
2962 1105 3096 1172 Quid
3129 1122 3224 1162 nos
3253 1109 3436 1163 volens
3459 1109 3656 1168 docere

2083 1192 2342 1262 pr0pheta
2402 1191 2638 1264 loquitur
2687 1194 2753 1249 de
2794 1194 3054 1250 sacriﬁcio
3108 1198 3451 1267 vespertino?
3490 1200 3654 1264 Erant

2086 1285 2213 1338 olim
2252 1285 2359 1339 duo
2383 1285 2586 1350 altaria,
2614 1303 2774 1341 unum
2796 1303 3002 1343 :eneum
3025 1331 3038 1354 ,
3067 1290 3287 1350 alterum
3315 1306 3556 1346 aureum.
3588 1293 3655 1356 Et

2081 1375 2210 1429 illud
2238 1375 2450 1447 quidem
2476 1386 2592 1440 erat
2621 1377 2905 1446 publicum,
2935 1379 3179 1440 omnibus
3221 1375 3348 1434 fere~
3371 1383 3528 1438 totius
3551 1398 3651 1452 po-

2081 1465 2185 1542 puli
2219 1465 2406 1520 hostiis
2431 1466 2728 1534 expositum
2757 1466 2898 1522 :hoc
2927 1478 3102 1522 autem
3134 1470 3293 1524 situm
3321 1481 3434 1525 erat
3460 1471 3654 1542 inady-

2082 1554 2168 1620 tis,
2195 1563 2248 1609 et
2266 1554 2401 1608 intra
2431 1555 2626 1609 velum.
2651 1557 2824 1626 Atque
2848 1557 2982 1612 adeo
3007 1566 3064 1612 ut
3091 1575 3208 1630 qua:
3238 1575 3266 1612 a
3292 1560 3441 1614 nobis
3463 1561 3651 1618 dicun-

2079 1653 2166 1698 tur
2212 1645 2319 1698 sint
2369 1644 2614 1708 clariora.
2651 1647 2960 1700 conabimur
3007 1648 3182 1718 potius
3220 1649 3287 1703 ab
3343 1651 3457 1720 ipso
3505 1653 3653 1706 initio

2078 1733 2273 1794 ducere
2297 1735 2608 1790 orationem.
2652 1735 2772 1791 Fuit
2805 1736 2930 1791 olim
2955 1738 3092 1806 apud
3119 1737 3332 1800 Judmos
3360 1734 3650 1812 templum,

2079 1824 2294 1896 longum
2325 1827 2536 1901 quidem
2565 1827 2911 1898 quadraginta
2953 1828 3182 1898 cubitos,
3211 1830 3378 1886 latum
3419 1848 3545 1890 vero
3573 1833 3655 1892 vi-

2077 1917 2230 1986 ginti.
2280 1917 2448 1992 Hujus
2476 1917 2815 1988 longitudinis
2841 1917 3024 1974 decem
3057 1919 3200 1976 intus
3237 1921 3397 1976 ablati
3433 1923 3649 1985 interci-

2078 2008 2358 2078 piebantur
2380 2008 2562 2078 cubiti,
2582 2016 2638 2064 et
2663 2009 2804 2090 quod
2832 2018 2946 2064 erat
2975 2009 3344 2090 interceptum,
3366 2013 3652 2076 vocabatur

2077 2099 2273 2156 Sancta
2311 2110 2614 2162 sanctorum
2647 2119 2660 2156 :
2697 2103 2837 2172 quod
2881 2111 2997 2158 erat
3021 2113 3198 2166 autem
3237 2115 3416 2178 extra,
3457 2106 3648 2172 Sancta

2079 2199 2302 2246 tantum.
2335 2193 2477 2246 Auro
2505 2201 2679 2247 autem
2709 2193 2886 2256 omnia
2907 2195 3261 2260 collucebant,

2147 2281 2202 2337 5.
2241 2281 2489 2340 Nonnulli
2516 2298 2640 2340 vero
2661 2283 2907 2340 dixerunt
2934 2302 3238 2357 supremam
3265 2304 3476 2362 quoque
3506 2289 3648 2350 illam

2078 2373 2280 2430 trabem
2323 2372 2487 2432 fuisse
2514 2389 2751 2436 auream.
2803 2375 2916 2431 lluc
2959 2377 3108 2431 solus
3134 2378 3367 2448 pontifex
3395 2381 3563 2442 semel
3595 2382 3647 2438 in

2075 2481 2216 2520 anno
2241 2464 2638 2532 ingrcdiebalur
2667 2482 2682 2522 :
2714 2465 2820 2522 illic
2840 2475 2894 2522 ct
2920 2481 3042 2521 arca
3072 2467 3170 2522 sita
3194 2477 3337 2534 erat,
3365 2478 3416 2523 et
3445 2469 3648 2524 Cheru-

2077 2557 2184 2612 bim
2211 2574 2224 2614 :
2256 2558 2364 2612 illic
2390 2561 2547 2616 etiam
2578 2558 2750 2613 stabat
2785 2558 2950 2622 altare
2982 2574 3222 2627 aureum,
3251 2561 3306 2615 in
3331 2577 3436 2631 quo
3459 2560 3650 2616 otTere-

2075 2649 2230 2703 batur
2268 2649 2561 2714 incensum,
2592 2648 2658 2703 ad
2707 2648 2832 2702 nihil
2885 2649 3029 2704 aliud
3078 2659 3354 2724 paratum,
3379 2666 3536 2720 quam
3578 2651 3646 2708 ad

2073 2742 2244 2798 Solum
2269 2739 2552 2812 thymiama
2580 2755 2674 2795 seu
2696 2740 2946 2804 sul'ﬁtum.
2973 2741 3081 2806 Hoc
3101 2751 3276 2796 autem
3301 2733 3456 2805 ﬁebat
3479 2743 3647 2808 semel

2075 2832 2126 2887 in
2155 2847 2311 2888 anno.
2355 2832 2408 2885 ln
2433 2841 2661 2894 externo
2684 2847 2811 2903 ergo
2840 2833 3034 2904 templo
3065 2842 3182 2892 erat
3223 2832 3389 2894 altare
3414 2848 3642 2908 anteum,

2074 2923 2126 2977 in
2166 2938 2270 2992 quo
2299 2922 2536 2998 quotidie
2565 2922 2886 2978 otl'crcbatur
2930 2939 3097 3002 agnus
3122 2931 3178 2992 et
3211 2913 3641 2988 comburebatur.

2075 3013 2186 3074 iloc
2210 3014 2573 3090 appellabatur
2600 3013 2957 3082 vespertinum
2982 3013 3294 3068 sacriﬁcium
3323 3030 3336 3065 :
3367 3015 3643 3078 .eratcnim

2071 3107 2228 3160 etiam
2261 3107 2594 3173 matutinum,
2617 3116 2669 3161 ct
2690 3106 2770 3162 bis
2799 3107 2850 3160 in
2877 3105 2963 3160 die
2983 3105 3259 3178 Oportebat
3277 3097 3442 3170 altare
3458 3119 3647 3168 accen-

2072 3195 2147 3261 di,
2179 3207 2372 3266 praeter
2396 3199 2524 3251 alias
2552 3196 2781 3262 hostias,
2809 3213 2928 3267 qua:
2966 3196 3320 3252 oﬂ‘erebantur
3358 3211 3386 3249 a
3429 3199 3643 3270 pepulo.

2073 3288 2186 3343 lloc
2219 3289 2358 3342 enim
2381 3299 2495 3344 erat
2513 3289 2721 3364 jussum
2743 3297 2796 3344 et
2829 3289 2943 3360 lege
2969 3297 3220 3356 statutum
3258 3271 3663 3362 sacerdotibus,-

2074 3387 2130 3433 ut
2177 3395 2240 3434 ex
2282 3394 2340 3434 se
2382 3388 2435 3438 et
2478 3395 2543 3434 ex
2596 3379 2755 3434 domo
2785 3395 2901 3444 sua,
2933 3378 3144 3448 quando
3191 3378 3368 3440 nullus
3409 3377 3643 3448 oﬁ‘erret,

2075 3487 2234 3530 unum
2265 3471 2579 3525 matutinum
2601 3480 2654 3526 et
2680 3486 2842 3525 unum
2871 3471 3229 3540 vespertinum
3257 3485 3448 3540 agnum
3484 3469 3646 3524 sacri-

2074 3563 2290 3618 ﬁcarent
2313 3571 2365 3618 et
2393 3561 2764 3618 comburerent
2795 3579 2808 3615 :
2835 3569 2891 3616 et
2917 3560 3048 3614 illud
3079 3561 3439 3634 appellabatur
3483 3559 3649 3614 sacri-

2073 3652 2250 3708 ﬁcium
2268 3653 2608 3716 matutinum,
2630 3652 2730 3706 hoc
2755 3652 3134 3722 vespertinum.
3160 3650 3272 3704 lloc
3285 3660 3459 3706 autem
3474 3650 3647 3718 jusse-

2071 3753 2151 3798 rat
2174 3741 2310 3798 Deus
2325 3742 2456 3808 ﬁeri,
2475 3741 2773 3812 signiﬁcans
2798 3757 2892 3811 per
2906 3740 2957 3796 id
2973 3740 3111 3812 quad
3132 3741 3288 3795 ﬁebat
3303 3757 3422 3798 eum
3437 3740 3649 3796 assidue

2071 3834 2246 3892 colere
2275 3843 2521 3902 Oportere
2543 3872 2559 3896 ,
2592 3841 2646 3892 et
2687 3848 2806 3887 cum
2833 3831 2948 3886 dies
2980 3817 3181 3901 incipit,
3203 3841 3253 3885 cl
3283 3847 3402 3894 cum
3430 3831 3643 3896 desinit.

2145 3921 2465 3990 Sacriﬁcium
2512 3939 2611 3974 non
2639 3937 2830 3990 semper
2855 3929 3130 3992 acceptum.
3164 3951 3234 3960 -——
3257 3919 3368 3976 Hoc
3403 3937 3528 3990 ergo
3555 3917 3666 3974 sa—'

2073 4013 2328 4068 oriﬁcium
2369 4010 2466 4066 fuit
2508 4026 2720 4080 semper
2757 4019 3061 4078 acceptum,
3113 4013 3343 4082 itemque
3385 3997 3674 4086 ejusmodi

2074 4105 2316 4166 sumtus;
2349 4103 2488 4176 quod
2535 4112 2712 4157 autent
2755 4101 2911 4156 ﬁebat
2945 4116 3041 4174 pro
3083 4100 3334 4172 peccatis,
3365 4089 3677 4170 aliquando.

2073 4197 2284 4269 quidem
2314 4194 2426 4251 erat
2453 4203 2751 4264 acceptum,
2774 4193 3056 4270 aliquando
3074 4207 3201 4248 vero
3224 4208 3328 4246 non
3345 4201 3644 4268 acceptum,

2075 4297 2255 4358 utpote
2295 4287 2433 4360 quod
2467 4287 2564 4346 hoc
2600 4285 2682 4344 rel
2715 4284 2845 4348 illud
2882 4292 3046 4350 esset,
3094 4291 3250 4354 prout
3291 4283 3323 4344 ii
3377 4281 3466 4350 qui
3516 4281 3644 4334 illud

2073 4379 2386 4443 oﬂ'crehant,
2417 4385 2568 4430 erant
2589 4375 2759 4429 aﬂ'ccti
2787 4373 2852 4428 ad
2883 4375 3126 4429 virtutem
3149 4380 3238 4426 aut.
3262 4372 3442 4430 vitium
3465 4389 3478 4424 :
3505 4369 3645 4448 quod

2074 4481 2250 4525 autem
2275 4485 2377 4522 non
2422 4466 2740 4523 offerebatur
2771 4482 2866 4538 pro
2891 4465 3115 4520 aliorutn
3147 4464 3396 4538 peccatis,
3416 4462 3508 4528 sed
3531 4472 3644 4516 erat

2075 4560 2158 4626 les
2187 4557 2428 4613 sacriﬁcii
2458 4566 2512 4612 et
2533 4556 2720 4610 modus
2734 4554 2962 4620 colendi,
2982 4554 3328 4610 eratomnino
3347 4562 3644 4634 acceptum.

2073 4651 2171 4707 llic
2197 4665 2322 4720 ergo
2351 4633 2521 4718 rOgat,
2553 4658 2606 4701 ut
2636 4647 2706 4700 sit
2732 4645 2850 4716 ejus
2869 4645 3038 4700 oratio
3063 4652 3126 4704 ut
3148 4643 3278 4698 illud
3301 4643 3641 4714 sacriﬁcium,

2073 4742 2214 4814 quod
2244 4727 2380 4804 nulla
2413 4721 3039 4809 polluebatur'ot'l'erentis
3074 4735 3310 4802 macula,
3338 4735 3473 4792 sicut
3512 4734 3640 4788 illud

2075 4836 2348 4890 incensum
2379 4839 2618 4884 sanctmn
2661 4838 2714 4883 ct
2750 4842 2956 4898 purum.
2995 4825 3249 4896 ltogando
3277 4835 3451 4879 autem
3493 4825 3650 4880 docet

2074 4938 2173 4978 nos
2199 4933 2254 4975 ut
2278 4921 2546 4976 orationes
2573 4928 2766 4973 nostra:
2793 4919 2899 4972 sint
2927 4931 3071 4988 parte
3099 4923 3155 4971 et
3177 4916 3474 4972 odoriferae.
3504 4915 3649 4980 Talis

2075 5013 2215 5068 cnim
2246 5018 2328 5064 est
2348 5010 2548 5078 justitia
2581 5025 2592 5060 :
2623 4995 3067 5080 quemadmOdum
3123 5014 3398 5076 peccatum
3427 5015 3508 5061 est
3551 5005 3642 5059 foco

2073 5102 2260 5159 tidum.
2292 5101 2548 5167 Quocirca
2579 5105 2770 5153 tetrum
2798 5097 2912 5166 ejus
2939 5096 3158 5162 odorem
3188 5097 3490 5165 signiﬁcans
3517 5135 3532 5160 ,
3564 5095 3648 5147 di-

2073 5197 2221 5252 cebat
2259 5214 2271 5248 :
2300 5184 2550 5261 Quoniam
2580 5191 2860 5263 iniquitates
2886 5205 3006 5243 mea:
3042 5202 3378 5258 supergressa:
3413 5195 3530 5240 sunt
3565 5204 3650 5238 ca-

2075 5299 2164 5361 put
2189 5304 2370 5352 meum,
2401 5288 2528 5341 sicut
2549 5302 2674 5339 onus
2693 5300 2840 5354 grave
2864 5291 3082 5354 gravatte
3101 5291 3218 5334 sunt
3247 5296 3396 5347 super
3423 5295 3518 5331 me.
3547 5279 3646 5344 Pu-

2075 5389 2299 5437 truerunt
2317 5388 2360 5432 et
2377 5386 2626 5445 corrupta:
2639 5385 2752 5429 sum
2773 5374 3026 5428 cicatrices
3048 5387 3186 5425 mete.
3211 5370 3378 5442 (I’sal.
3400 5371 3488 5425 57.
3508 5371 3623 5439 5.6)
3637 5409 3650 5424 .

2148 5469 2458 5540 Fragrantia
2488 5467 2729 5526 orationis
2753 5483 2770 5531 ;
2793 5463 3030 5518 tlturibuli
3056 5472 3225 5532 typus,
3251 5461 3436 5531 lingua‘
3461 5469 3504 5513 ct
3542 5479 3652 5518 nta-

2129 5561 2209 5650 ¹(α)
2244 5594 2350 5655 "acc
2371 5589 2420 5634 et
2451 5587 2720 5647 sequentes
2757 5579 3182 5640 interpretationes
3222 5577 3357 5640 juxta
3403 5587 3526 5640 quos
3562 5574 3655 5633 siut

2080 5665 2176 5700 ιιωι
2199 5663 2289 5700 nov
2297 5659 2438 5696 ιιιιιιδ.
3349 5679 3352 5682 ~
