4116 6204
420 266 516 322 ιει

425 394 583 436 unum
619 373 845 446 paritas;
886 369 1218 439 vespertinum
1265 364 1568 436 sacrificium
1621 377 1710 416 cur
1763 357 1998 419 dictum;

430 483 610 523 manus
653 483 742 520 cur
769 461 994 516 levanda
1037 461 1088 514 in
1133 459 1376 514 oratione.
1426 485 1494 494 -—
1545 447 2002 519 Quemadmodum

425 578 554 631 ergo
581 557 794 613 suflltus
820 569 916 626 per
940 569 998 608 se
1025 561 1110 608 est
1139 551 1306 606 bonus
1323 559 1376 603 et
1397 547 1533 612 bene
1561 544 1730 608 olens,
1757 550 1884 600 tunc
1915 553 2008 598 all.-

429 661 535 707 tem
561 649 791 705 maxime
818 645 1012 700 bonum
1043 644 1260 698 odorem
1299 639 1509 701 emittit,
1541 635 1750 706 quando
1777 632 1881 702 igni
1910 643 2003 683 ac-

431 740 653 797 cesserit
685 754 699 791 :
731 738 802 792 ita
843 736 1003 791 etiam
1051 733 1222 789 oratio
1250 731 1333 785 vel
1381 745 1474 798 per
1517 743 1577 782 se
1623 725 1833 794 quidem
1869 723 2005 780 bona

427 842 507 887 cst
537 850 550 886 :
577 839 660 885 est
687 837 863 884 autem
891 826 1078 882 melior
1105 833 1158 880 et
1188 820 1524 892 fragrantior,
1552 816 1763 888 quando
1791 813 2008 868 affertur

431 939 551 980 eum
579 921 786 978 ardenti
817 929 868 976 et
895 917 1117 975 ferventi
1143 917 1340 978 animo,
1359 911 1570 984 quando
1590 910 1764 964 anima
1783 906 2008 960 efficitur

433 1016 759 1072 tlmribulum
781 1055 796 1080 ,
824 1021 878 1066 et
906 1012 1079 1082 ignem
1123 1008 1488 1064 vehementem
1533 999 1792 1056 accendit.
1829 997 2010 1066 Neque

432 1107 573 1162 cnim
607 1104 977 1176 imponebatur
1019 1102 1295 1156 incensum
1344 1105 1437 1151 aut
1477 1093 1707 1156 sumtus,
1740 1087 1838 1145 nisi
1869 1096 2012 1144 esset

433 1197 585 1266 prius
621 1211 847 1250 accensa
871 1191 1122 1249 craticula
1148 1231 1163 1256 ,
1194 1200 1283 1244 aut
1315 1187 1413 1264 nisi
1439 1183 1687 1240 arderent
1727 1181 2008 1236 carbones.

435 1285 546 1341 lluc
585 1285 756 1354 ipsum
807 1283 887 1338 fac
936 1292 990 1336 tu
1043 1296 1254 1351 quoque
1305 1279 1356 1333 in
1400 1285 1577 1331 mente
1623 1285 1749 1327 tua:
1782 1270 2014 1325 acccnde

438 1379 582 1444 prius
603 1376 768 1445 ipsam
791 1373 964 1428 studio
986 1381 1040 1426 et
1067 1371 1226 1427 animi
1256 1368 1550 1432 alacritate,
1572 1374 1624 1420 et
1653 1373 1776 1420 tunc
1802 1363 2018 1432 impone

398 1517 402 1520 .
438 1469 758 1522 orationem.
809 1467 1064 1524 Precatur
1092 1480 1218 1532 ergo
1249 1470 1308 1516 ut
1348 1459 1517 1513 oratio
1554 1456 1765 1526 quidem
1807 1470 1900 1510 sua
1927 1452 2017 1508 fiat

437 1560 577 1614 sicut
612 1558 908 1621 incensum,
938 1554 1164 1608 elevatio
1189 1561 1363 1605 autem
1410 1563 1656 1603 manuum
1693 1545 1828 1603 sicut
1855 1543 2019 1596 sacri-

440 1649 614 1702 ficium
664 1647 1045 1715 vespertinum.
1074 1643 1208 1696 Sunt
1236 1641 1375 1696 enin
1401 1636 1558 1691 ambo
1587 1644 1826 1704 accepta.
1870 1632 2016 1700 Quo-

442 1737 602 1792 tnodo
629 1743 806 1790 autem
845 1733 946 1787 hoc
994 1733 1130 1788 lict?
1159 1731 1214 1786 Si
1259 1739 1478 1798 utraque
1533 1727 1639 1780 sint
1693 1724 1886 1778 munda
1917 1763 1930 1789 ,
1972 1723 2018 1778 si

440 1835 662 1896 utraque
689 1825 814 1878 nulli
853 1823 959 1877 sint
1007 1817 1407 1891 reprehensioni
1439 1815 1631 1869 vitiove
1673 1813 1898 1868 obnoxia
1918 1853 1934 1878 ,
1965 1819 2022 1868 et

443 1918 616 1988 lingua
643 1924 696 1971 et
721 1931 930 1976 manus.
959 1913 1044 1967 hac
1063 1911 1274 1982 quidem
1315 1909 1380 1962 ab
1405 1905 1625 1961 avaritia
1647 1915 1699 1958 et
1725 1903 1904 1974 rapina
1929 1919 2022 1956 ex-

444 2015 696 2078 purgatae,
727 2006 815 2060 illa
845 2019 974 2060 vero
1003 2019 1033 2057 a
1063 2001 1216 2057 malis
1246 1998 1426 2055 verbis
1451 1997 1633 2052 libera.
1667 1992 2022 2063 Quemadmo-

444 2099 568 2152 dum
599 2099 740 2153 cnim
789 2103 1000 2164 oportet
1049 2091 1372 2148 tlturibulum
1418 2087 1546 2143 nihil
1577 2085 1774 2141 habere
1805 2086 2025 2139 immun-

451 2188 594 2255 dum,
626 2187 718 2242 sed
747 2186 1179 2256 solutuiguemet
1207 2182 1477 2237 suffitum:
1507 2179 1576 2234 ita
1610 2177 1770 2234 etiam
1789 2176 2020 2246 linguam

452 2279 653 2334 nullum
677 2285 889 2348 oportet
919 2275 1136 2331 verbum
1161 2273 1421 2346 proferre,
1443 2269 1583 2342 quod
1605 2269 1678 2326 sit
1695 2269 1796 2324 ulla
1820 2268 2022 2324 macula

447 2380 540 2425 aut
569 2369 687 2425 labe
726 2383 1049 2438 respersum,
1074 2365 1168 2421 sed
1219 2364 1556 2420 sanctitatem
1585 2370 1638 2417 et
1665 2359 1912 2426 laudem;
1953 2359 2023 2414 ita

446 2463 606 2517 etiant
635 2468 844 2530 Oportet
891 2475 1078 2514 manus
1122 2472 1241 2512 esse
1284 2455 1630 2510 tlmribulum.
1675 2450 1756 2510 Sit
1798 2467 1925 2522 ergo
1963 2467 2025 2508 os

456 2563 602 2606 tuum
640 2551 962 2606 thuribulum
995 2569 1010 2603 :
1041 2547 1159 2604 vide
1191 2557 1366 2604 autem
1414 2562 1481 2602 ne
1522 2546 1574 2600 id
1620 2544 1746 2600 fimo
1775 2543 2023 2614 impleas.

451 2643 608 2698 Tales
638 2643 780 2696 enim
808 2648 969 2706 sunt,
1001 2641 1089 2710 qui
1122 2639 1410 2710 loquuntur
1448 2636 1606 2692 verba
1651 2635 1820 2706 turpia
1846 2643 1901 2689 et
1929 2635 2028 2689 itn-

448 2734 663 2789 munda.
693 2733 801 2788 Cur
849 2742 1027 2787 autem
1080 2746 1185 2785 non
1233 2729 1366 2785 dixit
1405 2726 1719 2782 matutinum
1753 2773 1760 2778 .
1795 2724 1885 2780 sed
1911 2740 2027 2778 ves-

452 2824 756 2896 pu'tinum?
781 2822 902 2877 Mihi
931 2821 1144 2893 quidem
1173 2819 1381 2876 videtur
1405 2818 1604 2874 dictmn
1629 2833 1747 2873 esse
1777 2815 2025 2870 indiscri-

452 2919 712 2974 ntiuatitn.
773 2914 830 2974 Si
881 2917 1022 2971 enim
1074 2913 1297 2970 dixisset
1359 2912 1712 2990 matutinum,
1785 2908 2029 2963 curiosus

450 3010 709 3081 quispiam
742 3009 1146 3078 interrogasset,
1167 3005 1275 3062 Cur
1305 3021 1409 3060 non
1450 3005 1584 3060 dixit
1619 3002 2028 3073 vespertinum?

452 3100 507 3155 Si
529 3101 646 3167 quis
669 3109 842 3156 autem
873 3098 1008 3153 velit
1036 3097 1220 3152 audire
1245 3111 1348 3151 non
1373 3095 1530 3150 nimis
1553 3095 1761 3150 curiose
1784 3094 1820 3157 ί,
1841 3093 2028 3162 dicen-7

452 3192 576 3246 dum
603 3201 686 3247 cst
707 3191 1022 3247 matutinum
1047 3190 1263 3260 quidem
1292 3197 1602 3258 exspectare
1629 3187 2025 3257 vespertinum;

452 3297 574 3338 rum
607 3283 966 3352 vespertinum
997 3289 1172 3335 autem
1207 3290 1478 3350 peractum
1509 3278 1684 3344 fuerit,
1718 3277 1922 3332 tinitum
1949 3285 2031 3332 est

453 3374 804 3440 sacrificium,
833 3383 888 3428 et
923 3389 1026 3427 non
1072 3381 1154 3427 cst
1200 3372 1380 3441 utique
1427 3371 1651 3440 amplius
1693 3368 2031 3437 imperfectus

455 3467 556 3521 diei
581 3468 772 3533 cultus,
802 3465 896 3521 sed
929 3473 1012 3520 est
1055 3464 1376 3534 enmpletus,
1404 3474 1457 3518 et
1486 3462 1644 3516 finem
1676 3463 1897 3530 accepit.
1922 3458 2030 3514 Sed

452 3557 578 3625 quid
599 3557 700 3610 sibi
729 3555 838 3609 vult
863 3571 1112 3610 manuum
1141 3556 1193 3608 in
1220 3554 1462 3610 oratione
1487 3552 1750 3608 elevatio?
1771 3552 2029 3619 Quoniam

453 3645 634 3702 multis
659 3644 951 3700 sceleribus
985 3643 1313 3710 inserviunt,
1341 3653 1398 3697 ut
1425 3641 1857 3714 percussionibus
1879 3683 1894 3708 ,
1927 3657 2034 3697 ca:-

455 3737 633 3802 dibus,
661 3736 879 3807 rapinis,
900 3735 1138 3790 avaritia:
1161 3777 1178 3803 ,
1207 3745 1263 3791 et
1289 3734 1550 3790 bonorum
1579 3731 1799 3787 alterius
1823 3730 2031 3801 cupidi-

455 3827 809 3897 tati,propter
834 3827 934 3882 hoc
971 3827 1143 3896 ipsum
1173 3841 1300 3896 ergo
1342 3839 1434 3880 eas
1481 3822 1730 3894 jubemus
1777 3821 2030 3888 tendere,

457 3930 513 3973 ttt
537 3919 794 3974 orationis
845 3919 1202 3975 ministerium
1241 3919 1310 3972 sit
1339 3917 1416 3972 eis
1444 3915 1691 3986 nequitiac
1719 3915 1986 3969 vinculum
2011 3954 2027 3980 ,

452 4017 506 4064 et
534 4011 600 4064 ab
631 4008 969 4078 improbitate
994 4010 1238 4064 libcratio
1267 4027 1280 4064 :
1309 4017 1366 4062 ιιι
1393 4006 1604 4078 quando
1647 4021 1706 4061 es
1743 3991 2028 4075 rapturus,

453 4100 534 4154 vel
569 4101 619 4156 in
651 4101 786 4156 bona
817 4102 1041 4156 aliorum
1082 4100 1380 4166 invasurus,
1409 4107 1500 4152 aut
1523 4098 1684 4152 alintn
1725 4095 2033 4150 verberatu-

455 4208 546 4247 rus
573 4234 590 4257 ,
631 4192 681 4246 itt
733 4192 1044 4247 memoriam
1097 4206 1358 4247 revocans
1407 4189 1523 4243 fore
1552 4197 1608 4242 ut
1646 4201 1738 4241 cas
1766 4186 1832 4241 ad
1866 4187 2031 4242 Deum

457 4285 640 4338 mittas
674 4296 727 4339 te
756 4284 1068 4340 defensurus
1093 4325 1108 4351 ,
1137 4293 1191 4338 et
1223 4281 1348 4336 illud
1397 4280 1674 4352 spirituale
1715 4280 2032 4334 sacrificium

458 4390 553 4444 per
579 4389 671 4429 eas
697 4373 910 4441 offeras,
953 4389 1019 4428 ne
1048 4387 1138 4428 eas
1169 4371 1455 4454 ignominia
1484 4378 1538 4424 et
1569 4368 1769 4440 pudore
1793 4369 1994 4424 afﬁcias
2013 4410 2028 4435 ,

452 4477 508 4523 et
541 4465 694 4521 mala:
719 4465 1044 4536 operationis
1087 4463 1380 4518 ministerio
1404 4462 1483 4518 eis
1514 4460 1759 4516 fiduciam
1801 4459 2030 4514 auferas.

453 4558 621 4626 Purga
649 4570 776 4624 ergo
819 4569 910 4609 eas
933 4555 1290 4626 eleemosyna,
1319 4551 1599 4608 clementia
1623 4592 1640 4618 ,
1671 4549 2033 4605 subveniendo

456 4647 518 4700 iis
544 4645 632 4715 qui
671 4645 928 4715 indigem,
959 4655 1013 4700 et
1045 4645 1115 4698 ita
1145 4659 1237 4700 eas
1273 4645 1381 4698 Deo
1420 4640 1703 4712 expandito
1732 4640 1798 4696 ad
1836 4641 2032 4694 oratio-

453 4753 597 4792 nem.
625 4737 680 4792 Si
709 4737 851 4791 enim
884 4753 988 4792 non
1017 4737 1277 4808 permittis
1309 4744 1360 4790 ut
1391 4751 1466 4789 cte
1497 4735 1749 4788 tollantur
1777 4732 1936 4786 illotte
1965 4731 2030 4786 ad

451 4826 748 4882 orationem
782 4843 796 4879 :
835 4829 1000 4882 multo
1031 4828 1195 4897 magis
1224 4844 1326 4880 non
1357 4842 1564 4894 aequum
1594 4835 1674 4879 est
1702 4833 1757 4878 ιιι
1785 4839 1878 4878 eas
1905 4838 2032 4892 pec-

451 4917 584 4972 catis
613 4917 880 4987 inquines.
911 4917 968 4972 Si
996 4917 1136 4987 quod
1170 4918 1341 4970 minus
1368 4927 1450 4972 est
1477 4917 1698 4980 vereris,
1730 4915 1897 4970 multo
1914 4931 2029 4968 tua-

449 5012 531 5080 gis
559 5009 877 5080 pertitnesce
923 5010 1066 5080 quod
1119 5008 1288 5078 majus
1330 5018 1432 5062 est.
1484 5008 1645 5062 lllotis
1688 5007 1827 5060 enim
1876 5021 2032 5060 orare

455 5102 698 5157 tnanibus
724 5117 826 5157 non
857 5111 937 5156 est
963 5101 1096 5155 adeo
1121 5100 1444 5166 absurdum;
1495 5099 1586 5152 sed
1634 5096 2032 5152 innumerabili-

446 5189 547 5249 bus
567 5204 904 5264 peccatorum
935 5193 1181 5249 sordibus
1207 5193 1505 5262 inquinatas
1527 5190 1742 5256 offerre,
1770 5189 1871 5242 hoc
1899 5188 2028 5241 iram

448 5285 603 5339 atl'crt
626 5287 932 5342 maximam.

528 5377 582 5431 4.
617 5379 728 5434 Hoc
758 5380 927 5448 ipsum
959 5386 1014 5434 et
1044 5377 1096 5431 in
1127 5391 1221 5430 ore
1262 5384 1314 5430 et
1343 5374 1394 5428 in
1425 5374 1599 5442 lmgua
1635 5383 1909 5425 versemus
1931 5407 1944 5430 ,
1975 5375 2030 5421 et

452 5488 516 5528 ea
532 5472 716 5527 sceleri
741 5471 880 5525 invia
901 5479 1300 5532 conservantes,
1319 5467 1388 5519 ita
1405 5463 1690 5519 oﬂ'eramus
1705 5459 2024 5514 orationem.

514 5605 529 5634 ί
567 5609 614 5649 'n
638 5601 923 5664 quibusdam
949 5610 1052 5652 Mss.
1074 5604 1143 5652 sic
1162 5598 1342 5664 legitur
1369 5613 1379 5647 :
1408 5597 1452 5648 si
1477 5597 1580 5662 quis
1615 5601 1769 5650 autem
1793 5589 2028 5642 σκνὶοδὶία

453 5661 678 5727 indagati
701 5661 917 5713 uoluerit.

1157 254 1213 311 s.
1254 250 1530 311 JOANNIS
1567 205 1940 300 Cttavsosr.
1984 235 2300 293 ARCHIEP.
2339 235 2882 302 CONSTMTINOP.

3582 237 3682 291 ηἰῦέ

2111 348 2310 421 Siquis
2338 348 2480 404 enim
2513 348 2714 404 habens
2741 363 2835 403 vas
2862 364 3117 412 aureum,
3153 364 3218 402 eo
3255 347 3318 400 ad
3348 347 3504 406 vilem
3529 365 3678 403 nsunt

2109 444 2184 500 uti
2214 459 2500 520 numquam
2540 443 2855 502 inanimum
2887 442 3154 500 induxerit
3195 451 3412 511 propter
3454 443 3681 510 pretium

2109 536 2346 590 materia:
2373 553 2387 588 :
2419 535 2587 590 multo
2639 535 2806 604 magis
2846 549 2966 588 cum
3006 548 3136 586 auro
3164 544 3219 587 et
3262 533 3562 606 margaritis
3592 533 3680 588 lta-

2107 629 2328 688 beamus
2348 643 2441 682 ora
2461 627 2615 698 longe
2637 627 2948 696 pretiosiora
2973 665 2991 691 ,
3025 641 3128 680 non
3161 642 3254 694 par
3274 636 3355 682 est
3381 635 3438 680 ιιι
3475 643 3536 682 ea
3566 629 3680 698 pol-

2110 718 2318 776 luamus
2349 719 2524 774 verbis
2550 719 2788 787 turpibus
2813 727 2867 772 et
2889 716 3188 787 impudicis,
3213 718 3614 789 maledictisque
3633 730 3685 774 et

2113 811 2474 868 contumeliis.
2507 809 2621 864 Non
2654 810 2704 863 itt
2732 809 2886 864 altari
2909 824 3062 863 :cneo
3087 824 3188 864 nec
3207 825 3368 865 aureo
3389 810 3550 865 offers
3581 814 3685 866 suf-

2114 901 2284 970 fitnm,
2320 899 2412 955 sed
2446 901 2496 954 in
2526 916 2591 955 eo
2621 901 2760 970 quod
2788 909 2870 954 est
2902 900 3211 970 pretiosius,
3242 917 3439 972 nempe
3468 902 3520 958 in
3553 912 3685 959 tem-

2115 995 2202 1065 plo
2246 994 2489 1064 spiritali.
2547 993 2634 1053 Illi
2668 993 2809 1050 enim
2859 1001 2943 1049 est
2989 993 3220 1054 inanima
3263 996 3482 1054 materia
3517 1015 3530 1052 :
3563 997 3687 1054 inte

2113 1095 2290 1140 autem
2333 1085 2474 1144 licus
2505 1083 2726 1148 ltabitat,
2757 1093 2812 1139 et
2839 1100 2896 1140 es
2925 1085 3222 1146 membrum
3244 1095 3309 1142 et.
3324 1102 3519 1158 corpus
3538 1087 3685 1144 Citri-

2115 1177 2213 1237 sti.
2237 1178 2292 1230 3.
2330 1175 2484 1240 Pone,
2525 1175 2756 1240 Domine,
2787 1175 3066 1232 custodiam
3093 1177 3170 1230 ori
3195 1193 3323 1231 meo.
3355 1175 3486 1232 Cum
3510 1194 3684 1247 mgaso

2117 1278 2199 1323 set
2225 1268 2505 1327 Dominum
2558 1277 2612 1320 ut
2660 1267 2776 1336 ejus
2827 1267 3104 1322 audiretur
3147 1269 3340 1332 oratio,
3381 1275 3438 1323 et
3465 1278 3520 1323 ut
3545 1269 3682 1326 fieret

2117 1369 2353 1428 accepta,
2382 1360 2500 1414 vide
2528 1358 2794 1428 quodnam
2824 1359 3238 1428 primumaﬂ‘ert
3271 1363 3689 1430 postulatum,ct

2119 1465 2403 1520 quamnam
2451 1450 2914 1520 supplicationem.
2946 1450 3061 1506 Non
3091 1452 3223 1512 dixit
3251 1454 3392 1510 cnim
3414 1455 3535 1520 ,Da
3565 1457 3688 1512 mihi

2119 1541 2396 1611 pecunias,
2423 1539 2490 1595 da
2520 1541 2647 1597 mihi
2677 1541 2930 1605 honores,
2956 1542 3198 1611 quisunt
3234 1545 3370 1614 apud
3413 1545 3652 1602 homines
3673 1587 3690 1613 ,

2119 1629 2186 1684 da
2215 1629 2353 1689 mihi.
2367 1630 2639 1691 victoriam
2665 1632 2916 1687 adversus
2947 1633 3210 1702 inimicos,
3227 1635 3292 1690 da
3315 1635 3441 1692 tnihi
3465 1636 3690 1694 liberos:

2122 1725 2253 1780 nihil
2300 1725 2510 1792 horum,
2540 1724 2632 1784 scd
2660 1725 2776 1781 haec
2800 1727 2978 1784 omnia
3005 1728 3186 1783 sinetis
3225 1727 3370 1784 htttui
3413 1730 3692 1800 jacere,_ea

2124 1816 2252 1886 petit
2285 1832 2404 1888 qua
2443 1831 2473 1870 a
2530 1817 2637 1873 Deo
2679 1817 2794 1872 dari
2824 1818 2980 1889 digna
3010 1829 3152 1875 sunt.
3181 1819 3318 1892 Quid
3362 1822 3520 1892 igitur
3544 1823 3567 1876 2
3591 1839 3692 1880 non

2123 1916 2353 1979 oportet,
2388 1908 2556 1978 inquit
2580 1949 2603 1974 ,.
2633 1917 2815 1976 petere
2867 1911 3136 1968 sensibiiia
3162 1913 3186 1966 'i
3212 1913 3434 1982 Oportet
3464 1914 3694 1984 quidem,

2124 1999 2227 2056 sed
2246 1999 2540 2066 moderate,
2571 2001 3022 2070 quemadmodum
3062 2004 3229 2060 .laeob
3253 2004 3440 2062 dicens
3471 2024 3483 2061 :
3521 2007 3582 2062 Si
3607 2009 3693 2062 dc-

2125 2093 2254 2147 derit
2285 2092 2407 2148 mihi
2440 2091 2696 2147 Dominus.
2719 2109 2900 2164 panem
2923 2087 3339 2161 ad'uescendum,
3363 2107 3410 2150 et
3439 2098 3697 2152 aestatum!

2123 2183 2434 2238 induendum
2462 2184 2481 2255 (
2524 2181 2650 2238 Gen.
2673 2183 2762 2239 28.
2790 2186 2884 2253 20)
2911 2202 2926 2250 ;
2966 2186 3414 2254 quemadmodum
3463 2188 3698 2243 Christus

2121 2275 2279 2346 jussit
2307 2292 2462 2332 orare
2505 2291 2626 2343 nos,
2649 2277 2927 2332 dicentes:
2963 2276 3158 2331 Panem
3183 2288 3408 2333 nostrum
3429 2281 3696 2347 supercub-

2125 2369 2412 2424 stantialcm
2433 2369 2501 2422 da
2525 2367 2665 2424 nobis
2696 2368 2884 2438 Itodie(
2911 2367 3102 2426 Matth.
3131 2368 3185 2424 6.
3209 2369 3294 2434 ιι)
3320 2385 3334 2422 ;
3360 2379 3488 2425 ante
3523 2371 3698 2426 omnia

2127 2478 2276 2527 vero,
2305 2463 2620 2532 spiritualia.
2675 2461 2827 2530 Quod
2879 2462 2992 2532 ipse
3042 2478 3254 2532 quoque
3301 2463 3426 2518 facit
3467 2463 3698 2520 dicens:

2128 2553 2293 2621 Pone,
2324 2555 2560 2620 Domine,
2591 2555 2868 2612 custodiam
2904 2558 2982 2610 ori
3009 2573 3140 2610 mea»

2201 2669 2412 2741 Lingua:
2431 2683 2476 2725 et
2505 2672 2611 2726 oris
2632 2671 2898 2736 custodia,-
2927 2671 3123 2726 tacendi
3157 2681 3208 2726 et
3255 2673 3490 2741 loquendi
3518 2673 3702 2727 vicissi-

2131 2759 2272 2814 tudo.
2297 2790 2371 2802 —
2395 2760 2580 2816 Vidisti
2636 2760 3005 2832 prudentiam?
3049 2761 3223 2816 vidisti
3272 2762 3618 2832 sapientiam,
3652 2773 3703 2818 et

2130 2852 2398 2907 undenatn
2429 2851 2840 2922 postulationem
2865 2853 3118 2923 incipiat?
3145 2854 3226 2909 Ab
3255 2870 3322 2909 eo
3353 2855 3492 2926 quod
3525 2865 3604 2911 est
3624 2871 3705 2911 co-

2132 2961 2248 3000 rum
2279 2959 2398 3011 quae
2425 2953 2568 2998 recte
2587 2953 2641 2998 et
2665 2959 2728 2999 ex
2776 2944 2972 2999 virtute
3017 2945 3180 3010 tiunt,
3211 2946 3520 3011 maximum,
3547 2957 3600 3002 et
3627 2957 3718 3002 est.

2130 3037 2368 3092 omnium
2395 3037 2655 3091 malorum
2683 3051 2862 3102 causa,
2909 3036 2965 3091 si
2999 3037 3295 3108 negligatur
3319 3056 3332 3092 :
3360 3039 3708 3108 quemadmo-

2131 3128 2257 3183 dum
2299 3126 2580 3192 bonorum,
2608 3129 2652 3182 si
2696 3126 2749 3182 in
2793 3142 2860 3183 eo
2903 3143 3027 3182 cura
3072 3143 3150 3182 ac»
3176 3128 3404 3182 studium
3461 3140 3705 3199 ponatur.-

2133 3223 2266 3277 Mala
2312 3223 2462 3277 enim
2511 3222 2798 3275 innumera
2829 3221 2969 3290 parit.
3004 3220 3198 3289 lingute
3227 3218 3452 3274 facilitas
3480 3239 3494 3274 :
3521 3237 3707 3291 quem-

2134 3312 2421 3370 admodum
2450 3325 2637 3366 rurstts
2682 3312 2820 3366 bona
2843 3351 2859 3378 ,
2903 3312 3090 3366 cantio
3105 3321 3158 3366 et
3187 3312 3466 3365 securitas.
3511 3312 3712 3380 Quum-

2133 3404 2418 3459 admodum
2448 3419 2580 3472 ergo
2609 3402 2738 3457 nihil
2783 3402 2934 3470 juvat
2978 3401 3189 3465 domus,
3239 3418 3344 3455 non
3403 3401 3552 3467 urbs,
3605 3417 3718 3457 non

2135 3497 2356 3561 mmnia,
2382 3512 2484 3551 non
2515 3505 2699 3564 portae,
2729 3510 2834 3549 non
2861 3493 3018 3559 ostia,
3053 3495 3153 3549 nisi
3180 3495 3293 3548 sint
3313 3495 3404 3564 qui
3435 3509 3495 3549 ea
3535 3504 3713 3548 custo-

2135 3590 2304 3654 diant,
2335 3599 2391 3643 et
2418 3589 2592 3642 sciant
2609 3587 2823 3658 quando
2844 3595 3058 3654 Oportet
3105 3603 3165 3642 ea
3197 3586 3409 3657 quidem
3440 3587 3710 3653 claudere,

2135 3680 2348 3752 quando
2376 3693 2503 3733 vero
2534 3679 2787 3747 aperire:
2837 3677 2906 3730 ita
2933 3679 3092 3731 etiam
3131 3678 3241 3732 oris
3269 3687 3323 3732 et
3352 3678 3542 3746 lingua:
3571 3678 3722 3732 milia-

2136 3784 2213 3830 est
2246 3772 2466 3837 utilitas,
2498 3770 2597 3824 nisi
2643 3769 2712 3824 sit
2761 3770 2915 3833 ratio,
2957 3768 3042 3823 cui
3078 3769 3328 3832 scienter,
3370 3779 3613 3822 accurate
3652 3785 3714 3824 ac

2135 3867 2522 3934 circumspecte
2561 3879 2622 3917 ea
2665 3862 2918 3917 claudere
2946 3871 2996 3916 et
3027 3860 3236 3930 aperire
3266 3862 3579 3929 permissum
3623 3863 3710 3926 sit,

2135 3966 2189 4013 et
2218 3957 2351 4011 sciat
2377 3969 2496 4025 qua:
2524 3954 2631 4008 sint
2655 3951 2946 4016 efferenda,
2976 3967 3094 4022 qua:
3121 3966 3248 4005 vero
3268 3949 3562 4006 retinenda.
3595 3949 3711 4006 Non

2139 4060 2237 4116 t0t,
2264 4048 2453 4118 inquit,
2483 4046 2682 4118 gladio,
2713 4053 2840 4116 quot
2870 4046 3043 4116 lingua
3069 4043 3378 4098 ceciderunt
3405 4043 3591 4115 (Eccli.
3621 4043 3716 4099 ‘28.

2135 4143 2246 4212 22).
2281 4143 2345 4197 Et
2373 4155 2555 4196 rursus
2571 4138 2814 4194 Christus
2848 4155 2860 4192 :
2887 4134 3006 4190 Non
3033 4152 3148 4206 qua;
3171 4137 3360 4189 intrant
3376 4153 3464 4206 per
3477 4152 3552 4194 os.
3571 4137 3716 4188 coin-

2136 4239 2346 4309 quinant
2395 4235 2636 4297 homines,
2661 4231 2750 4285 sed
2793 4246 2906 4298 qua:
2944 4246 3009 4284 ea:
3035 4245 3120 4282 ore
3149 4237 3327 4283 exeunt
3355 4231 3371 4297 (
3406 4226 3587 4280 Matth.
3627 4229 3728 4290 15..

2140 4331 2252 4399 11).
2277 4327 2344 4382 Ει
2389 4340 2575 4381 rursus
2627 4323 2805 4376 alius:
2837 4319 2944 4373 Fac
2986 4319 3064 4374 ori
3084 4328 3168 4372 tuo
3194 4327 3390 4388 portam
3438 4328 3485 4371 et
3534 4327 3726 4372 vectem.

2139 4422 2157 4492 (
2190 4421 2350 4474 Eccli.
2377 4419 2467 4473 28.
2491 4417 2561 4472 28
2585 4417 2626 4486 ).
2653 4415 2750 4470 llic
2772 4422 2948 4468 autem
2994 4411 3244 4482 quoniam
3286 4409 3432 4464 novit
3457 4425 3567 4463 rem
3598 4423 3716 4462 csse

2138 4513 2291 4566 valde
2319 4509 2592 4565 difticiiem
2615 4548 2629 4572 ,
2662 4505 2810 4560 addit
2842 4515 2895 4558 ct
2926 4518 3108 4573 preces
3133 4544 3148 4567 ,
3182 4509 3236 4556 et
3265 4501 3427 4555 Deum
3473 4509 3620 4554 vocat
3650 4499 3730 4552 ade

2138 4602 2414 4660 ferendum
2441 4599 2714 4654 auxilium.
2744 4597 2854 4650 lino
2886 4611 3011 4648 vero
3043 4593 3130 4648 ille
3148 4607 3357 4662 quoque
3403 4591 3502 4644 hoc
3543 4590 3714 4660 ipsum

2138 4694 2419 4766 significat,
2448 4702 2501 4746 ut
2531 4688 2742 4761 quando
2768 4687 2894 4741 dicit
2928 4705 2938 4737 :
2967 4686 3090 4753 Quis
3111 4684 3301 4738 dederit
3321 4683 3464 4736 labiis
3495 4684 3612 4736 meis
3650 4682 3728 4733 si-.

2136 4785 2408 4859 guaculum
2427 4782 2669 4836 callidum
2691 4779 2872 4852 (Ec-cli.
2913 4776 3005 4832 22.
3032 4775 3162 4847 55)?
3187 4774 3406 4844 Oportet
3435 4774 3574 4827 (tuin
3618 4789 3717 4824 no-

2136 4886 2246 4933 stra
2290 4889 2501 4946 quoque
2549 4871 2810 4934 conferre,
2859 4878 2912 4921 et
2959 4866 3078 4920 ideo
3107 4866 3208 4919 hoc
3257 4864 3424 4918 instar
3468 4863 3715 4932 prmcepti

2137 4967 2333 5040 posuit,
2364 4966 2549 5020 dicens
2583 4984 2595 5017 :
2630 4960 2736 5014 Fac
2762 4970 2956 5029 portam
2980 4969 3025 5010 ct
3053 4967 3254 5010 vectem.
3302 4956 3394 5009 list
3435 4955 3592 5008 etiam
3625 4954 3716 5005 Dei

2139 5057 2491 5113 invocandum
2542 5053 2815 5113 auxilium,
2867 5058 2924 5101 ut
2966 5056 3207 5101 nostrutn
3241 5060 3457 5114 quoque
3483 5042 3724 5096 studium.

2137 5151 2188 5206 in
2207 5163 2340 5219 opus
2368 5154 2541 5201 exeat.
2561 5142 2632 5198 Os
2653 5156 2780 5211 ergo
2801 5150 3037 5193 nostrum
3055 5143 3309 5206 perpetuo
3330 5132 3714 5189 custodiamus,

2137 5243 2186 5297 ei
2219 5240 2480 5294 rationem
2522 5247 2788 5302 tamquam
2837 5233 3042 5285 clavem
3089 5226 3446 5289 adhibentes,
3501 5239 3606 5277 non
3659 5231 3718 5273 nt

2137 5341 2394 5404 perpetuo
2471 5325 2748 5382 claudatur
2779 5365 2793 5390 ,
2845 5321 2937 5376 scd
2981 5329 3037 5376 ut
3087 5315 3426 5373 convcnienti
3475 5323 3725 5381 tcmpme

2137 5436 2420 5482 resctetur.
2486 5420 2892 5487 Nonnumquam
2967 5413 3108 5469 enim
3175 5409 3446 5466 silentium
3491 5416 3576 5460 est
3633 5406 3706 5457 ln-

2137 5520 2292 5591 quela
2339 5517 2538 5580 utilius,
2582 5509 3029 5582 quemadmodum
3061 5503 3266 5573 loquela
3308 5516 3519 5571 quoque
3546 5498 3715 5552 silen-

2137 5616 2228 5670 tio.
2281 5612 2346 5668 Et
2398 5609 2516 5665 ideo
2572 5600 2778 5662 diccbat
2839 5603 2929 5658 ille
2984 5596 3406 5670 snpicntiSsintus
3451 5591 3717 5659 :I'cmpur
