4070 6214
345 357 449 412 ,ὶδὶἷ

341 466 580 528 tacendi,
607 471 656 516 et
707 472 902 531 tetnpus
945 457 1183 522 loquendi
1229 457 1247 526 (
1278 454 1435 509 Ereti.
1465 457 1518 510 ὃ.
1547 451 1577 510 'I
1610 457 1650 519 ).
1677 456 1730 508 Si
1780 455 1920 508 enim

343 562 615 624 minueret
661 566 758 606 ora
813 558 1070 620 perpetuo
1118 556 1298 616 patere
1325 583 1340 611 ,
1393 559 1500 598 non
1553 545 1702 600 factm
1748 553 1926 599 esseut

347 658 511 718 portae
541 662 558 697 :
585 645 630 697 si
687 652 864 696 autem
911 647 1167 710 perpetuo
1221 636 1397 690 clausa
1441 647 1578 700 esse,
1631 647 1736 688 nou
1777 641 1921 689 esset

343 749 482 804 opus
507 733 770 788 custodia.
795 731 947 798 Qutd
965 731 1108 784 enim
1123 727 1364 782 clausum
1389 731 1492 786 est,
1521 739 1617 778 cur
1657 726 1778 793 quis
1820 739 1918 778 cui»

349 823 630 880 stodierit?
677 820 782 876 Sed
831 828 1110 889 propterea
1141 828 1265 871 sunt
1312 824 1558 885 portaret
1586 814 1928 879 custodia,ut

347 915 606 977 faciamus
641 912 846 982 singula
877 922 1118 978 tempore
1163 905 1516 981 convettienti.
1567 904 1717 958 Alius
1743 916 1926 958 autem

352 1006 498 1068 dicit,
527 1003 722 1074 Iugum
746 1012 794 1056 et
813 1010 1054 1056 stateram
1080 1003 1162 1069 {ac
1193 999 1380 1068 lingua
1397 1007 1496 1050 tua:
1515 997 1532 1068 (
1551 995 1684 1049 Ibid.
1701 995 1924 1066 28.29).

357 1095 614 1164 majorem
631 1093 848 1162 exigens
869 1089 1290 1159 diligentiamut
1311 1099 1416 1141 non
1433 1088 1604 1140 solum
1629 1087 1786 1141 verba
1811 1097 1928 1155 qua:

357 1194 568 1252 oportet
598 1183 899 1245 eﬂ'eramns,
928 1179 1020 1236 sed
1041 1181 1201 1234 etiam
1226 1191 1346 1232 eum
1367 1193 1430 1232 ea
1461 1194 1562 1246 qua
1589 1193 1684 1246 par
1706 1185 1786 1231 est
1805 1187 1932 1230 cati-

361 1278 500 1328 tionc
531 1284 585 1329 et
623 1283 870 1328 accurata
897 1270 1326 1326 consideratione
1369 1270 1480 1338 ipsa
1514 1267 1677 1322 veluti
1722 1265 1928 1336 μυθάρι-

361 1379 540 1422 rantes
565 1366 839 1432 diligenter
863 1362 1244 1430 expendamus.
1277 1359 1332 1413 Si
1375 1359 1516 1412 enim
1565 1358 1666 1411 hoc
1711 1357 1931 1409 facimus

361 1459 414 1512 in
445 1473 576 1510 auro
602 1465 654 1509 et
684 1454 899 1508 materia
927 1467 1044 1522 qua:
1082 1451 1280 1514 interit,
1310 1449 1410 1504 hoe
1453 1449 1620 1501 multo
1647 1447 1816 1516 magis
1857 1445 1934 1500 fa-

362 1548 606 1604 ciendum
633 1554 715 1600 cst
746 1547 796 1598 in
827 1545 1022 1608 verbis,
1055 1551 1110 1596 ut
1159 1542 1290 1595 nihil
1311 1541 1470 1604 desit,
1499 1553 1596 1594 nec
1641 1539 1924 1594 redundet.

365 1640 618 1706 Quocirca
648 1636 775 1690 dicit
812 1636 970 1689 etiam
1001 1633 1260 1702 quispiam
1293 1649 1305 1684 :
1344 1630 1560 1683 Verbum
1581 1644 1643 1683 ne
1671 1629 1933 1698 prohibue-

364 1733 434 1784 ris
476 1731 526 1782 in
567 1737 784 1795 tempore
827 1725 1000 1780 salutis
1031 1721 1208 1793 (Ibid.
1232 1725 1284 1776 4.
1312 1721 1382 1775 28
1400 1723 1442 1788 ).
1497 1720 1683 1775 Vidisti
1727 1729 1935 1788 tempus

367 1818 562 1875 exitus?
605 1817 754 1870 Alius
791 1822 965 1868 autem
998 1813 1181 1866 dicens
1224 1821 1432 1880 tempus
1487 1809 1702 1872 silentii,
1735 1809 1930 1877 inquit:

366 1905 428 1959 Si
453 1917 524 1960 est
553 1907 638 1958 tibi
667 1921 846 1966 sermo,
875 1903 1118 1972 responde
1147 1918 1166 1956 :
1189 1902 1265 1956 sin
1295 1902 1478 1968 minus,
1504 1909 1608 1955 esto
1653 1916 1831 1952 manus
1849 1908 1936 1951 tua

358 2013 514 2064 super
543 2013 598 2050 os
627 2005 766 2050 tuum
796 1993 974 2066 (Ibid.
1008 1994 1058 2046 5.
1092 1991 1216 2062 14).
1259 1993 1326 2045 Ει
1352 2006 1552 2054 rursus,
1579 1991 1678 2054 Qui
1715 1989 1937 2044 abundat

365 2091 416 2141 in
442 2104 667 2140 seruiens
687 2126 703 2154 ,
743 2087 859 2140 odio
888 2085 1146 2142 habebitur
1184 2084 1203 2156 (
1227 2083 1364 2140 Ibid.
1391 2083 1482 2138 20.
1510 2083 1604 2154 8).
1636 2083 1717 2147 Et,
1755 2081 1938 2154 Ilelior

364 2189 434 2246 est
457 2179 604 2234 homo
623 2179 708 2248 qui
724 2178 850 2230 celat
869 2176 1133 2230 stultitiam
1147 2191 1310 2239 suam,
1329 2191 1481 2243 quam
1500 2175 1647 2230 homo
1663 2174 1748 2242 qui
1771 2173 1938 2226 occul-

367 2280 436 2323 tat
451 2270 745 2340 sapientiam
765 2284 907 2321 suam
947 2266 1124 2337 (Ibid.
1155 2281 1202 2318 υ.
1235 2263 1360 2337 33).
1380 2265 1620 2318 Audivisti
1637 2264 1940 2320 sermonem?

370 2360 618 2414 Moriatur
635 2361 688 2412 in
707 2370 776 2412 te.
804 2357 1030 2424 Conﬁde,
1057 2372 1154 2410 non
1181 2363 1228 2409 te
1257 2365 1453 2424 rumpet
1483 2355 1664 2424 (Ibid.
1691 2355 1778 2409 19.
1807 2353 1874 2408 10
1893 2350 1936 2423 ).

372 2451 439 2504 Et
469 2465 673 2516 rursus,
725 2449 768 2503 Α
803 2449 932 2519 [acie
963 2447 1094 2501 verbi
1119 2447 1363 2517 parturiet
1386 2445 1602 2509 stultus,
1651 2453 1705 2496 ut
1744 2461 1776 2497 a
1813 2444 1942 2513 faeie

372 2540 582 2608 infantis
605 2554 850 2608 puerpera
866 2535 1022 2607 (Ibid.
1040 2551 1087 2591 υ.
1121 2536 1232 2605 11).
1255 2533 1454 2588 Deinde
1481 2533 1638 2588 etiam
1669 2533 1735 2590 de
1761 2531 1938 2586 modos

372 2627 615 2695 Loquere,
637 2626 1021 2691 adulescentula,
1042 2625 1083 2678 si
1113 2641 1238 2694 opus
1256 2624 1321 2678 sit
1345 2624 1456 2688 tibi,
1477 2624 1558 2678 vis:
1579 2623 1651 2677 bis
1671 2639 1691 2677 :
1718 2623 1762 2675 si
1788 2623 1940 2676 inter-

374 2728 580 2788 rogatus
609 2718 787 2786 fueris,
817 2718 866 2770 in
893 2717 1084 2770 breuem
1126 2733 1372 2770 summam
1400 2716 1574 2786 paucis
1599 2716 1755 2768 multa
1777 2716 1944 2784 redige

377 2807 534 2878 (Ibid.
558 2808 646 2861 52.
676 2807 760 2862 i0.
797 2807 908 2878 Η).
945 2807 1128 2876 Magna
1155 2806 1296 2862 enim
1328 2806 1785 2860 animadversione
1810 2819 1943 2875 opus

374 2911 483 2968 est,
519 2909 573 2954 ut
613 2901 802 2970 lingua:
851 2907 1111 2968 potestate
1136 2908 1288 2953 caute
1331 2906 1387 2958 et.
1422 2911 1609 2953 secure
1653 2896 1835 2950 utaris.
1882 2897 1946 2950 Et

375 2989 490 3045 ideo
511 2973 844 3044 rursusdixit
861 3006 874 3040 :
894 2989 984 3043 Est
1009 2990 1344 3059 reprehensio,
1366 2998 1412 3041 et
1432 3005 1530 3041 non
1545 2998 1616 3040 cst
1637 2986 1944 3056 tempestiva:

371 3093 415 3135 et
459 3091 526 3133 est
554 3092 719 3134 tacens
747 3079 946 3150 aliquis,
974 3081 1060 3148 qui
1098 3081 1342 3134 inuenitur
1382 3079 1582 3148 sapiens
1612 3077 1629 3148 (
1661 3077 1799 3132 Ibid.
1857 3077 1941 3132 19.

371 3171 459 3226 28.
487 3169 576 3226 20.
609 3171 642 3225 5
665 3171 705 3242 ).
749 3172 862 3226 Non
907 3173 1074 3225 solum
1114 3171 1254 3225 enim
1281 3179 1492 3240 oportet
1521 3179 1694 3224 tacere
1718 3178 1770 3224 et
1801 3168 1943 3235 loqui

373 3272 693 3331 opportune,
738 3261 830 3315 sed
877 3263 1034 3316 etiam
1075 3277 1194 3316 cum
1238 3275 1424 3330 magna
1471 3259 1657 3329 gratia.
1688 3259 1944 3325 Quocirca

372 3352 583 3407 dicebat
605 3353 798 3406 Paulus
817 3394 830 3416 ,
859 3354 1038 3407 Sermo
1067 3362 1222 3405 vester
1246 3351 1309 3404 sit
1345 3366 1539 3419 semper
1563 3351 1614 3402 in
1641 3351 1805 3418 gratia
1839 3349 1946 3404 sale

371 3444 626 3509 conditus,
665 3452 717 3495 ut
741 3444 914 3499 sciatis
935 3443 1180 3512 quomodo
1209 3450 1434 3510 oporteat
1464 3455 1547 3494 uos
1571 3439 1624 3494 in
1650 3455 1945 3510 unoquoque

377 3533 679 3601 respondere
707 3532 921 3600 (Coloss.
951 3534 1003 3587 4.
1023 3533 1099 3601 6).

445 3623 668 3679 Maxime
697 3634 898 3694 propter
930 3623 1232 3691 sacri/icium
1257 3623 1480 3693 corporis
1521 3621 1726 3676 Domini
1771 3621 1950 3692 lingua

373 3726 545 3771 sancta
593 3731 698 3770 esse
741 3713 1165 3782 debet.——Cogita
1199 3713 1299 3767 hoc
1323 3716 1439 3768 eSse
1469 3714 1762 3768 membrum
1789 3753 1804 3776 ,
1848 3727 1944 3781 per

373 3805 513 3880 quod
538 3823 656 3863 cum
685 3808 794 3862 Deo
820 3806 1190 3874 colloquimur,
1215 3819 1310 3873 per
1335 3803 1475 3873 quod
1498 3804 1678 3858 laudes
1699 3803 1942 3872 celebras

376 3915 512 3954 mus.
543 3899 650 3954 Hoc
680 3907 762 3954 est
791 3897 1088 3951 membrum
1108 3936 1124 3961 ,
1151 3909 1246 3963 per
1271 3893 1412 3962 quod
1439 3892 1760 3947 horrendum
1787 3893 1946 3946 sacri-

376 3973 549 4043 ﬁcium
571 3988 907 4058 suscipimus.
929 3985 1111 4039 Sciunt
1132 3983 1314 4038 lideles
1339 3981 1480 4052 quod
1500 3981 1709 4035 dicitur.
1733 3982 1801 4038 Et
1825 3981 1946 4034 ideo

373 4089 584 4150 oportet
611 4077 659 4133 id
690 4093 809 4134 esse
839 4078 1063 4133 liberum
1093 4075 1160 4130 ab
1185 4073 1328 4128 etuui
1369 4073 1728 4140 accusatione,
1773 4073 1944 4128 male-

373 4171 535 4236 dicto,
562 4167 725 4224 Verbo
750 4169 1002 4224 obscmno
1024 4204 1040 4234 ,
1071 4174 1124 4220 et
1163 4164 1451 4223 calumnia.
1476 4164 1544 4217 Et
1568 4163 1611 4217 si
1641 4178 1740 4217 nos
1768 4163 1944 4232 aliqua

375 4262 565 4316 lasciva
592 4272 644 4316 et
672 4259 932 4329 impudica
961 4256 1212 4327 cogitatio
1233 4261 1433 4324 urgeat,
1465 4269 1529 4308 ea
1550 4253 1689 4308 intus
1723 4262 1808 4310 est
1827 4253 1948 4307 suf-t

377 4337 618 4415 focamia,
660 4365 757 4404 nec
785 4347 1195 4419 permittendum
1227 4355 1282 4400 ut
1314 4345 1365 4398 in
1394 4346 1554 4400 verba
1579 4351 1735 4398 exeat
1761 4361 1775 4396 :
1804 4351 1860 4398 et
1896 4345 1942 4398 si

375 4450 684 4509 exasperato
695 4437 869 4494 animo
883 4438 924 4492 ft:
935 4443 1066 4493 raris
1083 4437 1146 4492 ad
1163 4435 1541 4504 erumpendum
1559 4435 1608 4489 iu
1623 4435 1942 4501 simultates,

295 4557 304 4564 ι
379 4532 463 4584 illa
493 4545 701 4600 quoque
733 4529 876 4582 radix
921 4536 1003 4582 est.
1048 4525 1383 4591 essiccanda,
1411 4526 1603 4580 ostium
1645 4534 1728 4580 est
1765 4533 1942 4579 custos

376 4619 628 4673 diendum
659 4628 714 4673 et
751 4627 994 4673 accurate
1018 4615 1407 4672 observandum
1445 4615 1518 4685 (a)
1551 4631 1564 4666 :
1602 4629 1700 4668 nec
1729 4614 1944 4682 permit-

438 4729 510 4791 (α)
549 4736 594 4778 tn
618 4735 777 4776 Grarco
800 4741 813 4777 ε
841 4735 914 4779 Ida
940 4739 1149 4791 μεροψνκὴ
1169 4753 1222 4784 τις
1244 4734 1502 4776 ἄποδνσπιταν
1524 4751 1567 4775 σι
1587 4735 1856 4788 ιαμσιωάζιδ
1883 4736 1946 4776 ιιι

375 4803 507 4850 ταίην
527 4801 767 4852 ὀνῶηρεὶκιν
787 4803 852 4848 τήν
873 4801 973 4850 ῥίζαν
989 4829 1001 4852 ,
1030 4801 1089 4838 ια).
1109 4800 1250 4852 ἀαγῲῆ
1288 4801 1353 4847 τὴν
1387 4799 1492 4848 αὔραν
1514 4795 1626 4850 ilus,
1647 4798 1859 4852 ld_ilft6ﬁ
1878 4801 1944 4847 τὴν

375 4847 546 4913 wine».
571 4847 654 4899 me
677 4847 1022 4913 tottgeerravit
1045 4847 1321 4913 Δδεξειίὶειηιις)
1344 4847 1618 4913 _ttervetu_s,
1641 4847 1724 4913 qui
1741 4847 1808 4896 sic
1825 4860 1944 4913 con-

377 4906 525 4973 icrti't
547 4926 559 4960 :
587 4917 640 4961 Et
659 4909 701 4973 si
735 4906 932 4973 pusillus
955 4916 998 4959 et
1022 4909 1251 4958 demissus
1273 4909 1460 4958 animus
1481 4906 1688 4973 facit,__tit
1705 4906 1835 4968 loqui
1849 4920 1942 4973 non

376 4971 576 5030 audeas,
600 4971 685 5020 sed
707 4967 838 5033 apud
873 4978 917 5019 te
933 4983 1216 5033 murmures,
1241 4983 1298 5018 ea
1319 4981 1501 5033 quoque
1527 4967 1678 5016 radix
1695 4967 1770 5016 est
1782 4967 1941 5017 exsic-

375 5034 550 5082 cauda.
580 5038 696 5094 Tuta
716 5029 776 5081 sit
796 5039 950 5094 porta,
969 5036 1014 5080 et
1036 5031 1244 5094 perfecta
1265 5029 1496 5078 custodia.
1522 5035 1714 5094 tu_voce
1743 5041 1940 5094 nempe,

376 5108 618 5156 μαροᾷυχῖι,
642 5087 808 5156 lapsus
825 5099 918 5149 est,
940 5087 1062 5156 quae
1084 5087 1182 5156 fuit
1198 5097 1464 5152 perpetuus
1499 5087 1768 5156 multorum
1794 5087 1944 5156 inter;

377 5149 567 5216 prelum
591 5149 832 5216 scopulus.
854 5159 930 5216 Est.
969 5149 1095 5200 enim
1137 5149 1231 5216 hic,
1255 5149 1497 5216 ,_
1514 5163 1609 5198 non
1633 5149 1942 5216 pusillanimi-

375 5211 466 5273 tas,
492 5228 584 5263 non
601 5211 839 5263 demissus
855 5214 1058 5273 animus,
1078 5213 1204 5272 quod
1221 5211 1434 5273 quidem,
1459 5213 1500 5259 si
1520 5211 1942 5273 nominisretymon

374 5271 588 5336 spectes,
616 5290 672 5324 ca
695 5288 814 5322 voce
837 5271 1152 5335 signiﬁcatur;
1176 5271 1261 5320 sed
1294 5271 1382 5332 hoc
1416 5273 1519 5321 loco
1545 5276 1596 5319 et
1615 5272 1794 5378 passim
1807 5271 1943 5332 apud

376 5343 542 5378 patres
577 5333 812 5378 signiﬁcat
845 5335 1052 5378 animum
1095 5339 1448 5378 exasueratmn.
1489 5333 1610 5378 simu
1633 5338 1798 5378 tatem.
1846 5345 1942 5378 non

376 5333 542 5384 Patres
577 5333 812 5396 signiﬁcat
845 5333 1052 5396 adimunt
1095 5339 1448 5396 exasperatum,
1489 5333 1798 5396 simultatem,
1846 5345 1942 5382 non

374 5397 572 5459 quidem
593 5392 800 5445 animum
821 5395 902 5456 qui
928 5393 1057 5454 loqui
1090 5405 1186 5459 non
1226 5392 1400 5459 audeat
1421 5400 1479 5459 et
1498 5393 1622 5459 apud
1645 5405 1942 5459 soluturum-

374 5453 470 5514 ἰοὶ,
489 5467 544 5506 ut.
568 5459 714 5506 vertit
749 5453 1030 5512 Geduauus;
1057 5453 1143 5502 sed
1166 5454 1246 5514 qui
1271 5453 1328 5500 ad
1354 5453 1539 5513 publica
1559 5453 1772 5512 dissidia,
1801 5461 1853 5502 et.
1874 5454 1944 5502 si-

375 5513 604 5567 multates
623 5517 849 5572 concitet,
877 5517 974 5568 imo,
994 5515 1095 5575 ipsa
1116 5513 1325 5575 disSidia,
1350 5515 1566 5575 divortia,
1591 5516 1728 5572 rixa},
1756 5515 1942 5575 publica

373 5579 498 5634 odia,
524 5592 757 5642 pssime,
803 5574 1048 5642 vocantur.
1090 5582 1217 5642 Haec.
1237 5574 1338 5642 vult
1361 5574 1553 5622 dissidla
1588 5582 1638 5622 et
1669 5574 1941 5642 odia-chry-

373 5636 610 5688 snstomus
631 5636 788 5687 Statim
821 5639 959 5689 obrui
1001 5644 1053 5686 et
1093 5636 1368 5696 exstingui,
1397 5649 1464 5686 ne
1503 5643 1755 5696 erumpant
1795 5636 1938 5685 foras.

375 5700 490 5748 Vide
521 5701 848 5751 onomasticon
883 5709 1094 5750 nostrum
1137 5699 1194 5748 ad
1231 5707 1382 5760 Opera
1422 5699 1664 5748 Athanasii
1704 5697 1752 5744 in
1789 5710 1937 5758 voce,

374 5773 596 5824 rth-

1475 337 1826 398 EXPOSITIO
1865 337 1926 393 IN
1967 331 2284 396 PSALMUM
2325 339 2481 396 CXL.
3497 351 3603 410 ,ιη

2033 456 2250 509 tendum
2279 463 2392 538 est,
2426 465 2482 509 ut
2528 456 2668 511 intus
2693 457 2830 512 mala
2855 458 3074 514 consilia
3119 469 3389 531 paruantdr
3416 481 3429 517 :
3462 474 3516 518 et
3555 467 3601 519 si

2034 548 2341 614 pariuntur,
2372 555 2586 620 casunt
2611 547 2754 602 intus
2780 548 3084 604 sutTocauda
3107 593 3122 618 ,
3153 561 3308 607 etest
3335 554 3484 610 radis
3513 557 3602 610 eo;-

2029 647 2144 690 rutn
2172 639 2505 692 esslcCanda.

2129 747 2181 802 5.
2241 739 2386 806 lianc
2438 743 2619 804 habuit
2669 751 2768 807 Job
2819 746 3158 819 custodiam,
3202 763 3256 808 et
3312 754 3432 810 ideo
3479 755 3602 810 nui-

2031 837 2138 892 lum
2189 840 2408 894 verbum
2467 841 2842 896 inconcinnum
2908 843 3164 912 protulit,
3213 843 3306 900 sed
3375 848 3604 900 maxima

2032 929 2242 998 quidem
2273 947 2338 985 ex
2383 941 2529 1000 parte
2583 934 2743 987 tacuit
2776 953 2788 986 :
2818 935 3030 1004 quando
3073 945 3247 990 autem
3293 923 3412 991 eum
3464 937 3607 1008 loqui

2032 1035 2150 1074 cum
2181 1031 2344 1076 uxOre
2387 1023 2657 1092 oportuit,
2715 1023 2960 1100 loquutus
2999 1035 3082 1080 est
3129 1021 3284 1080 rurba
3335 1026 3608 1096 sapientia:

2033 1110 2209 1178 plena.
2250 1109 2381 1164 Tum
2426 1109 2638 1166 demum
2701 1115 2842 1167 enim
2883 1114 3053 1168 solum
3126 1115 3443 1185 laquendum
3491 1126 3608 1186 est,

2035 1201 2246 1271 quando
2273 1220 2389 1272 qua:
2415 1201 2681 1270 dicuntur,
2728 1203 2843 1274 plus
2870 1215 3088 1274 prosunt
3113 1205 3269 1276 quam
3316 1207 3607 1264 silentium.

2034 1291 2288 1359 Quocirca
2339 1293 2580 1349 Christus
2624 1311 2831 1365 quoque
2875 1295 3080 1350 dicebat
3136 1315 3148 1350 :
3205 1295 3364 1351 Omne
3410 1299 3612 1351 uerbum

2035 1384 2269 1449 otiosum,
2302 1383 2438 1452 quod
2478 1383 2666 1454 loquuti
2711 1385 2896 1456 fuerint
2926 1387 3169 1454 homines,
3202 1387 3389 1442 dabunt
3437 1407 3529 1460 pro
3555 1407 3612 1444 co

2036 1475 2279 1526 rationem
2301 1467 2605 1540 (Matt/Mi.
2631 1473 2742 1546 56).
2799 1476 2862 1530 Et
2890 1477 3116 1543 Paulus,
3147 1475 3327 1532 Sermo
3357 1475 3612 1532 obsecrans

2039 1579 2102 1616 ea:
2147 1575 2232 1615 ore
2265 1571 2420 1616 uestro
2448 1579 2546 1617 non
2586 1566 2790 1632 prodeat
2836 1565 3046 1638 (Epltes.
3078 1567 3136 1620 4.
3181 1567 3291 1640 29).
3335 1569 3612 1636 Quomodo

2038 1661 2213 1706 autem
2246 1651 2402 1730 fuerit
2447 1663 2552 1707 tuta
2585 1653 2698 1708 haec
2721 1655 2882 1726 janua
2903 1655 2930 1723 ,'
2959 1664 3012 1710 et
3056 1669 3300 1712 accurata
3341 1640 3610 1728 custodia,

2037 1745 2160 1799 audi
2187 1745 2346 1800 alium
2378 1746 2640 1802 dicentem
2673 1766 2686 1802 :
2723 1747 2896 1803 Omnis
2935 1747 3157 1804 narratio
3187 1762 3274 1804 tua
3309 1753 3372 1805 sit
3413 1755 3463 1806 in
3510 1755 3613 1822 lege

2041 1833 2284 1888 Altissimi
2310 1833 2494 1904 (Eccli.
2523 1831 2578 1891 9.
2609 1838 2721 1908 25).
2761 1839 2813 1893 Si
2857 1841 2994 1892 enim
3023 1840 3268 1895 didiceris
3315 1839 3444 1898 nihil
3472 1825 3612 1912 loqui

2040 1937 2516 1993 supervacaneum,
2544 1927 2634 1982 sed
2666 1927 2958 1982 divinarum
2998 1927 3389 1999 Scripturartzm
3431 1947 3615 1984 nan-a-
3685 1952 3690 1958 -

2039 2013 2185 2068 tione
2211 2025 2437 2070 mentem
2469 2027 2522 2070 et
2550 2031 2610 2070 os
2641 2025 2784 2070 tuum
2815 2027 3070 2087 perpetuo
3097 2017 3336 2086 manias,
3363 2019 3465 2072 erit
3493 2035 3615 2074 cus-

2043 2106 2182 2159 todia
2222 2108 2408 2176 quovis
2453 2107 2732 2164 adamante
2775 2110 2954 2164 tutior.
2999 2110 3100 2164 Per
3151 2127 3213 2166 os
3242 2112 3382 2166 enim
3437 2095 3616 2164 milite

2041 2206 2165 2251 sunt
2209 2199 2310 2252 via:
2355 2199 2619 2262 interitus,
2652 2209 2708 2253 ut
2737 2197 2946 2270 quando
2992 2201 3108 2270 quis
3150 2202 3400 2256 obscaena
3452 2201 3615 2280 verba

2041 2277 2293 2358 loquitur,
2341 2289 2550 2359 quando
2598 2291 2774 2344 verbis
2815 2288 3123 2345 settrrilibus
3173 2291 3356 2358 utitur,
3405 2277 3614 2362 quando

2043 2393 2229 2433 vanam
2255 2397 2361 2450 pm:
2386 2394 2444 2434 se
2471 2379 2561 2433 fert
2585 2382 2828 2450 gloriam,
2853 2381 3062 2452 quando
3082 2397 3140 2436 se
3163 2381 3436 2452 magniﬁce
3451 2381 3616 2450 jactat

2043 2479 2096 2523 et
2114 2469 2383 2537 gloriatur,
2407 2479 2464 2523 ut
2490 2469 2788 2526 Pharisams
2811 2513 2824 2535 ,
2857 2473 2943 2542 qui
2974 2473 3222 2542 quoniam
3250 2471 3328 2526 oui
3352 2487 3447 2526 suo
3475 2469 3616 2526 fores

2045 2567 2150 2613 non
2180 2560 2378 2614 obdidit
2402 2602 2417 2628 ,
2463 2563 2639 2631 paucis
2683 2561 2857 2616 verbis
2894 2571 3236 2632 quaecumque
3258 2571 3408 2617 erant
3437 2563 3577 2616 intus
3597 2603 3614 2629 ,

2045 2649 2206 2705 effusa
2232 2659 2354 2705 sunt
2382 2669 2394 2704 :
2429 2652 2625 2707 idcirco
2651 2653 3088 2722 quemadmodum
3116 2655 3302 2708 domus
3331 2657 3414 2710 cui
3461 2649 3620 2708 nulla:

2046 2753 2226 2798 essent
2267 2743 2430 2809 fores,
2461 2747 2579 2814 quia
2624 2745 2926 2800 thesaurum
2957 2746 3044 2816 qui
3073 2747 3272 2816 positus
3301 2755 3415 2799 erat
3453 2746 3614 2807 intus,

2045 2843 2362 2891 conservare
2392 2851 2496 2890 non
2537 2838 2738 2906 potuit,
2782 2846 2999 2906 repente
3047 2849 3266 2906 pauper
3296 2833 3468 2890 factus
3515 2841 3616 2890 est.

2045 2926 2334 2980 Considera
2357 2925 2483 2980 mihi
2516 2939 2724 2996 qumque
2754 2928 2914 2981 alium
2937 2969 2951 2990 ,
2982 2927 3071 2996 qui
3099 2933 3314 2997 propter
3343 2915 3626 2996 magniﬁca'

2045 3027 2139 3072 sua
2167 3017 2326 3070 verba
2351 3017 2592 3072 similiter
2613 3019 2784 3087 periit.
2821 3017 2958 3072 Dixit
2995 3020 3134 3072 enim
3155 3057 3172 3084 ,
3199 3019 3368 3088 inquit
3389 3057 3405 3084 ,
3447 3011 3628 3086 Super"
3681 3029 3684 3032 ‘

2045 3117 2184 3162 astra
2234 3109 2346 3162 cadi
2373 3123 2556 3178 ponam
2590 3099 2756 3163 sedent
2796 3123 2958 3164 meum
2986 3109 3134 3181 (Isai.
3178 3109 3264 3164 Μ.
3296 3109 3408 3181 l5).
3450 3109 3618 3166 Juda-i

2047 3207 2222 3255 autem
2247 3201 2366 3269 quia
2398 3200 2624 3270 proximi
2647 3201 2800 3255 malis
2827 3201 3090 3268 laetantur,
3113 3215 3254 3257 nunc
3277 3201 3488 3271 quidem
3518 3217 3617 3254 au-

2047 3289 2197 3344 diunt
2227 3307 2240 3342 :
2273 3291 2404 3356 Quia
2429 3291 2630 3356 dixisti,
2660 3290 2833 3364 Euge,
2866 3297 3029 3364 [actus
3056 3303 3128 3347 est
3171 3302 3226 3346 ut
3262 3293 3466 3361 reliquie
3492 3300 3626 3362 gen:

2048 3392 2118 3437 tes
2140 3381 2344 3437 Israel:
2372 3393 2511 3438 nunc
2536 3393 2710 3440 autem
2736 3385 2941 3454 probris
2959 3387 3308 3450 incessantur,
3338 3395 3614 3456 propterea

2046 3474 2186 3544 quod
2231 3483 2594 3542 murmurant,
2618 3485 2670 3530 et
2698 3476 2912 3543 dicunt,
2949 3479 3123 3532 Omnis
3145 3480 3230 3548 qui
3259 3479 3378 3550 facit
3407 3477 3632 3540 malum,

2046 3565 2228 3619 bonum
2264 3581 2434 3620 coram
2484 3565 2734 3630 Domino,
2762 3567 2869 3637 ipse
2896 3583 3088 3639 quoque
3120 3569 3172 3621 in
3204 3570 3272 3622 eis
3292 3567 3613 3637 complacuit.

2046 3655 2115 3710 Et
2142 3671 2231 3713 nos
2257 3660 2447 3712 alienos
2471 3660 2660 3713 beatos
2686 3659 2934 3728 ducimus,
2962 3670 3009 3714 et
3032 3659 3404 3728 rewdl/icatitur
3422 3663 3506 3729 qui
3535 3659 3618 3728 [a-

2045 3748 2183 3800 eiunt
2221 3750 2428 3803 scelera.
2490 3743 2608 3803 Non
2669 3761 2780 3804 ecce
2827 3752 2932 3804 lucc
2985 3752 3172 3819 scripta
3225 3761 3338 3805 sunt
3388 3751 3439 3804 in
3492 3749 3618 3803 libro

2047 3838 2300 3906 (Malaclt.
2349 3837 2520 3892 2.17.
2557 3849 2604 3893 et
2645 3841 2699 3893 '5.
2744 3839 2870 3910 15)?
2916 3837 3015 3894 Alii
3058 3853 3272 3910 propter
3319 3845 3616 3894 murmura-

2047 3929 2280 3994 tionem,
2324 3933 2382 3982 ιιι
2430 3929 2556 3982 dicit
2599 3927 2819 3983 Paulus:
2877 3929 3054 3998 Neque
3104 3947 3467 3986 murmuremns
3493 3934 3618 3984 sicut

2047 4017 2278 4071 nonnulli
2321 4029 2492 4070 eorum
2518 4029 2894 4071 murumrartmt
2913 4061 2927 4085 ,
2958 4030 3004 4072 et
3026 4021 3275 4088 perierunt
3300 4021 3360 4074 ab
3387 4023 3618 4076 extermi-

2047 4111 2221 4161 nntore
2251 4109 2338 4178 (l.
2383 4103 2501 4162 Cor.
2549 4107 2634 4163 10.
2665 4107 2786 4178 ιθ).
2828 4105 2894 4164 Et
2929 4109 3140 4179 quando
3188 4113 3615 4167 murmuraruut‘!

2047 4197 2266 4263 Quando
2291 4195 2818 4253 dicebant:Eduxisti
2845 4213 2934 4252 nos
2969 4209 3021 4252 ut
3047 4201 3295 4255 otcidere’s
3323 4203 3370 4254 in
3401 4203 3611 4266 deserto,

2047 4285 2188 4356 quasi
2211 4301 2311 4340 non
2336 4296 2496 4340 essent
2521 4295 2838 4340 monumenta
2858 4290 2909 4341 in
2937 4283 3163 4361 Egypta
3181 4288 3370 4362 (Exod.
3395 4291 3478 4344 Μ.
3506 4291 3611 4361 Η).
3635 4277 3642 4286 ’

2047 4378 2152 4434 Alii
2192 4387 2408 4450 propter
2433 4378 2647 4446 ludum,
2672 4379 3117 4450 quemadmodum
3162 4382 3323 4447 dicit,
3377 4365 3646 4436 Comede-i

2045 4481 2169 4525 runt
2191 4482 2234 4524 et
2256 4473 2513 4538 biberunt,
2559 4481 2604 4525 et
2645 4479 2964 4527 surrexerunt
3004 4473 3071 4526 ad
3108 4471 3380 4527 ludendum
3427 4463 3638 4542 (ιῖίεοιί.τ

2049 4565 2146 4618 32.
2171 4563 2244 4632 6).
2295 4563 2394 4616 Alii
2425 4573 2642 4634 propter
2671 4563 2973 4619 maledicta.
3019 4562 3196 4618 Omnis
3224 4567 3352 4618 enim
3389 4567 3475 4634 qui
3500 4563 3622 4620 dicit

2049 4653 2198 4722 fratri
2227 4669 2316 4706 suo
2337 4694 2351 4716 ,
2379 4653 2578 4718 Fatue,
2611 4670 2725 4707 reus
2748 4655 2839 4707 erit
2857 4655 3054 4724 judicio
3077 4655 3284 4728 (Matth.
3314 4655 3368 4710 5.
3408 4653 3523 4725 2’2).
3557 4639 3642 4708 Et:

2049 4745 2134 4798 his
2178 4744 2332 4813 longe
2381 4743 2561 4812 plures
2605 4753 2822 4813 propter
2865 4743 2964 4798 alia
3015 4743 3305 4814 perierunt,
3353 4749 3472 4800 cum
3510 4745 3614 4798 non

2047 4835 2418 4892 custodiissent
2440 4847 2534 4889 ora
2563 4849 2677 4889 sua.
3623 4833 3628 4838 ’

2119 4933 2324 4988 Silentii
2345 4931 2671 5002 intempestivi
2694 4934 2919 4998 uratum;
2942 4933 3135 5006 «(ﬁlictis
3160 4932 3618 4988 condolendum.-—

2047 5022 2196 5090 Quod
2226 5023 2272 5078 si
2293 5024 2372 5078 vis
2398 5021 2580 5079 videre
2621 5021 2904 5080 nonnullos
2929 5025 3088 5080 etiam
3127 5028 3300 5095 perire
3325 5032 3389 5080 ex
3431 5026 3644 5100 intem-_

2049 5115 2254 5184 pestivo
2283 5115 2492 5169 silentio
2513 5157 2528 5181 ,
2560 5129 2658 5184 ego
2688 5115 2781 5170 tibi
2810 5115 3106 5171 ostendam.
3137 5114 3196 5170 Si
3222 5114 3361 5168 enim
3383 5153 3396 5175 ,
3425 5112 3613 5181 inquit,

2051 5205 2236 5274 populo
2264 5221 2361 5258 non
2383 5205 2688 5271 distinxeris,
2711 5205 2800 5259 ille
2824 5207 3024 5270 quidem
3068 5205 3305 5258 morietur
3331 5203 3383 5254 in
3414 5211 3622 5271 peccato

2046 5311 2158 5359 suo,
2177 5295 2469 5364 sanguinem
2490 5303 2654 5348 autem
2675 5297 2782 5366 ejus
2802 5311 2828 5348 e
2854 5311 3006 5348 manu
3027 5304 3110 5346 tua
3131 5293 3379 5362 requiram
3406 5291 3613 5362 (Ezeclt.

2048 5385 2100 5438 '5.
2121 5385 2237 5452 20).
2268 5386 2417 5438 Alius
2438 5425 2451 5449 ,
2483 5385 2621 5454 quod
2653 5386 2797 5440 nullo
2828 5385 3007 5440 habito
3035 5383 3341 5438 discrimine
3369 5381 3616 5450 laquatur
3647 5389 3650 5392 '

2047 5491 2166 5530 cum
2195 5475 2458 5544 aliquibus
2477 5519 2490 5541 ,
2514 5486 2567 5530 et
2593 5492 2709 5546 qua:
2738 5477 2834 5530 sibi
2856 5475 3053 5528 credita
3075 5483 3197 5530 sunt
3224 5471 3462 5527 effundit.
3497 5469 3613 5525 No-

2051 5566 2136 5620 lite
2155 5609 2168 5632 ,
2201 5567 2405 5635 inquit,
2429 5567 2552 5621 dare
2575 5578 2749 5620 sancta
2773 5565 2998 5631 canibus,
3025 5583 3115 5620 nec
3153 5566 3383 5636 projicite
3408 5583 3615 5636 marga-

2047 5669 2170 5711 rttas
2196 5670 2378 5716 uestras
2405 5669 2520 5714 ante
2553 5675 2730 5726 porcos
2763 5657 2972 5727 (Matth.
3019 5658 3071 5711 7.
3101 5658 3178 5727 6).
3213 5657 3360 5712 Alius
3403 5667 3616 5726 pr0pter
3645 5663 3650 5666 '

2053 5751 2250 5818 rismu,
2274 5759 2325 5804 ct
2367 5750 2486 5806 ideo
2515 5750 2680 5806 dicit:
2719 5751 2807 5806 Vte
2831 5752 2965 5806 vobis
3003 5752 3086 5820 qui
3131 5749 3327 5815 ridetis,
3379 5731 3654 5816 quoniaml
