4070 6214
434 265 540 323 655

436 377 620 449 ﬂebitis
648 376 795 448 (Luc.
825 374 878 430 6.
900 373 1018 438 25).
1046 371 1234 440 Vidisti
1256 368 1522 442 quomodo
1545 384 1607 425 os
1634 369 1855 440 perdat?
1888 367 2020 423 Vide

436 470 597 525 etiam
646 477 828 526 contra
879 464 1148 537 quomodo
1176 479 1238 518 os
1262 472 1560 518 conservet.
1601 462 1788 517 Vidisti
1837 461 2024 517 Phari-

439 574 604 614 smum
655 573 750 628 per
778 543 950 628 ipsum
980 555 1332 627 pereuntem?
1375 554 1501 608 Vide
1543 554 1880 623 publicanum
1927 569 2022 623 per

440 649 614 716 ipsum
651 655 1048 702 conservatum.
1101 644 1287 699 Vidisti
1317 644 1603 714 gloriosum
1653 658 1716 698 ac
1759 645 2021 714 magnilo-

437 744 603 808 tputm
649 739 932 794 barbarum
960 751 1146 808 poenas
1195 735 1451 790 dantem?
1484 733 1615 790 Vide
1653 732 1854 804 justum
1903 749 2021 788 mo-

445 831 632 886 derate
659 830 965 900 loquentem
985 838 1041 883 et
1061 828 1352 890 dicentem,
1389 825 1495 896 Ego
1516 842 1628 880 sum
1659 834 1791 879 terra
1829 835 1874 877 et
1895 825 2024 879 cinis

442 921 592 991 (Gen.
626 922 712 978 18.
766 923 881 994 27).
911 919 1100 974 Vidisti
1147 933 1270 973 eum
1300 918 1388 986 qui
1433 917 1639 971 ltetatur
1677 924 1732 970 et
1773 915 2020 980 insultat,

443 1011 756 1084 reprehendi
783 1021 836 1066 et
877 1009 1082 1080 puniri?
1111 1006 1240 1061 Vide
1269 1022 1390 1060 eum
1432 1005 1522 1076 qui
1565 1005 1866 1070 miseretur,
1909 1017 2025 1058 ser-

438 1105 572 1158 vari.
602 1101 685 1157 Da
705 1103 847 1159 enim
870 1142 887 1169 ,
919 1100 1120 1171 inquit,
1142 1102 1342 1172 signum
1369 1115 1523 1168 super
1549 1097 1713 1151 vultus
1737 1113 1911 1151 eorum
1937 1095 2022 1165 qui

439 1197 610 1266 lugent
636 1204 682 1248 et
712 1211 930 1248 nutet-ore
953 1193 1238 1263 aﬂiciuntur
1276 1190 1502 1264 (Ezech.
1534 1189 1589 1246 9.
1641 1190 1718 1259 4).
1765 1189 2020 1257 Quocirca

441 1289 638 1342 Paulus
662 1303 874 1359 quoque
900 1285 1143 1351 dicebat,
1185 1283 1417 1338 Gaudere
1457 1300 1570 1336 cum
1600 1281 1947 1352 gaudentibus,
1977 1289 2025 1334 et

439 1381 560 1449 ﬂere
578 1396 693 1433 cunt
707 1378 937 1449 ﬂentibus
962 1377 1136 1451 (Rom.
1167 1366 1250 1444 i2.
1283 1374 1394 1443 15).
1419 1373 1475 1428 Si
1501 1371 1655 1439 nihil,
1675 1372 1862 1440 inquit,
1882 1371 2022 1424 aliud

443 1479 593 1540 potes
615 1512 628 1537 ,
657 1485 762 1525 non
788 1485 974 1540 parum
999 1468 1047 1522 ei
1079 1467 1168 1538 qui
1193 1465 1378 1520 dolore
1409 1463 1655 1527 alﬁcitur,
1689 1461 1954 1526 conferes,
1978 1459 2025 1514 si

441 1577 544 1616 una
573 1576 694 1616 cum
720 1575 786 1616 eo
819 1559 935 1632 ejus
963 1560 1132 1614 vicem
1169 1557 1370 1612 doleas.
1393 1554 1584 1610 Vidisti
1617 1569 1739 1608 eum
1768 1552 1857 1622 qui
1883 1552 2024 1606 ride-

442 1654 535 1708 bat.
554 1695 569 1718 ,
603 1653 748 1707 tletui
773 1667 895 1707 esse
926 1650 1214 1705 traditum?
1251 1648 1382 1704 Vide
1410 1661 1532 1702 eum
1561 1647 1651 1718 qui
1679 1645 1816 1715 luget
1835 1685 1851 1708 ,
1881 1659 2027 1699 asse-

442 1756 662 1816 quutum
692 1758 811 1799 esse
840 1743 1279 1798 consolationem.
1326 1739 1473 1795 Beati
1499 1739 1642 1794 enim
1687 1739 1774 1807 qui
1820 1737 2020 1808 lugent,

443 1836 646 1906 inquit,
677 1835 917 1906 quoniam
955 1834 1054 1905 ipsi
1092 1832 1484 1887 consolationem
1522 1830 1767 1900 accipient
1809 1827 2022 1898 (Matth.

443 1927 495 1982 5.
528 1925 604 1999 5).
635 1924 823 1980 Vidisti
849 1939 942 1980 eos
971 1925 1056 1996 qui
1100 1931 1463 1988 murmurant,
1492 1921 1738 1992 punitos?
1767 1919 1900 1976 Vide
1929 1933 2024 1976 eos

443 2019 530 2089 qui
557 2017 754 2088 gratias
779 2026 974 2089 agunt,
1021 2025 1280 2072 servatos.
1309 2013 1605 2069 Benedictus
1650 2029 1733 2079 es,
1786 2010 2022 2078 Domine,

445 2120 493 2162 et
520 2095 777 2164 laudabile
822 2127 1002 2164 nomen
1043 2118 1185 2184 tuum
1209 2149 1224 2172 ,
1277 2108 1514 2178 quoniam
1545 2107 1722 2176 justus
1749 2121 1803 2160 es
1829 2105 1882 2159 in
1909 2121 2023 2159 om-

443 2200 610 2268 nibus,
641 2216 753 2272 qua:
795 2201 956 2272 fecisti
1003 2200 1144 2254 nobis
1189 2197 1349 2270 (Dan.
1377 2198 1428 2252 5.
1478 2196 1570 2250 26.
1613 2195 1728 2266 27).
1761 2195 1829 2249 Ει
1867 2195 2026 2265 paulo

445 2301 595 2362 post,
628 2290 815 2347 Omnia
841 2308 1163 2364 quacumque
1186 2290 1431 2346 induxisti
1459 2289 1600 2344 nobis
1620 2331 1634 2350 ,
1663 2289 1716 2342 in
1744 2304 1859 2343 vero
1885 2287 2025 2355 indie

441 2384 520 2438 cio
547 2383 708 2455 fecisti
737 2382 895 2454 (Ibid.
920 2400 968 2437 tt.
997 2382 1114 2452 28).
1146 2381 1222 2438 Illi
1253 2380 1499 2436 dicebant
1521 2422 1535 2446 ,
1563 2377 1746 2433 Omnis
1775 2379 1862 2448 qui
1902 2378 2025 2448 facit

443 2475 654 2542 attalum,
697 2474 880 2529 bonum
926 2489 1097 2529 coram
1139 2471 1360 2526 Domino
1405 2469 1657 2542 (Maluch.
1703 2469 1759 2525 2.
1801 2469 1889 2538 17)
1926 2488 1939 2523 :
1971 2468 2022 2524 hi

441 2573 627 2619 contra
647 2605 660 2627 ,
687 2562 910 2618 Mundus
939 2565 1114 2618 oculus
1143 2573 1286 2627 tuus,
1308 2572 1362 2616 ut
1389 2579 1487 2616 non
1509 2561 1675 2616 uideat
1697 2561 1832 2615 mala
1857 2559 2022 2630 (Μαι.

445 2658 496 2712 1.
529 2653 640 2729 15).
684 2655 761 2712 Illi
792 2657 974 2712 beatos
1001 2655 1518 2720 dicebantalienos,
1550 2653 1800 2725 quoniam
1834 2652 2024 2708 resedi-

445 2750 669 2806 tlcantur
715 2747 967 2804 facientes
993 2747 1234 2804 scelera:
1263 2747 1348 2803 hic
1385 2762 1479 2804 eos
1519 2746 1712 2817 quibus
1753 2746 1895 2802 Deus
1927 2745 2025 2802 fert

443 2855 618 2910 opem.
648 2838 832 2894 Beatus
853 2880 867 2904 ,
914 2839 1110 2908 inquit,
1140 2837 1378 2910 papulas,
1409 2839 1555 2909 cujus
1596 2835 1845 2892 Dominus
1885 2835 2026 2890 Deus

441 2933 550 3001 eius
580 2931 750 3004 (Psal.
787 2932 907 2988 115.
937 2931 1048 3001 15).
1081 2931 1148 2986 Et
1171 2947 1378 2996 rursus,
1428 2929 1554 2986 Noli
1582 2929 1810 2986 aemulari
1838 2931 1890 2984 in
1919 2946 2026 2984 ma-

445 3021 792 3096 liguuntibus:
818 3041 972 3096 neque
987 3025 1228 3080 zclaveris
1253 3024 1491 3095 facientes
1515 3024 1827 3093 iniquitatem
1849 3021 2022 3094 (Psal.

442 3118 530 3173 36.
567 3119 643 3188 1).
678 3117 862 3172 Vidisti
891 3125 1105 3173 sanctos
1128 3117 1220 3188 qui
1243 3115 1381 3171 alios
1423 3115 1792 3178 adhortantur,
1818 3123 1872 3170 ct
1923 3114 2022 3182 ipsi

445 3219 665 3264 manent
690 3209 988 3264 innuobiles
1018 3209 1069 3264 in
1101 3207 1518 3263 tentationibus?
1546 3208 1682 3264 Audi
1729 3207 1903 3277 itaque
1927 3206 2024 3262 Ja-

443 3299 544 3354 cob
585 3299 849 3356 dicentem
871 3340 886 3363 ,
911 3299 973 3354 Si
997 3298 1188 3354 dederit
1209 3297 1334 3351 mihi
1353 3296 1599 3352 Dominus
1628 3314 1810 3368 pauent
1829 3297 1898 3350 ad
1917 3314 2026 3352 vcs-

441 3391 677 3458 cendum,
704 3399 752 3445 et
778 3400 961 3446 vestem
999 3391 1068 3444 ad
1094 3391 1418 3444 induendum
1471 3388 1624 3460 (Gen.
1662 3388 1754 3444 28.
1795 3389 1910 3460 20).
1959 3389 2025 3444 Et

445 3481 731 3546 Abraham,
764 3479 883 3534 Non
907 3481 1155 3552 accipiam
1175 3497 1207 3534 a
1230 3490 1279 3536 te
1297 3496 1358 3534 ea:
1378 3480 1465 3549 ﬁlo
1489 3496 1644 3549 usque
1663 3479 1732 3533 ad
1755 3480 2028 3549 corrigiam

442 3569 768 3625 calceamenti
789 3567 938 3640 (Gen.
973 3571 1059 3626 14.
1087 3569 1201 3637 25).
1233 3569 1398 3625 Porro
1420 3568 1632 3640 quando
1651 3577 1892 3640 stuprum
1909 3577 2026 3624 erat

445 3658 596 3712 uxori
623 3657 990 3725 inferendum,
1034 3667 1086 3713 et
1125 3658 1262 3714 tame
1293 3658 1649 3728 premebatur,
1691 3657 1822 3712 nihil
1863 3672 2026 3728 grave

443 3757 536 3805 aut
575 3747 863 3807 absurdum
900 3750 1150 3826 loquutus
1197 3759 1304 3804 est.
1353 3749 1420 3804 Et
1447 3749 1660 3820 quando
1687 3748 1821 3806 dixit
1849 3749 2022 3816 (ilius.

447 3837 621 3905 Pater,
646 3856 760 3894 ecce
787 3839 925 3911 ligna
945 3850 993 3895 et
1015 3840 1202 3912 ignem,
1227 3839 1311 3894 ubi
1330 3840 1435 3895 ouis
1461 3838 1613 3911 (Gen.
1659 3840 1749 3895 22.
1784 3838 1875 3913 7)?
1904 3841 2025 3902 vide

444 3946 566 3986 cum
605 3940 798 4001 quanta
829 3929 1233 3988 mansuetudine
1259 3941 1313 3986 et
1337 3931 1596 4001 sapientia
1621 3931 1900 4001 respondet
1927 3971 1944 3998 ,
1969 3940 2027 3988 et

443 4025 609 4078 dicit:
657 4022 944 4080 Providebit
987 4023 1178 4094 sibiipsi
1195 4065 1210 4090 ,
1244 4025 1411 4094 inquit
1431 4066 1445 4089 ,
1475 4040 1616 4078 ovem
1667 4023 1823 4089 Deus,
1869 4042 1902 4079 ο
1949 4026 2026 4093 ﬁli

445 4113 606 4184 (Ibid.
638 4131 686 4169 ν.
726 4115 826 4185 8):
868 4129 1020 4170 neca
1049 4124 1267 4181 natura,
1324 4130 1424 4172 nec
1477 4131 1508 4170 a
1563 4117 2028 4172 commiseratione

444 4219 736 4260 coniversus
785 4203 852 4260 ad
899 4205 1057 4262 verba
1105 4205 1233 4272 lilii,
1281 4221 1400 4276 qua:
1426 4206 1573 4262 solus
1612 4207 1712 4262 soli
1765 4206 2024 4272 iaciebat,

443 4295 658 4365 quando
685 4305 1102 4352 consentaneum
1131 4306 1246 4352 erat
1268 4312 1504 4352 amorem
1532 4297 1898 4354 vehementius
1933 4315 2026 4355 aco

447 4389 604 4444 cendi
627 4390 664 4443 ⁸.
692 4388 770 4444 Ne
797 4389 918 4460 quis
945 4389 1087 4444 enim
1127 4389 1270 4444 dicat
1293 4404 1416 4444 eum
1444 4389 1581 4444 alios
1605 4391 1890 4446 reveritum
1919 4408 2025 4448 non

449 4481 686 4548 ﬂevisse,
716 4483 784 4537 ab
813 4481 914 4537 illis
943 4490 1180 4538 semotus
1223 4491 1277 4552 et
1305 4481 1452 4538 solus
1489 4481 1724 4537 ostendit
1765 4498 2026 4540 summam

449 4570 857 4641 philosophiam.

521 4659 576 4715 6.
617 4659 806 4716 Vidisti
834 4677 929 4716 eos
963 4664 1050 4732 qui
1080 4671 1297 4733 propter
1317 4662 1485 4720 risum
1510 4663 1747 4734 castigati
1785 4662 2029 4720 luerunt?

452 4749 587 4806 Vide
608 4766 701 4806 eos
727 4753 816 4822 qui
840 4769 934 4822 per
960 4753 1115 4810 ﬂetus
1145 4764 1198 4810 et
1217 4756 1418 4825 jejunia
1444 4765 1742 4824 servantur,
1769 4757 2030 4814 Ninivitas

448 4849 628 4895 mente
667 4843 872 4911 agitans
909 4841 1058 4912 (Jon.
1099 4845 1178 4916 3).
1211 4845 1396 4902 Vidisti
1425 4861 1518 4902 eos
1537 4847 1626 4917 qui
1667 4856 1885 4918 propter
1918 4865 2030 4904 ma-

451 4931 641 4990 ledicta
667 4933 796 4988 dant
823 4935 1051 5003 plenas?
1094 4935 1227 4991 Vide
1265 4951 1362 4992 eos
1389 4939 1477 5008 qui
1515 4947 1731 5009 propter
1772 4941 2030 4998 laudatio-

452 5041 574 5081 nem
603 5025 904 5084 merccdem
931 5027 1216 5099 accipiunt.
1238 5029 1338 5096 Qui
1361 5040 1408 5084 te
1429 5031 1693 5099 benedicit,
1713 5033 2031 5090 benedictus:

446 5128 495 5172 et
525 5119 612 5189 qui
639 5128 686 5173 te
711 5129 1017 5182 exsecratur,
1041 5121 1338 5176 ntaledictus
1374 5120 1563 5192 (Nunt.
1593 5121 1685 5178 24.
1707 5123 1784 5194 0).
1815 5124 2032 5179 Benedi-

446 5211 543 5264 cite
570 5211 636 5264 iis
673 5211 761 5280 qui
797 5226 881 5265 vos
910 5221 1276 5283 persequuntur
1312 5231 1331 5267 :
1386 5222 1524 5267 orate
1549 5230 1641 5283 pro
1689 5215 1752 5270 iis
1781 5217 1866 5284 qui
1894 5217 2030 5272 vobi.

452 5302 713 5367 insultant,
739 5312 796 5357 ut
822 5303 931 5358 sitis
967 5303 1157 5359 similes
1202 5301 1376 5358 Patris
1404 5305 1551 5359 vestri
1587 5305 1671 5376 qui
1695 5315 1769 5360 est
1813 5307 1866 5360 in
1893 5309 2040 5363 cwlts

517 5477 531 5506 '
567 5476 762 5534 Quidam
787 5483 894 5527 ηδε.
918 5479 988 5528 sic
1008 5479 1192 5531 habent
1216 5493 1229 5529 :
1263 5478 1380 5531 Vide
1397 5477 1532 5530 illum
1548 5482 2033 5533 cummanstteludine

452 5542 500 5604 et
521 5537 756 5604 sapientia
779 5544 1170 5604 respondentem;
1196 5547 1254 5604 et
1274 5541 1397 5604 illud
1421 5554 1506 5604 per
1527 5549 1625 5593 tres
1647 5543 1751 5593 dies
1774 5557 1831 5593 ac
1853 5552 2030 5600 noctes.

452 5597 503 5646 in
531 5597 701 5668 quibus
739 5597 868 5648 solus
904 5601 992 5651 soli
1029 5600 1130 5664 ﬁlio
1155 5597 1407 5655 assistebat
1421 5597 1448 5654 ’ξ
1471 5602 1540 5655 ita
1572 5610 1623 5655 ut
1653 5604 1866 5656 maxime
1888 5597 2033 5657 culmi

449 5670 586 5710 sunt»
609 5659 808 5710 viridia
830 5669 970 5712 esset.

1203 255 1260 312 S.
1299 255 1572 314 JOANNIS
1605 256 1740 314 Clit".
1755 255 2075 313 VSOSTOMI
2115 254 2430 310 ARCHIEP.
2471 255 2996 311 CONSTANTINOP.

3621 259 3729 315 436

2131 363 2341 436 (Matth.
2369 366 2421 420 5.
2443 366 2531 421 41.
2550 367 2840 436 45).ν1(1ε8
2866 366 3008 435 quod
3038 381 3208 436 neque
3233 377 3476 436 oporteat
3500 373 3727 424 omnino

2125 467 2248 509 esse
2286 455 2548 520 clausum,
2591 472 2762 526 neque
2805 465 3045 528 apertum
3087 455 3153 510 ad
3200 458 3399 524 omnia,
3441 459 3535 514 sed
3575 461 3726 514 scire

2130 546 2546 616 uniuscujusque
2568 547 2812 618 tempus?
2851 546 2977 602 llaec
3005 555 3182 602 autem
3211 563 3332 602 cum
3380 549 3542 604 sciret
3587 567 3716 620 pm-

2129 638 2307 705 phcta,
2355 637 2510 701 dixit,
2561 637 2725 703 Pone,
2771 637 3004 705 Domine,
3053 639 3334 692 custodiam
3379 641 3458 694 ori
3489 657 3623 704 meo,
3669 653 3725 696 et

2127 727 2314 780 ostium
2337 729 2729 784 circumstantia:
2747 731 2894 783 labiis
2916 731 3066 783 meis.
3081 729 3334 795 Quaenam
3355 741 3532 785 autem
3561 731 3724 786 fuerit

2127 823 2389 888 custodia,
2417 824 2517 879 nisi
2547 826 2796 900 cogitatio
2819 841 2938 896 quae
2963 839 3115 896 urget
3141 828 3468 891 terribiliter,
3513 827 3720 884 habent

2131 930 2240 984 pra:
2267 917 2510 972 manibus
2547 919 2720 988 ignem
2751 934 2847 974 eos
2877 930 3139 986 ustor-um,
3161 921 3250 992 qui
3277 937 3370 976 ore
3399 932 3601 978 temere
3633 925 3717 978 usi

2131 1005 2367 1062 fuerint?
2420 1007 2556 1062 Eum
2585 1009 2780 1066 adhibe
2801 1011 3087 1080 ianitorem
3117 1021 3172 1066 et
3211 1013 3492 1068 custodem
3543 1015 3722 1072 inten-

2131 1106 2332 1152 tantem
2359 1098 2534 1154 tninas
2553 1102 2916 1168 conscientias,
2946 1113 3001 1157 et
3027 1102 3163 1158 hanc
3189 1113 3395 1173 portam
3427 1119 3718 1176 numquam

2131 1189 2503 1259 intempestive
2548 1193 2768 1261 aperiet,
2795 1193 2890 1248 sed
2937 1195 3272 1265 tempestive,
3301 1203 3354 1250 et
3385 1197 3608 1266 propter
3631 1198 3724 1251 lu-

2129 1294 2302 1343 crum,
2331 1287 2388 1334 et
2414 1280 2550 1336 bona
2602 1283 2898 1336 innumera.
2929 1285 3186 1350 Quocirca
3237 1285 3370 1340 dixit
3411 1288 3672 1356 quispiam
3703 1306 3716 1340 :

2132 1371 2346 1442 Semper
2388 1389 2666 1428 memorare
2707 1376 2974 1429 novissima
3013 1386 3120 1440 tua,
3153 1387 3199 1431 et
3227 1378 3279 1431 in
3324 1387 3566 1433 internum
3614 1397 3722 1433 non

2133 1463 2360 1531 peccabis
2387 1463 2576 1526 (Eccli.
2611 1466 2661 1518 7.
2691 1467 2802 1536 40).
2837 1466 3024 1521 Vidisti
3055 1467 3323 1538 quomodo
3371 1468 3460 1522 hic
3501 1486 3724 1540 quoquc

2132 1554 2270 1609 hanc
2319 1555 2531 1624 prtelert
2553 1558 2974 1627 cogitationem?
3016 1560 3128 1630 Ego
3176 1575 3302 1615 vero
3356 1561 3523 1631 ipsam
3551 1563 3720 1616 etiam

2131 1645 2229 1700 lcei
2281 1647 2674 1714 terribiliorem,
2708 1665 2812 1705 non
2843 1650 3017 1706 solum
3069 1653 3120 1706 iu
3172 1661 3364 1719 morte,
3413 1653 3506 1709 sed
3553 1657 3722 1710 etiam

2131 1744 2254 1804 post
2277 1747 2523 1803 mortem,
2553 1753 2674 1792 cum
2703 1739 2810 1794 dixi
2840 1756 2961 1794 eum
2992 1741 3192 1797 habere
3231 1757 3340 1812 pra:
3369 1744 3630 1800 manibus.
3657 1744 3721 1802 Si

2133 1824 2236 1881 hoc
2257 1825 2324 1880 ita
2353 1828 2444 1892 sit,
2479 1829 2607 1882 nihil
2631 1831 2752 1883 mali
2787 1831 3021 1900 parietur
3049 1832 3102 1886 in
3123 1833 3321 1887 animo.

2205 1915 2369 1972 Otiosi
2405 1920 2544 1974 verbi
2563 1921 2824 1975 reddenda
2847 1923 2998 1976 ratio.
3020 1953 3092 1965 --
3119 1923 3252 1979 Cum
3283 1939 3350 1980 eo
3391 1927 3549 1980 alium
3580 1942 3728 1997 quo-

2131 2023 2236 2078 que
2275 2007 2325 2080 qi
2353 2025 2582 2079 appone,
2609 2013 2698 2082 qui
2723 2012 2902 2068 dicat:
2931 2013 3116 2070 Omnis
3143 2016 3292 2071 verbi
3323 2017 3478 2072 otiosi
3520 2019 3724 2074 reddes

2133 2099 2390 2155 rationem
2427 2102 2477 2154 iu
2502 2101 2591 2156 die
2634 2103 2816 2171 iudicii
2863 2102 3073 2176 (Matth.
3103 2105 3189 2160 12.
3221 2107 3333 2177 56).
3361 2108 3542 2179 Cogita
3571 2126 3725 2164 mor-

2131 2197 2240 2244 tem
2261 2205 2473 2261 quoque
2497 2207 2564 2247 ex
2595 2207 2663 2248 eo
2692 2194 2981 2265 ingressam
3021 2211 3158 2253 esse.
3203 2198 3315 2253 Nisi
3356 2201 3496 2255 enim
3527 2203 3724 2256 mulier

2133 2279 2344 2350 loquuta
2369 2291 2511 2336 esset
2533 2298 2657 2337 cum
2680 2288 2929 2354 serpente
2949 2301 3014 2340 eo
3040 2302 3148 2357 quo
3174 2289 3391 2359 quuuta
3421 2298 3503 2346 est
3530 2291 3719 2355 modo,

2132 2370 2232 2426 nisi
2258 2372 2417 2428 verba
2451 2374 2590 2428 illius
2617 2374 2919 2432 admisisset
2938 2419 2952 2442 ,
2981 2377 3235 2433 damnum
3265 2395 3369 2435 non
3397 2383 3719 2452 accepisset.

2130 2463 2248 2518 viro
2273 2477 2378 2518 non
2408 2463 2662 2532 dedisset,
2695 2465 2786 2522 ille
2835 2483 2938 2522 non
2979 2468 3321 2526 comedisset.
3367 2471 3490 2526 llaec
3535 2482 3721 2528 autem

2131 2552 2271 2618 dico,
2301 2568 2404 2609 non
2435 2553 2489 2610 in
2516 2572 2578 2611 os
2604 2565 2659 2612 et
2683 2557 2914 2630 linguam
2942 2559 3150 2629 culpam
3181 2561 3493 2618 conferens:
3538 2564 3720 2629 absit;

2131 2645 2225 2703 sed
2248 2647 2300 2702 in
2332 2649 2689 2718 importunum
2711 2665 2896 2706 eorum
2927 2668 3103 2716 usum.
3131 2654 3218 2724 qui
3258 2669 3322 2710 ex
3367 2656 3590 2712 rationis
3617 2674 3722 2713 ne-

2129 2740 2380 2811 gligeutia
2421 2743 2606 2798 oritur.
2648 2743 2744 2799 Est
2769 2747 2926 2800 etiam
2969 2747 3070 2801 alia
3099 2747 3180 2802 via
3211 2749 3474 2815 interitus,
3505 2767 3623 2821 qua:
3649 2767 3720 2806 ex

2130 2847 2225 2888 ore
2271 2833 2648 2903 proﬁciscitur,
2681 2837 2894 2907 quando
2942 2849 3066 2893 sunt
3117 2841 3288 2911 turpia
3337 2853 3392 2897 et
3441 2843 3721 2899 immunda

2130 2925 2338 2992 oscula,
2372 2928 2582 2998 quando
2613 2929 2732 2984 licta
2756 2944 2820 2986 ac
2850 2931 3202 2988 fraudulenta.
3223 2933 3314 2990 Eis
3343 2951 3551 3006 quoque
3576 2952 3722 3007 pone

2131 3017 2446 3074 custodiam.
2479 3018 2605 3074 Tale
2648 3031 2762 3076 erat
2809 3023 2960 3078 Judae
2999 3025 3262 3091 osculum,
3289 3024 3414 3080 dolo
3455 3027 3674 3097 plenum
3697 3045 3716 3082 :

2129 3109 2223 3163 sed
2265 3123 2368 3164 non
2417 3111 2521 3165 tale
2571 3113 2718 3167 Pauli
2745 3115 3006 3181 osculum,
3037 3129 3142 3187 quo
3177 3116 3337 3186 jussit
3380 3132 3440 3173 se
3487 3119 3718 3174 invicem

2129 3199 2391 3268 osculari,
2414 3202 2630 3258 dicens:
2666 3202 2898 3259 Salutate
2921 3221 3007 3259 vos
3034 3206 3240 3260 inuicem
3269 3207 3318 3261 in
3346 3208 3517 3262 osculo
3539 3219 3720 3262 sancto

2131 3289 2209 3359 (2.
2235 3289 2356 3346 Cor.
2401 3293 2488 3348 l3.
2521 3291 2645 3364 i2):
2673 3293 3117 3364 quemadmodum
3159 3312 3257 3352 nec
3293 3299 3532 3353 osculum
3567 3301 3720 3370 quod

2127 3379 2375 3437 Jouathae
2403 3383 2603 3452 praebet
2629 3384 2813 3452 David,
2843 3387 2937 3442 sed
2972 3397 3212 3443 sanctum
3247 3399 3301 3444 et
3330 3389 3633 3456 honestum,
3659 3401 3722 3446 et

2129 3472 2334 3528 sincera
2375 3474 2660 3531 dilectione
2706 3477 2920 3547 plenum
2961 3481 3039 3550 (1.
3073 3479 3202 3552 Reg.
3244 3481 3332 3538 20.
3379 3483 3506 3552 ii);
3533 3485 3720 3554 cujus-

2129 3561 2276 3618 modi
2320 3564 2480 3618 etiam
2531 3563 2627 3620 luit
2657 3581 2841 3622 eorum
2871 3569 2961 3639 qui
2993 3570 3044 3625 in
3091 3569 3238 3626 Pauli
3268 3573 3463 3627 collum
3505 3575 3724 3630 cecide-

2131 3663 2275 3722 runt,
2319 3663 2374 3710 et
2410 3670 2531 3711 eum
2576 3659 2806 3728 amplexi
2839 3662 3234 3718 Oseulabantur.
3276 3663 3344 3719 Et
3389 3664 3510 3722 ideo
3549 3667 3719 3724 dicit:

2132 3741 2312 3810 Pone,
2365 3743 2610 3812 Domine,
2641 3751 2919 3804 custodiam
2969 3753 3047 3806 ori
3097 3770 3226 3821 meo,
3262 3765 3310 3810 et
3346 3757 3528 3810 ostium
3574 3758 3716 3829 (Act.

2129 3833 2219 3891 20.
2271 3836 2415 3908 57);
2458 3853 2561 3892 non
2606 3839 2846 3897 absolute
2884 3854 3061 3898 autem
3106 3843 3323 3910 Ostium,
3377 3846 3471 3902 sed
3516 3847 3718 3902 Ostium

2130 3927 2517 3985 circumstantia:
2549 3932 2774 3999 addidit,
2806 3944 2862 3989 ut
2891 3937 3194 3992 universum
3222 3939 3492 3996 contineat
3515 3951 3568 3997 et
3592 3960 3716 3997 tutt-

2131 4017 2262 4072 niat.
2293 4018 2408 4074 Jam
2450 4035 2578 4077 vero
2605 4033 2689 4079 est
2728 4025 2886 4080 etiam
2930 4027 3073 4083 aliud
3101 4043 3267 4100 genus
3296 4032 3445 4087 exitii
3486 4049 3584 4104 p:-r
3610 4035 3717 4089 lin-

2130 4123 2308 4178 guam,
2333 4124 2527 4182 nempe
2553 4113 2752 4179 dicere,
2784 4115 2892 4169 Cur
2919 4115 3022 4171 hoc
3049 4117 3117 4172 ita
3166 4120 3292 4174 est?
3335 4120 3401 4176 ad
3441 4123 3566 4194 quid
3616 4123 3722 4178 hoc

2133 4197 2326 4255 laetum
2375 4203 2499 4256 est?
2545 4202 2802 4271 Quocirca
2845 4205 3037 4261 Paulus
3061 4223 3155 4264 eos
3197 4225 3440 4282 carpens,
3467 4215 3556 4283 qui
3603 4215 3722 4271 ha-c

2133 4288 2524 4346 inconsiderate
2577 4293 2906 4364 loquuntur:
2949 4296 3326 4366 Verumtamen,
3375 4321 3405 4356 o
3449 4305 3619 4368 homo,
3665 4319 3722 4360 tu

2131 4380 2243 4449 quis
2269 4397 2323 4435 es
2351 4383 2438 4452 qui
2461 4386 2763 4453 respondeas
2789 4385 2898 4440 Deo
2925 4388 3098 4459 (Rom.
3127 4389 3184 4447 9.
3213 4391 3344 4462 20)?
3373 4393 3487 4449 Non
3505 4407 3723 4466 Oportet

2133 4479 2308 4525 autem
2337 4487 2398 4525 os
2424 4473 2593 4527 solum
2619 4477 2908 4542 custodire,
2934 4479 3024 4534 sed
3058 4493 3289 4536 mentem
3308 4487 3466 4540 etiam
3492 4497 3616 4543 ante
3632 4503 3718 4542 os.

2133 4560 2388 4628 Quocirca
2415 4563 2624 4618 dicebat
2647 4563 2806 4620 etiam
2838 4569 3096 4637 quispiam
3125 4588 3138 4624 :
3175 4571 3300 4637 Quis
3337 4575 3477 4631 dabit
3503 4578 3555 4630 in
3579 4578 3722 4646 cogi-

2134 4652 2322 4707 tatione
2347 4670 2456 4708 mea
2485 4657 2711 4726 flagella,
2741 4668 2794 4711 ut
2841 4661 3142 4729 ignoranttis
3187 4666 3310 4718 meis
3355 4683 3455 4720 non
3505 4681 3721 4740 parcunt

2137 4741 2322 4814 (Eccli.
2355 4743 2443 4800 25.
2471 4745 2564 4816 2)?
2591 4745 2847 4812 Quocirca
2873 4747 3115 4806 Christus
3143 4769 3352 4823 quoque
3397 4758 3536 4812 intus
3580 4760 3723 4814 tollit

2137 4835 2280 4904 ipsas
2302 4836 2470 4890 malas
2497 4838 2865 4906 cogitationes.
2890 4840 3072 4896 dicens
3105 4859 3118 4897 :
3172 4844 3272 4912 Qui
3309 4850 3506 4915 aspeaa't
3538 4850 3722 4902 mulie-

2135 4942 2240 4980 rem
2265 4926 2334 4979 ad
2355 4929 2824 4998 concupiscendum,
2834 4933 2946 5002 jam
2974 4935 3248 4989 moechatus
3265 4948 3338 4992 est
3364 4955 3472 4992 eam
3504 4939 3718 5009 (Matth.

2137 5018 2190 5072 5.
2220 5018 2336 5088 28).
2373 5019 2532 5074 Vides
2559 5022 2827 5091 quomodo
2856 5039 2963 5078 non
3011 5024 3139 5079 sinit
3165 5043 3256 5082 eas
3310 5030 3591 5099 pullulare,
3623 5048 3718 5088 nec

2137 5110 2344 5165 initium
2373 5127 2585 5168 sumere
2611 5115 2976 5182 cupiditatem,
3007 5133 3107 5173 nec
3147 5119 3320 5175 iram?
3361 5123 3462 5190 Qui
3485 5126 3725 5178 irascitur

2135 5204 2300 5267 enim,
2339 5204 2528 5274 inquit,
2557 5208 2706 5276 fratri
2729 5223 2841 5272 suo,
2870 5226 2986 5264 rcus
3009 5213 3103 5265 erit
3132 5213 3370 5282 gelu:nt
3397 5217 3529 5288 ignis
3557 5217 3722 5288 (Ibid.

2135 5309 2184 5348 υ.
2202 5293 2314 5358 22).
2333 5293 2446 5348 Non
2469 5311 2652 5365 parum
2668 5313 2878 5369 quoque
2893 5301 3140 5356 conducit
3156 5304 3222 5357 ad
3238 5307 3598 5368 securitatem,
3613 5324 3723 5362 nou

2136 5386 2360 5441 multum
2383 5387 2553 5456 loqui:
2581 5395 2635 5442 et
2656 5388 2774 5444 ideo
2796 5389 2943 5458 dicit,
2962 5391 3028 5446 In
3048 5395 3364 5466 multiloquio
3385 5413 3484 5452 non
3511 5397 3728 5468 e/Iugics

2136 5484 2393 5547 peccatum
2413 5491 2432 5530 :
2463 5493 2670 5546 parcens
2689 5489 2858 5534 autem
2883 5482 3048 5548 labiis,
3087 5486 3178 5538 erit
3215 5487 3504 5558 intelligens-
3536 5488 3726 5558 (Prov.

2145 5567 2231 5622 10.
2263 5566 2372 5638 19).
2405 5569 2459 5622 4.
2506 5567 2623 5624 Non
2650 5571 2868 5626 declines
2897 5591 2984 5628 cor
3025 5592 3190 5631 meum
3229 5578 3280 5632 in
3311 5579 3460 5632 verba
3489 5581 3726 5648 malitia,

2137 5660 2207 5717 ad
2233 5659 2545 5715 excusandas
2580 5668 2923 5720 excusationes
2951 5669 3001 5722 in
3035 5670 3272 5738 peccatis.
3318 5670 3484 5742 Alius,
3530 5670 3613 5726 Ne
3637 5671 3724 5726 di-
