4116 6204
363 319 468 376 ι57

349 428 559 486 verteris
577 443 670 483 cor
699 444 867 481 meum
890 428 943 480 in
968 441 1217 482 sermones
1244 424 1401 478 malos
1417 424 1513 495 (‘14),
1535 423 1603 476 ad
1626 419 1942 489 cogitandum

345 522 612 577 sceleratas
634 515 996 589 cogitationes.
1014 516 1120 572 Cur
1147 525 1322 571 autem
1347 529 1472 569 usus
1498 523 1579 568 est
1607 504 1793 566 ordine
1816 513 1942 565 eon-

348 599 551 665 trario?
579 607 635 663 et
671 623 794 662 cum
821 608 887 662 de
906 615 1000 661 ore
1027 608 1172 677 prius
1194 612 1334 659 esset
1360 603 1624 671 loquutus,
1654 611 1777 655 tunc
1803 600 1944 666 venit

350 698 414 752 ad
446 688 585 752 eor?
633 695 763 750 Non
792 705 1017 761 temere,
1050 710 1148 750 nec
1173 694 1268 748 abs
1293 697 1350 746 re
1385 689 1488 745 hoc
1511 691 1652 744 facit.
1683 689 1946 758 Quemad-

355 789 573 844 modum
605 790 758 842 enim
789 788 839 841 in
871 787 1092 857 Captivis
1114 785 1202 854 qui
1230 783 1410 836 volunt
1433 780 1808 857 aufttlgerc,qui
1829 779 1946 847 ejus

356 878 433 932 rei
460 877 646 932 curam
681 886 896 946 gerunt,
930 856 1155 946 primum
1197 863 1298 927 hoc
1323 869 1505 942 agunt,
1538 856 1595 924 ut
1620 874 1798 939 portas
1824 885 1940 924 car-

356 971 499 1025 ceris
529 973 928 1038 praeoccupem,
957 978 1010 1022 et
1047 967 1112 1019 ad
1150 954 1254 1020 hoc
1290 981 1478 1020 omnes
1517 965 1746 1018 studium
1783 955 1944 1018 ’suu'm

360 1059 668 1124 conferunt,
697 1054 753 1112 et
776 1061 818 1111 si
854 1059 953 1112 hoc
975 1045 1167 1112 factum
1199 1042 1376 1120 fuerit,
1397 1056 1534 1126 quod
1561 1063 1726 1110 restat
1753 1055 1946 1123 poterit

365 1145 520 1205 facile
555 1153 704 1204 recte
737 1135 854 1218 geri
888 1165 902 1202 :
948 1149 1018 1201 ita
1059 1147 1220 1201 etiam
1268 1146 1351 1200 hic
1389 1159 1600 1214 quoque
1640 1143 1690 1198 id
1728 1130 1852 1198 facit
1893 1143 1944 1196 in

365 1229 470 1296 hoc
497 1239 640 1304 loCo,
659 1249 713 1294 et
746 1253 840 1308 per
861 1245 922 1293 ea
953 1242 1074 1308 qua:
1103 1237 1312 1300 suadet,
1331 1235 1432 1291 hoc
1459 1241 1622 1306 prope
1645 1235 1805 1290 dicit:
1832 1223 1950 1290 Sint

365 1331 559 1384 clausae
578 1329 778 1399 jantIte,
797 1339 852 1383 et
883 1329 1035 1382 mala:
1061 1328 1410 1397 cogitationes
1434 1327 1539 1381 cito
1565 1327 1949 1396 expugnabun-

367 1430 472 1475 tur.
501 1421 760 1487 Quocirca
791 1427 894 1474 neu
935 1420 1002 1474 ab
1040 1420 1188 1474 initio
1213 1419 1426 1490 quidem
1455 1421 1734 1490 permittit,
1768 1427 1825 1474 ut
1850 1436 1948 1474 ex-

368 1513 632 1566 trinsecus
677 1510 1042 1578 ingrediantur
1073 1527 1086 1562 :
1117 1517 1171 1564 et
1199 1511 1392 1563 malam
1415 1509 1667 1564 convellit
1692 1509 1946 1575 radicem,

365 1601 551 1656 dicens
582 1619 596 1655 :
625 1599 745 1654 Non
783 1589 999 1653 deciines
1026 1605 1113 1653 cor
1139 1616 1303 1652 meum
1328 1589 1382 1651 in
1410 1600 1558 1652 verba
1581 1587 1807 1652 malitia.
1830 1585 1946 1652 Non

365 1689 506 1760 quod
539 1691 681 1744 Deus
709 1689 938 1744 declinet
963 1706 976 1742 :
1009 1688 1184 1753 absit;
1213 1687 1304 1743 sed
1335 1687 1476 1758 quod
1505 1689 1632 1742 dicit
1657 1690 1724 1742 ita
1756 1688 1947 1742 intelli-

366 1781 599 1852 gendum
643 1790 726 1835 est
750 1799 763 1833 :
795 1779 872 1835 Ne
899 1781 1043 1835 sinas
1070 1767 1356 1845 declinare,
1383 1793 1454 1834 ne
1491 1768 1634 1834 sinas
1660 1767 1850 1834 diverti
1893 1779 1945 1834 in

371 1873 536 1927 malas
564 1872 937 1942 cogitationes.

435 1964 534 2020 Cor
561 1969 612 2018 et
640 1964 834 2018 virtutis
873 1973 920 2018 et
963 1953 1069 2017 vitii
1092 1967 1241 2034 fons;
1288 1953 1496 2018 liberum
1520 1964 1818 2031 arbitrium;
1857 1981 1950 2020 ea:—

362 2057 552 2109 cusatio
587 2057 637 2110 in
664 2057 876 2126 peccatis
895 2057 1142 2126 pessima;
1167 2045 1414 2126 Confessio
1431 2056 1620 2125 peccati
1639 2057 1848 2110 solutio.
1873 2085 1944 2096 —

367 2139 512 2202 Illinc
540 2148 689 2202 enim
717 2151 798 2202 est
822 2146 936 2201 fons
961 2146 1166 2200 virtutis
1199 2155 1252 2200 et
1279 2147 1410 2208 vitii.
1437 2161 1470 2200 a
1511 2146 1670 2200 corde
1724 2161 1938 2216 nempe.

363 2230 623 2304 Qumnam
645 2248 768 2292 sunt
787 2248 960 2293 autem
985 2239 1142 2293 verba
1183 2225 1574 2308 improbitatis?
1601 2237 1758 2291 Multa
1787 2247 1842 2294 et
1870 2239 1951 2293 di-

367 2335 540 2385 ‘versa.
564 2329 693 2384 Nam
724 2338 778 2385 et
801 2345 918 2400 qua:
963 2317 1181 2384 insidias
1209 2332 1436 2392 struunt,
1469 2344 1588 2398 quze
1626 2329 1790 2383 Deum
1841 2330 1951 2384 cri-

366 2421 642 2490 minantur
664 2463 680 2486 ,
707 2436 824 2491 qua:
849 2421 1096 2474 virtutem
1127 2426 1462 2484 aversantur,
1495 2434 1614 2488 qua:
1642 2420 1822 2476 vitium
1854 2404 1942 2474 se?

363 2505 598 2576 ctantur,
628 2527 746 2581 quae
796 2510 864 2566 de
894 2511 1069 2581 pravis
1091 2499 1424 2580 dogmatibus
1469 2517 1525 2565 et
1548 2510 1803 2565 scelerata
1844 2511 1952 2565 vita

366 2593 614 2658 lubenter
659 2601 945 2656 audiuntur
968 2642 984 2668 ,
1013 2608 1068 2656 et
1107 2612 1296 2656 caetera
1327 2589 1652 2670 ltujusmodi,
1683 2609 1810 2656 sunt
1835 2616 1954 2656 ver-

365 2693 430 2746 ba
485 2683 876 2761 improbitatis,
925 2699 981 2746 et
1019 2706 1084 2746 ex
1141 2706 1328 2762 magna
1367 2691 1705 2760 improbitate
1761 2707 1951 2762 proce-

365 2777 493 2837 dunt
527 2801 541 2835 :
571 2781 1014 2852 quemadmodum
1059 2779 1236 2837 autem
1270 2789 1394 2837 sunt
1435 2777 1663 2852 cogitata
1708 2793 1762 2838 et
1789 2783 1951 2838 verba

367 2865 740 2947 improbitatis,
771 2877 840 2929 ita
867 2885 989 2930 sunt
1019 2877 1179 2930 etiam
1207 2874 1364 2930 verba
1389 2875 1531 2929 vitae.
1564 2874 1631 2928 Et
1653 2863 1771 2930 ideo
1795 2873 1950 2930 Chri-

365 2979 448 3022 sto
485 2969 731 3022 dicebant
754 2956 1020 3037 discipuli,
1064 2966 1222 3021 Verba
1253 2967 1365 3020 vitta
1417 2977 1620 3020 attenta:
1677 2965 1828 3020 habes
1854 2983 1873 3020 :
1901 2977 1950 3021 et

365 3061 432 3113 ad
456 3076 605 3130 quem
632 3060 810 3112 ibimus
831 3058 849 3126 (
874 3058 1030 3112 Joan.
1063 3059 1116 3112 6.
1149 3057 1253 3127 69)
1279 3057 1302 3110 ?
1331 3055 1586 3129 Dicuntur
1613 3066 1792 3111 autem
1825 3071 1949 3111 ver-

368 3150 430 3204 ba
455 3151 600 3214 vitae,
643 3164 762 3218 quae
780 3151 941 3202 vitam
989 3148 1225 3216 prmhent
1255 3146 1538 3200 :dicuntur
1573 3145 1737 3208 etiam
1790 3145 1952 3200 verba

365 3242 577 3305 salutis,
607 3255 724 3309 quae
751 3229 972 3295 salutem
1021 3227 1319 3309 acquirunt.
1364 3237 1619 3305 Quocirca
1663 3228 1790 3292 dicit
1830 3239 1952 3308 qui-

366 3331 494 3386 dam
517 3332 747 3400 sapiens,
782 3329 863 3383 Ne
887 3319 1149 3401 prohibeas
1175 3327 1450 3382 sermonem
1478 3329 1530 3382 in
1551 3337 1772 3399 tempore
1805 3329 1948 3383 saltt-

364 3425 428 3476 tis
455 3423 477 3495 (
502 3411 658 3476 Ereti.
691 3423 744 3476 4.
776 3421 900 3492 28).
932 3421 1105 3476 Verba
1138 3419 1486 3490 improbitatis
1528 3435 1589 3476 ea
1619 3420 1777 3474 etiam
1828 3430 1953 3474 sunt

367 3531 494 3586 qua:
517 3514 718 3570 faciunt
743 3513 981 3568 dicentes
1007 3513 1297 3583 improbos.

436 3607 493 3659 7.
514 3595 970 3674 Quemadmodum
991 3605 1129 3659 enim
1153 3614 1235 3659 est
1249 3619 1342 3658 aer
1361 3603 1614 3673 pestilens
1630 3609 1684 3658 et
1699 3602 1784 3674 qui
1809 3617 1952 3657 mor-

366 3699 467 3753 bos
489 3707 747 3768 procreat,
784 3698 852 3750 ita
883 3697 1040 3751 etiam
1068 3695 1247 3750 verba.
1275 3694 1424 3762 Quod
1473 3704 1650 3750 autem
1696 3693 1819 3748 facit
1864 3684 1952 3748 ille

367 3789 604 3858 corpori,
637 3788 690 3842 id
741 3789 839 3842 ista
893 3786 1090 3841 faciunt
1127 3786 1338 3851 animm,
1374 3799 1492 3854 qua:
1546 3785 1658 3854 ipsa
1708 3785 1948 3853 suscipit.

365 3881 499 3936 Orat
526 3895 651 3951 ergo
672 3895 766 3949 per
785 3893 868 3943 ea,
899 3893 1020 3948 qum
1044 3877 1128 3931 hic
1147 3891 1357 3946 quoque
1386 3873 1673 3945 subjunxit,
1703 3875 1900 3930 etdicit
1931 3891 1944 3928 :

365 3971 448 4027 Ne
467 3971 612 4026 sinas
641 3981 696 4024 ut
722 3985 814 4024 cor
839 3985 1014 4023 meum
1041 3967 1202 4022 verba
1257 3965 1555 4036 hujusmodi
1603 3966 1848 4034 sucipiat,
1883 3980 1950 4020 ne

365 4064 645 4135 permittas
671 4072 728 4116 ut
747 4063 870 4116 illuc
897 4062 1197 4116 inclinetur.
1237 4059 1423 4113 Vidisti
1450 4058 1718 4128 quomodo
1764 4065 1949 4114 osten-

366 4156 451 4210 dit
477 4155 699 4209 liberum
730 4155 890 4208 animi
917 4153 1215 4218 arbitrium,
1237 4161 1290 4207 et
1311 4159 1550 4204 naturam
1569 4151 1620 4205 in
1641 4165 1700 4206 se
1727 4165 1832 4206 non
1858 4151 1953 4204 ha-

370 4247 500 4302 bere
522 4247 726 4311 vitium,
757 4247 850 4302 sed
877 4262 908 4301 a
937 4245 1180 4300 socordia
1205 4244 1503 4299 inclinatam
1559 4244 1610 4298 id
1641 4243 1952 4313 suscipere?

367 4338 453 4392 Ad
480 4344 789 4393 excusandas
827 4341 1167 4394 excusationes
1207 4338 1260 4392 in
1296 4336 1531 4406 peccatis.
1560 4336 1685 4391 Haec
1736 4345 1818 4392 est
1865 4337 1948 4391 via

369 4433 634 4503 przecipua
687 4433 948 4498 interitus,
995 4431 1205 4504 quando
1256 4431 1340 4486 vel
1393 4431 1504 4501 ipsa
1547 4445 1666 4501 qua:
1718 4430 1952 4500 peccavit

368 4525 566 4590 anima,
585 4539 814 4580 excusso
836 4527 1044 4590 timore,
1067 4523 1331 4595 excogitat
1355 4523 1721 4578 excusationes
1743 4531 1793 4576 et
1815 4536 1953 4590 pra).

368 4625 544 4672 textus
569 4617 825 4687 quosdam
856 4616 920 4669 ad
965 4617 1222 4687 ignaviam
1281 4632 1296 4669 :
1343 4615 1425 4669 vel
1473 4613 1948 4685 quemadmodum,

368 4725 488 4785 cum
517 4711 780 4780 quispiam
824 4708 1141 4764 adulteravit
1166 4718 1220 4762 et
1245 4709 1428 4763 volens
1457 4708 1592 4761 alios
1637 4705 1754 4775 ejus
1801 4721 1947 4760 com-

353 4796 710 4872 ‘punctiouem
741 4810 1009 4865 excutere,
1053 4800 1182 4855 dicit
1210 4817 1222 4853 :
1256 4799 1518 4870 Numquid
1555 4808 1610 4853 tu
1655 4813 1812 4854 causa
1839 4798 1946 4853 es?

369 4909 524 4948 causa
559 4903 643 4948 est
669 4892 949 4961 cupiditas.
979 4893 1168 4947 Malum
1191 4893 1506 4963 estquidem
1554 4905 1777 4962 peccare
1804 4912 1818 4946 :
1848 4889 1950 4946 hoc

371 4993 548 5036 autem
589 4982 714 5037 facit
750 4983 981 5051 gravius,
1029 4998 1221 5052 negare
1273 4992 1550 5054 postquam
1607 4983 1934 5053 peccaveris.

374 5073 499 5128 lln'c
529 5082 655 5127 sunt
677 5088 826 5126 arma
857 5072 1048 5125 diaboli
1079 5073 1370 5141 potissima.
1400 5075 1511 5128 lioc
1535 5073 1696 5129 etiam
1738 5074 1790 5128 in
1839 5073 1945 5142 pri-

371 5165 472 5219 mis
503 5163 701 5217 nostris
749 5161 1052 5228 parentibus
1077 5161 1269 5215 evenit.
1299 5163 1428 5218 Cum
1481 5164 1622 5218 enim
1678 5171 1951 5235 oporteret
2005 5177 2019 5192 ‘

369 5256 540 5313 Adam
569 5262 786 5326 peccata
807 5248 1066 5313 confiteri,
1096 5251 1182 5304 ille
1211 5251 1262 5303 in
1291 5252 1453 5307 Evam
1482 5254 1687 5309 confert
1715 5253 1946 5322 culpam,

366 5359 422 5406 et
451 5349 540 5402 illa
572 5356 758 5411 rursus
787 5341 838 5392 in
865 5337 1129 5392 diabolum
1162 5338 1328 5410 (Cen.
1359 5345 1393 5398 ’5
1417 5341 1458 5415 ).
1502 5344 1632 5398 Cum
1679 5352 1952 5415 oporteret

366 5442 565 5503 dicere,
599 5431 967 5493 Peccavimus,
997 5429 1322 5497 iniquitatem
1349 5431 1568 5488 fecimus
1592 5452 1606 5488 :
1635 5436 1708 5490 illi
1732 5451 1834 5489 non
1862 5450 1947 5488 so.

366 5535 473 5590 lum
533 5546 640 5586 non
670 5524 1011 5585 confitentur,
1045 5519 1138 5574 sed
1168 5520 1324 5572 etiam
1351 5523 1710 5583 defensionem
1741 5536 1947 5596 parant.

367 5625 498 5680 Cum
533 5620 681 5679 enim
725 5613 891 5672 sciret
908 5609 1149 5666 diabolus
1176 5612 1374 5677 peccati
1397 5613 1786 5673 confessionem
1828 5633 1950 5674 esse

367 5727 370 5731 .
426 5763 501 5823 (u)
535 5767 644 5809 ttzec
672 5747 1016 5812 interpretatio
1039 5747 1117 5794 est
1134 5742 1271 5805 juxta
1295 5747 1634 5806 Symmachum,

1466 309 1555 366 EX
1565 304 1822 394 [δοδιτιο
1860 304 1924 359 l.\'

2055 286 2297 359 .ttawit
2323 305 2475 360 CXL.
3535 313 3630 367 tas

2056 422 2258 489 peccati
2306 421 2622 476 solutionem
2645 462 2660 487 ,
2683 423 2964 491 persuadet
2988 426 3180 482 animat
3203 470 3217 494 ,
3245 437 3302 482 ιιι
3328 429 3398 483 sit
3423 431 3634 500 egregie

2053 512 2349 592 impudens.
2391 514 2458 566 At
2491 523 2566 579 tu,
2593 529 2626 567 ο
2654 514 2866 580 dilecte,
2906 518 3117 586 quando
3152 521 3474 588 peccaveris,
3501 519 3588 574 dic
3617 538 3632 572 :

2033 602 2314 668 .PccCavi;
2347 603 2476 657 nihil
2505 613 2588 658 est
2636 599 2733 658 hac
2759 604 3071 660 defensioue
3109 608 3321 676 iustius.
3364 609 3435 663 Ita
3471 611 3635 664 Deum

2054 693 2231 748 reddis
2259 694 2538 764 propitium
2574 712 2586 748 :
2618 697 2687 748 ita
2731 694 2891 749 etiam
2935 694 3084 762 facis,
3131 707 3188 750 ut
3225 699 3424 755 tardius
3468 700 3521 753 in
3571 714 3634 752 ea

2051 804 2237 844 rursus
2261 775 2481 844 incidas.
2509 787 2613 844 Sed
2643 788 2854 858 quando
2887 804 3094 858 qumrcs
3119 789 3366 854 obtentus
3408 792 3496 860 qui
3529 806 3634 845 non

2055 889 2197 946 sunt,
2226 891 2280 936 et
2321 880 2548 934 animam
2591 881 2736 935 voles
2779 891 2920 934 metu
2968 881 3219 945 liberare,
3275 881 3468 937 reddes
3509 898 3626 937 eam

2059 971 2434 1041 promptiorem
2467 981 2522 1024 ut
2563 985 2747 1025 rursus
2775 971 2975 1026 eisdem
3007 963 3326 1041 implicetur,
3361 972 3633 1042 Deumque

2055 1066 2221 1135 magis
2257 1065 2509 1119 irritabis.
2539 1065 2676 1118 Nulli
2712 1065 2853 1120 enim
2885 1066 3148 1134 peccatori
3177 1065 3328 1119 deest
3355 1065 3635 1134 impudens

2053 1165 2360 1225 praetexitis.
2393 1155 2666 1210 Homicida
2696 1156 2902 1225 culpam
2933 1155 3141 1211 confert
3183 1155 3232 1209 in
3265 1155 3396 1209 iram
3418 1195 3435 1221 ,
3462 1166 3514 1210 et
3554 1158 3637 1208 fur

2057 1247 2108 1300 in
2141 1255 2526 1317 paupertatem,
2559 1255 2615 1302 et
2641 1246 2848 1301 adulter
2869 1247 2921 1300 in
2951 1246 3315 1316 cupiditatem,
3343 1255 3396 1300 et
3421 1246 3557 1299 alius
3582 1248 3632 1297 io

2053 1338 2405 1408 principatum
2436 1336 2566 1391 :sed
2599 1336 2651 1391 hi
2671 1337 2882 1407 quidem
2905 1345 3027 1391 sunt
3053 1337 3212 1392 alieni
3252 1351 3280 1390 a
3310 1337 3516 1390 ratione
3541 1338 3641 1389 oh-

2053 1438 2250 1494 tentus,
2275 1443 2378 1482 non
2396 1427 2587 1482 rationi
2613 1438 2984 1482 consentaneae
3004 1428 3358 1482 defensioocs.
3381 1427 3467 1480 Illa
3491 1427 3632 1481 enim

2055 1536 2158 1576 non
2187 1521 2383 1575 faciunt
2413 1530 2646 1590 peccata,
2675 1520 2769 1575 sed
2796 1521 2892 1590 ipsi
2927 1535 3112 1575 eorum
3133 1520 3222 1590 qui
3250 1528 3473 1589 peccant
3522 1520 3634 1571 aui-

2055 1613 2146 1665 mi.
2177 1613 2248 1665 Ita
2267 1622 2443 1666 autem
2468 1627 2588 1666 esse
2613 1611 2888 1666 ostendam
2908 1627 2973 1665 ex
3006 1611 3070 1664 iis
3096 1627 3213 1681 quae
3243 1622 3364 1665 sunt
3395 1611 3632 1680 proxima

2056 1716 2109 1758 et
2139 1703 2241 1758 illis
2262 1703 2603 1758 cohaerentia.
2631 1702 2853 1770 Quando
2873 1703 3014 1756 enim
3044 1703 3252 1757 videtur
3274 1702 3446 1756 ltomo-
3473 1704 3630 1762 alios,

2053 1798 2142 1867 qui
2173 1807 2228 1852 et
2251 1797 2412 1851 vitam
2443 1797 2550 1864 agit
2579 1796 2630 1850 in
2660 1804 2994 1866 paupertate,
3027 1804 3338 1864 leneturquc
3366 1794 3629 1864 cupidita-

2056 1899 2130 1954 te,
2163 1898 2218 1945 et
2246 1889 2547 1944 necessitati
2586 1899 2788 1943 naturae
2819 1896 2902 1943 est
2927 1887 3208 1950 obnoxius,
3238 1903 3411 1956 neque
3456 1897 3632 1940 tamen

2056 1982 2107 2034 in
2140 1981 2223 2034 his
2249 1988 2450 2050 peccat,
2476 1995 2702 2050 quanam
2731 1980 2806 2034 illi
2836 1987 3086 2049 poterunt
3107 1979 3180 2033 uti
3200 1978 3511 2033 defensione
3528 1975 3552 2030 ?
3571 1977 3637 2030 Et

2055 2073 2174 2128 ideo
2196 2073 2412 2142 pulchre
2436 2075 2512 2128 sic
2527 2071 2660 2127 dixit
2686 2071 2899 2140 quidam
2945 2071 3154 2141 sapiens
3186 2090 3200 2124 :
3223 2069 3349 2137 Quis
3374 2067 3562 2123 dederit
3584 2070 3636 2120 in

2055 2175 2218 2220 mente
2259 2181 2370 2220 mea
2407 2164 2632 2236 ﬂagella,
2669 2172 2724 2217 ut
2768 2163 3066 2234 ignorantiis
3121 2163 3243 2216 meis
3277 2177 3376 2216 non
3426 2169 3638 2232 parcant

2057 2253 2259 2326 (Eccii.
2301 2255 2390 2311 25.
2422 2254 2540 2326 2)?
2591 2253 2722 2308 Vide
2766 2251 2930 2307 David
2982 2252 3178 2306 nullam
3231 2251 3634 2306 excusationem

2055 2344 2363 2401 alfcrentem
2390 2345 2603 2414 quando
2645 2345 2902 2414 peccavit,
2935 2343 3029 2399 sed
3076 2343 3340 2398 dicentem
3376 2359 3390 2396 :
3427 2339 3638 2394 Peccavi

2058 2437 2276 2492 Domino
2326 2436 2416 2508 (2.
2450 2436 2690 2508 [141.12.
2721 2436 2855 2505 l5).
2909 2436 3066 2506 Atqui
3121 2436 3384 2505 potuisset
3432 2433 3633 2493 dicere.

2055 2532 2162 2587 Cur
2204 2530 2500 2585 nudabatur
2540 2530 2763 2585 mulier?
2809 2544 2906 2584 cur
2958 2527 3231 2582 lavabatur
3279 2535 3402 2581 ante
3453 2524 3637 2580 oculos

2057 2623 2244 2677 meos?
2273 2622 2378 2678 Sed
2406 2622 2606 2677 sciebat
2639 2621 2734 2676 has
2759 2636 2878 2676 esse
2905 2619 3118 2676 frivolas
3147 2618 3536 2681 excusationes,
3583 2625 3636 2668 et

2055 2730 2174 2786 qua:
2196 2715 2327 2768 nihil
2356 2714 2608 2769 baberent
2633 2713 2853 2767 rationis
2881 2722 2969 2776 ;et
2993 2711 3113 2766 ideo
3141 2710 3281 2765 venit
3306 2709 3372 2764 ad
3395 2715 3632 2777 apertam

2055 2805 2439 2870 defensionem,
2461 2819 2582 2858 cum
2626 2803 2844 2866 diceret,
2876 2801 3108 2856 Peccavi.
3137 2802 3205 2856 At
3233 2801 3360 2856 Saul
3390 2815 3494 2852 non
3539 2799 3632 2861 ita,

2055 2898 2148 2954 sed
2174 2913 2294 2953 eum
2321 2897 2388 2952 de
2408 2896 2740 2966 ventriloqua
2764 2911 2857 2951 seu
2905 2894 3222 2966 Pythouissa
3269 2890 3637 2962 reprehende-

2055 2997 2224 3054 retur,
2249 2987 2458 3043 dieebat
2491 3004 2504 3041 :
2537 2985 2799 3050 Coarctor,
2824 2995 2870 3040 et
2889 2985 3184 3054 alienigena:
3205 2991 3432 3055 pugnant
3460 2989 3638 3034 contra

2057 3079 2172 3149 me(
2205 3079 2256 3134 1.
2283 3077 2411 3148 Reg.
2439 3076 2530 3132 28.
2561 3077 2628 3132 15
2648 3077 2685 3148 ).
2711 3075 2834 3130 ideo
2858 3085 3032 3131 autem
3061 3089 3224 3145 grave
3260 3074 3409 3129 dedit
3434 3073 3638 3144 suppli-

2055 3171 2218 3228 cium.
2246 3170 2379 3225 Cum
2400 3169 2540 3225 enim
2570 3168 2840 3224 debuisset
2863 3166 3060 3228 dicere.
3088 3166 3327 3232 Peccavi,
3351 3174 3403 3220 et
3431 3181 3516 3221 me
3537 3167 3639 3220 ini-

2055 3280 2159 3337 que
2177 3263 2315 3336 gessi
2347 3278 2361 3314 :
2394 3262 2482 3318 ille
2502 3261 2715 3332 quidem
2739 3259 2839 3314 hoc
2867 3273 2972 3313 non
2998 3257 3148 3321 dixit,
3181 3257 3274 3312 sed
3302 3257 3480 3312 abibat
3499 3272 3527 3310 a
3549 3273 3634 3312 ra-

2059 3358 2205 3411 tione
2242 3354 2444 3409 alieuas
2473 3367 2718 3422 qtnerens
2763 3349 3153 3404 excusationes.
3185 3345 3309 3402 Cum
3351 3347 3637 3402 hominibus

2055 3447 2375 3517 operantibus
2389 3445 2720 3518 iniquitatem.
2749 3441 2862 3496 Hoc
2906 3439 3176 3509 subiunxit
3204 3438 3490 3494 ostendens
3518 3445 3638 3493 esse

2054 3541 2267 3596 illorum
2295 3539 2545 3603 maxime,
2573 3536 2762 3592 afferre
2783 3533 3171 3599 excusationes,
3196 3541 3249 3586 et
3277 3547 3336 3587 se
3363 3531 3638 3602 impuden-

2057 3641 2138 3686 ter
2162 3645 2350 3702 gerere
2375 3649 2387 3684 :
2417 3640 2471 3685 et
2500 3630 2620 3684 ideo
2648 3626 2814 3682 David
2837 3626 2938 3680 hoc
2964 3623 3176 3679 assidue
3222 3624 3388 3678 instar
3425 3623 3638 3677 virtutis

2057 3724 2321 3796 proponit,
2351 3723 2530 3794 fugere
2553 3723 2684 3776 tales
2699 3730 2888 3785 orntus,
2921 3728 3078 3788 atque
3097 3717 3230 3772 adeo
3255 3726 3419 3770 totum
3445 3717 3638 3771 librum

2055 3817 2122 3872 ab
2145 3832 2210 3872 eo
2239 3815 2422 3886 incipit
2447 3832 2460 3868 :
2485 3814 2668 3868 Beatus
2693 3814 2787 3878 uir,
2813 3813 2897 3882 qui
2921 3827 3021 3865 non
3065 3809 3184 3863 abiit
3207 3809 3260 3862 in
3299 3809 3510 3862 consilio
3537 3808 3637 3860 int-

2057 3908 2278 3979 piorum,
2297 3914 2342 3960 ct
2368 3907 2420 3958 in
2440 3905 2520 3957 via
2549 3912 2866 3974 peccatorum
2895 3917 2994 3954 non
3032 3900 3186 3964 stetit,
3213 3908 3260 3952 et
3299 3899 3352 3952 in
3399 3897 3640 3952 cathedra

2056 3997 2446 4069 perniciosorum
2471 4007 2570 4047 non
2622 3993 2745 4046 sedit
2777 3990 2962 4061 (Psat.
2989 3992 3041 4045 1.
3075 3991 3099 4044 1
3128 3990 3167 4060 ).
3200 3989 3484 4060 Propterea
3537 4004 3638 4042 au-

2057 4099 2162 4144 tem
2185 4088 2354 4157 ipsum
2383 4097 2594 4152 semper
2620 4082 2856 4137 invenies
2878 4081 2929 4134 in
2962 4080 3192 4150 peccatis
3221 4080 3427 4150 culpam
3467 4094 3636 4149 agno-

2056 4194 2226 4236 scere.

2055 4293 2060 4298 ·
2129 4269 2458 4324 Peccatorum
2488 4265 2733 4339 confessio
2783 4263 2942 4319 Deum
2971 4263 3187 4318 maxime
3227 4260 3394 4332 νέαι-αι
3413 4278 3431 4326 ;
3470 4261 3638 4314 convi-

2056 4362 2248 4418 viorum
2269 4370 2314 4416 et
2340 4361 2650 4414 theatrorum
2673 4357 2950 4428 pernicies;
2976 4353 3358 4426 reprehensores
3370 4352 3498 4424 justi
3536 4367 3640 4406 non

2056 4453 2340 4510 aversandi.
2372 4482 2444 4492 —
2469 4449 2690 4520 Quando
2730 4463 2858 4518 ergo
2887 4446 3182 4502 numeravit
3230 4444 3482 4514 populum
3503 4485 3518 4509 ,
3551 4443 3638 4496 di-

2055 4547 2209 4602 cebat
2227 4588 2242 4610 ,
2277 4545 2386 4617 Ego
2415 4543 2643 4616 peccavi,
2669 4550 2716 4595 et
2746 4556 2836 4611 ego
2866 4549 3037 4610 pastor
3079 4537 3212 4591 male
3239 4537 3334 4606 [cci
3361 4533 3512 4607 (Reg.
3542 4533 3636 4588 ‘25.

2060 4639 2128 4693 17
2147 4637 2188 4708 ).
2214 4637 2328 4692 Νοιι
2351 4636 2504 4700 dixit,
2535 4633 2671 4702 Quid
2701 4642 2811 4687 tum
2835 4673 2850 4698 ,
2883 4632 2926 4685 si
2949 4629 3260 4684 numeravi?
3284 4629 3377 4683 sed
3401 4629 3638 4697 seipsum

2055 4731 2406 4795 condemnat,
2439 4739 2495 4786 et
2539 4727 2658 4782 ideo
2702 4725 2910 4781 veniam
2956 4723 3273 4792 assequitur.
3322 4719 3460 4781 Nihil
3496 4718 3637 4774 enim

2057 4825 2224 4880 Deum
2251 4838 2401 4893 aeque
2427 4820 2600 4876 reddit
2627 4818 2908 4890 propitium
2933 4859 2948 4882 ,
2977 4831 3040 4870 ac
3067 4825 3404 4886 peccatorum
3432 4812 3640 4868 confes-

2056 4919 2156 4972 sio.
2188 4917 2502 4974 lioeaautem
2533 4914 2620 4968 fiet
2640 4954 2656 4978 ,
2700 4913 2742 4966 si
2793 4911 3058 4983 fugiantur
3085 4925 3267 4965 eorum
3311 4916 3481 4963 cmtus
3503 4946 3519 4972 ,
3547 4908 3636 4975 qui

2056 5017 2254 5062 metum
2287 5014 2623 5077 peccatorum
2669 5003 2912 5068 solvunt,
2951 5011 3006 5057 et
3032 5001 3097 5056 ad
3123 4999 3418 5056 socordiam
3449 4996 3637 5064 impel-

2057 5101 2188 5156 lunt.
2225 5099 2290 5154 Β.
2331 5097 2450 5153 ideo
2492 5096 2685 5151 Paulus
2715 5103 2766 5151 et
2810 5094 3068 5150 Jeremias
3103 5093 3170 5148 de
3192 5107 3260 5148 eo
3287 5089 3448 5144 multa
3479 5087 3638 5140 verba

2063 5193 2258 5252 faeiunt
2276 5231 2292 5254 ,
2323 5197 2378 5244 et
2401 5187 2588 5258 jubent
2617 5187 2826 5257 utrique
2855 5185 3034 5255 fugere
3059 5183 3316 5237 malorum
3347 5187 3636 5238 eteorum,

2042 5276 2152 5358 qui
2173 5289 2297 5336 sunt
2320 5279 2453 5334 adeo
2476 5277 2648 5349 ignavi
2671 5319 2685 5342 ,
2712 5273 3168 5331 consuetudinem.
3197 5271 3364 5324 Porro
3389 5267 3491 5322 Job
3516 5281 3641 5335 quo-

2058 5390 2160 5446 que
2204 5373 2306 5427 hoc
2332 5371 2499 5427 refert
2538 5371 2588 5422 in
2617 5381 2893 5423 numerum
2924 5364 3169 5427 virtutis,
3202 5360 3404 5422 dicens,
3444 5358 3504 5412 Si
3530 5374 3642 5410 am-

2059 5465 2224 5520 bulavi
2252 5479 2365 5516 cum
2401 5461 2685 5514 irrisoribus
2719 5457 2872 5528 (Job.
2903 5457 2994 5510 51.
3024 5455 3108 5524 5).
3141 5452 3238 5508 Hic
3253 5459 3429 5534 autem
3460 5459 3642 5505 osten-

2058 5557 2161 5620 dit,
2191 5570 2248 5610 se
2279 5569 2397 5608 cum
2429 5553 2494 5606 iis
2520 5567 2587 5605 ne
2615 5548 2818 5604 sedisse
2843 5545 3055 5618 quidem
3076 5586 3095 5612 ,
3134 5544 3317 5598 dicens
3337 5583 3352 5606 ,
3385 5540 3504 5596 Non
3533 5540 3640 5594 sedi

2057 5648 2110 5700 in
2135 5643 2344 5699 consilio
2371 5641 2648 5695 ludentium
2675 5637 2861 5709 (Psal.
2889 5636 2980 5690 25.
3011 5635 3106 5708 ι).
3134 5634 3258 5690 ideo
3290 5633 3478 5687 l‘aulus
3507 5647 3641 5701 quo-

2061 5755 2164 5810 que
2189 5753 2294 5793 non
2322 5736 2446 5807 sinit
2467 5732 2604 5789 vesci
2629 5746 2751 5786 cum
2775 5730 3058 5811 improbis,
3088 5731 3196 5785 imo
3217 5742 3314 5782 nec
3335 5725 3494 5781 ullam
3516 5740 3637 5778 cum
