4116 6204
439 5743 462 5776 _)

587 232 653 286 39

544 349 623 403 eis
662 349 856 404 habere
894 351 1323 407 consuetudinem
1349 395 1363 418 ,
1415 348 1632 412 dicens:
1679 358 1742 413 Si
1787 361 1896 428 quis
1945 371 2110 414 autem

545 454 644 491 non
688 439 854 492 obedit
893 443 1112 495 sermoni
1148 453 1315 498 nostro
1360 462 1448 514 per
1473 447 1732 514 epistolam
1752 489 1767 512 ,
1800 465 1913 503 eum
1964 461 2112 504 nota-

540 536 588 580 te
608 567 624 592 ,
648 537 695 580 et
734 537 834 582 non
879 533 1233 586 conoersemini
1274 549 1388 586 cum
1413 551 1492 588 eo.
1525 535 1591 588 Et
1615 553 1713 590 non
1741 540 2112 594 communicabo

540 631 651 668 cum
689 617 857 673 electis
897 636 1070 674 eorum
1111 621 1200 692 (2.
1233 621 1409 677 Thess.
1458 625 1667 696 5.14).
1700 628 1883 696 Alius,
1935 629 2114 701 Neque

539 723 642 760 una
671 709 927 763 comedam
952 712 1119 766 dulcia
1147 728 1315 765 eorum
1345 713 1446 783 (a).
1479 714 1658 780 Alius,
1695 716 1812 771 Non
1839 735 2112 791 congrega-

539 800 628 852 bor
652 801 704 853 in
726 799 917 856 deliciis
945 818 1135 858 eorum.
1173 802 1269 857 IIic
1297 803 1424 858 dicit
1449 804 1576 860 illud
1612 808 1958 875 apostolicum
1978 851 1993 876 ,
2022 810 2107 866 fu-

536 888 756 953 giendas
775 905 892 944 esse
915 891 1134 946 delicias
1152 892 1356 946 illorum
1383 902 1436 948 et
1463 896 1701 950 convivia
1723 937 1738 962 ,
1763 897 1850 951 ubi
1879 901 2108 958 maxime

530 978 724 1033 crescit
754 975 1023 1048 peccatum
1047 1022 1063 1046 ,
1096 980 1180 1034 ubi
1210 981 1378 1048 major
1406 991 1489 1038 est
1517 984 1731 1040 libertas
1776 995 1830 1042 et
1871 989 2102 1045 licentia.

601 1068 653 1122 8.
680 1068 793 1122 Non
815 1077 896 1124 est
917 1077 1093 1125 autem
1116 1072 1216 1127 hoc
1243 1087 1461 1142 parvum
1486 1075 1694 1146 signum
1733 1079 1970 1147 virtutis,
1999 1098 2102 1137 non

533 1172 690 1226 parva
734 1159 814 1212 via
841 1162 1215 1228 correctionis,
1242 1163 1499 1232 ejusmodi
1529 1165 1710 1237 fugere
1750 1171 1984 1224 convivia
2004 1211 2020 1237 ,
2049 1181 2104 1228 et

534 1250 662 1304 tales
691 1259 892 1315 ctetns,
927 1267 1096 1322 neque
1122 1256 1354 1309 revereri
1384 1257 1666 1312 amicitiam
1687 1301 1702 1324 ,
1734 1275 1904 1330 neque
1931 1264 2100 1318 ventri

530 1342 820 1397 servientes
847 1343 1012 1398 robur
1039 1354 1093 1399 et
1119 1349 1468 1402 constantiam
1495 1350 1654 1405 animi
1681 1351 1989 1409 dissolvere.
2023 1355 2096 1411 Ita

533 1433 656 1486 dum
685 1434 835 1488 multi
859 1445 1228 1490 revererentur
1252 1439 1572 1508 amicitiam,
1597 1441 1649 1495 in
1693 1443 1962 1498 ebrietatis
1998 1445 2099 1500 Ilu-

531 1537 648 1579 rtus
676 1526 902 1582 devoluti
946 1537 1098 1595 sunt,
1131 1529 1200 1584 ita
1244 1531 1378 1600 capti
1409 1541 1532 1586 sunt
1570 1547 1599 1586 a
1644 1533 2017 1606 fornicatione,
2045 1547 2100 1594 et

529 1615 701 1684 ignem
721 1616 1011 1686 voluptatis
1035 1619 1426 1686 accenderunt,
1449 1621 1574 1676 dum
1599 1625 1802 1694 sequuti
1826 1634 1949 1681 sunt
1970 1642 2098 1682 con-

527 1707 660 1761 vivia
682 1717 736 1762 et
767 1707 969 1763 theatra
999 1709 1243 1765 habentia
1265 1713 1486 1768 multum
1514 1715 1818 1785 iniquitatis.
1848 1717 1958 1772 Hoc
1985 1719 2096 1788 ipse

525 1811 733 1866 quoque
758 1798 986 1853 ostendit
1011 1813 1070 1854 se
1092 1799 1278 1856 fecisse
1295 1843 1311 1868 ,
1339 1811 1396 1856 ut
1421 1817 1488 1859 ne
1507 1803 1764 1872 ejusmodi
1791 1822 1986 1863 mensa:
2005 1825 2094 1864 es-

526 1895 607 1941 set
651 1889 932 1958 particeps.
961 1889 1014 1945 5.
1044 1889 1289 1961 Corripiet
1327 1909 1406 1946 me
1437 1895 1610 1964 justus
1633 1895 1688 1948 in
1713 1896 2054 1952 misericordia
2074 1940 2090 1966 ,

523 1989 567 2030 et
590 1979 860 2049 increpabit
889 1995 1000 2034 me:
1019 1981 1184 2035 oleum
1207 1996 1369 2036 autem
1396 1985 1668 2053 peccatoris
1692 2003 1793 2040 non
1821 1987 2092 2059 impinguet

522 2080 671 2138 caput
692 2087 873 2125 meum.
901 2071 1049 2126 Alius
1069 2113 1085 2140 ,
1109 2071 1409 2127 Misereatur
1427 2075 1522 2128 mei
1535 2075 1708 2144 justus
1728 2077 2088 2147 misericordia,

521 2169 566 2212 et
595 2160 813 2230 increpet
843 2162 883 2214 ί.
911 2161 1023 2217 Hoc
1045 2177 1254 2233 quoque
1278 2177 1394 2217 cum
1430 2163 1604 2233 priore
1631 2179 1734 2220 non
1763 2175 1844 2221 est
1869 2183 2088 2237 parvum

519 2263 686 2318 genus
712 2251 950 2317 virtutis,
975 2267 1078 2306 non
1107 2251 1287 2322 fugere
1315 2253 1752 2324 reprehensiones
1773 2265 1830 2312 et
1853 2257 2090 2329 increpa-

520 2339 692 2395 tiones
717 2357 834 2412 quae
864 2343 991 2398 liunt
1012 2358 1040 2398 a
1063 2343 1237 2413 justis.
1268 2345 1417 2412 Quod
1445 2355 1624 2402 autem
1651 2347 1810 2416 dicit,
1836 2358 1919 2404 est
1945 2351 2087 2419 ejus-

517 2430 658 2484 modi
685 2449 700 2486 :
734 2431 929 2487 Eorum
957 2433 1167 2504 quidem
1188 2475 1202 2499 ,
1235 2435 1320 2506 qui
1365 2435 1431 2490 ad
1457 2437 1678 2506 gratiam
1709 2435 1994 2507 IOquuntur
2032 2441 2087 2496 in

515 2521 762 2577 damnum
785 2563 803 2590 ,
831 2533 999 2580 castus
1028 2541 1310 2596 numquam
1337 2527 1522 2583 fuerim
1546 2530 1808 2600 particeps
1833 2549 1847 2584 :
1876 2545 1969 2586 eos
1994 2547 2087 2588 au-

513 2621 620 2668 tem
662 2614 913 2685 elegerim
951 2616 1040 2686 qui
1082 2626 1207 2672 sunt
1234 2616 1610 2687 vehementes,
1654 2620 1742 2690 qui
1785 2621 2081 2692 corrigunt,

512 2703 598 2774 qui
631 2713 897 2775 peccatum
943 2707 1218 2776 aperiunt,
1269 2709 1356 2778 qui
1385 2711 1799 2780 reprehendunt.
1845 2711 1958 2767 Hoc
2003 2722 2086 2768 est

510 2797 651 2851 enim
699 2797 930 2854 maxime
976 2799 1352 2856 misericordia:
1399 2809 1454 2857 et
1497 2803 1830 2871 dementire,
1880 2804 2080 2862 mederi

510 2885 833 2942 vulneribus.
867 2886 1045 2943 Oleum
1068 2899 1234 2944 autem
1263 2893 1535 2960 peccatoris
1557 2909 1658 2947 non
1695 2893 1970 2966 impinguet
1992 2912 2082 2950 ca-

509 2985 598 3045 put
636 2995 822 3033 mcum.
851 2979 1036 3034 Vidisti
1080 2981 1308 3036 animam
1350 2982 1545 3038 virtute
1587 2984 1930 3050 instructam,
1961 3001 2081 3055 quae

509 3068 608 3120 fert
656 3068 900 3124 lubenter
945 3069 1206 3138 justorum
1258 3072 1730 3141 reprehensiones,
1777 3075 1846 3130 ab
1889 3075 2081 3145 iniquis

507 3167 680 3212 autem
699 3200 716 3226 ,
744 3160 824 3214 vel
853 3159 918 3214 ad
946 3161 1164 3230 gratiam
1193 3160 1358 3216 factas
1381 3162 1586 3231 rejicit?
1611 3163 1822 3230 Quare?
1853 3165 1982 3232 Quia
2005 3166 2078 3222 illi

509 3249 592 3303 vel
643 3251 956 3304 miserentes
1001 3245 1143 3320 stupe
1189 3250 1402 3305 exitium
1449 3252 1772 3309 attulerunt:
1803 3253 1857 3308 hi
1902 3263 2078 3310 autem

508 3343 700 3394 acriter
724 3342 1041 3396 insectantes
1062 3351 1114 3396 et
1137 3343 1464 3412 increpantes
1489 3355 1862 3411 correxerunt;
1881 3355 1932 3402 et
1957 3361 2076 3402 eum

509 3428 696 3482 Itortttn
760 3429 1171 3498 reprehensione
1225 3433 1503 3500 conjuncta
1552 3443 1632 3488 est
1684 3435 2074 3502 misericordia,

507 3526 624 3563 cum
668 3513 874 3566 illorum
906 3515 1262 3569 misericordia
1304 3530 1467 3570 mors.
1499 3517 1563 3570 Et
1591 3517 1710 3572 ideo
1750 3517 1884 3572 dixit
1929 3521 2075 3588 quis-

507 3605 683 3671 piam:
726 3603 983 3658 Fideliora
1011 3607 1285 3660 amicorum
1322 3609 1564 3673 uulnera,
1604 3624 1754 3677 quam
1795 3609 2076 3664 uoluntaria

506 3695 677 3748 oscula
723 3696 1040 3750 inimicorum
1085 3697 1272 3769 (Prov.
1316 3698 1405 3752 27.
1438 3699 1522 3769 li).
1569 3698 1854 3755 Considera
1899 3711 2074 3756 autem

505 3785 771 3852 quomodo
802 3787 884 3841 hic
907 3788 1166 3858 significat
1195 3788 1322 3844 illud
1347 3790 1692 3859 apostolicum
1719 3807 1731 3843 :
1765 3789 2072 3862 Redargtte,

504 3877 743 3946 increpa,
793 3878 1053 3932 exltortare
1090 3879 1177 3948 (2.
1214 3878 1340 3935 Tim.
1383 3881 1436 3935 4.
1480 3879 1572 3950 2).
1617 3880 1758 3936 Talis
1807 3892 1890 3936 est
1931 3881 2073 3937 enim

503 3975 802 4022 sanctorum
824 3967 1184 4038 reprehensio.
1215 3969 1287 4024 Ita
1307 3969 1464 4026 etiam
1490 3969 1686 4025 faciunt
1705 3971 1896 4026 medici
1921 3989 1935 4026 :
1968 3987 2072 4027 non

505 4060 673 4112 solum
714 4069 926 4124 secant,
959 4059 1052 4115 sed
1081 4061 1238 4115 etiam
1268 4060 1503 4132 alligant.
1543 4060 1801 4128 Quocirca
1830 4061 2072 4118 Christus

502 4167 709 4221 quoque
728 4153 961 4208 efﬁciens
982 4163 1035 4206 ut
1053 4161 1198 4223 grata
1222 4163 1362 4208 esset
1380 4162 1434 4208 et
1451 4162 1664 4223 accepta
1692 4155 2036 4225 reprehensio
2053 4197 2068 4222 ,

503 4260 606 4298 non
628 4245 753 4298 sinit
781 4245 1244 4314 reprehensionem
1265 4244 1333 4299 ab
1357 4245 1506 4299 initio
1535 4245 1821 4314 publicari,
1851 4247 2066 4302 dicens:

514 4333 683 4401 Vade.
727 4345 773 4388 et
813 4335 1116 4404 reprehende
1158 4335 1327 4404 ipsum
1369 4336 1499 4389 inter
1541 4344 1588 4388 te
1613 4345 1660 4389 et
1700 4337 1867 4404 ipsum
1907 4337 2070 4394 solum

505 4425 724 4495 (Matth.
757 4427 844 4482 I8.
873 4427 996 4496 15).
1022 4425 1096 4480 Ita
1124 4426 1283 4481 etiam
1315 4425 1538 4480 faciebat
1566 4426 1757 4480 Paulus
1782 4429 2068 4486 ostendens

501 4519 960 4586 reprehensionem
991 4533 1109 4573 cum
1151 4516 1508 4572 misericordia
1531 4559 1547 4584 ,
1577 4531 1716 4572 nunc
1739 4517 1949 4586 quidem
1991 4520 2070 4574 di—

499 4622 628 4661 cens
652 4625 664 4660 :
694 4607 738 4660 0
761 4609 996 4662 insensati
1023 4607 1218 4664 Galatae
1245 4608 1268 4678 (
1285 4606 1452 4661 Galat.
1477 4608 1530 4662 5.
1560 4609 1580 4662 I
1603 4608 1658 4677 );
1690 4623 1828 4662 nunc
1852 4618 2025 4665 autem
2053 4629 2066 4665 :

503 4695 676 4750 Filioli
704 4699 818 4762 mei,
844 4717 967 4769 quos
991 4699 1170 4753 iterum
1195 4699 1418 4769 parturio
1457 4698 1656 4770 (Galat.
1681 4701 1735 4756 4.
1759 4701 1881 4772 19).
1904 4703 2071 4772 Opor-

503 4798 576 4844 tet
604 4789 744 4844 enim
770 4805 889 4844 eum
909 4831 924 4857 ,
947 4789 1034 4859 qui
1061 4788 1434 4860 reprehendit,
1463 4790 1627 4845 multa
1653 4793 1952 4862 excogitare
1971 4836 1984 4860 ,
2013 4803 2071 4848 ut

499 4888 713 4948 accepta
742 4878 808 4932 sit
845 4888 899 4933 et
924 4888 1066 4948 grata
1106 4878 1222 4949 ejus
1271 4878 1651 4947 reprehensio:
1682 4889 1735 4936 et
1765 4897 1950 4952 magna
1980 4898 2068 4938 sa-

501 4973 694 5040 pientia
741 4985 875 5038 opus
903 4979 986 5024 est
1023 4970 1104 5034 ei,
1135 4971 1222 5041 qui
1251 4970 1548 5026 adhibuerit
1574 4973 1678 5028 tale
1706 4973 2067 5030 medicamen-

499 5071 606 5115 tum
632 5077 646 5113 :
672 5074 736 5115 ac
764 5059 964 5131 majore
989 5058 1199 5129 quidem
1237 5059 1491 5130 sapientia
1517 5075 1649 5131 opus
1677 5071 1759 5116 est
1785 5062 1832 5116 ei
1860 5062 1950 5134 qui
1978 5077 2066 5118 re-

562 5254 578 5286 ί
614 5260 725 5303 Haec
747 5252 1006 5318 Iectio‘est
1028 5252 1168 5318 juxta
1192 5252 1643 5318 interpretationem
1680 5251 1867 5315 Aquilae
1885 5288 1900 5314 ,
1931 5257 2068 5318 cujus

494 5319 683 5363 textum
715 5323 925 5364 Graecum
943 5314 1041 5370 ,ιιὶιὲ
1072 5315 1287 5364 vitiatum
1309 5314 1459 5362 fuisse
1484 5314 1804 5378 suspicamur;
1829 5314 2067 5378 siquidem

499 5388 749 5439 provoca,
773 5388 970 5439 ωτξάτυ,
996 5389 1107 5439 qua
1145 5388 1272 5439 nunc
1299 5381 1474 5439 prince
1511 5373 1706 5439 legitur,
1732 5373 2067 5439 et'respondet

497 5438 602 5484 voci
625 5440 824 5501 latinae,
837 5436 1068 5501 increpet.
1095 5436 1278 5501 legitur
1296 5437 1346 5484 in
1365 5437 1507 5501 Regia
1519 5436 1722 5501 quadam
1743 5436 1938 5501 Catena,
1960 5463 2068 5488 mt-

498 5506 671 5554 λιοάτυ,
693 5499 828 5560 quasi
850 5496 998 5552 dicas.
1019 5496 1193 5546 mallc'o
1213 5496 1494 5562 metundat,
1517 5496 1616 5558 vel,
1639 5497 1864 5548 extendat
1906 5509 1924 5547 :
1955 5511 2066 5562 quas

497 5587 614 5625 vera
639 5556 1017 5639 est-signiﬁcatio
1039 5579 1172 5626 vocis
1203 5556 1406 5635 #373579.

559 5666 634 5726 (a)
666 5671 773 5714 Haec
795 5668 1132 5727 interpretatio
1155 5673 1231 5716 est
1255 5667 1393 5730 juxta
1417 5669 1759 5734 Symmachum.

1255 237 1311 293 S.
1351 239 1626 297 JOANNIS
1663 243 2128 301 CIIRYSOSTOMI
2169 235 2482 309 ARCIIIEP.
2521 255 3052 317 CONSTANTINOP.

3677 280 3769 334 440

2220 365 2534 437 prehendit,
2581 386 2736 440 quam
2768 375 2816 428 ei
2860 376 2949 446 qui
2988 391 3178 448 corpus
3221 380 3430 438 scindit.
3473 385 3766 453 Quomodo?

2217 456 2475 522 Quoniam
2503 461 2608 516 illic
2637 465 2846 532 quidem
2869 467 3006 522 aliud
3035 479 3117 524 est
3139 472 3276 541 quod
3305 474 3534 543 scindit,
3561 487 3612 532 et
3637 481 3764 538 aliud

2215 546 2355 614 quod
2375 547 2610 605 dolorem
2632 556 2882 624 suscipit;
2904 558 2989 612 hic
3011 569 3182 614 autem
3201 562 3381 616 eadem
3404 573 3485 619 est
3508 581 3621 635 qua:
3641 574 3764 626 scin-

2216 635 2356 690 ditur
2374 679 2388 705 ,
2416 650 2472 694 et
2494 657 2611 710 qua:
2637 643 2823 700 dolore
2841 647 3086 704 afficitur.
3117 649 3293 705 Oleum
3321 663 3486 707 autem
3511 663 3764 724 peccatoris

2214 741 2314 781 non
2355 730 2630 802 impinguet
2671 744 2824 805 caput
2851 753 3034 792 meum.
3065 738 3198 807 Quid
3242 739 3342 796 hoc
3369 744 3489 797 est?
3535 745 3624 800 Ille
3645 787 3661 812 ,
3690 749 3762 803 in-

2211 817 2361 884 quit,
2394 834 2497 874 non
2536 825 2724 892 quarrit
2759 826 3035 882 utilitatem
3079 829 3366 896 auditoris,
3398 833 3489 887 sed
3518 849 3690 901 suam,
3716 849 3764 893 ut

2210 903 2454 961 videatur
2472 911 2650 965 suavis
2669 951 2684 977 ,
2703 910 2997 981 jucundus,
3019 925 3072 970 et
3090 917 3291 972 amicus
3315 937 3327 972 :
3352 919 3438 974 hic
3461 930 3631 976 autem
3653 937 3763 980 ante

2210 1007 2358 1048 suam
2383 998 2601 1066 gratiam
2626 1002 2926 1058 considerat
2950 1005 3091 1060 illius
3114 1007 3411 1064 utilitatem.
3440 1009 3588 1067 Unde
3616 1017 3761 1070 etiam

2210 1082 2310 1140 hac
2337 1087 2541 1143 ratione
2568 1089 2708 1145 inter
2735 1106 2794 1146 se
2833 1094 3060 1149 maxime
3095 1096 3364 1153 differunt.
3391 1099 3447 1155 Si
3474 1111 3646 1156 autem
3686 1109 3761 1162 vel

2207 1177 2522 1234 miserantes
2559 1182 2836 1237 aversandi
2868 1183 3129 1254 improbi;
3163 1189 3372 1257 quando
3411 1201 3536 1246 sunt
3582 1193 3758 1248 admit-

2181 1263 2720 1341 4endi?Numquam.
2748 1274 3099 1340 Quamobrem
3129 1280 3333 1334 etiamsi
3359 1282 3594 1350 prebeat
3616 1300 3760 1352 pecu-

2205 1357 2348 1424 nias,
2387 1361 2592 1416 etiamsi
2621 1362 2836 1418 delicias
2862 1367 3128 1434 promittat
3155 1377 3208 1422 et
3246 1369 3475 1432 honores
3493 1413 3510 1440 ,
3537 1387 3656 1427 eum
3686 1392 3760 1429 re-

2201 1450 2338 1518 pelle
2365 1461 2419 1506 et
2457 1451 2612 1521 fuge;
2634 1453 2833 1524 justum
2873 1466 3046 1512 autem
3077 1459 3282 1514 etiamsi
3315 1471 3365 1517 te
3393 1464 3568 1519 verbis
3601 1466 3759 1520 luditi-

2201 1551 2350 1597 cetur
2368 1585 2382 1610 ,
2405 1545 2608 1600 etiamsi
2640 1556 2691 1602 te
2713 1547 2950 1619 increpet
2976 1561 3026 1606 et
3054 1552 3370 1622 insectetur,
3392 1571 3616 1628 sequere
3639 1578 3650 1614 :
3681 1562 3759 1616 ille

2200 1632 2340 1686 enim
2385 1641 2467 1688 est
2525 1635 2615 1705 qui
2668 1643 2720 1692 te
2777 1637 2964 1710 diligit.
3018 1640 3267 1708 Quoniam
3315 1646 3481 1700 adhuc
3526 1658 3571 1701 et
3615 1653 3761 1704 oratio

2199 1737 2308 1776 mea
2360 1724 2412 1777 in
2465 1725 2782 1795 beneplacitis
2835 1745 3023 1784 eorum.
3074 1732 3219 1787 Alius
3253 1774 3269 1798 ,
3320 1735 3498 1788 Adhuc
3539 1739 3670 1791 enim
3719 1752 3760 1793 et

2197 1817 2357 1870 oratio
2393 1833 2504 1871 mea
2547 1819 2680 1872 intra
2721 1821 2840 1874 vitia
2875 1822 3100 1890 ipsorum
3145 1823 3208 1896 (α
3229 1835 3271 1893 ).
3300 1825 3448 1880 Alius
3471 1867 3487 1893 ,
3521 1826 3759 1892 Quoniam

2195 1907 2359 1960 adhuc
2391 1917 2437 1961 et
2467 1909 2625 1962 oratio
2653 1925 2763 1963 mea
2790 1911 2844 1964 in
2870 1911 3264 1983 improbitatibus
3288 1915 3531 1984 ipsorum.
3737 1987 3742 1992 η

2268 1991 2498 2053 Orationi
2525 2001 2618 2054 soli
2645 2018 2745 2055 non
2769 2003 3141 2071 conﬁdendum,
3169 2006 3256 2058 sed
3281 2016 3328 2060 et
3355 1991 3756 2078 operandam—4

2197 2087 2322 2144 Haec
2349 2089 2559 2158 quidem
2586 2093 2754 2160 petiit.
2772 2093 2859 2148 illa
2889 2109 3019 2149 vero
3041 2096 3243 2164 praebet
3265 2111 3295 2151 a
3316 2100 3490 2168 seipso
3520 2118 3534 2154 :
3563 2111 3622 2156 et
3646 2102 3757 2159 hinc

2192 2181 2424 2236 ostendit
2462 2197 2566 2237 non
2596 2193 2841 2253 oportere
2870 2200 2964 2241 eos
2991 2187 3160 2242 solum
3191 2189 3457 2246 conﬁdere
3499 2194 3756 2262 orationi,

2190 2271 2386 2326 inertes
2420 2287 2610 2342 nempe
2634 2282 2688 2328 et
2715 2273 3059 2343 dormientes,
3087 2277 3180 2332 sed
3207 2288 3455 2348 oportere
3478 2281 3641 2336 etiam
3669 2297 3756 2338 sua

2189 2359 2450 2417 conferre.
2475 2362 2610 2431 Quid
2659 2363 2746 2420 hic
2772 2374 2947 2420 autem
2975 2382 3040 2422 ex
3078 2382 3138 2422 se
3183 2369 3424 2438 praebet?
3453 2371 3567 2426 Non
3602 2388 3754 2442 oves,

2187 2450 2350 2507 boves
2371 2493 2387 2518 ,
2418 2461 2472 2507 et
2515 2457 2765 2524 pecunias
2783 2497 2798 2524 ,
2827 2457 2918 2512 sed
2966 2472 3172 2513 morum
3221 2459 3644 2518 moderationem
3668 2506 3683 2531 ,
3709 2474 3756 2519 et

2186 2543 2324 2612 quod
2360 2544 2656 2599 mirandum
2686 2545 2736 2598 in
2773 2546 2986 2601 modum
3023 2561 3204 2603 eorum
3248 2549 3413 2620 fugiat
3449 2552 3754 2622 improbita-

2189 2643 2318 2689 tem.
2345 2633 2460 2690 Non
2499 2636 2690 2702 solum,
2719 2636 2919 2707 inquit,
2947 2638 3154 2694 illorum
3191 2642 3538 2710 perniciosam
3568 2644 3753 2716 fugiam

2184 2727 2445 2796 gratiam,
2494 2743 2592 2782 nec
2643 2729 2830 2800 eligam
2877 2730 3072 2786 horum
3120 2732 3624 2802 reprehensionem,
3667 2737 3755 2792 sed

2183 2818 2340 2871 etiam
2369 2818 2518 2873 stabo
2538 2818 2790 2874 adversus
2810 2835 2992 2875 eorum
3019 2822 3360 2893 cupiditates:
3379 2833 3587 2882 tantum
3614 2828 3756 2883 abest

2183 2917 2241 2963 ut
2267 2909 2457 2979 eligam
2483 2923 2666 2964 eorum
2698 2911 3135 2980 misericordiam,
3165 2922 3221 2967 ut
3246 2929 3430 2983 precer
3455 2928 3645 2972 contra
3668 2933 3753 2973 eo-

2183 3014 2298 3054 rum
2325 2999 2657 3069 cupiditates.
2685 2999 2796 3057 Hoc
2821 3002 2960 3057 enim
2986 3002 3085 3058 sibi
3109 3003 3220 3059 vult
3246 3004 3394 3071 illud,
3426 3005 3492 3059 In
3520 3007 3752 3078 benepla-

2180 3090 2290 3144 citis
2334 3106 2523 3144 eorum.
2553 3089 2606 3144 6.
2643 3089 2877 3161 Absorpti
2901 3102 3020 3146 sunt
3047 3094 3201 3164 juxta
3229 3103 3416 3164 petram
3443 3095 3650 3166 judices
3671 3113 3752 3152 eo-

2181 3197 2313 3235 rum.
2356 3181 2538 3247 Alius,
2577 3180 2863 3236 Aoetlentur
2899 3183 2951 3237 in
2990 3199 3144 3237 manu
3181 3194 3349 3255 petris.
3379 3184 3625 3242 Ostendit
3673 3188 3753 3243 hic

2181 3287 2338 3340 quam
2363 3273 2432 3328 sit
2453 3283 2720 3341 peccatum
2743 3283 3043 3344 expugnato
3069 3274 3239 3340 facile,
3263 3287 3315 3332 et
3334 3293 3490 3348 quam
3515 3295 3751 3350 praeceps

2179 3361 2385 3417 vitium.
2417 3363 2558 3433 Ipsi,
2599 3364 2800 3436 inquit,
2835 3365 3132 3436 principes,
3165 3367 3254 3436 qui
3297 3369 3470 3423 omnia
3503 3369 3750 3426 devasta-

2180 3454 2305 3509 bant
2330 3494 2344 3520 ,
2374 3455 2664 3525 perierunt.
2711 3455 2823 3510 Non
2853 3455 2985 3511 dixit
3029 3467 3205 3514 autem
3229 3499 3244 3524 ,
3272 3458 3548 3516 Perierunt
3577 3504 3595 3528 ,
3627 3463 3749 3529 sed,

2177 3545 2414 3617 Absorpti
2440 3556 2577 3613 sunt,
2621 3547 2923 3618 significans
2950 3563 3042 3604 eos
3071 3549 3138 3604 ita
3174 3551 3412 3620 periisse,
3447 3560 3505 3607 ut
3547 3555 3747 3608 nullum

2177 3636 2246 3691 sit
2287 3637 2545 3706 reliquum
2573 3651 2758 3692 eorum
2802 3638 3115 3708 vestigium,
3138 3639 3277 3709 quod
3310 3640 3469 3694 etiam
3508 3641 3642 3698 dicit
3685 3643 3748 3696 de

2178 3727 2339 3797 impio
2365 3746 2377 3782 :
2402 3726 2633 3782 Transivi
2653 3768 2667 3794 ,
2695 3738 2742 3782 et
2779 3744 2891 3783 ecce
2923 3745 3023 3783 non
3051 3738 3154 3783 erat
3183 3745 3202 3784 :
3227 3729 3434 3801 quesiot'
3473 3733 3643 3802 ipsum
3661 3774 3675 3798 ,
3704 3741 3750 3786 et

2176 3836 2276 3874 non
2315 3829 2386 3875 est
2427 3821 2652 3876 inventus
2698 3824 2837 3875 locus
2879 3823 2987 3893 ejus
3029 3821 3305 3893 (Psal.36.
3332 3823 3444 3896 56).
3483 3827 3623 3893 Quid
3669 3835 3748 3881 est

2175 3908 2376 3965 Juxta?
2421 3910 2614 3980 Prope.
2659 3909 2810 3978 Quod
2863 3920 3036 3967 autem
3084 3912 3249 3980 dicit,
3295 3923 3377 3970 est
3436 3915 3746 3984 ejusmodi:

2175 4002 2627 4070 Quemadmodum
2667 4011 2814 4072 petra
2843 4003 3051 4073 aliqua,
3079 4019 3194 4074 quae
3239 4004 3290 4059 in
3329 4020 3476 4061 mare
3511 4007 3745 4077 projecta

2174 4095 2264 4161 sit,
2294 4107 2399 4148 non
2428 4101 2683 4164 apparet:
2709 4094 2776 4148 ita
2808 4095 2966 4150 etiam
2996 4093 3250 4150 demersae
3277 4097 3483 4151 illorum
3523 4097 3746 4154 felicita-

2174 4195 2254 4240 tes
2280 4185 2532 4254 deinceps
2560 4200 2664 4238 non
2691 4185 2919 4255 amplius
2947 4196 3221 4256 apparent,
3247 4202 3364 4243 cum
3397 4189 3632 4246 funditus
3662 4192 3744 4245 in-

2175 4275 2431 4330 terierint.
2460 4274 2558 4330 Vel
2595 4277 2698 4331 hoc
2733 4291 2860 4346 ergo
2895 4276 3060 4344 dicit,
3087 4276 3316 4333 deletum
3345 4293 3464 4335 esse
3509 4279 3746 4337 funditus

2173 4383 2356 4424 eorum
2382 4383 2572 4424 nomen
2593 4376 2647 4422 et
2669 4369 2908 4439 gloriam,
2927 4368 3011 4424 vel
3033 4369 3083 4424 id
3111 4369 3370 4441 significat
3388 4387 3508 4427 esse
3533 4383 3744 4442 potens,

2173 4463 2446 4518 robustum
2471 4472 2525 4519 et
2549 4463 2801 4519 validum.
2827 4463 2956 4518 Illud
2982 4464 3122 4518 enim
3152 4465 3429 4535 significat,
3457 4467 3747 4521 Aveltentur

2174 4555 2227 4607 in
2255 4571 2407 4608 manu
2433 4564 2603 4623 petra.
2641 4555 2861 4609 Audient
2884 4555 3028 4610 verba
3052 4572 3182 4620 mea,
3212 4557 3446 4626 quoniam
3471 4559 3649 4612 suauia
3669 4563 3748 4630 fa-

2173 4655 2254 4698 cta
2297 4653 2435 4698 sunt.
2469 4645 2635 4708 Alius,
2662 4644 2912 4712 Quoniam
2941 4646 3131 4699 munita
3155 4657 3271 4700 sunt
3297 4649 3551 4703 satellitio.
3571 4650 3744 4714 Alius,

2177 4735 2423 4802 Quoniam
2447 4735 2672 4804 speciosa
2699 4738 2833 4804 facta
2873 4743 2991 4788 sunt
3027 4735 3124 4805 (ὁ).
3165 4735 3275 4790 Hoc
3299 4743 3415 4800 est,
3439 4737 3624 4792 Scient
3653 4753 3748 4808 per

2172 4841 2347 4880 rerum
2374 4825 2749 4896 experientiam
2789 4825 3173 4881 exhortationis
3209 4835 3262 4882 et
3293 4828 3499 4884 consilii
3529 4829 3634 4885 mei
3659 4829 3747 4899 ju-

2172 4917 2512 4973 cunditatem.
2537 4917 2604 4972 Et
2622 4916 2919 4988 quomodo?
2941 4919 3575 4988 Reprehensiojustorum
3601 4919 3748 4975 hunc

2171 5008 2414 5080 producit
2443 5008 2691 5077 fructum,
2723 5016 2983 5064 eteorum
3009 5009 3280 5079 disciplina
3311 5026 3552 5082 magnam
3589 5011 3748 5068 aﬂ'ert

2170 5102 2514 5169 voluptatem.

2241 5193 2294 5247 9.
2319 5191 2460 5246 Talis
2486 5199 2568 5246 est
2588 5191 2728 5247 enim
2754 5192 2920 5247 virtus
2947 5208 2960 5247 :
2988 5191 3143 5246 habet
3170 5191 3382 5261 quidem
3409 5192 3584 5248 brevis
3609 5201 3748 5247 tem-

2171 5285 2318 5355 poris
2361 5283 2592 5338 laborem
2616 5323 2631 5349 ,
2657 5291 2963 5353 perpetuam
3007 5293 3182 5338 autem
3222 5283 3477 5338 Imtitiam.
3519 5284 3570 5338 7.
3596 5283 3750 5338 Sicut

2172 5373 2449 5428 crassitudo
2472 5381 2615 5426 terra:
2637 5382 2816 5442 erupta
2839 5382 2911 5426 est
2937 5389 3086 5443 super
3106 5383 3288 5427 terram
3316 5388 3334 5426 :
3359 5373 3604 5444 dissipata
3631 5383 3749 5428 sunt

2233 5484 2312 5562 (α)Ι
2338 5490 2448 5534 Hac
2469 5485 2806 5548 interpretatio
2822 5493 2900 5536 est
2915 5485 3054 5548 juxta
3071 5485 3415 5562 Symmachum,
3434 5485 3585 5536 altera
3603 5487 3751 5548 juxta

2171 5545 2454 5670 _Aq(‘il)|aiilii:e
2485 5607 2670 5657 variant
2693 5607 3125 5670 interpretationes
3160 5609 3212 5657 in
3233 5607 3323 5657 hoc
3345 5605 3472 5670 loco,
3489 5613 3544 5658 ut
3576 5607 3753 5658 videas

2171 5666 2225 5717 in
2247 5665 2472 5730 Hexaplis
2492 5671 2684 5719 nostris.

3459 5780 3486 5801 ο
