4116 6204
438 240 537 296 Ml

437 368 553 406 ossa
603 357 772 403 nostra
823 365 964 404 secus
1011 350 1280 419 infernum.
1338 345 1520 406 Alius,
1567 333 1997 407 Quemadmodum

437 440 658 505 agricola
686 441 888 508 quando
911 441 1091 494 scindit
1116 449 1298 492 terram
1323 453 1342 490 :
1377 436 1446 487 ita
1473 431 1714 500 dissipata
1737 435 1852 482 sunt
1887 439 1998 478 ossa

437 539 606 584 nostra
628 529 681 583 in
693 546 778 585 ore
787 530 974 602 inferni
987 528 1078 601 (a).
1093 527 1261 591 Alius,
1272 521 1491 578 Perinde
1501 537 1562 573 ac
1570 521 1613 572 is
1622 520 1709 589 qui
1731 515 1998 585 confringit

433 640 496 676 ac
525 623 736 676 dissecat
763 618 962 687 terram,
986 621 1224 688 dissipata
1247 623 1356 669 sunt
1381 627 1492 666 ossa
1516 618 1684 663 nostra
1707 608 1757 660 in
1779 607 1992 676 inferno.
2057 679 2068 687 _

438 713 605 776 Alius,
635 712 699 766 Ut
725 713 812 781 qui
847 711 1055 780 pulchre
1089 707 1206 761 colit
1233 713 1277 758 et
1316 701 1442 767 fodit
1484 700 1535 751 in
1571 706 1722 760 terra,
1754 695 1997 761 dissipata

433 813 550 858 sunt
597 819 712 856 ossa
756 812 924 856 nostra
987 799 1144 868 juxta
1196 797 1479 866 infernum.
1540 789 1822 856 Postquam
1865 785 1996 839 dixit

433 892 594 947 verba
639 906 731 944 sua
775 891 968 944 habere
1004 887 1280 956 plurimum
1311 879 1593 949 voluptatis
1621 919 1637 944 ,
1664 878 1791 932 dicit
1838 876 1993 930 etiam

434 991 644 1037 veteres
670 979 1016 1034 calamitates.
1042 975 1290 1043 Quamvis
1313 1013 1327 1037 ,
1358 971 1554 1040 inquit,
1582 979 1816 1025 extrema
1856 966 1995 1036 passi

433 1086 636 1134 sumus,
663 1080 714 1122 et
763 1076 1026 1135 tamquam
1070 1063 1326 1133 proscissa
1347 1102 1361 1125 ,
1391 1069 1632 1114 arata-ct
1667 1058 1800 1112 fossa
1831 1065 1992 1118 terra,

431 1159 658 1228 dispersi
683 1169 864 1212 sumus
890 1167 1076 1208 omnes
1101 1160 1155 1208 et
1179 1151 1449 1220 periimus,
1473 1157 1526 1203 et
1552 1147 1616 1202 ad
1645 1148 1785 1215 ipsas
1811 1145 1997 1200 mortis

433 1259 614 1321 portas
637 1247 942 1302 devenimus
973 1263 986 1298 :
1023 1245 1093 1298 ita
1121 1254 1291 1298 tamen
1320 1241 1492 1296 affecti
1523 1241 1797 1295 mallemus
1818 1251 1997 1306 repre-

437 1341 745 1402 hensionem
790 1347 844 1393 et
882 1337 1262 1392 correctionem
1287 1335 1570 1404 iustorum,
1593 1347 1748 1401 quam
1788 1329 1998 1384 miseri-

432 1430 666 1486 cordiam
691 1437 1047 1498 peccatorum.
1072 1426 1298 1492 Etenim,
1316 1424 1679 1494 quodcumque
1705 1421 1990 1486 acciderit,

431 1537 463 1576 a
491 1531 575 1576 tua
602 1536 695 1590 spe
724 1520 1011 1589 pendemus
1033 1560 1048 1584 ,
1080 1533 1250 1586 neque
1278 1517 1560 1586 quidquam
1587 1515 1736 1570 nobis
1762 1513 1990 1580 eveniet,

433 1611 573 1682 quod
603 1613 765 1680 possit
789 1609 1036 1664 cohibere
1063 1609 1341 1677 quominus
1365 1607 1428 1660 ad
1459 1615 1508 1661 te
1534 1605 1896 1674 resliiciamus.

505 1701 667 1756 Sacra
690 1716 875 1753 ancora
900 1716 1010 1768 spes
1035 1700 1086 1750 in
1115 1697 1298 1751 Deum.
1317 1725 1389 1736 --
1414 1696 1564 1752 Unde
1589 1695 1746 1750 etiam
1774 1694 1996 1764 subjun-

434 1792 509 1846 xit
528 1791 728 1853 dicens,
751 1789 802 1844 8.
835 1789 966 1855 Quia
991 1789 1056 1840 ad
1080 1796 1126 1842 te
1144 1829 1159 1854 ,
1189 1785 1400 1840 Domine
1417 1827 1432 1852 ,
1459 1785 1688 1849 Domine,
1719 1784 1853 1838 oculi
1877 1783 1990 1838 mei.

434 1881 500 1936 In
527 1892 571 1935 te
595 1881 806 1951 speravi,
835 1898 936 1934 non
959 1880 1160 1948 auferas
1184 1880 1403 1932 animam
1432 1895 1610 1931 meam.
1638 1877 1772 1942 Etsi,
1805 1876 1989 1944 inquit,

435 1972 843 2027 innumerabiles
871 1971 1072 2025 irruant
1092 1960 1435 2031 calamitates,
1465 1968 1586 2022 licet
1613 1967 1768 2031 bella,
1793 1966 1990 2035 prtelia,

432 2072 628 2118 mortes
653 2102 666 2124 ,
697 2071 749 2116 et
773 2071 936 2130 portae
967 2059 1139 2124 inferi,
1171 2073 1201 2112 a
1230 2073 1378 2114 sacra
1424 2072 1616 2112 ancora
1660 2071 1762 2110 non
1791 2053 1996 2109 recedi-

432 2168 568 2220 mus,
601 2152 694 2207 sed
725 2151 927 2206 firmam
959 2150 1031 2205 tui
1061 2149 1236 2203 auxilii
1266 2163 1412 2218 spem
1443 2157 1701 2209 tenemus,
1729 2145 1994 2214 armisque

429 2253 485 2298 et
513 2244 625 2297 acie
661 2243 909 2306 dimissis,
939 2255 1210 2311 speramus
1235 2239 1346 2294 fore
1371 2248 1429 2293 ut
1459 2238 1599 2305 hinc,
1629 2253 1818 2308 nempe
1845 2253 1874 2292 a
1903 2247 1993 2292 tuo

427 2335 645 2397 auxilio,
676 2333 981 2387 liberemur.
1014 2330 1078 2384 In
1107 2341 1153 2384 te
1177 2332 1390 2400 speravi,
1418 2346 1516 2384 non
1542 2333 1745 2401 auferas
1771 2330 1993 2382 animam

428 2440 608 2476 meam.
640 2423 784 2477 Alius
804 2463 820 2486 ,
848 2421 928 2474 Ne
953 2437 1155 2475 evacues
1194 2419 1288 2492 (ὁ).
1322 2419 1431 2474 lloc
1469 2429 1550 2474 est
1572 2459 1584 2482 ,
1630 2433 1698 2474 ne
1735 2418 1879 2472 sinas
1906 2431 1993 2473 me

427 2515 574 2568 abire
615 2528 674 2567 re
716 2511 926 2567 infecta.
950 2510 1002 2565 9.
1035 2510 1238 2564 Custodi
1265 2525 1342 2563 me
1369 2525 1401 2563 a
1438 2511 1612 2578 laqueo
1637 2525 1779 2578 quem
1803 2517 1992 2563 statue-

427 2612 545 2656 runt
561 2603 702 2669 mihi,
719 2611 766 2655 et
783 2619 812 2655 a
828 2601 1078 2656 scandulis
1096 2599 1406 2670 operantium
1428 2599 1750 2668 iniquitatem.
1771 2597 1886 2652 Non
1904 2595 1992 2656 hic

427 2695 554 2750 dicit
579 2703 776 2748 tantum
812 2693 1027 2746 insidias
1048 2733 1063 2758 ,
1093 2690 1184 2746 sed
1209 2705 1327 2760 quae
1351 2689 1487 2745 clam
1516 2689 1666 2754 fiunt,
1689 2696 1740 2743 et
1769 2689 1989 2743 occultae

425 2794 570 2849 sunt,
601 2799 718 2855 qua:
747 2792 870 2839 sunt
898 2782 1178 2837 observatu
1207 2790 1261 2836 et
1287 2780 1497 2850 cognitu
1523 2778 1764 2834 difficiles
1786 2818 1802 2844 ,
1829 2787 1883 2834 et
1923 2777 1990 2834 ad

425 2889 556 2945 quas
572 2873 834 2930 cavendas
851 2887 1079 2942 superno
1100 2871 1322 2926 maxime
1341 2871 1534 2926 auxilio
1553 2885 1685 2940 opus
1703 2869 1992 2925 est.Prcca-

426 2966 568 3019 tione
587 2973 762 3018 autem
793 2962 910 3017 ideo
931 2961 1188 3017 conclusit
1210 2961 1523 3028 orationem,
1544 2975 1574 3014 a
1594 2975 1697 3030 qua
1715 2959 1988 3016 exordium

423 3066 720 3126 sumpserat
765 3055 818 3109 in
845 3070 906 3110 ea
934 3053 1180 3108 desinens
1207 3069 1222 3110 :
1250 3053 1362 3107 lucc
1381 3051 1592 3122 quidem
1616 3066 1646 3105 a
1675 3066 1733 3106 se
1761 3050 1990 3106 conferri

423 3145 730 3208 ostendens,
757 3158 903 3212 spem
925 3144 974 3196 in
1008 3143 1168 3196 Deum
1187 3182 1201 3207 ,
1239 3152 1494 3211 perpetuo
1532 3141 1596 3196 ad
1621 3141 1786 3195 Deum
1816 3141 1988 3209 respi-

428 3250 552 3289 cere
571 3273 588 3298 ,
615 3233 885 3287 malorum‘
909 3239 1076 3285 costus
1117 3229 1327 3299 fugere,
1355 3229 1477 3284 odio
1502 3229 1699 3284 habere
1722 3229 1988 3298 improbas

423 3338 610 3376 eorum
636 3320 942 3390 cupiditates
975 3335 1043 3373 :a
1069 3319 1176 3373 Deo
1212 3328 1387 3373 autem
1413 3333 1570 3388 Opem
1607 3327 1661 3373 et
1695 3319 1945 3378 auxilium
1969 3360 1985 3387 ,

421 3423 476 3468 et
505 3412 572 3466 iis
596 3427 716 3481 qua:
745 3417 869 3466 sunt
896 3411 1118 3465 toleratu
1141 3409 1470 3476 difficillima,
1499 3409 1722 3466 reddere
1746 3411 1988 3480 superio-

421 3519 556 3560 rem.
585 3502 656 3557 Ita
683 3502 825 3557 enim
851 3502 1016 3556 virtus
1040 3501 1354 3568 contexitur,
1382 3501 1506 3556 dum
1533 3509 1586 3556 et
1611 3511 1849 3556 nostrum
1874 3511 1987 3556 stu-

421 3597 565 3651 dium
599 3593 902 3660 adhibetur,
925 3602 980 3648 et
1007 3593 1143 3647 Deus
1169 3591 1320 3646 nobis
1349 3593 1653 3662 opitulatur.
1683 3592 1768 3648 10.
1796 3591 1988 3646 Cadent

420 3689 472 3742 in
496 3685 735 3740 retiaculo
771 3685 879 3754 eius
911 3691 1210 3753 peccatores.
1242 3683 1578 3752 Singulariter
1604 3699 1714 3737 sum
1751 3699 1864 3754 ego,
1896 3684 1988 3738 do-

421 3792 511 3830 nec
538 3785 805 3831 transeam.
847 3773 903 3828 In
951 3773 1224 3842 cuiusnam
1269 3772 1458 3827 cadent
1486 3773 1840 3828 retiaculum?
1869 3775 1983 3829 Dei.

422 3867 534 3922 lloc
561 3877 662 3931 est,
693 3867 990 3932 vincentur,
1017 3865 1308 3934 capientur.
1336 3864 1603 3919 iustorum
1629 3867 1768 3921 enim
1794 3875 1897 3933 est,
1929 3875 1988 3921 ut

419 3959 778 4029 corrigantur,
805 3967 860 4014 et
899 3959 1157 4013 excitetur
1189 3971 1373 4011 eorum
1404 3956 1733 4026 philosomiia
1761 3975 1774 4009 :
1798 3971 1986 4026 pecca-

421 4061 589 4106 torum
615 4059 789 4106 autem
810 4090 824 4116 ,
853 4065 1078 4120 quorum
1115 4049 1185 4103 sit
1212 4048 1427 4103 morbus
1455 4048 1855 4103 immedicabilis
1878 4089 1894 4115 ,
1927 4057 1984 4104 ut

329 4152 344 4170 ‘
421 4156 584 4211 usque
612 4142 677 4196 ad
705 4156 914 4210 penam
943 4149 996 4196 ct
1037 4139 1354 4209 supplicium
1400 4139 1754 4194 detineantur.
1788 4139 1982 4210 Singu-

419 4233 590 4288 lariter
609 4249 720 4287 sum
748 4249 859 4302 ego,
881 4232 1037 4286 donec
1066 4241 1333 4285 transeam.
1358 4230 1523 4296 Alius,
1547 4229 1716 4285 Simul
1733 4246 1824 4299 ego
1847 4246 1980 4296 sum,

419 4321 575 4381 donec
591 4332 861 4384 transeam.
879 4322 1044 4385 Alius,
1067 4319 1135 4374 In
1150 4321 1385 4388 idipsum.
1409 4319 1519 4374 Hoc
1537 4327 1641 4390 est,
1657 4333 1771 4373 com
1778 4327 1980 4388 pactus,

417 4413 746 4480 conjunctus,
767 4427 873 4466 non
901 4411 1171 4482 dispersus
1199 4429 1212 4464 :
1240 4409 1322 4464 vel
1349 4408 1636 4464 secundum
1664 4409 1982 4480 Septuagin-

415 4515 488 4571 ta,
507 4505 758 4564 liberatus
773 4519 804 4565 a
823 4505 996 4570 malis,
1018 4519 1179 4574 purus
1202 4503 1272 4559 ab
1289 4505 1496 4559 illorum
1521 4503 1914 4572 congressione,
1928 4510 1982 4558 et

416 4604 682 4664 tamquam
717 4594 861 4649 solus
883 4595 1126 4649 habitans
1155 4612 1168 4648 :
1197 4593 1336 4664 quod
1357 4593 1568 4664 quidem
1584 4601 1668 4648 est
1693 4592 1980 4646 maximum

416 4697 583 4750 genus
608 4683 836 4738 virtutis.
880 4683 997 4738 Non
1029 4697 1134 4737 uno
1161 4692 1337 4739 autem
1381 4692 1472 4737 aut
1517 4683 1722 4738 duobus
1750 4683 1981 4738 tribusve

417 4771 606 4828 diebus
632 4773 735 4829 hoc
759 4774 916 4841 facit,
949 4775 1044 4836 sed
1073 4791 1168 4849 per
1197 4785 1358 4831 totam
1386 4778 1572 4831 vitam.
1603 4777 1715 4832 Hoc
1757 4785 1839 4832 est
1864 4793 1980 4832 mu-

419 4874 530 4923 rus,
558 4861 657 4916 hoc
684 4864 1128 4932 propugnaculum
1148 4905 1163 4929 ,
1191 4863 1292 4920 hoc
1319 4867 1524 4921 virtutis
1551 4867 1936 4922 incrementum
1959 4907 1976 4935 ,

417 4950 586 5006 malos
632 4950 845 5020 fugere,
872 4962 926 5008 et
966 4955 1240 5009 collectum
1269 4957 1408 5026 apud
1449 4972 1508 5012 se
1541 4959 1832 5013 consistere
1870 4968 1980 5015 toto

417 5042 538 5096 vita:
579 5051 831 5110 tempore,
881 5045 1025 5098 etab
1053 5045 1116 5098 iis
1157 5047 1246 5115 qui
1283 5059 1656 5118 corrumpunt,
1681 5051 1978 5120 sejunctum

416 5131 676 5186 habitare.
707 5131 948 5186 Solitudo
997 5133 1138 5188 enim
1185 5151 1288 5190 non
1335 5137 1460 5191 facit
1498 5153 1617 5194 esse
1663 5141 1856 5207 solum,
1884 5140 1979 5195 sed

413 5237 566 5280 mens
609 5237 728 5292 qua:
769 5229 981 5276 tenetur
1020 5237 1201 5279 amore
1245 5234 1298 5281 et
1340 5226 1514 5280 studio
1555 5228 1827 5298 sapientia:
1859 5247 1872 5283 :
1905 5229 1977 5285 ita

411 5311 571 5366 etiam
611 5312 702 5382 qui
731 5310 971 5366 habitant
998 5312 1051 5365 in
1080 5313 1264 5368 mediis
1293 5315 1540 5384 urbibus,
1568 5317 1695 5373 foris
1718 5357 1734 5386 ,
1763 5327 1816 5373 et
1841 5327 1980 5379 stre-

460 5463 531 5539 (η.)
557 5465 680 5539 “se.
701 5465 854 5539 ῐεςιίο
873 5468 950 5539 ρει
967 5464 1108 5539 ΙΨ.ίέ
1130 5465 1376 5539 Ateium,
1416 5472 1626 5539 secunda
1654 5475 1795 5535 iuxta
1829 5475 1970 5539 Sym-

401 5527 642 5600 ωεςςιριιμξι,
671 5527 1450 5600 “2".in90.1.9‘af".1%d“i°"?m
1476 5527 1710 5600 ρετιίηέι·
1864 5527 1883 5540 ⁷·

462 5586 531 5650 (b)
563 5589 681 5638 Hzec
707 5586 1056 5650 interpretatio
1089 5593 1166 5636 est
1191 5587 1333 5650 juxta
1362 5586 1604 5661 Aquilam.

1491 221 1843 285 EXPOSITIO
1881 219 1945 275 IN
1983 215 2299 274 PSALMUM
2335 217 2514 274 CXLI.

3564 218 3669 280 4ἁῖ

2103 331 2319 400 pitibus,
2344 341 2723 402 poteruntesse
2744 332 3036 403 singulares
3056 333 3314 398 homines,
3333 333 3456 389 dum
3477 348 3664 393 corru-

2103 434 2220 494 ptos
2248 434 2416 479 cintus
2459 423 2690 495 fugiant,
2718 436 2774 480 et
2816 439 2876 480 se
2898 427 3158 494 justorum
3196 424 3434 482 conciliis
3474 424 3666 494 adiuti.—

2070 524 2244 584 .gant.
2274 515 2397 570 Haec
2445 524 2529 571 est
2582 517 2665 571 via
2711 531 2916 571 secura.
2971 518 3070 582 Qui
3114 533 3239 587 ergo
3293 526 3372 572 est
3426 517 3492 571 ad
3532 516 3667 570 alios

2101 605 2440 675 corrigendos
2469 605 2688 662 idoneus
2711 648 2728 674 ,
2758 623 2879 661 cum
2918 607 2983 662 iis
3013 618 3251 662 versetur
3277 607 3365 676 qui
3407 616 3532 662 sunt
3573 622 3664 665 Stt-

2100 697 2331 766 scepturi
2373 697 2707 762 medicinam,
2739 707 2792 752 et
2816 713 2909 753 eos
2935 698 3122 752 reddat
3151 697 3398 751 meliores
3424 713 3437 752 :
3468 697 3560 766 qui
3585 706 3666 752 est

2100 799 2282 846 autem
2321 790 2666 858 imbecillior,
2713 790 2874 860 fugiat
2909 790 3200 860 improbos,
3225 797 3282 843 ut
3321 788 3388 842 ab
3433 788 3535 844 illis
3571 787 3668 842 da-

2101 898 2283 936 mnum
2321 898 2427 937 non
2450 883 2688 951 accipiat.
2716 882 2788 936 Ita
2817 893 2870 938 et
2895 891 3209 953 praesentem
3231 882 3391 936 vitam
3419 889 3530 935 tuto
3550 889 3671 948 aget

2099 981 2152 1026 et
2196 987 2383 1027 secure
2407 1013 2423 1040 ,
2451 981 2506 1028 et
2547 973 2683 1027 bona
2713 972 2886 1047 futura
2913 982 3265 1042 consequetur
3307 991 3320 1026 :
3360 987 3478 1041 qua:
3516 969 3671 1025 detur

2100 1064 2253 1118 nobis
2277 1062 2521 1118 omnibus
2549 1063 2800 1134 consequi
2826 1105 2840 1129 ,
2869 1063 3032 1132 gratia
3060 1073 3114 1118 et
3145 1063 3422 1117 clementia
3459 1061 3670 1116 Domini

2099 1155 2268 1208 nostri
2293 1153 2420 1208 Jesu
2461 1153 2676 1220 Christi,
2706 1153 2792 1208 cui
2815 1153 2982 1222 gloria
3004 1164 3056 1208 et
3083 1153 3362 1222 imperium
3387 1193 3402 1220 ,
3431 1165 3574 1207 nunc
3619 1158 3675 1206 et

2099 1260 2330 1316 semper,
2357 1255 2412 1301 et
2432 1245 2487 1301 in
2513 1245 2702 1300 szecula
2723 1245 3058 1300 saeculorum.
3081 1245 3271 1300 Amen.

2570 1354 2637 1410 IN
2673 1354 2994 1410 PSALMUM
3029 1353 3206 1412 CXLI.

2100 1469 2149 1521 1.
2203 1466 2332 1522 Voce
2375 1482 2484 1520 mea
2525 1465 2593 1518 ad
2631 1465 2902 1518 Dominum
2955 1463 3166 1519 clamavi
3191 1505 3207 1529 ,
3272 1479 3390 1518 voce
3437 1478 3547 1516 mea
3600 1463 3670 1514 ad

2482 1555 2752 1610 Dominum
2801 1555 3093 1624 deprecatus
3143 1571 3274 1609 sum.

2169 1695 2220 1748 1.
2260 1692 2420 1748 Vides
2443 1691 2706 1762 quomodo
2729 1691 2921 1760 ubique
2969 1690 3070 1745 hoc
3103 1689 3246 1755 facit,
3288 1698 3343 1744 et
3370 1690 3494 1744 hinc
3517 1689 3665 1743 ducit

2098 1784 2393 1850 exordium,
2436 1793 2490 1839 et
2539 1785 2618 1838 bis
2658 1784 2744 1838 hic
2780 1782 2909 1838 dicit
2956 1781 3083 1837 Voce
3108 1792 3160 1837 et
3194 1781 3364 1836 Voce?
3413 1783 3524 1836 Hoc
3570 1797 3668 1835 au-

2099 1885 2204 1930 tem
2246 1890 2352 1929 non
2399 1875 2494 1930 abs
2537 1891 2597 1930 re
2649 1874 2794 1939 facit,
2840 1874 2933 1928 sed
2981 1882 3038 1927 ut
3073 1889 3167 1942 per
3209 1873 3351 1927 illam
3393 1873 3670 1942 repetitio-

2096 1982 2216 2024 nem
2258 1966 2372 2020 haec
2410 1965 2517 2021 duo
2563 1979 2660 2020 nos
2702 1965 2908 2030 doceat,
2959 1973 3012 2020 et
3053 1980 3312 2019 summam
3359 1965 3519 2018 animi
3560 1965 3673 2018 ala-

2096 2059 2357 2123 critatem,
2381 2070 2434 2112 et
2459 2067 2711 2113 attentam
2741 2067 2968 2113 mentem
3003 2074 3016 2111 :
3041 2067 3294 2127 prtetcrea
3319 2068 3493 2112 autem
3516 2073 3669 2112 suam

2095 2163 2215 2204 esse
2261 2164 2466 2203 vocem.
2508 2147 2620 2202 Non
2667 2149 2807 2203 enim
2849 2162 3034 2202 omnes
3083 2163 3216 2204 voce
3264 2148 3514 2215 clamant,
3570 2163 3671 2204 nec

2094 2238 2161 2296 ad
2215 2239 2417 2304 Deum,
2472 2252 2570 2292 nec
2605 2253 2738 2294 voce
2777 2239 3008 2308 propria.
3057 2237 3283 2308 Oportet
3331 2249 3506 2294 autem
3555 2241 3671 2294 hmc

2095 2330 2270 2385 omnia
2317 2343 2654 2383 concurrere.
2702 2329 2801 2395 Qui
2844 2329 3038 2382 clamat
3088 2329 3340 2383 adversus
3384 2328 3680 2396 inimicos,

2094 2434 2200 2474 non
2235 2419 2344 2474 edit
2386 2433 2568 2474 vocem
2597 2417 2847 2482 hominis,
2893 2417 2984 2473 sed
3029 2418 3154 2473 ferae
3179 2427 3232 2474 et
3257 2419 3537 2488 serpentis.
3561 2417 3664 2487 Qui

2093 2519 2176 2566 est
2226 2510 2514 2580 negligens,
2550 2518 2606 2564 et
2643 2524 2750 2563 non
2792 2509 2936 2564 audit
2980 2525 3098 2580 qua:
3143 2509 3290 2576 dicit,
3339 2525 3443 2565 non
3473 2509 3672 2566 clamat

2094 2601 2161 2655 ad
2207 2602 2390 2666 Deum,
2422 2599 2517 2656 sed
2548 2599 2898 2670 nequidquam
2932 2615 2994 2654 ac
3043 2610 3241 2655 temere
3270 2599 3520 2670 loquitur.
3562 2600 3672 2666 Qui.

2093 2703 2327 2748 mentem
2388 2710 2494 2750 non
2538 2697 2767 2761 excitat,
2823 2696 2923 2750 etsi
2960 2695 3111 2750 valde
3161 2694 3516 2762 vociferetur,
3575 2693 3664 2749 hic

2092 2801 2277 2841 rursus
2325 2800 2430 2840 non
2474 2787 2685 2842 clamat.
2733 2787 2843 2842 Vox
2888 2788 3050 2853 enim,
3098 2795 3155 2841 ut
3191 2786 3299 2855 jam
3340 2802 3482 2856 smpe
3527 2787 3658 2853 dixi,

2089 2891 2196 2932 non
2235 2877 2492 2945 significat
2523 2877 2738 2946 spiritus
2766 2884 2966 2945 tonum,
2999 2876 3092 2932 sed
3120 2885 3344 2931 mentem
3373 2877 3658 2930 intonsam.

2091 2971 2160 3023 At
2197 2967 2283 3023 hic
2315 2984 2421 3022 non
2463 2969 2573 3034 sic;
2614 2969 2709 3024 sed
2747 2967 2862 3024 haec
2890 2969 2986 3022 tria
3031 2967 3186 3022 simul
3219 2964 3428 3035 colligit,
3474 2977 3658 3022 osten—

2091 3059 2168 3114 dit
2201 3073 2259 3114 se
2295 3069 2348 3113 et
2381 3073 2513 3114 voce
2557 3059 2808 3122 clamare,
2839 3067 2892 3113 et
2934 3058 3000 3114 ad
3046 3058 3231 3122 Deum,
3283 3066 3338 3112 et
3375 3071 3506 3112 voce
3531 3073 3658 3126 pro-

2092 3149 2202 3216 pria
2229 3190 2244 3213 ,
2291 3159 2344 3204 et
2383 3147 2504 3205 ideo
2550 3147 2632 3206 bis
2677 3149 2830 3214 dicit,
2887 3146 3020 3206 Voce
3068 3163 3176 3201 mea
3229 3155 3282 3202 et
3338 3145 3468 3201 Voce
3521 3164 3653 3200 mea.

2089 3237 2143 3300 2.
2175 3235 2396 3303 Elfundo
2424 3238 2476 3291 in
2503 3248 2764 3308 conspectu
2791 3243 2898 3308 ejus
2936 3238 3210 3291 orationem
3261 3252 3440 3302 meam,
3481 3247 3526 3291 et
3567 3238 3658 3290 tri-

2091 3329 2390 3387 bulationem
2427 3346 2588 3384 meam
2635 3340 2748 3386 ante
2774 3331 2938 3398 ipsum
2977 3330 3294 3384 annuntiabo.
3329 3329 3514 3384 Vidisti
3541 3329 3656 3382 aui-

2089 3433 2234 3476 mum
2273 3419 2496 3474 liberum
2541 3419 2608 3473 ab
2645 3420 2889 3475 omnibus
2935 3436 3051 3491 qua:
3072 3421 3138 3475 ad
3169 3419 3302 3474 hanc
3343 3421 3500 3473 vitam
3532 3435 3654 3489 per-

2093 3510 2301 3568 tinent?
2363 3511 2544 3580 Neque
2581 3514 2722 3568 enim
2757 3511 2990 3582 confugit
3019 3513 3084 3568 ad
3114 3511 3388 3580 homines,
3441 3527 3540 3567 nec
3584 3512 3654 3565 ab

2088 3599 2167 3654 eis
2213 3599 2364 3676 petiit
2387 3601 2662 3666 auxilium,
2705 3601 2799 3657 sed
2846 3617 3128 3671 supernam
3175 3617 3352 3672 opem,
3402 3617 3519 3672 quae
3559 3617 3654 3655 ex-

2090 3692 2316 3762 pugnari
2366 3707 2471 3748 non
2517 3701 2725 3763 potest,
2774 3694 2995 3764 rogavit.
3042 3693 3240 3748 Deinde
3287 3693 3550 3747 intensum
3600 3702 3656 3746 et

2089 3782 2454 3840 vehementem
2483 3783 2642 3838 animi
2674 3782 2952 3850 fervorem,
2983 3799 3138 3853 quem
3168 3783 3308 3838 intus
3336 3775 3676 3834 habuitabs-.

2089 3872 2360 3927 conditum
2390 3912 2406 3938 ,
2436 3872 2719 3928 ostendens
2746 3889 2837 3942 per
2883 3873 3018 3928 hanc
3045 3888 3224 3929 vocem
3246 3913 3262 3940 ,
3294 3871 3535 3940 E/fundo,
3564 3873 3649 3926 in-

2087 3963 2219 4032 quit,
2246 3962 2454 4016 abunde
2478 3977 2540 4016 ac
2564 3963 2796 4031 copiose.

2158 4051 2450 4121 Aﬁlictionis
2493 4051 2754 4104 commoda
2795 4050 2914 4104 duo.
2944 4081 3013 4090 —
3039 4051 3171 4106 Hinc
3211 4053 3369 4107 etiam
3401 4052 3651 4108 discimus

2085 4143 2400 4198 afllictiones
2427 4157 2531 4198 non
2563 4157 2745 4212 parum
2769 4143 3012 4198 conferre
3032 4142 3098 4196 ad
3124 4143 3522 4214 philosophiam.
3555 4145 3650 4199 llic

2085 4241 2168 4289 est
2207 4234 2352 4288 enim
2381 4232 2582 4288 fructus
2607 4232 2904 4286 afﬂictionis
2933 4251 2947 4286 :
2979 4248 3136 4288 nemo
3175 4248 3301 4303 ergo
3352 4234 3517 4303 ipsam
3566 4235 3648 4288 fu-

2084 4324 2212 4394 giat.
2262 4322 2374 4378 Duo
2418 4323 2559 4377 enim
2591 4322 2747 4378 habet
2767 4323 2878 4378 haec
2902 4323 3178 4378 commoda
3205 4341 3218 4376 :
3249 4339 3407 4378 unum
3437 4324 3669 4393 quidem.

2084 4413 2222 4485 quod
2253 4413 2440 4469 reddat
2465 4413 2807 4469 studiosiores
2835 4422 2885 4469 et
2907 4414 3214 4470 attentiorcs
3244 4431 3258 4468 :
3287 4414 3512 4470 alterum
3555 4431 3649 4470 au-

2084 4513 2214 4572 tem,
2246 4505 2386 4574 quod
2415 4519 2476 4560 ea
2507 4519 2714 4574 quoque
2739 4503 2881 4573 justa
2907 4514 2988 4559 est
3015 4519 3202 4571 causa,
3253 4514 3310 4561 ut
3351 4505 3644 4560 audiamur.

2083 4595 2150 4650 Et
2174 4596 2294 4650 ideo
2325 4611 2429 4649 non
2468 4594 2621 4658 dixit,
2670 4593 2929 4648 Justitiam
2957 4609 3151 4660 meam,
3195 4611 3314 4663 nec,
3341 4595 3473 4650 'Mea
3505 4605 3664 4652 recte-

2084 4688 2242 4754 facta,
2291 4688 2406 4752 sed,
2461 4686 2629 4740 Meam
2674 4687 3006 4757 aﬂlictionem,
3055 4701 3246 4756 nempe
3286 4686 3424 4758 quod
3447 4701 3508 4742 ea
3542 4704 3647 4743 non

2082 4791 2303 4848 parvum
2329 4775 2513 4830 afferat
2538 4776 2613 4830 illi
2643 4775 3281 4845 patrocinium.Quocirca
3309 4777 3436 4832 dicit
3462 4777 3645 4844 Isaias,

2082 4869 2433 4924 Aditortamini
2457 4868 2554 4938 (a),
2599 4869 2760 4937 inquit
2803 4867 2960 4936 Deus,
3011 4869 3253 4940 populum
3286 4887 3470 4939 meum,
3491 4887 3648 4926 sacer-

2082 4961 2253 5024 dotes;
2297 4958 2558 5028 loquimini
2609 4958 2676 5011 ad
2717 4975 2803 5012 cor
2823 4957 3135 5025 Jerusalem,
3174 4962 3408 5031 quoniam
3435 4963 3648 5030 suscepit

2082 5051 2145 5105 de
2167 5067 2322 5104 manu
2341 5049 2544 5113 Domini
2577 5049 2797 5119 duplicia
2833 5061 3036 5120 peccata
3061 5068 3152 5105 sua
3197 5051 3348 5124 (Isai.
3375 5051 3467 5106 ιο.
3492 5053 3542 5105 1.
3565 5051 3643 5120 2).

2081 5140 2146 5194 Et
2189 5139 2423 5194 Paulus:
2454 5137 2659 5192 Tradite
2693 5139 2823 5192 hunc
2868 5140 3116 5194 hominem
3143 5150 3354 5206 satance,
3409 5140 3476 5192 ad
3519 5141 3646 5197 inte-

2081 5230 2234 5286 ritum
2273 5228 2458 5295 carnis,
2489 5237 2543 5283 ut
2567 5228 2770 5300 spiritus
2807 5230 2872 5284 sit
2900 5230 3068 5283 salvus
3117 5229 3196 5300 (1.
3227 5227 3345 5283 Cor.
3376 5229 3430 5284 δ.
3457 5228 3537 5298 5).
3580 5229 3649 5295 Et

2141 5404 2213 5467 (α)
2245 5411 2296 5454 In
2311 5412 2487 5463 Gnaeo,
2509 5417 2760 5467 πιμλιττι.
2785 5412 2912 5467 nunc
2931 5416 3116 5467 ,vocem
3134 5411 3353 5467 Graecam
3386 5409 3646 5460 Gentianus

2079 5465 2319 5516 Hervetus
2351 5468 2516 5523 vertit,
2561 5465 2895 5515 adhortamini.
2930 5465 3228 5515 Vertendum
3263 5479 3400 5524 sane,
3439 5472 3647 5522 consola-

2079 5525 2490 5590 ntim',secundum
2508 5525 2764 5575 lectionem
2786 5528 3078 5585 tlebraicam,
3116 5532 3268 5583 ’πεῖ-ω,
3311 5527 3490 5576 Vertun
3505 5531 3645 5594 Chr].

2083 5606 2319 5650 sostomus
2339 5599 2416 5646 hic
2429 5596 2708 5646 adhortandi
2722 5595 3118 5656 significationem
3133 5601 3413 5660 respexisse
3433 5600 3643 5664 videtur.
