4070 6214
413 5657 430 5696 l

537 244 644 300 643

539 358 605 412 ad
630 356 932 413 Corinthios
955 356 1219 424 scribens,
1270 357 1483 414 dicebat
1529 375 1545 412 :
1584 358 1866 430 Propterea
1895 360 2040 414 multi
2066 361 2121 415 in

538 449 676 504 vobis
706 447 899 517 infirmi
921 457 1041 501 sunt
1073 457 1119 501 et
1165 447 1424 516 imbecilli,
1473 460 1522 504 et
1566 450 1821 505 dentiant
1855 450 2020 505 multi.
2063 451 2126 506 Si

533 542 668 593 enim
696 555 787 593 nos
815 537 956 608 ipsos
997 538 1411 608 dijudicaremus,
1460 556 1562 595 non
1575 542 1944 612 iudicaremur.
1971 542 2124 597 ludi-

537 633 638 684 cati
691 637 860 683 autem
890 646 922 683 a
949 629 1170 684 Domino
1199 632 1525 700 eastigamur,
1565 647 1628 686 ne
1651 648 1766 686 cum
1788 635 1975 688 mundo
1999 650 2123 688 con-

534 725 829 777 demnemur
855 723 930 793 (1.
961 723 1081 779 Cor.
1112 723 1200 779 11.
1231 723 1340 780 50-
1361 723 1474 797 ⁸52).
1504 725 1672 781 Porro
1709 726 1864 781 diviti
1912 726 2124 783 dicebat

535 815 804 870 Abraham
831 833 844 870 :
876 814 1126 886 Recepisti
1153 817 1283 870 bona
1319 826 1406 870 tua
1446 818 1499 870 in
1537 819 1636 871 vita
1665 829 1774 886 tua,
1807 829 1855 874 et
1891 819 2122 876 Lazarus

535 906 672 960 mala
698 923 794 960 sua
820 923 840 961 :
864 917 910 961 et
945 923 1080 961 nunc
1127 908 1209 961 hic
1235 908 1436 976 quidem
1474 907 1868 964 consolationem
1912 912 2116 982 accipit,

534 1007 588 1050 tu
617 1012 734 1052 vero
764 999 1005 1054 cruciaris
1055 997 1203 1068 (Luc.
1235 999 1320 1054 16.
1352 999 1463 1070 25).
1504 998 1620 1054 iam
1646 1015 1772 1055 vero
1793 1000 1958 1056 David
1985 1016 2118 1072 quo-

533 1105 658 1160 que,
690 1105 814 1145 cum
858 1089 909 1145 ei
936 1090 1280 1146 malediceret
1299 1090 1498 1154 Semei,
1547 1090 1757 1146 dicebat
1785 1109 1799 1146 :
1831 1091 1959 1146 Sine
2001 1109 2118 1146 eum

534 1182 659 1236 mihi
697 1180 1026 1248 maledicere,
1065 1183 1304 1252 quoniam
1347 1181 1486 1237 Deus
1524 1181 1572 1237 ei
1621 1182 1878 1238 mandavit
1897 1223 1914 1250 ,
1943 1192 2000 1236 ut
2038 1183 2116 1237 vi-

531 1273 670 1330 deret
712 1291 873 1329 meam
909 1274 1246 1329 humilitatem
1291 1275 1365 1344 (2.
1398 1273 1526 1347 Reg.
1579 1275 1666 1332 16.
1701 1277 1788 1332 11.
1821 1277 1932 1348 12).
1969 1278 2036 1332 Et
2061 1279 2112 1332 in

529 1366 818 1437 Scripturis
861 1366 1058 1437 ubique
1110 1367 1449 1435 invenimus,
1495 1381 1591 1423 eos
1642 1368 1732 1437 qui
1797 1369 2110 1424 alﬂictiones

529 1457 710 1512 ferunt
750 1467 905 1527 grato
940 1465 994 1512 et
1039 1457 1259 1528 patienti
1307 1458 1522 1526 animo,
1567 1475 1670 1514 non
1731 1459 1902 1516 solum
1950 1460 2113 1520 multa

534 1557 746 1614 peccata
777 1547 1006 1615 diluere,
1033 1547 1129 1603 sed
1173 1548 1332 1603 etiam
1373 1563 1479 1604 non
1510 1563 1726 1618 parvam
1775 1549 1912 1618 apud
1945 1550 2110 1604 Deum

531 1637 800 1706 fiduciam,
831 1646 885 1692 et
909 1636 1158 1707 loquendi
1178 1637 1474 1692 libertatem
1500 1638 1763 1694 obtinere.
1805 1639 1860 1693 4.
1886 1638 1954 1692 In
1980 1639 2110 1707 de/i-

528 1729 704 1782 eiendo
731 1743 794 1782 ex
819 1743 896 1782 me
925 1732 1158 1798 spiritum
1186 1744 1370 1790 meum,
1412 1738 1460 1781 et
1496 1737 1550 1780 tu
1590 1729 1864 1798 cognovisti
1908 1731 2112 1784 semitas

530 1836 685 1874 meas.
734 1819 958 1887 Quando
983 1821 1072 1890 qui
1100 1829 1226 1876 sunt
1274 1821 1327 1875 in
1369 1821 1558 1890 primis
1603 1821 1778 1890 pusilli
1821 1831 1875 1876 et
1915 1824 2108 1892 abjecti

527 1911 713 1978 animi,
753 1910 1057 1976 concidunt,
1088 1920 1144 1966 et
1169 1912 1322 1966 multi
1359 1913 1518 1967 etiam
1540 1913 1678 1968 mala
1697 1913 1858 1967 verba
1881 1915 2108 1984 loquun-

527 2013 610 2056 tur
653 2020 667 2057 :
713 2004 758 2057 is
811 2012 935 2058 tunc
990 2003 1218 2057 maxime
1255 2003 1672 2074 philosophatur,
1723 2015 1778 2059 ut
1817 2004 1905 2076 qui
1947 2005 2108 2060 studii

527 2093 828 2162 magistram
857 2091 1047 2148 habeat
1070 2092 1434 2148 afﬂictionem.

593 2185 888 2257 Aﬁlictionis
913 2185 1138 2252 effectus.
1170 2215 1241 2227 —
1267 2185 1490 2255 Quando
1528 2203 1655 2258 ergo
1691 2188 1886 2244 videris
1917 2205 2107 2259 quem-

524 2275 661 2345 piam
705 2291 770 2330 ει
798 2275 1086 2332 afﬂictione
1114 2276 1510 2346 desperantem,
1537 2289 1626 2332 aut
1649 2279 1868 2333 verbum
1890 2279 2103 2348 aliquod

521 2367 774 2423 acerbum
803 2367 1208 2437 proloqucntem
1252 2384 1266 2420 :
1315 2383 1382 2423 nc
1411 2367 1466 2422 iu
1495 2383 1653 2423 causa
1682 2383 1805 2424 esse
1830 2370 2104 2424 existimes

519 2458 880 2523 afflictiouem,
923 2457 1018 2514 sed
1051 2458 1302 2530 pusillum
1331 2459 1448 2528 ejus
1467 2457 1558 2529 qui
1584 2459 1817 2529 loquitur
1842 2459 2100 2514 animum.

522 2547 838 2604 Afﬂictiouis
862 2550 1005 2605 enim
1031 2556 1217 2604 natura
1254 2549 1392 2604 solet
1429 2547 1647 2605 efﬁcere
1685 2550 1973 2618 contraria,
2015 2560 2102 2606 at-

523 2641 852 2709 tentionem,
896 2641 1060 2696 animi
1097 2641 1493 2706 contritionem,
1538 2642 1793 2697 intentam
1841 2652 2098 2710 mentem,

519 2731 730 2804 pietatis
799 2733 1206 2789 incrementum.
1269 2733 1531 2802 Quocirca
1597 2733 1807 2790 dicebat
1854 2733 2096 2791 Paulus:

520 2827 729 2896 Aﬁlictio
771 2827 1065 2897 patientiam
1115 2837 1351 2897 cperatur
1369 2867 1385 2894 ,
1438 2827 1680 2898 patientia
1751 2827 2098 2898 probationem

519 2921 694 2991 (Rom.
735 2922 787 2976 5.
821 2920 900 2994 ὅ).
953 2921 1010 2977 Si
1058 2932 1234 2976 autem
1261 2920 1430 2976 Judaei
1461 2919 1643 2975 afﬂicti
1673 2920 2094 2988 murmurabant,

517 3029 622 3066 non
667 3011 994 3079 afﬂictionis,
1043 3013 1138 3068 sed
1181 3012 1392 3068 illorum
1436 3012 1683 3068 amentiae
1730 3021 1884 3068 erant
1935 3014 2094 3068 verba

517 3103 950 3159 murmurationis
999 3122 1012 3158 :
1043 3103 1467 3174 quandoquidem
1497 3103 1663 3159 sancti
1691 3119 1812 3158 cum
1849 3103 2094 3175 afﬂigun-

517 3207 622 3260 tur,
675 3195 906 3251 evadunt
945 3195 1229 3262 clariores,
1275 3205 1330 3250 et
1377 3197 1648 3264 sapientia:
1697 3195 1874 3252 studio
1923 3197 2092 3267 magis

515 3288 700 3344 dediti.
746 3287 1003 3354 Quocirca
1033 3287 1147 3358 ipse
1183 3301 1395 3356 quoque
1427 3286 1636 3342 dicebat
1665 3305 1680 3343 :
1705 3286 1904 3343 Bonum
1945 3289 2090 3356 mihi,

515 3381 748 3447 Domine,
787 3380 923 3452 quod
950 3380 1230 3434 humiliasti
1255 3397 1352 3447 me,
1402 3391 1456 3434 ut
1479 3381 1672 3435 discam
1703 3383 2093 3453 justi/icationes

515 3481 625 3526 tuas
655 3471 822 3542 (Psal.
854 3471 976 3526 118.
1008 3469 1119 3541 71).
1159 3470 1229 3525 Et
1258 3471 1452 3525 Paulus
1479 3491 1492 3526 :
1524 3471 1592 3525 Et
1615 3483 1822 3542 propter
1845 3474 2094 3543 ingentem

515 3563 911 3633 magnitudinem
938 3561 1318 3629 revelationum,
1357 3579 1421 3616 ne
1447 3564 1596 3618 nimis
1631 3565 1915 3630 extollerer,
1946 3565 2092 3620 datus

511 3662 586 3707 est
627 3653 750 3706 mihi
800 3653 1034 3712 stimulus
1073 3654 1242 3707 carnis
1275 3653 1482 3723 angelus
1519 3666 1730 3718 solante,
1775 3655 1861 3725 qui
1895 3671 1974 3709 me
2006 3672 2090 3710 co-

514 3743 750 3813 lapltizet.
809 3741 915 3798 Pro
946 3759 1003 3802 eo
1042 3751 1115 3797 tcr
1143 3743 1417 3796 Dominum
1456 3746 1648 3814 rogavi,
1697 3755 1743 3798 et
1770 3747 1898 3800 dixit
1923 3747 2045 3800 mihi
2073 3764 2092 3802 :

515 3837 716 3907 Sumcit
743 3835 832 3892 tibi
871 3838 1033 3904 gratia
1056 3852 1165 3890 mea
1198 3851 1217 3890 .'
1245 3835 1400 3890 virtus
1427 3837 1558 3889 enim
1583 3853 1692 3891 mea
1719 3839 1770 3890 in
1799 3837 2091 3908 inﬁrmitate

516 3928 794 3998 perﬁcitur.
829 3925 895 3980 Et
933 3927 1045 3980 ideo
1071 3927 1192 3979 milii
1222 3927 1396 3996 placeo
1424 3927 1475 3980 in
1503 3927 1872 3997 afﬂictionibus,
1913 3929 1965 3982 in
2004 3931 2088 3983 in-

512 4008 850 4088 ﬁrmitatibus,
897 4018 951 4072 in
1001 4017 1479 4088 persequutionibus.
1528 4016 1745 4082 Quando
1771 4020 1901 4074 enim
1945 4019 2089 4089 in/ir-

510 4127 638 4175 mor,
679 4119 794 4164 tunc
824 4119 998 4177 patens
1026 4125 1136 4165 sum
1177 4108 1253 4179 (2.
1291 4107 1407 4163 Cor.
1444 4109 1528 4163 12.
1558 4109 1738 4178 7-10).
1781 4109 1942 4164 Vides
1965 4127 2086 4166 eum

509 4203 676 4274 magis
699 4199 919 4256 excitari
951 4201 1002 4254 in
1028 4198 1331 4264 afflictione,
1388 4210 1440 4255 et
1467 4199 1532 4253 ad
1574 4201 1736 4253 Deum
1775 4183 2083 4270 confugere,

511 4305 566 4350 et
590 4295 638 4348 ei
667 4293 832 4348 multo
871 4291 1239 4347 vehementius
1283 4291 1557 4346 adbterere
1587 4293 1638 4344 in
1668 4293 1783 4361 ipso
1824 4293 2087 4362 profundo

511 4385 770 4440 malorum
822 4383 840 4453 (
865 4383 965 4438 hoc
993 4383 1134 4438 enim
1165 4383 1266 4436 sibi
1301 4383 1412 4436 vult
1441 4383 1586 4446 illud,
1611 4382 1680 4436 In
1709 4385 1987 4452 deﬁciendo
2025 4403 2088 4440 ea:

508 4495 588 4540 pne
628 4477 861 4547 spiritum
903 4491 1064 4529 meum
1088 4475 1129 4544 ),
1175 4486 1229 4529 et
1269 4485 1391 4528 tunc
1415 4473 1801 4545 diligentiorem
1823 4485 1877 4530 et
1903 4477 2086 4532 inelio-

506 4586 618 4624 rem
653 4566 838 4627 efﬁci?
884 4565 1019 4622 lllud
1063 4577 1264 4630 autem,
1326 4564 1394 4618 Et
1449 4575 1503 4617 tu
1557 4566 1830 4636 cognouisti
1885 4569 2086 4623 semitas

507 4677 662 4726 meas,
699 4661 836 4716 alius
880 4661 1140 4729 interpres
1182 4659 1262 4729 (a)
1296 4658 1443 4723 dixit,
1483 4657 1558 4711 Tu
1594 4660 1725 4712 enim
1766 4661 1881 4714 scis.
1916 4659 1983 4713 In
2008 4662 2086 4715 uia

507 4753 602 4806 hac
627 4792 640 4814 ,
699 4768 800 4824 qua
859 4751 1193 4815 ambulabant,
1241 4750 1611 4806 absconderant
1665 4753 1897 4820 laqueum
1939 4754 2081 4806 mihi.

507 4843 560 4898 5.
609 4841 1000 4898 Considerabam
1038 4843 1105 4895 ad
1143 4843 1397 4896 dexteram
1418 4881 1434 4908 ,
1493 4851 1538 4896 et
1588 4843 1812 4900 videbam
1854 4860 1871 4898 :
1911 4854 1956 4898 et
1985 4863 2085 4900 non

507 4941 614 4986 erat
651 4931 738 5002 qui
766 4941 1077 5004 cognosceret
1116 4948 1212 4984 me.
1243 4931 1338 4986 llic
1383 4933 1616 4988 ostendit
1641 4934 1907 5006 ingentem
1938 4937 2083 4991 cala-

509 5024 771 5087 tilitatem,
799 5033 853 5077 et
885 5023 1022 5086 mala
1069 5023 1406 5092 ampliﬁcata,
1463 5023 1799 5096 hostiumque
1845 5027 2079 5092 insidias,

505 5115 773 5185 quomodo
821 5117 966 5185 prius
999 5123 1357 5181 accesserunt,
1400 5114 1637 5168 volentes
1681 5130 1801 5169 cum
1852 5129 2084 5185 proster-

507 5223 676 5272 nere;
709 5217 764 5262 et
787 5205 926 5278 quod
956 5216 1040 5260 cst
1067 5206 1303 5260 omnium
1338 5206 1727 5276 gravissimum,
1783 5225 1886 5260 non
1927 5209 2084 5262 modo

506 5299 636 5353 nulli
683 5307 836 5352 erant
877 5297 1006 5352 socii
1049 5306 1144 5351 aut
1183 5295 1474 5368 adjutores,
1516 5297 1610 5351 sed
1637 5312 1705 5352 ne
1725 5314 1843 5352 eum
1870 5298 2081 5368 quidem

505 5391 864 5461 agnoscebant
881 5391 896 5422 ¹
907 5429 921 5444 .

576 5481 632 5537 2.
675 5480 990 5537 Calamitosis
1016 5481 1165 5552 pauci
1193 5480 1396 5534 adsunt.
1449 5508 1520 5518 —
1566 5478 1678 5534 lloc
1723 5489 1805 5536 est
1857 5481 2082 5536 maxima

572 5619 587 5646 ¹
626 5623 768 5674 Unus,
797 5616 880 5666 sed
905 5628 996 5666 non
1019 5620 1139 5670 erat,
1165 5612 1332 5676 inquit.
1360 5611 1442 5674 qui
1465 5626 1538 5663 me
1559 5621 1852 5677 agnosceret.

573 5679 646 5737 (ο)
682 5683 926 5738 tutetute»
948 5677 1022 5726 hic
1040 5683 1339 5726 memoratus
1361 5684 1436 5725 est
1461 5678 1778 5738 ἓγῐιιηιέιλιυδ.

1244 243 1302 301 S.
1342 243 1620 302 JOANNIS
1654 245 2130 304 CHRYSOSTOMI
2168 251 2480 310 ARCHIEP.
2520 255 3056 316 CONSTANTINOP.

3703 273 3810 329 411

2231 363 2486 432 solitudo,
2533 381 2741 424 summa
2784 368 3061 427 derelictio
3110 389 3124 427 :
3176 382 3260 429 est
3302 375 3446 433 enim
3497 393 3813 449 paucorum,

2231 454 2422 514 adesse
2463 456 2516 513 in
2561 459 2973 529 calamitatibus,
3017 472 3074 520 et
3114 479 3269 535 opem
3301 467 3458 532 ferre,
3485 479 3542 524 et
3575 476 3820 527 maxime»

2229 547 2444 614 quando
2470 549 2802 609 calamitates
2841 553 3114 610 minantur
3147 557 3396 626 pericula.
3441 559 3545 616 Sed
3575 562 3676 617 hoc
3701 579 3807 619 non

2229 637 2391 692 modo
2420 653 2540 694 eum
2569 655 2675 696 non
2706 642 2864 709 laesit,
2913 644 3008 700 sed
3036 647 3198 701 etiam
3239 648 3388 703 valde
3428 649 3586 718 juvit,
3636 652 3707 707 ita
3753 667 3808 708 ut

2227 741 2349 783 eum
2396 729 2506 785 Deo
2549 730 2868 789 familiarem
2912 733 3118 792 fecerit.
3151 737 3218 792 Et
3256 747 3308 792 tu
3354 753 3501 808 ergo,
3533 755 3567 794 o
3594 742 3806 811 dilecte,

2227 821 2439 890 quando
2476 822 2674 878 videris
2700 827 2836 881 mala
2861 841 3124 895 crescere,
3155 844 3224 884 ne
3261 831 3532 900 concidas,
3565 849 3662 890 nec
3686 838 3806 890 ani-

2224 925 2369 965 mum
2412 912 2651 983 alujicias,
2699 916 2795 971 sed
2837 918 2913 973 sis
2956 921 3176 989 gnavior
3209 931 3266 975 et
3293 921 3614 992 vigilantior.
3663 927 3807 983 Deus

2225 1003 2371 1057 enim
2401 1004 2523 1059 ideo
2550 1008 2810 1075 permittit
2840 1025 2902 1066 ea
2929 1011 3080 1076 oriri,
3111 1023 3166 1066 ut
3193 1022 3334 1068 tuam
3365 1018 3600 1071 excutiat
3621 1033 3800 1074 socor-

2225 1090 2390 1158 diam,
2425 1105 2481 1150 ut
2509 1105 2561 1152 te
2583 1097 2963 1157 dormitantem
2989 1101 3206 1158 excitet.
3248 1103 3398 1160 Tunc
3425 1107 3567 1160 enim
3595 1111 3804 1164 esscin-

2224 1181 2422 1239 duntur
2462 1187 2640 1242 omnia
2681 1205 3097 1259 supervacanea,
3149 1203 3274 1250 tunc
3327 1198 3506 1252 omnia
3560 1214 3679 1270 qua:
3721 1203 3800 1256 .ad

2227 1273 2362 1329 hanc
2403 1287 2640 1333 nostram
2689 1281 2849 1335 vitam
2897 1285 3163 1352 pertinent
3202 1287 3504 1356 exapirant,
3562 1300 3688 1346 tunc
3747 1293 3801 1346 in

2226 1365 2468 1421 oratione
2511 1368 2686 1424 evadit
2719 1371 2837 1441 quis
2873 1373 3199 1444 diligentior,
3241 1385 3367 1432 tunc
3405 1377 3476 1434 ad
3501 1380 3798 1453 eleemosy-

2219 1469 2341 1509 nam
2389 1467 2444 1513 et
2492 1459 2560 1512 ad
2608 1463 2810 1517 ventris
2863 1463 3262 1534 despiciendam
3310 1471 3369 1524 fit
3409 1470 3670 1538 alacrior,
3745 1486 3801 1530 et

2219 1551 2631 1624 unmnquodque
2653 1555 2814 1610 animi
2843 1557 3024 1612 vitium
3055 1559 3206 1615 facile
3233 1571 3533 1630 superatur,
3563 1563 3798 1635 fugatum

2217 1640 2285 1695 ab
2329 1643 2638 1701 afflictione.
2684 1647 2866 1718 Neque
2905 1650 3047 1705 enim
3075 1651 3144 1706 ab
3174 1651 3325 1708 initio
3354 1665 3412 1708 ut
3439 1669 3536 1710 n0s
3563 1658 3796 1724 puniret,

2218 1731 2506 1802 implicavit
2541 1751 2641 1792 nos
2677 1737 2946 1794 laboribus
2995 1747 3050 1795 et
3103 1742 3536 1812 aegritudinibus,
3583 1747 3796 1802 etiamsi

2215 1822 2286 1877 ita
2339 1828 2706 1893 pronuntiarit,
2769 1840 2826 1884 ut
2870 1831 3114 1900 supplicii
3163 1833 3281 1888 loco
3323 1833 3686 1904 baberet,sed
3737 1851 3796 1893 ut

2213 1929 2314 1970 nos
2335 1918 2641 1988 castigaret,
2669 1930 2725 1976 et
2753 1922 3000 1978 meliores
3031 1924 3298 1980 redderet.
3341 1925 3396 1982 Si
3418 1928 3560 1982 enim
3588 1945 3709 1984 cum
3743 1942 3798 1986 et

2178 2043 2182 2046 -
2211 2007 2365 2062 dolor
2391 2009 2682 2078 immineat,
2711 2022 2765 2068 et
2805 2015 2910 2068 vita
2937 2015 3005 2069 sit
3030 2015 3314 2080 laboriosa,
3345 2018 3482 2073 adeo
3512 2019 3794 2078 invalescit

2211 2096 2394 2152 vitium
2426 2117 2440 2154 :
2470 2099 2515 2154 si
2557 2102 2690 2156 nihil
2737 2113 2879 2159 esset
2921 2104 3133 2172 horum,
3162 2122 3267 2177 quo
3296 2107 3508 2163 tandem
3531 2125 3637 2165 non
3666 2127 3795 2181 pro-

2208 2187 2497 2244 cessisset?
2526 2189 2594 2245 Et
2615 2193 2741 2261 quid
2785 2195 3016 2262 miraris,
3057 2196 3102 2250 si
3153 2197 3220 2250 ita
3249 2207 3333 2252 est
3359 2198 3414 2253 in
3442 2200 3643 2268 animo,
3670 2216 3794 2258 cum

2206 2277 2370 2332 etiam
2397 2279 2448 2333 in
2473 2284 2786 2350 corporibus
2811 2285 2880 2338 sit
2905 2285 3100 2340 bonum
3141 2285 3381 2355 alilictio,
3403 2299 3459 2344 et
3483 2305 3642 2361 supra
3671 2309 3792 2347 mo-

2206 2366 2334 2422 dum
2363 2369 2568 2425 deliciis
2609 2373 2853 2442 perfundi
2881 2390 3097 2430 carnem
3127 2377 3198 2432 sit
3225 2378 3378 2434 valde
3406 2381 3667 2438 noxium?
3723 2385 3791 2440 Et

2205 2459 2404 2530 alioqui
2441 2461 2566 2516 dum
2611 2465 2842 2534 undique
2871 2477 3144 2536 ponuntur
3173 2469 3400 2536 insidias,
3446 2473 3500 2527 id
3541 2475 3790 2530 homines

2203 2551 2378 2606 reddit
2416 2562 2602 2612 cautos
2637 2565 2693 2612 et
2732 2558 3149 2629 circumspectos
3180 2570 3276 2617 :et
3311 2563 3356 2619 si
3381 2566 3786 2635 attenderimus,

2203 2642 2337 2697 nihil
2389 2643 2570 2700 damni
2630 2649 2938 2718 accipimus.
3008 2650 3078 2706 Et
3130 2652 3251 2708 ideo
3304 2655 3435 2711 dicit
3481 2659 3786 2729 quispiam,

2202 2731 2430 2804 Agnosce
2478 2737 2613 2806 quod
2666 2740 2851 2796 transis
2895 2740 2946 2795 in
2989 2743 3154 2797 medio
3200 2743 3513 2816 laqueorum,
3546 2762 3591 2803 et
3629 2768 3787 2819 supra

2200 2825 2458 2880 civitatum
2499 2828 2682 2898 pinnas
2728 2831 2958 2887 ambulas
3024 2831 3209 2903 (Eccli.
3240 2838 3296 2891 9.
3341 2838 3428 2893 15.
3459 2840 3511 2892 in
3539 2838 3738 2911 Greece)
3765 2886 3782 2910 ,

2200 2925 2255 2970 et
2301 2915 2420 2984 hic,
2491 2917 2557 2972 In
2623 2920 2724 2987 uia,
2777 2935 2878 2990 qua
2912 2924 3254 2992 ambulabam,
3303 2926 3667 2984 absconderant
3706 2933 3784 2986 la-

2198 3023 2381 3076 queum
2423 3009 2568 3062 mihi.
2617 3009 2769 3078 Quod
2799 3011 2846 3066 si
2879 3013 2998 3083 quis
3020 3013 3133 3069 haec
3158 3015 3317 3070 etiam
3344 3021 3632 3088 sumpserit
3655 3037 3784 3074 ana-

2196 3101 2406 3170 gogice,
2457 3100 2662 3157 videbit
2701 3103 2803 3158 hoc
2851 3105 3024 3173 ipsum
3063 3106 3340 3162 facientem
3378 3110 3671 3178 diabolum,
3726 3123 3781 3168 et

2196 3206 2303 3245 non
2337 3195 2542 3262 procul,
2588 3194 2682 3248 sed
2723 3209 2888 3266 prope
2929 3197 3282 3252 occultantem
3325 3200 3564 3257 insidias.

2266 3280 2496 3348 Laqueos
2533 3283 2685 3337 etiam
2727 3285 2781 3338 in
2819 3286 3012 3341 virtutis
3058 3289 3293 3342 exercitio
3338 3291 3494 3344 tendit
3521 3292 3776 3348 diabolus.

2193 3373 2549 3442 -—Quocirca
2596 3392 2786 3447 magna
2834 3379 2989 3433 nobis
3037 3379 3312 3448 vigilantia
3355 3398 3490 3452 opus
3523 3395 3626 3439 est.
3675 3387 3782 3440 οε.

2193 3465 2357 3519 euitat
2401 3465 2546 3520 enim
2591 3467 2856 3536 laqueum,
2905 3483 3096 3538 nempe
3133 3469 3186 3524 in
3214 3471 3554 3544 eleemosyna
3585 3491 3776 3532 vanam

2192 3555 2442 3626 gloriam,
2487 3558 2539 3611 in
2585 3557 2792 3627 jejunio
2829 3561 3208 3630 arrogantiam,
3250 3579 3357 3617 non
3401 3565 3455 3618 in
3499 3566 3640 3632 aliis,
3679 3571 3778 3623 sed

2194 3647 2250 3702 in
2279 3648 2408 3718 ipsis
2451 3648 2572 3715 viis,
2612 3650 2666 3704 in
2715 3651 2905 3720 quibus
2950 3653 3308 3721 ambulamus,
3335 3655 3480 3726 quod
3505 3667 3589 3712 est
3618 3660 3779 3729 longe

2192 3741 2585 3810 gravissimum.
2636 3741 2798 3798 Periit
2848 3749 2973 3816 fuga
3019 3762 3052 3798 a
3097 3763 3194 3800 me.
3252 3747 3383 3803 Vide
3408 3764 3592 3806 rursus
3617 3752 3775 3806 aliam

2193 3832 2452 3886 malorum
2503 3834 2884 3889 accessionem.
2939 3835 3184 3892 Ostendit
3235 3840 3379 3894 enim
3441 3857 3546 3896 non
3599 3843 3775 3898 solum

2191 3938 2311 3978 esse
2358 3923 2409 3977 in
2456 3925 2556 3978 viis
2609 3925 2848 3996 laqueos,
2906 3941 3006 3982 nec
3057 3929 3224 3982 ullum
3277 3930 3437 3984 fuisse
3477 3933 3564 4000 qui
3612 3947 3775 4002 opem

2189 4014 2356 4071 ferret
2401 4029 2456 4070 et
2511 4029 2863 4087 agnosceret;
2919 4023 3013 4075 sed
3047 4037 3143 4076 nec
3171 4023 3314 4092 quod
3343 4026 3601 4094 reliquum
3645 4031 3771 4097 qui-

2190 4105 2309 4160 dem
2341 4116 2422 4162 est
2461 4107 2529 4162 ad
2551 4108 2876 4176 evasionem,
2927 4119 2985 4165 ut
3021 4111 3143 4182 fuga
3180 4113 3337 4168 saluti
3365 4131 3474 4170 sua:
3503 4121 3772 4186 consulat,

2190 4197 2242 4253 id
2285 4199 2386 4254 sibi
2419 4215 2538 4255 esse
2564 4213 2864 4271 promptum
2892 4213 2946 4258 et
2972 4205 3296 4274 expeditum.
3349 4207 3424 4262 Ita
3469 4209 3522 4262 in
3577 4212 3774 4267 mediis

2189 4291 2344 4344 malis
2395 4291 2719 4362 interceptus
2770 4294 2959 4360 fuerat,
2992 4312 3090 4350 nec
3114 4296 3274 4367 effugi
3307 4308 3514 4368 poterat
3549 4301 3769 4356 calami-

2192 4390 2304 4434 tas:
2338 4390 2394 4435 et
2425 4391 2597 4436 tamen
2625 4398 2691 4437 ne
2717 4384 2794 4438 sic
2829 4385 3042 4454 quidem
3087 4387 3424 4457 desperabat.
3465 4389 3532 4443 Et
3562 4409 3661 4444 non
3697 4407 3772 4447 est

2188 4473 2273 4540 qui
2317 4473 2535 4544 requirat
2577 4474 2797 4526 animam
2845 4491 3053 4530 meam:
3093 4479 3193 4531 hoc
3227 4488 3329 4543 est,
3357 4480 3455 4547 Qui
3493 4481 3767 4550 defendat,

2188 4564 2276 4632 qui
2318 4579 2473 4633 opem
2526 4564 2679 4619 ferat.
2715 4565 2850 4632 Quid
2894 4566 2979 4621 hic
3025 4568 3192 4637 ergo?
3240 4569 3504 4639 Numquid
3545 4589 3667 4626 cum
3718 4577 3770 4628 in

2190 4665 2333 4709 tanta
2378 4666 2682 4711 versaretur
2731 4657 2925 4728 inOpia,
2957 4667 3012 4712 et
3040 4667 3182 4712 tanta
3211 4671 3544 4730 premeretur
3581 4679 3770 4717 rerum

2189 4748 2516 4816 difficultate,
2566 4751 2868 4824 desperavit,
2922 4750 3186 4806 salutem?
3229 4751 3611 4823 Nequaquam;
3670 4757 3768 4810 sed

2187 4843 2252 4896 ad
2287 4842 2450 4898 Deum
2489 4844 2666 4897 statim
2695 4830 2948 4912 confugit,
2979 4850 3036 4897 et
3067 4843 3195 4898 dicit
3225 4861 3237 4896 :
3273 4845 3328 4898 6.
3351 4843 3579 4900 Clamaoi
3607 4846 3678 4899 ad
3699 4859 3770 4912 te,

2188 4931 2423 4995 Domine,
2469 4933 2595 4996 dixi,
2641 4930 2722 4985 Tu
2758 4949 2809 4986 es
2843 4949 2956 5001 spes
2983 4948 3115 4999 mea,
3161 4934 3325 5003 portio
3371 4949 3480 4987 mea
3533 4936 3588 4988 in
3631 4944 3775 4990 terra

2189 5029 2474 5078 viventium.
2523 5023 2707 5078 Vidisti
2767 5024 3064 5078 cautionem
3112 5025 3274 5078 animi
3317 5035 3372 5079 et
3417 5026 3770 5095 vigilantiam.

2188 5115 2321 5170 Mala
2351 5131 2470 5170 eum
2511 5116 2728 5171 minime
2779 5115 3095 5183 obruerunt,
3142 5117 3236 5172 sed
3286 5118 3454 5187 magis
3483 5130 3778 5174 erexerunt

2188 5219 2242 5264 et
2292 5209 2591 5262 extulerunt
2639 5227 2652 5262 :
2704 5218 2758 5264 et
2798 5224 2915 5264 cum
2956 5209 3008 5263 in
3055 5225 3262 5264 summa
3308 5220 3454 5265 esset
3499 5211 3672 5280 inopia
3717 5221 3780 5267 et

2188 5317 2364 5355 rerum
2387 5301 2620 5354 omnium
2652 5300 2978 5368 difficultate,
3007 5303 3220 5372 agnovit
3245 5318 3459 5357 manum
3491 5303 3772 5369 invictam,

2189 5399 2241 5445 et
2282 5391 2419 5444 vires
2453 5391 2842 5460 omnipotentes
2861 5433 2874 5456 ,
2906 5401 2959 5446 et
2988 5393 3042 5447 in
3071 5392 3230 5447 rebus
3256 5392 3522 5462 impeditis
3554 5392 3778 5448 facilem

2187 5483 2442 5537 evadendi
2477 5484 2754 5538 rationem.
2788 5482 2930 5549 Dixi,
2965 5482 3043 5537 Tu
3067 5501 3118 5538 es
3143 5501 3254 5554 spes
3284 5501 3414 5539 mea.
3465 5485 3782 5553 lteprobala

2187 5582 2328 5638 sunt,
2362 5574 2549 5642 inquit,
2598 5574 2824 5628 humana
2871 5575 3069 5638 omnia,
3122 5584 3176 5629 et
3213 5585 3496 5643 templ-stas
3523 5574 3660 5628 adeo
3689 5587 3786 5632 est

2192 5667 2337 5723 onmi
2368 5668 2561 5723 auxilio
2586 5669 2844 5738 superior,
2873 5678 2924 5723 ut
2957 5669 3099 5722 nulla
3131 5678 3242 5722 arte
3267 5668 3428 5739 possit
3457 5668 3607 5723 vitari
3631 5682 3776 5721 nau-
