4070 6214
375 257 474 312 με

372 365 515 432 ιιινᾷ
552 366 638 429 είς
683 364 935 434 ὄλεθρον
984 364 1098 434 τῆς
1139 367 1367 436 σαρκὸς
1387 406 1403 431 ,
1452 369 1555 423 ἵνα
1597 369 1666 422 τὸ
1712 369 1948 440 πνεῦμα

368 447 555 515 σωθῇ.
583 448 692 500 Καὶ
720 447 1023 517 Κορινθίοις
1051 449 1402 509 ἐπιστέλλων.
1431 450 1586 519 ἔλεγε
1605 471 1618 483 ο
1645 455 1749 509 Διὰ
1774 454 1950 508 τοῦτο

371 534 438 585 ἐν
465 529 607 598 ὑμῖν
642 530 861 584 πολλοὶ
898 531 1195 597 ἀσθενεῖς,
1236 532 1334 584 καί
1360 531 1672 600 ἄρρωστοι,
1705 536 1801 588 καὶ
1831 553 1951 588 κοι-

371 635 410 685 μ
426 616 590 669 ὖνται
629 616 844 668 ίκανοί.
883 618 955 668 El
991 617 1102 684 γὰρ
1131 615 1384 682 ἑαυτοὺς
1414 615 1802 686 διεκρίνομεν,
1837 620 1950 672 οὐκ

371 699 448 752 ἂν
482 699 850 766 ἐκρινόμεθα.
890 699 1237 767 Κρινόμενοι
1277 697 1348 750 δὲ
1391 695 1510 751 ὑπὸ
1543 701 1764 766 Κυρίου
1811 715 1946 751 παι-

371 781 682 848 δευόμεθα,
721 780 821 832 ἵνα
858 779 944 848 μὴ
971 781 1100 834 σὺν
1130 777 1210 844 τῷ
1241 780 1449 847 κόσμῳ
1485 780 1947 851 κατακριθῶμεν.

374 865 483 918 Καὶ
526 862 603 933 τῷ
650 862 890 932 πλουσίῳ
929 865 958 916 6
992 862 1243 933 ’Δϐραάμ
1289 863 1472 930 ἔλεγε·
1523 863 1838 931 Ἀπέλαϐες
1878 866 1952 920 τὰ

372 945 563 1016 ἀγαθὰ
592 961 710 1000 σου
747 947 818 999 ὲν
845 945 921 1013 τῇ
949 944 1062 1014 ζωῇ
1097 959 1236 1010 σου,
1263 945 1364 1000 καὶ
1391 944 1653 1014 Λάζαρος
1682 947 1758 1002 τὰ
1795 948 1953 1002 κακὰ

373 1027 580 1084 αὐτοῦ·
613 1029 709 1082 καί
744 1027 864 1081 νῦν
887 1027 1007 1096 μὲν
1053 1023 1233 1094 οὗτος
1275 1029 1735 1096 παρακαλεῖται,
1774 1029 1856 1083 σὺ
1884 1029 1954 1084 δὲ

378 1109 692 1166 ὀδυνᾶσαι.
717 1110 827 1164 Καὶ
845 1109 874 1161 ὁ
897 1109 1060 1163 Δαυτδ
1086 1110 1144 1164 δὲ
1173 1113 1335 1181 ἡνίκα
1362 1111 1524 1165 αὐτὸν
1551 1113 1898 1183 κατηράσατο
1925 1126 1950 1154 ιι

378 1196 407 1247 6
437 1193 649 1259 Σεμεεὶ,
675 1193 858 1260 ἐλεγεν
877 1210 890 1224 ·
911 1193 1088 1260 Ἄφες
1118 1192 1306 1245 αὺτὸν
1336 1192 1710 1261 καταρᾶσθαι
1734 1211 1831 1264 με,
1861 1195 1952 1249 ὅτι

380 1278 590 1344 Κύριος
619 1273 776 1341 αὐτῷ
805 1275 1165 1339 ἐνετείλατο,
1193 1275 1352 1342 ὅπως
1375 1275 1455 1333 ἂν
1478 1275 1576 1344 ιδῃ
1610 1276 1725 1345 τὴν
1753 1279 1954 1331 ταπεί-

377 1359 568 1413 νωσίν
589 1376 728 1427 μου.
757 1359 866 1412 Καὶ
899 1357 1173 1428 πανταχοῦ
1218 1357 1326 1411 τῶν
1363 1359 1592 1429 Γραφῶν
1624 1361 1950 1431 εὑρήσομεν,

379 1443 461 1494 ὃτι
501 1443 550 1494 οἰ
581 1441 682 1504 τὰς
723 1440 930 1509 θλίψεις
979 1439 1311 1509 εὐχαρίστως
1364 1441 1650 1512 φέροντες,
1693 1443 1754 1495 οὐ
1794 1443 1952 1512 μόνον

380 1523 550 1578 πολλά
577 1523 686 1576 τῶν
718 1523 1128 1593 ἁμαρτημάτων
1174 1521 1511 1587 διαλύονται,
1553 1522 1692 1578 ἀλλά
1748 1525 1844 1578 καὶ
1885 1525 1948 1577 οὐ

381 1605 586 1677 μικρὰν
619 1605 868 1658 ἐντεῦθεν
913 1604 1148 1658 κτῶνται
1186 1603 1322 1674 πρὸς
1362 1603 1454 1659 τὸν
1485 1604 1618 1659 Θεὸν
1665 1607 1764 1677 τὴν
1813 1610 1955 1680 παῤ-

381 1689 595 1759 ρησίαν.
615 1689 710 1741 Ἐν
737 1687 816 1753 τῷ
843 1687 1147 1741 ἐκλείπειν
1176 1687 1246 1751 ἐξ
1278 1687 1425 1756 ἐμοῦ
1454 1687 1521 1740 τὸ
1547 1689 1783 1758 πνεῦμὰ
1810 1709 1950 1757 μου,

380 1772 479 1825 καί
522 1771 604 1825 σὺ
640 1772 828 1840 ἔγνως
872 1773 979 1836 τὰς
1020 1771 1258 1837 τρίϐους
1287 1788 1429 1839 μου.
1474 1772 1602 1824 Ὅτε
1637 1772 1871 1842 μάλιστα
1903 1774 1952 1826 οί

383 1854 704 1924 μικρόψυχοι
749 1852 858 1906 τῶν
891 1851 1200 1924 ’ἀνθρώπων
1245 1853 1632 1920 ἀναπίπτουσι,
1677 1855 1863 1908 πολλοὶ⁴
1896 1855 1953 1909 δὲ

379 1936 473 1988 καὶ
506 1935 763 2006 δύσφημα
793 1936 820 1974 ιι
861 1936 1084 2005 ῥήματα
1128 1935 1474 2004 φθέγγονται,
1504 1936 1625 1989 τότε
1657 1931 1807 2000 οὗτος
1852 1938 1954 2008 μά-

377 2018 534 2072 λιστα
579 2019 886 2089 φιλοσοφεῖ,
926 2017 1243 2072 διδάσκαλον
1271 2017 1412 2089 ἔχων
1454 2019 1551 2090 τῆς
1591 2019 1828 2090 σπουδῆς
1853 2019 1953 2091 τὴν

376 2099 577 2170 θλίψιν.

450 2184 621 2234 ὀταν
661 2175 756 2234 οῦν
783 2180 901 2250 ἴδῃς
939 2178 1063 2234 τινὰ
1088 2179 1534 2248 ἀπογινώσκοντα
1561 2183 1670 2237 ἀπὸ
1699 2182 1950 2254 θλίψεως,

375 2265 412 2335 ἢ
451 2263 647 2334 πικρόν
675 2280 728 2315 τι
759 2263 910 2333 ῥῆμα
939 2262 1330 2333 φθεγγόμενον,
1363 2264 1438 2335 μὴ
1466 2264 1564 2336 τὴν
1596 2265 1774 2336 θλίψιν
1799 2267 1952 2340 [444]

377 2347 556 2401 αἰτίαν
602 2345 759 2416 ⁴ίιγοῦ,
792 2344 930 2397 ἀλλά
957 2345 1056 2415 τὴν
1110 2345 1476 2416 μικροψυχίαν
1507 2347 1603 2400 τοῦ
1637 2349 1811 2403 ταῦτα
1853 2351 1954 2403 λα-

376 2429 594 2490 λοῦντος
619 2439 667 2482 ο,
701 2427 816 2498 Τῆς
848 2427 957 2497 γὰρ
983 2427 1217 2496 θλίψεως
1241 2429 1275 2498 ἡ
1304 2428 1466 2496 φύσις
1491 2429 1562 2483 τὰ
1597 2431 1817 2486 ἐναντία
1856 2449 1955 2486 κα-

375 2509 734 2573 τασκευάζειν
779 2509 972 2573 εἴωθε,
1005 2510 1297 2582 προσοχὴν,
1345 2512 1633 2583 συντριϐὴν
1678 2513 1950 2578 διανοίας,

379 2593 778 2663 συντεταμένην
809 2591 1058 2664 γνώμην,
1089 2593 1372 2657 εὐλαϐείας
1413 2595 1684 2652 ἐπίτασιν.
1726 2598 1818 2651 Διὸ
1861 2599 1956 2652 καὶ

375 2678 410 2730 6.
435 2675 644 2738 Παῦλος
678 2675 892 2744 ἔλεγεν·
935 2676 999 2730 Ἠ
1045 2677 1250 2744 θλίψις
1297 2677 1618 2746 ὑπομονὴν
1665 2681 1953 2751 κατεργά-

376 2759 550 2823 ζεται,
583 2760 622 2827 ή
651 2758 720 2812 δὲ
753 2759 1032 2828 ὑπομονὴ
1070 2758 1344 2828 δοκιμήν.
1374 2759 1438 2814 El
1471 2760 1526 2814 δέ
1561 2762 1800 2817 Ἰουδαῖοι
1841 2763 1956 2820 θλι-

377 2841 592 2911 ϐόμενοι
621 2841 937 2909 ἐγόγγυζον,
976 2841 1036 2894 οὐ
1065 2841 1167 2910 τῆς
1204 2840 1453 2910 θλίψεως.
1496 2842 1632 2899 ἀλλά
1661 2845 1761 2913 τῆς
1807 2846 1954 2898 ἐκεί-

375 2941 483 2977 νων
519 2923 703 2985 ἀνοίας
739 2918 808 2993 ἦν
848 2922 918 2975 τὰ
945 2921 1038 2975 τοῦ
1083 2923 1397 2993 γογγυσμοῦ
1441 2925 1691 2995 ῥήματα·
1732 2928 1858 2980 ἐπεὶ
1902 2929 1954 2980 οί

376 3005 522 3072 ἅγιοι
570 3004 905 3074 θλιϐόμενοι,
960 3003 1328 3076 λαμπρότεροι
1383 3007 1478 3058 καὶ
1529 3005 1953 3080 φιλοσοφώτεροι

375 3087 629 3156 ἐγίνοντο.
659 3087 750 3140 Διὸ
791 3088 886 3141 καὶ
913 3087 1098 3156 ἐλεγεν
1140 3088 1302 3152 αὐτὸς
1329 3083 1509 3153 οὗτος·
1557 3091 1794 3160 Ἆγαθόν
1825 3111 1952 3163 μοι,

377 3173 578 3239 Κύριε.
621 3170 710 3224 ὅτι
757 3169 1165 3236 ἐταπείνωσάς
1206 3188 1303 3239 με,
1349 3170 1509 3238 ὅπως
1559 3173 1637 3226 ἂν
1673 3174 1841 3243 μάθω
1882 3179 1956 3232 τὰ

376 3252 736 3322 δικαιώματά
775 3267 910 3306 σου.
948 3253 1057 3306 Καὶ
1077 3255 1105 3305 ὁ
1137 3253 1375 3315 Παῦλος·
1405 3254 1511 3307 Καὶ
1545 3254 1620 3322 τῇ
1649 3258 1953 3327 ὑπερϐολῇ

377 3337 497 3391 τῶν
533 3337 1000 3420 ἀποκαλύψεων,
1037 3335 1136 3420 ἵνα
1172 3335 1259 3420 μὴ
1308 3337 1726 3420 ὑπεραίρωμαι,
1777 3340 1952 3413 ἐδόθη

375 3437 472 3491 μοι
514 3420 760 3486 σκόλοψ
807 3416 884 3485 τῆ
931 3416 1111 3486 σαρκὶ
1159 3417 1414 3487 ἄγγελος
1467 3419 1686 3486 Σατᾶν,
1735 3423 1836 3477 ἵνα
1878 3443 1954 3495 με

376 3498 690 3570 κολαφίζῃ.
727 3499 895 3568 ’Υπὲρ
922 3500 1138 3553 τούτου
1167 3501 1295 3567 τρὶς
1320 3500 1430 3553 τὸν
1454 3503 1674 3570 Κύριον
1698 3507 1953 3575 παρεκά-

375 3587 559 3646 λεσα,
611 3581 708 3634 καί
743 3581 946 3650 εἴρηκέ
971 3597 1098 3651 μοι·
1139 3580 1326 3649 Ἀρκεῖ
1361 3597 1464 3637 σοι
1505 3583 1677 3654 χάρις
1709 3605 1849 3656 μου.
1894 3589 1958 3646 Ἠ

377 3665 488 3734 γὰρ
535 3666 791 3733 δύναμις
831 3680 951 3733 μου
1002 3664 1072 3717 ἐν
1114 3664 1397 3733 ἀσθενείᾳ
1446 3667 1772 3724 τελειοῦται
1793 3691 1808 3702 ·
1858 3671 1952 3725 διὸ

375 3747 602 3802 εὐδοκῶ
631 3747 702 3801 ἐν
734 3747 1042 3814 θλίψεσιν,
1069 3745 1135 3798 ἐν
1169 3747 1526 3814 ἀσθενείαις,
1562 3751 1634 3803 ἐν
1653 3751 1946 3822 διωγμοῖς.

380 3833 510 3885 Ὅτε
551 3831 663 3901 γὰρ
703 3828 970 3894 ἀσθενῶ,
1009 3829 1142 3881 τότε
1187 3829 1446 3896 δυνατός
1477 3835 1612 3900 ειμι.
1649 3834 1816 3906 Ὁρᾷς
1857 3841 1952 3893 καὶ

375 3913 562 3967 τοῦτον
603 3913 662 3965 ἐν
702 3914 770 3982 τῇ
797 3910 973 3979 θλίψει
1011 3910 1208 3980 μᾶλλον
1236 3910 1650 3982 διεγιιρόμενον,
1691 3919 1782 3970 καὶ
1817 3920 1951 3990 πρὸς

374 3996 467 4050 τὸν
510 3995 642 4050 Θεὸν
688 3991 1133 4060 καταφεύγοντα,
1179 3994 1271 4046 καὶ
1307 3995 1566 4058 μειζόνως
1595 3998 1954 4069 ἀντεχόμενον

374 4078 536 4132 αὐτοῦ
580 4076 720 4148 μετά
764 4074 965 4142 πολλῆς
1007 4073 1107 4143 τῆς
1139 4074 1526 4145 σφοδρότητος,
1575 4078 1670 4130 καὶ
1713 4081 1772 4132 ἐν
1803 4082 1952 4153 αὐτῷ

373 4161 455 4232 τῷ
490 4160 725 4232 πυθμένι
763 4159 874 4214 τῶν
914 4159 1098 4213 κακῶν
1139 4157 1314 4229 (τοῦτο
1359 4159 1468 4230 γάρ
1519 4161 1690 4224 ἐστιν,
1734 4162 1829 4217 Ἑν
1873 4164 1953 4230 τῷ

375 4245 677 4298 ἐκλείπειν
701 4244 771 4309 ἐξ
798 4243 944 4311 ἐμοῦ
976 4243 1040 4296 τὸ
1076 4240 1314 4309 πνεῦμὰ
1351 4241 1520 4311 μου),
1566 4244 1661 4296 καὶ
1689 4245 1810 4299 τότε
1845 4249 1954 4318 μά-

377 4327 533 4379 λιστα
580 4327 995 4398 σπουδαιότερον
1045 4325 1364 4394 γινόμενον;
1413 4324 1486 4376 Τὸ
1527 4325 1606 4390 δὲ,
1639 4328 1723 4381 Σὺ
1762 4331 1951 4400 ἔγνως

377 4410 484 4473 τὰς
515 4409 750 4477 τρίϐους
779 4427 922 4478 μου,
960 4409 1148 4479 ἐτερος
1177 4407 1516 4477 ἑρμηνευτὴς
1546 4403 1687 4473 εἷπε,
1717 4411 1803 4464 Σὺ
1838 4415 1950 4482 γὰρ

378 4487 565 4556 οἶδας.
619 4491 714 4544 Ἐν
755 4491 872 4557 ὀδῷ
909 4491 1116 4559 ταύτῃ,
1163 4483 1204 4560 ᾗ
1240 4489 1632 4558 ἐπορευόμην,
1673 4491 1950 4563 ἔκρυψαν

377 4573 597 4642 παγίδα
620 4591 740 4643 μοι.
768 4575 1105 4628 Κατενόουν
1127 4574 1214 4637 είς
1247 4571 1320 4624 τὰ
1357 4571 1546 4638 δεξιὰ,
1586 4574 1686 4626 καὶ
1709 4575 1949 4630 ἐπέϐλε-

379 4671 527 4710 πον·
556 4657 655 4710 καί
683 4658 793 4711 οὑκ
824 4655 904 4727 ἧν
928 4659 961 4709 ὁ
988 4654 1394 4723 ἐπιγινώσκων
1415 4671 1512 4725 με..
1560 4657 1822 4712 Ἐνταῦθα
1851 4661 1948 4732 τὴν

377 4739 626 4792 ἐπίτασιν
652 4738 751 4808 τῆς
781 4739 1064 4807 συμφορᾶς
1105 4738 1200 4789 καὶ
1241 4737 1309 4791 τά
1349 4737 1497 4790 δεινὰ
1538 4737 1808 4808 αὐξόμενα
1839 4741 1946 4795 δεί-

378 4837 555 4883 κνυσι,
587 4821 680 4876 καὶ
713 4820 820 4873 τῶν
859 4819 1130 4888 πολεμίων
1160 4819 1258 4882 τὰς
1287 4820 1602 4884 ἐπιϐουλάς,
1641 4821 1757 4886 πῶς
1789 4842 1948 4896 προσ-

377 4902 544 4975 ῄεσαν
592 4905 684 4957 καὶ
719 4903 997 4973 ἐγγυτέρω
1043 4903 1300 4970 ἐγίνοντο,
1349 4902 1658 4973 βουλόμενοι
1713 4907 1948 4962 ὑποσκε-

379 4986 554 5038 λίσαι·
587 4987 679 5040 καὶ
708 4986 767 5038 τὸ
789 4985 853 5054 δὴ
883 4982 1276 5056 χαλεπώτερον,
1299 4984 1382 5038 ὅτι
1401 4986 1464 5038 οὐ
1498 4986 1656 5055 μόνον
1683 4989 1783 5042 οὐκ
1808 4987 1948 5061 ἦσαν

375 5069 526 5139 αὐτῷ
543 5088 698 5154 τινες
749 5068 933 5140 βοηθοὶ
960 5068 994 5138 ἢ
1039 5065 1338 5138 σύμμαχοι,
1379 5068 1495 5122 ἀλλ’
1521 5070 1642 5124 οὐδὲ
1687 5073 1952 5154 ἐμεγίνω-

378 5168 506 5206 σκον
527 5150 576 5204 ἀ.

448 5233 512 5302 β’.
531 5233 704 5288 Τοῦτο
729 5235 762 5305 ὴ
805 5231 1046 5294 ἐπίτασις
1070 5228 1170 5300 τῆς
1203 5229 1457 5300 ἐρημίας,
1489 5235 1521 5304 ἠ
1555 5234 1825 5310 ὑπερὺολὴ
1851 5241 1946 5311 τῆς

438 5347 581 5409 {Alii
605 5350 862 5407 κατηρᾶτο·
904 5355 1014 5404 quae
1049 5349 1214 5409 qgllgem
1262 5341 1337 5391 hic
1377 5344 1660 5409 referamur
1701 5353 1851 5402 verba
1883 5369 1946 5406 ex

375 5407 420 5459 ll
443 5407 566 5470 Reg.
593 5420 691 5467 xw,
715 5402 809 5454 lion
843 5402 1013 5468 par—um
1046 5402 1284 5452 dilfemnl.
1304 5418 1332 5452 ει
1356 5411 1496 5456 textu
1517 5408 1721 5460 Biblico.

438 5468 467 5509 δ
491 5467 585 5517 Alii
609 5470 834 5517 δυσγεοῆ.

438 5473 467 5509 b
491 5473 585 5517 Alii
609 5473 834 5538 δυσχερῆ.

437 5533 461 5560 ⁸
489 5530 623 5579 Unus
645 5545 907 5582 ποιουντος.

438 5593 464 5629 έ
493 5597 628 5653 unus
650 5592 752 5640 ἀλλ’
775 5588 980 5653 οῦδὲ-ἦν,
1004 5591 1159 5652 φησὶν,
1179 5587 1203 5633 ὁ
1222 5586 1543 5649 ἐπιγινώσκων
1566 5607 1637 5653 με,
1663 5592 1773 5645 uol
1797 5596 1946 5649 Sam.

378 5653 516 5703 τοῦτο
537 5651 744 5708 imum;
767 5651 974 5718 ἐρημίας.

1477 256 1843 319 εχροδιτιο
1877 260 1944 317 IN
1981 259 2312 318 ΡεΑιιιυιι
2347 259 2525 314 CXLI;

3525 261 3626 318 ἐμ

2053 370 2486 442 ἀλλοτριώσεως·
2522 367 2717 436 ὀλίγων
2781 371 2890 440 γάρ
2945 371 3061 424 ἐστι
3105 369 3167 422 τὸ
3212 367 3272 422 ἐν
3321 376 3626 440 συμφοραῖς

2051 455 2306 524 παρεῖναι
2335 452 2431 505 καὶ
2457 450 2695 521 βοηθεῖν,
2723 452 2817 504 καὶ
2851 451 3088 520 μάλιστα
3115 453 3243 506 ὅταν
3266 455 3321 506 αἱ
3347 457 3626 524 συμφοραὶ

2051 535 2324 598 κινδύνους
2370 533 2684 588 ἀπειλῶσιν.
2728 533 2889 586 Ἀλλά
2932 533 3091 586 τοῦτο
3137 535 3200 586 οὐ
3251 536 3411 604 μόνον
3464 537 3626 590 αὐτὸν

2050 619 2149 672 οὐκ
2174 618 2424 686 ἔϐλαψεν,
2463 616 2598 670 ἀλλά
2637 615 2729 670 καὶ
2761 615 3021 685 μειζόνως
3062 614 3332 686 ὠφέλησε,
3367 618 3503 688 πρὸς
3533 621 3626 672 τον

2051 700 2182 753 Θεὸν
2215 699 2375 752 αὐτὸν
2398 697 2701 752 οἰκειῶσαν.
2727 697 2836 750 Καὶ
2865 696 2929 749 σὺ
2957 696 3155 760 τοίνυν,
3185 699 3460 768 ἀγαπητὲ,
3496 701 3625 754 ὅταν

2054 781 2170 855 ἴδῃς
2200 781 2471 851 αὐξόμενα
2517 780 2585 833 τὰ
2631 779 2801 842 δεινὰ,
2838 778 2912 850 μὴ
2958 779 3265 850 ἀναπέσῃς,
3312 781 3452 834 ἀλλά
3488 786 3624 851 νῆφε

2055 865 2333 935 μειζόνως.
2379 862 2478 916 Διά
2513 862 2621 932 γὰρ
2663 861 2821 915 τοῦτο
2861 861 3087 931 ἀφίησιν
3131 865 3159 915 ό
3195 863 3327 926 Θεὸς
3376 865 3626 934 αἴρεσθαι

2053 947 2216 1009 αὐτὰ,
2241 947 2328 999 ἵνα
2364 961 2458 997 σου
2489 944 2587 1014 τὴν
2639 944 2908 1014 ῥᾳθυμίαν
2940 945 3256 1017 ἀποτινάξῃ,
3299 945 3385 997 ἵνα
3423 962 3483 997 σε
3523 946 3627 1016 ἀφ-

2053 1030 2252 1102 υπνίσῃ
2273 1028 2622 1083 καθεύδοντα.
2653 1027 2788 1080 Τότε
2809 1027 2916 1098 γὰρ
2936 1039 2958 1067 ο
2983 1029 3157 1082 πάντα
3185 1029 3252 1081 τὰ
3268 1029 3496 1100 περιττά
3525 1046 3626 1081 πε-

2054 1112 2391 1186 ρικόπτεται,
2421 1110 2544 1163 τότε
2578 1109 2755 1163 πάντα
2789 1112 3090 1180 ἐκφυσᾶται
3121 1110 3188 1164 τὰ
3218 1110 3472 1179 βιωτικὰ,
3503 1112 3626 1165 τότε

2051 1195 2111 1246 ἐν
2144 1196 2416 1264 προσευχῇ
2449 1191 2860 1263 σπουδαιότερος
2888 1191 3114 1260 γίνεται,
3155 1193 3293 1263 πρὸς
3326 1192 3626 1263 ἐλεημοσύ-

2052 1295 2149 1348 νην
2206 1276 2644 1348 προθυμότερος,
2697 1277 2834 1346 πρὸς
2876 1276 3174 1350 ὑπεροψίαν
3212 1277 3480 1345 γαστρὸς,
3531 1277 3627 1330 καὶ

2052 1360 2280 1413 ἕκαστον
2334 1357 2503 1422 πάθος
2565 1357 3033 1425 εὐκαταγώνιστον
3085 1357 3328 1426 γίνεται,
3374 1358 3479 1410 ὑπὸ
3527 1358 3626 1427 τῆς

2053 1442 2282 1511 θλίψεως
2325 1440 2777 1510 φυγαδευόμενον.
2817 1440 2969 1492 Ἐπεὶ
3010 1441 3106 1493 καὶ
3137 1440 3289 1509 παρά
3321 1441 3420 1511 τὴν
3449 1440 3626 1515 ἀρχὴν

2053 1526 2173 1594 οὐχὶ
2232 1524 2458 1578 κολάσαι
2521 1523 2862 1593 βουλόμενος,
2912 1521 3107 1584 λύπαις
3164 1525 3310 1594 ἡμᾶς
3371 1525 3626 1595 συνέδησε

2053 1609 2146 1661 καὶ
2183 1606 2393 1672 πόνοις,
2430 1605 2479 1657 εἰ
2513 1606 2604 1658 καὶ
2632 1607 2688 1657 ἐν
2717 1604 2869 1670 τάξει
2903 1605 3172 1668 κολάσεως
3212 1605 3309 1676 τὴν
3351 1607 3626 1676 ἀπόφασιν

2052 1687 2292 1742 τέθεικεν
2331 1686 2377 1753 τ,
2410 1686 2544 1740 ἀλλά
2586 1687 2914 1757 σωφρονίσαι
2960 1689 3054 1740 καὶ
3099 1687 3338 1756 βελτίους
3385 1690 3624 1760 ἐργάσα-

2055 1771 2196 1825 σθαι.
2233 1771 2297 1823 El
2343 1769 2452 1842 γὰρ
2491 1770 2586 1822 καὶ
2619 1768 2794 1838 λύπης
2835 1768 3212 1839 ἐπικειμένης,
3243 1769 3458 1823 καὶτοῦ
3508 1770 3624 1840 βίου

2052 1854 2346 1924 ἐπιμόχθου
2395 1853 2580 1916 ὄντος,
2628 1853 2865 1920 τοσαύτη
2903 1854 3094 1922 κρατεῖ
3136 1852 3330 1904 κακία·
3365 1855 3414 1905 εί
3463 1854 3627 1923 μηδὲν

2051 1936 2252 1988 τούτων
2278 1931 2366 2006 ἦν,
2394 1933 2496 1987 ποῦ
2523 1935 2622 1987 οὐκ
2646 1932 2794 2005 [445]
2817 1933 2882 1987 ἂν
2906 1933 3062 2004 ἐξέϐη
3094 1935 3162 1987 τὰ
3194 1934 3294 2004 τῆς
3327 1935 3623 2005 πονηρίαςς

2053 2018 2164 2073 Καὶ
2198 2017 2251 2070 τί
2297 2017 2594 2088 θαυμάζεις
2617 2057 2632 2080 ,
2676 2019 2724 2068 εἰ
2759 2016 2850 2068 ἐπὶ
2884 2016 2983 2085 τῆς
3021 2016 3220 2086 ψυχῆς,
3265 2017 3400 2068 ὅπου
3435 2033 3499 2084 γε
3532 2018 3624 2070 καὶ

2053 2103 2111 2154 ἐν
2156 2103 2268 2164 τοῖς
2302 2099 2546 2169 σώμασιν
2593 2098 2792 2167 ἀγαθὸν
2825 2099 2859 2168 ἠ
2898 2098 3105 2168 θλίψις;
3155 2099 3264 2152 Καὶ
3304 2099 3413 2169 γὰρ
3445 2099 3508 2152 τὸ
3547 2101 3627 2163 είς

2053 2185 2228 2254 ἄκραν
2257 2181 2550 2236 εὐπάθειαν
2595 2180 2887 2249 ἐξάγεσθαι
2935 2181 3035 2242 τὴν
3083 2181 3261 2252 σάρκα
3295 2181 3622 2246 ἐπιϐλαϐές·

2053 2265 2227 2330 ἄλλως
2273 2282 2331 2317 τε
2363 2266 2454 2318 καὶ
2482 2264 2543 2318 τὸ
2570 2263 2898 2333 πολλαχόθεν
2936 2263 3226 2327 ἐπιϐουλὰς
3256 2264 3624 2333 συνίστασθαι,

2054 2350 2245 2420 νήφειν
2277 2350 2450 2400 ποιεῖ·
2491 2345 2596 2400 κᾶν
2628 2345 3006 2416 προσέχωμεν,
3053 2347 3207 2400 οὐδὲν
3256 2347 3623 2418 βλαπτόμεθα.

2053 2436 2145 2489 Διὸ
2172 2435 2263 2488 καί
2291 2433 2374 2498 τίς
2396 2449 2591 2503 φησιν·
2622 2433 2929 2500 Ἐπίγνωθι
2953 2433 3043 2486 ὅτι
3073 2433 3143 2485 ἐν
3166 2433 3336 2502 μέσῳ
3364 2434 3630 2504 παγίδων

2053 2517 2396 2582 διαϐαίνεις,
2431 2515 2531 2568 καί
2554 2513 2653 2567 ἐπὶ
2681 2513 2993 2579 ἐπάλξεων
3009 2517 3242 2570 πόλεων
3256 2516 3622 2584 περιπατεῖς·

2053 2601 2148 2652 καὶ
2183 2592 2334 2662 οὗτος
2356 2639 2371 2664 ,
2417 2598 2511 2654 Ἐν
2551 2596 2688 2664 ὀδῷ,
2723 2590 2765 2668 ᾗ
2793 2599 3182 2668 ἐπορευόμην,
3213 2600 3485 2668 ἔκρυψαν
3516 2615 3626 2654 πα-

2051 2682 2190 2752 γίδα
2211 2699 2333 2752 μοι.
2378 2681 2440 2732 El
2481 2679 2537 2732 δέ
2567 2697 2650 2742 τις
2683 2682 2776 2733 καὶ
2828 2680 2969 2734 κατά
2999 2681 3290 2752 ἀναγωγὴν
3321 2680 3494 2734 ταῦτα
3530 2683 3622 2734 ἐκ-

2053 2764 2227 2827 λάϐοι,
2255 2763 2442 2832 ὄψεται
2473 2763 2566 2815 τὸν
2593 2761 2834 2816 διάϐολον
2857 2763 2986 2816 αὐτὸ
3015 2762 3294 2828 ποιοῦντα,
3319 2763 3379 2815 οὐ
3411 2763 3625 2835 116960)-

2054 2849 2166 2912 θεν,
2189 2847 2324 2901 ἀλλά
2353 2845 2579 2916 πλησίον
2607 2843 2917 2915 κρύπτοντα
2944 2846 3039 2908 τὰς
3065 2845 3375 2908 ἐπιϐουλάς.

2123 2930 2214 2982 Διὸ
2241 2931 2334 2984 καὶ
2364 2927 2565 2998 πολλῆς
2593 2929 2723 2998 ἡμῖν
2749 2927 2830 2980 δεῖ
2854 2927 2954 2999 τῆς
2979 2927 3213 2998 νήψεως.
3244 2927 3492 2999 Κρύπτει
3518 2927 3625 3000 γάρ

2053 3013 2274 3083 παγίδα,
2313 3014 2370 3065 ἐν
2409 3011 2746 3082 ἐλεημοσύνη
2787 3011 2885 3082 τὴν
2927 3010 3251 3075 κενοδοξίαν,
3295 3012 3353 3064 ἐν
3400 3012 3626 3082 νηστείᾳ

2051 3097 2150 3168 τὴν
2175 3095 2510 3160 ἀλαζονείαν,
2534 3095 2635 3147 οὐκ
2659 3095 2717 3148 ἐν
2745 3094 2972 3164 ἑτέροις,
3002 3094 3137 3147 ἀλλά
3158 3095 3216 3147 ἐν
3249 3094 3437 3159 αὐταῖς
3461 3097 3486 3136 ⁸
3505 3098 3627 3159 ταῖς

2051 3183 2218 3246 ὁδοῖς,
2260 3177 2349 3246 αἷς
2399 3180 2705 3252 βαδίζομεν,
2747 3181 2884 3251 ὅπερ
2929 3182 3044 3234 ἐστὶ
3081 3181 3176 3234 καὶ
3222 3181 3622 3252 χαλεπώτερον.

2064 3265 2349 3320 Ἀπώλετο
2378 3266 2540 3335 φυγὴ
2561 3264 2663 3318 ἀπ’
2683 3263 2848 3333 ἐμοῦ.
2879 3266 3020 3334 Ὀρα
3044 3263 3206 3317 πάλιν
3243 3265 3436 3334 ἐτέραν
3465 3283 3625 3335 προσσ

2053 3349 2228 3420 θήκην
2252 3348 2360 3402 τῶν
2387 3347 2595 3401 δεινῶν.
2621 3347 2870 3400 Δείκνυσι
2897 3347 3006 3418 γάρ
3034 3347 3096 3399 οὐ
3128 3347 3285 3418 μόνον
3313 3347 3396 3400 ὅτι
3423 3349 3481 3400 ἐν
3502 3351 3623 3412 ταῖς

2050 3437 2189 3500 ὁδοῖς
2225 3439 2281 3490 αί
2326 3434 2582 3503 παγίδας,
2629 3433 2736 3487 οὐδ’
2759 3435 2842 3487 ὅτι
2871 3433 3045 3498 οὐδεὶς
3075 3429 3144 3505 ἦν
3171 3437 3200 3488 6
3230 3433 3460 3505 βοηθῶν,
3501 3435 3624 3489 οὐδὲ

2051 3523 2080 3576 6
2116 3519 2526 3590 ἐπιγινώσκων·
2555 3517 2669 3572 ἀλλ’
2704 3519 2788 3572 ὃτι
2814 3518 2935 3572 οὐδὲ
2973 3517 3036 3572 τὸ
3063 3518 3379 3589 λειπόμενον
3423 3520 3622 3590 αὐτῷδ

2051 3605 2189 3674 πρὸς
2213 3601 2550 3672 ἀπαλλαγὴν,
2596 3601 2657 3654 τὸ
2682 3603 2826 3672 φυγῇ
2855 3600 2954 3672 τὴν
2977 3601 3248 3673 σωτηρίαν
3273 3601 3620 3672 πορίσασθαι,

2054 3687 2235 3758 ῥᾴδιον
2267 3688 2362 3740 καὶ
2402 3683 2624 3737 εὐκολον
2661 3679 2749 3754 ἦν.
2779 3683 2964 3748 Οὐτως
3006 3686 3064 3738 ἐν
3096 3685 3282 3756 μέσοις
3319 3685 3623 3754 ἀπείληπτο

2048 3779 2161 3840 τοῖς
2193 3778 2404 3839 κακοῖς,
2437 3775 2532 3828 καὶ
2567 3775 2626 3827 ἐν
2663 3773 2890 3844 ἀφύκτῳ
2926 3776 3178 3845 συμφορᾷ
3203 3770 3294 3845 ἦν,
3329 3773 3443 3828 ἀλλ’
3471 3776 3619 3844 ὅμως

2051 3865 2146 3918 καὶ
2176 3863 2348 3928 οὕτως
2374 3865 2474 3916 οὐκ
2518 3863 2880 3930 ἀπεγίνωσκε.
2913 3862 3021 3918 Καὶ
3052 3865 3162 3917 οὐκ
3191 3864 3363 3918 ἐστιν
3387 3867 3422 3918 ό
3456 3863 3621 3931 ἐκζη-

2049 3949 2169 4003 τῶν
2199 3949 2314 4017 τὴν
2349 3947 2561 4018 ψυχήν
2599 3966 2740 4017 μου,
2769 3949 3068 4013 τουτέστιν,
3093 3951 3122 4001 6
3151 3949 3396 4020 ἀμύνων,
3423 3952 3452 4002 6
3492 3951 3620 4024 βοηο

2052 4035 2180 4090 θῶν.
2217 4033 2284 4088 Τί
2327 4031 2422 4088 οῦν
2469 4034 2661 4100 αὐτός;
2705 4029 2814 4103 ἆρα
2854 4035 2871 4074 ί
2913 4036 2972 4086 ἐν
3013 4035 3251 4105 τοσαύτῃ
3291 4039 3494 4108 ἀπορίᾳ
3527 4040 3620 4093 καὶ⁹

2051 4122 2331 4194 ἀμηχανία
2356 4120 2432 4173 ὢν
2457 4119 2680 4188 ἀπέγνω
2704 4119 2804 4190 τὴν
2831 4119 3134 4190 σωτηρίαν;
3165 4121 3458 4194 Οὐδαμῶς·
3482 4124 3620 4179 ἀλλᾶ

2051 4210 2185 4281 πρὸς
2219 4207 2309 4262 τὸν
2340 4207 2472 4261 Θεὸν
2500 4206 2832 4276 καταφεύγει
2867 4207 3087 4272 εὐθέως,
3125 4208 3220 4260 καὶ⁸
3248 4207 3422 4276 λέγει·
3467 4211 3619 4264 Ἐκέ‹

2049 4297 2241 4368 κραξα
2283 4295 2434 4364 πρὸς
2463 4292 2558 4359 σὲ,
2602 4294 2798 4361 Κύριε,
2843 4289 3002 4359 εἶπα,
3041 4293 3126 4347 Σὺ
3167 4290 3227 4347 εἷ
3260 4295 3435 4360 ἐλπίς
3473 4313 3616 4364 μου,

2043 4383 2214 4456 μερίς
2251 4379 2410 4452 μουὶ
2449 4381 2519 4434 ἐν
2565 4379 2642 4450 γῇ
2679 4377 2925 4442 ζώντων.
2973 4379 3138 4451 Ὁρᾷς
3194 4380 3354 4451 νῆψιν
3402 4381 3617 4452 ψυχῆς

2050 4474 2163 4527 Οὐκ
2195 4469 2487 4524 ἐϐάπτισεν
2533 4467 2696 4522 αὐτὸν
2727 4466 2796 4520 τά
2837 4466 3006 4531 δεινὰ,
3043 4466 3180 4520 ἀλλά
3224 4467 3423 4538 μᾶλλον
3455 4469 3616 4521 ἐπτέο

2051 4575 2215 4629 ρωσε,
2241 4557 2335 4611 καὶ
2355 4556 2414 4608 ἐν
2439 4555 2664 4623 ἀπόροις
2688 4552 2783 4620 ὢν,
2811 4553 2950 4622 ἔγνω
2975 4554 3073 4625 τὴν
3098 4553 3306 4626 ἄμαχον
3336 4557 3493 4626 χεῖρα
3523 4556 3616 4610 καὶ

2047 4643 2144 4715 τὴν
2187 4642 2436 4713 παναλκῆ
2472 4641 2722 4711 δύναμιν,
2770 4641 2863 4694 καὶ
2903 4640 3002 4713 τὴν
3033 4641 3090 4694 ἐν
3121 4642 3423 4712 ἀμηχάνοις
3461 4642 3617 4695 εὐκοο

2048 4730 2188 4785 λίαν.
2218 4730 2392 4794 Εἷπα,
2421 4729 2506 4783 σὺ
2528 4723 2590 4782 εἷ
2609 4728 2787 4793 ἐλπίς
2805 4745 2946 4796 μου.
2987 4727 3069 4781 Τά
3097 4727 3433 4800 ἀνθρώπινα,
3459 4729 3613 4799 φησὶ,

2049 4819 2226 4872 πάντα
2250 4816 2591 4886 ἐλήλεγκται,
2633 4815 2727 4868 καὶ
2751 4816 2780 4866 6
2812 4813 3016 4885 χειμὼν
3053 4816 3253 4886 μείζων
3300 4816 3618 4888 συμμαχίας

2048 4905 2220 4968 οὕτως
2255 4903 2492 4974 ἁπάσης,
2517 4901 2592 4965 ὡς
2620 4900 2845 4972 οὐδεμιᾷ
2873 4901 3040 4975 τέχνῃ
3063 4897 3174 4956 οἷόν
3201 4921 3261 4956 τε
3291 4899 3429 4957 εἶναι
3461 4922 3526 4957 πε
3537 4922 3617 4976 91-

2047 4990 2298 5062 γενέσθαι
2329 4989 2424 5043 τοῦ
2465 4987 2740 5056 ναυαγίου.
2777 4988 2914 5040 Ἀλλ’
2941 4990 3087 5059 ὅμως
3118 4992 3168 5043 εἰ
3200 4992 3294 5044 καὶ
3327 4991 3477 5062 παρὰ
3517 4993 3616 5044 ἀν-

2049 5079 2286 5151 θρώποις
2321 5075 2495 5130 ταῦτα
2531 5074 2906 5141 ἀπέγνωσται,
2953 5077 3046 5129 καὶ
3078 5078 3276 5140 πάντες
3305 5077 3614 5146 ἀπηγορεύ-

2051 5183 2244 5239 σαμεν,
2286 5163 2422 5219 ἀλλά
2454 5163 2538 5216 σοὶ
2577 5161 2755 5218 πάντα
2797 5162 2984 5232 ῥᾴδια·
3015 5161 3136 5216 ὅθεν
3169 5165 3263 5215 καὶ
3307 5162 3613 5226 ἐλπίζοντες

2115 5303 2139 5332 ο
2163 5291 2312 5340 Savil.
2335 5303 2430 5338 om.
2451 5291 2557 5362 γάρ.

2116 5355 2135 5389 ί
2167 5353 2292 5402 Tres
2316 5366 2430 5401 mss.
2451 5353 2685 5411 ἐξηγαγεν.

2113 5417 2139 5455 ι
2167 5415 2336 5462 Morel.
2358 5414 2440 5460 καὶ
2472 5413 2519 5460 ἐν
2542 5409 2715 5475 ἑτέροις
2734 5411 2874 5470 ἄλλα,
2909 5411 2988 5458 καὶ
3007 5411 3054 5459 ἐν
3075 5409 3252 5470 αὐταῖς,
3271 5410 3433 5461 minus
3455 5417 3608 5461 recte.

2050 5476 2149 5526 Nos
2167 5476 2316 5524 Savil.
2343 5475 2608 5534 sequimur.

2109 5537 2138 5576 h
2166 5536 2298 5586 Unus
2318 5534 2481 5583 αὐτοῦ.

2117 5550 2138 5576 ³
2166 5550 2298 5586 unus
2318 5551 2481 5583 αυτου.

2117 5599 2133 5638 ί
2158 5599 2238 5647 Sic
2262 5596 2440 5652 δυνηά
2463 5595 2555 5656 ἄρα
2575 5595 2776 5644 deesliu
2801 5592 2967 5646 More],

2119 5660 2135 5713 ἱ
2163 5659 2310 5710 Savil.
2325 5656 2452 5721 μερίς
2477 5670 2566 5716 μου
2579 5656 2638 5706 εἰ.
