4070 6214
313 338 418 395 443

305 447 526 517 lragium
550 462 566 510 ;
597 452 654 500 et
679 454 854 502 tamen
890 440 1098 498 etiamsi
1127 439 1242 494 haec
1271 438 1446 493 omnia
1473 437 1754 507 desperata
1787 439 1892 494 sint

303 536 441 607 apud
487 535 754 602 homines,
803 545 1094 600 omnesque
1138 528 1331 583 defessi
1375 535 1429 582 et
1456 527 1614 584 malis
1650 529 1890 584 exhausti

301 627 488 692 simus,
523 624 614 678 tibi
645 631 820 678 tamen
848 622 1026 676 omnia
1059 626 1185 673 sunt
1210 617 1379 671 facilia
1407 632 1422 670 :
1453 615 1597 674 unde
1633 620 1793 674 etiam
1837 619 1890 672 in

301 729 354 773 te
383 724 660 786 sperantes
687 714 907 768 minime
932 708 1340 780 languescimus.
1370 705 1549 761 Portio
1595 725 1707 762 mea
1749 724 1800 761 es
1838 707 1893 761 in

301 817 436 861 terra
461 805 745 858 viventium.
797 802 1030 863 lloccst,
1075 799 1206 853 Sors
1243 811 1384 862 mea,
1416 799 1692 851 thesaurus
1721 811 1889 864 meus,

303 895 501 951 divitiae
528 908 683 959 mete,
715 890 893 944 omnia
925 889 1038 958 ipse
1074 902 1155 945 es.
1181 885 1246 942 in
1279 898 1412 941 terra
1436 887 1721 942 viventium.
1765 886 1895 942 Ter-

304 1001 416 1049 ram
445 982 734 1042 viventium
761 979 849 1034 hic
877 989 1036 1035 vocat
1063 979 1285 1050 patriam
1315 991 1485 1032 suam.
1523 976 1892 1048 Captivitatem

307 1074 464 1147 enim
501 1071 873 1142 Babylonicum
913 1071 1112 1126 inferos
1155 1079 1209 1124 et
1260 1075 1487 1122 mortem
1535 1081 1677 1137 saepe
1718 1076 1891 1122 vocat.

312 1165 516 1225 Deinde
539 1165 664 1240 quia
701 1182 821 1222 cum
845 1166 897 1219 in
925 1165 1097 1218 aliena
1126 1169 1268 1217 esset
1293 1159 1533 1231 regione,
1579 1160 1766 1215 solitus
1790 1175 1895 1214 non

313 1261 664 1332 peragebatur
691 1260 886 1324 cultus,
917 1257 1024 1311 illic
1049 1265 1226 1309 autem
1253 1253 1431 1308 omnia
1460 1267 1608 1306 saera
1637 1261 1690 1306 et
1709 1266 1897 1306 omnes

316 1353 671 1421 implebantur
707 1348 1027 1404 ceremonia:
1057 1363 1070 1399 :
1099 1355 1377 1416 pr0pterea
1405 1343 1552 1408 dicit,
1587 1341 1762 1396 Portio
1789 1358 1899 1395 mea

317 1461 367 1504 es
393 1445 446 1498 in
472 1453 606 1498 terra
635 1443 920 1503 uiuentium.
949 1439 1172 1511 Semper
1211 1435 1314 1490 mei
1341 1451 1522 1490 curam
1553 1435 1784 1505 gessisti,
1819 1435 1900 1488 in-

316 1535 451 1606 quit,
500 1542 555 1588 et
579 1548 662 1586 me
691 1532 783 1586 tibi
810 1530 1124 1584 familiarem
1147 1526 1313 1580 fecisti
1338 1525 1393 1580 in
1425 1534 1562 1580 terra
1583 1525 1896 1590 viventium,

317 1636 372 1682 et
400 1640 587 1696 magna
615 1612 742 1678 mihi
771 1633 940 1676 tecum
972 1618 1270 1674 intercessit
1296 1616 1618 1687 conjunctio.

390 1715 612 1774 Peccata
654 1729 926 1784 numquam
957 1712 1105 1782 digne
1130 1709 1266 1764 Deus
1296 1710 1439 1781 punit
1455 1727 1476 1775 ;
1500 1708 1746 1777 confessio
1776 1723 1898 1782 gra—

319 1809 503 1862 tinrum
526 1806 674 1859 actio.
701 1833 776 1844 —
799 1805 855 1858 7.
883 1801 1099 1856 Intende
1142 1800 1210 1853 ad
1251 1800 1648 1869 deprecationem
1700 1813 1861 1854 meam
1882 1838 1898 1864 ,

318 1897 439 1963 quia
488 1895 779 1948 humiliatus
827 1909 938 1947 sum
981 1891 1151 1944 nimis.
1173 1889 1335 1944 Vides
1360 1888 1627 1968 quomodo
1653 1887 1794 1957 quod
1823 1902 1904 1941 su-

318 1987 502 2060 perius
525 1987 679 2052 dixit,
727 1987 829 2040 hoc
851 1985 1011 2039 etiam
1034 1983 1184 2053 ponit
1211 1981 1299 2036 hic
1327 1996 1429 2050 pro
1454 1981 1536 2038 sui
1565 1979 1900 2044 defensione,

321 2079 464 2149 quod
491 2077 800 2132 humiliatus
821 2073 909 2141 sit,
936 2075 1172 2144 inquam,
1204 2071 1345 2146 quod
1373 2078 1707 2148 peccatorum
1745 2082 1904 2138 supra

322 2170 538 2232 modum
590 2183 776 2238 paruas
818 2165 1042 2221 dederit.
1073 2164 1184 2218 Hoc
1213 2171 1414 2227 autem,
1455 2160 1647 2226 Nimis,
1677 2175 1782 2214 non
1825 2167 1907 2214 est

321 2278 505 2319 eorum
541 2277 660 2329 quae
700 2259 832 2312 facta
880 2265 1004 2314 sunt
1038 2253 1501 2329 reprehensionis,
1527 2251 1621 2306 sed
1663 2251 1780 2319 ejus
1817 2250 1906 2318 qui

325 2353 521 2423 patitur
546 2349 746 2404 doloris
779 2357 832 2402 et
861 2345 1204 2401 infirmitatis.
1235 2344 1291 2398 Si
1321 2343 1485 2405 enim,
1515 2339 1642 2411 quid
1694 2349 1905 2409 peccata

338 2450 663 2499 mereantur.
694 2436 1016 2508 respexeris,
1048 2443 1252 2494 nonest
1273 2432 1434 2488 nimia
1465 2430 1762 2490 bumiliatio
1787 2447 1800 2483 :
1828 2429 1909 2482 sin

327 2541 505 2589 autem
565 2528 681 2598 ejus
729 2527 818 2597 qui
867 2526 970 2580 fert
1016 2524 1470 2588 imbecillitatem,
1531 2520 1693 2574 nimia
1732 2527 1814 2572 est
1856 2527 1912 2572 et

331 2638 490 2690 supra
542 2619 778 2674 modum.
820 2620 959 2673 Deus
1003 2617 1147 2672 enim
1191 2629 1479 2684 numquam
1511 2625 1695 2682 pinnas
1748 2609 1913 2665 sumit

329 2721 556 2783 quantas
587 2719 859 2765 merentur
908 2717 1144 2778 peccata.
1175 2705 1328 2777 Quod
1358 2706 1403 2758 si
1433 2705 1497 2763 iis
1523 2703 1612 2774 qui
1644 2702 1912 2772 patiuntur

329 2803 539 2857 videtur
585 2817 708 2857 esse
760 2798 1150 2864 intolerabilis,
1207 2795 1262 2850 id
1307 2810 1413 2849 non
1451 2808 1518 2848 ex
1570 2807 1755 2848 eorum
1792 2806 1912 2862 qua:

332 2897 466 2958 fiunt
495 2901 682 2952 natura
705 2890 1076 2961 proficiscitur,
1104 2887 1198 2942 sed
1227 2902 1296 2941 ex
1328 2884 1689 2940 imbecillitate
1725 2896 1911 2937 eorum

331 2987 421 3056 qui
449 2987 536 3039 illa
564 2983 846 3038 sustinent.
880 2980 1059 3034 Libera
1086 2995 1164 3033 me
1190 2996 1222 3031 a
1252 2974 1652 3048 persequentibus
1679 2990 1774 3042 me,
1796 2974 1915 3047 quia

336 3075 606 3144 confortati
621 3082 734 3128 sunt
759 3089 908 3142 super
925 3087 1024 3125 me.
1048 3070 1185 3125 Ecce
1199 3083 1386 3124 rursus
1409 3068 1510 3122 alia
1526 3081 1704 3132 causa,
1724 3079 1916 3134 nempe

335 3169 550 3236 injustte
578 3180 786 3232 eorum,
804 3163 891 3233 qui
920 3165 1065 3217 illum
1093 3164 1366 3216 incessunt
1395 3201 1411 3226 ,
1442 3158 1668 3222 insidiae,
1696 3165 1751 3213 et
1773 3155 1916 3227 quod

329 3259 449 3336 ipse
479 3257 549 3312 sit
576 3254 730 3310 valde
754 3253 1071 3309 imbecillus.
1097 3254 1149 3306 8.
1175 3250 1321 3304 Educ
1353 3250 1417 3303 de
1447 3249 1674 3302 custodia
1696 3249 1918 3301 animam

329 3363 499 3403 meum
539 3389 556 3412 ,
593 3345 661 3398 ad
697 3344 1035 3412 conﬁtendum
1086 3342 1275 3395 nomini
1325 3349 1429 3394 tuo.
1478 3338 1731 3394 Confiteri
1764 3379 1782 3405 ,
1833 3337 1920 3392 hic

343 3438 561 3509 ponitur
601 3451 700 3508 pro
741 3451 808 3490 eo
845 3434 987 3503 quod
1018 3442 1101 3489 est
1141 3432 1338 3504 gratias
1379 3447 1556 3502 agere.
1581 3430 1694 3486 Hoc
1720 3437 1802 3486 est
1826 3444 1923 3484 au-

339 3539 444 3594 tem
475 3569 491 3594 ,
517 3525 659 3596 quod
686 3524 849 3580 dicit:
883 3525 1073 3587 Libera
1100 3539 1188 3578 me
1211 3537 1242 3576 a
1263 3522 1435 3576 malis.
1483 3521 1590 3577 Per
1628 3519 1920 3576 custodiam

319 3617 502 3692 enim,
535 3631 628 3670 seu
672 3629 940 3685 carcerem
972 3655 987 3682 ,
1017 3614 1281 3686 significat
1306 3626 1540 3666 summas
1568 3611 1918 3666 calamitates.

408 3711 464 3780 ὄρ
504 3708 586 3776 Ad
607 3707 946 3776 conﬁtendum
969 3706 1158 3768 nomini
1181 3714 1285 3764 tuo.
1324 3705 1436 3769 Hoc
1463 3719 1675 3775 quoque
1701 3711 1784 3759 est
1811 3719 1917 3758 non

329 3815 558 3872 parvum
589 3839 605 3874 ,
634 3808 692 3852 ut
711 3797 800 3867 qui
823 3797 982 3851 rebus
1005 3805 1222 3850 utuntur
1249 3796 1498 3851 secundis
1527 3835 1542 3860 ,
1574 3804 1918 3865 acceptorum

329 3889 718 3960 beneficiorum
743 3887 960 3942 minime
986 3887 1382 3941 obliviscantur.
1409 3885 1555 3942 Multi
1581 3886 1724 3946 enim
1747 3887 1922 3940 homi-

327 3996 439 4046 nes
477 3980 529 4034 in
577 3977 952 4033 afflictionibus
997 3976 1210 4047 quidem
1258 3983 1382 4030 sunt
1421 3974 1788 4045 diligentiores
1823 3993 1839 4045 ;
1871 3979 1922 4029 in

331 4075 505 4146 rebus
526 4082 704 4128 autem
738 4069 1008 4140 prosperis
1025 4052 1046 4135 ’,
1075 4068 1186 4123 otio
1212 4067 1549 4133 socordior-es
1581 4085 1596 4134 ξ
1625 4067 1713 4130 alii
1741 4083 1924 4128 rursus

333 4170 395 4223 in
425 4165 603 4235 quiete
623 4174 674 4234 et
701 4163 859 4217 rebus
879 4160 1126 4228 secundis
1152 4167 1272 4214 sunt
1300 4157 1646 4228 negligentes,
1675 4165 1728 4216 et
1759 4158 1813 4220 in
1841 4174 1927 4214 re-

335 4261 446 4313 bus
472 4256 711 4318 adversis,
734 4255 803 4324 de
831 4269 889 4309 se
912 4252 1217 4336 desperant,
1248 4258 1302 4314 et
1324 4249 1460 4317 ﬁunt
1481 4249 1797 4319 supiniores.
1819 4247 1926 4311 Sed

341 4347 437 4404 hic
475 4347 526 4399 in
572 4354 790 4414 utraque
835 4343 1024 4407 horum
1067 4350 1363 4411 temporum
1405 4337 1700 4408 differentia
1748 4346 1928 4394 manet

343 4451 564 4505 semper
609 4435 849 4491 eamdem
892 4433 1194 4492 cautionem
1237 4431 1538 4502 adhibens;
1569 4445 1740 4499 neque
1785 4429 1927 4483 enim

345 4527 589 4596 afflictio,
619 4536 676 4582 ut
700 4528 743 4580 is
767 4527 944 4581 animo
970 4524 1310 4589 concideret,
1339 4521 1518 4588 efibcit
1545 4564 1560 4588 ,
1589 4521 1684 4587 sed
1708 4521 1774 4576 ad
1799 4536 1926 4576 ora-

351 4622 551 4677 tionem
600 4620 773 4690 potius
815 4628 870 4674 et
913 4617 1349 4688 supplicationem
1391 4629 1513 4670 eum
1530 4614 1789 4677 adducit:
1833 4627 1933 4676 nec

350 4729 530 4768 rerum
561 4726 926 4782 pr0spemrum
949 4723 1232 4763 successus
1265 4715 1320 4762 et
1344 4707 1508 4763 otium
1534 4720 1657 4760 eum
1684 4703 1930 4774 supinum

353 4804 605 4869 reddidit,
635 4801 728 4857 sed
754 4811 876 4856 tunc
896 4801 1054 4855 etiam
1079 4809 1291 4868 paratus
1319 4809 1400 4854 est
1423 4797 1491 4853 ad
1519 4797 1807 4868 gratiarum
1837 4811 1930 4850 ac-

357 4897 579 4950 tionem.
613 4895 695 4948 Me
720 4892 1075 4963 exspectabant
1094 4892 1225 4962 justi
1250 4931 1266 4957 ,
1311 4891 1470 4944 donec
1507 4889 1754 4944 retribuas
1788 4887 1934 4940 mihi.

355 4986 529 5055 Alius,
555 4983 876 5052 Coronabunt
895 4977 1024 5051 justi
1047 5023 1060 5045 ,
1089 4981 1292 5050 quando
1315 4997 1392 5034 me
1420 4979 1659 5048 bene/icio
1683 4977 1934 5043 effeceris.

355 5076 496 5143 Quid
524 5077 624 5142 hoc
661 5076 789 5141 eSt?
833 5074 943 5140 [loc
980 5087 1188 5142 quoque
1210 5071 1367 5141 justis
1400 5069 1658 5140 proderit.
1693 5068 1769 5122 illi
1796 5068 1938 5122 enim

352 5168 682 5238 gaudebunt,
712 5166 890 5228 Letitia
920 5164 1217 5228 afficientur
1245 5204 1260 5229 ,
1291 5161 1630 5218 exsultabunt
1663 5201 1678 5225 ,
1705 5175 1825 5215 cum
1855 5173 1941 5213 me

362 5260 589 5314 viderint
619 5260 894 5322 liberatum
924 5273 953 5316 a
981 5256 1150 5318 malis.
1184 5255 1342 5310 Tales
1382 5255 1526 5309 enim
1572 5262 1697 5309 sunt
1726 5260 1940 5307 sancto-

360 5367 480 5404 rum
507 5351 736 5404 animm:
769 5363 954 5408 eorum
982 5361 1101 5402 cum
1129 5345 1320 5413 quibus
1357 5346 1496 5400 male
1532 5345 1706 5414 agitur
1731 5384 1747 5408 ,
1776 5343 1940 5396 mise-

361 5450 568 5502 rentur;
595 5453 690 5493 nec
713 5439 778 5498 iis
797 5436 1034 5490 invident
1049 5435 1240 5503 quibus
1263 5451 1350 5488 res
1369 5434 1617 5489 secunda:
1643 5433 1941 5496 evenerint,

361 5531 459 5585 sed
488 5532 717 5601 gaudent
740 5539 794 5584 et
822 5529 1063 5582 laetantur
1089 5568 1104 5592 ,
1156 5537 1210 5580 et
1258 5525 1322 5579 iis
1361 5526 1449 5594 qui
1481 5524 1738 5580 beneficio
1767 5523 1943 5577 affecti

362 5635 491 5675 sunt
516 5623 864 5692 gratulantur.
891 5617 1043 5684 Quod
1065 5617 1222 5671 etiam
1250 5617 1409 5685 jussit
1440 5615 1656 5680 Paulus,
1686 5612 1942 5680 Gaudere,

366 5714 633 5794 inquiens,
652 5728 764 5768 cum
788 5709 1134 5786 gaudentibus,
1165 5718 1208 5763 et
1235 5709 1354 5779 ﬂere
1382 5723 1494 5761 cum
1522 5705 1941 5778 ﬂentibusmam.

1422 323 1780 383 EXI‘OSl'l'IO
1819 321 1882 378 IN
1912 322 2230 380 PSALMUM
2266 321 2470 383 CXLII.

3455 341 3564 398 H6

2004 438 2091 493 12.
2122 439 2232 506 l5).
2258 438 2372 495 Non
2399 449 2482 495 est
2508 447 2684 494 autem
2709 437 2826 495 haec
2856 455 3012 510 parva
3039 443 3226 498 virtus.
3260 441 3407 496 Multi
3431 408 3595 500 eniiu’

1992 530 2295 599 jacentibus
2319 530 2605 585 laatabundi
2625 530 2899 597 insultant,
2927 539 2982 586 et
3009 546 3066 587 se
3092 533 3414 603 erigentibus
3442 534 3580 588 invi-

1997 621 2159 687 dent,
2187 636 2254 677 ex
2279 621 2594 676 crudelitate
2616 631 2671 676 et
2694 636 2900 676 summa
2926 622 3307 679 inhumanitate
3331 634 3580 694 utrasque

2000 711 2097 767 has
2127 711 2550 782 perturbationes
2575 713 2736 766 animi
2771 713 3056 781 parientes.
3086 716 3153 767 At
3178 730 3282 768 non
3311 715 3386 768 sic
3411 715 3577 783 justi,

1998 801 2094 857 sed
2124 803 2191 857 ab
2219 804 2319 857 hoc
2343 813 2567 874 utroque
2593 804 2720 859 vitio
2747 803 2977 868 liberati,
3001 819 3120 858 cum
3149 803 3256 857 sint
3278 805 3583 859 misericurw

1999 893 2098 950 des
2127 904 2180 949 et
2215 894 2508 949 clementes
2538 937 2553 962 ,
2581 893 2679 952 has
2714 894 2937 952 virtutes
2978 895 3271 963 possident.
3317 896 3581 962 Quemad-

2001 985 2216 1040 modum
2248 999 2375 1054 ergo
2401 985 2503 1040 illis
2529 1000 2594 1040 ex
2619 985 2935 1040 crudelitate
2960 993 3179 1055 utraque
3206 988 3478 1050 eveniunt,
3510 986 3579 1044 ita

2001 1073 2085 1128 bis
2107 1083 2322 1143 propter
2343 1074 2728 1132 humanitatem
2751 1083 2803 1129 et
2828 1075 3161 1131 clementiam
3188 1117 3202 1140 ,
3234 1077 3374 1148 quod
3401 1086 3454 1132 et
3483 1093 3580 1132 eo-

2003 1178 2121 1218 rum
2169 1163 2258 1234 qui
2309 1162 2490 1221 doleut
2517 1163 2992 1222 commisereantur
3015 1205 3031 1232 ,
3063 1165 3197 1222 etiis
3229 1182 3350 1223 cum
3393 1167 3582 1237 quibus

1999 1255 2138 1314 bene
2158 1257 2329 1325 agitur
2353 1257 2700 1314 colla'tentur.

2075 1347 2369 1416 Απιὶειὶοηὶδ
2393 1345 2663 1404 tolerantia
2695 1348 3153 1405 meritoria.—Cur
3181 1360 3358 1407 autem
3389 1352 3524 1408 dixit
3555 1397 3570 1418 ,

2004 1433 2183 1490 Donec
2228 1436 2477 1490 retribuas
2518 1437 2639 1490 mihi
2668 1438 2694 1490 ?
2722 1438 2874 1493 Alius
2918 1441 3128 1509 quidem
3161 1442 3289 1497 dicit
3319 1485 3334 1510 ,
3369 1444 3586 1509 Quando

2005 1526 2130 1584 mihi
2144 1525 2440 1595 benefeceris
2457 1528 2557 1598 (a).
2579 1528 2681 1582 Alii
2707 1545 2852 1597 vero,
2880 1531 3096 1595 Quando
3111 1535 3348 1588 retribues
3369 1545 3412 1589 et
3428 1553 3586 1589 remu-

2005 1615 2255 1670 neraberis
2282 1633 2378 1673 me.
2422 1619 2582 1688 Atqui
2607 1620 2851 1689 superius
2879 1621 3010 1675 dixit
3038 1621 3378 1683 afflictionem
3406 1635 3461 1681 et
3489 1627 3588 1680 hus

2006 1707 2356 1763 miliationem
2389 1749 2406 1774 ,
2438 1725 2542 1764 non
2594 1711 2850 1779 prazclara
2891 1712 3122 1770 facinora
3146 1757 3161 1782 ,
3199 1731 3299 1772 nec
3335 1732 3401 1771 ex
3441 1728 3586 1773 recte

2007 1797 2158 1854 factis
2198 1798 2463 1854 fiduciam.
2511 1799 2677 1870 Cujus
2716 1815 2894 1858 autem
2937 1804 3013 1858 rei
3057 1806 3356 1860 mercedem
3409 1808 3589 1876 petit?

2007 1888 2112 1942 Pro
2137 1888 2328 1943 diebus
2357 1891 2756 1946 humiliationis.
2786 1891 2901 1947 Non
2928 1901 3011 1948 est
3038 1895 3179 1948 enim
3203 1897 3454 1965 pusillum
3483 1897 3585 1954 hoc

2007 1987 2153 2038 recte
2182 1979 2397 2046 factum,
2423 1980 2563 2036 ferre
2588 1981 2928 2037 afﬂictionem
2957 1999 3078 2038 cum
3103 1988 3390 2056 gratiarum
3417 1989 3586 2042 actio-

2010 2084 2097 2134 ne,
2123 2078 2177 2126 et
2197 2069 2314 2124 ideo
2343 2078 2498 2124 vocat
2519 2072 2941 2138 retributionem,
2966 2089 3119 2141 eam,
3151 2091 3268 2144 qnzr
3291 2075 3377 2129 illa
3406 2079 3588 2146 sequi-

2011 2166 2116 2223 tur,
2134 2158 2454 2213 mercedem.
2478 2159 2555 2214 Ne
2577 2176 2675 2215 nos
2689 2177 2822 2231 ergo
2837 2178 3093 2232 angamur
3117 2163 3168 2217 in
3194 2165 3589 2234 afﬂictionibus,

2010 2249 2105 2304 sed
2134 2266 2350 2310 oremus
2381 2267 2447 2310 ne
2488 2253 2744 2311 intremus
2767 2255 2819 2308 in
2845 2258 3190 2311 tentationem
3221 2275 3234 2310 :
3267 2275 3386 2328 quae
3410 2270 3590 2316 autem

2011 2342 2290 2398 evenerint
2317 2344 2662 2417 excipiamus.
2697 2346 2769 2402 ita
2797 2349 2939 2406 enim
2970 2359 3022 2403 et
3047 2360 3258 2419 peccata
3289 2361 3466 2407 nostra
3498 2353 3591 2410 dea

2017 2435 2300 2503 ponimus:
2331 2445 2386 2492 et
2418 2437 2462 2491 si
2487 2453 2588 2505 qua
2619 2448 2702 2494 est
2731 2439 2782 2493 in
2814 2440 2970 2500 nobis
2985 2441 3214 2510 justitia,
3255 2459 3372 2498 cam
3401 2445 3593 2500 clario-

2013 2539 2128 2578 rem
2158 2525 2447 2582 reddimus.
2480 2525 2534 2582 ld
2560 2537 2736 2584 autem
2761 2528 2862 2583 Job
2877 2532 3130 2596 ostendit,
3160 2533 3248 2600 qui
3279 2543 3402 2590 tunc
3425 2535 3594 2605 magis

2014 2616 2225 2673 claruit.
2257 2615 2370 2672 Hoc
2395 2617 2593 2672 bonum
2623 2629 2703 2674 est
2729 2621 2888 2680 etiam
2913 2622 2962 2675 in
2987 2623 3332 2692 corporibus;
3357 2625 3456 2685 hoc
3485 2642 3591 2682 non

2015 2707 2190 2762 solum
2215 2708 2370 2762 estin
2394 2709 2730 2777 hominibus,
2765 2711 2860 2770 sed
2893 2712 3052 2768 etiam
3084 2714 3134 2768 in
3163 2713 3334 2774 brutis
3361 2733 3373 2769 :
3409 2733 3512 2770 non
3539 2717 3594 2776 in

2019 2800 2188 2854 brutis
2218 2801 2390 2856 solum
2418 2843 2433 2868 ,
2463 2803 2556 2859 sed
2589 2805 2746 2858 etiam
2774 2805 2824 2858 in
2860 2805 3071 2874 plantis.
3100 2806 3170 2864 Et
3193 2807 3314 2862 ideo
3342 2825 3408 2863 ne
3433 2809 3482 2863 in
3513 2809 3596 2864 vi-

2021 2890 2158 2951 tibus
2195 2892 2409 2962 quidem
2443 2895 2753 2962 permittunt
2781 2895 3025 2966 agricola:
3051 2911 3232 2952 comas
3253 2897 3411 2958 nimis
3442 2899 3598 2959 luxu-

2019 2982 2178 3050 riare,
2209 2999 2309 3038 nec
2334 2983 2386 3038 in
2409 2985 2526 3044 aliis
2555 2985 2852 3050 arboribus,
2869 2986 2963 3045 sed
2993 3002 3060 3046 ne
3089 2988 3308 3043 nimium
3335 2999 3600 3056 crescantIl

2021 3073 2155 3129 falce
2190 3075 2505 3144 prohibent,
2533 3091 2721 3131 omnes
2745 3093 2928 3136 earum
2965 3078 3104 3133 vires
3143 3079 3193 3132 in
3226 3080 3432 3135 radices
3467 3096 3598 3136 con-

2020 3175 2314 3234 vertentes,
2345 3182 2413 3224 ne
2438 3182 2516 3222 ea:
2556 3167 2610 3222 in
2641 3167 2785 3222 foliis
2813 3180 3140 3239 consumptae
3183 3169 3386 3226 fructus
3412 3171 3602 3228 inanes

2020 3267 2076 3312 et
2112 3257 2328 3314 inutiles
2350 3259 2665 3328 producant.
2697 3259 2848 3333 Quod
2878 3261 3092 3332 quidem
3120 3263 3299 3318 evenit
3343 3263 3504 3319 etiam
3549 3265 3602 3320 in

2023 3349 2348 3405 hominibus.
2387 3348 2576 3406 Studio
2615 3351 2757 3406 enim
2797 3352 2850 3406 in
2893 3368 2954 3407 ea
2997 3369 3118 3424 qua:
3161 3363 3287 3408 sunt
3335 3354 3604 3430 superflua

2023 3449 2372 3510 consumpto,
2395 3440 2712 3496 imbecillior
2748 3443 2807 3496 fit
2831 3443 3040 3498 animus
3069 3444 3134 3498 ad
3167 3444 3439 3499 ferendmn
3463 3447 3604 3501 fruc-

2024 3538 2136 3585 tum
2170 3532 2378 3602 pietatis
2406 3541 2669 3587 maturum
2697 3543 2750 3588 et
2779 3533 3089 3602 perfectum.
3117 3535 3229 3589 Hoc
3253 3537 3414 3590 etiam
3437 3535 3606 3592 videri

2025 3632 2199 3695 potest
2225 3623 2279 3677 in
2306 3624 2479 3692 aquis.
2509 3625 2638 3690 Quae
2659 3625 2800 3679 enim
2823 3625 3068 3678 consistit
3096 3633 3277 3680 etnon
3305 3633 3446 3679 meat
3476 3667 3490 3689 ,
3522 3635 3604 3680 est

2025 3713 2218 3770 noxia:
2247 3713 2342 3769 sed
2373 3730 2490 3784 quae
2518 3723 2760 3768 movetur
2779 3755 2793 3781 ,
2817 3714 3147 3780 exhauritur,
3183 3723 3235 3769 et
3257 3730 3351 3784 per
3380 3716 3532 3770 tubos
3554 3725 3610 3770 et

2025 3821 2177 3876 aqua:
2204 3805 2397 3860 ductus
2426 3804 2801 3859 transmittitur
2824 3846 2839 3870 ,
2869 3821 2975 3859 non
3005 3806 3178 3859 solum
3209 3815 3294 3860 est
3334 3806 3564 3860 salubris
3587 3847 3603 3872 ,

2027 3898 2123 3953 sed
2151 3907 2205 3952 et
2233 3899 2351 3956 visu
2380 3937 2396 3964 ,
2429 3907 2484 3952 et
2511 3906 2650 3950 tactu
2684 3937 2700 3962 ,
2733 3905 2786 3950 et
2813 3905 2939 3963 potu
2967 3906 3051 3949 est
3086 3896 3374 3964 jucundior
3393 3897 3433 3952 ¹.
3452 3897 3609 3967 Saepe

2027 3991 2190 4046 etiam
2229 3989 2358 4043 vicit
2383 3995 2622 4042 naturam
2661 3986 2899 4040 afﬂictio.
2944 3986 3098 4053 Quod
3139 3988 3280 4041 enim
3327 3987 3605 4040 fiaccidum

2027 4089 2134 4147 est,
2157 4089 2212 4140 et
2239 4078 2489 4140 deorsum
2518 4078 2706 4142 fertur,
2735 4077 2780 4131 si
2811 4087 3102 4145 prematur,
3125 4093 3337 4132 sursum
3365 4078 3607 4146 erigitur.

2029 4169 2183 4246 Quod
2207 4169 2367 4245 etiam
2397 4167 2588 4229 accidit
2613 4167 2665 4221 in
2697 4165 3020 4230 hominibus.
3052 4167 3150 4236 Qui
3181 4167 3322 4220 enim
3356 4166 3508 4222 facile
3538 4168 3615 4222 fe—

2032 4271 2156 4317 runt
2185 4261 2502 4316 afflictioncs
2527 4301 2541 4325 ,
2571 4260 2868 4316 redduntur
2887 4260 3211 4314 excelsiores
3231 4300 3244 4324 ,
3271 4260 3478 4315 etiamsi
3509 4261 3619 4315 sint

2032 4353 2187 4417 valde
2211 4352 2403 4422 abjecti
2434 4393 2449 4418 ,
2497 4351 2696 4408 terreni
2725 4392 2741 4418 ,
2782 4361 2836 4406 et
2861 4349 3089 4405 humiles
3115 4368 3130 4405 :
3159 4358 3215 4407 et
3237 4366 3301 4404 ex
3333 4349 3397 4404 iis
3426 4365 3615 4420 ηις-ειμι

2035 4444 2317 4505 commoda
2360 4445 2652 4514 accipiunt.
2705 4443 2828 4496 llazc
2864 4457 2992 4512 ergo
3032 4458 3152 4498 cum
3191 4443 3418 4497 sciamus
3451 4483 3466 4508 ,
3497 4457 3619 4496 cum

2036 4537 2324 4606 gratiarum
2349 4535 2561 4594 actione
2583 4533 2814 4594 feramus
2845 4533 2981 4588 mala
3011 4575 3027 4600 ,
3061 4550 3180 4603 quae
3209 4533 3262 4594 in
3291 4549 3389 4588 nos
3422 4533 3616 4587 immit-

2041 4635 2222 4684 tuntur
2248 4666 2264 4690 ,
2307 4633 2364 4685 ut
2383 4633 2436 4681 et
2468 4623 2559 4688 illa
2586 4622 2741 4678 nobis
2767 4622 2894 4687 fiant
2922 4621 3182 4689 faciliora,
3205 4633 3259 4678 et
3284 4623 3421 4677 bona
3447 4621 3622 4676 futura

2039 4732 2431 4786 consequamur
2460 4731 2474 4768 :
2502 4731 2622 4788 qua:
2667 4715 2824 4769 detur
2864 4714 3017 4776 nobis
3043 4715 3290 4778 omnibus
3316 4714 3570 4784 consequi
3605 4756 3622 4781 ,

2040 4809 2210 4880 gratia
2257 4818 2312 4863 et
2359 4806 2642 4866 clementia
2685 4805 2893 4866 Domini
2922 4806 3089 4860 nostri
3119 4805 3246 4863 Jesn
3267 4805 3464 4862 Christi
3491 4847 3505 4870 ,
3538 4805 3625 4860 cui

2041 4901 2207 4970 gloria
2236 4909 2291 4954 et
2309 4898 2624 4967 imperium,
2655 4911 2798 4961 nunc
2811 4909 2864 4958 et
2880 4905 3182 4967 semper,et
3221 4897 3274 4952 in
3301 4898 3493 4953 szccula
3519 4912 3626 4950 sa:-

2043 4993 2306 5054 culorum.
2339 4992 2534 5054 Amen,

2501 5101 2568 5156 IN
2606 5101 2932 5157 PSALMUM
2969 5100 3170 5156 CXLII.

2331 5199 2382 5250 1.
2403 5194 2638 5261 Domine,
2663 5194 2848 5248 exaudi
2870 5194 3147 5249 orationem
3171 5208 3350 5246 meam.

2121 5291 2169 5344 i.
2213 5288 2310 5343 Est
2351 5287 2562 5358 quidem
2604 5300 2838 5358 προσευχή
2859 5326 2874 5351 ,
2915 5296 2970 5340 et
3016 5284 3250 5355 precatio
3289 5297 3406 5353 qua:
3436 5281 3496 5336 fit
3539 5298 3629 5351 per

2113 5402 2128 5458 ε
2157 5396 2274 5456 Alii,
2298 5410 2424 5458 quos
2455 5393 2504 5444 in
2532 5399 2676 5458 textu
2707 5399 2911 5442 secutus
2937 5396 3016 5438 est
3044 5388 3216 5458 Savil.,
3251 5385 3432 5433 habent
3459 5399 3470 5426 :
3502 5385 3621 5458 Quit;

2051 5457 2178 5511 enim
2220 5449 2438 5508 consistit
2493 5462 2537 5507 et
2579 5453 2734 5505 otiosa
2774 5459 2861 5516 est,
2905 5449 3266 5516 corrumpitur;
3305 5459 3423 5513 qua:
3460 5449 3621 5516 autem

2055 5509 2431 5581 transportatur,
2457 5522 2710 5584 'mocetur,
2747 5509 3111 5574 circuiri-fertur,
3132 5509 3377 5559 salubrior
3399 5514 3471 5558 est
3495 5509 3621 5564 visu,

2056 5589 2102 5634 et
2122 5587 2266 5636 tactu,
2300 5587 2342 5630 et
2362 5587 2474 5642 potu
2503 5581 2784 5642 jucundior.

2121 5645 2193 5704 (a)
2239 5633 2901 5705 Πωόιζεηῇἰιιιυψτριειιίυ
2948 5641 3024 5686 est
3078 5635 3218 5698 juxta
3258 5633 3622 5696 Symmachum,

2060 5702 2212 5755 altera
2235 5704 2374 5766 juxta
2399 5702 2639 5764 Aquilam.
