4070 6214
5 5760 14 5811 l

308 468 582 537 παραινεῖ,
604 464 781 535 λέγων
796 480 810 495 ·
828 460 927 534 Μὴ
955 461 1331 532 δευτερώσῃς
1344 463 1532 534 λόγον
1547 464 1618 519 ἐν
1632 477 1885 533 προσευ-

315 547 399 617 χῇ
422 563 560 602 σου.
601 549 716 618 οὑχ
749 547 838 601 ἵνα
855 547 934 618 μὴ
955 545 1208 617 δεύτερον
1234 545 1305 599 τά
1327 546 1464 599 αὑτά
1490 546 1754 617 λέγωμεν,
1781 560 1888 597 πα-

315 630 680 702 ρακαλοῦντες
732 629 824 684 τὸν
870 629 1004 682 Θεὸν
1061 628 1157 682 zeal
1202 627 1467 699 δεόμενοι,
1493 628 1650 682 τοῦτο
1682 644 1886 698 παραι-

309 714 394 765 νεῖ
415 712 510 765 zeal
534 709 891 782 συμϐουλεύει
923 722 974 775 ι,
1012 709 1194 778 ἄπαγε
1216 726 1231 740 υ
1271 710 1367 762 zeal
1397 709 1507 780 7&9
1553 707 1886 778 κελεώμεθα

317 792 468 867 [M8]
498 795 927 864 προσκαρτερεῖν
962 795 1083 857 ταῖς
1124 793 1450 863 προσευχαῖς
1469 808 1484 823 ·
1536 791 1653 845 ἀλλ’
1681 791 1770 845 ἵνα
1810 789 1885 862 μὴ

312 874 740 946 ἀναϐαλλὼμεθα
769 875 899 928 όταν
921 892 974 927 τι
1002 873 1367 944 ὑποσχώμεθα
1394 873 1473 945 τῷ
1494 872 1635 945 Θεῷ,
1670 872 1886 927 ἀλλ’ἵνα

313 958 681 1029 ἐπειγώμεθα.
717 958 810 1013 Διὸ
837 959 934 1013 zeal
970 958 1204 1028 ἀλλαχοῦ
1237 974 1371 1029 φησι
1405 972 1420 987 ·
1450 958 1550 1026 Μὴ
1593 956 1886 1027 xperiar);

314 1040 646 1098 ἀποδοῦναι
675 1039 791 1109 τὴν
810 1039 1179 1111 προσευχήν.
1204 1041 1314 1094 Kal
1341 1039 1448 1111 7&9
1466 1039 1656 1110 ἄδηλον
1676 1038 1735 1093 τὸ
1760 1037 1886 1109 μέλ-

314 1119 425 1180 λον.
474 1125 545 1178 ’Ἡ
587 1123 696 1195 γὰρ
734 1124 926 1189 νόσος,
969 1123 1002 1192 ἢ
1048 1123 1388 1193 πραγμάτων
1426 1123 1678 1194 ἀδόκητοι
1730 1122 1886 1192 ἀσχο-

314 1205 428 1260 λίαι
443 1207 474 1247 δ
495 1205 868 1273 συμπεσοῦσαι
887 1205 1186 1261 ἐκώλυσαν.
1205 1206 1267 1259 El
1287 1205 1344 1259 δέ
1368 1205 1462 1260 zeal
1480 1204 1706 1268 θάνατος
1727 1202 1884 1257 ἐπελς

316 1288 424 1345 θὼν
447 1290 737 1361 διακόψειε,
760 1289 1085 1362 συγγνώμην
1111 1290 1388 1359 ούκέχεις.
1421 1288 1683 1344 Ἐνταῦθα
1703 1289 1883 1359 μέντοι

315 1373 623 1444 προσευχὴν
655 1373 753 1443 τὴν
776 1372 959 1443 δέησιν
988 1372 1136 1439 λέγει
1184 1373 1278 1426 zeal
1303 1376 1402 1442 τὴν
1448 1374 1746 1441 ἱκετηρίαν.
1792 1370 1884 1423 Διὸ

314 1455 591 1525 ἐπήγαγεν
622 1455 755 1510 αὑτὸ
776 1454 934 1509 τοῦτο
953 1454 1150 1525 δηλῶν,
1191 1453 1503 1508 Ἐνώτισαι
1535 1453 1650 1521 τὴν
1668 1452 1885 1521 δέησίν

312 1555 430 1607 μου
464 1539 535 1591 ἐν
566 1536 907 1606 τῇὰληθείᾳ
948 1554 1086 1592 σου.
1140 1537 1391 1605 Ἕτερος,
1418 1539 1524 1591 Ἐν
1564 1535 1639 1604 τῇ
1680 1537 1881 1591 πίστει

311 1635 448 1674 σου.
470 1619 681 1686 Ἄλλος,
698 1623 800 1678 Ἑν
817 1619 893 1689 τῇ
902 1619 1241 1688 βεϐαιότητι
1252 1636 1387 1674 σου.
1406 1618 1716 1683 Τουτέστιν,
1734 1618 1883 1672 Ἐπί-

312 1718 500 1755 νευσον
522 1705 588 1773 τῇ
618 1704 850 1773 αἰτήσει,
897 1702 989 1756 zeal
1003 1702 1084 1765 είς
1110 1702 1271 1771 ἔργον
1303 1699 1472 1772 αὐτὴν
1497 1698 1757 1769 ἐξάγαγε,
1785 1699 1875 1769 βε-

311 1783 480 1838 ϐαιῶν
506 1787 571 1855 τῇ
600 1783 824 1857 ἀληθείᾳ
861 1802 953 1839 σου
979 1801 995 1816 ο
1040 1783 1240 1856 χρῆσαι
1271 1786 1339 1856 τῇ
1371 1784 1595 1855 δυνάμει
1644 1783 1779 1853 πρδς
1820 1783 1882 1837 τὸ

315 1865 596 1938 πληρῶσαι
625 1877 648 1906 ε
685 1866 826 1939 ἅπερ
851 1866 1008 1923 αίτῶ.
1038 1866 1176 1921 Ἀλλ’
1200 1866 1398 1938 ῐδωμεν
1422 1866 1510 1920 οἵα
1543 1867 1690 1921 ἐστὶν
1712 1869 1744 1938 ὴ
1764 1866 1882 1937 δέη·-

313 1964 417 2011 σις.
478 1949 594 2002 Ἐπ’
644 1947 968 2021 ἀνθρώπων,
1017 1950 1146 2005 ὅταν
1185 1967 1268 2014 τις
1299 1950 1484 2022 δέησιν
1532 1950 1879 2022 προσαγάγῃ,

307 2028 465 2083 τοῦτο
494 2030 786 2085 σκοποῦσιν
825 2033 877 2086 οί
914 2032 1193 2104 δεχόμενοι
1212 2031 1275 2098 δ,
1304 2032 1409 2088 κᾶν
1452 2032 1513 2086 τὸ
1548 2033 1752 2088 δίκαιον
1783 2035 1882 2088 zeal

308 2109 530 2182 ῑννομον
563 2113 683 2186 ἔχῃ.
716 2114 994 2182 ἀκούεται.

378 2194 540 2248 Ἀλλά
562 2195 712 2266 παρά
743 2197 842 2267 μὲν
872 2196 1178 2268 ἀνθρώποις
1208 2196 1349 2269 ὑπὲρ
1376 2195 1700 2268 ἀξιωμάτων
1729 2198 1879 2266 γίνε-

307 2293 396 2331 ται
434 2279 528 2330 zeal
555 2279 852 2348 χρημάτων
878 2280 914 2352 ἠ
938 2280 1144 2348 δέησις,
1181 2279 1439 2343 πολλάκις
1482 2280 1540 2334 δέ
1589 2281 1685 2335 zeal
1738 2281 1879 2353 ὑπὲρ

312 2358 631 2428 κωλύματος
657 2360 871 2426 ἀδικίας
901 2379 914 2393 ·
952 2361 1085 2415 ἐνιοι
1122 2361 1181 2415 δὲ
1218 2362 1312 2415 καὶ
1357 2362 1429 2416 τά
1483 2361 1880 2434 ὑπερϐαίνοντα

307 2441 433 2504 τοὺς
456 2441 770 2507 δικάζοντας
788 2443 1026 2510 ἀξιοῦσιν
1056 2460 1071 2475 '
1110 2444 1224 2497 ἀλλ’
1261 2445 1422 2515 ἡμεῖς
1452 2446 1592 2518 ὑπὲρ
1624 2447 1877 2518 άμαρτη-

312 2522 498 2592 μάτων
519 2524 748 2594 δεόμεθα
771 2526 1187 2598 συγχωρήσεως,
1214 2527 1309 2580 zeal
1334 2527 1457 2581 τότε
1487 2527 1759 2599 ἐρχόμεθα
1786 2529 1880 2582 ἐπὶ

309 2602 513 2674 δέησιν,
542 2606 669 2659 ὅταν
690 2606 992 2679 όδικαστὴς
1017 2610 1149 2679 ἡμῖν
1175 2607 1251 2680 μὴ
1275 2610 1390 2680 ἀφῇ
1426 2610 1454 2661 ό
1474 2608 1644 2674 ἔνδον,
1673 2610 1734 2664 τὸ
1762 2627 1882 2664 συν·

309 2684 446 2750 ειδὸς
472 2698 496 2726 ε
523 2686 666 2756 λέγω
699 2688 762 2742 τὸ
807 2691 940 2760 ἡμῖν
966 2689 1358 2761 ἐγκαθήμενον.
1399 2690 1535 2744 Οὑδὲ
1580 2691 1689 2763 7&9
1724 2691 1877 2757 ἐξου-

311 2769 431 2822 σίαν
461 2769 684 2842 ἔχειτοῦ
716 2772 953 2841 ἀφιέναι.
991 2774 1103 2827 Kal
1141 2772 1393 2844 καθάπερ
1441 2773 1652 2843 βασιλεῖ
1701 2774 1877 2839 οὐδεὶς

309 2851 450 2924 ὑπὲρ
477 2853 691 2922 ἱματίου
718 2854 1128 2926 διαρραγέντος,
1155 2854 1276 2909 οὑδέ
1313 2856 1454 2927 ὑπὲρ
1494 2856 1627 2911 δέκα
1674 2856 1877 2911 ὀϐολῶν

308 2933 704 3001 ἀφαιρεθέντων
719 2935 888 3008 τολμᾷ
905 2936 1219 3006 προσελθεῖν
1240 2953 1254 2967 ·
1281 2936 1425 2992 οὕτω
1444 2940 1538 2992 zeal
1570 2939 1655 3003 σὺ,
1676 2939 1877 3011 μᾶλλον

305 3014 359 3068 δέ
377 3014 470 3068 καὶ
490 3016 667 3087 πολλῷ
701 3018 860 3073 πλέον
889 3018 1299 3090 εὐλαϐούμενος,
1329 3021 1403 3092 μὴ
1425 3020 1727 3094 προσέλθῃς
1756 3023 1877 3095 Θεῷ

307 3096 443 3169 ὑπὲρ
458 3099 689 3152 εὐτελῶν
702 3101 1042 3172 πραγμάτων
1058 3102 1150 3155 zeal
1170 3103 1486 3174 μηδαμινῶν
1516 3103 1561 3171 ί,
1580 3098 1690 3158 οἷον
1709 3106 1764 3160 εῐ
1790 3105 1876 3169 τίς

307 3196 366 3233 σε
381 3181 438 3239 tv
456 3182 732 3253 χρήμασιν
750 3183 1029 3255 ἠδίκησεν,
1043 3185 1077 3255 ἢ
1098 3185 1191 3238 zeal
1209 3184 1429 3257 ὕϐρισεν
1446 3203 1460 3216 ·
1478 3186 1593 3239 ἀλλ’
1606 3188 1664 3240 ἐν
1679 3185 1761 3253 οἷς
1777 3206 1834 3242 σε
1847 3192 1877 3245 ό

302 3260 539 3326 διάϐολος
562 3262 753 3328 ἀδικεῖ,
785 3264 916 3319 ἔνθα
944 3265 1178 3337 μάλιστα
1212 3266 1314 3338 τῆς
1355 3268 1560 3322 ἄνωθεν
1595 3271 1754 3340 χρεία
1783 3273 1876 3342 ῥο-

306 3345 432 3415 πῆς.
477 3345 616 3400 Ἀλλ’
640 3347 742 3400 οὐκ
771 3346 915 3417 ἔχεις
943 3348 1034 3403 τὸν
1059 3350 1454 3421 προϊστάμενον
1476 3351 1570 3405 zeal
1588 3353 1877 3421 είσάγοντά

308 3444 402 3481 σου
420 3427 517 3499 τὴν
533 3424 735 3501 δέησιν;
757 3430 1042 3500 Προίόντος
1061 3440 1088 3480 ε
1104 3431 1197 3485 τοῦ
1220 3430 1482 3504 βασιλέως
1498 3433 1765 3507 φώνησον,
1779 3436 1877 3490 zeal

305 3518 494 3582 καιρὸν
531 3512 834 3583 ἐπιτήδειον
870 3513 1124 3587 ζήτησον.
1154 3515 1292 3569 Πότε
1318 3510 1411 3570 οῦν
1432 3517 1679 3588 πρόεισιν
1706 3520 1736 3573 ό
1781 3519 1877 3590 βα-

305 3592 519 3661 σιλεύς;
561 3595 673 3648 ’Δεὶ
710 3595 806 3650 zeal
835 3595 1146 3661 διαπαντός.
1196 3598 1334 3652 Πότε
1358 3599 1416 3652 δέ
1447 3600 1541 3654 zeal
1570 3601 1876 3674 ἐπιτήδειος

303 3675 332 3728 ὁ
352 3678 742 3748 καιρόςςὊταν
771 3680 837 3733 σὺ
869 3679 1026 3752 θέλῃς
1046 3718 1062 3744 ,
1097 3680 1226 3734 ὅταν
1271 3680 1420 3746 ἀξιον
1463 3683 1658 3737 σαυτὸν
1698 3702 1875 3756 παρα-

305 3761 593 3832 σκευάσῃς.
640 3761 888 3840 Ἰουδαῖοι
914 3764 1010 3827 μὲν
1036 3758 1130 3817 οῦν
1159 3763 1469 3819 ἐκελεύοντο
1489 3766 1629 3838 ὑπὲρ
1652 3769 1750 3840 τὴν
1767 3769 1873 3823 ὑπ-

303 3840 500 3914 ώρειαν
544 3844 784 3910 ἑστάναι,
833 3834 911 3915 τῷ
946 3843 1064 3915 Θεῷ
1096 3846 1431 3915 φαινόμενοι,
1463 3848 1558 3901 zeal
1585 3834 1654 3902 τά
1682 3834 1873 3921 ἱμάτια

302 3924 442 3996 ἔχειν
473 3923 658 3994 λευκὰ,
698 3927 790 3980 καὶ
824 3927 900 3998 μὴ
931 3925 1210 3999 προσιέναι
1253 3927 1506 3994 γυναικί⁸
1545 3930 1609 3983 σὺ
1650 3931 1709 3985 δὲ
1752 3933 1874 3986 ἀντὶ

300 4008 409 4061 τῶν
428 4009 657 4079 ἱματίων
684 4009 784 4082 τὴν
808 4009 984 4081 ψυχὴν
1019 4008 1356 4080 ἀπόσμηξον,
1378 4009 1471 4062 zeal
1493 4011 1630 4080 μετά
1658 4029 1871 4084 σωφρο-

304 4089 471 4162 σύνης
496 4092 589 4146 zeal
625 4088 925 4154 ἐπιεικείας
944 4090 1227 4163 πρόσελθε,
1260 4090 1354 4144 καὶ
1386 4092 1524 4162 μετά
1554 4092 1752 4165 πολλῆς
1771 4096 1874 4166 τῆς

302 4174 519 4246 σχολῆς,
553 4176 649 4231 zeal
680 4174 1031 4247 ἀποδήμησον
1069 4173 1207 4246 πρὸς
1237 4174 1327 4227 τὸν
1368 4173 1612 4245 βασιλέα,
1658 4178 1707 4230 εί
1745 4176 1874 4248 βού-

301 4255 381 4310 λει
398 4258 622 4322 δεόντως
650 4256 864 4313 ἀνύσαι.
896 4257 970 4311 Ού
1000 4256 1171 4311 δεῖται
1196 4255 1565 4327 ἀναλωμάτων
1600 4258 1810 4315 πολλῶν
1835 4262 1869 4333 ἡ

300 4340 577 4411 ἀποδημία
608 4359 623 4374 υ
648 4340 779 4395 λάϐε
804 4340 989 4411 ἐφόδια
1008 4340 1108 4411 τὴν
1144 4340 1365 4411 ἀρετήν.
1394 4341 1506 4394 Kal
1529 4340 1631 4395 ποῦ
1663 4334 1819 4406 οὗτος
1844 4345 1874 4398 ό

305 4422 555 4495 βασιλεὺς
578 4424 838 4495 διατρίϐει
864 4442 879 4491 ;
916 4424 1117 4494 Ἐγγὺς
1146 4423 1258 4477 τῶν
1295 4423 1770 4495 συντετριμμένων
1802 4428 1870 4499 τῇ

303 4505 519 4579 καρδίᾳ.
592 4504 837 4577 Ἐκείνην
883 4506 1076 4562 ἔπελθε
1116 4506 1215 4578 τὴν
1253 4506 1394 4561 ὁδόν.
1425 4507 1662 4577 'Errbc.
1715 4509 1868 4580 φησὶ,

300 4590 518 4659 Κύριος
548 4589 699 4645 πᾶσι
718 4591 841 4658 τοῖς
867 4590 1358 4661 ἐπικαλουμένοις
1387 4590 1577 4644 αὑτὸν
1613 4590 1684 4644 ἐν
1722 4591 1873 4660 ἀλη-

302 4672 451 4743 θείᾳ.
496 4672 647 4728 Ἐκεῖ
684 4673 844 4727 αὑτὸν
886 4673 1156 4746 εὑρήσεις,
1204 4673 1323 4726 ἐκεῖ
1361 4672 1643 4746 συντεύξῃ.
1672 4674 1871 4742 Ἐγγύς

301 4756 417 4808 ἐστι
436 4754 542 4809 τῶν
570 4755 999 4827 διαθρυπτόντων
1027 4755 1250 4810 πεινῶσι
1277 4757 1369 4811 τὸν
1398 4757 1563 4830 ἄρτον
1583 4758 1676 4811 zeal
1716 4756 1873 4828 ἐλεη-

305 4837 539 4908 μοσύνην
564 4837 962 4911 ἐργαζομένων.
992 4836 1142 4912 [449]
1171 4838 1301 4893 Ἐὰν
1332 4839 1537 4910 ταύτην
1563 4839 1745 4910 ἔλθῃς,
1780 4840 1872 4893 εὑ-

303 4921 485 4992 ρήσεις
504 4921 666 4975 αὑτὸν
688 4922 923 4992 ἕτοιμον,
940 4920 1256 4976 ἐπινεύοντά
1280 4938 1373 4975 σου
1393 4924 1458 4994 τῇ
1482 4923 1713 4992 αἰτήσει.
1740 4923 1870 4976 Ἔτι

299 5001 408 5073 γὰρ
423 5003 759 5069 λαλοῦντός
774 5018 890 5059 σου
905 5001 1037 5073 ὲρῶσ
1068 5002 1211 5058 Ἰδοὺ
1228 5003 1484 5075 πάρειμι·
1513 5004 1608 5059 zeal
1621 5005 1682 5059 οὑ
1700 5003 1868 5078 δεήσῃ

360 5156 387 5223 _'
414 5156 562 5223 §avil.
586 5157 821 5223 παραινεῖ,
844 5156 1017 5223 ἄπαγε,
1047 5157 1129 5223 καὶ
1145 5157 1481 5223 συμϐουλεύει.

358 5216 392 5258 Β
413 5217 495 5283 Sic
519 5216 670 5283 εργιιζ
718 5226 881 5283 νειοῖο.Δ
917 5216 1089 5283 Mqlfel.
1139 5220 1170 5277 ἡ
1196 5216 1493 5283 πραγμάτων
1520 5219 1785 5283 ἀδόκητον,

295 5279 534 5345 ἀσχολίαι.
562 5280 841 5345 ᾏοπῌδανίῑᾲ.
862 5280 1078 5345 διακόψει
1088 5296 1171 5345 σε.
1196 5279 1369 5345 Μρτρί.
1395 5281 1657 5345 διακόψειε.

358 5340 392 5373 δ’
410 5342 553 5391 Alius
578 5342 772 5405 δυνάμει
792 5343 858 5399 είς
875 5342 932 5389 τὸ
954 5340 1219 5405 πληρῶσαι.
1242 5341 1365 5393 Ibid.
1391 5340 1668 5393 Βενίι.’άλλ’
1687 5344 1869 5407 ῐδωμεν

294 5405 381 5464 zeal
398 5403 516 5463 οῖαή
528 5404 703 5464 δέησις.
893 5462 901 5464 Α
1861 5418 1871 5428 ·

355 5462 385 5505 (1
403 5464 533 5528 Ττρε
548 5462 661 5528 ῐηεε.
684 5467 729 5528 οί
750 5462 1082 5528 προσάγοντες.

358 5531 384 5559 ⁸
406 5526 558 5577 Savﬂ.
599 5523 800 5583 ἀξιοῦσιξ
857 5523 1022 5588 Ἦμεῖς
1055 5524 1108 5573 δέ
1134 5523 1253 5589 ὑπὲρ
1292 5525 1644 5646 ἁμαρτημάτων
1668 5525 1868 5590 δεόμεθα

358 5589 658 5646 γχωρήσεως,
682 5589 762 5636 καὶ
782 5587 895 5635 ὅταν
927 5588 955 5635 ὁ
974 5587 1199 5644 δικαστής
1222 5590 1395 5646 ﬂama
1443 5587 1559 5646 ἀφῇ,
1579 5589 1608 5638 6
1641 5588 1790 5646 ἔνδον,
1809 5588 1869 5638 τὸ

294 5589 658 5697 συγχωρῆσεως,
682 5589 762 5636 καὶ
782 5587 895 5635 ὅταν
926 5587 955 5635 ὁ
974 5587 1199 5644 δικαστής
1222 5587 1423 5650 ἦμῖν,μὴ
1443 5587 1559 5651 ἀφῇ,
1579 5589 1608 5638 6
1641 5587 1790 5652 ἔνδον,
1809 5604 1838 5638 τ

295 5650 453 5697 συνειδ
485 5667 564 5705 ς...
587 5656 689 5699 etc.
711 5650 926 5707 inversa,
944 5652 1032 5697 sed
1055 5647 1233 5697 eodem
1255 5660 1424 5696 sensu.

358 5706 382 5774 ε
411 5709 541 5774 Mem
556 5712 673 5772 ὑπὲρ
688 5712 786 5774 τῷν
805 5712 1006 5774 οἰκτρῶν
1018 5709 1201 5759 τούτων
1228 5709 1310 5760 καὶ
1327 5708 1493 5772 ψιλῶν.

352 5771 382 5813 ⁸
403 5772 552 5823 Savél.
579 5771 856 5833 περιιόντος.

1365 346 1723 406 EXPOSITIO
1754 347 1824 403 IN
1862 342 2185 404 ΡεΑιιιωι
2218 341 2425 400 CXLII.

3453 334 3558 390 ιιιι

1990 458 2232 531 μεσίτου,
2283 454 2418 510 ἀλλά
2463 453 2554 509 διὰ
2590 448 2817 509 σεαυτοῦ
2870 449 2971 522 τὴν
3023 447 3204 522 δέησιν
3253 445 3557 531 ἐπιδώσεις.

1987 529 2362 593 Ἕπὰκουσόν
2384 554 2506 608 μου
2527 536 2599 590 ἐν
2620 534 2696 604 τῇ
2725 533 3084 600 δικαιοσύνῃ
3110 546 3245 586 σου.
3264 529 3332 584 τί
3362 530 3559 597 ποιεῖς,

1986 617 2510 693 ἀνθρωπε;Προῖὼν
2534 618 2747 690 μέλλεις
2792 616 2959 688 ἐρεῖν,
2996 614 3094 683 Μὴ
3135 614 3418 681 εισέλθῃς
3472 615 3563 679 εἰς

1985 706 2189 775 κρίσιν
2207 704 2356 772 μετὰ
2385 700 2494 757 τοῦ
2520 702 2744 757 δούλου
2781 715 2917 763 σου,
2936 697 3028 751 δτι
3068 699 3140 751 οὐ
3173 695 3563 764 δικαιωθήσε-

1986 800 2081 841 tae
2103 785 2359 840 ἐνώπιόν
2379 799 2496 839 σου
2527 781 2645 849 πᾶς
2673 781 2813 844 ζῶν·
2837 781 2932 834 zeal
2953 778 3188 833 ἐνταῦθα
3217 777 3387 842 ἀξιοῖς
3418 776 3561 831 κατά

1986 867 2048 923 τὸ
2079 868 2283 921 δίκαιον
2309 867 2636 936 ἀκουσθῆναι
2668 883 2684 929 ;
2714 863 2780 917 Τί
2803 859 2898 917 οὖν
2926 864 3042 916 ἐστι
3067 864 3127 915 τὸ
3155 859 3446 930 λεγόμενον
3471 875 3486 925 ;

2057 948 2409 1021 Δικαιοσύνην
2436 946 2667 1001 ἐνταῦθα
2691 944 2788 1017 τὴν
2818 943 3228 1016 φιλανθρωπίαν
3258 942 3426 1011 λέγει,
3463 940 3561 993 zeal

1985 1031 2253 1103 πολλαχοῦ
2279 1033 2377 1103 τῆς
2416 1029 2638 1102 Γραφῆς
2671 1029 2769 1082 ῐδοι
2794 1045 2879 1091 τις
2910 1026 2976 1081 ἂν
2998 1026 3090 1079 ἐπὶ
3105 1023 3201 1079 τοῦ
3227 1023 3561 1095 σημαινομέ-

1984 1133 2076 1169 νου
2099 1117 2286 1169 τούτου
2317 1114 2415 1186 τὴν
2443 1111 2785 1182 δικαιοσύνην
2807 1107 3242 1181 λαμϐανομένην,
3273 1107 3366 1160 καὶ
3414 1105 3558 1178 μάλα

1983 1199 2238 1262 είκότως⁸
2287 1196 2439 1269 παρά
2469 1197 2566 1266 μέν
2611 1194 2721 1265 γάρ
2750 1195 2861 1257 τοῖς
2914 1188 3219 1260 ἀνθρώποις
3245 1189 3309 1242 τὸ
3351 1188 3558 1242 δίκαιον

1984 1281 2353 1352 ἀπεστέρηται
2380 1279 2473 1332 τοῦ
2506 1276 2709 1339 ἐλέους,
2734 1273 2884 1352 παρά
2910 1273 2966 1326 δέ
2992 1271 3069 1342 τῷ
3097 1270 3217 1341 Θεῷ
3234 1271 3332 1341 οὑχ
3360 1270 3555 1333 οὑτως,

1984 1363 2118 1418 ἀλλά
2148 1348 2520 1433 ἀνα-μέμικται
2544 1358 2621 1430 τῷ
2638 1348 2830 1427 δικαίῳ
2855 1357 2949 1409 καὶ
2977 1355 3142 1418 ἔλεος,
3158 1354 3252 1407 zeal
3280 1353 3554 1421 τοσοῦτον⁹

1983 1447 2059 1506 ὡς
2090 1446 2183 1499 zeal
2213 1445 2385 1515 αὑτὴν
2427 1442 2527 1514 τὴν
2559 1439 2902 1509 δικαιοσύνην
2949 1436 3351 1508 φιλανθρωπίαν
3377 1435 3557 1489 καλεῖ-

1985 1528 2127 1581 σθαι.
2158 1528 2358 1581 Σκόπει
2388 1526 2518 1595 γοῦν
2548 1525 2642 1578 ἐπὶ
2666 1522 2758 1577 τοῦ
2793 1518 3196 1591 κατακλυσμοῦ,
3242 1518 3408 1581 πόσος
3456 1519 3554 1589 μὲν

1981 1605 2050 1682 ἦν
2078 1612 2107 1663 ό
2127 1610 2294 1674 ἕλεος,
2320 1610 2482 1662 πόσον
2507 1607 2562 1661 δὲ
2586 1605 2647 1661 τὸ
2668 1605 2891 1659 δίκαιον.
2912 1603 2975 1656 Εἰ
3001 1602 3108 1672 γάρ
3136 1600 3235 1682 zeal
3256 1599 3554 1669 ἐκολάσθη-

1984 1709 2084 1744 σαν
2108 1691 2510 1763 ἁμαρτάνοντες
2551 1691 2601 1743 οί
2637 1689 2780 1750 τότε,
2810 1685 2943 1739 ἀλλὰ
2969 1685 3031 1738 οὑ
3058 1683 3156 1753 τὴν
3184 1681 3341 1746 ἀξίαν
3365 1682 3555 1763 ἔδοσαν

1981 1762 2158 1845 δίκην.
2187 1774 2279 1846 Μὴ
2307 1775 2416 1846 γάρ
2443 1790 2533 1843 μοι
2558 1770 2650 1824 τδν
2682 1769 2844 1846 ὄγκον
2871 1767 2988 1838 ίδῃς
3015 1766 3123 1819 τῶν
3151 1764 3379 1841 ὑδάτων,
3418 1762 3554 1834 μηδέ

1981 1856 2044 1910 τὸ
2075 1844 2277 1928 πλῆθος
2312 1844 2420 1908 τῶν
2451 1852 2692 1926 ἡμερῶν,
2721 1844 2797 1904 ὧν
2843 1848 2906 1902 τδ
2931 1847 3187 1916 ναυάγιον
3214 1848 3387 1899 ἐκεῖνο
3417 1862 3557 1928 παρ-

1984 1925 2218 1993 ετείνετο
2240 1975 2257 2000 ,
2295 1936 2429 2008 μηδὲ
2457 1936 2556 2007 τὴν
2591 1932 2912 2004 οἰκουμένην
2951 1929 3184 1984 ἄϐυσσον
3236 1925 3548 1999 γινομένην.

1981 2020 2046 2074 Τί
2074 2020 2183 2091 γάρ
2215 2018 2374 2073 τοῦτο
2426 2018 2562 2090 πρὸς
2615 2017 2743 2080 τοὺς
2800 2012 3183 2077 ἀπολωλότας;
3214 2010 3400 2066 Ταῦτα
3441 2011 3553 2081 γάρ

1981 2103 2143 2172 φόϐον
2179 2103 2277 2173 μὲν
2302 2102 2504 2156 δύναιτ’
2534 2100 2601 2154 ἀν
2619 2097 2649 2136 ³³
2692 2098 2835 2169 ἔχειν
2854 2097 3177 2169 ὑπέρογκον,
3208 2093 3474 2167 τιμωρίαν
3494 2093 3555 2147 δι

1979 2187 2093 2249 τοῖς
2140 2183 2582 2253 τετελευτηκόσιν
2634 2182 2893 2252 οὐδεμίαν
2942 2180 3158 2248 ἐπάγει.
3193 2179 3257 2233 Ol
3311 2178 3421 2249 7&9
3451 2177 3552 2231 οὑκ

1981 2267 2360 2338 αἰσθανόμενοι
2378 2265 2486 2319 τῶν
2513 2264 2811 2335 γινομένων
2838 2261 2957 2325 πῶς
2982 2261 3328 2325 ἐκολάζοντο;
3359 2254 3433 2314 ὧν
3454 2258 3552 2313 zeal

1982 2351 2041 2403 ἐν
2067 2348 2294 2420 βραχείᾳ
2314 2346 2505 2420 καιρεῧ
2535 2349 2673 2418 ῥοπῇ
2696 2345 2765 2399 τά
2779 2345 2879 2415 τῆς
2903 2343 3174 2406 ἀπωλείας
3207 2342 3435 2411 ἐγίνετο,
3457 2342 3553 2397 καὶ

1979 2431 2071 2484 τὸν
2099 2430 2360 2501 σύντομον
2379 2430 2474 2483 zeal
2510 2429 2843 2499 κουφότατον
2870 2427 3166 2498 ὑπέμειναν
3188 2425 3436 2489 θάνατον,
3456 2424 3553 2480 καὶ

1983 2514 2151 2587 πυρὸς
2178 2515 2271 2567 zeal
2309 2512 2496 2582 ξίφους
2542 2513 2639 2567 zeal
2666 2513 2899 2583 ἀγχόνης
2922 2510 3015 2565 zeal
3039 2510 3284 2581 βασάνων
3320 2507 3555 2563 εὐκολώ-

1977 2596 2136 2667 τερόν
2167 2613 2227 2649 τε
2252 2595 2347 2648 καὶ
2380 2594 2743 2665 ἀλυπότερονς
2781 2595 2945 2648 Ὥστε
2984 2593 3105 2663 ϐψιν
3145 2593 3345 2664 μᾶλλον
3375 2607 3555 2663 τιμω-

1984 2678 2126 2752 ρίας.
2160 2678 2193 2749 ἢ
2226 2681 2419 2750 πεῖραν
2450 2672 2564 2751 εἶχε
2593 2678 2663 2731 τά
2682 2677 2960 2749 γινόμενα.
2987 2676 3144 2748 Παρά
3178 2677 3355 2730 πάντα
3373 2675 3555 2728 τοίνυν

1978 2760 2070 2815 τὸν
2096 2761 2284 2832 χρόνον
2317 2761 2479 2832 μέχρι
2512 2760 2702 2832 γήρως
2726 2761 2955 2832 ἐσχάτου
2991 2757 3214 2812 τοιαῦτα
3240 2760 3554 2830 παρανομή-

1981 2859 2192 2907 σαντες,
2222 2845 2280 2897 ἐν
2299 2843 2528 2915 βραχείᾳ
2544 2841 2738 2914 καιροῦ
2768 2844 2907 2913 ῥοπῇ
2926 2839 3025 2913 τὴν
3044 2840 3313 2912 τιμωρίαν
3340 2840 3550 2908 ἐδοσαν,

1953 2926 2034 3000 ,εί
2053 2928 2411 2999 γε’τιμωρίαν
2437 2926 2518 2981 δεῖ
2548 2926 2729 2980 καλεῖν
2761 2925 2822 2979 τὸ
2847 2924 2945 2995 τῆς
2987 2924 3199 2994 φύσεως
3226 2925 3406 2996 χρέος.

2054 3008 2118 3080 β’.
2140 3006 2289 3073 Εἶδες
2310 3009 2450 3078 πόση
2471 3011 2502 3080 ἡ
2523 3006 2934 3079 φιλανθρωπία;
2966 3006 3152 3060 Βούλει
3173 3007 3267 3060 zeal
3287 3005 3555 3078 ἐτέρωθεν

1977 3092 2149 3165 αὐτὴν
2185 3091 2344 3157 ίδεῖν;
2372 3093 2485 3145 Οὐκ
2508 3090 2711 3153 εὐθέως
2731 3089 2901 3161 αὐτὴν
2930 3090 3225 3160 ἐπήγαγεν,
3257 3088 3392 3143 ἀλλά
3419 3105 3554 3161 προ-

1978 3176 2097 3227 εῖπε
2122 3173 2216 3227 καὶ
2239 3173 2385 3238 άπαξ
2415 3174 2508 3227 zeal
2534 3173 2613 3237 δὶς
2637 3173 2731 3226 zeal
2759 3171 3038 3235 πολλάκις.
3072 3171 3182 3226 Kal
3210 3171 3315 3243 7&9
3342 3170 3432 3225 διά
3451 3174 3552 3242 τῆς

1977 3257 2245 3328 λάρνακος
2265 3256 2446 3320 αὐτοῖς
2466 3255 2735 3324 διελέγετο
2754 3269 2769 3283 ο
2803 3256 2854 3307 οί
2873 3255 2930 3309 δέ
2952 3254 3069 3309 οὑδέ
3094 3254 3264 3318 οὑτως
3279 3254 3549 3316 ἐνέδοσαν,

1979 3339 2155 3393 καίτοι
2186 3338 2305 3391 οῦδὲ
2348 3337 2721 3410 παραγγελίας
2765 3337 2929 3391 ἐδεῖτο
2955 3340 2989 3410 ἡ
3020 3338 3328 3409 παρανομία
3358 3378 3373 3392 .
3410 3336 3550 3391 Ἀλλ’

1977 3420 2100 3475 οὐδὲ
2134 3423 2167 3493 ή
2197 3420 2357 3489 φύσις
2388 3424 2403 3462 ί
2438 3421 2635 3485 αὐτοὺς
2679 3419 3017 3485 ἐπαίδευσεν,
3048 3422 3098 3474 οἱ
3127 3420 3184 3474 δέ
3233 3421 3310 3485 ὡς
3354 3424 3550 3492 χοῖροι,

1982 3506 2181 3577 μᾶλλον
2203 3506 2258 3559 δὲ
2290 3506 2381 3559 καὶ
2408 3505 2606 3577 χοίρων
2627 3504 3005 3578 χαλεπώτερον
3030 3505 3284 3559 ἁπάντων
3312 3507 3368 3560 ἐν
3395 3506 3554 3577 ἀλλή-

1977 3588 2090 3651 λοις
2125 3586 2498 3661 φθειρόμενοι,
2553 3589 2648 3642 zeal
2677 3589 2802 3653 τοὺς
2830 3590 2927 3660 τῆς
2977 3588 3192 3659 φύσεως
3239 3589 3436 3663 νόμους
3484 3592 3553 3644 ἐκ

1980 3673 2193 3747 βάθρων
2226 3674 2406 3728 αὐτῶν
2440 3673 2871 3737 ἀνασπάσαντες,
2901 3674 2993 3726 καὶ
3024 3673 3263 3746 μηδεμιᾷ
3290 3672 3553 3745 παραινέ-

1979 3775 2082 3819 σει,
2126 3757 2258 3828 μηδὲ
2288 3756 2560 3828 συμϐουλῇ
2588 3756 2847 3821 ἐνδόντες,
2885 3757 3020 3826 μηδέ
3048 3757 3147 3829 τὴν
3186 3756 3295 3811 ἀπὸ
3325 3757 3423 3828 τῆς
3458 3755 3554 3811 τοῦ

1974 3842 2185 3896 δικαίου
2203 3841 2552 3909 γειτνιάσεως
2583 3839 2851 3909 ὠφέλειαν
2873 3841 3318 3912 καρπωσάμενοι,
3340 3842 3398 3893 ἐν
3421 3840 3553 3912 βρα-

1977 3925 2101 3995 χεία
2130 3922 2322 3995 καιροῦ
2355 3925 2492 3994 ῥοπῇ
2533 3922 2693 3992 μόνον
2722 3922 2820 3992 τὴν
2852 3922 3005 3990 δίκην
3030 3922 3236 3985 ἔδοσαν,
3274 3923 3472 3994 μᾶλλον
3492 3922 3552 3977 δὲ

1977 4006 2182 4077 φθορᾶς
2213 4004 2624 4075 ἀπηλλάγησαν,
2654 4005 2747 4056 zeal
2772 4003 2925 4072 δίκης
2945 4003 3412 4075 ἠλευθερώθησαν.
3440 4004 3551 4058 Τοῦ

1976 4087 2086 4159 γάρ
2110 4085 2550 4154 κατακλυσθῆναι
2584 4084 2763 4156 πολλῷ
2815 4084 3192 4156 χαλεπώτερον
3219 4085 3282 4140 τὸ
3325 4086 3553 4141 τοιαῦτα

1977 4173 2169 4224 ποιεῖν.
2196 4168 2368 4223 Τοῦτο
2389 4163 2504 4228 οὖν,
2553 4167 2675 4221 είπέ
2705 4184 2815 4239 μοι,
2848 4169 3086 4239 τιμωρία
3110 4167 3172 4222 τὸ
3209 4168 3377 4239 κακία
3406 4168 3554 4240 φθειο

1980 4254 2258 4327 ρομένους.
2287 4253 2382 4307 zeal
2410 4251 2661 4325 ἀλλήλοις
2688 4251 3022 4324 φυρομένους
3071 4251 3420 4324 παρανόμως,
3456 4253 3551 4307 zeal

1976 4336 2434 4408 καταισχύνοντας
2457 4378 2474 4403 ,
2519 4334 2615 4389 καὶ
2661 4337 3188 4408 καταισχυνομένους
3240 4334 3553 4404 ἀπαλλάξαι

1975 4423 2075 4495 τῆς
2097 4423 2364 4495 τοσαύτης
2381 4422 2601 4493 λύμης;
2633 4416 2765 4475 Εἶτα
2799 4419 2982 4494 ίατρδν
3033 4421 3132 4494 μέν
3163 4421 3232 4476 τά
3274 4423 3550 4494 σεσηπότα

1976 4506 2306 4579 ἐκτέμνοντα
2330 4507 2393 4560 οὑ
2441 4506 2689 4576 φήσομεν
2724 4505 3082 4575 τιμωρεῖσθαι
3108 4505 3169 4559 τὸ
3219 4506 3399 4576 σῶμα,
3433 4506 3553 4562 ἀλλ’

1974 4591 2052 4655 ὼς
2080 4589 2455 4662 φιλάνθρωπον
2484 4587 2635 4661 [450]
2669 4588 3040 4660 ἀποδεξόμεθα
3058 4606 3072 4621 ·
3103 4589 3194 4643 τὸν
3240 4589 3298 4644 δέ
3324 4588 3455 4643 Θεὸν
3484 4591 3551 4645 οὑ

1977 4672 2156 4744 πολλῷ
2179 4673 2377 4745 μᾶλλον
2399 4670 2857 4745 ἐκπλαγησόμεθα
2883 4673 2977 4726 zeal
3003 4672 3101 4744 τῆς
3125 4673 3317 4743 σοφίας
3338 4675 3433 4728 zeal
3446 4676 3550 4746 τῆς

1975 4756 2402 4828 φιλανθρωπίας,
2435 4753 2578 4809 οὕτω
2606 4756 2732 4819 τοὺς
2760 4755 2954 4809 ἐαυτοῦ
3001 4754 3299 4820 κολάζοντα
3337 4758 3352 4807 i
3377 4773 3392 4823 ;
3423 4760 3550 4831 Δια(-

1974 4840 2175 4904 παντδς
2228 4839 2327 4910 μὲν
2373 4833 2465 4892 οῦν
2502 4838 2596 4892 καὶ
2625 4836 2924 4908 θαυμάζειν
2955 4837 3118 4892 αὑτὸν
3160 4838 3254 4893 zeal
3304 4838 3551 4905 δοξάζειν

1971 4923 2078 4993 χρη
2098 4939 2113 4954 ”
2140 4922 2342 4991 ταύτης
2360 4919 2417 4973 δέ
2444 4919 2628 4974 ἕνεκεν
2646 4920 2745 4991 τῆς
2773 4920 3082 4986 ὑποθέσεως
3115 4922 3382 4994 μηδέποτε
3411 4924 3550 4979 ἀπο·

1974 5004 2189 5075 στῶμεν
2228 5002 2393 5056 αὑτοῦ
2418 5001 2516 5074 τὴν
2553 5002 2879 5074 κηδεμονίαν
2927 5003 3370 5076 ἐκπληττόμενοι,
3423 5006 3551 5060 ούδέ

1974 5085 2310 5158 παυσώμεθα
2331 5085 2491 5139 αὑτὸν
2521 5087 2617 5140 καὶ
2637 5086 2726 5141 διὰ
2751 5085 2925 5141 ταῦτα
2960 5087 3342 5159 ἀνυμνοῦντες,
3373 5088 3453 5141 ὅτι
3484 5104 3547 5140 τε

1971 5168 2143 5241 τομὴν
2171 5168 2338 5222 ἔδωκε
2367 5166 2650 5239 σύντομον,
2672 5169 2764 5222 zeal
2780 5168 2889 5240 ⁴τὴν
2914 5167 3082 5240 νομὴν
3105 5169 3347 5238 ἀπέκοψε
3381 5168 3431 5231 ι,
3451 5171 3549 5223 zeal

2034 5336 2065 5377 ει
2086 5338 2253 5401 εινὶι.
2269 5336 2414 5401 φόϐον
2431 5336 2515 5400 μὶν
2536 5335 2744 5386 δύναται.
2775 5335 2926 5386 Paulo
2960 5340 3071 5397 post
3093 5334 3255 5397 ἐπάγει
3285 5335 3547 5386 desidera-

1972 5403 2056 5501 ιωί
2072 5400 2540 5523 ἱὲεῗῗιῖίιίέαρανομία.
2564 5456 2691 5523 οὔτε
2711 5458 2763 5506 δὲ
2779 5459 2811 5516 ἡ
2839 5456 3184 5523 ⁸ιῖιὺιεις.,1³ειιὶο
3206 5461 3320 5523 post.
3341 5472 3471 5523 unus
3492 5458 3545 5508 δι

1972 5525 2037 5572 ὡς
2052 5523 2233 5596 χοίρων
2243 5518 2567 5596 χαλεπώτεροι
2589 5520 2808 5577 ὑπήντων
2829 5518 3064 5575 ἀλλήλοις·
3101 5532 3212 5581 qua
3233 5519 3386 5570 Iecuo
3402 5529 3543 5571 certe

1968 5598 2067 5717 fw?
2498 5637 2965 5717 ξαντξξῦκολάξοντα,
2977 5639 3157 5717 ἁθεοιιι
3173 5640 3395 5717 inﬁ‘a’vil.
3415 5640 3542 5694 Ibid.

1969 5706 2080 5757 loco
2102 5700 2350 5758 διαπαντὸς
2372 5703 2455 5761 μὲν
2470 5701 2570 5763 οὖν,
2591 5700 2719 5751 alius
2744 5700 2895 5752 habet
2920 5703 3061 5752 παντὶ
3078 5703 3165 5766 μὲν
3182 5703 3253 5767 τῷ
3270 5703 3415 5769 λόγῳ.

2037 5767 2065 5805 ⁸
2091 5766 2241 5818 Savil.
2265 5765 2475 5827 ἐνέκοψι.
