4076 6222
339 327 444 382 419

335 449 615 491 cessemus
643 448 704 488 ea
730 430 795 488 de
823 447 981 488 causa
1009 432 1224 487 laudare
1247 475 1262 499 ,
1293 433 1433 502 quod
1473 433 1688 486 brevem
1719 430 1914 484 sectio-

336 540 462 578 nem
497 524 832 585 adhibuerit,
859 537 1078 590 serpens
1105 523 1295 577 malum
1325 520 1595 574 resciderit
1619 559 1636 582 ,
1667 527 1720 572 et
1745 518 1912 572 medi-

235 601 246 624 ³
333 614 516 668 cinatn
545 627 663 680 qua:
689 611 887 664 nullum
915 611 1149 664 dolorem
1188 610 1396 663 afferret
1424 607 1733 661 admoverit.
1761 603 1837 660 Ne
1863 613 1917 660 te

332 718 472 775 ergo
502 703 608 757 hoc
635 703 934 767 conturbet,
963 702 1100 772 quod
1129 715 1314 755 omnes
1341 709 1554 767 repente
1580 707 1632 752 et
1653 713 1757 750 uno
1778 707 1914 752 tem-

330 810 466 866 pore
487 794 665 847 obruti
688 794 810 846 sint.
835 793 969 859 Quid
991 794 1131 847 enim
1154 789 1315 845 refert
1334 805 1399 842 an
1422 789 1516 853 sic,
1535 803 1600 841 an
1625 787 1913 856 paulatim?

334 883 461 952 quid
493 898 619 936 eum
648 881 733 950 qui
765 881 1158 948 excessitjuvat
1185 878 1324 948 quod
1354 892 1448 946 per
1471 889 1529 931 se
1555 885 1606 930 et
1632 876 1792 940 solus,
1823 886 1913 930 aut

333 973 485 1027 lmdit
527 971 668 1041 quod
700 986 821 1025 cum
859 971 1102 1024 omnibus
1143 965 1468 1022 excesserit?
1519 965 1720 1019 Exaudi
1759 982 1836 1019 me
1864 967 1916 1020 in

334 1076 429 1118 tua
445 1063 670 1133 justitia,
695 1061 796 1114 hoc
813 1071 914 1124 est,
944 1061 994 1112 in
1019 1058 1338 1126 benignitate
1363 1066 1416 1112 et
1443 1053 1738 1110 clementia.
1767 1055 1915 1122 Quod

333 1155 486 1210 enim
517 1153 570 1207 id
595 1151 872 1222 significet,
898 1149 1165 1218 suhjunxit
1187 1165 1200 1201 :
1227 1143 1290 1201 Et
1311 1163 1410 1201 non
1431 1147 1582 1200 intres
1602 1145 1654 1199 in
1666 1145 1916 1215 judicium

331 1257 458 1298 eum
483 1259 624 1297 serra
649 1253 757 1296 tuo.
783 1242 894 1295 Hoc
912 1242 1071 1294 etiam
1097 1239 1224 1308 petit
1244 1238 1344 1293 Job
1365 1237 1450 1307 qtti
1477 1245 1591 1292 erat
1623 1231 1710 1290 Vir
1724 1237 1916 1306 justus,

334 1344 390 1387 et
435 1349 591 1387 veras:
611 1374 625 1397 ,
670 1341 716 1385 et
756 1331 1006 1384 abstinens
1033 1329 1093 1382 ab
1123 1330 1259 1383 omni
1286 1345 1340 1382 re
1377 1328 1513 1381 mala
1553 1327 1712 1397 (Job.
1743 1329 1792 1382 1.
1823 1327 1845 1381 1
1876 1329 1918 1397 ),

336 1423 534 1482 dicens
561 1443 575 1479 :
611 1423 815 1478 Utinam
844 1432 966 1476 esset
996 1423 1079 1492 qui
1108 1423 1406 1475 discerneret
1441 1429 1486 1473 et
1527 1428 1755 1489 argueret
1791 1418 1920 1471 inter

339 1529 612 1587 utrumque
637 1515 654 1586 (
676 1514 812 1568 Ibid.
843 1514 896 1570 9.
927 1513 1061 1584 35);
1101 1527 1220 1567 cum
1251 1512 1391 1566 Deus
1427 1519 1602 1565 autem
1631 1510 1869 1579 apparuit
1898 1524 1915 1564 :

345 1601 560 1661 Manum
595 1621 851 1676 apponam
887 1604 962 1657 ori
1002 1619 1111 1656 meo
1138 1600 1314 1674 (Ibid.
1347 1596 1434 1655 59.
1462 1601 1530 1654 54
1549 1602 1603 1670 );
1635 1599 1756 1654 licet
1781 1600 1919 1653 Deus

345 1704 663 1766 provocaret
683 1704 738 1750 et
759 1693 960 1748 diceret
989 1709 1002 1745 ε
1035 1690 1178 1756 Non,
1206 1691 1293 1744 sed
1330 1689 1532 1759 accinge
1557 1697 1808 1758 tamquam
1844 1689 1920 1741 vir

349 1785 544 1840 tumbas
573 1795 682 1838 tuos
714 1783 871 1855 (Ibid.
893 1783 980 1838 40,
1003 1783 1085 1851 2).
1110 1781 1218 1835 Hoc
1241 1782 1400 1834 etiam
1419 1778 1616 1834 Judteis
1635 1777 1920 1846 exprobrat

342 1875 530 1930 dicens
545 1892 559 1928 :
576 1874 723 1938 Quod
742 1875 1030 1926 invenerunt
1047 1881 1208 1941 patres
1220 1871 1366 1924 vestri
1375 1869 1428 1922 in
1445 1884 1521 1922 me
1535 1868 1784 1933 delictum,
1800 1867 1918 1937 quia

344 1966 598 2036 principes
637 1964 782 2018 vestri
827 1964 878 2016 in
920 1979 997 2015 me
1033 1978 1086 2016 se
1125 1961 1292 2030 inique
1319 1967 1573 2030 gesserunt
1601 1957 1805 2026 (Jer.2.
1826 1959 1918 2027 5)?

419 2055 757 2126 Confessionis
778 2061 1100 2124 peccatorum
1124 2053 1337 2120 fructus.
1355 2079 1424 2089 —
1441 2049 1552 2103 Hoc
1573 2057 1749 2103 autem
1773 2048 1915 2115 facit,

345 2161 453 2200 non
483 2145 664 2200 volens
688 2145 981 2213 graviorem
1011 2144 1060 2195 in
1090 2155 1183 2196 eos
1203 2137 1425 2194 reddere
1453 2138 1790 2204 sententiam,
1819 2139 1914 2194 sed

351 2238 541 2291 volens
568 2251 632 2290 eo
661 2234 921 2290 adducere
944 2274 959 2299 ,
989 2242 1045 2286 ut
1073 2247 1164 2286 sua
1193 2239 1404 2301 peccata
1429 2230 1722 2294 sentirent,
1751 2245 1918 2298 eaque

341 2330 762 2391 conﬁterentur,
789 2333 842 2380 et
869 2334 991 2379 tunc
1019 2323 1096 2377 eis
1121 2322 1272 2376 daret
1296 2321 1500 2374 veniam
1518 2360 1532 2384 ,
1566 2328 1624 2373 ut
1651 2321 1726 2373 sic
1753 2318 1917 2373 bene-

345 2417 454 2472 ficii
485 2425 699 2472 nossent
719 2413 1152 2485 magnitudinem.
1181 2413 1244 2466 Et
1264 2411 1382 2466 ideo
1403 2411 1529 2465 dicit
1554 2429 1568 2465 :
1596 2410 1687 2463 Dic
1707 2419 1760 2463 tu
1781 2411 1920 2479 prior

345 2507 634 2576 iniquitates
659 2515 770 2559 tuas
789 2547 805 2572 ,
836 2520 939 2558 non
971 2514 1028 2557 ut
1054 2501 1452 2565 condemneris,
1481 2500 1574 2556 sed
1597 2542 1610 2565 ,
1643 2499 1707 2555 Ut
1722 2500 1917 2570 justi/i-

346 2601 480 2652 ceris
510 2599 527 2668 (
553 2597 678 2651 Isai.
707 2597 792 2652 45.
824 2597 892 2652 26
917 2597 957 2663 ).
995 2596 1066 2650 Ea
1096 2595 1163 2650 de
1189 2607 1346 2650 causa
1374 2608 1471 2648 nec
1500 2594 1611 2663 ipse
1637 2609 1727 2648 eas
1751 2591 1915 2658 dicit,

347 2692 444 2746 sed
477 2691 620 2744 illum
644 2690 711 2744 ad
746 2703 839 2743 eas
867 2688 1116 2743 dicendas
1152 2692 1443 2755 comparat.
1490 2682 1544 2740 Si
1589 2686 1727 2740 enim
1759 2685 1921 2741 vellet

347 2783 539 2852 punire
563 2823 579 2847 ,
620 2781 734 2851 ipse
761 2795 882 2834 eum
919 2786 1222 2834 accusasset
1248 2794 1263 2830 :
1292 2791 1430 2830 nunc
1457 2785 1636 2830 autem
1667 2775 1915 2846 quoniam

350 2873 467 2926 vult
496 2871 730 2926 misereri
757 2912 772 2934 ,
804 2870 940 2925 cedit
971 2867 1020 2924 ei
1049 2869 1136 2940 qui
1163 2869 1432 2938 peccavit,
1461 2873 1516 2920 ut
1559 2867 1670 2935 ipse
1704 2866 1836 2935 grati
1867 2874 1920 2920 et

351 2966 605 3021 memoris
626 2964 786 3019 animi
811 2978 1062 3018 coronam
1083 2961 1323 3030 accipiat,
1348 2969 1401 3016 et
1421 2975 1513 3030 per
1532 2959 1917 3015 confessionem

353 3056 768 3112 misericordiam
789 3053 1033 3108 attrahat.
1061 3052 1196 3119 Quid
1224 3059 1397 3122 potest
1421 3067 1539 3106 cum
1569 3051 1664 3106 hac
1689 3050 1917 3107 conferri

357 3145 678 3201 clementia?
707 3142 864 3198 Nihil.
894 3144 1007 3209 Dic,
1031 3142 1215 3212 inquit,
1239 3150 1292 3196 et
1313 3141 1439 3195 nihil
1461 3156 1639 3211 quaero
1658 3140 1916 3209 amplius;

363 3236 635 3298 confitere,
659 3243 712 3290 et
733 3233 858 3288 mihi
879 3233 1070 3288 sufficit
1090 3249 1104 3298 ;
1122 3232 1224 3296 dic,
1249 3239 1300 3286 et
1322 3245 1536 3300 prorsus
1551 3230 1807 3285 abstineo.
1840 3227 1922 3283 Nc

357 3323 513 3380 intres
537 3326 587 3378 in
603 3324 853 3394 judicium
878 3340 990 3377 cum
1013 3333 1152 3378 servo
1174 3332 1278 3376 tuo.
1309 3322 1452 3376 Mulli
1479 3329 1602 3375 sunt
1625 3321 1711 3390 qui
1741 3321 1790 3375 in
1818 3321 1920 3377 hoc

360 3433 421 3473 se
449 3426 590 3471 recte
612 3424 824 3486 gerunt,
848 3431 910 3470 ex
939 3430 1004 3471 eo
1029 3414 1168 3486 quod
1199 3414 1267 3469 sit
1290 3413 1427 3468 Deus
1447 3412 1790 3482 judicaturus.
1818 3413 1918 3479 Qui

356 3510 496 3564 enim
525 3507 610 3578 pio
633 3516 754 3562 sunt
779 3515 832 3562 et
857 3516 1002 3578 grato
1038 3507 1216 3560 animo
1235 3547 1250 3570 ,
1283 3506 1384 3559 hoc
1413 3514 1534 3559 ante
1564 3513 1758 3558 norunt
1785 3524 1798 3557 :
1829 3505 1917 3574 qui

355 3615 530 3661 secus,
559 3614 621 3653 ex
647 3614 712 3652 eo
740 3597 878 3667 quod
909 3596 1174 3666 prophettc
1199 3596 1380 3650 dicunt
1404 3595 1632 3660 assidue,
1659 3595 1690 3647 J
1699 3595 1918 3648 udicium

357 3690 572 3743 Domino
594 3689 660 3741 ad
680 3688 921 3758 papulum
937 3704 1101 3750 suum,
1124 3685 1169 3740 et
1187 3703 1300 3740 cum
1321 3684 1490 3740 Israel
1508 3685 1711 3739 disseret
1733 3683 1916 3757 (Illiclt.

355 3781 409 3836 6.
435 3779 509 3853 2)
541 3799 554 3834 :
581 3789 634 3835 et
675 3795 855 3834 rursus
880 3820 895 3845 ,
924 3778 1104 3831 Audite
1127 3817 1142 3844 ,
1173 3777 1324 3830 valles
1349 3785 1394 3828 et
1423 3775 1750 3845 fundamenta
1777 3784 1921 3830 terrae

355 3871 408 3942 (I
417 3873 542 3942 bid.)
569 3889 580 3925 :
604 3879 677 3938 et,
702 3872 850 3936 Audi,
878 3871 1075 3934 ccelum,
1093 3877 1139 3922 et
1161 3866 1362 3921 auribus
1385 3867 1597 3936 percipe,
1621 3878 1752 3920 terra
1769 3867 1919 3938 (Isai.

356 3965 408 4018 1.
437 3965 457 4018 l
485 3963 522 4032 ).
555 3959 632 4017 Ex
663 3977 726 4017 eo
751 3977 877 4031 ergo
896 3961 1036 4030 quod
1065 3959 1176 4026 ipse
1204 3956 1418 4011 assidue
1440 3955 1644 4010 dicatur
1663 3955 1918 4024 judicare,

356 4057 512 4110 etiam
540 4057 625 4124 qui
656 4053 809 4124 paulo
834 4053 1006 4107 minus
1034 4064 1221 4105 sensus
1247 4047 1510 4102 habebant
1534 4062 1592 4102 se
1619 4048 1668 4101 in
1691 4063 1754 4101 eo
1777 4057 1922 4104 recte

355 4147 624 4216 gerebant.
659 4145 864 4199 Etenim
891 4142 1136 4197 dicebant
1162 4138 1395 4195 nonnulli
1424 4137 1592 4193 Judaei
1623 4157 1637 4192 :
1667 4137 1833 4204 Quare
1848 4139 1922 4207 je-

347 4237 709 4308 junavimus,et
730 4251 828 4289 non
855 4233 1090 4303 aspexisti
1116 4229 1263 4301 (Isai.
1289 4230 1375 4285 58.
1399 4228 1495 4299 5)?
1520 4235 1594 4293 et,
1617 4227 1924 4297 Quicumque

355 4327 478 4397 facit
506 4327 718 4390 malum,
750 4327 930 4379 bonum
955 4340 1122 4378 coram
1151 4321 1365 4376 Domino
1389 4319 1409 4394 (
1432 4319 1654 4374 Malaclt.
1681 4320 1734 4375 2.
1769 4321 1834 4375 17
1856 4321 1911 4390 );

355 4427 410 4473 et
431 4458 447 4484 ,
480 4416 828 4486 Ediﬁcantur
855 4417 937 4486 qui
964 4416 1153 4486 faciunt
1178 4413 1368 4469 scelera
1389 4455 1405 4480 ,
1436 4423 1481 4467 et
1506 4412 1672 4467 beatos
1697 4412 1922 4468 ducimus

358 4510 546 4564 alienos
572 4508 747 4580 (Ibid.
781 4507 832 4562 5.
863 4507 927 4562 15
952 4506 1005 4579 );
1037 4517 1089 4562 et
1113 4548 1128 4573 ,
1162 4505 1282 4560 Non
1325 4514 1396 4559 est
1435 4513 1571 4559 recta
1607 4505 1686 4559 via
1719 4503 1922 4558 Domini

359 4601 378 4670 (
404 4601 586 4656 Ezech.
615 4601 703 4655 55.
738 4600 802 4654 17
821 4600 861 4668 ).
893 4599 1057 4653 Porro
1082 4599 1266 4654 beatus
1291 4611 1500 4667 quoque
1523 4595 1623 4650 Job
1645 4603 1920 4666 postquam
1943 4647 1954 4656 ,.

355 4691 408 4745 in
442 4692 582 4746 illam
629 4689 969 4744 tentationem
1007 4688 1228 4754 incidit,
1254 4702 1358 4742 non
1399 4701 1462 4742 eo
1491 4687 1668 4740 animo
1693 4727 1708 4751 ,
1739 4701 1837 4740 nec
1859 4701 1921 4741 ea

357 4781 490 4834 dixit
533 4795 650 4849 quae
678 4779 846 4834 Judaei
879 4797 893 4832 :
932 4777 1104 4841 absit;
1148 4777 1280 4832 dixit
1318 4786 1490 4831 tamen
1519 4793 1532 4830 :
1565 4775 1922 4830 Utinamesset

357 4871 670 4929 intercessor,
693 4869 740 4922 et
760 4869 842 4938 qui
869 4867 1160 4920 discerneret
1179 4878 1226 4921 et
1248 4877 1473 4937 argueret
1495 4869 1622 4920 inter
1638 4875 1916 4936 utrumque.

358 4961 559 5013 Avertat
583 4977 615 5012 a
635 4976 711 5012 me
733 4959 942 5026 virgam,
965 4967 1010 5010 et
1039 4962 1184 5012 timor
1203 4961 1307 5026 ejus
1329 4975 1390 5012 ne
1412 4977 1490 5014 me
1509 4959 1760 5012 conturbet
1779 4958 1916 5029 (Job.

359 5050 411 5106 9.
443 5051 528 5104 55.
557 5049 670 5118 54).
707 5048 771 5100 Et
799 5047 918 5100 ideo
945 5046 1068 5100 dicit
1091 5048 1137 5100 ei
1159 5088 1173 5108 ,
1203 5048 1529 5116 Interrogabo
1553 5065 1642 5118 ego
1667 5059 1732 5114 te,
1763 5057 1815 5100 tu
1841 5063 1921 5102 ve-

359 5158 416 5194 ro
441 5139 564 5192 mihi
592 5135 839 5204 responde
867 5133 1004 5204 (Job.
1032 5133 1118 5186 42.
1150 5135 1224 5205 4).
1256 5136 1448 5192 Deinde
1472 5138 1714 5206 quoniam
1742 5137 1922 5190 obstu-

357 5229 597 5302 pefactus
626 5225 833 5287 fuerat,
865 5231 917 5276 et
946 5221 1183 5287 dixerat,
1221 5222 1323 5278 Cur
1357 5241 1444 5294 ego
1483 5227 1650 5278 adhuc
1681 5225 1916 5294 judicor,

359 5325 480 5375 dum
509 5319 756 5387 corrigor,
785 5322 832 5367 et
859 5327 1016 5379 arguo
1044 5309 1311 5364 Dominum
1339 5314 1478 5377 (Job.
1501 5316 1591 5370 40.
1612 5315 1780 5386 4)¹ἶθι
1803 5330 1924 5369 rur-

357 5426 470 5473 sus,
494 5408 767 5462 Auditione
791 5401 990 5472 quidem
1008 5401 1143 5453 auris
1164 5409 1208 5453 te
1226 5403 1365 5468 prius
1385 5406 1549 5458 audivi
1567 5445 1580 5468 ,
1609 5420 1744 5458 nunc
1760 5413 1924 5458 autem

357 5503 508 5554 etiam
539 5495 672 5550 oculi
699 5493 794 5546 mei
820 5499 868 5542 te
896 5487 1122 5540 viderunt
1156 5487 1307 5555 (Job.
1343 5491 1430 5544 42.
1461 5492 1514 5545 5.
1544 5490 1618 5561 6)
1651 5509 1664 5546 :
1694 5494 1925 5560 quocirca

359 5592 605 5658 meipsum
629 5578 890 5651 vilipendi,
913 5585 958 5629 et
984 5576 1274 5645 liquefactus
1299 5593 1405 5630 sum
1426 5595 1444 5641 ,'
1464 5581 1738 5633 existimavi
1761 5591 1926 5636 autem

360 5695 606 5752 metpsum
644 5685 829 5730 terram
863 5677 910 5722 et
948 5665 1162 5719 cinerem
1187 5677 1207 5718 :
1227 5680 1411 5734 ponam
1447 5684 1644 5721 manum
1684 5685 1834 5737 super
1867 5689 1922 5726 os

1395 283 1754 376 uxrosmo
1791 316 1850 370 lN
1890 314 2211 376 ossuum:
2251 321 2451 377 exutt.

3481 325 3586 384 4Βο

2020 446 2182 483 malim
2207 431 2324 501 (Job
2371 433 2458 487 59.
2482 433 2573 503 51)
2601 452 2616 488 :
2641 434 2772 488 dixit
2796 437 2868 497 ei,
2901 436 3224 507 thuaquam
3246 439 3284 501 ¹,
3315 439 3402 494 sed
3431 457 3590 494 accus-

2019 537 2081 591 ge
2119 531 2373 591 tamquam
2404 524 2476 577 vir
2517 525 2706 579 lumbos
2730 534 2840 578 tuos
2878 527 2896 596 (
2925 525 3023 580 Job
3072 529 3158 582 58.
3191 530 3245 584 5.
3273 540 3317 582 et
3345 531 3435 584 40.
3461 530 3496 584 2
3530 531 3587 600 ),

2020 612 2398 679 propemodum
2442 629 2555 683 ejus
2599 616 2757 668 verba
2801 616 2851 669 in
2899 619 3204 671 memoriam
3250 620 3492 689 redigens
3533 629 3588 675 et

2021 698 2234 764 dicens,
2262 702 2517 768 Quoniam
2546 719 2748 758 mecum
2781 705 2987 758 voluisti
3009 706 3207 782 judicio
3232 711 3549 765 contendere
3568 751 3584 774 ,

2021 803 2144 844 ecce
2187 791 2372 846 adsum
2420 793 2826 862 disceptaturus.
2881 794 3066 848 Vidisti
3117 797 3204 850 Dei
3250 798 3584 852 clementiam

2023 879 2335 935 ineffabilem
2357 922 2372 946 ,
2400 883 2571 936 vidisti
2601 885 2889 940 bonitatem
2925 887 3217 941 infinitam?
3247 889 3307 942 Et
3337 890 3456 943 ideo
3480 899 3588 944 tres

2020 985 2227 1040 quoque
2251 973 2394 1040 pueri
2423 973 2681 1038 dicebant,
2704 974 3042 1041 Peccavimus,
3074 978 3238 1047 inique
3265 983 3471 1049 egimus,
3498 997 3588 1033 nos

2021 1059 2205 1128 injuste
2231 1062 2469 1131 gessimus
2495 1062 2513 1128 (
2541 1061 2671 1115 Dan.
2699 1063 2752 1118 5.
2781 1065 2851 1118 29
2873 1063 2913 1134 ).
2959 1065 3216 1132 Quoniam
3259 1069 3396 1120 enim
3439 1069 3585 1122 multi

2022 1147 2260 1204 homines
2289 1165 2479 1206 sensus
2518 1152 2672 1220 plane
2699 1162 2942 1221 expertes
2979 1164 3189 1222 peccata
3218 1171 3308 1208 sua
3341 1157 3390 1208 in
3422 1157 3585 1212 Deum

2021 1237 2336 1306 conferunt,
2384 1237 2483 1294 hoc
2526 1251 2834 1309 procurante
2871 1249 2927 1296 et
2967 1244 3297 1299 machinante
3335 1241 3584 1311 diabolo,

2023 1327 2158 1381 hanc
2183 1331 2614 1384 consuetudinem
2641 1329 2780 1384 DCUs
2801 1333 3032 1386 cvellens
3055 1334 3320 1398 radicitus,
3346 1337 3589 1406 frequen-

2023 1425 2104 1474 ter
2132 1417 2258 1474 dicit
2285 1435 2343 1475 se
2372 1436 2490 1474 cum
2520 1422 2596 1475 eis
2621 1422 2818 1489 judicio
2841 1424 3180 1478 centendere.

2095 1512 2148 1565 5.
2181 1507 2308 1566 Tale
2342 1511 2466 1580 quid
2493 1513 2649 1566 etiam
2685 1515 2919 1582 peccavit
2955 1515 3000 1568 is
3032 1517 3116 1584 qui
3148 1516 3348 1585 primus
3377 1529 3586 1574 creatus

2023 1608 2105 1656 est
2130 1601 2318 1666 Adam,
2347 1609 2403 1655 et
2441 1601 2560 1656 ideo
2599 1602 2844 1656 dicebat:
2878 1603 3081 1666 Mulier,
3109 1622 3256 1674 quant
3282 1607 3462 1661 dedisti
3485 1627 3587 1662 mes

2023 1703 2155 1757 cum,
2185 1707 2244 1745 ea
2272 1692 2393 1744 milii
2416 1691 2570 1756 dedit,
2598 1702 2642 1744 et
2667 1691 2856 1744 comedi
2883 1693 3030 1762 (Gen.
3060 1689 3228 1766 δη).
3257 1693 3424 1750 Judmi
3451 1709 3584 1766 quo-

2023 1796 2124 1850 que
2145 1780 2308 1834 multa
2333 1781 2588 1846 ejusmodi
2613 1783 2916 1850 peccabant.
2951 1782 3081 1849 Quia
3110 1797 3208 1837 nan
3239 1786 3590 1853 justi/icabitur

2023 1871 2074 1924 in
2102 1881 2363 1942 conspectu
2389 1881 2473 1924 tuo
2500 1873 2660 1925 omnis
2689 1873 2870 1925 vivens.
2915 1873 3049 1940 Quid
3091 1874 3157 1928 de
3202 1890 3287 1929 tne
3325 1876 3476 1940 dico,
3520 1877 3588 1932 de

2024 1965 2125 2018 hoc
2153 1973 2204 2017 et
2231 1962 2297 2018 de
2328 1963 2453 2016 illo?
2482 1963 2667 2032 inquit.
2711 1963 2822 2018 Non
2869 1974 2950 2018 est
2989 1965 3148 2019 homo
3183 1981 3340 2034 super
3367 1977 3581 2032 terram,

2023 2052 2108 2122 qui
2129 2093 2146 2118 ,
2178 2053 2220 2106 si
2249 2053 2315 2107 de
2337 2052 2615 2121 iisjudicio
2636 2053 2917 2107 contendat
2947 2069 3062 2123 quae
3093 2054 3164 2107 illi
3192 2070 3220 2108 a
3249 2063 3299 2108 te
3327 2044 3585 2125 praecepta

2023 2153 2164 2207 sunt,
2191 2145 2356 2214 possit
2377 2144 2654 2213 justiﬁcari
2684 2162 2697 2198 :
2728 2145 2797 2198 ita
2823 2153 2903 2199 est
2933 2144 3069 2214 apud
3097 2153 3147 2200 te
3174 2146 3475 2212 plenissima
3502 2149 3582 2200 vi-

2024 2235 2211 2288 ctoria.
2243 2235 2294 2289 5.
2327 2233 2457 2300 Quia
2483 2245 2763 2302 persecutus
2801 2245 2870 2287 est
2907 2236 3136 2288 inimicus
3160 2237 3379 2290 animam
3406 2253 3585 2290 meam.

2025 2323 2202 2379 Potest
2227 2323 2437 2392 quidem
2469 2322 2570 2378 hoc
2599 2323 2816 2393 intelligi
2842 2332 2895 2377 et
2917 2324 2982 2378 de
3007 2324 3188 2391 Saule,
3217 2326 3304 2394 qui
3330 2333 3444 2380 erat
3465 2336 3590 2381 tunc

2025 2414 2288 2480 inimicus,
2310 2425 2363 2469 et
2384 2428 2504 2469 eum
2527 2414 2955 2483 persequebatur.
2984 2413 3164 2469 Potest
3187 2417 3344 2470 etiam
3373 2416 3472 2470 dlci
3498 2433 3590 2484 per

2025 2518 2291 2573 anagogen
2341 2503 2584 2558 inimicus
2630 2503 2869 2558 diabolus
2903 2523 2917 2558 :
2948 2505 3037 2558 ille
3080 2509 3221 2560 enlm
3269 2521 3372 2560 non
3417 2515 3590 2560 cessat

2024 2609 2117 2650 eos
2145 2595 2232 2664 qui
2261 2594 2349 2649 Dei
2374 2603 2495 2647 sunt
2522 2595 2781 2664 persequi.
2807 2595 3080 2664 Quomodo
3101 2610 3226 2666 ergo
3247 2596 3588 2652 liberabitnur

2024 2684 2092 2740 ab
2137 2685 2250 2754 ejus
2299 2685 2734 2754 persequutione?
2776 2685 2830 2738 Si
2877 2686 3050 2739 locutu
3099 2686 3490 2752 invenerimus,
3537 2688 3589 2741 in

2025 2792 2181 2846 quem
2207 2792 2310 2830 non
2341 2779 2504 2845 possit
2532 2776 2753 2848 ingredi.
2787 2776 2855 2831 Et
2888 2777 3128 2846 quisnam
3161 2786 3243 2832 est
3278 2777 3363 2831 hic
3400 2779 3586 2832 locus?

2025 2869 2152 2937 Quis
2172 2869 2304 2923 alius
2319 2869 2416 2922 nisi
2439 2869 2658 2924 caelum?
2679 2869 2950 2937 Quomodo
2978 2879 3152 2924 autem
3183 2886 3322 2924 nunc
3345 2881 3514 2940 p0test
3533 2873 3586 2925 in

2025 2959 2208 3012 cazlum
2222 2959 2466 3014 ascendi?
2482 2960 2614 3014 Audi
2629 2959 2842 3013 Paulum
2856 2959 3116 3014 dicentem
3130 2970 3183 3014 et
3198 2961 3583 3024 ostendentcm,

2027 3065 2123 3105 nos
2141 3051 2298 3106 etiam
2319 3066 2476 3106 carne
2498 3052 2786 3120 implicatos
2807 3066 2959 3120 posse
2981 3052 3084 3106 illic
3097 3053 3295 3107 versari
3316 3071 3328 3105 :
3350 3053 3588 3120 Quaesur-

2024 3157 2134 3195 sum
2161 3150 2274 3194 sunt
2313 3144 2538 3211 cogitate,
2566 3139 2649 3193 ubi
2669 3140 2892 3196 Christus
2915 3150 2984 3194 est
3012 3143 3064 3195 in
3083 3141 3284 3196 dextera
3304 3143 3394 3196 Dei
3413 3144 3590 3198 sedens

2027 3230 2158 3301 (Col.
2185 3230 2235 3286 5.
2272 3229 2347 3301 1).
2375 3231 2439 3285 Et
2461 3245 2641 3285 rursus
2669 3249 2684 3286 :
2714 3230 2902 3284 Nostra
2924 3241 3086 3286 autem
3111 3235 3415 3288 conversatio
3441 3244 3512 3288 est
3537 3237 3590 3288 in

2025 3323 2179 3377 caelis.
2209 3321 2502 3376 Humiliavit
2531 3323 2582 3375 in
2606 3333 2736 3376 terra
2759 3323 2908 3376 vitam
2929 3341 3086 3377 aream
3115 3323 3366 3396 (Philipp.
3395 3327 3447 3382 5.
3467 3326 3582 3398 20).

2098 3413 2372 3468 Humilitas
2396 3414 2674 3483 multiplex.
2700 3443 2771 3454 —-
2791 3413 2952 3467 Multa
2979 3414 3238 3483 significat
3267 3432 3457 3470 nomen
3488 3417 3556 3470 ltu
3575 3446 3588 3455 -

2027 3506 2280 3560 militatis.
2331 3505 2427 3559 Est
2451 3494 2601 3559 enim
2629 3515 2682 3560 et
2707 3505 2912 3560 virtutis
2950 3505 3238 3572 humilitas,
3279 3514 3336 3560 ut
3375 3508 3586 3576 quando

2027 3601 2152 3655 dicit
2179 3619 2191 3653 :
2224 3600 2323 3654 Cor
2359 3602 2622 3653 contritum
2646 3608 2691 3652 et
2716 3599 3032 3652 Immiliatum
3066 3597 3202 3652 Deus
3230 3615 3330 3652 non
3354 3599 3588 3669 despiciet

2029 3691 2197 3760 (Psal.
2231 3692 2318 3747 50.
2346 3691 2454 3760 19).
2483 3690 2576 3745 Est
2591 3699 2643 3745 et
2663 3689 2930 3744 humilitas
2958 3704 3072 3758 qua:
3099 3688 3333 3758 procedit
3359 3704 3424 3744 ex
3450 3690 3588 3744 eala‘

2026 3781 2332 3836 mitatibus:
2363 3790 2522 3835 estet
2550 3796 2668 3848 qua:
2705 3779 3056 3848 proliciscitur
3095 3795 3158 3832 ex
3203 3780 3450 3847 peccatis.
3496 3779 3591 3834 llic

2027 3881 2202 3925 autem
2245 3885 2361 3926 eam
2397 3869 2675 3940 significat,
2714 3885 2830 3938 qum
2871 3869 3039 3924 oritttr
3075 3885 3143 3921 ex
3183 3869 3586 3923 calatniuttibus.

2028 3963 2283 4028 Quocirca
2308 3961 2573 4029 subjungit
2597 3960 2698 4013 hoc
2719 3961 3002 4014 ostendens
3026 3977 3038 4012 :
3066 3959 3361 4013 Humiliavit
3384 3963 3436 4014 in
3459 3971 3590 4014 terra

2028 4058 2176 4110 vitam
2203 4071 2382 4108 mcam.
2427 4055 2521 4107 Est
2566 4051 2722 4106 etiam
2766 4051 3050 4115 humilitas,
3093 4067 3210 4120 qua:
3253 4053 3487 4121 procedit
3523 4068 3588 4106 ex

2029 4145 2292 4215 superbia,
2316 4152 2373 4198 ut
2399 4142 2608 4213 quando
2629 4142 2755 4196 dicit
2779 4161 2792 4196 :
2823 4143 2920 4208 Qui
2947 4159 2998 4196 se
3017 4144 3223 4208 exattat,
3249 4143 3591 4196 Itumiliabitur

2031 4237 2176 4308 (Luc.
2212 4237 2297 4292 18.
2326 4235 2434 4306 14).
2469 4235 2565 4290 Est
2588 4235 2744 4289 etiam
2775 4234 2874 4288 alia
2901 4234 3197 4300 humilitas,
3223 4250 3341 4304 qum
3375 4236 3586 4303 proﬁci-

2030 4330 2194 4384 scitur
2227 4329 2294 4383 ab
2337 4327 2618 4382 insatiabili
2646 4325 2951 4395 cupiditate.
2999 4324 3132 4393 Quid
3162 4335 3243 4379 est
3271 4323 3410 4379 enim
3440 4325 3588 4394 abje-

2030 4420 2163 4476 ctius
2187 4427 2238 4475 et
2264 4418 2511 4472 humilius
2530 4417 2614 4482 iis,
2638 4417 2724 4486 qui
2746 4417 2950 4485 seipsos
2979 4414 3242 4471 infodiunt
3267 4415 3319 4469 in
3345 4415 3552 4468 divitias
3569 4457 3585 4482 ,

2029 4513 2319 4582 potentiam
2345 4519 2398 4565 et
2421 4509 2672 4581 gloriam?
2701 4509 2737 4562 li
2767 4510 2906 4563 enim
2933 4515 3056 4562 sunt
3074 4507 3275 4562 duabus
3300 4507 3590 4562 rationibus

2031 4603 2290 4669 humiles,
2328 4611 2382 4657 et
2426 4601 2563 4672 quod
2610 4600 2751 4654 humi
2800 4609 3013 4670 serpant
3051 4607 3105 4654 et
3147 4599 3286 4670 quod
3311 4614 3371 4654 ea
3400 4615 3589 4668 magna

2031 4696 2362 4758 existiment,
2407 4691 2846 4762 quemadmodum
2897 4690 3041 4760 pueri
3103 4690 3273 4760 pilas,
3321 4691 3486 4754 talos,
3537 4699 3592 4745 et

2031 4787 2328 4857 hujusmodi
2368 4785 2566 4839 ludicra
2603 4783 2776 4854 magni
2815 4783 3024 4837 faciunt.
3063 4783 3131 4835 At
3155 4780 3256 4836 hoc
3280 4797 3382 4836 non
3412 4791 3490 4836 est
3516 4783 3590 4835 si-

2031 4895 2190 4950 gnum
2236 4876 2376 4948 quod
2418 4891 2479 4931 ea
2521 4890 2706 4945 magna
2749 4875 2890 4939 sint,
2937 4873 3030 4929 sed
3081 4872 3220 4942 quod
3265 4873 3353 4944 qui
3393 4889 3453 4927 ea
3499 4873 3594 4926 ad-

2033 4972 2324 5032 mirantur,
2375 4975 2602 5020 mentem
2656 4965 2880 5018 habeaut
2932 4965 3284 5033 imperfectam
3322 4973 3375 5017 et
3414 4963 3589 5016 humi-
3633 4979 3635 4982 ‘

2033 5061 2157 5116 lem.
2205 5057 2309 5113 Sed
2355 5056 2458 5112 hoc
2508 5055 2720 5125 quidem
2765 5064 2846 5109 est
2885 5056 3054 5108 aetatis
3097 5063 3152 5109 et
3195 5063 3393 5106 natura:
3444 5051 3591 5105 defe-

2031 5163 2168 5213 ctus,
2209 5149 2334 5204 illud
2365 5163 2490 5201 vero
2531 5155 2612 5199 est
2645 5146 2794 5214 culpa
2833 5145 3136 5199 voluntatis.
3165 5142 3294 5196 Cum
3343 5141 3480 5194 enim
3525 5142 3594 5194 sit

2031 5241 2132 5306 vir,
2161 5255 2223 5294 ac
2250 5249 2468 5292 matura:
2495 5235 2687 5299 artatis,
2715 5249 2944 5298 mensas,
2967 5235 3164 5294 luxum,
3190 5241 3239 5285 et
3267 5230 3478 5283 delicias
3508 5245 3594 5283 res

2033 5337 2181 5400 putat
2209 5343 2326 5382 esse
2355 5341 2572 5396 magnas
2595 5345 2608 5381 :
2637 5340 2742 5395 quo
2771 5326 2894 5394 quid
2919 5339 3037 5378 esse
3060 5329 3232 5390 potest
3257 5319 3514 5386 abjectins
3540 5327 3596 5374 et

2036 5416 2322 5474 humilius?
2374 5417 2533 5486 Atqui
2584 5416 2735 5469 multi
2782 5427 2874 5468 eos
2917 5426 3038 5467 esse
3083 5409 3257 5478 magni
3305 5417 3358 5462 et
3400 5407 3592 5463 excelsi

2103 5605 2116 5636 ¹
2147 5599 2299 5656 Illud.
2325 5602 2640 5664 Nequaquam
2671 5594 2794 5658 (Μή)
2817 5629 2830 5653 ,
2872 5603 2974 5642 non
3010 5585 3196 5651 legitur
3227 5587 3276 5635 in
3325 5583 3455 5633 libro
3491 5581 3602 5646 Job,

2040 5677 2136 5716 nec
2156 5663 2365 5713 habetur
2397 5661 2447 5710 in
2471 5661 2693 5710 Heln-ao.
