4076 6222
357 265 479 324 ιδδ

353 390 553 435 autem
595 394 624 433 a
649 377 840 434 fuittris
868 394 883 431 :
915 376 1013 444 Qui
1038 389 1208 444 paruus
1230 370 1420 426 dabunt
1443 408 1460 431 ,
1487 381 1726 423 aeternum
1752 362 1960 418 exiliunt

350 488 387 523 a
399 471 548 540 {acie
570 469 796 536 Domini,
817 479 862 523 et
879 485 910 521 a
924 467 1084 538 gloria
1098 465 1292 519 uirtutis
1307 465 1414 534 ejus
1439 461 1512 532 (a)
1531 460 1607 530 (2.
1622 458 1800 512 Thess.
1822 458 1842 510 l
1859 455 1962 522 .9).

351 557 428 614 Et
463 575 662 616 rursus
703 559 984 614 :Pervenit
1027 567 1194 610 autem
1235 555 1286 608 in
1326 569 1410 608 eos
1455 552 1534 604 ira
1567 550 1621 603 in
1671 550 1823 617 finem
1868 545 1960 616 (1.

350 648 552 704 Thess.
573 649 627 703 2.
652 648 764 720 16).
785 648 906 702 Dies
921 649 1052 702 enim
1071 645 1330 708 indicabit,
1359 641 1494 711 quod
1506 641 1559 694 in
1581 640 1697 712 igne
1719 635 1967 692 reveletur

350 744 436 812 (Ι.
471 742 602 797 Cor.
647 743 701 797 5.
749 742 862 810 15).
892 741 958 794 Et
988 751 1169 792 rursus
1210 753 1224 787 :
1258 733 1533 802 Propterea
1567 732 1702 784 enim
1727 728 1858 782 venit
1887 727 1966 778 ira

351 834 458 889 Dei
485 835 547 888 in
582 835 714 901 ﬁlios
740 831 1090 887 inobedientitc
1117 828 1329 902 (Epltes.
1359 826 1411 880 5.
1446 825 1524 893 6).
1568 821 1674 878 Sed
1703 821 1817 876 haec
1844 819 1965 892 qui-

340 927 502 990 dem,
540 925 765 997 quando
793 932 1004 995 oportet
1033 922 1299 990 corrigere
1337 938 1350 972 :
1379 916 1594 988 quando
1623 925 1801 970 autem
1832 929 1975 970 cono.

338 1017 549 1080 solari,
587 1016 654 1069 ab
690 1015 932 1082 utrisque
960 1013 1267 1068 consolatur
1298 1027 1314 1063 :
1345 1024 1374 1062 a
1420 1007 1701 1077 praeteritis
1739 1006 1959 1076 quidem

237 1170 246 1178 ,
344 1109 581 1171 dicens,
613 1105 915 1159 Benedictus
959 1101 1098 1156 Deus
1134 1109 1188 1155 et
1223 1099 1380 1154 Pater
1409 1097 1612 1152 Domini
1635 1097 1798 1150 nostri
1838 1095 1964 1150 Jesu

353 1199 566 1252 Christi
584 1239 597 1262 ,
629 1197 772 1250 Deus
796 1193 1276 1254 misericordiarum,
1305 1201 1350 1244 et
1377 1199 1519 1258 pater
1543 1188 1706 1242 onmis
1731 1187 1964 1240 consola-

350 1291 543 1354 tionis,
565 1289 651 1359 qui
677 1287 970 1342 consolatur
991 1300 1084 1338 nos
1110 1283 1164 1336 in
1193 1281 1329 1335 omni
1356 1280 1638 1351 afﬂictione,
1669 1294 1758 1347 per
1780 1293 1963 1330 conso-

351 1378 610 1435 lationem
629 1395 780 1442 quam
795 1394 826 1430 a
845 1375 955 1430 Deo
970 1373 1321 1444 accipimus(2.
1342 1371 1460 1426 Cor.
1481 1372 1533 1426 1.
1551 1372 1604 1425 5.
1618 1370 1675 1439 4)
1693 1385 1706 1422 :
1721 1383 1751 1422 a
1773 1367 1962 1422 futuris

349 1481 570 1535 autem,
600 1469 721 1524 Non
747 1478 865 1522 sunt
891 1467 1154 1538 condigna:
1179 1465 1433 1534 passiones
1457 1463 1610 1532 hujus
1634 1461 1871 1531 temporis
1889 1461 1964 1513 ad

352 1570 597 1638 futuram
613 1563 827 1635 gloriam
843 1576 955 1632 qua:
975 1569 1046 1614 est
1070 1557 1334 1613 revelanda
1351 1555 1401 1609 in
1419 1556 1560 1610 nobis
1580 1553 1754 1624 (Rom.
1773 1551 1961 1625 8.18).

350 1657 629 1724 Quocirca
645 1655 728 1710 hic
737 1668 948 1725 quoque
962 1648 1314 1713 dicit,Memor
1328 1647 1406 1716 fui
1410 1647 1607 1700 dierum
1619 1645 1956 1714 antiquorum,

351 1749 637 1803 meditatus
661 1760 772 1802 sum
793 1747 847 1798 in
879 1743 1108 1798 omnibus
1139 1739 1373 1810 operibus
1397 1738 1516 1792 luis.
1542 1737 1657 1792 Non
1684 1736 1818 1791 dixit
1844 1745 1959 1790 tau-

353 1851 499 1906 tum,
525 1837 727 1892 Memor
749 1838 842 1906 fui,
867 1835 982 1899 sed,
1008 1832 1285 1886 Meditatus
1300 1846 1412 1884 sum
1437 1844 1456 1882 :
1478 1827 1581 1883 hoc
1601 1836 1700 1893 est,
1717 1827 1957 1898 Magnam

347 1945 587 2000 operam
613 1938 668 1984 et
694 1926 1018 1998 diligentiam
1043 1921 1258 1978 adhibui
1299 1921 1352 1975 in
1395 1919 1462 1975 iis
1485 1918 1622 1988 apud
1660 1933 1747 1973 mc
1782 1919 1958 1974 revol-

353 2022 560 2080 vendis
603 2035 724 2091 quae
769 2016 1000 2088 antiquis
1047 2020 1360 2070 evenerunt.
1419 2012 1498 2067 Ex
1558 2011 1954 2080 Scripturarum

350 2113 507 2169 enim
541 2110 844 2182 cegnitione
862 2109 1014 2163 adest
1035 2105 1191 2161 nobis
1219 2119 1407 2174 magna
1435 2102 1735 2158 consolatio
1755 2111 1810 2156 et
1835 2101 1958 2172 phi-

353 2205 636 2276 Ῑοεονιιὶει.
663 2204 732 2259 Et
759 2203 878 2258 ideo
902 2201 1046 2257 dixit
1073 2199 1266 2255 Paulus
1292 2215 1306 2252 :
1331 2197 1432 2250 Per
1460 2196 1756 2267 patientiam
1774 2205 1822 2250 et
1835 2212 1959 2250 con-

353 2298 666 2351 solutionem
709 2295 1091 2365 Scripturarum
1125 2307 1262 2362 spem
1284 2288 1520 2342 habemus
1544 2286 1720 2354 (Rom.
1761 2287 1849 2343 15.
1877 2287 1955 2358 4).

358 2387 431 2442 Et
457 2401 652 2442 rursus
683 2403 697 2439 :
731 2384 909 2439 Omnis
927 2382 1200 2452 Scriptura
1225 2379 1463 2433 diuinitus
1484 2378 1728 2447 inspirata
1751 2387 1824 2430 est
1859 2379 1960 2431 uti-

355 2481 423 2533 lis
467 2479 542 2532 ad
573 2479 874 2544 doctrinam,
899 2475 968 2529 ad
994 2471 1452 2544 reprehensionem,
1500 2469 1568 2522 ad
1588 2468 1956 2524 correctionem

357 2571 438 2640 (2.
469 2569 610 2624 Tim.
634 2570 688 2624 5.
717 2569 832 2638 16).

433 2664 493 2718 5.
525 2660 659 2716 llinc
684 2674 812 2730 ergo
848 2657 937 2713 hic
964 2655 1170 2726 accepit
1193 2653 1633 2719 consolationem,
1663 2665 1786 2706 cum
1815 2660 1958 2707 esset

358 2753 418 2809 in
439 2761 587 2809 tanta
612 2751 897 2806 afﬂictione
915 2759 970 2805 et
997 2747 1413 2819 perturbatione,
1440 2744 1581 2816 quod
1608 2752 1789 2799 vetera
1817 2742 1956 2812 apud

359 2859 424 2900 se
453 2843 774 2907 revolveret,
811 2850 866 2896 et
891 2855 1052 2910 qutea
1073 2839 1182 2894 Deo
1206 2837 1352 2893 varie
1378 2845 1505 2892 sunt
1525 2843 1674 2906 gesta
1696 2843 1751 2889 et
1776 2834 1952 2889 admi-

361 2937 610 3002 nistrata,
657 2937 710 2990 in
744 2933 1055 2990 memoriam
1095 2940 1390 2987 revocaret.
1424 2929 1560 2984 Dicit
1593 2929 1769 2998 itaque
1795 2928 1954 2993 alius,

364 3031 433 3085 Et
465 3029 734 3084 meditatus
760 3045 870 3083 sunt
908 3044 1080 3083 omnes
1122 3026 1342 3082 actiones
1391 3034 1504 3079 tuas
1549 3023 1650 3093 (b).
1695 3023 1765 3078 In
1807 3025 1958 3094 factis

362 3140 612 3178 manuum
659 3131 860 3175 tuarum
909 3120 1206 3174 meditabar.
1267 3119 1420 3172 Alius
1443 3159 1457 3182 ,
1505 3117 1675 3187 Opera
1718 3133 1957 3172 manuum

365 3224 574 3266 tuarum
612 3209 911 3265 meditabar.
950 3209 1052 3264 Per
1075 3208 1178 3264 hoc
1203 3207 1436 3262 ostendit
1454 3221 1535 3273 se,
1567 3205 1691 3261 dum
1733 3207 1846 3261 haec
1876 3206 1958 3261 fa-

368 3311 544 3367 ceret,
557 3315 801 3372 magnam
817 3301 1053 3370 accipere
1070 3298 1510 3365 consolationem,
1532 3306 1589 3353 et
1601 3298 1710 3352 Deo
1729 3297 1960 3353 evadere

367 3392 789 3447 iamiliariorem.
833 3391 900 3446 Et
954 3391 1075 3447 ideo
1101 3391 1206 3446 hoc
1243 3389 1531 3445 ostendens
1573 3389 1866 3458 suhjnnxit,
1895 3390 1952 3446 6.

365 3482 616 3554 Expandi
658 3499 839 3538 manus
866 3500 1004 3539 meas
1042 3486 1114 3536 ad
1139 3492 1204 3536 te.
1231 3481 1344 3536 Non
1383 3482 1534 3542 dixit.
1567 3481 1811 3550 Extendi,
1838 3482 1955 3550 sed,

365 3575 630 3645 Expandi,
655 3573 944 3629 ostendens
971 3587 1213 3642 magnam
1229 3571 1408 3626 cordis
1429 3570 1784 3635 affectionem,
1807 3571 1949 3641 quod

365 3666 752 3738 propemodum
781 3683 813 3721 e
834 3681 1058 3737 corpore
1087 3673 1336 3735 properat
1361 3664 1596 3729 exsilire,
1621 3673 1675 3718 ct
1695 3663 1760 3718 ad
1784 3664 1956 3734 ipsum

367 3775 664 3815 recurrere.
715 3761 756 3812 A
801 3759 1060 3812 memoria
1113 3757 1271 3826 igitur
1314 3772 1494 3811 rerum
1548 3756 1956 3822 praeclarissime

367 3858 638 3920 gestarum
667 3849 828 3903 veluti
851 3847 1032 3903 divino
1057 3846 1285 3916 quodam
1323 3845 1502 3900 furore
1527 3844 1739 3900 afﬂatus
1767 3886 1783 3912 ,
1831 3863 1952 3902 cum

365 3952 426 3998 et
443 3955 654 3998 omnem
680 3940 1064 4012 benignitatem
1091 3948 1446 4007 reputassem,
1475 3945 1530 3992 et
1549 3953 1614 3992 ex
1640 3939 1958 3993 calamitati—

367 4033 471 4090 bus
512 4031 802 4103 perfectam
843 4031 1200 4100 discipliuam,
1231 4037 1286 4083 et
1309 4043 1431 4100 quae
1467 4043 1498 4083 a
1530 4028 1686 4083 malis
1736 4031 1960 4099 ereptio-

368 4141 496 4182 uem
537 4134 760 4195 sequuta
797 4132 882 4180 est
920 4123 1244 4187 libertatem,
1288 4121 1354 4176 ad
1406 4129 1458 4176 te
1492 4135 1678 4176 rursus
1723 4121 1957 4192 confugi.

370 4216 557 4271 Anima
581 4232 692 4270 mea
714 4217 844 4270 sicut
872 4225 1006 4268 terra
1045 4213 1156 4267 sine
1179 4229 1312 4275 aqua
1335 4211 1444 4266 tibi.
1477 4211 1646 4277 Alius,
1678 4211 1959 4282 Tamquam

371 4295 507 4361 terra
531 4307 704 4362 sitiens
727 4305 797 4360 ad
819 4315 868 4360 te
884 4321 1080 4376 semmr
1097 4302 1169 4376 (ε)
1190 4320 1203 4356 :
1222 4303 1322 4358 hoc
1349 4311 1431 4357 est
1448 4303 1614 4369 enim,
1639 4301 1956 4372 Diapsalma.

372 4400 432 4455 In
460 4399 640 4468 rebus,
666 4399 856 4470 inquit,
885 4399 1124 4454 adversis
1148 4406 1202 4454 et
1230 4395 1480 4452 secundis
1505 4404 1560 4452 et
1581 4395 1632 4450 in
1655 4394 1800 4450 omni
1820 4402 1959 4450 tem-

371 4507 562 4563 porum
588 4494 844 4548 varietate
863 4491 1070 4548 ostendi
1085 4507 1299 4561 semper
1321 4490 1526 4560 tequale
1546 4489 1800 4545 studium.
1821 4488 1960 4556 Quid

373 4593 454 4640 est
479 4595 678 4650 autem,
714 4584 859 4639 Sicut
888 4593 1024 4638 terra
1059 4584 1167 4638 sine
1199 4599 1332 4653 aqua
1368 4581 1503 4635 tibi?
1541 4580 1690 4636 Sicut
1719 4590 1857 4637 terra
1885 4581 1961 4636 si-

375 4677 518 4732 tiens
558 4675 790 4746 pluviam
833 4674 1121 4741 desiderat,
1167 4675 1236 4729 ita
1281 4688 1380 4744 ego
1428 4688 1550 4728 esse
1607 4671 1700 4726 tibi
1747 4671 1962 4728 assidue

375 4767 725 4837 pr0pinquus.
748 4764 861 4821 Hoc
883 4776 1059 4820 autem
1080 4764 1406 4821 desiderium
1434 4764 1603 4834 magis
1624 4764 1772 4818 auxit
1795 4762 1963 4819 moles

377 4857 752 4920 aﬂlietionum,
773 4863 830 4910 et
855 4856 976 4910 ideo
999 4856 1138 4912 Deus
1163 4872 1257 4912 eas
1286 4855 1527 4926 permisit
1548 4869 1814 4922 crescere,
1847 4870 1963 4910 ma-

375 4961 537 5017 gnam
559 4960 710 5000 suam
737 4945 1022 5000 ostendens
1047 4945 1454 5017 providentiam.
1486 4944 1601 5000 Non
1623 4946 1796 5001 solum
1819 4946 1963 5000 enim

377 5039 507 5095 fecit
552 5045 850 5104 creaturas,
890 5037 984 5093 sed
1026 5038 1184 5094 etiam
1223 5037 1481 5094 factarum
1520 5053 1704 5092 curam
1729 5039 1884 5110 gerit,
1911 5047 1968 5094 ct

445 5199 518 5262 (a)
541 5206 653 5262 nec
673 5194 846 5262 verba,
871 5207 903 5244 a
917 5193 1292 5262 faciepomini,
1315 5199 1362 5244 et
1393 5207 1426 5245 a
1443 5193 1604 5259 gloria
1633 5193 1822 5245 uirtutis
1840 5192 1966 5256 ejus,

379 5255 650 5314 ouiit'teuda
674 5268 791 5308 esse
812 5255 952 5305 duxit
971 5256 1188 5305 Savilius.

444 5324 518 5387 (b)
554 5329 665 5372 Haec
686 5319 1130 5387 twerpretatiqest
1147 5318 1286 5387 juxta
1308 5317 1548 5387 Aquilam;
1571 5329 1789 5382 sequens
1804 5323 1972 5369 autem

382 5377 462 5439 est
479 5377 620 5448 juxta
642 5377 1218 5448 Symmacnttm._Vide;irt_
1238 5377 1483 5448 Hexaplis.

445 5438 516 5512 (ἑ)
548 5438 689 5495 μεθ’
705 5440 1047 5512 interpretatio
1089 5443 1168 5512 est
1201 5438 1341 5500 juxta
1377 5438 1721 5512 Symmachum.
1738 5438 1938 5512 7_Vocem
1953 5475 1972 5502 ,

382 5489 527 5574 τὸδ’,
549 5489 660 5572 ’ζιζῐῖ
676 5489 726 5564 u
755 5489 1092 5579 ιξξιὲμεεηιρςνν
1115 5489 1426 5579 interpretari
1466 5508 1594 5558 εο¹θί
1631 5508 1823 5579 λα¹¹ί¹έ¹³
1845 5489 1975 5579 ii”;

383 5569 587 5631 inachus
608 5569 751 5630 vero,
765 5577 874 5620 LXX
901 5574 955 5618 et.
973 5569 1489 5632 ‘rbeodotioismps,
1503 5583 1614 5632 quae
1630 5569 1724 5620 vox
1739 5569 1977 5632 signiﬁcat.

387 5630 603 5702 pausam,
627 5641 716 5687 aut.
737 5632 1064 5702 cessationem
1101 5630 1580 5702 quamdam'brevem
1603 5633 1733 5702 inter
1756 5630 1970 5694 psallen-

387 5689 602 5770 dumﬁé
625 5704 775 5751 recte
797 5694 1078 5756 imprimere
1101 5689 1610 5754 iiut/atur'ﬂebrairam
1631 5689 1966 5746 illam'voccm.

1480 246 1839 311 EXPOSlTIO
1876 243 1940 302 ΙΝ
1981 244 2304 302 uss-tamn
2341 244 2546 303 CXLII.

3560 248 3661 304 αιῖὶἑ

2078 357 2374 421 hominum,
2419 368 2475 413 et
2521 357 2745 411 aliorum
2788 359 3046 414 (nautium.
3099 358 3211 415 Hoc
3255 359 3434 430 itaque
3479 361 3658 415 sciens

2074 449 2289 515 Paulus,
2321 449 2529 503 dicebat
2557 465 2570 501 :
2601 447 2666 501 ln
2693 449 2803 516 ipso
2828 450 2960 503 enim
2981 451 3211 514 vivimus,
3241 461 3286 506 et
3311 467 3588 514 mouentur,
3610 462 3660 504 cl

2073 555 2245 592 sumus
2271 539 2406 610 (Act.
2434 538 2665 610 17.,28).
2702 539 2764 593 Et
2802 555 2983 594 rursus
3017 557 3030 593 :
3063 540 3128 595 In
3155 543 3264 610 ipso
3291 552 3520 598 constant
3547 557 3658 596 oms

2072 630 2158 682 nia
2195 628 2414 701 (Coloss.
2449 631 2501 684 1.
2531 630 2642 701 17).
2688 631 2752 685 Et
2783 631 2946 685 David
2977 650 2990 684 ε
3023 631 3207 686 Omnia
3235 650 3266 684 a
3286 643 3338 685 te
3362 641 3656 701 exspectant

2071 727 2128 773 ut
2157 719 2244 774 des
2266 721 2370 774 illis
2408 721 2572 774 cibum
2601 722 2654 775 in
2683 731 2904 792 tempore
2929 730 3232 791 opportuno.
3262 722 3432 777 Dante
3460 733 3506 778 le
3529 723 3655 784 illis.

2071 814 2342 886 colligent;
2388 817 2642 887 aperiente
2673 827 2726 872 te
2751 835 2976 883 manum,
3007 819 3178 872 omnia
3201 819 3542 888 implebantur
3569 817 3658 871 lm-

2070 908 2256 971 nitate,’
2272 919 2518 964 avertente
2534 920 2700 964 autent
2718 911 2974 981 tefacient,
2991 910 3322 965 turbabuntur
3336 912 3508 982 (Psal.
3535 912 3655 968 105.

2069 996 2140 1051 27
2163 997 2318 1070 -29).
2367 1000 2435 1054 Et
2454 1017 2674 1058 rursus:
2713 1003 2811 1067 Qui
2836 1004 3034 1072 respicit
3054 1019 3203 1073 super
3230 1014 3436 1066 terram,
3467 1013 3511 1058 et
3534 1005 3656 1074 facit

2069 1103 2178 1142 eam
2208 1099 2416 1145 tremere
2461 1091 2636 1166 (Psal.
2675 1093 2796 1148 105.
2829 1093 2944 1162 52).
2978 1095 3048 1148 Et
3071 1093 3232 1148 lsuias
3265 1111 3280 1148 :
3313 1094 3411 1160 Qui
3439 1095 3656 1147 continet

2067 1195 2250 1250 gyrum
2271 1191 2418 1236 terrae
2445 1181 2594 1251 (lsai.
2624 1185 2714 1239 40.
2744 1184 2860 1255 22).
2887 1186 2957 1240 Et
2983 1186 3050 1240 de
3079 1187 3293 1250 virtute,
3329 1186 3447 1240 Nisi
3479 1187 3654 1240 Domi-

2068 1287 2182 1336 nus,
2230 1273 2415 1342 inquit,
2441 1276 2768 1343 tediftcaverit
2793 1279 2998 1331 domum
3024 1318 3039 1341 ,
3067 1280 3123 1332 in
3162 1296 3348 1332 canum
3394 1269 3682 1333 lubet-ure?

2067 1373 2186 1416 runt
2210 1366 2293 1434 qui
2321 1367 2578 1436 aediﬁcant
2605 1386 2713 1422 eam
2737 1367 2910 1440 (Psal.
2947 1371 3067 1424 126.
3103 1371 3180 1440 1).
3211 1371 3274 1424 Et
3306 1387 3522 1426 rursus:
3553 1371 3654 1436 Qui

2067 1453 2297 1507 habitare
2324 1457 2450 1523 facit
2475 1458 2695 1512 sterilem
2723 1461 2776 1512 in
2809 1460 2960 1513 donto
2981 1470 3192 1514 matrem
3218 1461 3441 1528 ﬁliorum
3469 1462 3618 1514 lwtau
3640 1440 3662 1499 ί

2069 1552 2165 1598 tem
2190 1544 2363 1616 (Psal.
2393 1548 2517 1602 112.
2547 1549 2622 1618 9).
2671 1549 2738 1604 Et
2773 1550 2896 1606 ideo
2926 1560 3121 1606 terram
3149 1554 3320 1622 quatit
3343 1562 3396 1606 et
3439 1561 3591 1606 mont
3626 1573 3650 1604 με

2067 1643 2289 1707 tangens
2315 1636 2444 1694 facit
2468 1649 2524 1695 ut
2550 1641 2824 1712 lumigent,
2853 1659 3008 1698 suum
3037 1644 3328 1699 ostendens
3359 1645 3649 1699 dominium

2067 1724 2240 1797 (Psal.
2269 1727 2391 1785 105.
2423 1729 2534 1801 52).
2553 1731 2730 1787 Solem
2756 1743 2930 1788 autem
2957 1733 3228 1801 obscurat,
3253 1736 3322 1788 ita
3343 1745 3398 1788 ut
3417 1737 3650 1798 deﬁciat,

2064 1832 2161 1886 per
2189 1818 2292 1873 hoc
2321 1836 2506 1876 rursus
2534 1823 2770 1878 indicans
2799 1839 2857 1878 se
2883 1839 3005 1880 esse
3052 1825 3306 1895 Opiliccm
3332 1827 3348 1896 (
3376 1825 3504 1880 lsai.
3535 1828 3647 1892 58).

2137 1910 2403 1967 Miraculis
2428 1930 2563 1968 nunc
2591 1931 2719 1985 opus
2745 1932 2847 1970 non
2872 1918 3238 1972 est.——Porr0
3270 1920 3320 1973 iu
3362 1920 3591 1990 Scripzut
3609 1924 3652 1973 ξς

2063 2017 2276 2073 quoque
2307 2004 2454 2060 vides
2476 2007 2650 2062 solem
2677 2008 3122 2078 retrucedeutem,
3165 2020 3219 2065 et
3245 2011 3422 2064 luunut
3463 2027 3652 2065 rursus

2063 2107 2182 2148 cum
2207 2109 2274 2150 eo
2293 2103 2522 2152 stantem
2551 2097 2683 2169 (los.
2716 2100 2802 2154 10.
2833 2100 2946 2172 15),
2969 2110 3024 2156 et
3050 2102 3215 2156 multa
3243 2103 3346 2157 alia
3373 2083 3660 2174 miracula.

2062 2185 2286 2254 Quando
2310 2189 2452 2244 enim
2499 2191 2618 2260 ejus
2653 2194 2886 2263 cognitio
2916 2195 3150 2250 nondum
3195 2205 3414 2250 extensa
3459 2197 3649 2264 fuerat,

2065 2275 2180 2332 haec
2211 2279 2409 2335 ﬁebant
2442 2299 2456 2336 :
2487 2298 2628 2339 nunc
2653 2293 2830 2340 autem
2861 2301 2966 2341 non
3003 2295 3084 2341 est
3109 2288 3336 2357 amplius
3375 2303 3510 2360 opus
3551 2289 3654 2344 hac

2062 2365 2325 2436 doctrina,
2361 2386 2481 2426 cum
2527 2387 2616 2427 res
2644 2374 2771 2444 ipsa:
2795 2375 3026 2430 clament
3063 2385 3118 2431 et
3155 2377 3441 2433 ostendant
3481 2380 3651 2434 Domi-

2063 2473 2212 2514 uum.
2239 2459 2430 2517 Vidisti
2462 2463 2513 2517 in
2538 2463 2769 2536 Aigypto
2797 2464 3064 2534 tenebras,
3089 2477 3143 2523 et
3163 2471 3511 2526 mutationem
3543 2476 3654 2527 ele.

2062 2553 2404 2608 mentorum?
2439 2553 2494 2611 Si
2521 2555 2611 2625 qui
2648 2567 2825 2613 autem
2871 2558 3051 2614 dicant
3093 2558 3358 2618 delectum
3407 2564 3652 2620 evenisse

2061 2645 2394 2711 naturaliter,
2429 2663 2534 2703 non
2575 2657 2752 2704 autem
2801 2651 2893 2706 Dei
2933 2651 3107 2721 jussu,
3159 2653 3338 2708 dicant
3380 2656 3650 2724 quomodo

2061 2736 2234 2794 factus
2262 2741 2330 2795 sit
2359 2756 2424 2796 eo
2450 2750 2690 2812 tempore
2719 2760 2825 2814 quo
2853 2745 2998 2799 cruci
3025 2755 3109 2800 est
3135 2744 3345 2800 afﬁxus.
3368 2746 3484 2802 Non
3505 2747 3648 2802 enim

2063 2839 2304 2902 tempore
2345 2841 2470 2889 tunc
2515 2835 2842 2902 przestituto,
2887 2835 2981 2890 sed
3023 2836 3235 2907 quando
3271 2837 3491 2892 minime
3533 2849 3648 2892 erat

2061 2933 2501 2992 consentaneum,
2541 2943 2639 2983 nec
2663 2929 2842 2983 cursui
2885 2930 3108 2984 naturali
3147 2932 3492 2996 conveniens,
3525 2941 3647 2984 tunc

2061 3016 2275 3083 accidit,
2302 3031 2424 3072 cum
2455 3028 2600 3074 esset
2622 3020 2826 3076 scilicet
2853 3021 3243 3090 quartadecima
3275 3022 3422 3091 luna,
3451 3033 3505 3078 et
3531 3022 3645 3093 pic-

2064 3109 2322 3164 niluuium
2353 3109 2566 3181 (Matth.
2610 3113 2700 3166 57.
2746 3113 2858 3181 45).
2905 3113 3153 3170 Defectus
3197 3127 3374 3171 autem
3420 3131 3526 3172 non
3569 3119 3648 3171 sic

2064 3200 2216 3256 fiunt.
2251 3201 2358 3257 Illis
2395 3212 2572 3259 autem
2613 3221 2719 3259 non
2761 3207 2993 3276 suppetit
3032 3207 3174 3262 unde
3216 3207 3319 3264 hoc
3361 3209 3646 3278 explicent.

2063 3294 2240 3360 Quare
2266 3295 2604 3352 manifestum
2633 3307 2716 3353 est
2761 3299 2898 3354 sicut
2929 3299 3054 3366 alia,
3099 3300 3170 3355 ita
3212 3303 3370 3356 etiam
3412 3302 3649 3358 delectus

2064 3402 2250 3443 omnes
2271 3391 2422 3458 jussu
2461 3389 2686 3460 Opiﬁcis
2731 3390 2868 3445 ﬁeri.
2921 3391 2974 3446 7.
3033 3389 3282 3446 νεωρίων
3316 3395 3505 3447 exaudi
3549 3411 3647 3456 me,

2064 3479 2320 3546 Domine;
2347 3481 2530 3553 defecit
2556 3483 2768 3553 spiritus
2796 3499 2958 3537 meus.
2981 3483 3119 3552 Quid
3149 3485 3324 3539 dicis?
3352 3501 3506 3555 urges
3537 3503 3651 3541 mc~

2063 3572 2240 3628 dicum
2269 3574 2336 3629 ad
2364 3575 2726 3630 curationem?
2770 3575 3113 3648 Nequaquam
3147 3598 3161 3632 :
3193 3577 3284 3633 sed
3329 3577 3416 3634 hic
3443 3595 3652 3649 quoque

2065 3680 2181 3719 mos
2206 3673 2262 3721 et
2287 3665 2584 3721 animarum
2610 3682 2728 3738 qua:
2757 3667 3082 3739 affliguntur,
3111 3669 3558 3738 quemadmodum
3599 3685 3648 3723 ct

2065 3755 2340 3810 hominum
2385 3758 2760 3825 laborantium,
2809 3773 3088 3816 accersere
3137 3761 3404 3826 medicos,
3444 3763 3651 3818 etiamsi

2065 3857 2276 3918 tempus
2305 3864 2410 3902 non
2438 3851 2689 3919 postulet,
2717 3860 2771 3905 et
2799 3851 3170 3906 liberationem
3200 3853 3448 3908 celeriter
3475 3856 3654 3923 provi-

2065 3939 2212 3994 dere.
2240 3939 2499 4005 Quocirca
2526 3941 2639 4009 ipse
2667 3956 2880 4010 quoque
2907 3943 3193 4010 adjiciens,
3223 3943 3427 3998 diccbat
3449 3985 3465 4010 ,
3497 3943 3654 4014 Defe-
3708 3925 3713 3930 ”

2066 4035 2134 4086 cit
2161 4033 2368 4103 spiritus
2408 4049 2572 4086 meus.
2619 4033 2776 4101 Atqui
2828 4032 2970 4086 Deus
3009 4033 3098 4102 qui
3146 4041 3322 4100 potest
3358 4034 3591 4088 excitare
3625 4050 3654 4088 a

2066 4120 2311 4188 mortuis,
2345 4123 2516 4177 multo
2540 4123 2709 4193 magis
2733 4134 2860 4177 ante
2889 4132 3138 4178 mortem.
3167 4123 3274 4180 Sed
3300 4125 3654 4194 quemadmu-

2066 4216 2193 4271 dum
2239 4214 2369 4280 dixi,
2419 4214 2544 4270 hinc
2587 4214 3005 4284 deprehenditur
3048 4224 3254 4270 natura;
3295 4215 3653 4272 imbecillitas.

2067 4310 2283 4366 Sciebat
2310 4309 2452 4364 enim
2480 4309 2657 4363 omnia
2688 4309 2736 4364 ei
2766 4323 2886 4364 esse
2913 4308 3107 4372 facilia,
3135 4308 3228 4362 sed
3257 4306 3396 4362 ferre
3426 4322 3532 4360 non
3562 4323 3656 4376 po-

2069 4411 2172 4458 test
2209 4403 2349 4458 mala
2377 4418 2498 4472 qua:
2540 4401 2860 4456 inferuntur.
2891 4399 2976 4454 Ne
3012 4409 3207 4454 avertas
3234 4399 3414 4469 faciem
3449 4410 3588 4453 tuam
3627 4420 3658 4452 u

2070 4511 2169 4560 me,
2200 4505 2247 4548 et
2277 4494 2457 4548 similis
2496 4509 2580 4548 ero
2605 4492 3016 4546 descendentibus
3041 4491 3095 4544 in
3122 4490 3310 4545 lacum.
3356 4480 3531 4556 Alius,
3578 4490 3662 4544 Ne

2067 4588 2389 4644 absconderis
2437 4586 2618 4658 facient
2661 4595 2799 4639 tuam
2841 4601 2874 4638 a
2913 4601 2994 4638 me
3035 4583 3134 4655 (a).
3176 4583 3244 4640 Et
3285 4583 3549 4638 undenam
3594 4586 3664 4638 sit

2070 4683 2316 4739 aversio?
2359 4682 2479 4752 Ipse
2508 4682 2650 4737 Deus
2695 4680 2825 4735 dicit
2868 4695 2964 4750 per
3003 4679 3214 4745 lsaiam,
3252 4679 3435 4733 Annon
3480 4691 3662 4750 potens

2069 4786 2144 4831 est
2179 4791 2360 4830 manus
2402 4791 2514 4829 mea
2536 4776 2562 4829 i
2605 4773 2710 4830 Sed
2745 4783 2948 4844 peccata
2983 4783 3148 4829 vestra
3173 4773 3401 4827 dividunt
3428 4774 3558 4827 inter
3588 4791 3666 4826 nu-

2071 4880 2119 4928 et
2169 4887 2252 4925 vos
2306 4868 2482 4939 (lsai.
2524 4866 2617 4923 59.
2657 4869 2709 4924 1.
2739 4867 2862 4939 2)?
2911 4866 3135 4935 Quando
3187 4881 3316 4937 ergo
3359 4866 3483 4920 mali
3537 4867 3662 4936 quid

2073 4963 2390 5028 fecerimus,
2432 4962 2689 5016 avertitur
2734 4977 2747 5015 :
2793 4959 3022 5014 Mundus
3088 4967 3159 5014 est
3221 4959 3398 5023 cnim,
3455 4957 3664 5026 inquit.

2075 5058 2254 5114 oculus
2298 5066 2447 5118 tuus,
2483 5063 2538 5109 ut
2575 5070 2674 5106 non
2713 5053 2879 5105 videat
2909 5055 3076 5108 mala:
3126 5062 3170 5103 et
3213 5048 3462 5118 respicere
3513 5061 3666 5113 super

2076 5153 2270 5208 labores
2296 5165 2398 5206 non
2447 5148 2636 5222 poteris
2659 5145 2682 5220 (
2709 5145 2908 5201 Ilabac.
2941 5146 2990 5200 1.
3021 5145 3088 5199 15
3115 5141 3157 5214 ).
3195 5140 3264 5196 Ει
3309 5139 3428 5193 ideo
3453 5150 3666 5190 aversa~

2080 5255 2166 5299 tur
2196 5245 2354 5295 etiam
2387 5248 2718 5311 arrogantes.
2758 5238 2896 5292 Dicit
2931 5237 3108 5306 itaque
3138 5251 3152 5287 :
3186 5231 3356 5298 Super
3381 5243 3528 5298 quem
3577 5243 3662 5280 re-

2076 5336 2309 5408 spiciam,
2334 5334 2432 5389 nisi
2457 5349 2608 5404 super
2634 5340 2949 5386 mansuetum
2977 5335 3024 5380 et
3050 5323 3289 5396 quietum,
3309 5330 3355 5374 et
3381 5327 3667 5373 trementem

2144 5493 2220 5556 (α)
2249 5497 2361 5540 Haec
2404 5487 2760 5556 ίαιενρτεωιίο-
2791 5483 2933 5556 cuius
2959 5481 3067 5556 ei.»
3112 5490 3227 5556 999..
3240 5472 3522 5556 eicitur-.3"
3530 5486 3667 5556 “91'!

2081 5541 2254 5620 Aquila
2274 5588 2290 5614 ,
2333 5541 2668 5617 Symmachus,
2706 5551 2770 5620 et
2811 5541 3074 5620 Theodotio
3112 5541 3316 5620 verbum
3331 5575 3346 5599 ,
3392 5542 3540 5620 γρ,
3582 5547 3670 5620 per

2081 5606 2247 5694 ιρδέιτριη
2277 5606 2334 5676 'et
2364 5606 2988 5694 *e«oxeav:s~,~f¢ee~:€r:-
3005 5608 3518 5694 ,ﬁfl’ﬁiin‘i'_ﬁf°'e“h
3543 5606 3670 5657 υηιίο

2084 5673 2364 5755 didii-ian.
2386 5673 2977 5744 haticintcrpretatioucm
3005 5673 3198 5725 illorum
3229 5685 3360 5725 esse.
