  <div class='ocr_page' id='page_1' title='image "/cluster/home/n/w/nwhite01/storage/ocr_20150623/55/hvd.32044054086814/451.png"; bbox 0 0 4070 6214; ppageno 0'>
   <div class='ocr_carea' id='block_1_1' title="bbox 461 241 562 296">
    <p class='ocr_par' dir='ltr' id='par_1_1' title="bbox 461 241 562 296">
     <span class='ocr_line' id='line_1_1' title="bbox 461 241 562 296; baseline 0 -1"><span class='ocrx_word' id='word_1_1' title='bbox 461 241 562 296; x_wconf 59' lang='grc'><strong>055</strong></span> 
     </span>
    </p>
   </div>
   <div class='ocr_carea' id='block_1_2' title="bbox 458 351 2044 425">
    <p class='ocr_par' dir='ltr' id='par_1_2' title="bbox 458 351 2044 425">
     <span class='ocr_line' id='line_1_2' title="bbox 458 351 2044 425; baseline 0 -15"><span class='ocrx_word' id='word_1_2' title='bbox 458 353 609 410; x_wconf 75' lang='lat' dir='ltr'><strong>verba</strong></span> <span class='ocrx_word' id='word_1_3' title='bbox 633 368 745 408; x_wconf 86' lang='lat' dir='ltr'><strong>mea</strong></span> <span class='ocrx_word' id='word_1_4' title='bbox 773 351 928 425; x_wconf 70' lang='lat' dir='ltr'><strong>(Issi.</strong></span> <span class='ocrx_word' id='word_1_5' title='bbox 957 351 1046 408; x_wconf 85' lang='lat'><strong>66.</strong></span> <span class='ocrx_word' id='word_1_6' title='bbox 1074 351 1174 423; x_wconf 69' lang='lat'><strong>2)?</strong></span> <span class='ocrx_word' id='word_1_7' title='bbox 1204 353 1593 424; x_wconf 83' lang='lat' dir='ltr'><strong>Persequamur</strong></span> <span class='ocrx_word' id='word_1_8' title='bbox 1617 369 1745 424; x_wconf 81' lang='lat' dir='ltr'><strong>ergo</strong></span> <span class='ocrx_word' id='word_1_9' title='bbox 1774 353 1910 410; x_wconf 81' lang='lat' dir='ltr'><strong>hanc</strong></span> <span class='ocrx_word' id='word_1_10' title='bbox 1938 357 2044 410; x_wconf 75' lang='lat' dir='ltr'><strong>vir-</strong></span> 
     </span>
    </p>
   </div>
   <div class='ocr_carea' id='block_1_3' title="bbox 457 443 2041 516">
    <p class='ocr_par' dir='ltr' id='par_1_3' title="bbox 457 443 2041 516">
     <span class='ocr_line' id='line_1_3' title="bbox 457 443 2041 516; baseline 0 -14"><span class='ocrx_word' id='word_1_11' title='bbox 457 455 645 512; x_wconf 85' lang='lat' dir='ltr'><strong>tutem,</strong></span> <span class='ocrx_word' id='word_1_12' title='bbox 683 454 740 500; x_wconf 85' lang='lat' dir='ltr'><strong>ut</strong></span> <span class='ocrx_word' id='word_1_13' title='bbox 779 445 894 516; x_wconf 86' lang='lat' dir='ltr'><strong>ejus</strong></span> <span class='ocrx_word' id='word_1_14' title='bbox 936 443 1124 500; x_wconf 78' lang='lat' dir='ltr'><strong>faciem</strong></span> <span class='ocrx_word' id='word_1_15' title='bbox 1160 445 1522 510; x_wconf 80' lang='lat' dir='ltr'><strong>attt&#39;aitatnus;</strong></span> <span class='ocrx_word' id='word_1_16' title='bbox 1564 461 1632 500; x_wconf 90' lang='lat' dir='ltr'><strong>ne</strong></span> <span class='ocrx_word' id='word_1_17' title='bbox 1661 446 1714 500; x_wconf 90' lang='lat' dir='ltr'><strong>in</strong></span> <span class='ocrx_word' id='word_1_18' title='bbox 1744 447 1856 501; x_wconf 85' lang='lat' dir='ltr'><strong>vitii</strong></span> <span class='ocrx_word' id='word_1_19' title='bbox 1887 449 2041 502; x_wconf 85' lang='lat' dir='ltr'><strong>bara-</strong></span> 
     </span>
    </p>
   </div>
   <div class='ocr_carea' id='block_1_4' title="bbox 455 537 2046 609">
    <p class='ocr_par' dir='ltr' id='par_1_4' title="bbox 455 537 2046 609">
     <span class='ocr_line' id='line_1_4' title="bbox 455 537 2046 609; baseline 0.001 -16"><span class='ocrx_word' id='word_1_20' title='bbox 455 539 634 594; x_wconf 82' lang='lat' dir='ltr'><strong>thrum</strong></span> <span class='ocrx_word' id='word_1_21' title='bbox 671 537 987 609; x_wconf 74' lang='lat' dir='ltr'><strong>incidamus,</strong></span> <span class='ocrx_word' id='word_1_22' title='bbox 1013 538 1196 592; x_wconf 81' lang='lat' dir='ltr'><strong>densis</strong></span> <span class='ocrx_word' id='word_1_23' title='bbox 1218 538 1600 606; x_wconf 71' lang='lat' dir='ltr'><strong>occupantibus</strong></span> <span class='ocrx_word' id='word_1_24' title='bbox 1629 537 1880 594; x_wconf 85' lang='lat' dir='ltr'><strong>tenebris.</strong></span> <span class='ocrx_word' id='word_1_25' title='bbox 1916 539 2046 594; x_wconf 87' lang='lat' dir='ltr'><strong>Pos-</strong></span> 
     </span>
    </p>
   </div>
   <div class='ocr_carea' id='block_1_5' title="bbox 453 629 2044 700">
    <p class='ocr_par' dir='ltr' id='par_1_5' title="bbox 453 629 2044 700">
     <span class='ocr_line' id='line_1_5' title="bbox 453 629 2044 700; baseline 0.001 -15"><span class='ocrx_word' id='word_1_26' title='bbox 453 639 583 685; x_wconf 91' lang='lat' dir='ltr'><strong>sunt</strong></span> <span class='ocrx_word' id='word_1_27' title='bbox 607 630 768 686; x_wconf 86' lang='lat' dir='ltr'><strong>etiam</strong></span> <span class='ocrx_word' id='word_1_28' title='bbox 798 630 887 700; x_wconf 87' lang='lat' dir='ltr'><strong>qui</strong></span> <span class='ocrx_word' id='word_1_29' title='bbox 915 629 1226 685; x_wconf 86' lang='lat' dir='ltr'><strong>ceciderunt</strong></span> <span class='ocrx_word' id='word_1_30' title='bbox 1254 630 1445 684; x_wconf 89' lang='lat' dir='ltr'><strong>iterum</strong></span> <span class='ocrx_word' id='word_1_31' title='bbox 1475 629 1788 685; x_wconf 83' lang='lat' dir='ltr'><strong>ascendere.</strong></span> <span class='ocrx_word' id='word_1_32' title='bbox 1821 629 2044 700; x_wconf 88' lang='lat' dir='ltr'><strong>Oportet</strong></span> 
     </span>
    </p>
   </div>
   <div class='ocr_carea' id='block_1_6' title="bbox 450 722 1892 795">
    <p class='ocr_par' dir='ltr' id='par_1_6' title="bbox 450 722 1892 795">
     <span class='ocr_line' id='line_1_6' title="bbox 450 722 1892 795; baseline -0.003 -16"><span class='ocrx_word' id='word_1_33' title='bbox 450 737 582 795; x_wconf 77' lang='lat' dir='ltr'><strong>ergo</strong></span> <span class='ocrx_word' id='word_1_34' title='bbox 611 739 705 778; x_wconf 88' lang='lat' dir='ltr'><strong>eos</strong></span> <span class='ocrx_word' id='word_1_35' title='bbox 730 724 818 794; x_wconf 91' lang='lat' dir='ltr'><strong>qui</strong></span> <span class='ocrx_word' id='word_1_36' title='bbox 843 722 1059 790; x_wconf 83' lang='lat' dir='ltr'><strong>cadant,</strong></span> <span class='ocrx_word' id='word_1_37' title='bbox 1089 737 1191 777; x_wconf 89' lang='lat' dir='ltr'><strong>non</strong></span> <span class='ocrx_word' id='word_1_38' title='bbox 1222 737 1438 777; x_wconf 86' lang='lat' dir='ltr'><strong>manere</strong></span> <span class='ocrx_word' id='word_1_39' title='bbox 1463 722 1605 776; x_wconf 90' lang='lat' dir='ltr'><strong>humi</strong></span> <span class='ocrx_word' id='word_1_40' title='bbox 1637 723 1892 790; x_wconf 77' lang='lat' dir='ltr'><strong>iacentes.</strong></span> 
     </span>
    </p>
   </div>
   <div class='ocr_carea' id='block_1_7' title="bbox 475 814 2037 884">
    <p class='ocr_par' dir='ltr' id='par_1_7' title="bbox 475 814 2037 884">
     <span class='ocr_line' id='line_1_7' title="bbox 475 814 2037 884; baseline -0.001 -14"><span class='ocrx_word' id='word_1_41' title='bbox 475 824 482 828; x_wconf 85' lang='grc'><em>’</em></span> <span class='ocrx_word' id='word_1_42' title='bbox 528 814 735 873; x_wconf 84' lang='lat' dir='ltr'><strong>Peccati</strong></span> <span class='ocrx_word' id='word_1_43' title='bbox 760 826 942 870; x_wconf 83' lang='lat' dir='ltr'><strong>natura</strong></span> <span class='ocrx_word' id='word_1_44' title='bbox 965 816 1128 870; x_wconf 82' lang='lat' dir='ltr'><strong>lacus.</strong></span> <span class='ocrx_word' id='word_1_45' title='bbox 1176 814 1334 870; x_wconf 81' lang='lat' dir='ltr'><strong>Deum</strong></span> <span class='ocrx_word' id='word_1_46' title='bbox 1357 829 1552 884; x_wconf 80' lang='lat' dir='ltr'><strong>semper</strong></span> <span class='ocrx_word' id='word_1_47' title='bbox 1578 815 1759 868; x_wconf 88' lang='lat' dir='ltr'><strong>intueri</strong></span> <span class='ocrx_word' id='word_1_48' title='bbox 1785 815 2037 881; x_wconf 75' lang='lat' dir='ltr'><strong>debemus,</strong></span> 
     </span>
    </p>
   </div>
   <div class='ocr_carea' id='block_1_8' title="bbox 453 905 2041 980">
    <p class='ocr_par' dir='ltr' id='par_1_8' title="bbox 453 905 2041 980">
     <span class='ocr_line' id='line_1_8' title="bbox 453 905 2041 980; baseline -0.001 -17"><span class='ocrx_word' id='word_1_49' title='bbox 453 917 502 963; x_wconf 87' lang='lat' dir='ltr'><strong>et</strong></span> <span class='ocrx_word' id='word_1_50' title='bbox 535 908 598 962; x_wconf 89' lang='lat' dir='ltr'><strong>ab</strong></span> <span class='ocrx_word' id='word_1_51' title='bbox 625 923 686 962; x_wconf 91' lang='lat' dir='ltr'><strong>eo</strong></span> <span class='ocrx_word' id='word_1_52' title='bbox 721 907 1230 980; x_wconf 85' lang='lat' dir='ltr'><strong>pendere.—Lacus</strong></span> <span class='ocrx_word' id='word_1_53' title='bbox 1257 915 1457 971; x_wconf 88' lang='lat' dir='ltr'><strong>autem,</strong></span> <span class='ocrx_word' id='word_1_54' title='bbox 1493 905 1543 959; x_wconf 92' lang='lat' dir='ltr'><strong>in</strong></span> <span class='ocrx_word' id='word_1_55' title='bbox 1573 919 1680 975; x_wconf 88' lang='lat' dir='ltr'><strong>quo</strong></span> <span class='ocrx_word' id='word_1_56' title='bbox 1719 915 1844 960; x_wconf 89' lang='lat' dir='ltr'><strong>sunt</strong></span> <span class='ocrx_word' id='word_1_57' title='bbox 1885 921 2041 962; x_wconf 67' lang='lat' dir='ltr'><strong>saevae</strong></span> 
     </span>
    </p>
   </div>
   <div class='ocr_carea' id='block_1_9' title="bbox 451 995 2038 1068">
    <p class='ocr_par' dir='ltr' id='par_1_9' title="bbox 451 995 2038 1068">
     <span class='ocr_line' id='line_1_9' title="bbox 451 995 2038 1068; baseline -0.002 -13"><span class='ocrx_word' id='word_1_58' title='bbox 451 1001 660 1067; x_wconf 69' lang='lat' dir='ltr'><strong>bestiae,</strong></span> <span class='ocrx_word' id='word_1_59' title='bbox 688 1008 740 1054; x_wconf 89' lang='lat' dir='ltr'><strong>et</strong></span> <span class='ocrx_word' id='word_1_60' title='bbox 766 1000 853 1068; x_wconf 90' lang='lat' dir='ltr'><strong>qui</strong></span> <span class='ocrx_word' id='word_1_61' title='bbox 881 1007 963 1053; x_wconf 59' lang='lat' dir='ltr'><strong>ea</strong></span> <span class='ocrx_word' id='word_1_62' title='bbox 991 998 1179 1068; x_wconf 88' lang='lat' dir='ltr'><strong>plenus</strong></span> <span class='ocrx_word' id='word_1_63' title='bbox 1209 995 1461 1061; x_wconf 88' lang='lat' dir='ltr'><strong>tenebris,</strong></span> <span class='ocrx_word' id='word_1_64' title='bbox 1489 1006 1572 1052; x_wconf 88' lang='lat' dir='ltr'><strong>est</strong></span> <span class='ocrx_word' id='word_1_65' title='bbox 1599 1008 1784 1050; x_wconf 87' lang='lat' dir='ltr'><strong>natura</strong></span> <span class='ocrx_word' id='word_1_66' title='bbox 1815 999 2038 1066; x_wconf 81' lang='lat' dir='ltr'><strong>peccati.</strong></span> 
     </span>
    </p>
   </div>
   <div class='ocr_carea' id='block_1_10' title="bbox 449 1088 2039 1162">
    <p class='ocr_par' dir='ltr' id='par_1_10' title="bbox 449 1088 2039 1162">
     <span class='ocr_line' id='line_1_10' title="bbox 449 1088 2039 1162; baseline -0.002 -17"><span class='ocrx_word' id='word_1_67' title='bbox 449 1090 843 1162; x_wconf 87' lang='lat' dir='ltr'><strong>Scripturarum</strong></span> <span class='ocrx_word' id='word_1_68' title='bbox 870 1104 998 1160; x_wconf 79' lang='lat' dir='ltr'><strong>ergo</strong></span> <span class='ocrx_word' id='word_1_69' title='bbox 1025 1089 1277 1144; x_wconf 87' lang='lat' dir='ltr'><strong>rudentes</strong></span> <span class='ocrx_word' id='word_1_70' title='bbox 1302 1088 1667 1155; x_wconf 89' lang='lat' dir='ltr'><strong>demittatnus,</strong></span> <span class='ocrx_word' id='word_1_71' title='bbox 1709 1097 1764 1143; x_wconf 91' lang='lat' dir='ltr'><strong>et</strong></span> <span class='ocrx_word' id='word_1_72' title='bbox 1792 1089 2039 1142; x_wconf 82' lang='lat' dir='ltr'><strong>volunta-</strong></span> 
     </span>
    </p>
   </div>
   <div class='ocr_carea' id='block_1_11' title="bbox 449 1178 2036 1252">
    <p class='ocr_par' dir='ltr' id='par_1_11' title="bbox 449 1178 2036 1252">
     <span class='ocr_line' id='line_1_11' title="bbox 449 1178 2036 1252; baseline -0.001 -16"><span class='ocrx_word' id='word_1_73' title='bbox 449 1190 556 1236; x_wconf 87' lang='lat' dir='ltr'><strong>tem</strong></span> <span class='ocrx_word' id='word_1_74' title='bbox 583 1181 862 1252; x_wconf 78' lang='lat' dir='ltr'><strong>alligemus</strong></span> <span class='ocrx_word' id='word_1_75' title='bbox 888 1195 905 1236; x_wconf 89' lang='lat'><strong>:</strong></span> <span class='ocrx_word' id='word_1_76' title='bbox 931 1191 987 1236; x_wconf 87' lang='lat' dir='ltr'><strong>et</strong></span> <span class='ocrx_word' id='word_1_77' title='bbox 1018 1180 1061 1234; x_wconf 90' lang='lat' dir='ltr'><strong>si</strong></span> <span class='ocrx_word' id='word_1_78' title='bbox 1091 1178 1468 1245; x_wconf 89' lang='lat' dir='ltr'><strong>eeciderimus,</strong></span> <span class='ocrx_word' id='word_1_79' title='bbox 1499 1179 1754 1234; x_wconf 80' lang='lat' dir='ltr'><strong>velociter</strong></span> <span class='ocrx_word' id='word_1_80' title='bbox 1783 1193 2036 1248; x_wconf 81' lang='lat' dir='ltr'><strong>resurge-</strong></span> 
     </span>
    </p>
   </div>
   <div class='ocr_carea' id='block_1_12' title="bbox 447 1270 2037 1342">
    <p class='ocr_par' dir='ltr' id='par_1_12' title="bbox 447 1270 2037 1342">
     <span class='ocr_line' id='line_1_12' title="bbox 447 1270 2037 1342; baseline -0.003 -14"><span class='ocrx_word' id='word_1_81' title='bbox 447 1287 588 1328; x_wconf 88' lang='lat' dir='ltr'><strong>mus.</strong></span> <span class='ocrx_word' id='word_1_82' title='bbox 615 1271 894 1340; x_wconf 83' lang='lat' dir='ltr'><strong>Quomodo</strong></span> <span class='ocrx_word' id='word_1_83' title='bbox 916 1281 1094 1328; x_wconf 83' lang='lat' dir='ltr'><strong>autem</strong></span> <span class='ocrx_word' id='word_1_84' title='bbox 1121 1272 1433 1342; x_wconf 88' lang='lat' dir='ltr'><strong>incipiemus</strong></span> <span class='ocrx_word' id='word_1_85' title='bbox 1455 1271 1557 1326; x_wconf 91' lang='lat' dir='ltr'><strong>iter</strong></span> <span class='ocrx_word' id='word_1_86' title='bbox 1577 1270 1822 1340; x_wconf 71' lang='lat' dir='ltr'><strong>ingredi?</strong></span> <span class='ocrx_word' id='word_1_87' title='bbox 1840 1271 1893 1327; x_wconf 89' lang='lat' dir='ltr'><strong>Si</strong></span> <span class='ocrx_word' id='word_1_88' title='bbox 1916 1285 2037 1326; x_wconf 86' lang='lat' dir='ltr'><strong>cum</strong></span> 
     </span>
    </p>
   </div>
   <div class='ocr_carea' id='block_1_13' title="bbox 446 1364 2038 1434">
    <p class='ocr_par' dir='ltr' id='par_1_13' title="bbox 446 1364 2038 1434">
     <span class='ocr_line' id='line_1_13' title="bbox 446 1364 2038 1434; baseline -0.001 -13"><span class='ocrx_word' id='word_1_89' title='bbox 446 1364 821 1432; x_wconf 86' lang='lat' dir='ltr'><strong>ceciderimus,</strong></span> <span class='ocrx_word' id='word_1_90' title='bbox 851 1379 960 1420; x_wconf 91' lang='lat' dir='ltr'><strong>non</strong></span> <span class='ocrx_word' id='word_1_91' title='bbox 987 1374 1416 1432; x_wconf 86' lang='lat' dir='ltr'><strong>contemnamus,</strong></span> <span class='ocrx_word' id='word_1_92' title='bbox 1440 1379 1538 1420; x_wconf 90' lang='lat' dir='ltr'><strong>nec</strong></span> <span class='ocrx_word' id='word_1_93' title='bbox 1553 1364 1920 1434; x_wconf 79' lang='lat' dir='ltr'><strong>desperemus,</strong></span> <span class='ocrx_word' id='word_1_94' title='bbox 1943 1365 2038 1420; x_wconf 87' lang='lat' dir='ltr'><strong>sed</strong></span> 
     </span>
    </p>
   </div>
   <div class='ocr_carea' id='block_1_14' title="bbox 450 1454 2039 1527">
    <p class='ocr_par' dir='ltr' id='par_1_14' title="bbox 450 1454 2039 1527">
     <span class='ocr_line' id='line_1_14' title="bbox 450 1454 2039 1527; baseline -0.001 -17"><span class='ocrx_word' id='word_1_95' title='bbox 450 1456 566 1512; x_wconf 65' lang='lat' dir='ltr'><strong>haec</strong></span> <span class='ocrx_word' id='word_1_96' title='bbox 595 1455 902 1526; x_wconf 86' lang='lat' dir='ltr'><strong>prophetica</strong></span> <span class='ocrx_word' id='word_1_97' title='bbox 951 1456 1186 1510; x_wconf 79' lang='lat' dir='ltr'><strong>carmina</strong></span> <span class='ocrx_word' id='word_1_98' title='bbox 1227 1455 1380 1510; x_wconf 85' lang='lat' dir='ltr'><strong>nobis</strong></span> <span class='ocrx_word' id='word_1_99' title='bbox 1420 1469 1673 1510; x_wconf 88' lang='lat' dir='ltr'><strong>canamus</strong></span> <span class='ocrx_word' id='word_1_100' title='bbox 1715 1473 1730 1510; x_wconf 92' lang='lat'>:</span> <span class='ocrx_word' id='word_1_101' title='bbox 1773 1454 2039 1527; x_wconf 79' lang='lat' dir='ltr'><strong>Numquid</strong></span> 
     </span>
    </p>
   </div>
   <div class='ocr_carea' id='block_1_15' title="bbox 447 1546 2040 1619">
    <p class='ocr_par' dir='ltr' id='par_1_15' title="bbox 447 1546 2040 1619">
     <span class='ocr_line' id='line_1_15' title="bbox 447 1546 2040 1619; baseline -0.003 -15"><span class='ocrx_word' id='word_1_102' title='bbox 447 1548 635 1604; x_wconf 79' lang='lat' dir='ltr'><strong>cadens</strong></span> <span class='ocrx_word' id='word_1_103' title='bbox 663 1565 765 1603; x_wconf 86' lang='lat' dir='ltr'><strong>non</strong></span> <span class='ocrx_word' id='word_1_104' title='bbox 801 1549 1016 1619; x_wconf 76' lang='lat' dir='ltr'><strong>resurgit</strong></span> <span class='ocrx_word' id='word_1_105' title='bbox 1048 1547 1180 1617; x_wconf 86' lang='lat' dir='ltr'><strong>(Jer.</strong></span> <span class='ocrx_word' id='word_1_106' title='bbox 1229 1548 1284 1608; x_wconf 85' lang='lat'><strong>8.</strong></span> <span class='ocrx_word' id='word_1_107' title='bbox 1328 1549 1425 1616; x_wconf 64' lang='lat'><strong>4)?</strong></span> <span class='ocrx_word' id='word_1_108' title='bbox 1463 1549 1524 1601; x_wconf 87' lang='lat' dir='ltr'><strong>Et</strong></span> <span class='ocrx_word' id='word_1_109' title='bbox 1563 1562 1766 1612; x_wconf 81' lang='lat' dir='ltr'><strong>rursus,</strong></span> <span class='ocrx_word' id='word_1_110' title='bbox 1801 1546 1968 1601; x_wconf 76' lang='lat' dir='ltr'><strong>Hodie</strong></span> <span class='ocrx_word' id='word_1_111' title='bbox 1995 1549 2040 1601; x_wconf 86' lang='lat' dir='ltr'><strong>si</strong></span> 
     </span>
    </p>
   </div>
   <div class='ocr_carea' id='block_1_16' title="bbox 447 1639 2037 1709">
    <p class='ocr_par' dir='ltr' id='par_1_16' title="bbox 447 1639 2037 1709">
     <span class='ocr_line' id='line_1_16' title="bbox 447 1639 2037 1709; baseline -0.003 -11"><span class='ocrx_word' id='word_1_112' title='bbox 447 1658 617 1698; x_wconf 77' lang='lat' dir='ltr'><strong>uocem</strong></span> <span class='ocrx_word' id='word_1_113' title='bbox 646 1641 756 1709; x_wconf 85' lang='lat' dir='ltr'><strong>eius</strong></span> <span class='ocrx_word' id='word_1_114' title='bbox 785 1640 1068 1704; x_wconf 86' lang='lat' dir='ltr'><strong>audieritis,</strong></span> <span class='ocrx_word' id='word_1_115' title='bbox 1103 1657 1164 1694; x_wconf 79' lang='lat' dir='ltr'><strong>ne</strong></span> <span class='ocrx_word' id='word_1_116' title='bbox 1187 1639 1440 1694; x_wconf 80' lang='lat' dir='ltr'><strong>obduretis</strong></span> <span class='ocrx_word' id='word_1_117' title='bbox 1467 1646 1623 1693; x_wconf 84' lang='lat' dir='ltr'><strong>corda</strong></span> <span class='ocrx_word' id='word_1_118' title='bbox 1647 1649 1810 1692; x_wconf 75' lang='lat' dir='ltr'><strong>vestra</strong></span> <span class='ocrx_word' id='word_1_119' title='bbox 1830 1641 1958 1693; x_wconf 75' lang='lat' dir='ltr'><strong>sicut</strong></span> <span class='ocrx_word' id='word_1_120' title='bbox 1984 1640 2037 1694; x_wconf 87' lang='lat' dir='ltr'><strong>in</strong></span> 
     </span>
    </p>
   </div>
   <div class='ocr_carea' id='block_1_17' title="bbox 447 1731 2038 1806">
    <p class='ocr_par' dir='ltr' id='par_1_17' title="bbox 447 1731 2038 1806">
     <span class='ocr_line' id='line_1_17' title="bbox 447 1731 2038 1806; baseline -0.003 -16"><span class='ocrx_word' id='word_1_121' title='bbox 447 1735 825 1790; x_wconf 66' lang='lat' dir='ltr'><strong>acacerbatione</strong></span> <span class='ocrx_word' id='word_1_122' title='bbox 862 1732 1034 1806; x_wconf 81' lang='lat' dir='ltr'><strong>(Psal.</strong></span> <span class='ocrx_word' id='word_1_123' title='bbox 1075 1732 1167 1788; x_wconf 65' lang='lat'><strong>94.</strong></span> <span class='ocrx_word' id='word_1_124' title='bbox 1214 1731 1266 1787; x_wconf 89' lang='lat'><strong>8.</strong></span> <span class='ocrx_word' id='word_1_125' title='bbox 1313 1731 1402 1802; x_wconf 87' lang='lat'><strong>9);</strong></span> <span class='ocrx_word' id='word_1_126' title='bbox 1431 1741 1485 1786; x_wconf 88' lang='lat' dir='ltr'><strong>et</strong></span> <span class='ocrx_word' id='word_1_127' title='bbox 1513 1731 1596 1786; x_wconf 84' lang='lat' dir='ltr'><strong>his</strong></span> <span class='ocrx_word' id='word_1_128' title='bbox 1632 1731 2038 1802; x_wconf 77' lang='lat' dir='ltr'><strong>cegitatiouibus</strong></span> 
     </span>
    </p>
   </div>
   <div class='ocr_carea' id='block_1_18' title="bbox 449 1823 2041 1894">
    <p class='ocr_par' dir='ltr' id='par_1_18' title="bbox 449 1823 2041 1894">
     <span class='ocr_line' id='line_1_18' title="bbox 449 1823 2041 1894; baseline -0.004 -12"><span class='ocrx_word' id='word_1_129' title='bbox 449 1827 657 1882; x_wconf 77' lang='lat' dir='ltr'><strong>vinctos</strong></span> <span class='ocrx_word' id='word_1_130' title='bbox 683 1840 782 1880; x_wconf 88' lang='lat' dir='ltr'><strong>nos</strong></span> <span class='ocrx_word' id='word_1_131' title='bbox 826 1824 1174 1880; x_wconf 82' lang='lat' dir='ltr'><strong>attrahamus.</strong></span> <span class='ocrx_word' id='word_1_132' title='bbox 1217 1824 1272 1879; x_wconf 88' lang='lat'><strong>8.</strong></span> <span class='ocrx_word' id='word_1_133' title='bbox 1321 1823 1563 1876; x_wconf 80' lang='lat' dir='ltr'><strong>Auditum</strong></span> <span class='ocrx_word' id='word_1_134' title='bbox 1607 1826 1689 1894; x_wconf 82' lang='lat' dir='ltr'><strong>fas</strong></span> <span class='ocrx_word' id='word_1_135' title='bbox 1732 1823 1855 1876; x_wconf 81' lang='lat' dir='ltr'><strong>mihi</strong></span> <span class='ocrx_word' id='word_1_136' title='bbox 1892 1839 2041 1877; x_wconf 85' lang='lat' dir='ltr'><strong>mane</strong></span> 
     </span>
    </p>
   </div>
   <div class='ocr_carea' id='block_1_19' title="bbox 447 1913 2038 1986">
    <p class='ocr_par' dir='ltr' id='par_1_19' title="bbox 447 1913 2038 1986">
     <span class='ocr_line' id='line_1_19' title="bbox 447 1913 2038 1986; baseline -0.004 -14"><span class='ocrx_word' id='word_1_137' title='bbox 447 1916 848 1972; x_wconf 85' lang='lat' dir='ltr'><strong>misericordiam</strong></span> <span class='ocrx_word' id='word_1_138' title='bbox 875 1925 1035 1984; x_wconf 88' lang='lat' dir='ltr'><strong>tuam,</strong></span> <span class='ocrx_word' id='word_1_139' title='bbox 1065 1915 1303 1986; x_wconf 84' lang='lat' dir='ltr'><strong>quoniam</strong></span> <span class='ocrx_word' id='word_1_140' title='bbox 1327 1915 1381 1968; x_wconf 87' lang='lat' dir='ltr'><strong>in</strong></span> <span class='ocrx_word' id='word_1_141' title='bbox 1410 1923 1457 1968; x_wconf 85' lang='lat' dir='ltr'><strong>te</strong></span> <span class='ocrx_word' id='word_1_142' title='bbox 1482 1915 1702 1985; x_wconf 75' lang='lat' dir='ltr'><strong>speravi.</strong></span> <span class='ocrx_word' id='word_1_143' title='bbox 1731 1915 1902 1980; x_wconf 76' lang='lat' dir='ltr'><strong>Atius,</strong></span> <span class='ocrx_word' id='word_1_144' title='bbox 1931 1913 2038 1967; x_wconf 84' lang='lat' dir='ltr'><strong>Au-</strong></span> 
     </span>
    </p>
   </div>
   <div class='ocr_carea' id='block_1_20' title="bbox 449 2005 2036 2080">
    <p class='ocr_par' dir='ltr' id='par_1_20' title="bbox 449 2005 2036 2080">
     <span class='ocr_line' id='line_1_20' title="bbox 449 2005 2036 2080; baseline -0.003 -16"><span class='ocrx_word' id='word_1_145' title='bbox 449 2010 609 2064; x_wconf 80' lang='lat' dir='ltr'><strong>ditam</strong></span> <span class='ocrx_word' id='word_1_146' title='bbox 638 2008 721 2080; x_wconf 74' lang='lat' dir='ltr'><strong>[ac</strong></span> <span class='ocrx_word' id='word_1_147' title='bbox 747 2007 873 2062; x_wconf 82' lang='lat' dir='ltr'><strong>mihi</strong></span> <span class='ocrx_word' id='word_1_148' title='bbox 895 2024 960 2063; x_wconf 77' lang='lat' dir='ltr'><strong>es;</strong></span> <span class='ocrx_word' id='word_1_149' title='bbox 985 2007 1234 2061; x_wconf 83' lang='lat' dir='ltr'><strong>matutino</strong></span> <span class='ocrx_word' id='word_1_150' title='bbox 1259 2006 1657 2061; x_wconf 82' lang='lat' dir='ltr'><strong>misericordiam</strong></span> <span class='ocrx_word' id='word_1_151' title='bbox 1681 2015 1818 2059; x_wconf 79' lang='lat' dir='ltr'><strong>tuam</strong></span> <span class='ocrx_word' id='word_1_152' title='bbox 1851 2005 1949 2076; x_wconf 82' lang='grc' dir='ltr'><strong>(α),</strong></span> <span class='ocrx_word' id='word_1_153' title='bbox 1981 2005 2036 2060; x_wconf 91' lang='lat' dir='ltr'><strong>id</strong></span> 
     </span>
    </p>
   </div>
   <div class='ocr_carea' id='block_1_21' title="bbox 443 2101 842 2170">
    <p class='ocr_par' dir='ltr' id='par_1_21' title="bbox 443 2101 842 2170">
     <span class='ocr_line' id='line_1_21' title="bbox 443 2101 842 2170; baseline -0.013 -11"><span class='ocrx_word' id='word_1_154' title='bbox 443 2112 548 2170; x_wconf 89' lang='lat' dir='ltr'><strong>est,</strong></span> <span class='ocrx_word' id='word_1_155' title='bbox 576 2101 842 2158; x_wconf 85' lang='lat' dir='ltr'><strong>celeriter.</strong></span> 
     </span>
    </p>
   </div>
   <div class='ocr_carea' id='block_1_22' title="bbox 518 2189 2038 2260">
    <p class='ocr_par' dir='ltr' id='par_1_22' title="bbox 518 2189 2038 2260">
     <span class='ocr_line' id='line_1_22' title="bbox 518 2189 2038 2260; baseline -0.003 -11"><span class='ocrx_word' id='word_1_156' title='bbox 518 2194 578 2251; x_wconf 85' lang='lat'><strong>6.</strong></span> <span class='ocrx_word' id='word_1_157' title='bbox 616 2192 810 2248; x_wconf 79' lang='lat' dir='ltr'><strong>Vidisti</strong></span> <span class='ocrx_word' id='word_1_158' title='bbox 834 2191 1086 2247; x_wconf 80' lang='lat' dir='ltr'><strong>afﬂictam</strong></span> <span class='ocrx_word' id='word_1_159' title='bbox 1117 2198 1169 2245; x_wconf 90' lang='lat' dir='ltr'><strong>et</strong></span> <span class='ocrx_word' id='word_1_160' title='bbox 1215 2189 1576 2260; x_wconf 83' lang='lat' dir='ltr'><strong>perturbatam</strong></span> <span class='ocrx_word' id='word_1_161' title='bbox 1617 2189 2038 2245; x_wconf 71' lang='lat' dir='ltr'><strong>animam?V-ult</strong></span> 
     </span>
    </p>
   </div>
   <div class='ocr_carea' id='block_1_23' title="bbox 444 2280 2037 2352">
    <p class='ocr_par' dir='ltr' id='par_1_23' title="bbox 444 2280 2037 2352">
     <span class='ocr_line' id='line_1_23' title="bbox 444 2280 2037 2352; baseline -0.003 -12"><span class='ocrx_word' id='word_1_162' title='bbox 444 2285 589 2342; x_wconf 87' lang='lat' dir='ltr'><strong>enim</strong></span> <span class='ocrx_word' id='word_1_163' title='bbox 630 2283 800 2338; x_wconf 84' lang='lat' dir='ltr'><strong>audiri</strong></span> <span class='ocrx_word' id='word_1_164' title='bbox 839 2292 963 2337; x_wconf 87' lang='lat' dir='ltr'><strong>ante</strong></span> <span class='ocrx_word' id='word_1_165' title='bbox 1015 2280 1420 2352; x_wconf 81' lang='lat' dir='ltr'><strong>experientiam,</strong></span> <span class='ocrx_word' id='word_1_166' title='bbox 1465 2291 1523 2334; x_wconf 92' lang='lat' dir='ltr'><strong>ut</strong></span> <span class='ocrx_word' id='word_1_167' title='bbox 1568 2295 1663 2349; x_wconf 90' lang='lat' dir='ltr'><strong>spe</strong></span> <span class='ocrx_word' id='word_1_168' title='bbox 1707 2281 1940 2351; x_wconf 78' lang='lat' dir='ltr'><strong>erigatur</strong></span> <span class='ocrx_word' id='word_1_169' title='bbox 1983 2290 2037 2336; x_wconf 86' lang='lat' dir='ltr'><strong>et</strong></span> 
     </span>
    </p>
   </div>
   <div class='ocr_carea' id='block_1_24' title="bbox 446 2373 2037 2448">
    <p class='ocr_par' dir='ltr' id='par_1_24' title="bbox 446 2373 2037 2448">
     <span class='ocr_line' id='line_1_24' title="bbox 446 2373 2037 2448; baseline -0.003 -15"><span class='ocrx_word' id='word_1_170' title='bbox 446 2378 866 2448; x_wconf 77' lang='lat' dir='ltr'><strong>exspectatione.</strong></span> <span class='ocrx_word' id='word_1_171' title='bbox 909 2373 1024 2430; x_wconf 79' lang='lat' dir='ltr'><strong>Hoc</strong></span> <span class='ocrx_word' id='word_1_172' title='bbox 1054 2380 1140 2430; x_wconf 84' lang='lat' dir='ltr'><strong>est</strong></span> <span class='ocrx_word' id='word_1_173' title='bbox 1175 2381 1354 2428; x_wconf 89' lang='lat' dir='ltr'><strong>autem</strong></span> <span class='ocrx_word' id='word_1_174' title='bbox 1393 2375 1534 2443; x_wconf 88' lang='lat' dir='ltr'><strong>quod</strong></span> <span class='ocrx_word' id='word_1_175' title='bbox 1569 2373 1701 2428; x_wconf 82' lang='lat' dir='ltr'><strong>dicit</strong></span> <span class='ocrx_word' id='word_1_176' title='bbox 1748 2391 1763 2428; x_wconf 90' lang='lat'><strong>:</strong></span> <span class='ocrx_word' id='word_1_177' title='bbox 1807 2373 1912 2428; x_wconf 81' lang='lat' dir='ltr'><strong>Fac</strong></span> <span class='ocrx_word' id='word_1_178' title='bbox 1950 2389 2037 2429; x_wconf 84' lang='lat' dir='ltr'><strong>me</strong></span> 
     </span>
    </p>
   </div>
   <div class='ocr_carea' id='block_1_25' title="bbox 445 2466 2035 2541">
    <p class='ocr_par' dir='ltr' id='par_1_25' title="bbox 445 2466 2035 2541">
     <span class='ocr_line' id='line_1_25' title="bbox 445 2466 2035 2541; baseline -0.002 -16"><span class='ocrx_word' id='word_1_179' title='bbox 445 2482 688 2541; x_wconf 74' lang='lat' dir='ltr'><strong>surgere,</strong></span> <span class='ocrx_word' id='word_1_180' title='bbox 714 2477 776 2524; x_wconf 85' lang='lat' dir='ltr'><strong>ut</strong></span> <span class='ocrx_word' id='word_1_181' title='bbox 805 2467 1072 2538; x_wconf 83' lang='lat' dir='ltr'><strong>pollicitus</strong></span> <span class='ocrx_word' id='word_1_182' title='bbox 1109 2482 1190 2534; x_wconf 88' lang='lat' dir='ltr'><strong>es,</strong></span> <span class='ocrx_word' id='word_1_183' title='bbox 1229 2467 1427 2536; x_wconf 82' lang='lat' dir='ltr'><strong>justam</strong></span> <span class='ocrx_word' id='word_1_184' title='bbox 1475 2466 1668 2522; x_wconf 88' lang='lat' dir='ltr'><strong>deinde</strong></span> <span class='ocrx_word' id='word_1_185' title='bbox 1714 2467 2035 2536; x_wconf 82' lang='lat' dir='ltr'><strong>impetrandi</strong></span> 
     </span>
    </p>
   </div>
   <div class='ocr_carea' id='block_1_26' title="bbox 445 2557 2035 2630">
    <p class='ocr_par' dir='ltr' id='par_1_26' title="bbox 445 2557 2035 2630">
     <span class='ocr_line' id='line_1_26' title="bbox 445 2557 2035 2630; baseline -0.003 -12"><span class='ocrx_word' id='word_1_186' title='bbox 445 2575 662 2618; x_wconf 76' lang='lat' dir='ltr'><strong>causam</strong></span> <span class='ocrx_word' id='word_1_187' title='bbox 689 2559 890 2630; x_wconf 85' lang='lat' dir='ltr'><strong>adjicit.</strong></span> <span class='ocrx_word' id='word_1_188' title='bbox 933 2557 1074 2624; x_wconf 80' lang='lat' dir='ltr'><strong>Quia</strong></span> <span class='ocrx_word' id='word_1_189' title='bbox 1111 2558 1167 2613; x_wconf 91' lang='lat' dir='ltr'><strong>in</strong></span> <span class='ocrx_word' id='word_1_190' title='bbox 1211 2567 1258 2612; x_wconf 88' lang='lat' dir='ltr'><strong>te</strong></span> <span class='ocrx_word' id='word_1_191' title='bbox 1295 2559 1510 2628; x_wconf 77' lang='lat' dir='ltr'><strong>speravi.</strong></span> <span class='ocrx_word' id='word_1_192' title='bbox 1546 2557 1689 2613; x_wconf 86' lang='lat' dir='ltr'><strong>Deus</strong></span> <span class='ocrx_word' id='word_1_193' title='bbox 1729 2557 1873 2612; x_wconf 89' lang='lat' dir='ltr'><strong>enim</strong></span> <span class='ocrx_word' id='word_1_194' title='bbox 1904 2558 2035 2613; x_wconf 73' lang='lat' dir='ltr'><strong>nihil</strong></span> 
     </span>
    </p>
   </div>
   <div class='ocr_carea' id='block_1_27' title="bbox 447 2650 2036 2722">
    <p class='ocr_par' dir='ltr' id='par_1_27' title="bbox 447 2650 2036 2722">
     <span class='ocr_line' id='line_1_27' title="bbox 447 2650 2036 2722; baseline -0.001 -14"><span class='ocrx_word' id='word_1_195' title='bbox 447 2661 556 2708; x_wconf 81' lang='lat' dir='ltr'><strong>tam</strong></span> <span class='ocrx_word' id='word_1_196' title='bbox 584 2651 830 2722; x_wconf 80' lang='lat' dir='ltr'><strong>requirit,</strong></span> <span class='ocrx_word' id='word_1_197' title='bbox 861 2665 1019 2722; x_wconf 89' lang='lat' dir='ltr'><strong>quam</strong></span> <span class='ocrx_word' id='word_1_198' title='bbox 1057 2659 1117 2705; x_wconf 86' lang='lat' dir='ltr'><strong>ut</strong></span> <span class='ocrx_word' id='word_1_199' title='bbox 1144 2665 1266 2706; x_wconf 88' lang='lat' dir='ltr'><strong>eum</strong></span> <span class='ocrx_word' id='word_1_200' title='bbox 1293 2665 1509 2721; x_wconf 89' lang='lat' dir='ltr'><strong>semper</strong></span> <span class='ocrx_word' id='word_1_201' title='bbox 1537 2650 1856 2715; x_wconf 84' lang='lat' dir='ltr'><strong>intueamur,</strong></span> <span class='ocrx_word' id='word_1_202' title='bbox 1876 2661 1940 2708; x_wconf 83' lang='lat' dir='ltr'><strong>et</strong></span> <span class='ocrx_word' id='word_1_203' title='bbox 1967 2651 2036 2706; x_wconf 76' lang='lat' dir='ltr'><strong>ab</strong></span> 
     </span>
    </p>
   </div>
   <div class='ocr_carea' id='block_1_28' title="bbox 446 2741 2035 2817">
    <p class='ocr_par' dir='ltr' id='par_1_28' title="bbox 446 2741 2035 2817">
     <span class='ocr_line' id='line_1_28' title="bbox 446 2741 2035 2817; baseline -0.004 -15"><span class='ocrx_word' id='word_1_204' title='bbox 446 2759 514 2802; x_wconf 89' lang='lat' dir='ltr'><strong>eo</strong></span> <span class='ocrx_word' id='word_1_205' title='bbox 539 2757 796 2817; x_wconf 82' lang='lat' dir='ltr'><strong>perpetuo</strong></span> <span class='ocrx_word' id='word_1_206' title='bbox 823 2743 1171 2814; x_wconf 79' lang='lat' dir='ltr'><strong>pettdcamus.</strong></span> <span class='ocrx_word' id='word_1_207' title='bbox 1204 2741 1396 2797; x_wconf 86' lang='lat' dir='ltr'><strong>Notam</strong></span> <span class='ocrx_word' id='word_1_208' title='bbox 1425 2745 1510 2813; x_wconf 76' lang='lat' dir='ltr'><strong>[ac</strong></span> <span class='ocrx_word' id='word_1_209' title='bbox 1535 2741 1662 2796; x_wconf 84' lang='lat' dir='ltr'><strong>mihi</strong></span> <span class='ocrx_word' id='word_1_210' title='bbox 1685 2743 1820 2796; x_wconf 73' lang='lat' dir='ltr'><strong>ciant</strong></span> <span class='ocrx_word' id='word_1_211' title='bbox 1856 2743 1908 2796; x_wconf 86' lang='lat' dir='ltr'><strong>in</strong></span> <span class='ocrx_word' id='word_1_212' title='bbox 1933 2759 2035 2813; x_wconf 78' lang='lat' dir='ltr'><strong>qua</strong></span> 
     </span>
    </p>
   </div>
   <div class='ocr_carea' id='block_1_29' title="bbox 446 2832 2033 2905">
    <p class='ocr_par' dir='ltr' id='par_1_29' title="bbox 446 2832 2033 2905">
     <span class='ocr_line' id='line_1_29' title="bbox 446 2832 2033 2905; baseline -0.003 -14"><span class='ocrx_word' id='word_1_213' title='bbox 446 2835 700 2891; x_wconf 72' lang='lat' dir='ltr'><strong>ambulem</strong></span> <span class='ocrx_word' id='word_1_214' title='bbox 730 2852 748 2890; x_wconf 89' lang='lat'><strong><em>:</em></strong></span> <span class='ocrx_word' id='word_1_215' title='bbox 771 2836 890 2905; x_wconf 82' lang='lat' dir='ltr'><strong>quia</strong></span> <span class='ocrx_word' id='word_1_216' title='bbox 913 2834 982 2888; x_wconf 83' lang='lat' dir='ltr'><strong>ad</strong></span> <span class='ocrx_word' id='word_1_217' title='bbox 1003 2843 1051 2887; x_wconf 92' lang='lat' dir='ltr'><strong>te</strong></span> <span class='ocrx_word' id='word_1_218' title='bbox 1069 2833 1225 2887; x_wconf 68' lang='lat' dir='ltr'><strong>levavi</strong></span> <span class='ocrx_word' id='word_1_219' title='bbox 1248 2833 1471 2886; x_wconf 81' lang='lat' dir='ltr'><strong>animum</strong></span> <span class='ocrx_word' id='word_1_220' title='bbox 1495 2848 1678 2887; x_wconf 84' lang='lat' dir='ltr'><strong>meam.</strong></span> <span class='ocrx_word' id='word_1_221' title='bbox 1702 2832 1837 2900; x_wconf 85' lang='lat' dir='ltr'><strong>Quid</strong></span> <span class='ocrx_word' id='word_1_222' title='bbox 1860 2832 2033 2888; x_wconf 70' lang='lat' dir='ltr'><strong>dicis?</strong></span> 
     </span>
    </p>
   </div>
   <div class='ocr_carea' id='block_1_30' title="bbox 445 2923 2034 2994">
    <p class='ocr_par' dir='ltr' id='par_1_30' title="bbox 445 2923 2034 2994">
     <span class='ocr_line' id='line_1_30' title="bbox 445 2923 2034 2994; baseline -0.003 -12"><span class='ocrx_word' id='word_1_223' title='bbox 445 2942 569 2982; x_wconf 90' lang='lat' dir='ltr'><strong>cum</strong></span> <span class='ocrx_word' id='word_1_224' title='bbox 596 2935 650 2982; x_wconf 92' lang='lat' dir='ltr'><strong>et</strong></span> <span class='ocrx_word' id='word_1_225' title='bbox 677 2935 865 2980; x_wconf 88' lang='lat' dir='ltr'><strong>natura</strong></span> <span class='ocrx_word' id='word_1_226' title='bbox 893 2923 1090 2978; x_wconf 79' lang='lat' dir='ltr'><strong>habeat</strong></span> <span class='ocrx_word' id='word_1_227' title='bbox 1125 2923 1294 2992; x_wconf 82' lang='lat' dir='ltr'><strong>legem</strong></span> <span class='ocrx_word' id='word_1_228' title='bbox 1333 2923 1402 2978; x_wconf 89' lang='lat' dir='ltr'><strong>ab</strong></span> <span class='ocrx_word' id='word_1_229' title='bbox 1429 2923 1581 2977; x_wconf 88' lang='lat' dir='ltr'><strong>initio</strong></span> <span class='ocrx_word' id='word_1_230' title='bbox 1604 2936 1636 2976; x_wconf 86' lang='lat' dir='ltr'><strong>a</strong></span> <span class='ocrx_word' id='word_1_231' title='bbox 1671 2923 1782 2978; x_wconf 90' lang='lat' dir='ltr'><strong>Deo</strong></span> <span class='ocrx_word' id='word_1_232' title='bbox 1812 2923 2034 2994; x_wconf 80' lang='lat' dir='ltr'><strong>imposi-</strong></span> 
     </span>
    </p>
   </div>
   <div class='ocr_carea' id='block_1_31' title="bbox 449 3014 2029 3085">
    <p class='ocr_par' dir='ltr' id='par_1_31' title="bbox 449 3014 2029 3085">
     <span class='ocr_line' id='line_1_31' title="bbox 449 3014 2029 3085; baseline -0.003 -12"><span class='ocrx_word' id='word_1_233' title='bbox 449 3029 580 3085; x_wconf 86' lang='lat' dir='ltr'><strong>tam,</strong></span> <span class='ocrx_word' id='word_1_234' title='bbox 607 3027 662 3073; x_wconf 86' lang='lat' dir='ltr'><strong>et</strong></span> <span class='ocrx_word' id='word_1_235' title='bbox 702 3015 947 3072; x_wconf 69' lang='lat' dir='ltr'><strong>Mosaicae</strong></span> <span class='ocrx_word' id='word_1_236' title='bbox 975 3015 1119 3083; x_wconf 75' lang='lat' dir='ltr'><strong>leges</strong></span> <span class='ocrx_word' id='word_1_237' title='bbox 1153 3028 1273 3070; x_wconf 82' lang='lat' dir='ltr'><strong>eam</strong></span> <span class='ocrx_word' id='word_1_238' title='bbox 1303 3025 1582 3080; x_wconf 83' lang='lat' dir='ltr'><strong>renovent,</strong></span> <span class='ocrx_word' id='word_1_239' title='bbox 1617 3014 1746 3084; x_wconf 89' lang='lat' dir='ltr'><strong>quid</strong></span> <span class='ocrx_word' id='word_1_240' title='bbox 1791 3015 1885 3069; x_wconf 84' lang='lat' dir='ltr'><strong>tibi</strong></span> <span class='ocrx_word' id='word_1_241' title='bbox 1928 3015 2029 3081; x_wconf 73' lang='lat' dir='ltr'><strong>vis,</strong></span> 
     </span>
    </p>
   </div>
   <div class='ocr_carea' id='block_1_32' title="bbox 449 3103 2033 3178">
    <p class='ocr_par' dir='ltr' id='par_1_32' title="bbox 449 3103 2033 3178">
     <span class='ocr_line' id='line_1_32' title="bbox 449 3103 2033 3178; baseline -0.003 -14"><span class='ocrx_word' id='word_1_242' title='bbox 449 3123 635 3164; x_wconf 86' lang='lat' dir='ltr'><strong>rursus</strong></span> <span class='ocrx_word' id='word_1_243' title='bbox 651 3109 844 3162; x_wconf 82' lang='lat' dir='ltr'><strong>dicens</strong></span> <span class='ocrx_word' id='word_1_244' title='bbox 873 3124 886 3159; x_wconf 90' lang='lat'><strong>:</strong></span> <span class='ocrx_word' id='word_1_245' title='bbox 921 3104 1110 3160; x_wconf 85' lang='lat' dir='ltr'><strong>Notam</strong></span> <span class='ocrx_word' id='word_1_246' title='bbox 1141 3109 1223 3178; x_wconf 78' lang='lat' dir='ltr'><strong>{ac</strong></span> <span class='ocrx_word' id='word_1_247' title='bbox 1247 3105 1392 3172; x_wconf 77' lang='lat' dir='ltr'><strong>mihi,</strong></span> <span class='ocrx_word' id='word_1_248' title='bbox 1423 3103 1656 3170; x_wconf 85' lang='lat' dir='ltr'><strong>Domine,</strong></span> <span class='ocrx_word' id='word_1_249' title='bbox 1699 3107 1830 3159; x_wconf 78' lang='lat' dir='ltr'><strong>uiam</strong></span> <span class='ocrx_word' id='word_1_250' title='bbox 1855 3106 1908 3158; x_wconf 86' lang='lat' dir='ltr'><strong>in</strong></span> <span class='ocrx_word' id='word_1_251' title='bbox 1935 3122 2033 3176; x_wconf 86' lang='lat' dir='ltr'><strong>qua</strong></span> 
     </span>
    </p>
   </div>
   <div class='ocr_carea' id='block_1_33' title="bbox 445 3195 2032 3265">
    <p class='ocr_par' dir='ltr' id='par_1_33' title="bbox 445 3195 2032 3265">
     <span class='ocr_line' id='line_1_33' title="bbox 445 3195 2032 3265; baseline -0.001 -14"><span class='ocrx_word' id='word_1_252' title='bbox 445 3197 739 3252; x_wconf 76' lang='lat' dir='ltr'><strong>ambulem?</strong></span> <span class='ocrx_word' id='word_1_253' title='bbox 779 3195 875 3250; x_wconf 84' lang='lat' dir='ltr'><strong>Vel</strong></span> <span class='ocrx_word' id='word_1_254' title='bbox 916 3195 1021 3250; x_wconf 80' lang='lat' dir='ltr'><strong>hoc</strong></span> <span class='ocrx_word' id='word_1_255' title='bbox 1047 3208 1177 3265; x_wconf 73' lang='lat' dir='ltr'><strong>ergo</strong></span> <span class='ocrx_word' id='word_1_256' title='bbox 1205 3195 1559 3264; x_wconf 80' lang='lat' dir='ltr'><strong>dici-potest:</strong></span> <span class='ocrx_word' id='word_1_257' title='bbox 1601 3195 1861 3262; x_wconf 84' lang='lat' dir='ltr'><strong>Quoniam</strong></span> <span class='ocrx_word' id='word_1_258' title='bbox 1901 3207 2032 3250; x_wconf 87' lang='lat' dir='ltr'><strong>con-</strong></span> 
     </span>
    </p>
   </div>
   <div class='ocr_carea' id='block_1_34' title="bbox 445 3284 2028 3354">
    <p class='ocr_par' dir='ltr' id='par_1_34' title="bbox 445 3284 2028 3354">
     <span class='ocr_line' id='line_1_34' title="bbox 445 3284 2028 3354; baseline -0.003 -10"><span class='ocrx_word' id='word_1_259' title='bbox 445 3288 670 3344; x_wconf 83' lang='lat' dir='ltr'><strong>scientia</strong></span> <span class='ocrx_word' id='word_1_260' title='bbox 700 3301 817 3341; x_wconf 80' lang='lat' dir='ltr'><strong>tnca</strong></span> <span class='ocrx_word' id='word_1_261' title='bbox 843 3286 1038 3340; x_wconf 87' lang='lat' dir='ltr'><strong>obruta</strong></span> <span class='ocrx_word' id='word_1_262' title='bbox 1066 3294 1148 3340; x_wconf 86' lang='lat' dir='ltr'><strong>est</strong></span> <span class='ocrx_word' id='word_1_263' title='bbox 1167 3299 1198 3338; x_wconf 91' lang='lat' dir='ltr'><strong>a</strong></span> <span class='ocrx_word' id='word_1_264' title='bbox 1226 3284 1372 3347; x_wconf 78' lang='lat' dir='ltr'><strong>vitio,</strong></span> <span class='ocrx_word' id='word_1_265' title='bbox 1399 3300 1530 3354; x_wconf 81' lang='lat' dir='ltr'><strong>rogo</strong></span> <span class='ocrx_word' id='word_1_266' title='bbox 1552 3293 1609 3338; x_wconf 92' lang='lat' dir='ltr'><strong>ut</strong></span> <span class='ocrx_word' id='word_1_267' title='bbox 1636 3300 1698 3340; x_wconf 90' lang='lat' dir='ltr'><strong>ea</strong></span> <span class='ocrx_word' id='word_1_268' title='bbox 1725 3295 2028 3340; x_wconf 81' lang='lat' dir='ltr'><strong>renovetur.</strong></span> 
     </span>
    </p>
   </div>
   <div class='ocr_carea' id='block_1_35' title="bbox 449 3375 2032 3446">
    <p class='ocr_par' dir='ltr' id='par_1_35' title="bbox 449 3375 2032 3446">
     <span class='ocr_line' id='line_1_35' title="bbox 449 3375 2032 3446; baseline -0.003 -11"><span class='ocrx_word' id='word_1_269' title='bbox 449 3379 544 3435; x_wconf 83' lang='lat' dir='ltr'><strong>Vel</strong></span> <span class='ocrx_word' id='word_1_270' title='bbox 567 3379 652 3434; x_wconf 73' lang='lat' dir='ltr'><strong>[sic</strong></span> <span class='ocrx_word' id='word_1_271' title='bbox 683 3379 821 3432; x_wconf 73' lang='lat' dir='ltr'><strong>viam</strong></span> <span class='ocrx_word' id='word_1_272' title='bbox 852 3377 979 3431; x_wconf 81' lang='lat' dir='ltr'><strong>dicit</strong></span> <span class='ocrx_word' id='word_1_273' title='bbox 1016 3377 1180 3431; x_wconf 80' lang='lat' dir='ltr'><strong>multa</strong></span> <span class='ocrx_word' id='word_1_274' title='bbox 1224 3391 1407 3429; x_wconf 82' lang='lat' dir='ltr'><strong>eorum</strong></span> <span class='ocrx_word' id='word_1_275' title='bbox 1450 3391 1570 3446; x_wconf 74' lang='lat' dir='ltr'><strong>qua:</strong></span> <span class='ocrx_word' id='word_1_276' title='bbox 1615 3375 1928 3446; x_wconf 81' lang='lat' dir='ltr'><strong>ignorantur</strong></span> <span class='ocrx_word' id='word_1_277' title='bbox 1965 3376 2032 3431; x_wconf 77' lang='lat' dir='ltr'><strong>ab</strong></span> 
     </span>
    </p>
   </div>
   <div class='ocr_carea' id='block_1_36' title="bbox 449 3467 2028 3539">
    <p class='ocr_par' dir='ltr' id='par_1_36' title="bbox 449 3467 2028 3539">
     <span class='ocr_line' id='line_1_36' title="bbox 449 3467 2028 3539; baseline -0.003 -14"><span class='ocrx_word' id='word_1_278' title='bbox 449 3470 770 3533; x_wconf 71' lang='lat' dir='ltr'><strong>[nominibus,</strong></span> <span class='ocrx_word' id='word_1_279' title='bbox 811 3468 1258 3539; x_wconf 76' lang='lat' dir='ltr'><strong>quemadmodum</strong></span> <span class='ocrx_word' id='word_1_280' title='bbox 1301 3467 1496 3522; x_wconf 83' lang='lat' dir='ltr'><strong>Paulus</strong></span> <span class='ocrx_word' id='word_1_281' title='bbox 1529 3483 1740 3538; x_wconf 85' lang='lat' dir='ltr'><strong>quoque</strong></span> <span class='ocrx_word' id='word_1_282' title='bbox 1777 3468 2028 3535; x_wconf 79' lang='lat' dir='ltr'><strong>ostendit,</strong></span> 
     </span>
    </p>
   </div>
   <div class='ocr_carea' id='block_1_37' title="bbox 447 3559 2033 3626">
    <p class='ocr_par' dir='ltr' id='par_1_37' title="bbox 447 3559 2033 3626">
     <span class='ocr_line' id='line_1_37' title="bbox 447 3559 2033 3626; baseline -0.003 -8"><span class='ocrx_word' id='word_1_283' title='bbox 447 3563 632 3617; x_wconf 87' lang='lat' dir='ltr'><strong>dicens</strong></span> <span class='ocrx_word' id='word_1_284' title='bbox 679 3578 694 3616; x_wconf 88' lang='lat'><strong>:</strong></span> <span class='ocrx_word' id='word_1_285' title='bbox 744 3559 880 3624; x_wconf 83' lang='lat' dir='ltr'><strong>Quid</strong></span> <span class='ocrx_word' id='word_1_286' title='bbox 929 3560 1062 3613; x_wconf 69' lang='lat' dir='ltr'><strong>enim</strong></span> <span class='ocrx_word' id='word_1_287' title='bbox 1111 3575 1310 3612; x_wconf 85' lang='lat' dir='ltr'><strong>oremus</strong></span> <span class='ocrx_word' id='word_1_288' title='bbox 1351 3559 1478 3611; x_wconf 81' lang='lat' dir='ltr'><strong>sicut</strong></span> <span class='ocrx_word' id='word_1_289' title='bbox 1526 3568 1737 3626; x_wconf 60' lang='lat' dir='ltr'><strong>operest,</strong></span> <span class='ocrx_word' id='word_1_290' title='bbox 1785 3559 2033 3613; x_wconf 69' lang='lat' dir='ltr'><strong>nescimus</strong></span> 
     </span>
    </p>
   </div>
   <div class='ocr_carea' id='block_1_38' title="bbox 447 3649 2033 3723">
    <p class='ocr_par' dir='ltr' id='par_1_38' title="bbox 447 3649 2033 3723">
     <span class='ocr_line' id='line_1_38' title="bbox 447 3649 2033 3723; baseline -0.002 -15"><span class='ocrx_word' id='word_1_291' title='bbox 447 3653 627 3723; x_wconf 82' lang='lat' dir='ltr'><strong>(Rom.</strong></span> <span class='ocrx_word' id='word_1_292' title='bbox 658 3651 712 3707; x_wconf 88' lang='lat'><strong>8.</strong></span> <span class='ocrx_word' id='word_1_293' title='bbox 738 3650 857 3722; x_wconf 71' lang='grc'><strong>26).</strong></span> <span class='ocrx_word' id='word_1_294' title='bbox 886 3651 942 3705; x_wconf 90' lang='lat' dir='ltr'><strong>Si</strong></span> <span class='ocrx_word' id='word_1_295' title='bbox 967 3659 1144 3704; x_wconf 82' lang='lat' dir='ltr'><strong>autem</strong></span> <span class='ocrx_word' id='word_1_296' title='bbox 1175 3650 1369 3705; x_wconf 89' lang='lat' dir='ltr'><strong>Paulus</strong></span> <span class='ocrx_word' id='word_1_297' title='bbox 1398 3649 1500 3705; x_wconf 85' lang='lat' dir='ltr'><strong>ltoc</strong></span> <span class='ocrx_word' id='word_1_298' title='bbox 1525 3651 1733 3719; x_wconf 78' lang='lat' dir='ltr'><strong>ignorat</strong></span> <span class='ocrx_word' id='word_1_299' title='bbox 1765 3661 1887 3721; x_wconf 86' lang='lat' dir='ltr'><strong>post</strong></span> <span class='ocrx_word' id='word_1_300' title='bbox 1915 3659 2033 3705; x_wconf 78' lang='lat' dir='ltr'><strong>tan-</strong></span> 
     </span>
    </p>
   </div>
   <div class='ocr_carea' id='block_1_39' title="bbox 447 3741 2034 3814">
    <p class='ocr_par' dir='ltr' id='par_1_39' title="bbox 447 3741 2034 3814">
     <span class='ocr_line' id='line_1_39' title="bbox 447 3741 2034 3814; baseline -0.002 -13"><span class='ocrx_word' id='word_1_301' title='bbox 447 3755 557 3800; x_wconf 86' lang='lat' dir='ltr'><strong>tam</strong></span> <span class='ocrx_word' id='word_1_302' title='bbox 581 3743 937 3814; x_wconf 79' lang='lat' dir='ltr'><strong>cognitionem</strong></span> <span class='ocrx_word' id='word_1_303' title='bbox 959 3784 974 3808; x_wconf 91' lang='lat'><strong>,</strong></span> <span class='ocrx_word' id='word_1_304' title='bbox 1005 3741 1128 3812; x_wconf 79' lang='lat' dir='ltr'><strong>quid</strong></span> <span class='ocrx_word' id='word_1_305' title='bbox 1161 3742 1375 3796; x_wconf 86' lang='lat' dir='ltr'><strong>miraris</strong></span> <span class='ocrx_word' id='word_1_306' title='bbox 1399 3743 1443 3796; x_wconf 92' lang='lat' dir='ltr'><strong>si</strong></span> <span class='ocrx_word' id='word_1_307' title='bbox 1471 3741 1558 3796; x_wconf 90' lang='lat' dir='ltr'><strong>hic</strong></span> <span class='ocrx_word' id='word_1_308' title='bbox 1583 3758 1792 3812; x_wconf 81' lang='lat' dir='ltr'><strong>quoque</strong></span> <span class='ocrx_word' id='word_1_309' title='bbox 1822 3743 1921 3798; x_wconf 83' lang='lat' dir='ltr'><strong>hoc</strong></span> <span class='ocrx_word' id='word_1_310' title='bbox 1947 3742 2034 3798; x_wconf 85' lang='lat' dir='ltr'><strong>di-</strong></span> 
     </span>
    </p>
   </div>
   <div class='ocr_carea' id='block_1_40' title="bbox 443 3833 2032 3904">
    <p class='ocr_par' dir='ltr' id='par_1_40' title="bbox 443 3833 2032 3904">
     <span class='ocr_line' id='line_1_40' title="bbox 443 3833 2032 3904; baseline -0.001 -13"><span class='ocrx_word' id='word_1_311' title='bbox 443 3835 570 3892; x_wconf 73' lang='lat' dir='ltr'><strong>cat?</strong></span> <span class='ocrx_word' id='word_1_312' title='bbox 597 3835 732 3892; x_wconf 89' lang='lat' dir='ltr'><strong>Vide</strong></span> <span class='ocrx_word' id='word_1_313' title='bbox 769 3843 950 3890; x_wconf 81' lang='lat' dir='ltr'><strong>autem</strong></span> <span class='ocrx_word' id='word_1_314' title='bbox 991 3849 1112 3888; x_wconf 86' lang='lat' dir='ltr'><strong>eum</strong></span> <span class='ocrx_word' id='word_1_315' title='bbox 1143 3833 1272 3888; x_wconf 83' lang='lat' dir='ltr'><strong>nihil</strong></span> <span class='ocrx_word' id='word_1_316' title='bbox 1301 3834 1494 3888; x_wconf 82' lang='lat' dir='ltr'><strong>sensile</strong></span> <span class='ocrx_word' id='word_1_317' title='bbox 1523 3833 1612 3888; x_wconf 88' lang='lat' dir='ltr'><strong>hic</strong></span> <span class='ocrx_word' id='word_1_318' title='bbox 1647 3849 1906 3904; x_wconf 68' lang='lat' dir='ltr'><strong>quaerere,</strong></span> <span class='ocrx_word' id='word_1_319' title='bbox 1937 3835 2032 3890; x_wconf 85' lang='lat' dir='ltr'><strong>sed</strong></span> 
     </span>
    </p>
   </div>
   <div class='ocr_carea' id='block_1_41' title="bbox 443 3925 2030 3998">
    <p class='ocr_par' dir='ltr' id='par_1_41' title="bbox 443 3925 2030 3998">
     <span class='ocr_line' id='line_1_41' title="bbox 443 3925 2030 3998; baseline 0.001 -18"><span class='ocrx_word' id='word_1_320' title='bbox 443 3929 588 3983; x_wconf 75' lang='lat' dir='ltr'><strong>viam</strong></span> <span class='ocrx_word' id='word_1_321' title='bbox 611 3943 728 3998; x_wconf 70' lang='lat' dir='ltr'><strong>qua:</strong></span> <span class='ocrx_word' id='word_1_322' title='bbox 757 3925 825 3981; x_wconf 90' lang='lat' dir='ltr'><strong>ad</strong></span> <span class='ocrx_word' id='word_1_323' title='bbox 858 3926 1022 3980; x_wconf 83' lang='lat' dir='ltr'><strong>Deum</strong></span> <span class='ocrx_word' id='word_1_324' title='bbox 1054 3925 1284 3992; x_wconf 81' lang='lat' dir='ltr'><strong>deducit,</strong></span> <span class='ocrx_word' id='word_1_325' title='bbox 1315 3934 1369 3980; x_wconf 88' lang='lat' dir='ltr'><strong>et</strong></span> <span class='ocrx_word' id='word_1_326' title='bbox 1397 3927 1567 3994; x_wconf 73' lang='lat' dir='ltr'><strong>ipsum</strong></span> <span class='ocrx_word' id='word_1_327' title='bbox 1597 3942 1659 3980; x_wconf 81' lang='lat' dir='ltr'><strong>ex</strong></span> <span class='ocrx_word' id='word_1_328' title='bbox 1683 3941 1742 3981; x_wconf 85' lang='lat' dir='ltr'><strong>se</strong></span> <span class='ocrx_word' id='word_1_329' title='bbox 1773 3927 2030 3996; x_wconf 80' lang='lat' dir='ltr'><strong>principia</strong></span> 
     </span>
    </p>
   </div>
   <div class='ocr_carea' id='block_1_42' title="bbox 443 4017 2033 4091">
    <p class='ocr_par' dir='ltr' id='par_1_42' title="bbox 443 4017 2033 4091">
     <span class='ocr_line' id='line_1_42' title="bbox 443 4017 2033 4091; baseline -0.001 -14"><span class='ocrx_word' id='word_1_330' title='bbox 443 4019 694 4077; x_wconf 72' lang='lat' dir='ltr'><strong>conferre</strong></span> <span class='ocrx_word' id='word_1_331' title='bbox 738 4018 853 4090; x_wconf 75' lang='lat' dir='ltr'><strong>(b)?</strong></span> <span class='ocrx_word' id='word_1_332' title='bbox 889 4017 1004 4073; x_wconf 80' lang='lat' dir='ltr'><strong>Non</strong></span> <span class='ocrx_word' id='word_1_333' title='bbox 1048 4018 1180 4073; x_wconf 77' lang='lat' dir='ltr'><strong>dixit</strong></span> <span class='ocrx_word' id='word_1_334' title='bbox 1220 4019 1360 4072; x_wconf 88' lang='lat' dir='ltr'><strong>enim</strong></span> <span class='ocrx_word' id='word_1_335' title='bbox 1399 4018 1670 4084; x_wconf 80' lang='lat' dir='ltr'><strong>absolute,</strong></span> <span class='ocrx_word' id='word_1_336' title='bbox 1722 4018 1912 4073; x_wconf 80' lang='lat' dir='ltr'><strong>Natant</strong></span> <span class='ocrx_word' id='word_1_337' title='bbox 1951 4025 2033 4091; x_wconf 64' lang='lat' dir='ltr'><strong>[ac</strong></span> 
     </span>
    </p>
   </div>
   <div class='ocr_carea' id='block_1_43' title="bbox 443 4109 2032 4180">
    <p class='ocr_par' dir='ltr' id='par_1_43' title="bbox 443 4109 2032 4180">
     <span class='ocr_line' id='line_1_43' title="bbox 443 4109 2032 4180; baseline -0.001 -13"><span class='ocrx_word' id='word_1_338' title='bbox 443 4111 594 4178; x_wconf 80' lang='lat' dir='ltr'><strong>mihi,</strong></span> <span class='ocrx_word' id='word_1_339' title='bbox 625 4110 862 4177; x_wconf 66' lang='lat' dir='ltr'><strong>Domine,</strong></span> <span class='ocrx_word' id='word_1_340' title='bbox 888 4111 1020 4164; x_wconf 79' lang='lat' dir='ltr'><strong>siam</strong></span> <span class='ocrx_word' id='word_1_341' title='bbox 1045 4125 1158 4180; x_wconf 69' lang='lat' dir='ltr'><strong>quae</strong></span> <span class='ocrx_word' id='word_1_342' title='bbox 1179 4110 1247 4163; x_wconf 86' lang='lat' dir='ltr'><strong>ad</strong></span> <span class='ocrx_word' id='word_1_343' title='bbox 1273 4119 1321 4164; x_wconf 82' lang='lat' dir='ltr'><strong>ts</strong></span> <span class='ocrx_word' id='word_1_344' title='bbox 1348 4109 1486 4164; x_wconf 80' lang='lat' dir='ltr'><strong>ducit</strong></span> <span class='ocrx_word' id='word_1_345' title='bbox 1514 4124 1536 4166; x_wconf 89' lang='lat'><strong><em>:</em></strong></span> <span class='ocrx_word' id='word_1_346' title='bbox 1563 4110 1669 4166; x_wconf 87' lang='lat' dir='ltr'><strong>Sed</strong></span> <span class='ocrx_word' id='word_1_347' title='bbox 1703 4110 1870 4180; x_wconf 79' lang='lat' dir='ltr'><strong>quid?</strong></span> <span class='ocrx_word' id='word_1_348' title='bbox 1893 4112 2032 4176; x_wconf 62' lang='lat' dir='ltr'><strong>Qui:</strong></span> 
     </span>
    </p>
   </div>
   <div class='ocr_carea' id='block_1_44' title="bbox 445 4199 2032 4271">
    <p class='ocr_par' dir='ltr' id='par_1_44' title="bbox 445 4199 2032 4271">
     <span class='ocr_line' id='line_1_44' title="bbox 445 4199 2032 4271; baseline 0.002 -16"><span class='ocrx_word' id='word_1_349' title='bbox 445 4203 518 4256; x_wconf 72' lang='lat' dir='ltr'><strong>ad</strong></span> <span class='ocrx_word' id='word_1_350' title='bbox 543 4213 592 4258; x_wconf 85' lang='lat' dir='ltr'><strong>te</strong></span> <span class='ocrx_word' id='word_1_351' title='bbox 609 4201 772 4258; x_wconf 68' lang='lat' dir='ltr'><strong>leuari</strong></span> <span class='ocrx_word' id='word_1_352' title='bbox 800 4201 1023 4255; x_wconf 83' lang='lat' dir='ltr'><strong>animam</strong></span> <span class='ocrx_word' id='word_1_353' title='bbox 1049 4215 1209 4254; x_wconf 81' lang='lat' dir='ltr'><strong>meam</strong></span> <span class='ocrx_word' id='word_1_354' title='bbox 1238 4216 1260 4254; x_wconf 89' lang='lat'><strong><em>:</em></strong></span> <span class='ocrx_word' id='word_1_355' title='bbox 1285 4199 1388 4254; x_wconf 85' lang='lat' dir='ltr'><strong>hoc</strong></span> <span class='ocrx_word' id='word_1_356' title='bbox 1416 4210 1516 4267; x_wconf 88' lang='lat' dir='ltr'><strong>est,</strong></span> <span class='ocrx_word' id='word_1_357' title='bbox 1547 4203 1588 4254; x_wconf 74' lang='grc' dir='ltr'><strong>Α</strong></span> <span class='ocrx_word' id='word_1_358' title='bbox 1631 4210 1682 4255; x_wconf 89' lang='lat' dir='ltr'><strong>te</strong></span> <span class='ocrx_word' id='word_1_359' title='bbox 1712 4202 1938 4271; x_wconf 85' lang='lat' dir='ltr'><strong>pendeo,</strong></span> <span class='ocrx_word' id='word_1_360' title='bbox 1979 4212 2032 4259; x_wconf 77' lang='lat' dir='ltr'><strong>te</strong></span> 
     </span>
    </p>
   </div>
   <div class='ocr_carea' id='block_1_45' title="bbox 447 4291 2028 4361">
    <p class='ocr_par' dir='ltr' id='par_1_45' title="bbox 447 4291 2028 4361">
     <span class='ocr_line' id='line_1_45' title="bbox 447 4291 2028 4361; baseline -0.001 -11"><span class='ocrx_word' id='word_1_361' title='bbox 447 4295 682 4361; x_wconf 84' lang='lat' dir='ltr'><strong>intueor,</strong></span> <span class='ocrx_word' id='word_1_362' title='bbox 713 4301 766 4348; x_wconf 88' lang='lat' dir='ltr'><strong>te</strong></span> <span class='ocrx_word' id='word_1_363' title='bbox 794 4308 956 4347; x_wconf 82' lang='lat' dir='ltr'><strong>unum</strong></span> <span class='ocrx_word' id='word_1_364' title='bbox 987 4291 1245 4361; x_wconf 80' lang='lat' dir='ltr'><strong>respicio.</strong></span> <span class='ocrx_word' id='word_1_365' title='bbox 1275 4291 1341 4346; x_wconf 89' lang='lat' dir='ltr'><strong>Iis</strong></span> <span class='ocrx_word' id='word_1_366' title='bbox 1377 4292 1519 4346; x_wconf 88' lang='lat' dir='ltr'><strong>enim</strong></span> <span class='ocrx_word' id='word_1_367' title='bbox 1570 4293 1708 4346; x_wconf 88' lang='lat' dir='ltr'><strong>Deus</strong></span> <span class='ocrx_word' id='word_1_368' title='bbox 1741 4293 2028 4350; x_wconf 77' lang='lat' dir='ltr'><strong>maximam</strong></span> 
     </span>
    </p>
   </div>
   <div class='ocr_carea' id='block_1_46' title="bbox 446 4384 2028 4458">
    <p class='ocr_par' dir='ltr' id='par_1_46' title="bbox 446 4384 2028 4458">
     <span class='ocr_line' id='line_1_46' title="bbox 446 4384 2028 4458; baseline -0.001 -16"><span class='ocrx_word' id='word_1_369' title='bbox 446 4387 528 4442; x_wconf 90' lang='lat' dir='ltr'><strong>sui</strong></span> <span class='ocrx_word' id='word_1_370' title='bbox 553 4387 755 4458; x_wconf 69' lang='lat' dir='ltr'><strong>praebet</strong></span> <span class='ocrx_word' id='word_1_371' title='bbox 781 4386 1043 4440; x_wconf 81' lang='lat' dir='ltr'><strong>notitiam.</strong></span> <span class='ocrx_word' id='word_1_372' title='bbox 1085 4384 1439 4450; x_wconf 81' lang='lat' dir='ltr'><strong>Quamobrem</strong></span> <span class='ocrx_word' id='word_1_373' title='bbox 1469 4385 1680 4439; x_wconf 87' lang='lat' dir='ltr'><strong>diccbat</strong></span> <span class='ocrx_word' id='word_1_374' title='bbox 1721 4386 1786 4441; x_wconf 84' lang='lat' dir='ltr'><strong>de</strong></span> <span class='ocrx_word' id='word_1_375' title='bbox 1810 4386 2028 4452; x_wconf 59' lang='lat' dir='ltr'><strong>induis,</strong></span> 
     </span>
    </p>
   </div>
   <div class='ocr_carea' id='block_1_47' title="bbox 446 4473 2032 4546">
    <p class='ocr_par' dir='ltr' id='par_1_47' title="bbox 446 4473 2032 4546">
     <span class='ocr_line' id='line_1_47' title="bbox 446 4473 2032 4546; baseline -0.001 -14"><span class='ocrx_word' id='word_1_376' title='bbox 446 4486 664 4546; x_wconf 77' lang='lat' dir='ltr'><strong>rogatus</strong></span> <span class='ocrx_word' id='word_1_377' title='bbox 689 4491 787 4532; x_wconf 90' lang='lat' dir='ltr'><strong>cur</strong></span> <span class='ocrx_word' id='word_1_378' title='bbox 815 4475 894 4531; x_wconf 87' lang='lat' dir='ltr'><strong>cis</strong></span> <span class='ocrx_word' id='word_1_379' title='bbox 916 4475 1220 4544; x_wconf 76' lang='lat' dir='ltr'><strong>loqueretur</strong></span> <span class='ocrx_word' id='word_1_380' title='bbox 1249 4474 1300 4528; x_wconf 90' lang='lat' dir='ltr'><strong>in</strong></span> <span class='ocrx_word' id='word_1_381' title='bbox 1335 4474 1597 4544; x_wconf 74' lang='lat' dir='ltr'><strong>parabolis</strong></span> <span class='ocrx_word' id='word_1_382' title='bbox 1626 4490 1638 4528; x_wconf 92' lang='lat'>:</span> <span class='ocrx_word' id='word_1_383' title='bbox 1676 4473 1907 4530; x_wconf 84' lang='lat' dir='ltr'><strong>Videntes</strong></span> <span class='ocrx_word' id='word_1_384' title='bbox 1932 4492 2032 4530; x_wconf 88' lang='lat' dir='ltr'><strong>non</strong></span> 
     </span>
    </p>
   </div>
   <div class='ocr_carea' id='block_1_48' title="bbox 449 4567 2030 4638">
    <p class='ocr_par' dir='ltr' id='par_1_48' title="bbox 449 4567 2030 4638">
     <span class='ocr_line' id='line_1_48' title="bbox 449 4567 2030 4638; baseline 0.002 -16"><span class='ocrx_word' id='word_1_385' title='bbox 449 4569 638 4634; x_wconf 80' lang='lat' dir='ltr'><strong>uident,</strong></span> <span class='ocrx_word' id='word_1_386' title='bbox 669 4578 713 4623; x_wconf 86' lang='lat' dir='ltr'><strong>et</strong></span> <span class='ocrx_word' id='word_1_387' title='bbox 736 4569 1004 4624; x_wconf 77' lang='lat' dir='ltr'><strong>audientes</strong></span> <span class='ocrx_word' id='word_1_388' title='bbox 1029 4585 1130 4622; x_wconf 82' lang='lat' dir='ltr'><strong>non</strong></span> <span class='ocrx_word' id='word_1_389' title='bbox 1155 4568 1368 4622; x_wconf 83' lang='lat' dir='ltr'><strong>audiunt</strong></span> <span class='ocrx_word' id='word_1_390' title='bbox 1391 4567 1606 4638; x_wconf 76' lang='lat' dir='ltr'><strong>(Matth.</strong></span> <span class='ocrx_word' id='word_1_391' title='bbox 1637 4569 1726 4623; x_wconf 80' lang='grc'><strong>15.</strong></span> <span class='ocrx_word' id='word_1_392' title='bbox 1753 4569 1862 4638; x_wconf 73' lang='grc'><strong>15).</strong></span> <span class='ocrx_word' id='word_1_393' title='bbox 1895 4568 2030 4625; x_wconf 73' lang='lat' dir='ltr'><strong>illud</strong></span> 
     </span>
    </p>
   </div>
   <div class='ocr_carea' id='block_1_49' title="bbox 447 4657 2033 4730">
    <p class='ocr_par' dir='ltr' id='par_1_49' title="bbox 447 4657 2033 4730">
     <span class='ocr_line' id='line_1_49' title="bbox 447 4657 2033 4730; baseline 0.002 -17"><span class='ocrx_word' id='word_1_394' title='bbox 447 4668 650 4726; x_wconf 86' lang='lat' dir='ltr'><strong>autem,</strong></span> <span class='ocrx_word' id='word_1_395' title='bbox 677 4657 880 4730; x_wconf 70' lang='lat' dir='ltr'><strong>Levavi,</strong></span> <span class='ocrx_word' id='word_1_396' title='bbox 902 4659 1192 4730; x_wconf 72' lang='lat' dir='ltr'><strong>signiticet,</strong></span> <span class='ocrx_word' id='word_1_397' title='bbox 1225 4658 1304 4714; x_wconf 81' lang='lat' dir='ltr'><strong>Ad</strong></span> <span class='ocrx_word' id='word_1_398' title='bbox 1343 4668 1396 4713; x_wconf 87' lang='lat' dir='ltr'><strong>te</strong></span> <span class='ocrx_word' id='word_1_399' title='bbox 1439 4658 1646 4713; x_wconf 78' lang='lat' dir='ltr'><strong>traduxi</strong></span> <span class='ocrx_word' id='word_1_400' title='bbox 1693 4667 1747 4712; x_wconf 88' lang='lat' dir='ltr'><strong>et</strong></span> <span class='ocrx_word' id='word_1_401' title='bbox 1787 4662 2033 4716; x_wconf 85' lang='lat' dir='ltr'><strong>transtuli</strong></span> 
     </span>
    </p>
   </div>
   <div class='ocr_carea' id='block_1_50' title="bbox 448 4749 2026 4818">
    <p class='ocr_par' dir='ltr' id='par_1_50' title="bbox 448 4749 2026 4818">
     <span class='ocr_line' id='line_1_50' title="bbox 448 4749 2026 4818; baseline 0.002 -14"><span class='ocrx_word' id='word_1_402' title='bbox 448 4749 680 4804; x_wconf 69' lang='lat' dir='ltr'><strong>animum</strong></span> <span class='ocrx_word' id='word_1_403' title='bbox 709 4765 903 4804; x_wconf 83' lang='lat' dir='ltr'><strong>meam.</strong></span> <span class='ocrx_word' id='word_1_404' title='bbox 930 4750 984 4807; x_wconf 85' lang='lat'><strong>9.</strong></span> <span class='ocrx_word' id='word_1_405' title='bbox 1014 4749 1170 4818; x_wconf 82' lang='lat' dir='ltr'><strong>Eripe</strong></span> <span class='ocrx_word' id='word_1_406' title='bbox 1191 4767 1272 4805; x_wconf 86' lang='lat' dir='ltr'><strong>me</strong></span> <span class='ocrx_word' id='word_1_407' title='bbox 1291 4753 1356 4804; x_wconf 87' lang='lat' dir='ltr'><strong>de</strong></span> <span class='ocrx_word' id='word_1_408' title='bbox 1377 4749 1593 4804; x_wconf 77' lang='lat' dir='ltr'><strong>inimicis</strong></span> <span class='ocrx_word' id='word_1_409' title='bbox 1620 4751 1761 4814; x_wconf 86' lang='lat' dir='ltr'><strong>meis,</strong></span> <span class='ocrx_word' id='word_1_410' title='bbox 1797 4750 2026 4817; x_wconf 78' lang='lat' dir='ltr'><strong>Domine,</strong></span> 
     </span>
    </p>
   </div>
   <div class='ocr_carea' id='block_1_51' title="bbox 446 4841 2028 4915">
    <p class='ocr_par' dir='ltr' id='par_1_51' title="bbox 446 4841 2028 4915">
     <span class='ocr_line' id='line_1_51' title="bbox 446 4841 2028 4915; baseline 0.004 -22"><span class='ocrx_word' id='word_1_411' title='bbox 446 4841 517 4894; x_wconf 83' lang='lat' dir='ltr'><strong>ad</strong></span> <span class='ocrx_word' id='word_1_412' title='bbox 541 4851 592 4894; x_wconf 88' lang='lat' dir='ltr'><strong>te</strong></span> <span class='ocrx_word' id='word_1_413' title='bbox 617 4841 842 4914; x_wconf 63' lang='lat' dir='ltr'><strong>confugi.</strong></span> <span class='ocrx_word' id='word_1_414' title='bbox 890 4841 1023 4896; x_wconf 86' lang='lat' dir='ltr'><strong>Vide</strong></span> <span class='ocrx_word' id='word_1_415' title='bbox 1061 4843 1258 4912; x_wconf 82' lang='lat' dir='ltr'><strong>ubique</strong></span> <span class='ocrx_word' id='word_1_416' title='bbox 1296 4841 1474 4898; x_wconf 83' lang='lat' dir='ltr'><strong>aﬂ&#39;erri</strong></span> <span class='ocrx_word' id='word_1_417' title='bbox 1515 4857 1704 4898; x_wconf 88' lang='lat' dir='ltr'><strong>causas</strong></span> <span class='ocrx_word' id='word_1_418' title='bbox 1734 4845 1801 4898; x_wconf 86' lang='lat' dir='ltr'><strong>ab</strong></span> <span class='ocrx_word' id='word_1_419' title='bbox 1837 4859 1904 4899; x_wconf 89' lang='lat' dir='ltr'><strong>eo</strong></span> <span class='ocrx_word' id='word_1_420' title='bbox 1942 4846 2028 4915; x_wconf 82' lang='lat' dir='ltr'><strong>qui</strong></span> 
     </span>
    </p>
   </div>
   <div class='ocr_carea' id='block_1_52' title="bbox 449 4929 2033 5006">
    <p class='ocr_par' dir='ltr' id='par_1_52' title="bbox 449 4929 2033 5006">
     <span class='ocr_line' id='line_1_52' title="bbox 449 4929 2033 5006; baseline 0.002 -18"><span class='ocrx_word' id='word_1_421' title='bbox 449 4939 620 5002; x_wconf 70' lang='lat' dir='ltr'><strong>rogat.</strong></span> <span class='ocrx_word' id='word_1_422' title='bbox 654 4929 738 4984; x_wconf 84' lang='lat' dir='ltr'><strong>Nc</strong></span> <span class='ocrx_word' id='word_1_423' title='bbox 757 4942 974 4998; x_wconf 68' lang='lat' dir='ltr'><strong>avertas,</strong></span> <span class='ocrx_word' id='word_1_424' title='bbox 1006 4933 1192 5004; x_wconf 80' lang='lat' dir='ltr'><strong>inquit,</strong></span> <span class='ocrx_word' id='word_1_425' title='bbox 1221 4935 1403 5002; x_wconf 82' lang='lat' dir='ltr'><strong>faciem</strong></span> <span class='ocrx_word' id='word_1_426' title='bbox 1423 4943 1560 4988; x_wconf 77' lang='lat' dir='ltr'><strong>tuam</strong></span> <span class='ocrx_word' id='word_1_427' title='bbox 1587 4951 1620 4988; x_wconf 89' lang='lat' dir='ltr'><strong>a</strong></span> <span class='ocrx_word' id='word_1_428' title='bbox 1649 4952 1726 4988; x_wconf 88' lang='lat' dir='ltr'><strong>me</strong></span> <span class='ocrx_word' id='word_1_429' title='bbox 1753 4952 1772 4991; x_wconf 92' lang='lat'><strong><em>:</em></strong></span> <span class='ocrx_word' id='word_1_430' title='bbox 1795 4938 2033 5006; x_wconf 84' lang='lat' dir='ltr'><strong>quoniam</strong></span> 
     </span>
    </p>
   </div>
   <div class='ocr_carea' id='block_1_53' title="bbox 445 5021 2032 5096">
    <p class='ocr_par' dir='ltr' id='par_1_53' title="bbox 445 5021 2032 5096">
     <span class='ocr_line' id='line_1_53' title="bbox 445 5021 2032 5096; baseline 0.002 -18"><span class='ocrx_word' id='word_1_431' title='bbox 445 5023 502 5078; x_wconf 89' lang='lat' dir='ltr'><strong>in</strong></span> <span class='ocrx_word' id='word_1_432' title='bbox 526 5031 574 5077; x_wconf 83' lang='lat' dir='ltr'><strong>te</strong></span> <span class='ocrx_word' id='word_1_433' title='bbox 595 5022 812 5094; x_wconf 74' lang='lat' dir='ltr'><strong>speravi.</strong></span> <span class='ocrx_word' id='word_1_434' title='bbox 831 5021 1023 5077; x_wconf 83' lang='lat' dir='ltr'><strong>Notam</strong></span> <span class='ocrx_word' id='word_1_435' title='bbox 1047 5025 1128 5096; x_wconf 82' lang='lat' dir='ltr'><strong>fac</strong></span> <span class='ocrx_word' id='word_1_436' title='bbox 1153 5025 1276 5078; x_wconf 81' lang='lat' dir='ltr'><strong>mihi</strong></span> <span class='ocrx_word' id='word_1_437' title='bbox 1299 5025 1432 5078; x_wconf 79' lang='lat' dir='ltr'><strong>viam</strong></span> <span class='ocrx_word' id='word_1_438' title='bbox 1465 5034 1625 5090; x_wconf 77' lang='lat' dir='ltr'><strong>tuam,</strong></span> <span class='ocrx_word' id='word_1_439' title='bbox 1644 5027 1878 5095; x_wconf 75' lang='lat' dir='ltr'><strong>quoniam</strong></span> <span class='ocrx_word' id='word_1_440' title='bbox 1894 5029 1964 5080; x_wconf 81' lang='lat' dir='ltr'><strong>ad</strong></span> <span class='ocrx_word' id='word_1_441' title='bbox 1985 5039 2032 5082; x_wconf 91' lang='lat' dir='ltr'><strong>te</strong></span> 
     </span>
    </p>
   </div>
   <div class='ocr_carea' id='block_1_54' title="bbox 447 5114 2030 5188">
    <p class='ocr_par' dir='ltr' id='par_1_54' title="bbox 447 5114 2030 5188">
     <span class='ocr_line' id='line_1_54' title="bbox 447 5114 2030 5188; baseline 0.001 -18"><span class='ocrx_word' id='word_1_442' title='bbox 447 5116 609 5170; x_wconf 74' lang='lat' dir='ltr'><strong>levavi</strong></span> <span class='ocrx_word' id='word_1_443' title='bbox 633 5118 858 5170; x_wconf 76' lang='lat' dir='ltr'><strong>animum</strong></span> <span class='ocrx_word' id='word_1_444' title='bbox 884 5130 1066 5169; x_wconf 83' lang='lat' dir='ltr'><strong>meam.</strong></span> <span class='ocrx_word' id='word_1_445' title='bbox 1097 5114 1254 5187; x_wconf 80' lang='lat' dir='ltr'><strong>Eripe</strong></span> <span class='ocrx_word' id='word_1_446' title='bbox 1289 5132 1367 5169; x_wconf 87' lang='lat' dir='ltr'><strong>me</strong></span> <span class='ocrx_word' id='word_1_447' title='bbox 1391 5116 1454 5171; x_wconf 86' lang='lat' dir='ltr'><strong>de</strong></span> <span class='ocrx_word' id='word_1_448' title='bbox 1475 5118 1700 5171; x_wconf 83' lang='lat' dir='ltr'><strong>inimicis</strong></span> <span class='ocrx_word' id='word_1_449' title='bbox 1725 5119 1868 5187; x_wconf 81' lang='lat' dir='ltr'><strong>meis,</strong></span> <span class='ocrx_word' id='word_1_450' title='bbox 1900 5136 2030 5188; x_wconf 85' lang='lat' dir='ltr'><strong>quo-</strong></span> 
     </span>
    </p>
   </div>
   <div class='ocr_carea' id='block_1_55' title="bbox 445 5205 2030 5281">
    <p class='ocr_par' dir='ltr' id='par_1_55' title="bbox 445 5205 2030 5281">
     <span class='ocr_line' id='line_1_55' title="bbox 445 5205 2030 5281; baseline 0.002 -19"><span class='ocrx_word' id='word_1_451' title='bbox 445 5205 586 5262; x_wconf 79' lang='lat' dir='ltr'><strong>niam</strong></span> <span class='ocrx_word' id='word_1_452' title='bbox 623 5209 695 5262; x_wconf 80' lang='lat' dir='ltr'><strong>ad</strong></span> <span class='ocrx_word' id='word_1_453' title='bbox 733 5217 781 5262; x_wconf 89' lang='lat' dir='ltr'><strong>te</strong></span> <span class='ocrx_word' id='word_1_454' title='bbox 821 5207 1047 5279; x_wconf 78' lang='lat' dir='ltr'><strong>confugi.</strong></span> <span class='ocrx_word' id='word_1_455' title='bbox 1092 5207 1180 5263; x_wconf 72' lang='grc' dir='ltr'><strong>ιθ.</strong></span> <span class='ocrx_word' id='word_1_456' title='bbox 1221 5207 1360 5262; x_wconf 87' lang='lat' dir='ltr'><strong>Doce</strong></span> <span class='ocrx_word' id='word_1_457' title='bbox 1402 5225 1481 5264; x_wconf 84' lang='lat' dir='ltr'><strong>me</strong></span> <span class='ocrx_word' id='word_1_458' title='bbox 1522 5213 1690 5281; x_wconf 81' lang='lat' dir='ltr'><strong>facere</strong></span> <span class='ocrx_word' id='word_1_459' title='bbox 1727 5211 2030 5265; x_wconf 74' lang='lat' dir='ltr'><strong>voluntate»:</strong></span> 
     </span>
    </p>
   </div>
   <div class='ocr_carea' id='block_1_56' title="bbox 507 5335 2029 5408">
    <p class='ocr_par' dir='ltr' id='par_1_56' title="bbox 507 5335 2029 5408">
     <span class='ocr_line' id='line_1_56' title="bbox 507 5335 2029 5408; baseline 0.003 -17"><span class='ocrx_word' id='word_1_460' title='bbox 507 5341 583 5406; x_wconf 88' lang='lat' dir='ltr'><strong>(a)</strong></span> <span class='ocrx_word' id='word_1_461' title='bbox 607 5335 727 5392; x_wconf 69' lang='lat' dir='ltr'><strong>Haec</strong></span> <span class='ocrx_word' id='word_1_462' title='bbox 747 5343 1088 5408; x_wconf 80' lang='lat' dir='ltr'><strong>interpretatio</strong></span> <span class='ocrx_word' id='word_1_463' title='bbox 1102 5343 1340 5408; x_wconf 77' lang='lat' dir='ltr'><strong>cujussit,</strong></span> <span class='ocrx_word' id='word_1_464' title='bbox 1365 5355 1462 5392; x_wconf 87' lang='lat' dir='ltr'><strong>non</strong></span> <span class='ocrx_word' id='word_1_465' title='bbox 1499 5345 1804 5406; x_wconf 81' lang='lat' dir='ltr'><strong>exprimitur.</strong></span> <span class='ocrx_word' id='word_1_466' title='bbox 1829 5345 1916 5395; x_wconf 88' lang='lat' dir='ltr'><strong>sed</strong></span> <span class='ocrx_word' id='word_1_467' title='bbox 1940 5359 2029 5408; x_wconf 86' lang='lat' dir='ltr'><strong>po-</strong></span> 
     </span>
    </p>
   </div>
   <div class='ocr_carea' id='block_1_57' title="bbox 449 5405 2028 5488">
    <p class='ocr_par' dir='ltr' id='par_1_57' title="bbox 449 5405 2028 5488">
     <span class='ocr_line' id='line_1_57' title="bbox 449 5405 2028 5488; baseline 0 -34"><span class='ocrx_word' id='word_1_468' title='bbox 449 5405 698 5488; x_wconf 58' lang='lat' dir='ltr'><strong>test</strong></span> <span class='ocrx_word' id='word_1_469' title='bbox 1039 5405 1290 5488; x_wconf 68' lang='lat' dir='ltr'><strong>quialibi,</strong></span> <span class='ocrx_word' id='word_1_470' title='bbox 1325 5412 1464 5488; x_wconf 61' lang='lat' dir='ltr'><strong>1P1,</strong></span> <span class='ocrx_word' id='word_1_471' title='bbox 1506 5407 1681 5466; x_wconf 69' lang='lat' dir='ltr'><strong>Vertit,</strong></span> <span class='ocrx_word' id='word_1_472' title='bbox 1715 5418 1866 5469; x_wconf 72' lang='grc' dir='ltr'><strong>ὀρθρος,</strong></span> <span class='ocrx_word' id='word_1_473' title='bbox 1901 5405 2028 5471; x_wconf 78' lang='lat' dir='ltr'><strong>quod</strong></span> 
     </span>
    </p>
   </div>
   <div class='ocr_carea' id='block_1_58' title="bbox 448 5476 1299 5533">
    <p class='ocr_par' dir='ltr' id='par_1_58' title="bbox 448 5476 1299 5533">
     <span class='ocr_line' id='line_1_58' title="bbox 448 5476 1299 5533; baseline 0 -11"><span class='ocrx_word' id='word_1_474' title='bbox 448 5479 544 5530; x_wconf 85' lang='lat' dir='ltr'><strong>est,</strong></span> <span class='ocrx_word' id='word_1_475' title='bbox 569 5480 701 5524; x_wconf 84' lang='lat' dir='ltr'><strong>ortus</strong></span> <span class='ocrx_word' id='word_1_476' title='bbox 724 5476 842 5533; x_wconf 83' lang='lat' dir='ltr'><strong>diei,</strong></span> <span class='ocrx_word' id='word_1_477' title='bbox 864 5477 972 5525; x_wconf 83' lang='lat' dir='ltr'><strong>sive</strong></span> <span class='ocrx_word' id='word_1_478' title='bbox 993 5477 1299 5525; x_wconf 86' lang='lat' dir='ltr'><strong>matutinum.</strong></span> 
     </span>
    </p>
   </div>
   <div class='ocr_carea' id='block_1_59' title="bbox 512 5535 2023 5599">
    <p class='ocr_par' dir='ltr' id='par_1_59' title="bbox 512 5535 2023 5599">
     <span class='ocr_line' id='line_1_59' title="bbox 512 5535 2023 5599; baseline 0.005 -17"><span class='ocrx_word' id='word_1_479' title='bbox 512 5535 584 5595; x_wconf 87' lang='lat' dir='ltr'><strong>(b)</strong></span> <span class='ocrx_word' id='word_1_480' title='bbox 615 5542 716 5599; x_wconf 72' lang='lat' dir='ltr'><strong>tam</strong></span> <span class='ocrx_word' id='word_1_481' title='bbox 734 5537 948 5599; x_wconf 58' lang='lat' dir='ltr'><strong>vidimus</strong></span> <span class='ocrx_word' id='word_1_482' title='bbox 963 5535 1122 5599; x_wconf 88' lang='lat' dir='ltr'><strong>locum</strong></span> <span class='ocrx_word' id='word_1_483' title='bbox 1147 5537 1228 5586; x_wconf 87' lang='lat' dir='ltr'><strong>ubi</strong></span> <span class='ocrx_word' id='word_1_484' title='bbox 1255 5537 1538 5599; x_wconf 81' lang='lat' dir='ltr'><strong>principium</strong></span> <span class='ocrx_word' id='word_1_485' title='bbox 1561 5536 1704 5587; x_wconf 77' lang='lat' dir='ltr'><strong>bonae</strong></span> <span class='ocrx_word' id='word_1_486' title='bbox 1726 5539 1928 5589; x_wconf 87' lang='lat' dir='ltr'><strong>actionis</strong></span> <span class='ocrx_word' id='word_1_487' title='bbox 1945 5540 2023 5590; x_wconf 81' lang='lat' dir='ltr'><strong>lto-</strong></span> 
     </span>
    </p>
   </div>
   <div class='ocr_carea' id='block_1_60' title="bbox 451 5595 2024 5662">
    <p class='ocr_par' dir='ltr' id='par_1_60' title="bbox 451 5595 2024 5662">
     <span class='ocr_line' id='line_1_60' title="bbox 451 5595 2024 5662; baseline 0.008 -22"><span class='ocrx_word' id='word_1_488' title='bbox 451 5595 564 5662; x_wconf 79' lang='lat' dir='ltr'><strong>tnint</strong></span> <span class='ocrx_word' id='word_1_489' title='bbox 579 5597 860 5662; x_wconf 83' lang='lat' dir='ltr'><strong>adscribere</strong></span> <span class='ocrx_word' id='word_1_490' title='bbox 872 5598 1066 5662; x_wconf 77' lang='lat' dir='ltr'><strong>videtur</strong></span> <span class='ocrx_word' id='word_1_491' title='bbox 1082 5595 1440 5661; x_wconf 65' lang='lat' dir='ltr'><strong>Chrysostotnus</strong></span> <span class='ocrx_word' id='word_1_492' title='bbox 1463 5613 1476 5648; x_wconf 89' lang='lat'><strong>:</strong></span> <span class='ocrx_word' id='word_1_493' title='bbox 1503 5611 1672 5648; x_wconf 80' lang='lat' dir='ltr'><strong>verum</strong></span> <span class='ocrx_word' id='word_1_494' title='bbox 1696 5607 1737 5650; x_wconf 88' lang='lat' dir='ltr'><strong>s.</strong></span> <span class='ocrx_word' id='word_1_495' title='bbox 1755 5600 1922 5652; x_wconf 86' lang='lat' dir='ltr'><strong>doctor</strong></span> <span class='ocrx_word' id='word_1_496' title='bbox 1941 5602 2024 5653; x_wconf 89' lang='lat' dir='ltr'><strong>lto-</strong></span> 
     </span>
    </p>
   </div>
   <div class='ocr_carea' id='block_1_61' title="bbox 452 5659 1680 5722">
    <p class='ocr_par' dir='ltr' id='par_1_61' title="bbox 452 5659 1680 5722">
     <span class='ocr_line' id='line_1_61' title="bbox 452 5659 1680 5722; baseline 0.006 -20"><span class='ocrx_word' id='word_1_497' title='bbox 452 5659 632 5704; x_wconf 87' lang='lat' dir='ltr'><strong>tninem</strong></span> <span class='ocrx_word' id='word_1_498' title='bbox 649 5659 875 5718; x_wconf 80' lang='lat' dir='ltr'><strong>supponit</strong></span> <span class='ocrx_word' id='word_1_499' title='bbox 892 5659 993 5718; x_wconf 89' lang='lat' dir='ltr'><strong>jam</strong></span> <span class='ocrx_word' id='word_1_500' title='bbox 1013 5659 1184 5722; x_wconf 52' lang='lat' dir='ltr'><strong>gratis;</strong></span> <span class='ocrx_word' id='word_1_501' title='bbox 1207 5665 1333 5709; x_wconf 82' lang='lat' dir='ltr'><strong>dono</strong></span> <span class='ocrx_word' id='word_1_502' title='bbox 1365 5669 1680 5722; x_wconf 80' lang='lat' dir='ltr'><strong>prtevcntutn.</strong></span> 
     </span>
    </p>
   </div>
   <div class='ocr_carea' id='block_1_62' title="bbox 1241 238 3030 315">
    <p class='ocr_par' dir='ltr' id='par_1_62' title="bbox 1241 238 3030 315">
     <span class='ocr_line' id='line_1_62' title="bbox 1241 238 3030 315; baseline 0.01 -19"><span class='ocrx_word' id='word_1_503' title='bbox 1241 240 1296 296; x_wconf 82' lang='lat' dir='ltr'><strong>S.</strong></span> <span class='ocrx_word' id='word_1_504' title='bbox 1336 239 1611 298; x_wconf 76' lang='lat' dir='ltr'><strong>JOANNIS</strong></span> <span class='ocrx_word' id='word_1_505' title='bbox 1645 238 2115 300; x_wconf 74' lang='lat' dir='ltr'><strong>CllliYSOSTOMl</strong></span> <span class='ocrx_word' id='word_1_506' title='bbox 2155 246 2468 306; x_wconf 75' lang='lat' dir='ltr'><strong>ARCIIIEP.</strong></span> <span class='ocrx_word' id='word_1_507' title='bbox 2509 253 3030 315; x_wconf 73' lang='grc' dir='ltr'><strong>ΟΟΝΞΤΑΝΤΙΝΟΡ.</strong></span> 
     </span>
    </p>
   </div>
   <div class='ocr_carea' id='block_1_63' title="bbox 3631 263 3739 321">
    <p class='ocr_par' dir='ltr' id='par_1_63' title="bbox 3631 263 3739 321">
     <span class='ocr_line' id='line_1_63' title="bbox 3631 263 3739 321; baseline 0 0"><span class='ocrx_word' id='word_1_508' title='bbox 3631 263 3739 321; x_wconf 66' lang='lat'><strong>4553</strong></span> 
     </span>
    </p>
   </div>
   <div class='ocr_carea' id='block_1_64' title="bbox 2151 365 3749 445">
    <p class='ocr_par' dir='ltr' id='par_1_64' title="bbox 2151 365 3749 445">
     <span class='ocr_line' id='line_1_64' title="bbox 2151 365 3749 445; baseline 0.01 -31"><span class='ocrx_word' id='word_1_509' title='bbox 2151 371 2308 429; x_wconf 79' lang='lat' dir='ltr'><strong>tuam,</strong></span> <span class='ocrx_word' id='word_1_510' title='bbox 2339 365 2457 434; x_wconf 80' lang='lat' dir='ltr'><strong>quia</strong></span> <span class='ocrx_word' id='word_1_511' title='bbox 2490 365 2621 421; x_wconf 87' lang='lat' dir='ltr'><strong>Deus</strong></span> <span class='ocrx_word' id='word_1_512' title='bbox 2648 385 2785 424; x_wconf 81' lang='lat' dir='ltr'><strong>meus</strong></span> <span class='ocrx_word' id='word_1_513' title='bbox 2810 387 2862 425; x_wconf 87' lang='lat' dir='ltr'><strong>es</strong></span> <span class='ocrx_word' id='word_1_514' title='bbox 2891 381 2965 424; x_wconf 84' lang='lat' dir='ltr'><strong>tu.</strong></span> <span class='ocrx_word' id='word_1_515' title='bbox 2991 371 3106 427; x_wconf 86' lang='lat' dir='ltr'><strong>Non</strong></span> <span class='ocrx_word' id='word_1_516' title='bbox 3131 371 3266 428; x_wconf 81' lang='lat' dir='ltr'><strong>dixit</strong></span> <span class='ocrx_word' id='word_1_517' title='bbox 3291 375 3555 445; x_wconf 66' lang='lat' dir='ltr'><strong>abswlute,</strong></span> <span class='ocrx_word' id='word_1_518' title='bbox 3591 378 3749 432; x_wconf 66' lang='lat' dir='ltr'><strong>Dore</strong></span> 
     </span>
    </p>
   </div>
   <div class='ocr_carea' id='block_1_65' title="bbox 2149 457 3733 538">
    <p class='ocr_par' dir='ltr' id='par_1_65' title="bbox 2149 457 3733 538">
     <span class='ocr_line' id='line_1_65' title="bbox 2149 457 3733 538; baseline 0.01 -31"><span class='ocrx_word' id='word_1_519' title='bbox 2149 469 2236 509; x_wconf 88' lang='lat' dir='ltr'><strong>me</strong></span> <span class='ocrx_word' id='word_1_520' title='bbox 2257 457 2574 513; x_wconf 76' lang='lat' dir='ltr'><strong>voluntatem</strong></span> <span class='ocrx_word' id='word_1_521' title='bbox 2599 469 2762 528; x_wconf 78' lang='lat' dir='ltr'><strong>tuam,</strong></span> <span class='ocrx_word' id='word_1_522' title='bbox 2793 462 2908 527; x_wconf 87' lang='lat' dir='ltr'><strong>sed,</strong></span> <span class='ocrx_word' id='word_1_523' title='bbox 2941 462 3074 518; x_wconf 84' lang='lat' dir='ltr'><strong>Doce</strong></span> <span class='ocrx_word' id='word_1_524' title='bbox 3093 481 3171 519; x_wconf 84' lang='lat' dir='ltr'><strong>me</strong></span> <span class='ocrx_word' id='word_1_525' title='bbox 3193 470 3361 538; x_wconf 79' lang='lat' dir='ltr'><strong>facere</strong></span> <span class='ocrx_word' id='word_1_526' title='bbox 3386 471 3690 523; x_wconf 72' lang='lat' dir='ltr'><strong>uoluntatem</strong></span> <span class='ocrx_word' id='word_1_527' title='bbox 3711 487 3733 530; x_wconf 63' lang='lat'><strong>,-</strong></span> 
     </span>
    </p>
   </div>
   <div class='ocr_carea' id='block_1_66' title="bbox 2148 543 3736 631">
    <p class='ocr_par' dir='ltr' id='par_1_66' title="bbox 2148 543 3736 631">
     <span class='ocr_line' id='line_1_66' title="bbox 2148 543 3736 631; baseline 0.011 -34"><span class='ocrx_word' id='word_1_528' title='bbox 2148 543 2251 599; x_wconf 82' lang='lat' dir='ltr'><strong>ltoc</strong></span> <span class='ocrx_word' id='word_1_529' title='bbox 2289 555 2390 613; x_wconf 90' lang='lat' dir='ltr'><strong>cst,</strong></span> <span class='ocrx_word' id='word_1_530' title='bbox 2429 550 2506 603; x_wconf 83' lang='lat' dir='ltr'><strong>Ad</strong></span> <span class='ocrx_word' id='word_1_531' title='bbox 2548 549 2657 620; x_wconf 86' lang='lat' dir='ltr'><strong>ipsa</strong></span> <span class='ocrx_word' id='word_1_532' title='bbox 2691 551 2824 608; x_wconf 82' lang='lat' dir='ltr'><strong>facta</strong></span> <span class='ocrx_word' id='word_1_533' title='bbox 2849 571 2940 610; x_wconf 78' lang='lat' dir='ltr'><strong>rae</strong></span> <span class='ocrx_word' id='word_1_534' title='bbox 2965 555 3158 611; x_wconf 77' lang='lat' dir='ltr'><strong>deduc.</strong></span> <span class='ocrx_word' id='word_1_535' title='bbox 3187 557 3425 628; x_wconf 87' lang='lat' dir='ltr'><strong>Superua</strong></span> <span class='ocrx_word' id='word_1_536' title='bbox 3452 562 3594 616; x_wconf 83' lang='lat' dir='ltr'><strong>enim</strong></span> <span class='ocrx_word' id='word_1_537' title='bbox 3627 578 3736 631; x_wconf 76' lang='lat' dir='ltr'><strong>ape</strong></span> 
     </span>
    </p>
   </div>
   <div class='ocr_carea' id='block_1_67' title="bbox 2147 641 3738 725">
    <p class='ocr_par' dir='ltr' id='par_1_67' title="bbox 2147 641 3738 725">
     <span class='ocr_line' id='line_1_67' title="bbox 2147 641 3738 725; baseline 0.013 -33"><span class='ocrx_word' id='word_1_538' title='bbox 2147 648 2202 693; x_wconf 84' lang='lat' dir='ltr'><strong>et</strong></span> <span class='ocrx_word' id='word_1_539' title='bbox 2239 641 2437 697; x_wconf 81' lang='lat' dir='ltr'><strong>ca-icsti</strong></span> <span class='ocrx_word' id='word_1_540' title='bbox 2468 643 2708 700; x_wconf 87' lang='lat' dir='ltr'><strong>doctrina</strong></span> <span class='ocrx_word' id='word_1_541' title='bbox 2744 662 2878 716; x_wconf 89' lang='lat' dir='ltr'><strong>opus</strong></span> <span class='ocrx_word' id='word_1_542' title='bbox 2913 658 3015 717; x_wconf 87' lang='lat' dir='ltr'><strong>est,</strong></span> <span class='ocrx_word' id='word_1_543' title='bbox 3062 661 3120 704; x_wconf 87' lang='grc' dir='ltr'>ιιι</span> <span class='ocrx_word' id='word_1_544' title='bbox 3157 653 3464 707; x_wconf 84' lang='lat' dir='ltr'><strong>inccdamus</strong></span> <span class='ocrx_word' id='word_1_545' title='bbox 3493 655 3572 708; x_wconf 76' lang='lat' dir='ltr'><strong>via</strong></span> <span class='ocrx_word' id='word_1_546' title='bbox 3610 671 3738 725; x_wconf 65' lang='lat' dir='ltr'><strong>quae</strong></span> 
     </span>
    </p>
   </div>
   <div class='ocr_carea' id='block_1_68' title="bbox 2145 730 3735 814">
    <p class='ocr_par' dir='ltr' id='par_1_68' title="bbox 2145 730 3735 814">
     <span class='ocr_line' id='line_1_68' title="bbox 2145 730 3735 814; baseline 0.009 -30"><span class='ocrx_word' id='word_1_547' title='bbox 2145 730 2293 786; x_wconf 87' lang='lat' dir='ltr'><strong>ducit</strong></span> <span class='ocrx_word' id='word_1_548' title='bbox 2336 734 2401 788; x_wconf 85' lang='lat' dir='ltr'><strong>ad</strong></span> <span class='ocrx_word' id='word_1_549' title='bbox 2442 735 2690 791; x_wconf 80' lang='lat' dir='ltr'><strong>virtutem</strong></span> <span class='ocrx_word' id='word_1_550' title='bbox 2737 757 2750 792; x_wconf 93' lang='lat'>:</span> <span class='ocrx_word' id='word_1_551' title='bbox 2793 755 2896 794; x_wconf 92' lang='lat' dir='ltr'><strong>non</strong></span> <span class='ocrx_word' id='word_1_552' title='bbox 2947 742 3098 797; x_wconf 88' lang='lat' dir='ltr'><strong>nobis</strong></span> <span class='ocrx_word' id='word_1_553' title='bbox 3140 745 3192 798; x_wconf 89' lang='lat' dir='ltr'><strong>in</strong></span> <span class='ocrx_word' id='word_1_554' title='bbox 3235 745 3344 798; x_wconf 89' lang='lat' dir='ltr'><strong>otio</strong></span> <span class='ocrx_word' id='word_1_555' title='bbox 3389 745 3735 814; x_wconf 72' lang='lat' dir='ltr'><strong>degentibus,</strong></span> 
     </span>
    </p>
   </div>
   <div class='ocr_carea' id='block_1_69' title="bbox 2147 824 3740 902">
    <p class='ocr_par' dir='ltr' id='par_1_69' title="bbox 2147 824 3740 902">
     <span class='ocr_line' id='line_1_69' title="bbox 2147 824 3740 902; baseline 0.011 -25"><span class='ocrx_word' id='word_1_556' title='bbox 2147 824 2238 877; x_wconf 84' lang='lat' dir='ltr'><strong>sed</strong></span> <span class='ocrx_word' id='word_1_557' title='bbox 2268 839 2387 894; x_wconf 67' lang='lat' dir='ltr'><strong>qua:</strong></span> <span class='ocrx_word' id='word_1_558' title='bbox 2426 838 2547 882; x_wconf 78' lang='lat' dir='ltr'><strong>sunt</strong></span> <span class='ocrx_word' id='word_1_559' title='bbox 2593 840 2772 885; x_wconf 85' lang='lat' dir='ltr'><strong>nostra</strong></span> <span class='ocrx_word' id='word_1_560' title='bbox 2804 832 3224 890; x_wconf 73' lang='lat' dir='ltr'><strong>conferentibus.</strong></span> <span class='ocrx_word' id='word_1_561' title='bbox 3260 837 3391 902; x_wconf 78' lang='lat' dir='ltr'><strong>Quia</strong></span> <span class='ocrx_word' id='word_1_562' title='bbox 3423 838 3558 893; x_wconf 82' lang='lat' dir='ltr'><strong>Deus</strong></span> <span class='ocrx_word' id='word_1_563' title='bbox 3589 857 3740 895; x_wconf 77' lang='lat' dir='ltr'><strong>meus</strong></span> 
     </span>
    </p>
   </div>
   <div class='ocr_carea' id='block_1_70' title="bbox 2145 917 3738 996">
    <p class='ocr_par' dir='ltr' id='par_1_70' title="bbox 2145 917 3738 996">
     <span class='ocr_line' id='line_1_70' title="bbox 2145 917 3738 996; baseline 0.013 -29"><span class='ocrx_word' id='word_1_564' title='bbox 2145 930 2197 967; x_wconf 89' lang='lat' dir='ltr'><strong>es</strong></span> <span class='ocrx_word' id='word_1_565' title='bbox 2225 925 2296 968; x_wconf 87' lang='lat' dir='ltr'><strong>tu.</strong></span> <span class='ocrx_word' id='word_1_566' title='bbox 2334 917 2494 972; x_wconf 83' lang='lat' dir='ltr'><strong>Vides</strong></span> <span class='ocrx_word' id='word_1_567' title='bbox 2521 921 2824 989; x_wconf 79' lang='lat' dir='ltr'><strong>spirituales</strong></span> <span class='ocrx_word' id='word_1_568' title='bbox 2846 925 2961 994; x_wconf 87' lang='lat' dir='ltr'><strong>ejus</strong></span> <span class='ocrx_word' id='word_1_569' title='bbox 3003 929 3322 996; x_wconf 85' lang='lat' dir='ltr'><strong>petitiones?</strong></span> <span class='ocrx_word' id='word_1_570' title='bbox 3349 929 3466 984; x_wconf 82' lang='lat' dir='ltr'><strong>Non</strong></span> <span class='ocrx_word' id='word_1_571' title='bbox 3493 932 3635 986; x_wconf 88' lang='lat' dir='ltr'><strong>enim</strong></span> <span class='ocrx_word' id='word_1_572' title='bbox 3662 933 3738 988; x_wconf 89' lang='lat' dir='ltr'><strong>de</strong></span> 
     </span>
    </p>
   </div>
   <div class='ocr_carea' id='block_1_71' title="bbox 2146 1009 3732 1085">
    <p class='ocr_par' dir='ltr' id='par_1_71' title="bbox 2146 1009 3732 1085">
     <span class='ocr_line' id='line_1_71' title="bbox 2146 1009 3732 1085; baseline 0.013 -27"><span class='ocrx_word' id='word_1_573' title='bbox 2146 1009 2404 1074; x_wconf 82' lang='lat' dir='ltr'><strong>pecuniis,</strong></span> <span class='ocrx_word' id='word_1_574' title='bbox 2433 1019 2688 1079; x_wconf 81' lang='lat' dir='ltr'><strong>potentia,</strong></span> <span class='ocrx_word' id='word_1_575' title='bbox 2720 1026 2774 1068; x_wconf 92' lang='lat' dir='ltr'><strong>et</strong></span> <span class='ocrx_word' id='word_1_576' title='bbox 2799 1017 2985 1085; x_wconf 76' lang='lat' dir='ltr'><strong>gloria,</strong></span> <span class='ocrx_word' id='word_1_577' title='bbox 3019 1019 3113 1074; x_wconf 91' lang='lat' dir='ltr'><strong>scd</strong></span> <span class='ocrx_word' id='word_1_578' title='bbox 3145 1030 3201 1074; x_wconf 88' lang='lat' dir='ltr'><strong>ut</strong></span> <span class='ocrx_word' id='word_1_579' title='bbox 3228 1022 3318 1076; x_wconf 85' lang='lat' dir='ltr'><strong>Dei</strong></span> <span class='ocrx_word' id='word_1_580' title='bbox 3347 1022 3506 1078; x_wconf 79' lang='lat' dir='ltr'><strong>faciat</strong></span> <span class='ocrx_word' id='word_1_581' title='bbox 3534 1026 3732 1077; x_wconf 75' lang='lat' dir='ltr'><strong>volun-</strong></span> 
     </span>
    </p>
   </div>
   <div class='ocr_carea' id='block_1_72' title="bbox 2147 1101 3742 1182">
    <p class='ocr_par' dir='ltr' id='par_1_72' title="bbox 2147 1101 3742 1182">
     <span class='ocr_line' id='line_1_72' title="bbox 2147 1101 3742 1182; baseline 0.013 -32"><span class='ocrx_word' id='word_1_582' title='bbox 2147 1106 2329 1161; x_wconf 84' lang='lat' dir='ltr'><strong>tatem,</strong></span> <span class='ocrx_word' id='word_1_583' title='bbox 2377 1101 2428 1154; x_wconf 87' lang='lat' dir='ltr'><strong>in</strong></span> <span class='ocrx_word' id='word_1_584' title='bbox 2473 1103 2593 1171; x_wconf 85' lang='lat' dir='ltr'><strong>ejus</strong></span> <span class='ocrx_word' id='word_1_585' title='bbox 2640 1106 2897 1174; x_wconf 68' lang='lat' dir='ltr'><strong>paitione</strong></span> <span class='ocrx_word' id='word_1_586' title='bbox 2940 1111 3114 1180; x_wconf 79' lang='lat' dir='ltr'><strong>agitur</strong></span> <span class='ocrx_word' id='word_1_587' title='bbox 3157 1129 3170 1164; x_wconf 93' lang='lat'>:</span> <span class='ocrx_word' id='word_1_588' title='bbox 3213 1115 3360 1182; x_wconf 86' lang='lat' dir='ltr'><strong>quod</strong></span> <span class='ocrx_word' id='word_1_589' title='bbox 3395 1115 3609 1182; x_wconf 85' lang='lat' dir='ltr'><strong>quidem</strong></span> <span class='ocrx_word' id='word_1_590' title='bbox 3649 1129 3742 1170; x_wconf 65' lang='lat' dir='ltr'><strong>est</strong></span> 
     </span>
    </p>
   </div>
   <div class='ocr_carea' id='block_1_73' title="bbox 2143 1192 3740 1278">
    <p class='ocr_par' dir='ltr' id='par_1_73' title="bbox 2143 1192 3740 1278">
     <span class='ocr_line' id='line_1_73' title="bbox 2143 1192 3740 1278; baseline 0.012 -35"><span class='ocrx_word' id='word_1_591' title='bbox 2143 1192 2378 1246; x_wconf 75' lang='lat' dir='ltr'><strong>omnium</strong></span> <span class='ocrx_word' id='word_1_592' title='bbox 2411 1194 2666 1250; x_wconf 82' lang='lat' dir='ltr'><strong>bonorum</strong></span> <span class='ocrx_word' id='word_1_593' title='bbox 2697 1197 2992 1268; x_wconf 80' lang='lat' dir='ltr'><strong>thesaurus,</strong></span> <span class='ocrx_word' id='word_1_594' title='bbox 3035 1215 3088 1257; x_wconf 91' lang='lat' dir='ltr'><strong>et</strong></span> <span class='ocrx_word' id='word_1_595' title='bbox 3125 1219 3255 1273; x_wconf 85' lang='lat' dir='ltr'><strong>opes</strong></span> <span class='ocrx_word' id='word_1_596' title='bbox 3291 1222 3411 1276; x_wconf 68' lang='lat' dir='ltr'><strong>qua:</strong></span> <span class='ocrx_word' id='word_1_597' title='bbox 3441 1224 3740 1278; x_wconf 84' lang='lat' dir='ltr'><strong>numquam</strong></span> 
     </span>
    </p>
   </div>
   <div class='ocr_carea' id='block_1_74' title="bbox 2142 1281 3740 1362">
    <p class='ocr_par' dir='ltr' id='par_1_74' title="bbox 2142 1281 3740 1362">
     <span class='ocr_line' id='line_1_74' title="bbox 2142 1281 3740 1362; baseline 0.011 -26"><span class='ocrx_word' id='word_1_598' title='bbox 2142 1281 2416 1349; x_wconf 80' lang='lat' dir='ltr'><strong>deﬁciunt,</strong></span> <span class='ocrx_word' id='word_1_599' title='bbox 2459 1287 2881 1359; x_wconf 67' lang='lat' dir='ltr'><strong>prii-tcipiumque</strong></span> <span class='ocrx_word' id='word_1_600' title='bbox 2907 1302 2961 1346; x_wconf 87' lang='lat' dir='ltr'><strong>et</strong></span> <span class='ocrx_word' id='word_1_601' title='bbox 2990 1295 3136 1349; x_wconf 72' lang='lat' dir='ltr'><strong>radix</strong></span> <span class='ocrx_word' id='word_1_602' title='bbox 3182 1296 3468 1362; x_wconf 76' lang='lat' dir='ltr'><strong>felicitatis,</strong></span> <span class='ocrx_word' id='word_1_603' title='bbox 3509 1307 3564 1354; x_wconf 87' lang='lat' dir='ltr'><strong>et</strong></span> <span class='ocrx_word' id='word_1_604' title='bbox 3614 1317 3740 1353; x_wconf 82' lang='lat' dir='ltr'><strong>me-</strong></span> 
     </span>
    </p>
   </div>
   <div class='ocr_carea' id='block_1_75' title="bbox 2144 1372 3740 1449">
    <p class='ocr_par' dir='ltr' id='par_1_75' title="bbox 2144 1372 3740 1449">
     <span class='ocr_line' id='line_1_75' title="bbox 2144 1372 3740 1449; baseline 0.012 -24"><span class='ocrx_word' id='word_1_605' title='bbox 2144 1372 2312 1437; x_wconf 88' lang='lat' dir='ltr'><strong>diuttt,</strong></span> <span class='ocrx_word' id='word_1_606' title='bbox 2339 1385 2390 1429; x_wconf 86' lang='lat' dir='ltr'><strong>et</strong></span> <span class='ocrx_word' id='word_1_607' title='bbox 2421 1375 2564 1434; x_wconf 82' lang='lat' dir='ltr'><strong>ﬁnis.</strong></span> <span class='ocrx_word' id='word_1_608' title='bbox 2598 1377 2826 1449; x_wconf 81' lang='lat' dir='ltr'><strong>Spiritus</strong></span> <span class='ocrx_word' id='word_1_609' title='bbox 2862 1393 2977 1437; x_wconf 81' lang='lat' dir='ltr'><strong>tuus</strong></span> <span class='ocrx_word' id='word_1_610' title='bbox 3006 1384 3164 1440; x_wconf 80' lang='lat' dir='ltr'><strong>bonus</strong></span> <span class='ocrx_word' id='word_1_611' title='bbox 3191 1387 3400 1442; x_wconf 84' lang='lat' dir='ltr'><strong>deducet</strong></span> <span class='ocrx_word' id='word_1_612' title='bbox 3423 1406 3502 1443; x_wconf 80' lang='lat' dir='ltr'><strong>nte</strong></span> <span class='ocrx_word' id='word_1_613' title='bbox 3535 1391 3590 1443; x_wconf 81' lang='lat' dir='ltr'><strong>iu</strong></span> <span class='ocrx_word' id='word_1_614' title='bbox 3629 1401 3740 1444; x_wconf 83' lang='lat' dir='ltr'><strong>ter-</strong></span> 
     </span>
    </p>
   </div>
   <div class='ocr_carea' id='block_1_76' title="bbox 2143 1469 3742 1549">
    <p class='ocr_par' dir='ltr' id='par_1_76' title="bbox 2143 1469 3742 1549">
     <span class='ocr_line' id='line_1_76' title="bbox 2143 1469 3742 1549; baseline 0.013 -33"><span class='ocrx_word' id='word_1_615' title='bbox 2143 1479 2253 1517; x_wconf 77' lang='lat' dir='ltr'><strong>num</strong></span> <span class='ocrx_word' id='word_1_616' title='bbox 2270 1476 2476 1521; x_wconf 86' lang='lat' dir='ltr'><strong>rectam.</strong></span> <span class='ocrx_word' id='word_1_617' title='bbox 2509 1469 2670 1525; x_wconf 81' lang='lat' dir='ltr'><strong>Vides</strong></span> <span class='ocrx_word' id='word_1_618' title='bbox 2691 1474 2962 1542; x_wconf 84' lang='lat' dir='ltr'><strong>quomodo</strong></span> <span class='ocrx_word' id='word_1_619' title='bbox 2985 1475 3237 1543; x_wconf 85' lang='lat' dir='ltr'><strong>dicimt&#39;ts,</strong></span> <span class='ocrx_word' id='word_1_620' title='bbox 3263 1481 3534 1549; x_wconf 79' lang='lat' dir='ltr'><strong>quomodo</strong></span> <span class='ocrx_word' id='word_1_621' title='bbox 3559 1482 3742 1536; x_wconf 80' lang='lat' dir='ltr'><strong>doce-</strong></span> 
     </span>
    </p>
   </div>
   <div class='ocr_carea' id='block_1_77' title="bbox 2141 1555 3742 1638">
    <p class='ocr_par' dir='ltr' id='par_1_77' title="bbox 2141 1555 3742 1638">
     <span class='ocr_line' id='line_1_77' title="bbox 2141 1555 3742 1638; baseline 0.013 -31"><span class='ocrx_word' id='word_1_622' title='bbox 2141 1570 2262 1610; x_wconf 84' lang='lat' dir='ltr'><strong>mur</strong></span> <span class='ocrx_word' id='word_1_623' title='bbox 2287 1555 2423 1610; x_wconf 79' lang='lat' dir='ltr'><strong>viam</strong></span> <span class='ocrx_word' id='word_1_624' title='bbox 2457 1561 2734 1628; x_wconf 78' lang='lat' dir='ltr'><strong>perﬁcere,</strong></span> <span class='ocrx_word' id='word_1_625' title='bbox 2788 1579 2981 1634; x_wconf 85' lang='lat' dir='ltr'><strong>nem-pe</strong></span> <span class='ocrx_word' id='word_1_626' title='bbox 3010 1582 3107 1637; x_wconf 92' lang='lat' dir='ltr'><strong>per</strong></span> <span class='ocrx_word' id='word_1_627' title='bbox 3156 1569 3408 1638; x_wconf 81' lang='lat' dir='ltr'><strong>Spiritum</strong></span> <span class='ocrx_word' id='word_1_628' title='bbox 3447 1586 3696 1628; x_wconf 74' lang='lat' dir='ltr'><strong>sanctum</strong></span> <span class='ocrx_word' id='word_1_629' title='bbox 3715 1577 3742 1628; x_wconf 68' lang='grc' dir='ltr'><strong><em>τ</em></strong></span> 
     </span>
    </p>
   </div>
   <div class='ocr_carea' id='block_1_78' title="bbox 2142 1645 3742 1720">
    <p class='ocr_par' dir='ltr' id='par_1_78' title="bbox 2142 1645 3742 1720">
     <span class='ocr_line' id='line_1_78' title="bbox 2142 1645 3742 1720; baseline 0.013 -21"><span class='ocrx_word' id='word_1_630' title='bbox 2142 1645 2212 1700; x_wconf 70' lang='lat' dir='ltr'><strong>lit.</strong></span> <span class='ocrx_word' id='word_1_631' title='bbox 2243 1646 2366 1702; x_wconf 87' lang='lat' dir='ltr'><strong>ideo</strong></span> <span class='ocrx_word' id='word_1_632' title='bbox 2394 1649 2608 1706; x_wconf 80' lang='lat' dir='ltr'><strong>dicebat</strong></span> <span class='ocrx_word' id='word_1_633' title='bbox 2655 1653 2888 1710; x_wconf 80' lang='lat' dir='ltr'><strong>Paulus:</strong></span> <span class='ocrx_word' id='word_1_634' title='bbox 2919 1655 3081 1713; x_wconf 80' lang='lat' dir='ltr'><strong>Nobis</strong></span> <span class='ocrx_word' id='word_1_635' title='bbox 3107 1671 3274 1714; x_wconf 80' lang='lat' dir='ltr'><strong>autem</strong></span> <span class='ocrx_word' id='word_1_636' title='bbox 3317 1659 3458 1716; x_wconf 80' lang='lat' dir='ltr'><strong>Deus</strong></span> <span class='ocrx_word' id='word_1_637' title='bbox 3492 1666 3742 1720; x_wconf 70' lang='lat' dir='ltr'><strong>reseima‘t</strong></span> 
     </span>
    </p>
   </div>
   <div class='ocr_carea' id='block_1_79' title="bbox 2139 1738 3740 1822">
    <p class='ocr_par' dir='ltr' id='par_1_79' title="bbox 2139 1738 3740 1822">
     <span class='ocr_line' id='line_1_79' title="bbox 2139 1738 3740 1822; baseline 0.012 -32"><span class='ocrx_word' id='word_1_638' title='bbox 2139 1753 2230 1807; x_wconf 86' lang='lat' dir='ltr'><strong>per</strong></span> <span class='ocrx_word' id='word_1_639' title='bbox 2255 1738 2504 1806; x_wconf 76' lang='lat' dir='ltr'><strong>Spiritum</strong></span> <span class='ocrx_word' id='word_1_640' title='bbox 2555 1759 2701 1797; x_wconf 81' lang='lat' dir='ltr'><strong>suum</strong></span> <span class='ocrx_word' id='word_1_641' title='bbox 2731 1746 2749 1816; x_wconf 89' lang='lat'>(</span> <span class='ocrx_word' id='word_1_642' title='bbox 2774 1740 2857 1800; x_wconf 56' lang='grc' dir='ltr'><strong>ι’</strong></span> <span class='ocrx_word' id='word_1_643' title='bbox 2882 1746 3000 1802; x_wconf 87' lang='lat' dir='ltr'><strong>Cor.</strong></span> <span class='ocrx_word' id='word_1_644' title='bbox 3045 1749 3100 1802; x_wconf 74' lang='grc'><strong>2.</strong></span> <span class='ocrx_word' id='word_1_645' title='bbox 3149 1751 3218 1805; x_wconf 77' lang='grc'><strong>10</strong></span> <span class='ocrx_word' id='word_1_646' title='bbox 3241 1750 3283 1822; x_wconf 92' lang='grc'><strong>).</strong></span> <span class='ocrx_word' id='word_1_647' title='bbox 3326 1751 3392 1806; x_wconf 76' lang='lat' dir='ltr'><strong>In</strong></span> <span class='ocrx_word' id='word_1_648' title='bbox 3431 1764 3618 1807; x_wconf 73' lang='lat' dir='ltr'><strong>terram</strong></span> <span class='ocrx_word' id='word_1_649' title='bbox 3647 1773 3740 1808; x_wconf 68' lang='lat' dir='ltr'><strong>re-</strong></span> 
     </span>
    </p>
   </div>
   <div class='ocr_carea' id='block_1_80' title="bbox 2139 1827 3737 1913">
    <p class='ocr_par' dir='ltr' id='par_1_80' title="bbox 2139 1827 3737 1913">
     <span class='ocr_line' id='line_1_80' title="bbox 2139 1827 3737 1913; baseline 0.012 -33"><span class='ocrx_word' id='word_1_650' title='bbox 2139 1836 2292 1880; x_wconf 75' lang='lat' dir='ltr'><strong>ctam.</strong></span> <span class='ocrx_word' id='word_1_651' title='bbox 2341 1827 2398 1884; x_wconf 91' lang='lat' dir='ltr'><strong>Si</strong></span> <span class='ocrx_word' id='word_1_652' title='bbox 2442 1831 2728 1888; x_wconf 82' lang='lat' dir='ltr'><strong>dictionem</strong></span> <span class='ocrx_word' id='word_1_653' title='bbox 2780 1837 2993 1906; x_wconf 82' lang='lat' dir='ltr'><strong>quidem</strong></span> <span class='ocrx_word' id='word_1_654' title='bbox 3042 1850 3286 1908; x_wconf 85' lang='lat' dir='ltr'><strong>spectes,</strong></span> <span class='ocrx_word' id='word_1_655' title='bbox 3330 1843 3458 1897; x_wconf 82' lang='lat' dir='ltr'><strong>dicit</strong></span> <span class='ocrx_word' id='word_1_656' title='bbox 3501 1847 3737 1913; x_wconf 82' lang='lat' dir='ltr'><strong>patriam</strong></span> 
     </span>
    </p>
   </div>
   <div class='ocr_carea' id='block_1_81' title="bbox 2138 1919 3738 2002">
    <p class='ocr_par' dir='ltr' id='par_1_81' title="bbox 2138 1919 3738 2002">
     <span class='ocr_line' id='line_1_81' title="bbox 2138 1919 3738 2002; baseline 0.012 -31"><span class='ocrx_word' id='word_1_657' title='bbox 2138 1933 2288 1972; x_wconf 87' lang='lat' dir='ltr'><strong>suam</strong></span> <span class='ocrx_word' id='word_1_658' title='bbox 2319 1936 2333 1972; x_wconf 89' lang='lat'><strong>:</strong></span> <span class='ocrx_word' id='word_1_659' title='bbox 2361 1919 2404 1974; x_wconf 90' lang='lat' dir='ltr'><strong>si</strong></span> <span class='ocrx_word' id='word_1_660' title='bbox 2424 1923 2714 1992; x_wconf 80' lang='lat' dir='ltr'><strong>accipiatur</strong></span> <span class='ocrx_word' id='word_1_661' title='bbox 2733 1937 2906 1982; x_wconf 88' lang='lat' dir='ltr'><strong>autem</strong></span> <span class='ocrx_word' id='word_1_662' title='bbox 2933 1931 3238 2000; x_wconf 72' lang='lat' dir='ltr'><strong>anagogice,</strong></span> <span class='ocrx_word' id='word_1_663' title='bbox 3272 1934 3408 1986; x_wconf 75' lang='lat' dir='ltr'><strong>viam</strong></span> <span class='ocrx_word' id='word_1_664' title='bbox 3437 1950 3553 2002; x_wconf 79' lang='lat' dir='ltr'><strong>qua:</strong></span> <span class='ocrx_word' id='word_1_665' title='bbox 3580 1935 3738 1990; x_wconf 82' lang='lat' dir='ltr'><strong>ducit</strong></span> 
     </span>
    </p>
   </div>
   <div class='ocr_carea' id='block_1_82' title="bbox 2138 2007 3738 2095">
    <p class='ocr_par' dir='ltr' id='par_1_82' title="bbox 2138 2007 3738 2095">
     <span class='ocr_line' id='line_1_82' title="bbox 2138 2007 3738 2095; baseline 0.011 -34"><span class='ocrx_word' id='word_1_666' title='bbox 2138 2007 2205 2061; x_wconf 76' lang='lat' dir='ltr'><strong>ad</strong></span> <span class='ocrx_word' id='word_1_667' title='bbox 2234 2011 2501 2066; x_wconf 76' lang='lat' dir='ltr'><strong>virtutem.</strong></span> <span class='ocrx_word' id='word_1_668' title='bbox 2528 2013 2679 2068; x_wconf 83' lang='lat' dir='ltr'><strong>Alius</strong></span> <span class='ocrx_word' id='word_1_669' title='bbox 2701 2026 2876 2071; x_wconf 83' lang='lat' dir='ltr'><strong>autem</strong></span> <span class='ocrx_word' id='word_1_670' title='bbox 2901 2018 3046 2082; x_wconf 85' lang='lat' dir='ltr'><strong>dicit,</strong></span> <span class='ocrx_word' id='word_1_671' title='bbox 3071 2020 3174 2073; x_wconf 77' lang='lat' dir='ltr'><strong>Per</strong></span> <span class='ocrx_word' id='word_1_672' title='bbox 3193 2033 3376 2075; x_wconf 76' lang='lat' dir='ltr'><strong>terram</strong></span> <span class='ocrx_word' id='word_1_673' title='bbox 3391 2023 3602 2093; x_wconf 74' lang='lat' dir='ltr'><strong>planam</strong></span> <span class='ocrx_word' id='word_1_674' title='bbox 3625 2027 3738 2095; x_wconf 76' lang='lat' dir='ltr'><strong>(tt).</strong></span> 
     </span>
    </p>
   </div>
   <div class='ocr_carea' id='block_1_83' title="bbox 2137 2099 3736 2185">
    <p class='ocr_par' dir='ltr' id='par_1_83' title="bbox 2137 2099 3736 2185">
     <span class='ocr_line' id='line_1_83' title="bbox 2137 2099 3736 2185; baseline 0.013 -33"><span class='ocrx_word' id='word_1_675' title='bbox 2137 2099 2279 2154; x_wconf 85' lang='lat' dir='ltr'><strong>Nihil</strong></span> <span class='ocrx_word' id='word_1_676' title='bbox 2307 2113 2390 2157; x_wconf 87' lang='lat' dir='ltr'><strong>est</strong></span> <span class='ocrx_word' id='word_1_677' title='bbox 2418 2105 2559 2160; x_wconf 85' lang='lat' dir='ltr'><strong>enim</strong></span> <span class='ocrx_word' id='word_1_678' title='bbox 2605 2107 2801 2163; x_wconf 83' lang='lat' dir='ltr'><strong>virtute</strong></span> <span class='ocrx_word' id='word_1_679' title='bbox 2851 2110 3038 2165; x_wconf 59' lang='lat' dir='ltr'><strong>levius</strong></span> <span class='ocrx_word' id='word_1_680' title='bbox 3063 2127 3127 2166; x_wconf 87' lang='lat' dir='ltr'><strong>ac</strong></span> <span class='ocrx_word' id='word_1_681' title='bbox 3154 2113 3384 2180; x_wconf 68' lang='lat' dir='ltr'><strong>plautius,</strong></span> <span class='ocrx_word' id='word_1_682' title='bbox 3425 2133 3543 2185; x_wconf 73' lang='lat' dir='ltr'><strong>qua:</strong></span> <span class='ocrx_word' id='word_1_683' title='bbox 3572 2129 3658 2172; x_wconf 86' lang='lat' dir='ltr'><strong>est</strong></span> <span class='ocrx_word' id='word_1_684' title='bbox 3699 2136 3736 2172; x_wconf 88' lang='lat' dir='ltr'><strong>a</strong></span> 
     </span>
    </p>
   </div>
   <div class='ocr_carea' id='block_1_84' title="bbox 2139 2193 3736 2273">
    <p class='ocr_par' dir='ltr' id='par_1_84' title="bbox 2139 2193 3736 2273">
     <span class='ocr_line' id='line_1_84' title="bbox 2139 2193 3736 2273; baseline 0.011 -28"><span class='ocrx_word' id='word_1_685' title='bbox 2139 2193 2291 2246; x_wconf 71' lang='lat' dir='ltr'><strong>itit!th</strong></span> <span class='ocrx_word' id='word_1_686' title='bbox 2329 2203 2386 2249; x_wconf 82' lang='lat' dir='ltr'><strong>et</strong></span> <span class='ocrx_word' id='word_1_687' title='bbox 2416 2197 2647 2251; x_wconf 75' lang='lat' dir='ltr'><strong>tumultu</strong></span> <span class='ocrx_word' id='word_1_688' title='bbox 2681 2198 2872 2255; x_wconf 76' lang='lat' dir='ltr'><strong>libera.</strong></span> <span class='ocrx_word' id='word_1_689' title='bbox 2903 2202 2993 2256; x_wconf 73' lang='lat' dir='ltr'><strong>ll.</strong></span> <span class='ocrx_word' id='word_1_690' title='bbox 3026 2201 3244 2273; x_wconf 73' lang='lat' dir='ltr'><strong>Propter</strong></span> <span class='ocrx_word' id='word_1_691' title='bbox 3271 2223 3450 2260; x_wconf 83' lang='lat' dir='ltr'><strong>nomen</strong></span> <span class='ocrx_word' id='word_1_692' title='bbox 3475 2217 3616 2261; x_wconf 81' lang='lat' dir='ltr'><strong>tuum</strong></span> <span class='ocrx_word' id='word_1_693' title='bbox 3645 2212 3736 2264; x_wconf 64' lang='grc' dir='ltr'><strong>υἰ-</strong></span> 
     </span>
    </p>
   </div>
   <div class='ocr_carea' id='block_1_85' title="bbox 2137 2283 3742 2355">
    <p class='ocr_par' dir='ltr' id='par_1_85' title="bbox 2137 2283 3742 2355">
     <span class='ocr_line' id='line_1_85' title="bbox 2137 2283 3742 2355; baseline 0.012 -20"><span class='ocrx_word' id='word_1_694' title='bbox 2137 2283 2362 2350; x_wconf 79' lang='lat' dir='ltr'><strong>sificabis</strong></span> <span class='ocrx_word' id='word_1_695' title='bbox 2387 2302 2484 2353; x_wconf 83' lang='lat' dir='ltr'><strong>me,</strong></span> <span class='ocrx_word' id='word_1_696' title='bbox 2509 2284 2743 2345; x_wconf 72' lang='lat' dir='ltr'><strong>Domine.</strong></span> <span class='ocrx_word' id='word_1_697' title='bbox 2774 2291 2933 2348; x_wconf 80' lang='lat' dir='ltr'><strong>Vides</strong></span> <span class='ocrx_word' id='word_1_698' title='bbox 2962 2309 3082 2349; x_wconf 89' lang='lat' dir='ltr'><strong>eum</strong></span> <span class='ocrx_word' id='word_1_699' title='bbox 3115 2312 3298 2350; x_wconf 85' lang='lat' dir='ltr'><strong>rursus</strong></span> <span class='ocrx_word' id='word_1_700' title='bbox 3325 2297 3392 2352; x_wconf 87' lang='lat' dir='ltr'><strong>ad</strong></span> <span class='ocrx_word' id='word_1_701' title='bbox 3421 2299 3584 2354; x_wconf 79' lang='lat' dir='ltr'><strong>Dea-tn</strong></span> <span class='ocrx_word' id='word_1_702' title='bbox 3595 2317 3742 2355; x_wconf 85' lang='lat' dir='ltr'><strong>eon-</strong></span> 
     </span>
    </p>
   </div>
   <div class='ocr_carea' id='block_1_86' title="bbox 2138 2373 3656 2444">
    <p class='ocr_par' dir='ltr' id='par_1_86' title="bbox 2138 2373 3656 2444">
     <span class='ocr_line' id='line_1_86' title="bbox 2138 2373 3656 2444; baseline 0.011 -17"><span class='ocrx_word' id='word_1_703' title='bbox 2138 2373 2341 2444; x_wconf 75' lang='lat' dir='ltr'><strong>l&#39;ugere,</strong></span> <span class='ocrx_word' id='word_1_704' title='bbox 2371 2391 2476 2432; x_wconf 79' lang='lat' dir='ltr'><strong>non</strong></span> <span class='ocrx_word' id='word_1_705' title='bbox 2505 2389 2685 2435; x_wconf 82' lang='lat' dir='ltr'><strong>autem</strong></span> <span class='ocrx_word' id='word_1_706' title='bbox 2730 2383 2782 2436; x_wconf 89' lang='lat' dir='ltr'><strong>in</strong></span> <span class='ocrx_word' id='word_1_707' title='bbox 2811 2383 2916 2437; x_wconf 75' lang='lat' dir='ltr'><strong>vita</strong></span> <span class='ocrx_word' id='word_1_708' title='bbox 2945 2399 3038 2439; x_wconf 85' lang='lat' dir='ltr'><strong>sua</strong></span> <span class='ocrx_word' id='word_1_709' title='bbox 3069 2388 3335 2444; x_wconf 70' lang='lat' dir='ltr'><strong>cttiwcane</strong></span> <span class='ocrx_word' id='word_1_710' title='bbox 3365 2390 3656 2444; x_wconf 77' lang='lat' dir='ltr'><strong>ﬁduciam?</strong></span> 
     </span>
    </p>
   </div>
   <div class='ocr_carea' id='block_1_87' title="bbox 2207 2465 3732 2543">
    <p class='ocr_par' dir='ltr' id='par_1_87' title="bbox 2207 2465 3732 2543">
     <span class='ocr_line' id='line_1_87' title="bbox 2207 2465 3732 2543; baseline 0.011 -24"><span class='ocrx_word' id='word_1_711' title='bbox 2207 2465 2452 2536; x_wconf 58' lang='lat' dir='ltr'><strong>ﬂauius</strong></span> <span class='ocrx_word' id='word_1_712' title='bbox 2479 2479 2526 2524; x_wconf 88' lang='lat' dir='ltr'><strong>et</strong></span> <span class='ocrx_word' id='word_1_713' title='bbox 2561 2472 2768 2542; x_wconf 78' lang='lat' dir='ltr'><strong>justitia</strong></span> <span class='ocrx_word' id='word_1_714' title='bbox 2808 2491 2901 2543; x_wconf 83' lang='lat' dir='ltr'><strong>pro</strong></span> <span class='ocrx_word' id='word_1_715' title='bbox 2939 2477 3206 2531; x_wconf 75' lang='lat' dir='ltr'><strong>clementia</strong></span> <span class='ocrx_word' id='word_1_716' title='bbox 3248 2493 3295 2532; x_wconf 88' lang='lat' dir='ltr'><strong>et</strong></span> <span class='ocrx_word' id='word_1_717' title='bbox 3355 2481 3732 2538; x_wconf 72' lang='lat' dir='ltr'><strong>misericordia.</strong></span> 
     </span>
    </p>
   </div>
   <div class='ocr_carea' id='block_1_88' title="bbox 2140 2555 3738 2641">
    <p class='ocr_par' dir='ltr' id='par_1_88' title="bbox 2140 2555 3738 2641">
     <span class='ocr_line' id='line_1_88' title="bbox 2140 2555 3738 2641; baseline 0.013 -32"><span class='ocrx_word' id='word_1_718' title='bbox 2140 2555 2316 2612; x_wconf 83' lang='lat' dir='ltr'><strong>Oratio</strong></span> <span class='ocrx_word' id='word_1_719' title='bbox 2341 2560 2451 2614; x_wconf 86' lang='lat' dir='ltr'><strong>sine</strong></span> <span class='ocrx_word' id='word_1_720' title='bbox 2481 2577 2634 2634; x_wconf 82' lang='lat' dir='ltr'><strong>opere</strong></span> <span class='ocrx_word' id='word_1_721' title='bbox 2665 2565 2881 2621; x_wconf 70' lang='lat' dir='ltr'><strong>inutilis.</strong></span> <span class='ocrx_word' id='word_1_722' title='bbox 2917 2597 2990 2607; x_wconf 90' lang='lat'><strong>--</strong></span> <span class='ocrx_word' id='word_1_723' title='bbox 3027 2567 3095 2622; x_wconf 81' lang='lat' dir='ltr'><strong>In</strong></span> <span class='ocrx_word' id='word_1_724' title='bbox 3131 2571 3364 2641; x_wconf 68' lang='lat' dir='ltr'><strong>aequitate</strong></span> <span class='ocrx_word' id='word_1_725' title='bbox 3389 2581 3474 2624; x_wconf 87' lang='lat' dir='ltr'><strong>tua</strong></span> <span class='ocrx_word' id='word_1_726' title='bbox 3498 2573 3678 2628; x_wconf 82' lang='lat' dir='ltr'><strong>educes</strong></span> <span class='ocrx_word' id='word_1_727' title='bbox 3703 2591 3738 2629; x_wconf 84' lang='lat' dir='ltr'><strong>e</strong></span> 
     </span>
    </p>
   </div>
   <div class='ocr_carea' id='block_1_89' title="bbox 2137 2649 3732 2726">
    <p class='ocr_par' dir='ltr' id='par_1_89' title="bbox 2137 2649 3732 2726">
     <span class='ocr_line' id='line_1_89' title="bbox 2137 2649 3732 2726; baseline 0.011 -24"><span class='ocrx_word' id='word_1_728' title='bbox 2137 2649 2460 2706; x_wconf 69' lang='lat' dir='ltr'><strong>tribulatione</strong></span> <span class='ocrx_word' id='word_1_729' title='bbox 2476 2655 2706 2709; x_wconf 74' lang='lat' dir='ltr'><strong>animum</strong></span> <span class='ocrx_word' id='word_1_730' title='bbox 2731 2674 2912 2713; x_wconf 82' lang='lat' dir='ltr'><strong>means.</strong></span> <span class='ocrx_word' id='word_1_731' title='bbox 2955 2661 3128 2726; x_wconf 78' lang='lat' dir='ltr'><strong>Atius,</strong></span> <span class='ocrx_word' id='word_1_732' title='bbox 3157 2660 3222 2716; x_wconf 81' lang='lat' dir='ltr'><strong>In</strong></span> <span class='ocrx_word' id='word_1_733' title='bbox 3248 2664 3593 2719; x_wconf 59' lang='lat' dir='ltr'><strong>mﬁericordia</strong></span> <span class='ocrx_word' id='word_1_734' title='bbox 3615 2679 3732 2720; x_wconf 78' lang='grc' dir='ltr'><strong>ιηα.</strong></span> 
     </span>
    </p>
   </div>
   <div class='ocr_carea' id='block_1_90' title="bbox 2136 2739 3730 2824">
    <p class='ocr_par' dir='ltr' id='par_1_90' title="bbox 2136 2739 3730 2824">
     <span class='ocr_line' id='line_1_90' title="bbox 2136 2739 3730 2824; baseline 0.013 -31"><span class='ocrx_word' id='word_1_735' title='bbox 2136 2739 2299 2796; x_wconf 84' lang='lat' dir='ltr'><strong>Vides</strong></span> <span class='ocrx_word' id='word_1_736' title='bbox 2323 2745 2595 2812; x_wconf 81' lang='lat' dir='ltr'><strong>quoodo</strong></span> <span class='ocrx_word' id='word_1_737' title='bbox 2617 2761 2802 2802; x_wconf 71' lang='lat' dir='ltr'><strong>rerum</strong></span> <span class='ocrx_word' id='word_1_738' title='bbox 2846 2749 2937 2817; x_wconf 83' lang='lat' dir='ltr'><strong>sit,</strong></span> <span class='ocrx_word' id='word_1_739' title='bbox 2983 2759 3124 2822; x_wconf 83' lang='lat' dir='ltr'><strong>quod</strong></span> <span class='ocrx_word' id='word_1_740' title='bbox 3167 2755 3414 2824; x_wconf 74' lang='lat' dir='ltr'><strong>superius</strong></span> <span class='ocrx_word' id='word_1_741' title='bbox 3456 2757 3730 2820; x_wconf 76' lang='lat' dir='ltr'><strong>dict-bam,</strong></span> 
     </span>
    </p>
   </div>
   <div class='ocr_carea' id='block_1_91' title="bbox 2136 2832 3788 2907">
    <p class='ocr_par' dir='ltr' id='par_1_91' title="bbox 2136 2832 3788 2907">
     <span class='ocr_line' id='line_1_91' title="bbox 2136 2832 3788 2907; baseline 0.013 -23"><span class='ocrx_word' id='word_1_742' title='bbox 2136 2844 2258 2885; x_wconf 87' lang='lat' dir='ltr'><strong>eum</strong></span> <span class='ocrx_word' id='word_1_743' title='bbox 2280 2832 2536 2901; x_wconf 69' lang='lat' dir='ltr'><strong>justitiam</strong></span> <span class='ocrx_word' id='word_1_744' title='bbox 2575 2851 2720 2907; x_wconf 78' lang='lat' dir='ltr'><strong>saepe</strong></span> <span class='ocrx_word' id='word_1_745' title='bbox 2759 2855 2954 2896; x_wconf 74' lang='lat' dir='ltr'><strong>vocare</strong></span> <span class='ocrx_word' id='word_1_746' title='bbox 2996 2843 3374 2901; x_wconf 67' lang='lat' dir='ltr'><strong>clementiam?</strong></span> <span class='ocrx_word' id='word_1_747' title='bbox 3419 2847 3622 2904; x_wconf 80' lang='lat' dir='ltr'><strong>Educes</strong></span> <span class='ocrx_word' id='word_1_748' title='bbox 3663 2855 3738 2905; x_wconf 76' lang='lat' dir='ltr'><strong>de</strong></span> <span class='ocrx_word' id='word_1_749' title='bbox 3773 2844 3788 2856; x_wconf 79' lang='grc'><em>“</em></span> 
     </span>
    </p>
   </div>
   <div class='ocr_carea' id='block_1_92' title="bbox 2136 2922 3736 3010">
    <p class='ocr_par' dir='ltr' id='par_1_92' title="bbox 2136 2922 3736 3010">
     <span class='ocr_line' id='line_1_92' title="bbox 2136 2922 3736 3010; baseline 0.013 -35"><span class='ocrx_word' id='word_1_750' title='bbox 2136 2922 2463 2980; x_wconf 60' lang='lat' dir='ltr'><strong>tribulatione</strong></span> <span class='ocrx_word' id='word_1_751' title='bbox 2489 2927 2716 2982; x_wconf 65' lang='lat' dir='ltr'><strong>attinent</strong></span> <span class='ocrx_word' id='word_1_752' title='bbox 2743 2948 2928 2985; x_wconf 75' lang='lat' dir='ltr'><strong>meatu.</strong></span> <span class='ocrx_word' id='word_1_753' title='bbox 2966 2933 3120 2988; x_wconf 81' lang='lat' dir='ltr'><strong>Orate</strong></span> <span class='ocrx_word' id='word_1_754' title='bbox 3144 2937 3308 2997; x_wconf 87' lang='lat' dir='ltr'><strong>enim.</strong></span> <span class='ocrx_word' id='word_1_755' title='bbox 3339 2939 3532 3010; x_wconf 76' lang='lat' dir='ltr'><strong>inquit,</strong></span> <span class='ocrx_word' id='word_1_756' title='bbox 3557 2958 3625 2994; x_wconf 74' lang='lat' dir='ltr'><strong>ne</strong></span> <span class='ocrx_word' id='word_1_757' title='bbox 3647 2944 3736 2995; x_wconf 85' lang='lat' dir='ltr'><strong>in-</strong></span> 
     </span>
    </p>
   </div>
   <div class='ocr_carea' id='block_1_93' title="bbox 2135 3014 3732 3096">
    <p class='ocr_par' dir='ltr' id='par_1_93' title="bbox 2135 3014 3732 3096">
     <span class='ocr_line' id='line_1_93' title="bbox 2135 3014 3732 3096; baseline 0.013 -30"><span class='ocrx_word' id='word_1_758' title='bbox 2135 3014 2274 3068; x_wconf 82' lang='lat' dir='ltr'><strong>tretis</strong></span> <span class='ocrx_word' id='word_1_759' title='bbox 2300 3015 2354 3069; x_wconf 87' lang='lat' dir='ltr'><strong>in</strong></span> <span class='ocrx_word' id='word_1_760' title='bbox 2383 3019 2704 3074; x_wconf 78' lang='lat' dir='ltr'><strong>tentationem</strong></span> <span class='ocrx_word' id='word_1_761' title='bbox 2726 3021 2917 3088; x_wconf 74' lang='lat' dir='ltr'><strong>(Marc.</strong></span> <span class='ocrx_word' id='word_1_762' title='bbox 2948 3025 3034 3080; x_wconf 77' lang='grc'><strong>14.</strong></span> <span class='ocrx_word' id='word_1_763' title='bbox 3068 3026 3184 3096; x_wconf 73' lang='grc'><strong>38).</strong></span> <span class='ocrx_word' id='word_1_764' title='bbox 3227 3027 3314 3083; x_wconf 64' lang='grc'><strong>12.</strong></span> <span class='ocrx_word' id='word_1_765' title='bbox 3346 3029 3415 3084; x_wconf 73' lang='lat' dir='ltr'><strong>Et</strong></span> <span class='ocrx_word' id='word_1_766' title='bbox 3439 3032 3493 3084; x_wconf 86' lang='lat' dir='ltr'><strong>in</strong></span> <span class='ocrx_word' id='word_1_767' title='bbox 3521 3033 3732 3086; x_wconf 77' lang='lat' dir='ltr'><strong>miseri-</strong></span> 
     </span>
    </p>
   </div>
   <div class='ocr_carea' id='block_1_94' title="bbox 2135 3105 3739 3192">
    <p class='ocr_par' dir='ltr' id='par_1_94' title="bbox 2135 3105 3739 3192">
     <span class='ocr_line' id='line_1_94' title="bbox 2135 3105 3739 3192; baseline 0.01 -34"><span class='ocrx_word' id='word_1_768' title='bbox 2135 3105 2310 3159; x_wconf 74' lang='lat' dir='ltr'><strong>cordia</strong></span> <span class='ocrx_word' id='word_1_769' title='bbox 2346 3116 2436 3160; x_wconf 87' lang='lat' dir='ltr'><strong>tua</strong></span> <span class='ocrx_word' id='word_1_770' title='bbox 2474 3107 2735 3181; x_wconf 73' lang='lat' dir='ltr'><strong>disperdat</strong></span> <span class='ocrx_word' id='word_1_771' title='bbox 2771 3129 2945 3169; x_wconf 77' lang='lat' dir='ltr'><strong>attines</strong></span> <span class='ocrx_word' id='word_1_772' title='bbox 2987 3116 3218 3172; x_wconf 80' lang='lat' dir='ltr'><strong>inimicos</strong></span> <span class='ocrx_word' id='word_1_773' title='bbox 3245 3135 3407 3174; x_wconf 70' lang='lat' dir='ltr'><strong>uaeas.</strong></span> <span class='ocrx_word' id='word_1_774' title='bbox 3447 3121 3562 3176; x_wconf 78' lang='lat' dir='ltr'><strong>Non</strong></span> <span class='ocrx_word' id='word_1_775' title='bbox 3593 3141 3739 3192; x_wconf 73' lang='lat' dir='ltr'><strong>qut:-</strong></span> 
     </span>
    </p>
   </div>
   <div class='ocr_carea' id='block_1_95' title="bbox 2137 3195 3738 3279">
    <p class='ocr_par' dir='ltr' id='par_1_95' title="bbox 2137 3195 3738 3279">
     <span class='ocr_line' id='line_1_95' title="bbox 2137 3195 3738 3279; baseline 0.012 -31"><span class='ocrx_word' id='word_1_776' title='bbox 2137 3195 2277 3250; x_wconf 86' lang='lat' dir='ltr'><strong>uiam</strong></span> <span class='ocrx_word' id='word_1_777' title='bbox 2305 3211 2407 3268; x_wconf 77' lang='lat' dir='ltr'><strong>ego</strong></span> <span class='ocrx_word' id='word_1_778' title='bbox 2431 3213 2552 3254; x_wconf 82' lang='lat' dir='ltr'><strong>sum</strong></span> <span class='ocrx_word' id='word_1_779' title='bbox 2577 3200 2790 3272; x_wconf 79' lang='lat' dir='ltr'><strong>dignus,</strong></span> <span class='ocrx_word' id='word_1_780' title='bbox 2821 3203 3016 3275; x_wconf 82' lang='lat' dir='ltr'><strong>inquit,</strong></span> <span class='ocrx_word' id='word_1_781' title='bbox 3045 3207 3140 3262; x_wconf 90' lang='lat' dir='ltr'><strong>sed</strong></span> <span class='ocrx_word' id='word_1_782' title='bbox 3177 3221 3400 3279; x_wconf 78' lang='lat' dir='ltr'><strong>propter</strong></span> <span class='ocrx_word' id='word_1_783' title='bbox 3441 3220 3584 3268; x_wconf 68' lang='lat' dir='ltr'><strong>usus</strong></span> <span class='ocrx_word' id='word_1_784' title='bbox 3615 3215 3738 3268; x_wconf 65' lang='lat' dir='ltr'><strong>cle-</strong></span> 
     </span>
    </p>
   </div>
   <div class='ocr_carea' id='block_1_96' title="bbox 2137 3287 3730 3371">
    <p class='ocr_par' dir='ltr' id='par_1_96' title="bbox 2137 3287 3730 3371">
     <span class='ocr_line' id='line_1_96' title="bbox 2137 3287 3730 3371; baseline 0.011 -31"><span class='ocrx_word' id='word_1_785' title='bbox 2137 3287 2386 3342; x_wconf 81' lang='lat' dir='ltr'><strong>mentiam</strong></span> <span class='ocrx_word' id='word_1_786' title='bbox 2417 3289 2582 3345; x_wconf 83' lang='lat' dir='ltr'><strong>libera</strong></span> <span class='ocrx_word' id='word_1_787' title='bbox 2614 3308 2700 3347; x_wconf 88' lang='lat' dir='ltr'><strong>me</strong></span> <span class='ocrx_word' id='word_1_788' title='bbox 2727 3295 2796 3349; x_wconf 79' lang='lat' dir='ltr'><strong>ab</strong></span> <span class='ocrx_word' id='word_1_789' title='bbox 2825 3295 2890 3349; x_wconf 90' lang='lat' dir='ltr'><strong>iis</strong></span> <span class='ocrx_word' id='word_1_790' title='bbox 2939 3298 3028 3366; x_wconf 86' lang='lat' dir='ltr'><strong>qui</strong></span> <span class='ocrx_word' id='word_1_791' title='bbox 3058 3297 3112 3351; x_wconf 87' lang='lat' dir='ltr'><strong>in</strong></span> <span class='ocrx_word' id='word_1_792' title='bbox 3143 3316 3228 3353; x_wconf 86' lang='lat' dir='ltr'><strong>me</strong></span> <span class='ocrx_word' id='word_1_793' title='bbox 3267 3300 3462 3356; x_wconf 86' lang='lat' dir='ltr'><strong>bellqu</strong></span> <span class='ocrx_word' id='word_1_794' title='bbox 3499 3316 3730 3371; x_wconf 67' lang='lat' dir='ltr'><strong>perunt,</strong></span> 
     </span>
    </p>
   </div>
   <div class='ocr_carea' id='block_1_97' title="bbox 2136 3379 3738 3456">
    <p class='ocr_par' dir='ltr' id='par_1_97' title="bbox 2136 3379 3738 3456">
     <span class='ocr_line' id='line_1_97' title="bbox 2136 3379 3738 3456; baseline 0.011 -21"><span class='ocrx_word' id='word_1_795' title='bbox 2136 3379 2299 3436; x_wconf 80' lang='lat' dir='ltr'><strong>libera</strong></span> <span class='ocrx_word' id='word_1_796' title='bbox 2330 3397 2414 3437; x_wconf 91' lang='lat' dir='ltr'><strong>me</strong></span> <span class='ocrx_word' id='word_1_797' title='bbox 2439 3385 2506 3438; x_wconf 86' lang='lat' dir='ltr'><strong>ab</strong></span> <span class='ocrx_word' id='word_1_798' title='bbox 2531 3383 2598 3439; x_wconf 84' lang='lat' dir='ltr'><strong>iis</strong></span> <span class='ocrx_word' id='word_1_799' title='bbox 2621 3387 2709 3455; x_wconf 79' lang='lat' dir='ltr'><strong>qui</strong></span> <span class='ocrx_word' id='word_1_800' title='bbox 2741 3388 2870 3442; x_wconf 88' lang='lat' dir='ltr'><strong>mibi</strong></span> <span class='ocrx_word' id='word_1_801' title='bbox 2896 3390 3244 3456; x_wconf 80' lang='lat' dir='ltr'><strong>insidiantur,</strong></span> <span class='ocrx_word' id='word_1_802' title='bbox 3293 3394 3384 3450; x_wconf 78' lang='lat' dir='ltr'><strong>dat</strong></span> <span class='ocrx_word' id='word_1_803' title='bbox 3409 3405 3466 3450; x_wconf 87' lang='lat' dir='ltr'><strong>ut</strong></span> <span class='ocrx_word' id='word_1_804' title='bbox 3489 3399 3561 3452; x_wconf 85' lang='lat' dir='ltr'><strong>ab</strong></span> <span class='ocrx_word' id='word_1_805' title='bbox 3589 3400 3738 3452; x_wconf 85' lang='lat' dir='ltr'><strong>ami-</strong></span> 
     </span>
    </p>
   </div>
   <div class='ocr_carea' id='block_1_98' title="bbox 2137 3473 3738 3560">
    <p class='ocr_par' dir='ltr' id='par_1_98' title="bbox 2137 3473 3738 3560">
     <span class='ocr_line' id='line_1_98' title="bbox 2137 3473 3738 3560; baseline 0.012 -32"><span class='ocrx_word' id='word_1_806' title='bbox 2137 3473 2316 3528; x_wconf 68' lang='lat' dir='ltr'><strong>ctione</strong></span> <span class='ocrx_word' id='word_1_807' title='bbox 2341 3474 2669 3545; x_wconf 83' lang='lat' dir='ltr'><strong>aliquantum</strong></span> <span class='ocrx_word' id='word_1_808' title='bbox 2695 3480 2975 3549; x_wconf 79' lang='lat' dir='ltr'><strong>respirem.</strong></span> <span class='ocrx_word' id='word_1_809' title='bbox 2993 3481 3062 3536; x_wconf 75' lang='lat' dir='ltr'><strong>Et</strong></span> <span class='ocrx_word' id='word_1_810' title='bbox 3081 3487 3263 3556; x_wconf 76' lang='lat' dir='ltr'><strong>perdes</strong></span> <span class='ocrx_word' id='word_1_811' title='bbox 3281 3503 3451 3544; x_wconf 70' lang='lat' dir='ltr'><strong>om</strong></span> <span class='ocrx_word' id='word_1_812' title='bbox 3465 3492 3551 3560; x_wconf 78' lang='lat' dir='ltr'><strong>qui</strong></span> <span class='ocrx_word' id='word_1_813' title='bbox 3561 3493 3738 3547; x_wconf 70' lang='lat' dir='ltr'><strong>tribu-</strong></span> 
     </span>
    </p>
   </div>
   <div class='ocr_carea' id='block_1_99' title="bbox 2135 3562 3736 3644">
    <p class='ocr_par' dir='ltr' id='par_1_99' title="bbox 2135 3562 3736 3644">
     <span class='ocr_line' id='line_1_99' title="bbox 2135 3562 3736 3644; baseline 0.016 -27"><span class='ocrx_word' id='word_1_814' title='bbox 2135 3562 2244 3618; x_wconf 79' lang='lat' dir='ltr'><strong>iant</strong></span> <span class='ocrx_word' id='word_1_815' title='bbox 2265 3565 2490 3620; x_wconf 84' lang='lat' dir='ltr'><strong>animam</strong></span> <span class='ocrx_word' id='word_1_816' title='bbox 2513 3584 2694 3636; x_wconf 77' lang='lat' dir='ltr'><strong>meum,</strong></span> <span class='ocrx_word' id='word_1_817' title='bbox 2719 3573 2960 3642; x_wconf 77' lang='lat' dir='ltr'><strong>quoniam</strong></span> <span class='ocrx_word' id='word_1_818' title='bbox 2974 3591 3068 3644; x_wconf 79' lang='lat' dir='ltr'><strong>ego</strong></span> <span class='ocrx_word' id='word_1_819' title='bbox 3087 3592 3258 3632; x_wconf 75' lang='lat' dir='ltr'><strong>seruus</strong></span> <span class='ocrx_word' id='word_1_820' title='bbox 3283 3589 3398 3635; x_wconf 85' lang='lat' dir='ltr'><strong>tuus</strong></span> <span class='ocrx_word' id='word_1_821' title='bbox 3425 3599 3556 3636; x_wconf 78' lang='lat' dir='ltr'><strong>sunt.</strong></span> <span class='ocrx_word' id='word_1_822' title='bbox 3589 3585 3736 3641; x_wconf 85' lang='lat' dir='ltr'><strong>Vide</strong></span> 
     </span>
    </p>
   </div>
   <div class='ocr_carea' id='block_1_100' title="bbox 2136 3654 3736 3744">
    <p class='ocr_par' dir='ltr' id='par_1_100' title="bbox 2136 3654 3736 3744">
     <span class='ocr_line' id='line_1_100' title="bbox 2136 3654 3736 3744; baseline 0.014 -36"><span class='ocrx_word' id='word_1_823' title='bbox 2136 3654 2224 3710; x_wconf 88' lang='lat' dir='ltr'><strong>hic</strong></span> <span class='ocrx_word' id='word_1_824' title='bbox 2256 3672 2442 3713; x_wconf 84' lang='lat' dir='ltr'><strong>rursus</strong></span> <span class='ocrx_word' id='word_1_825' title='bbox 2480 3659 2741 3730; x_wconf 74' lang='lat' dir='ltr'><strong>adjectum</strong></span> <span class='ocrx_word' id='word_1_826' title='bbox 2787 3679 3024 3722; x_wconf 85' lang='lat' dir='ltr'><strong>causam.</strong></span> <span class='ocrx_word' id='word_1_827' title='bbox 3055 3669 3239 3740; x_wconf 84' lang='lat' dir='ltr'><strong>Neque</strong></span> <span class='ocrx_word' id='word_1_828' title='bbox 3267 3674 3409 3728; x_wconf 87' lang='lat' dir='ltr'><strong>enim</strong></span> <span class='ocrx_word' id='word_1_829' title='bbox 3435 3689 3736 3744; x_wconf 58' lang='lat' dir='ltr'><strong>possumus</strong></span> 
     </span>
    </p>
   </div>
   <div class='ocr_carea' id='block_1_101' title="bbox 2135 3747 3736 3836">
    <p class='ocr_par' dir='ltr' id='par_1_101' title="bbox 2135 3747 3736 3836">
     <span class='ocr_line' id='line_1_101' title="bbox 2135 3747 3736 3836; baseline 0.016 -35"><span class='ocrx_word' id='word_1_830' title='bbox 2135 3747 2379 3804; x_wconf 76' lang='lat' dir='ltr'><strong>absolute</strong></span> <span class='ocrx_word' id='word_1_831' title='bbox 2415 3762 2597 3808; x_wconf 80' lang='lat' dir='ltr'><strong>nostra</strong></span> <span class='ocrx_word' id='word_1_832' title='bbox 2641 3758 2903 3824; x_wconf 86' lang='lat' dir='ltr'><strong>postulata</strong></span> <span class='ocrx_word' id='word_1_833' title='bbox 2931 3765 3214 3833; x_wconf 87' lang='lat' dir='ltr'><strong>consequi,</strong></span> <span class='ocrx_word' id='word_1_834' title='bbox 3241 3764 3335 3819; x_wconf 86' lang='lat' dir='ltr'><strong>sed</strong></span> <span class='ocrx_word' id='word_1_835' title='bbox 3380 3777 3588 3836; x_wconf 80' lang='lat' dir='ltr'><strong>Oportet</strong></span> <span class='ocrx_word' id='word_1_836' title='bbox 3623 3787 3736 3827; x_wconf 80' lang='lat' dir='ltr'><strong>nos</strong></span> 
     </span>
    </p>
   </div>
   <div class='ocr_carea' id='block_1_102' title="bbox 2135 3841 3734 3933">
    <p class='ocr_par' dir='ltr' id='par_1_102' title="bbox 2135 3841 3734 3933">
     <span class='ocr_line' id='line_1_102' title="bbox 2135 3841 3734 3933; baseline 0.016 -39"><span class='ocrx_word' id='word_1_837' title='bbox 2135 3841 2207 3895; x_wconf 89' lang='lat' dir='ltr'><strong>ita</strong></span> <span class='ocrx_word' id='word_1_838' title='bbox 2231 3857 2550 3914; x_wconf 68' lang='lat' dir='ltr'><strong>prarparsrc,</strong></span> <span class='ocrx_word' id='word_1_839' title='bbox 2581 3857 2637 3902; x_wconf 88' lang='lat' dir='ltr'><strong>ut</strong></span> <span class='ocrx_word' id='word_1_840' title='bbox 2658 3851 2826 3905; x_wconf 79' lang='lat' dir='ltr'><strong>simus</strong></span> <span class='ocrx_word' id='word_1_841' title='bbox 2849 3853 2992 3924; x_wconf 73' lang='lat' dir='ltr'><strong>digni</strong></span> <span class='ocrx_word' id='word_1_842' title='bbox 3011 3857 3100 3925; x_wconf 85' lang='lat' dir='ltr'><strong>qui</strong></span> <span class='ocrx_word' id='word_1_843' title='bbox 3127 3858 3391 3926; x_wconf 86' lang='lat' dir='ltr'><strong>postulata</strong></span> <span class='ocrx_word' id='word_1_844' title='bbox 3419 3875 3734 3933; x_wconf 71' lang='lat' dir='ltr'><strong>consequa-</strong></span> 
     </span>
    </p>
   </div>
   <div class='ocr_carea' id='block_1_103' title="bbox 2135 3944 3731 4012">
    <p class='ocr_par' dir='ltr' id='par_1_103' title="bbox 2135 3944 3731 4012">
     <span class='ocr_line' id='line_1_103' title="bbox 2135 3944 3731 4012; baseline 0.016 -26"><span class='ocrx_word' id='word_1_845' title='bbox 2135 3949 2276 4002; x_wconf 79' lang='lat' dir='ltr'><strong>mur,</strong></span> <span class='ocrx_word' id='word_1_846' title='bbox 2304 3946 2358 3990; x_wconf 91' lang='lat' dir='ltr'><strong>et</strong></span> <span class='ocrx_word' id='word_1_847' title='bbox 2387 3952 2508 4005; x_wconf 67' lang='lat' dir='ltr'><strong>qua“:</strong></span> <span class='ocrx_word' id='word_1_848' title='bbox 2546 3949 2725 3997; x_wconf 85' lang='lat' dir='ltr'><strong>nostra</strong></span> <span class='ocrx_word' id='word_1_849' title='bbox 2765 3953 2889 3998; x_wconf 88' lang='lat' dir='ltr'><strong>sunt</strong></span> <span class='ocrx_word' id='word_1_850' title='bbox 2931 3944 3198 4011; x_wconf 77' lang='lat' dir='ltr'><strong>conierre,</strong></span> <span class='ocrx_word' id='word_1_851' title='bbox 3229 3957 3286 4004; x_wconf 88' lang='lat' dir='ltr'><strong>et</strong></span> <span class='ocrx_word' id='word_1_852' title='bbox 3328 3951 3400 4004; x_wconf 81' lang='lat' dir='ltr'><strong>ita</strong></span> <span class='ocrx_word' id='word_1_853' title='bbox 3440 3953 3731 4012; x_wconf 78' lang='lat' dir='ltr'><strong>accedere.</strong></span> 
     </span>
    </p>
   </div>
   <div class='ocr_carea' id='block_1_104' title="bbox 2139 4024 3730 4101">
    <p class='ocr_par' dir='ltr' id='par_1_104' title="bbox 2139 4024 3730 4101">
     <span class='ocr_line' id='line_1_104' title="bbox 2139 4024 3730 4101; baseline 0.014 -23"><span class='ocrx_word' id='word_1_854' title='bbox 2139 4024 2260 4082; x_wconf 81' lang='lat' dir='ltr'><strong>Non</strong></span> <span class='ocrx_word' id='word_1_855' title='bbox 2287 4027 2654 4086; x_wconf 78' lang='lat' dir='ltr'><strong>sufficit-enim</strong></span> <span class='ocrx_word' id='word_1_856' title='bbox 2679 4032 2796 4088; x_wconf 86' lang='lat' dir='ltr'><strong>sola</strong></span> <span class='ocrx_word' id='word_1_857' title='bbox 2826 4048 3014 4090; x_wconf 82' lang='lat' dir='ltr'><strong>natura</strong></span> <span class='ocrx_word' id='word_1_858' title='bbox 3055 4039 3313 4095; x_wconf 85' lang='lat' dir='ltr'><strong>orationis</strong></span> <span class='ocrx_word' id='word_1_859' title='bbox 3352 4057 3368 4094; x_wconf 90' lang='lat'><strong>:</strong></span> <span class='ocrx_word' id='word_1_860' title='bbox 3400 4057 3522 4096; x_wconf 79' lang='lat' dir='ltr'><strong>nam</strong></span> <span class='ocrx_word' id='word_1_861' title='bbox 3548 4044 3730 4101; x_wconf 81' lang='lat' dir='ltr'><strong>Judaei</strong></span> 
     </span>
    </p>
   </div>
   <div class='ocr_carea' id='block_1_105' title="bbox 2135 4119 3734 4205">
    <p class='ocr_par' dir='ltr' id='par_1_105' title="bbox 2135 4119 3734 4205">
     <span class='ocr_line' id='line_1_105' title="bbox 2135 4119 3734 4205; baseline 0.015 -37"><span class='ocrx_word' id='word_1_862' title='bbox 2135 4131 2345 4187; x_wconf 82' lang='lat' dir='ltr'><strong>quoque</strong></span> <span class='ocrx_word' id='word_1_863' title='bbox 2371 4119 2613 4186; x_wconf 73' lang='lat' dir='ltr'><strong>orabant,</strong></span> <span class='ocrx_word' id='word_1_864' title='bbox 2632 4132 2686 4177; x_wconf 90' lang='lat' dir='ltr'><strong>et</strong></span> <span class='ocrx_word' id='word_1_865' title='bbox 2713 4125 3024 4182; x_wconf 79' lang='lat' dir='ltr'><strong>audiebant?</strong></span> <span class='ocrx_word' id='word_1_866' title='bbox 3046 4129 3580 4200; x_wconf 75' lang='lat' dir='ltr'><strong>Simultiplicaccritis</strong></span> <span class='ocrx_word' id='word_1_867' title='bbox 3603 4155 3734 4205; x_wconf 61' lang='lat' dir='ltr'><strong>prr-</strong></span> 
     </span>
    </p>
   </div>
   <div class='ocr_carea' id='block_1_106' title="bbox 2133 4213 3734 4293">
    <p class='ocr_par' dir='ltr' id='par_1_106' title="bbox 2133 4213 3734 4293">
     <span class='ocr_line' id='line_1_106' title="bbox 2133 4213 3734 4293; baseline 0.014 -35"><span class='ocrx_word' id='word_1_868' title='bbox 2133 4221 2236 4271; x_wconf 83' lang='lat' dir='ltr'><strong>ces,</strong></span> <span class='ocrx_word' id='word_1_869' title='bbox 2268 4224 2368 4262; x_wconf 86' lang='lat' dir='ltr'><strong>non</strong></span> <span class='ocrx_word' id='word_1_870' title='bbox 2395 4213 2667 4266; x_wconf 71' lang='lat' dir='ltr'><strong>exaudiam</strong></span> <span class='ocrx_word' id='word_1_871' title='bbox 2693 4231 2781 4269; x_wconf 76' lang='lat' dir='ltr'><strong>stos</strong></span> <span class='ocrx_word' id='word_1_872' title='bbox 2811 4215 2962 4287; x_wconf 81' lang='lat' dir='ltr'><strong>(Isai.</strong></span> <span class='ocrx_word' id='word_1_873' title='bbox 2996 4219 3048 4274; x_wconf 79' lang='grc'><strong>1.</strong></span> <span class='ocrx_word' id='word_1_874' title='bbox 3081 4221 3196 4292; x_wconf 72' lang='grc'><strong>15).</strong></span> <span class='ocrx_word' id='word_1_875' title='bbox 3236 4221 3306 4276; x_wconf 78' lang='lat' dir='ltr'><strong>Et</strong></span> <span class='ocrx_word' id='word_1_876' title='bbox 3347 4225 3470 4293; x_wconf 81' lang='lat' dir='ltr'><strong>quid</strong></span> <span class='ocrx_word' id='word_1_877' title='bbox 3510 4227 3734 4282; x_wconf 71' lang='lat' dir='ltr'><strong>miraris</strong></span> 
     </span>
    </p>
   </div>
   <div class='ocr_carea' id='block_1_107' title="bbox 2134 4297 3732 4390">
    <p class='ocr_par' dir='ltr' id='par_1_107' title="bbox 2134 4297 3732 4390">
     <span class='ocr_line' id='line_1_107' title="bbox 2134 4297 3732 4390; baseline 0.015 -41"><span class='ocrx_word' id='word_1_878' title='bbox 2134 4297 2182 4390; x_wconf 85' lang='lat' dir='ltr'><strong>si</strong></span> <span class='ocrx_word' id='word_1_879' title='bbox 2204 4297 2372 4353; x_wconf 66' lang='lat' dir='ltr'><strong>Judaei</strong></span> <span class='ocrx_word' id='word_1_880' title='bbox 2402 4315 2509 4355; x_wconf 86' lang='lat' dir='ltr'><strong>non</strong></span> <span class='ocrx_word' id='word_1_881' title='bbox 2538 4303 2978 4373; x_wconf 69' lang='lat' dir='ltr'><strong>exaudiebantur,</strong></span> <span class='ocrx_word' id='word_1_882' title='bbox 3004 4323 3125 4363; x_wconf 80' lang='lat' dir='ltr'><strong>cum</strong></span> <span class='ocrx_word' id='word_1_883' title='bbox 3151 4311 3309 4366; x_wconf 82' lang='lat' dir='ltr'><strong>etiam</strong></span> <span class='ocrx_word' id='word_1_884' title='bbox 3333 4313 3592 4371; x_wconf 74' lang='lat' dir='ltr'><strong>iettcmiss</strong></span> <span class='ocrx_word' id='word_1_885' title='bbox 3619 4333 3732 4390; x_wconf 72' lang='lat' dir='ltr'><strong>pm</strong></span> 
     </span>
    </p>
   </div>
   <div class='ocr_carea' id='block_1_108' title="bbox 2133 4388 3730 4465">
    <p class='ocr_par' dir='ltr' id='par_1_108' title="bbox 2133 4388 3730 4465">
     <span class='ocr_line' id='line_1_108' title="bbox 2133 4388 3730 4465; baseline 0.014 -23"><span class='ocrx_word' id='word_1_886' title='bbox 2133 4388 2215 4443; x_wconf 83' lang='lat' dir='ltr'><strong>eis</strong></span> <span class='ocrx_word' id='word_1_887' title='bbox 2243 4406 2404 4447; x_wconf 78' lang='lat' dir='ltr'><strong>orans</strong></span> <span class='ocrx_word' id='word_1_888' title='bbox 2425 4395 2872 4465; x_wconf 81' lang='lat' dir='ltr'><strong>reprehendatur,</strong></span> <span class='ocrx_word' id='word_1_889' title='bbox 2895 4409 2955 4454; x_wconf 76' lang='lat' dir='ltr'><strong>et</strong></span> <span class='ocrx_word' id='word_1_890' title='bbox 2983 4403 3152 4457; x_wconf 84' lang='lat' dir='ltr'><strong>semel</strong></span> <span class='ocrx_word' id='word_1_891' title='bbox 3177 4418 3244 4458; x_wconf 91' lang='lat' dir='ltr'><strong>ac</strong></span> <span class='ocrx_word' id='word_1_892' title='bbox 3271 4405 3353 4460; x_wconf 90' lang='lat' dir='ltr'><strong>bis</strong></span> <span class='ocrx_word' id='word_1_893' title='bbox 3371 4407 3558 4463; x_wconf 59' lang='lat' dir='ltr'><strong>adiat</strong></span> <span class='ocrx_word' id='word_1_894' title='bbox 3587 4388 3730 4464; x_wconf 28' lang='lat' dir='ltr'><strong>:vtie</strong></span> 
     </span>
    </p>
   </div>
   <div class='ocr_carea' id='block_1_109' title="bbox 2132 4484 3724 4569">
    <p class='ocr_par' dir='ltr' id='par_1_109' title="bbox 2132 4484 3724 4569">
     <span class='ocr_line' id='line_1_109' title="bbox 2132 4484 3724 4569; baseline 0.013 -36"><span class='ocrx_word' id='word_1_895' title='bbox 2132 4496 2226 4534; x_wconf 81' lang='lat' dir='ltr'><strong>ora</strong></span> <span class='ocrx_word' id='word_1_896' title='bbox 2257 4499 2348 4552; x_wconf 74' lang='lat' dir='ltr'><strong>pro</strong></span> <span class='ocrx_word' id='word_1_897' title='bbox 2375 4484 2472 4538; x_wconf 73' lang='lat' dir='ltr'><strong>hoc</strong></span> <span class='ocrx_word' id='word_1_898' title='bbox 2497 4488 2706 4556; x_wconf 70' lang='lat' dir='ltr'><strong>papula,</strong></span> <span class='ocrx_word' id='word_1_899' title='bbox 2737 4491 2974 4557; x_wconf 73' lang='lat' dir='ltr'><strong>quoniam</strong></span> <span class='ocrx_word' id='word_1_900' title='bbox 3005 4509 3104 4546; x_wconf 78' lang='lat' dir='ltr'><strong>una</strong></span> <span class='ocrx_word' id='word_1_901' title='bbox 3129 4496 3401 4550; x_wconf 64' lang='lat' dir='ltr'><strong>cundiam</strong></span> <span class='ocrx_word' id='word_1_902' title='bbox 3419 4508 3477 4551; x_wconf 88' lang='lat' dir='ltr'><strong>.te</strong></span> <span class='ocrx_word' id='word_1_903' title='bbox 3502 4497 3639 4569; x_wconf 64' lang='lat' dir='ltr'><strong>(der.</strong></span> <span class='ocrx_word' id='word_1_904' title='bbox 3664 4501 3724 4554; x_wconf 69' lang='grc' dir='ltr'><strong>Ἰ.</strong></span> 
     </span>
    </p>
   </div>
   <div class='ocr_carea' id='block_1_110' title="bbox 2130 4572 3731 4645">
    <p class='ocr_par' dir='ltr' id='par_1_110' title="bbox 2130 4572 3731 4645">
     <span class='ocr_line' id='line_1_110' title="bbox 2130 4572 3731 4645; baseline 0.011 -18"><span class='ocrx_word' id='word_1_905' title='bbox 2130 4572 2270 4642; x_wconf 71' lang='grc' dir='ltr'><strong>46)¹ἶ</strong></span> <span class='ocrx_word' id='word_1_906' title='bbox 2312 4574 2380 4628; x_wconf 88' lang='lat' dir='ltr'><strong>Et</strong></span> <span class='ocrx_word' id='word_1_907' title='bbox 2423 4577 2549 4645; x_wconf 86' lang='lat' dir='ltr'><strong>quid</strong></span> <span class='ocrx_word' id='word_1_908' title='bbox 2591 4578 2804 4634; x_wconf 87' lang='lat' dir='ltr'><strong>miraris</strong></span> <span class='ocrx_word' id='word_1_909' title='bbox 2845 4581 2892 4635; x_wconf 88' lang='lat' dir='ltr'><strong>si</strong></span> <span class='ocrx_word' id='word_1_910' title='bbox 2935 4580 3198 4638; x_wconf 83' lang='lat' dir='ltr'><strong>Jeremias</strong></span> <span class='ocrx_word' id='word_1_911' title='bbox 3244 4603 3351 4641; x_wconf 90' lang='lat' dir='ltr'><strong>non</strong></span> <span class='ocrx_word' id='word_1_912' title='bbox 3401 4591 3731 4644; x_wconf 73' lang='lat' dir='ltr'><strong>exauditur?</strong></span> 
     </span>
    </p>
   </div>
   <div class='ocr_carea' id='block_1_111' title="bbox 2135 4661 3734 4740">
    <p class='ocr_par' dir='ltr' id='par_1_111' title="bbox 2135 4661 3734 4740">
     <span class='ocr_line' id='line_1_111' title="bbox 2135 4661 3734 4740; baseline 0.013 -24"><span class='ocrx_word' id='word_1_913' title='bbox 2135 4661 2352 4718; x_wconf 83' lang='lat' dir='ltr'><strong>Etiamsi</strong></span> <span class='ocrx_word' id='word_1_914' title='bbox 2383 4663 2518 4732; x_wconf 87' lang='lat' dir='ltr'><strong>Noe,</strong></span> <span class='ocrx_word' id='word_1_915' title='bbox 2538 4668 2735 4737; x_wconf 86' lang='lat' dir='ltr'><strong>inquit,</strong></span> <span class='ocrx_word' id='word_1_916' title='bbox 2765 4671 2958 4727; x_wconf 84' lang='lat' dir='ltr'><strong>etiamsi</strong></span> <span class='ocrx_word' id='word_1_917' title='bbox 2983 4672 3104 4740; x_wconf 76' lang='lat' dir='ltr'><strong>Job,</strong></span> <span class='ocrx_word' id='word_1_918' title='bbox 3131 4676 3328 4731; x_wconf 83' lang='lat' dir='ltr'><strong>etiamsi</strong></span> <span class='ocrx_word' id='word_1_919' title='bbox 3355 4677 3540 4732; x_wconf 75' lang='lat' dir='ltr'><strong>Daniel</strong></span> <span class='ocrx_word' id='word_1_920' title='bbox 3568 4693 3734 4736; x_wconf 74' lang='lat' dir='ltr'><strong>stete-</strong></span> 
     </span>
    </p>
   </div>
   <div class='ocr_carea' id='block_1_112' title="bbox 2127 4755 3733 4836">
    <p class='ocr_par' dir='ltr' id='par_1_112' title="bbox 2127 4755 3733 4836">
     <span class='ocr_line' id='line_1_112' title="bbox 2127 4755 3733 4836; baseline 0.011 -29"><span class='ocrx_word' id='word_1_921' title='bbox 2127 4755 2258 4816; x_wconf 76' lang='lat' dir='ltr'><strong>rint,</strong></span> <span class='ocrx_word' id='word_1_922' title='bbox 2284 4755 2418 4824; x_wconf 64' lang='lat' dir='ltr'><strong>filios</strong></span> <span class='ocrx_word' id='word_1_923' title='bbox 2459 4766 2506 4810; x_wconf 89' lang='lat' dir='ltr'><strong>et</strong></span> <span class='ocrx_word' id='word_1_924' title='bbox 2532 4759 2668 4827; x_wconf 74' lang='lat' dir='ltr'><strong>filias</strong></span> <span class='ocrx_word' id='word_1_925' title='bbox 2693 4777 2810 4815; x_wconf 86' lang='lat' dir='ltr'><strong>suas</strong></span> <span class='ocrx_word' id='word_1_926' title='bbox 2851 4779 2952 4818; x_wconf 89' lang='lat' dir='ltr'><strong>non</strong></span> <span class='ocrx_word' id='word_1_927' title='bbox 2991 4766 3210 4834; x_wconf 85' lang='lat' dir='ltr'><strong>eripient</strong></span> <span class='ocrx_word' id='word_1_928' title='bbox 3240 4765 3453 4836; x_wconf 63' lang='lat' dir='ltr'><strong>(Eucti.</strong></span> <span class='ocrx_word' id='word_1_929' title='bbox 3499 4771 3586 4824; x_wconf 72' lang='grc' dir='ltr'><strong>η.</strong></span> <span class='ocrx_word' id='word_1_930' title='bbox 3632 4773 3733 4826; x_wconf 75' lang='grc'><strong>14.</strong></span> 
     </span>
    </p>
   </div>
   <div class='ocr_carea' id='block_1_113' title="bbox 2127 4845 3740 4925">
    <p class='ocr_par' dir='ltr' id='par_1_113' title="bbox 2127 4845 3740 4925">
     <span class='ocr_line' id='line_1_113' title="bbox 2127 4845 3740 4925; baseline 0.01 -25"><span class='ocrx_word' id='word_1_931' title='bbox 2127 4845 2250 4918; x_wconf 72' lang='lat'><strong>46).</strong></span> <span class='ocrx_word' id='word_1_932' title='bbox 2283 4847 2406 4902; x_wconf 74' lang='lat' dir='ltr'><strong>Hice</strong></span> <span class='ocrx_word' id='word_1_933' title='bbox 2431 4865 2559 4920; x_wconf 76' lang='lat' dir='ltr'><strong>ergo</strong></span> <span class='ocrx_word' id='word_1_934' title='bbox 2587 4867 2706 4905; x_wconf 74' lang='lat' dir='ltr'><strong>cunt</strong></span> <span class='ocrx_word' id='word_1_935' title='bbox 2734 4854 2987 4918; x_wconf 85' lang='lat' dir='ltr'><strong>sciamus,</strong></span> <span class='ocrx_word' id='word_1_936' title='bbox 3016 4871 3120 4911; x_wconf 90' lang='lat' dir='ltr'><strong>non</strong></span> <span class='ocrx_word' id='word_1_937' title='bbox 3146 4858 3320 4914; x_wconf 72' lang='lat' dir='ltr'><strong>SOIIII</strong></span> <span class='ocrx_word' id='word_1_938' title='bbox 3359 4875 3594 4925; x_wconf 67' lang='lat' dir='ltr'><strong>pietatis,</strong></span> <span class='ocrx_word' id='word_1_939' title='bbox 3625 4863 3740 4916; x_wconf 80' lang='lat' dir='ltr'><strong>sed</strong></span> 
     </span>
    </p>
   </div>
   <div class='ocr_carea' id='block_1_114' title="bbox 2125 4933 3736 5012">
    <p class='ocr_par' dir='ltr' id='par_1_114' title="bbox 2125 4933 3736 5012">
     <span class='ocr_line' id='line_1_114' title="bbox 2125 4933 3736 5012; baseline 0.012 -29"><span class='ocrx_word' id='word_1_940' title='bbox 2125 4943 2256 4984; x_wconf 87' lang='lat' dir='ltr'><strong>cum</strong></span> <span class='ocrx_word' id='word_1_941' title='bbox 2289 4933 2532 5000; x_wconf 85' lang='lat' dir='ltr'><strong>precibus</strong></span> <span class='ocrx_word' id='word_1_942' title='bbox 2559 4950 2894 5004; x_wconf 88' lang='lat' dir='ltr'><strong>quoque-uos</strong></span> <span class='ocrx_word' id='word_1_943' title='bbox 2924 4939 2994 4994; x_wconf 86' lang='lat' dir='ltr'><strong>ita</strong></span> <span class='ocrx_word' id='word_1_944' title='bbox 3023 4956 3418 5012; x_wconf 79' lang='lat' dir='ltr'><strong>comparemus,</strong></span> <span class='ocrx_word' id='word_1_945' title='bbox 3459 4955 3517 5000; x_wconf 90' lang='lat' dir='ltr'><strong>ut</strong></span> <span class='ocrx_word' id='word_1_946' title='bbox 3551 4947 3736 5002; x_wconf 83' lang='lat' dir='ltr'><strong>siums</strong></span> 
     </span>
    </p>
   </div>
   <div class='ocr_carea' id='block_1_115' title="bbox 2135 5021 3735 5101">
    <p class='ocr_par' dir='ltr' id='par_1_115' title="bbox 2135 5021 3735 5101">
     <span class='ocr_line' id='line_1_115' title="bbox 2135 5021 3735 5101; baseline 0.011 -24"><span class='ocrx_word' id='word_1_947' title='bbox 2135 5021 2279 5093; x_wconf 82' lang='lat' dir='ltr'><strong>digni</strong></span> <span class='ocrx_word' id='word_1_948' title='bbox 2307 5024 2396 5094; x_wconf 89' lang='lat' dir='ltr'><strong>qui</strong></span> <span class='ocrx_word' id='word_1_949' title='bbox 2423 5025 2770 5096; x_wconf 80' lang='lat' dir='ltr'><strong>accipiamus,</strong></span> <span class='ocrx_word' id='word_1_950' title='bbox 2802 5041 2860 5084; x_wconf 90' lang='lat' dir='ltr'><strong>ut</strong></span> <span class='ocrx_word' id='word_1_951' title='bbox 2885 5041 2941 5086; x_wconf 89' lang='lat' dir='ltr'><strong>et.</strong></span> <span class='ocrx_word' id='word_1_952' title='bbox 2969 5037 3251 5101; x_wconf 74' lang='lat' dir='ltr'><strong>praesentia</strong></span> <span class='ocrx_word' id='word_1_953' title='bbox 3295 5045 3350 5092; x_wconf 90' lang='lat' dir='ltr'><strong>et</strong></span> <span class='ocrx_word' id='word_1_954' title='bbox 3370 5037 3550 5092; x_wconf 61' lang='lat' dir='ltr'><strong>tutum</strong></span> <span class='ocrx_word' id='word_1_955' title='bbox 3582 5041 3735 5100; x_wconf 64' lang='lat' dir='ltr'><strong>boue</strong></span> 
     </span>
    </p>
   </div>
   <div class='ocr_carea' id='block_1_116' title="bbox 2135 5122 3736 5200">
    <p class='ocr_par' dir='ltr' id='par_1_116' title="bbox 2135 5122 3736 5200">
     <span class='ocr_line' id='line_1_116' title="bbox 2135 5122 3736 5200; baseline 0.009 -31"><span class='ocrx_word' id='word_1_956' title='bbox 2135 5129 2525 5186; x_wconf 87' lang='lat' dir='ltr'><strong>consequamur</strong></span> <span class='ocrx_word' id='word_1_957' title='bbox 2571 5137 2584 5174; x_wconf 91' lang='lat'>:</span> <span class='ocrx_word' id='word_1_958' title='bbox 2631 5137 2751 5188; x_wconf 66' lang='lat' dir='ltr'><strong>quae</strong></span> <span class='ocrx_word' id='word_1_959' title='bbox 2794 5122 2949 5177; x_wconf 92' lang='lat' dir='ltr'><strong>detur</strong></span> <span class='ocrx_word' id='word_1_960' title='bbox 2973 5125 3126 5180; x_wconf 88' lang='lat' dir='ltr'><strong>nobis</strong></span> <span class='ocrx_word' id='word_1_961' title='bbox 3167 5129 3415 5182; x_wconf 87' lang='lat' dir='ltr'><strong>omnibus</strong></span> <span class='ocrx_word' id='word_1_962' title='bbox 3441 5133 3736 5200; x_wconf 85' lang='lat' dir='ltr'><strong>consequi,</strong></span> 
     </span>
    </p>
   </div>
   <div class='ocr_carea' id='block_1_117' title="bbox 2134 5208 3745 5286">
    <p class='ocr_par' dir='ltr' id='par_1_117' title="bbox 2134 5208 3745 5286">
     <span class='ocr_line' id='line_1_117' title="bbox 2134 5208 3745 5286; baseline 0.012 -27"><span class='ocrx_word' id='word_1_963' title='bbox 2134 5208 2301 5277; x_wconf 79' lang='lat' dir='ltr'><strong>gratia</strong></span> <span class='ocrx_word' id='word_1_964' title='bbox 2332 5217 2384 5262; x_wconf 87' lang='lat' dir='ltr'><strong>et</strong></span> <span class='ocrx_word' id='word_1_965' title='bbox 2428 5210 2710 5266; x_wconf 86' lang='lat' dir='ltr'><strong>clementia</strong></span> <span class='ocrx_word' id='word_1_966' title='bbox 2752 5214 2961 5270; x_wconf 82' lang='lat' dir='ltr'><strong>Domini</strong></span> <span class='ocrx_word' id='word_1_967' title='bbox 2991 5218 3157 5271; x_wconf 76' lang='lat' dir='ltr'><strong>nosmi</strong></span> <span class='ocrx_word' id='word_1_968' title='bbox 3199 5217 3325 5275; x_wconf 79' lang='lat' dir='ltr'><strong>Jesu</strong></span> <span class='ocrx_word' id='word_1_969' title='bbox 3371 5221 3594 5286; x_wconf 79' lang='lat' dir='ltr'><strong>Christi,</strong></span> <span class='ocrx_word' id='word_1_970' title='bbox 3641 5224 3745 5279; x_wconf 86' lang='lat' dir='ltr'><strong>cui</strong></span> 
     </span>
    </p>
   </div>
   <div class='ocr_carea' id='block_1_118' title="bbox 2133 5300 3612 5373">
    <p class='ocr_par' dir='ltr' id='par_1_118' title="bbox 2133 5300 3612 5373">
     <span class='ocr_line' id='line_1_118' title="bbox 2133 5300 3612 5373; baseline 0.009 -21"><span class='ocrx_word' id='word_1_971' title='bbox 2133 5300 2302 5369; x_wconf 77' lang='lat' dir='ltr'><strong>gloria</strong></span> <span class='ocrx_word' id='word_1_972' title='bbox 2319 5309 2380 5356; x_wconf 83' lang='lat' dir='ltr'><strong>et</strong></span> <span class='ocrx_word' id='word_1_973' title='bbox 2404 5302 2707 5373; x_wconf 84' lang='lat' dir='ltr'><strong>imperium,</strong></span> <span class='ocrx_word' id='word_1_974' title='bbox 2739 5305 2794 5360; x_wconf 90' lang='lat' dir='ltr'><strong>in</strong></span> <span class='ocrx_word' id='word_1_975' title='bbox 2821 5309 3016 5364; x_wconf 63' lang='lat' dir='ltr'><strong>saecula</strong></span> <span class='ocrx_word' id='word_1_976' title='bbox 3046 5312 3386 5368; x_wconf 68' lang='lat' dir='ltr'><strong>stimulorum.</strong></span> <span class='ocrx_word' id='word_1_977' title='bbox 3415 5315 3612 5368; x_wconf 82' lang='lat' dir='ltr'><strong>Amen.</strong></span> 
     </span>
    </p>
   </div>
   <div class='ocr_carea' id='block_1_119' title="bbox 2199 5604 3749 5679">
    <p class='ocr_par' dir='ltr' id='par_1_119' title="bbox 2199 5604 3749 5679">
     <span class='ocr_line' id='line_1_119' title="bbox 2199 5604 3749 5679; baseline 0.01 -25"><span class='ocrx_word' id='word_1_978' title='bbox 2199 5604 2417 5679; x_wconf 24' lang='lat' dir='ltr'><strong>(aiillgpc</strong></span> <span class='ocrx_word' id='word_1_979' title='bbox 2455 5607 2804 5679; x_wconf 60' lang='lat' dir='ltr'><strong>itterpretatjq</strong></span> <span class='ocrx_word' id='word_1_980' title='bbox 2838 5617 2914 5661; x_wconf 83' lang='lat' dir='ltr'><strong>est</strong></span> <span class='ocrx_word' id='word_1_981' title='bbox 2960 5610 3170 5678; x_wconf 77' lang='lat' dir='ltr'><strong>Aquilae;</strong></span> <span class='ocrx_word' id='word_1_982' title='bbox 3211 5623 3404 5678; x_wconf 83' lang='lat' dir='ltr'><strong>qutoam</strong></span> <span class='ocrx_word' id='word_1_983' title='bbox 3445 5617 3749 5679; x_wconf 80' lang='lat' dir='ltr'><strong>Syttunacho</strong></span> 
     </span>
    </p>
   </div>
   <div class='ocr_carea' id='block_1_120' title="bbox 2109 5659 2965 5734">
    <p class='ocr_par' dir='ltr' id='par_1_120' title="bbox 2109 5659 2965 5734">
     <span class='ocr_line' id='line_1_120' title="bbox 2109 5659 2965 5734; baseline 0.011 -21"><span class='ocrx_word' id='word_1_984' title='bbox 2109 5659 2112 5661; x_wconf 84' lang='grc'>·</span> <span class='ocrx_word' id='word_1_985' title='bbox 2140 5659 2270 5716; x_wconf 67' lang='lat' dir='ltr'><strong>itum</strong></span> <span class='ocrx_word' id='word_1_986' title='bbox 2294 5668 2529 5732; x_wconf 83' lang='lat' dir='ltr'><strong>tribuunt,</strong></span> <span class='ocrx_word' id='word_1_987' title='bbox 2553 5659 2641 5720; x_wconf 64' lang='lat' dir='ltr'><strong>sed</strong></span> <span class='ocrx_word' id='word_1_988' title='bbox 2664 5659 2965 5734; x_wconf 43' lang='lat' dir='ltr'><strong>Aqhitaee‘st.</strong></span> 
     </span>
    </p>
   </div>
  </div>
