4076 6222
363 371 466 428 ιδε

355 481 522 537 αὑτοῦ
542 481 602 532 τὸ
623 480 930 550 πρόσωπον,
953 482 1040 534 ἶνα
1060 479 1135 551 μὴ
1156 481 1546 550 καταπέσωμεν
1565 481 1643 542 εἰς
1663 477 1728 531 τὰ
1749 476 1920 547 βάρα-

355 569 458 640 θρα
477 569 572 638 τῆς
596 566 813 630 κακίας,
835 565 1028 620 πολλοῦ
1047 565 1140 620 τοῦ
1171 566 1392 630 σκότους
1428 563 1926 634 κατέχοντος.’Έστι

352 657 444 710 καὶ
467 654 730 717 πεσόντας
750 653 1010 707 ἀνελθεῖν.
1043 656 1134 707 Δεῖ
1151 653 1326 706 τοίνυν
1345 652 1469 714 τοὺς
1488 652 1926 712 καταπίπτοντας

353 743 427 812 μὴ
449 742 636 811 μένειν
653 741 804 794 κάτω
824 741 1128 810 κειμένους.

417 829 638 890 Λάκκος
667 827 726 881 δέ
761 829 876 882 ἐστι
912 826 1121 898 χαλεπὰ
1141 825 1302 897 θηρία
1321 825 1460 897 ἔχων
1478 825 1572 879 καὶ
1593 823 1815 886 σκότους
1832 822 1926 891 γέ·-

351 933 483 985 μων,
506 915 608 983 τῆς
648 915 922 984 ἁμαρτίας
959 915 992 984 ἠ
1034 913 1215 981 φύσις.
1237 914 1444 966 οὐκοῦν
1474 911 1796 982 χαλάσωμεν
1816 911 1923 964 τῶν

348 1001 578 1074 Γραφῶν
596 1001 668 1054 τά
688 1001 916 1071 σχοινία,
939 1001 1030 1053 καὶ
1047 1001 1147 1070 τὴν
1166 1000 1483 1072 προαίρεσιν
1503 999 1776 1069 ὲπιδῶμεν
1792 1015 1806 1029 °
1829 998 1924 1052 καὶ

347 1090 553 1159 ταχέως
586 1088 1020 1158 ἀναστησόμεθα,
1048 1088 1150 1141 κᾶν
1169 1089 1587 1159 καταπέσωμεν.
1628 1089 1752 1151 Πῶς
1788 1088 1833 1141 δ’
1855 1087 1924 1142 ἂν
1953 1097 1958 1100 ’

349 1177 555 1244 γένοιτο
575 1176 714 1246 ἀρχὴ
743 1175 900 1240 ὁδοῦ;
926 1177 1022 1227 Ἂν
1053 1175 1554 1251 καταπεσόντεςμὴ
1581 1176 1924 1248 καταφρονή-

352 1281 548 1335 σωμεν,
593 1265 723 1335 μηδὲ
755 1265 1096 1335 ἀπογνῶμεν,
1140 1267 1254 1318 ἀλλ’
1292 1267 1579 1337 ἐπᾴδωμεν
1619 1268 1831 1328 ἑαυτοῖς
1852 1265 1922 1320 τὰ

351 1352 658 1422 πρηφητικὰ
704 1351 905 1405 ταῦτα·
944 1352 1041 1419 Μὴ
1076 1355 1108 1406 d
1137 1354 1370 1406 πίπτων
1409 1357 1520 1408 οὐκ
1567 1353 1922 1416 ἀνίσταται;

351 1441 457 1490 Καὶ
479 1439 668 1492 πάλιν·
704 1441 973 1508 Σήμερον
989 1440 1100 1494 ἐὰν
1137 1439 1248 1508 τῆς
1285 1440 1490 1508 φωνῆς
1513 1439 1698 1493 αὑτοῦ
1739 1440 1920 1493 ἀκού-

349 1543 514 1592 ante.
541 1526 626 1596 μὴ
651 1529 1034 1595 σκληρύνητε
1067 1527 1173 1593 τὰς
1195 1527 1442 1594 καρδίας
1469 1525 1636 1596 ὑμῶν
1654 1527 1732 1590 ὠς
1755 1527 1826 1579 ἐν
1842 1526 1922 1591 τῷ

348 1613 814 1681 παραπικρασμῷ
832 1631 843 1642 ·
877 1613 971 1666 καὶ
995 1613 1204 1676 τούτοις
1222 1617 1332 1676 τοῖς
1353 1613 1630 1684 λογισμοῖς
1661 1614 1920 1684 δήσαντες

348 1701 568 1762 ἑαυτοὺς
613 1700 1352 1768 ἀνελκύσωμεν.Ἀκουστὸν
1405 1702 1664 1767 ποίησόν
1705 1718 1807 1768 μοι
1855 1699 1921 1751 τὸ

347 1785 494 1851 πρωῒ
540 1785 607 1839 τὸ
652 1785 824 1851 ἔλεός
863 1800 1000 1849 σου,
1037 1785 1125 1838 ὅτι
1153 1785 1251 1837 ἐπὶ
1281 1785 1379 1838 σοί
1410 1784 1917 1856 ἧλπισα.Ἕτερος,

359 1872 678 1925 Ἀκουστὸν
713 1872 972 1938 ποίησόν
1003 1889 1107 1942 μοι
1141 1872 1210 1936 ἐξ
1241 1871 1453 1940 ὄρθρου
1478 1872 1544 1926 τὸ
1573 1871 1747 1938 ἔλεός
1779 1888 1916 1936 σου,

351 1959 615 2021 τουτέστι,
646 1958 871 2028 ταχέως.

414 2054 484 2111 ς’.
511 2044 664 2110 Εἶδες
693 2045 1013 2116 θλιϐομένην
1036 2046 1211 2116 ψυχὴν
1233 2047 1326 2100 καὶ
1344 2046 1743 2118 θορυϐουμένην
1765 2064 1778 2112 ;
1809 2047 1923 2118 Πρὸ

343 2138 482 2208 γὰρα
507 2138 612 2205 τῆς
637 2137 828 2206 πείρας
849 2136 1076 2190 ἀκοῦσαι
1103 2135 1370 2205 βούλεται,
1403 2137 1541 2190 ὥστε
1563 2141 1682 2200 ταῖς
1709 2137 1920 2191 ἐλπίσιν

339 2223 647 2293 ὀρθωθῆναι
667 2225 761 2276 καὶ
785 2226 850 2292 τῇ
877 2223 1186 2294 προσδοκίᾳ.
1202 2226 1267 2277 Ὃ
1287 2225 1342 2276 δὲ
1361 2224 1530 2292 λέγει,
1562 2225 1718 2278 τοῦτό
1745 2226 1915 2278 ἐστιν’

353 2311 681 2382 Ἀνάστησόν
704 2328 769 2381 με
803 2309 911 2364 ἀπὸ
928 2311 1030 2380 τῆς
1050 2311 1402 2379 ἐπαγγελίας.
1443 2309 1577 2365 Εἶτα
1603 2313 1696 2366 καλ⁵
1720 2313 1818 2383 τὴν
1843 2313 1920 2365 δι-

341 2398 658 2466 καιολογίαν
694 2398 789 2452 τοῦ
826 2403 1006 2469 τυχεῖν
1049 2399 1392 2468 προστίθησι,
1439 2399 1640 2468 λέγων⁸
1667 2400 1790 2452 Ὅτι
1822 2399 1922 2453 ἐπὶ

338 2486 437 2539 σοὶ
463 2485 722 2554 ἤλπισα.
749 2486 912 2540 οὐδὲν
932 2485 1042 2556 γὸιρ
1059 2488 1086 2538 ὁ
1109 2486 1239 2548 Θεὸς
1260 2485 1431 2550 οὕτως
1461 2486 1728 2555 ἐπιζητεῖ,
1757 2486 1832 2550 ὡς
1861 2487 1922 2542 τὸ

337 2572 601 2642 διηνεκῶς
627 2573 763 2644 πρὸς
784 2573 944 2624 αὐτὸν
965 2573 1277 2642 κεχηνέναι.
1297 2573 1609 2640 Γνώρισόν
1623 2592 1746 2642 μοι,
1772 2573 1921 2646 [45η

339 2661 535 2729 Κύριε,
563 2660 726 2724 ὁδὸν,
763 2659 834 2712 ἐν
867 2654 908 2730 ᾖ
944 2661 1312 2728 πορεύσομαι
1335 2675 1350 2690 °
1397 2661 1487 2714 ὅτι
1529 2661 1679 2730 πρὸς
1707 2661 1782 2714 σὲ
1808 2659 1924 2730 ἦρα

337 2745 450 2812 τὴν
476 2747 694 2816 ψυχήν
721 2765 860 2816 μου.
894 2747 958 2798 Τί
991 2747 1194 2815 λέγεις;
1219 2747 1432 2817 καὶτῆς
1459 2746 1667 2814 φύσεως
1695 2748 1922 2821 ἐχούσης

337 2833 428 2888 τὸν
467 2835 634 2905 νόμον
655 2835 747 2888 τὸν
769 2835 826 2898 ἐξ
850 2835 1024 2904 ἀρχῆς
1057 2833 1162 2888 ὑπὸ
1197 2835 1295 2888 τοῦ
1335 2835 1470 2889 Θεοῦ
1501 2835 1804 2902 ἐντεθέντα,
1825 2839 1922 2890 καὶ

337 2921 444 2975 τῶν
474 2922 819 2993 γραμμάτων
848 2921 1010 2976 αὐτὸν
1042 2921 1406 2976 ἀνανεούντων
1444 2923 1554 2975 τῶν
1587 2921 1916 2990 Μωσαῖκῶν,

339 3009 455 3072 πῶς
505 3010 672 3075 ἀξιοῖς
711 3011 884 3078 λέγων
934 3009 1128 3074 πάλιν,
1187 3009 1500 3078 Γνώρισόν
1539 3028 1667 3079 μοι..
1723 3011 1919 3078 Κύριε,

339 3096 505 3162 ὀδόν,
535 3098 606 3150 ἐν
639 3096 677 3166 ᾖ
703 3097 1104 3166 πορεύσομαι;
1125 3097 1197 3149 Ἢ
1217 3093 1312 3150 οὖν
1343 3095 1499 3149 τοῦτό
1534 3097 1683 3150 ἐστιν
1716 3099 1918 3152 είπεῐν·

351 3185 506 3238 Ἐπεὶ
525 3185 628 3238 ὑπὸ
643 3185 741 3256 τῆς
755 3185 952 3248 κακίας
972 3184 1288 3256 κατεχώσθη
1314 3201 1414 3255 μου
1429 3184 1490 3237 τὸ
1513 3185 1764 3253 συνειδὸς,
1787 3185 1922 3252 ἀξιῶ

341 3273 476 3325 αὐτὸ
524 3272 1003 3340 ἁνανεωθῆναι.”Η
1041 3273 1159 3326 ὁδὸν
1206 3271 1438 3326 ἐνταῦθα
1489 3272 1555 3325 τὰ
1600 3273 1768 3327 πολλά
1811 3273 1922 3328 τῶν

343 3357 722 3429 ἀγνοουμένων
747 3358 1050 3430 ἀνθρώποις
1072 3359 1240 3430 λέγει,
1263 3359 1450 3432 ὥσπερ
1473 3361 1568 3414 καὶ
1585 3360 1797 3426 Παῦλος
1817 3361 1924 3414 δεί-

344 3461 522 3507 κνυσι,
547 3444 717 3512 λέγων
736 3460 748 3473 ·
786 3444 855 3500 Τὸ
883 3445 992 3516 γὰρ
1020 3446 1078 3499 τί
1105 3446 1569 3517 προσευξώμεθα
1604 3448 1780 3504 καθ“ὃ
1811 3448 1920 3514 δεῖ,

342 3536 455 3587 οὐκ
498 3530 762 3601 οἴδαμεν.
809 3534 873 3586 Εί
903 3531 958 3586 δὲ
1000 3533 1210 3597 Παῦλος
1245 3534 1429 3602 ἀγνοεῖ
1471 3535 1608 3606 μετά
1654 3535 1923 3609 τοσαύτην

342 3619 565 3688 γνῶσιν,
591 3619 643 3672 τί
676 3619 975 3691 θαυμάζεις
997 3622 1044 3674 εἱ
1069 3615 1221 3685 οὗτος
1239 3620 1266 3662 δ
1295 3621 1468 3677 ταῦτα
1489 3621 1665 3690 λέγει;
1703 3623 1841 3694 Ὅρα
1867 3624 1924 3677 δὲ

344 3709 504 3762 αὐτὸν
527 3708 678 3762 οὐδὲν
699 3709 953 3773 αἰσθητὸν
974 3709 1205 3764 ἐνταῦθα
1227 3711 1515 3781 ζητοῦντα,
1534 3711 1670 3766 ἀλλά
1687 3713 1786 3784 τὴν
1807 3713 1923 3766 ὁδὸν

343 3798 442 3868 τὴν
463 3798 600 3868 πρὸς
635 3795 767 3850 Θεὸν
799 3796 1090 3867 φέρουσαν,
1127 3801 1221 3852 καὶ
1246 3799 1456 3852 οἴκοθεν
1485 3802 1796 3872 παρέχοντα
1823 3801 1924 3864 τάς

344 3884 535 3954 ἀρχάς.
575 3887 648 3937 Οὐ
678 3885 787 3956 γὰρ
817 3885 1002 3948 ἁπλῶς
1043 3881 1162 3937 εἷπε
1184 3901 1197 3914 '
1231 3885 1542 3953 Γνώρισόν
1565 3905 1690 3954 μοι,
1725 3887 1920 3955 Κύριε,

345 3971 460 4038 τὴν
487 3971 630 4025 ὀδόν
663 3972 780 4039 τὴν
811 3971 954 4041 πρὸς
991 3971 1066 4026 σὲ
1098 3970 1428 4040 φέρουσαν,
1453 3973 1589 4028 ἀλλά
1617 3974 1700 4038 τίς
1739 3975 1922 4027 Ἐπει-

343 4061 421 4125 δὴ
455 4061 604 4127 πρὸς
631 4060 705 4112 σὲ
731 4055 845 4129 ἦρα
872 4059 989 4126 τὴν
1024 4057 1236 4127 ψυχήν
1289 4076 1438 4127 μου·
1484 4061 1750 4125 τουτέστι,
1783 4062 1926 4132 Πρὸς

348 4149 407 4200 σι
447 4148 667 4219 κέχηνα,
711 4148 846 4219 πρὸς
886 4147 946 4200 σὲ
997 4147 1197 4217 βλέπω.
1236 4146 1458 4210 Τούτοις
1492 4147 1600 4219 γὰρ
1631 4149 1866 4218 μάλιστα
1898 4151 1926 4202 ὁ

345 4237 478 4299 Θεὸς
505 4237 774 4308 γνωρίζει.
800 4237 890 4290 Διὸ
916 4238 1047 4309 περὶ
1063 4236 1331 4291 Ἰουδαίων
1350 4238 1554 4306 ἔλεγεν,
1576 4238 1927 4309 ἐρωτώμενος

347 4326 435 4380 διὰ
477 4326 529 4378 τί
568 4328 624 4379 ἐν
656 4326 986 4399 παραϐολαῖς
1013 4327 1165 4380 λαλεῖ
1196 4327 1409 4390 αὐτοῖς·
1453 4326 1573 4380 Ὅτι
1593 4326 1928 4392 βλέποντες

349 4416 420 4468 οὐ
447 4413 770 4478 βλέπουσι,
808 4414 906 4468 καί
930 4416 1253 4481 ἀκούοντες
1270 4417 1382 4468 οὐκ
1405 4415 1714 4468 ἀκούουσι.
1747 4414 1821 4468 Τὸ
1845 4414 1924 4481 δὲ,

348 4496 519 4569 Ἦρα,
555 4504 900 4572 Μετέστησα,
935 4503 1009 4574 ἢ(
1038 4502 1315 4574 μετέθηκα
1341 4501 1480 4573 πρὸς
1507 4503 1566 4554 σὲ
1589 4501 1731 4576 [τὴν]
1752 4503 1930 4576 ψυχήν

353 4589 452 4660 μού
489 4593 655 4646 ἐστιν.
686 4591 932 4654 Ἑξελοῦ
963 4608 1040 4660 με
1077 4593 1145 4646 ἐκ
1169 4590 1287 4646 τῶν
1303 4589 1534 4660 ἐχθρῶν
1552 4608 1693 4658 μου,
1730 4593 1928 4660 Κύριε,

349 4676 499 4744 πρὸς
531 4680 606 4730 σὲ
639 4679 992 4747 κατέφυγον.
1012 4679 1151 4750 Ὅρα
1192 4677 1467 4748 πανταχοῦ
1495 4675 1592 4739 τὰς
1623 4677 1801 4737 αίτίας
1837 4679 1930 4732 καὶ

349 4765 502 4832 παρά
528 4765 622 4816 τοῦ
641 4765 892 4834 δεομένου
911 4764 1375 4836 προσφερομένας.
1399 4763 1495 4830 Μὴ
1516 4763 1926 4833 ἀποστρέψῃς.

354 4849 516 4921 φησὶ,
551 4850 618 4903 τὸ
645 4851 966 4918 πρόσωπόν
996 4867 1111 4903 σου
1143 4852 1245 4905 ἀπ’
1264 4850 1433 4921 ἐμοῦ,
1461 4851 1550 4904 ὅτι
1570 4850 1803 4920 ἤλπισα
1831 4853 1931 4906 ἐπὶ

353 4937 448 4992 σέ.
483 4937 793 5004 Γνὼρισόν
825 4955 924 5006 μοι
949 4939 1114 5002 ὁδὸν,
1137 4939 1230 4992 ὅτι
1253 4938 1404 5006 πρὸς
1431 4939 1507 4992 σὲ
1535 4937 1652 5010 ἦρα
1679 4939 1794 5008 τὴν
1819 4943 1932 5008 ψυ-

355 5025 478 5094 χήν
499 5042 637 5094 μου.
658 5025 908 5090 Ἐξελοῦ
925 5041 1002 5093 με
1028 5025 1095 5078 ἐκ
1117 5029 1238 5079 τῶν
1256 5025 1485 5094 ἐχθρῶν
1508 5044 1647 5096 μου,
1668 5027 1754 5082 ὅτι
1780 5027 1930 5095 πρὸς

352 5115 429 5169 σὲ
457 5113 817 5182 κατέφυγον.
854 5110 1110 5174 Δίδαξόν
1138 5129 1215 5180 με
1250 5112 1357 5166 τοῦ
1383 5114 1576 5168 ποιεῖν
1603 5117 1669 5169 τὸ
1702 5115 1932 5185 θέλημά

353 5219 491 5264 σου,
521 5202 612 5254 ὅτι
635 5201 717 5254 σὺ
739 5194 797 5253 εἷ
819 5201 852 5252 ὁ
881 5198 1026 5260 Θεός
1045 5213 1183 5264 μου.
1216 5199 1330 5252 Οὐκ
1351 5197 1493 5264 εἶπε,
1520 5201 1736 5266 Δίδαξόν
1774 5220 1840 5274 με
1869 5205 1930 5257 τὸ

353 5290 479 5362 θέλη
489 5291 563 5360 μά
604 5305 721 5355 σου,
765 5284 972 5349 ἁπλῶς,
1016 5281 1170 5348 ἀλλὰ,
1215 5285 1326 5340 Τοῦ
1375 5288 1568 5343 ποιεῖν
1609 5290 1674 5344 τὸ
1703 5291 1929 5360 θέλημὰ

416 5463 441 5492 ⁸
467 5459 616 5511 Savil.
641 5474 739 5510 om.
765 5460 874 5511 γάρ.

417 5463 441 5492 ⁸
467 5460 616 5511 Savil.
641 5474 739 5510 om.
765 5460 874 5524 γάρ.

417 5525 442 5564 b
471 5523 601 5590 Sayjl
651 5525 691 5572 εί
733 5523 888 5590 οὗτος,
914 5519 1105 5590 οιηὶεξίε
1124 5521 1317 5590 (Latet-is
1334 5542 1352 5590 _:
1384 5527 1531 5586 atque
1558 5523 1626 5576 ita
1648 5527 1776 5590 legit
1797 5527 1929 5579 Gen-

355 5585 514 5634 tianus
539 5583 1028 5640 Hervelus.Uu-aque
1049 5578 1198 5628 lectio
1220 5583 1439 5641 quadrat.

420 5652 443 5677 ε
476 5647 762 5705 Μετὲστησα
793 5647 823 5702 ἡ
869 5642 1182 5705 όεεὶθρτειρτ
1221 5642 1272 5705 i_n
1302 5643 1421 5692 edit.
1454 5645 1623 5695 Morel.
1658 5648 1756 5698 Sed
1783 5650 1930 5699 habe-

357 5710 524 5804 ωτὸἱη
549 5710 661 5758 aliis
686 5702 1083 5766 'excmplarihus.
1101 5767 1110 5772 ν
1128 5702 1281 5752 Paulo
1325 5710 1433 5766 post
1471 5707 1620 5756 Sam.
1644 5709 1722 5757 ὅτε
1741 5712 1853 5773 πρὸς
1875 5717 1931 5762 σὲ

361 5783 442 5816 κατ
449 5783 630 5832 εφυγον.

1392 362 1754 422 EXPOSITIO
1791 358 1856 414 ΙΝ
1895 355 2224 414 ΡδΑιιιυδι
2264 361 2462 418 CXLII.

3493 367 3632 421 ὥθ’

2030 490 2180 528 σου·
2209 475 2506 540 τουτέστιν,
2535 478 2629 542 Et;
2667 478 2736 534 τά
2781 480 2917 549 ἔργα
2962 483 3099 538 αὐτὰ
3141 481 3457 554 ὲμϐίϐασον.
3485 480 3596 550 Τῆς

2026 558 2134 630 γὰρ
2166 560 2372 615 ἄνωθεν
2412 563 2583 634 ῥοπῆς
2608 565 2786 635 χρεία,
2808 567 2904 620 καὶ
2929 568 3177 622 ὲκεῖθενά
3211 571 3308 638 τῆς
3337 567 3596 622 διδασκα-

2024 647 2164 714 λίας,
2183 647 2323 700 ὥστε
2345 647 2575 719 βαδίζειν
2597 650 2696 722 τὴν
2718 652 2810 704 ἐπὶ
2828 652 2926 723 τὴν
2948 653 3147 724 ἀρετὴν
3168 655 3434 726 φέρουσαν
3455 653 3592 707 ὁδόν

2025 733 2124 802 οὐχ
2151 734 2309 804 ἡμῶν
2337 735 2667 807 ἀργούντων,
2690 737 2825 792 ἀλλά
2841 741 2934 794 καὶ
2967 739 3122 812 ἡμῶν
3148 743 3217 795 τὰ
3242 743 3370 813 παρ’
3387 740 3596 795 ἑαυτῶν
3655 769 3661 782 ι

2022 823 2527 894 είσφερόντων.⁶’οτι
2557 825 2638 880 σὺ
2671 824 2730 880 εἷ
2752 831 2784 882 ό
2807 829 2951 894 Θεός
2979 847 3118 899 μου.
3137 829 3299 901 Ὁρᾷς
3327 829 3423 893 τὰς
3442 828 3598 899 αίτή·
3629 895 3632 900 _

2026 926 2140 973 σεις
2187 911 2352 966 αὑτοῦ
2396 914 2812 984 πνευματικὰςς
2857 916 2932 969 Οὐ
2969 915 3078 988 γὰρ
3127 917 3255 990 περὶ
3297 914 3596 986 χρημάτων

2023 997 2117 1051 καὶ
2140 999 2476 1064 δυναστείας,
2521 1002 2615 1054 καὶ
2656 1002 2832 1072 δόξης,
2860 1002 2974 1056 ἀλλ’
3003 1004 3144 1076 ὑπὲρ
3175 1003 3270 1058 τοῦ
3300 1003 3362 1057 τὸ
3384 1002 3598 1074 θέλημα

2023 1085 2116 1139 τοῦ
2143 1087 2277 1141 Θεοῦ
2310 1091 2502 1153 ποιεῖν,
2525 1090 2790 1160 προσάγει
2811 1091 2909 1162 τὴν
2925 1090 3139 1162 αἴτησιν
3158 1107 3172 1121 ·
3199 1092 3336 1162 ὅπερ
3359 1090 3477 1144 ἐστὶ
3499 1089 3598 1160 θη-

2024 1173 2220 1245 σαυρὸς
2239 1174 2345 1228 τῶν
2367 1176 2583 1244 ἀγαθῶν
2603 1177 2878 1244 ἀπάντων,
2909 1177 3004 1232 καὶ
3034 1177 3260 1243 πλοῦτος
3281 1176 3594 1246 ἀνελλιπὴς,

2022 1261 2112 1314 καὶ
2135 1261 2432 1332 εὐημερίας
2458 1263 2620 1334 ἀρχὴ,
2651 1267 2744 1318 καὶ
2766 1264 2911 1334 ῥίζα,
2944 1265 3039 1318 καὶ
3067 1265 3206 1334 μέσα
3223 1276 3271 1328 ο,
3293 1264 3390 1318 καὶ
3421 1263 3600 1328 τέλος.

2028 1348 2096 1400 Td
2129 1347 2368 1418 Πνεῦμά
2398 1365 2513 1404 σου
2541 1350 2607 1404 τὸ
2631 1352 2856 1419 ἀγαθὸν
2887 1351 3175 1421 ὁδηγήσει
3196 1369 3274 1420 με
3300 1351 3371 1405 ἐν
3395 1350 3474 1420 τῇ
3499 1352 3597 1406 εὐ-

2022 1437 2170 1503 θείᾳ.
2189 1437 2349 1508 Ὁρᾷς
2370 1437 2484 1503 πῶς
2509 1439 2870 1509 μανθάνομεν,
2894 1439 3007 1503 πῶς
3031 1437 3393 1508 διδασκόμεθα
3412 1437 3599 1491 ἀνύειν

2019 1523 2118 1594 τὴν
2145 1525 2261 1578 ὁδὸν
2282 1525 2369 1577 διά
2389 1526 2481 1578 τοῦ
2507 1527 2820 1597 Πνεύματος
2843 1527 2936 1580 τοῦ
2963 1527 3150 1595 ἀγίου;
3173 1525 3262 1579 Διὸ
3288 1528 3383 1579 καὶ
3405 1527 3433 1579 ὁ
3450 1523 3596 1579 Παῦ-

2020 1611 2110 1674 λος
2145 1610 2356 1680 έλεγεν·
2397 1612 2558 1680 Ἡμῖν
2586 1612 2654 1666 δὲ
2696 1616 2730 1668 ό
2779 1613 2924 1678 Θεὸς
2965 1614 3325 1682 ἀπεκάλυψε
3365 1613 3462 1667 διὰ
3488 1612 3596 1666 τοῦ

2020 1699 2366 1768 Πνεύματος
2413 1699 2618 1754 αὐτοῦ.
2655 1701 2757 1754 Ἐν
2798 1699 2877 1768 γῇ
2916 1700 3133 1766 εὐθείᾳ.
3175 1699 3332 1753 Κατά
3372 1701 3467 1770 μὲν
3497 1698 3598 1770 τὴν

2024 1785 2200 1856 ῥῆσιν,
2231 1785 2330 1858 τὴν
2363 1786 2596 1857 πατρίδα
2616 1787 2782 1841 αὐτοῦ
2817 1805 2946 1858 φησι
2969 1805 2983 1820 ·
3012 1787 3155 1841 κατά
3196 1787 3252 1840 δὲ
3283 1787 3613 1858 ἀναγωγὴν..

2019 1873 2116 1942 τὴν
2149 1873 2242 1925 ἐπὶ
2276 1872 2373 1944 τὴν
2406 1873 2607 1945 ἀρετὴν
2634 1873 2902 1945 φέρουσαν
2942 1875 3281 1937 όδόν.Ἀλλος
3319 1875 3376 1926 δέ
3420 1891 3554 1944 φησι
3577 1891 3590 1903 ·

2017 1960 2121 2013 Διά
2153 1959 2265 2028 γῆς
2286 1959 2535 2029 ὁμαλῆς.
2573 1961 2738 2015 Οὐδὲν
2761 1961 2868 2031 γὰρ
2886 1961 3152 2032 λειότερον
3182 1961 3402 2032 ἀρετῆς,
3433 1959 3616 2032 θορύ-’

2020 2049 2132 2100 ϐων
2155 2048 2578 2120 ἀπηλλαγμένης
2611 2049 2702 2102 καὶ
2731 2042 2998 2120 ταραχῆς.
3027 2049 3279 2102 Ἕνεκεν
3314 2047 3420 2102 τοῦ
3465 2049 3598 2102 ὀνό-

2014 2136 2203 2204 ματός
2254 2151 2403 2201 σου,
2455 2137 2658 2204 Κύριε,
2709 2135 2908 2204 ζήσεις
2948 2153 3043 2206 με.
3095 2137 3258 2208 Ὁρᾷς
3299 2137 3460 2190 πάλιν
3505 2134 3598 2191 ἐπὶ

2019 2226 2110 2279 τὸν
2163 2223 2295 2278 Θεὸν
2343 2223 2362 2264 τ
2408 2224 2846 2294 καταφεύγοντα,
2889 2225 2949 2278 οὐ
2992 2225 3270 2298 παρρησίᾳ
3308 2225 3422 2296 βίου
3467 2224 3602 2296 θαρ-

2022 2312 2217 2382 ροῦντα
2237 2327 2252 2376 ;

2095 2397 2243 2472 [458]
2277 2399 2378 2452 Ἐν
2421 2397 2497 2468 τῇ
2541 2398 2894 2468 δικαιοσύνῃ
2947 2415 3064 2454 σου
3102 2398 3338 2466 ἐξάξεις
3368 2399 3436 2454 ἐκ
3469 2399 3600 2454 θλί-

2019 2491 2181 2556 ψεως
2216 2487 2331 2556 τὴν
2366 2487 2577 2558 ψυχήν
2595 2487 2938 2557 μου.”Αλλος
2958 2488 3121 2560 φησίν
3140 2505 3154 2519 ο
3198 2488 3294 2541 Ἐν
3319 2486 3392 2556 τῇ
3423 2487 3596 2552 ἐλεη-

2016 2577 2256 2646 μοσύνη
2274 2579 2440 2630 σουε.
2461 2577 2621 2648 Ὁρᾷς
2641 2575 2757 2639 πῶς
2768 2575 2984 2645 ἀληθὲς,
3005 2577 3140 2647 ὅπερ
3156 2575 3461 2647 ἔμπροσθεν
3485 2573 3598 2627 ἔλεο

2022 2679 2137 2732 γον,
2154 2663 2234 2717 ὄτι
2251 2661 2516 2732 πολλαχοῦ
2533 2662 2630 2732 τὴν
2643 2661 2988 2736 δικαιοσύνην
3004 2663 3166 2716 αὐτοῦ
3190 2662 3597 2732 φιλανθρωπίαν

2022 2749 2208 2815 καλεῖ;
2245 2749 2504 2816 Ἐξὰξεις
2533 2750 2604 2803 ἐκ
2630 2750 2892 2818 θλίψεως
2923 2742 3273 2818 τὴνψυχήν
3299 2767 3440 2819 μου.
3477 2747 3596 2801 Εὔ-

2022 2842 2204 2907 χεσθε
2243 2836 2373 2907 γὰρ,
2420 2838 2574 2908 φησὶ,
2621 2837 2708 2908 μὴ
2759 2837 3060 2892 εἰσελθεῖν
3105 2840 3192 2904 εὶς
3244 2838 3594 2906 πειρασμόν.

2020 2925 2133 2980 Καὶ
2156 2924 2227 2978 ἐν
2255 2923 2334 2989 τῷ
2356 2923 2511 2978 ἐλέει
2537 2939 2652 2978 σου
2683 2924 3138 2992 ἑξολοθρεύσεις
3175 2923 3318 2990 τοὺς
3347 2922 3598 2992 ἐχθρούς

2015 3005 2159 3082 μου.
2197 3011 2309 3064 οὐκ
2327 3010 2533 3082 ἐπειδὴ,
2550 3013 2734 3080 φησιν,
2759 3010 2870 3080 ἐγὼ
2895 3011 3064 3076 ἄξιος,
3095 3011 3231 3067 ἀλλά
3250 3011 3341 3065 διὰ
3372 3010 3466 3083 τὴν
3498 3010 3600 3081 σὴν

2023 3099 2430 3170 φιλανθρωπίαν
2473 3099 2779 3165 ἀπάλλαξόν
2825 3117 2892 3170 με
2939 3098 3049 3152 τῶν
3090 3097 3468 3170 πολεμούντων
3507 3114 3596 3167 με,

2021 3185 2383 3257 ἐλευθέρωσον
2435 3185 2544 3240 τῶν
2593 3186 3084 3250 ἐπιϐουλευόντων,
3128 3187 3217 3250 δὸς
3267 3184 3599 3240 ἀναπνεῦσαι

2025 3275 2221 3346 μικρὸν
2245 3274 2354 3327 ἀπὸ
2371 3273 2470 3344 τῆς
2491 3272 2741 3343 θλίψεως.
2775 3273 2886 3328 Καὶ
2913 3273 3162 3340 ἀπολεῖς
3190 3273 3420 3339 πάντας
3457 3272 3600 3338 τοὺς

2023 3363 2339 3428 θλίϐοντας
2377 3360 2492 3428 τὴν
2523 3360 2736 3431 ψυχήν
2758 3378 2876 3431 μου
2902 3401 2917 3425 ,
2955 3360 3047 3414 ὅτι
3075 3359 3191 3430 ἐγὼ
3229 3360 3450 3428 δοῦλός
3482 3375 3600 3414 σου

2020 3448 2312 3521 είμί.”’ορα
2345 3449 2506 3506 πάλιν
2537 3450 2636 3522 τὴν
2668 3448 2848 3502 αἰτίαν
2881 3450 3160 3521 κειμένην.
3192 3450 3267 3502 Οὐ
3307 3449 3416 3520 γὰρ
3454 3447 3602 3501 ἔστιν

2023 3537 2210 3600 ἁπλῶς
2251 3537 2629 3608 ἐπιτυγχάνειν
2655 3536 2764 3590 τῶν
2801 3539 3094 3608 αἰτήσεων,
3143 3535 3282 3591 ἀλλά
3325 3535 3600 3606 πανταχοῦ

2024 3627 2459 3696 παρασκευάζειν
2513 3626 2736 3689 ἑαυτοὺς
2789 3625 2971 3689 ἀξίους
3010 3623 3115 3696 χρὴ
3159 3623 3254 3678 τοῦ
3305 3624 3602 3694 λαμϐάνειν

2023 3714 2168 3786 ἅπερ
2213 3713 2493 3784 αἰτοῦμεν,
2534 3713 2628 3766 καὶ
2681 3711 2750 3766 τά
2792 3715 2922 3784 παρ’
2949 3712 3155 3767 ἑαυτῶν
3206 3713 3600 3783 συνεισφέρειν,

2025 3803 2120 3854 καὶ
2149 3800 2290 3854 οὕτω
2316 3802 2616 3871 προσιέναι.
2646 3801 2720 3853 Ού
2747 3799 2858 3871 γὰρ
2884 3802 3043 3868 ἀρκεῖ
3067 3800 3226 3872 μόνον
3249 3799 3348 3871 τῆς
3369 3801 3532 3871 εὐχῆς
3567 3803 3605 3872 ἡ

2027 3889 2188 3959 φύσις
2212 3905 2226 3919 ο
2260 3889 2382 3940 ἐπεὶ
2409 3887 2503 3940 καὶ
2531 3889 2772 3942 Ἰουδαῖοι
2806 3887 3054 3959 ηὔχοντο,
3087 3888 3181 3940 καὶ
3209 3889 3406 3959 ἦκουον
3429 3905 3443 3918 °
3475 3887 3522 3941 Κ
3526 3888 3604 3941 ἂν

2026 3976 2368 4042 πληθύνητε
2401 3975 2514 4041 τὴν
2541 3973 2776 4041 δέησιν,
2810 3977 2921 4028 οὐκ
2955 3976 3384 4044 είσακούσομαι
3414 3976 3604 4045 ὑμῶν.

2025 4061 2136 4114 Καὶ
2157 4059 2209 4112 τί
2236 4059 2552 4128 θαυμάζεις,
2579 4061 2627 4112 εί
2659 4061 2708 4112 οἱ
2751 4061 2992 4112 Ἰουδαῖοι
3019 4061 3117 4113 οὐκ
3153 4062 3430 4128 ἠκούοντο,
3468 4063 3602 4115 ὅπου

2025 4164 2090 4216 γε
2113 4147 2208 4200 καὶ
2238 4145 2501 4216 Ἱερεμίας
2534 4146 2674 4216 ὑπὲρ
2710 4145 2889 4198 αὐτῶν
2919 4145 3251 4216 παρακαλῶν
3285 4148 3609 4215 ὲπετιμᾶτο,

2027 4235 2119 4289 καὶ
2145 4232 2291 4298 ἅπαξ
2314 4235 2406 4288 καὶ
2430 4235 2510 4297 δὶς
2534 4232 2721 4287 ἀκούει
2737 4250 2750 4264 ⁸
2774 4232 2870 4301 Μὴ
2904 4235 3246 4303 προσεύχου
3277 4234 3429 4304 ὑπὲρ
3441 4235 3467 4274 ιι
3495 4233 3603 4288 τοῦ

2026 4322 2182 4377 λαοῦ
2209 4323 2446 4388 τούτου,
2483 4323 2571 4375 ὅτι
2613 4323 2725 4376 οὐκ
2764 4321 3197 4390 εὶσακούσομαί
3227 4335 3385 4386 σου;
3413 4322 3520 4375 Καὶ
3548 4320 3605 4374 τί

2029 4409 2328 4480 θαυμάζεις
2349 4411 2398 4463 εί
2432 4409 2701 4480 Ἱερεμίας
2727 4409 2828 4461 οὐκ
2857 4407 3276 4479 εἰσακούσηται;
3307 4407 3436 4462 Κᾶν
3450 4406 3604 4473 Νῶε,

2029 4499 2182 4570 φησί,
2211 4497 2328 4552 κᾶν
2369 4497 2507 4564 Ἰὼϐ,
2536 4497 2652 4550 κᾶν
2679 4485 2904 4564 Δὰνιὴλ
2934 4495 3183 4559 στῶσιν,
3212 4495 3382 4562 υἱοὺς
3404 4495 3605 4552 αὐτῶν

2029 4587 2128 4641 καὶ
2157 4585 2481 4656 θυγατέρας
2517 4587 2590 4640 οὑ
2613 4585 2700 4654 μὴ
2725 4584 3066 4649 ἐξέλωνται.
3101 4583 3287 4638 Ταῦτα
3316 4585 3495 4639 τοίνυν
3525 4586 3605 4639 el-

2028 4672 2198 4737 δότες,
2237 4673 2311 4744 μὴ
2359 4661 2516 4744 μόνον
2561 4671 2868 4744 εὐχώμεθα,
2914 4671 3050 4726 ἀλλά
3099 4673 3240 4742 μετὰ
3279 4671 3388 4727 τῶν
3429 4671 3605 4744 εὐχῶν

2029 4760 2211 4826 ἀξίους
2239 4761 2466 4824 ἑαυτοὺς
2498 4757 3000 4832 παρασκευάζωμεν
3027 4759 3120 4812 τοῦ
3150 4759 3352 4826 λαϐεῖν,
3385 4761 3471 4815 ἵνα
3509 4761 3606 4816 καὶ

2029 4847 2136 4900 τῶν
2173 4849 2454 4918 παρόντων
2483 4847 2577 4900 καὶ
2602 4847 2711 4900 τῶν
2747 4846 3046 4918 μελλόντων
3083 4846 3428 4919 ὲπιτύχωμεν
3467 4850 3607 4916 ἀγα-

2031 4933 2138 4986 θῶν
2159 4951 2173 4966 ο
2220 4927 2295 4986 ὧν
2328 4935 2536 5002 γένοιτο
2563 4934 2770 4998 πάντας
2796 4935 2944 5004 ἡμᾶς
2975 4935 3246 5004 ἐπιτυχεῖν
3286 4937 3468 5008 χάριτι
3511 4934 3605 4990 καὶ

2031 5023 2406 5095 φιλανθρωπίᾳ
2437 5023 2534 5076 τοῦ
2567 5023 2772 5094 Κυρίου
2799 5024 2956 5096 ἡμῶν
2992 5021 3166 5096 Ἰησοῦ
3194 5023 3430 5095 Χριστοῦ
3453 5064 3465 5086 ,
3493 5016 3538 5090 ᾧ
3566 5025 3599 5092 ή

2029 5111 2156 5178 δόξα
2198 5111 2294 5164 καὶ
2336 5111 2400 5164 τὸ
2443 5111 2662 5182 κράτος,
2693 5113 2774 5175 είς
2821 5113 2946 5175 τοὺς
2990 5112 3192 5174 αίῶνας
3224 5110 3334 5166 τῶν
3369 5108 3604 5164 αἰώνων.

2042 5201 2236 5272 Ἀμήν.

2091 5407 2119 5448 d
2143 5408 2224 5457 Sic
2243 5408 2393 5458 Savil.
2427 5408 2481 5457 In
2504 5405 2680 5458 Morel.
2703 5407 2875 5456 ἐκεῖθεν
2893 5405 3057 5454 deest.

2093 5484 2116 5510 ο
2143 5469 2290 5519 Savil.
2315 5471 2394 5516 καὶ
2418 5470 2559 5531 μέση.
2574 5469 2836 5531 legendum
2857 5473 3024 5516 autem
3045 5465 3320 5528 suspicatur
3340 5465 3422 5514 καὶ
3439 5465 3604 5518 μέσον.

2031 5531 2152 5580 Mor.
2182 5532 2262 5579 καὶ
2286 5530 2428 5591 μέσα,
2447 5530 2594 5591 bene,

2103 5592 2122 5630 ί
2153 5589 2303 5652 8³νίιῇ
2327 5592 2402 5639 ἐπὶ
2423 5591 2504 5638 τὸν
2524 5589 2714 5652 Κύριον.

2095 5657 2122 5694 8
2149 5655 2261 5702 Haec
2280 5647 2624 5713 interprepgib
2643 5647 3050 5713 AeleSymmacbi.

2095 5716 2121 5754 h
2159 5715 2306 5763 Savil.
2332 5709 2456 5775 περ’ί.
2492 5711 2615 5760 Infra
2635 5710 2782 5775 Savi!.
2823 5715 2960 5775 ροισι
2984 5709 3245 5775 Ιεερηᾶιιῐη
3269 5712 3354 5762 οὐκ
3382 5715 3602 5770 εἰσακουο

2036 5780 2274 5837 σθήολεται,
2304 5771 2409 5838 ipsé
2437 5787 2554 5825 vero
2577 5773 2694 5836 leg“
2719 5772 2802 5821 οῦκ
2826 5771 3176 5823 εἰσακούσεται.
