4076 6222
293 359 408 416 ειπ-

759 463 823 519 IN
866 461 1180 518 PSAL-Ml'bl
1213 457 1434 514 CXLlll.

297 605 348 660 1.
390 601 694 657 Benedictus
725 599 971 652 Dominus
1023 595 1155 649 Deus
1196 609 1351 650 nteus,
1397 590 1483 656 qui
1528 587 1672 642 ducet
1699 599 1876 636 manus

490 709 628 746 meas
653 692 720 744 ad
747 691 1002 762 prtelium,
1031 688 1211 758 digitos
1235 699 1367 736 meos
1388 680 1454 734 ad
1479 679 1682 732 bellant.

375 833 424 882 1.
467 825 603 894 Quid
633 825 804 880 dicis?
835 827 1041 880 Dcusne
1076 823 1230 877 docet
1279 820 1498 881 bellare,
1546 830 1797 886 pugnare,
1827 821 1882 867 et

301 923 414 978 acie
458 918 786 989 conﬂigere?
837 918 1061 972 Maxime
1103 914 1316 985 quidem
1366 929 1378 964 :
1431 927 1536 964 non
1589 907 1885 978 peccaverit

303 1012 587 1080 quispiam,
617 1011 704 1078 qui
733 1009 1005 1062 victoriam
1037 1022 1154 1074 quze
1199 1003 1283 1058 his
1309 1011 1547 1072 paratur,
1587 1001 1634 1054 ei
1677 997 1888 1052 adscri-

309 1104 489 1171 pserit.
543 1101 653 1154 lloc
697 1100 835 1152 enim
886 1098 984 1150 sibi
1027 1097 1136 1150 vult
1183 1093 1347 1160 illud,
1390 1093 1488 1157 Qui
1530 1091 1670 1144 docet
1709 1104 1888 1142 manus

307 1209 461 1246 meas.
495 1191 604 1245 lloc
653 1200 755 1251 est,
787 1189 884 1254 Qui
918 1187 1042 1240 facit
1070 1196 1124 1240 ut
1169 1186 1380 1242 vincam
1427 1183 1628 1246 hostes,
1677 1189 1734 1234 ut
1783 1191 1891 1232 tro-

310 1300 474 1352 pretim
506 1281 729 1352 erigant.
763 1280 984 1346 Quando
1019 1279 1162 1334 enim
1208 1277 1489 1346 prOStravit
1533 1272 1768 1339 Goliath,
1802 1273 1892 1326 ille

309 1375 403 1428 fuit
429 1387 586 1428 causa
613 1371 871 1436 vietorite,
905 1379 960 1423 et
999 1367 1210 1438 quando
1239 1367 1400 1420 multa
1427 1364 1565 1419 bella
1594 1374 1739 1417 recte
1768 1377 1890 1430 ges-

308 1467 398 1530 sit,
424 1475 478 1518 et
503 1475 700 1532 troprra
728 1463 915 1523 erexit,
945 1469 997 1513 cl
1022 1459 1227 1529 aliquot
1263 1459 1422 1512 urbes
1455 1456 1684 1509 hostium
1715 1454 1763 1507 vi
1807 1468 1896 1507 ce-

311 1556 404 1622 pit,
435 1554 477 1606 is
506 1553 602 1606 fuit
629 1553 678 1606 iu
706 1567 862 1605 causa
892 1561 951 1604 ut
981 1552 1241 1603 vinceret.
1270 1549 1335 1601 Et
1379 1547 1497 1601 ideo
1525 1561 1723 1600 canens
1752 1539 1897 1599 dice—

312 1647 400 1698 bat
429 1662 444 1699 :
473 1643 720 1696 Dominus
751 1644 895 1712 fortis
922 1651 967 1695 et
995 1651 1187 1708 potens,
1221 1637 1468 1692 Dominus
1495 1646 1668 1706 potens
1698 1635 1750 1688 in
1771 1649 1898 1704 pra:-

312 1737 378 1790 lio
406 1735 576 1809 (Psal.
615 1736 704 1790 εξ.
747 1735 824 1802 '5).
865 1732 1027 1788 Mosis
1056 1746 1266 1803 quoque
1313 1740 1552 1800 tempore
1579 1727 1743 1785 multa
1773 1726 1901 1782 fecit

303 1828 598 1897 ejusmodi.

385 1921 640 1974 Auxilium
667 1918 888 1972 divinum
907 1915 1048 1970 nobis
1075 1915 1404 1969 necessarium
1429 1912 1496 1966 ad
1525 1910 1708 1966 bellum
1723 1919 1902 1964 contra

315 2017 591 2067 dteuwnas.
626 2010 826 2065 Bellum
853 2009 1042 2063 diaboli
1064 2008 1299 2062 adversus
1325 2007 1570 2059 homines.
1609 2004 1901 2058 Misericor-

319 2107 446 2157 ‘liam
469 2103 564 2156 Dei
587 2112 640 2154 ut
655 2117 1040 2171 consequamur.
1057 2100 1295 2154 Subditos
1313 2108 1362 2151 ut
1379 2099 1429 2151 in
1447 2098 1604 2168 officio
1625 2097 1901 2162 contineas,

323 2195 412 2247 Uri
439 2195 636 2246 auxilio
663 2210 788 2262 opus
816 2202 907 2246 est.
941 2221 1015 2232 —
1041 2191 1235 2245 Verum
1274 2189 1415 2243 aliud
1458 2204 1670 2258 quoque
1707 2188 1903 2242 bellum

315 2285 530 2338 esthoc
562 2285 798 2354 gravius,
851 2281 939 2336 ubi
985 2282 1139 2336 nobis
1181 2281 1411 2335 maxime
1454 2295 1684 2350 superno
1710 2278 1908 2333 auxilio

315 2392 450 2444 Opus
475 2385 579 2443 est,
609 2376 746 2445 quod
773 2375 974 2445 geritur
1007 2384 1196 2428 contra
1236 2381 1526 2444 potestates
1553 2371 1904 2428 adversarias.

305 2468 470 2536 Quod
511 2480 687 2522 autem
733 2482 829 2520 nos
871 2475 1054 2520 contra
1101 2479 1194 2519 eas
1240 2464 1433 2518 bellum
1474 2479 1741 2534 geramus,
1784 2463 1907 2516 audi

320 2561 545 2614 l’aulum
565 2561 828 2615 dicentem
851 2576 864 2611 :
891 2559 1011 2612 Non
1037 2569 1106 2612 est
1132 2559 1272 2612 nobis
1298 2559 1432 2612 lucta
1451 2559 1688 2610 adversus
1707 2573 1911 2610 carnem

317 2665 362 2706 ct
393 2653 719 2721 sanguinem,
745 2653 834 2707 sed
861 2653 1099 2706 adversus
1128 2652 1462 2722 principatus,
1490 2651 1728 2704 adversus
1767 2660 1911 2716 pote-

319 2759 496 2808 states,
516 2747 753 2800 adversus
771 2746 944 2799 mundi
965 2745 1217 2816 principes
1237 2744 1553 2798 tenebrarum
1570 2743 1741 2798 saeculi
1758 2746 1913 2810 hujus

307 2838 541 2910 (Ep/tes.
568 2839 619 2893 6.
637 2838 736 2908 ’12)
764 2855 775 2890 :
809 2847 861 2892 et
886 2853 952 2892 eo
975 2837 1212 2908 gravius,
1239 2835 1378 2906 quod
1409 2851 1472 2890 ex
1501 2835 1602 2889 alia
1635 2845 1818 2890 natura
1843 2835 1914 2891 sit

323 2947 510 2985 carum
541 2931 829 2992 exercitus,
861 2939 914 2984 et
941 2943 1058 2998 quae
1090 2927 1190 2982 sub
1227 2934 1501 2998 aspectum
1532 2943 1637 2980 non
1667 2926 1828 2994 cadit,
1860 2935 1916 2981 et

325 3021 469 3090 quod
493 3036 597 3075 non
620 3020 687 3075 de
707 3019 868 3074 rebus
893 3018 1099 3088 exiguis
1127 3019 1318 3088 agitur,
1351 3017 1446 3072 sed
1471 3017 1539 3073 de
1565 3018 1736 3072 salute
1767 3023 1825 3072 et
1848 3017 1916 3073 de

311 3113 586 3182 pernicie.
609 3111 723 3166 Non
749 3120 968 3182 possunt
995 3110 1082 3164 hic
1103 3110 1268 3164 videri
1297 3109 1540 3164 homines
1560 3109 1648 3179 qui
1673 3110 1918 3164 occidun~

331 3217 439 3267 tur,
480 3219 585 3256 non
618 3210 791 3272 potest
815 3201 1072 3271 praesciri,
1103 3215 1201 3256 nec
1228 3209 1453 3270 tempus,
1486 3214 1582 3254 nec
1610 3199 1914 3270 difﬁcultas,

331 3310 437 3348 nec
465 3295 632 3358 locus,
661 3308 760 3347 nec
783 3292 980 3362 aliquid
1024 3291 1167 3346 aliud
1196 3291 1480 3361 ejusmodi.
1511 3290 1642 3346 Nam
1670 3292 1836 3358 domi,
1865 3297 1917 3348 in

317 3387 474 3451 ~foro,
508 3385 772 3452 ludentes,
823 3385 875 3438 in
915 3385 1025 3440 otio
1055 3400 1152 3440 nos
1194 3384 1450 3439 invadunt
1482 3384 1563 3440 ha:
1592 3385 1916 3456 phalanges:

334 3493 502 3548 qimre
523 3487 731 3547 oportet
757 3493 853 3531 nos
876 3493 995 3532 esse
1016 3486 1270 3548 perpetuo
1286 3477 1539 3532 munitos.
1559 3477 1761 3532 Bellum
1779 3479 1920 3532 enim

336 3573 444 3626 hoc
471 3571 643 3626 nullas
666 3569 813 3625 novit
839 3571 1111 3625 inducias:
1138 3585 1241 3625 non
1273 3569 1432 3625 habet
1462 3571 1684 3641 legatos,
1712 3587 1811 3626 nec
1842 3571 1922 3626 l'e-

327 3663 522 3728 ‘ciales,
557 3678 653 3718 nec
682 3661 877 3732 aliquid
904 3661 1196 3732 ejusmodi;
1228 3661 1423 3717 bellum
1451 3663 1590 3717 enim
1616 3671 1698 3717 est
1732 3662 1925 3733 impla-

339 3757 532 3821 cabile,
565 3766 619 3811 et
649 3755 768 3810 ideo
793 3763 1003 3825 oportet
1031 3769 1088 3809 se
1117 3756 1346 3810 maxime
1368 3755 1600 3825 undique
1621 3756 1850 3822 munire,
1873 3764 1928 3811 et

342 3847 679 3900 convenienti
729 3845 982 3899 alimento
1023 3844 1256 3898 validum
1309 3843 1628 3915 ﬁrmumque
1677 3845 1924 3900 reddere.

344 3937 517 4006 llujus
545 3945 721 3990 autem
749 3937 872 3990 belli
901 3943 1251 3999 commeatus,
1288 3945 1339 3988 et
1369 3934 1559 3988 horum
1589 3936 1815 3990 militum
1841 3951 1934 3990 ar-

323 4038 432 4081 ‘ma
463 4037 585 4081 sunt
612 4027 911 4081 divinarum
940 4025 1333 4093 Scripturarum
1364 4023 1586 4079 auditio.
1618 4026 1690 4080 Ea
1713 4027 1801 4096 qui
1825 4043 1930 4080 non

348 4118 558 4185 fruitur,
590 4118 728 4173 fame
760 4118 915 4188 perit.
947 4115 1095 4170 Dabo
1114 4116 1254 4169 enim
1281 4116 1372 4181 eis,
1402 4115 1592 4184 inquit,
1623 4133 1721 4170 non
1748 4121 1934 4185 {autem

351 4211 518 4279 panis,
541 4225 630 4262 nec
654 4209 786 4262 sitim
809 4223 975 4277 aquw,
997 4207 1086 4262 sed
1109 4207 1292 4276 famem
1313 4207 1554 4260 audiendi
1572 4209 1702 4261 verbi
1728 4207 1936 4262 Domini

354 4302 532 4368 (Amos
576 4301 628 4354 8.
662 4301 772 4369 11).
804 4299 900 4354 llic
927 4299 1104 4370 igitur,
1133 4299 1268 4353 sicut
1293 4298 1417 4352 etin
1448 4297 1600 4353 bellis
1627 4299 1934 4364 sensilibus,

354 4405 586 4458 superno
609 4391 806 4444 auxilio
831 4404 963 4460 opus
988 4399 1088 4444 est.
1134 4387 1256 4442 Non
1293 4398 1519 4442 servatur
1546 4389 1712 4456 enim,
1743 4389 1936 4460 inquit,

353 4499 443 4537 rex
464 4499 552 4552 per
580 4483 790 4534 multam
822 4482 1112 4551 potentiam,
1159 4488 1206 4533 et
1243 4481 1385 4550 gigas
1426 4496 1528 4533 non
1568 4478 1844 4535 servabitur
1883 4482 1939 4535 in

332 4575 676 4630 multitudine
703 4575 880 4628 virium
900 4589 1123 4627 suarum.
1155 4571 1344 4627 Fallax
1365 4587 1524 4644 equus
1544 4573 1612 4626 ad
1636 4575 1868 4635 salutem,
1887 4578 1941 4629 in

354 4667 678 4721 multitudine
721 4666 900 4718 uirium
944 4681 1154 4718 suarum
1196 4681 1300 4718 non
1344 4665 1620 4718 servabitur
1648 4664 1820 4736 (Psal.
1849 4667 1939 4721 32.

357 4761 447 4814 16.
484 4756 596 4828 17).
631 4757 777 4810 Multi
804 4757 982 4825 itaque
1008 4757 1189 4810 hostes
1213 4757 1291 4810 sic
1318 4771 1462 4826 Stepe
1486 4756 1737 4812 fuderunt
1768 4773 1831 4812 ac
1860 4758 1943 4812 fu-

333 4857 574 4919 'garunt,
603 4861 722 4900 cum
751 4847 896 4915 prius
927 4861 1112 4915 preces
1137 4849 1551 4915 praecessissent,
1579 4857 1634 4903 et
1653 4865 1732 4904 ea:
1751 4849 1944 4905 adver-

329 4953 334 4958 ‘
364 4940 626 4994 sariorum
659 4938 944 5007 phalanges
967 4938 1307 5008 repulissent.
1334 4939 1390 4995 2.
1434 4939 1786 4996 Misericordia
1811 4959 1942 5008 mea,
2022 4943 2024 4945 ’

361 5041 410 5088 ει
439 5030 695 5100 refugium
736 5045 922 5096 meum,
962 5037 1218 5099 susceptor
1257 5046 1394 5084 meus
1435 5041 1482 5085 et
1525 5034 1759 5088 liberator
1785 5051 1943 5088 meus.

366 5124 532 5180 Vides
559 5136 681 5176 eum
707 5137 891 5175 rursus
913 5135 1098 5190 rogare
1125 5127 1183 5174 ut
1201 5130 1442 5177 servetur
1465 5140 1493 5179 a
1514 5126 1814 5182 clementia.
1839 5127 1948 5183 lmo

365 5231 496 5272 vero
527 5213 616 5268 hic
642 5213 798 5266 etiam
829 5210 1025 5279 aliquid
1064 5210 1204 5264 aliud
1231 5211 1510 5280 signiﬁcat.
1553 5217 1654 5272 Per
1680 5217 1781 5273 hoc
1805 5220 1947 5274 enim

365 5309 418 5366 ld
447 5304 684 5362 ostendit
703 5313 758 5360 et
782 5301 941 5392 dicit:
969 5301 1047 5355 Ne
1075 5316 1248 5392 essem
1270 5303 1479 5392 quidem
1509 5308 1619 5377 ipsa
1645 5310 1835 5380 dignus
1853 5311 1956 5392 mi:

367 5395 683 5459 sericordia,
713 5393 811 5448 nisi
841 5391 953 5461 ipse
981 5391 1274 5444 annuisset.
1305 5389 1421 5460 ipse
1449 5409 1529 5450 est
1558 5414 1706 5468 ergo,
1753 5401 1942 5472 inquit,

369 5487 724 5546 Misericordia
757 5495 904 5538 mea:
931 5497 1047 5536 eam
1077 5481 1219 5535 enim
1247 5495 1310 5534 ex
1341 5481 1487 5538 factis
1528 5491 1660 5543 meis
1701 5507 1804 5546 non
1832 5508 1950 5548 sum

366 5588 756 5650 consequutus.
785 5573 916 5629 Nam
941 5573 1038 5627 etsi
1068 5581 1150 5625 est
1176 5569 1557 5640 misericordia,
1583 5595 1685 5632 non
1707 5583 1952 5640 omnibus

337 5695 340 5698 θ
369 5683 549 5730 tamen
570 5665 1029 5725 indiscriminatim
1046 5659 1237 5717 accidit
1257 5677 1269 5711 :
1292 5659 1562 5719 Miscrebor
1578 5669 1738 5736 enim,
1763 5672 1950 5744 inquit,

369 5765 517 5836 cui.“
540 5764 772 5824 miserm,
792 5762 954 5832 fuero,
991 5765 1034 5812 et
1066 5750 1354 5817 miserebor,
1373 5768 1518 5823 quem
1540 5758 1679 5825 fuero
1697 5763 1954 5822 miseratus

1393 337 1744 400 EKPOSITIO
1783 335 1845 390 IN
1886 327 2205 388 PSALMUM
2244 325 2470 384 CXLI".

3461 323 3572 378 438

1990 445 2164 513 (Rom.
2189 441 2243 496 9.
2269 441 2377 510 15).
2405 441 2621 510 Oportet
2648 455 2795 510 ergo,
2819 441 2861 494 si
2885 442 3298 499 misericordiam
3323 441 3578 496 volumus

1989 533 2265 602 t'Ottsrqui,
2313 531 2428 603 ejus
2471 532 2766 586 clementia:
2796 533 3128 588 occasionem
3159 551 3226 590 ex
3255 535 3408 590 nobis
3442 535 3569 606 ipsis

1987 624 2248 695 proferre.
2275 623 2370 679 llic
2396 633 2569 678 autem
2609 623 2738 690 dicit
2765 639 2825 678 se
2856 625 2956 678 hoc
2981 625 3172 696 ipsum,
3201 627 3344 696 quod
3373 629 3442 682 sit
3466 629 3567 681 mi-

1987 715 2334 771 sericordiam
2376 726 2759 785 consequutus,
2804 715 2852 771 ei
2883 726 3158 786 acceptum
3188 717 3347 773 ferre.
3379 718 3571 774 Vidisti

1987 808 2270 862 contritum
2315 808 2590 861 animum?
2616 808 2790 862 vidisti
2833 818 3036 878 gratam
3070 819 3324 876 mentem,
3351 819 3405 865 et
3435 826 3572 882 quo-

1997 900 2155 954 modo
2197 900 2424 969 benigno
2473 901 2578 954 Deo
2617 900 2922 954 universum
2965 901 3252 955 adscribit?
3299 901 3578 972 Susceptor

1991 1007 2152 1056 meus,
2182 1000 2226 1043 et
2251 990 2490 1044 liberator
2515 1007 2675 1052 meus,
2701 999 2952 1061 protector
2975 1007 3136 1056 meus;
3165 1001 3210 1046 et
3239 993 3291 1046 in
3315 995 3432 1064 ipso
3459 1009 3580 1062 spe-

1990 1083 2117 1136 ravi.
2147 1082 2306 1151 Spem
2339 1081 2389 1136 in
2423 1082 2594 1152 ipsum
2624 1083 2836 1137 assidue
2861 1095 3058 1150 versat,
3085 1083 3282 1138 docens
3312 1099 3499 1140 omnes
3521 1096 3582 1140 ut

1993 1173 2158 1227 nullis
2185 1173 2336 1228 malis
2365 1173 2676 1238 obruantur,
2729 1173 2822 1228 sed
2870 1175 2956 1228 vel
3000 1175 3052 1229 in
3102 1173 3290 1230 mediis
3325 1177 3581 1231 aerumnis

1995 1281 2115 1320 eum
2143 1280 2356 1334 semper
2383 1269 2702 1328 intueantur,
2721 1265 2788 1320 ab
2803 1281 2868 1320 eo
2893 1266 3178 1335 pendeant,
3207 1283 3305 1322 nec
3332 1284 3580 1339 umquam

1995 1356 2304 1424 desperent,
2352 1357 2600 1412 animove
2629 1357 2933 1412 concidant.
2964 1357 3081 1427 Ipse
3109 1367 3194 1413 est
3221 1360 3364 1414 enim
3393 1375 3581 1416 susce-

1999 1457 2120 1517 ptor
2150 1456 2203 1502 ct
2231 1448 2484 1502 liberator
2503 1431 2674 1502 meus.
2700 1447 2852 1504 Unde
2879 1458 2933 1504 et
2959 1449 3006 1504 si
3042 1465 3147 1504 non
3176 1450 3228 1504 in
3257 1451 3385 1520 ipsis
3412 1453 3582 1507 malo-

1999 1554 2115 1592 rum
2145 1539 2416 1607 principiis
2444 1539 2698 1608 suscipiat
2723 1549 2775 1594 et
2801 1540 3011 1608 liberet,
3044 1541 3185 1596 bono
3226 1554 3436 1612 oportet
3463 1559 3586 1600 esse

2000 1629 2198 1683 animo.
2224 1629 2276 1684 Si
2297 1630 2437 1683 enim
2465 1631 2578 1700 ipse
2598 1640 2680 1686 est
2705 1641 2983 1701 susceptor
3000 1647 3062 1687 ac
3082 1632 3350 1700 defensor,
3368 1635 3587 1691 omnino

2003 1719 2250 1774 liberabit
2273 1736 2303 1774 a
2331 1720 2504 1775 malis.
2524 1721 2674 1775 Tunc
2690 1722 2831 1776 enim
2853 1723 3081 1778 maxime
3107 1739 3232 1794 spes
3246 1735 3350 1792 est,
3376 1727 3592 1797 quando

2004 1812 2070 1865 iis
2097 1827 2215 1877 quae
2244 1811 2490 1865 videntur
2517 1827 2612 1865 nos
2641 1812 3013 1882 dejicientibus
3057 1815 3109 1868 in
3135 1815 3587 1886 desperationem,

2004 1917 2065 1956 ea
2093 1901 2255 1956 efﬁcit
2276 1912 2334 1954 ut
2353 1902 2421 1956 de
2457 1901 2634 1956 l'uturo
2663 1903 2799 1958 bene
2837 1917 3136 1972 speremus.
3179 1905 3280 1974 Qui
3301 1907 3468 1962 subdit
3497 1925 3594 1979 po-

2007 1993 2184 2064 pulum
2214 2009 2377 2047 meum
2405 1995 2500 2049 sub
2525 2011 2622 2049 me.
2652 1995 2742 2051 Sic
2769 2004 2912 2052 recte
2933 1997 3087 2053 dixit.
3113 1997 3246 2053 Nam
3277 2000 3364 2055 hic
3383 2016 3596 2072 quoque

2008 2103 2240 2157 superno
2263 2088 2461 2142 auxilio
2492 2104 2626 2159 opus
2655 2099 2760 2156 est,
2787 2100 2845 2145 ut
2867 2091 2956 2162 qui
2985 2092 3174 2148 ditioni
3202 2095 3424 2164 subiecti
3447 2105 3592 2164 sunt,

2009 2181 2370 2248 acquiescant,
2403 2190 2456 2236 et
2483 2196 2584 2237 nec
2606 2182 2920 2238 seditionem
2937 2185 3156 2255 agitent,
3176 2201 3276 2242 nec
3300 2188 3593 2260 insurgant.

2011 2271 2130 2326 Non
2161 2274 2332 2326 solum
2362 2264 2489 2344 ergo
2515 2274 2566 2327 in
2591 2275 2936 2347 subjugandis
2958 2278 3206 2346 inimicis,
3235 2280 3330 2336 sed
3355 2283 3514 2337 etiam
3544 2285 3597 2339 in

2012 2363 2444 2422 domesticissuis
2460 2367 2801 2438 subiiciendis
2827 2385 3061 2440 superno
3079 2373 3230 2427 nobis
3249 2375 3449 2430 auxilio
3465 2391 3601 2448 opus

2013 2468 2114 2512 est.
2147 2457 2276 2512 Nam
2308 2458 2409 2514 hoc
2429 2475 2642 2530 quoque
2678 2478 2926 2533 magnum
2955 2473 3058 2531 est,
3087 2481 3213 2521 suos
3233 2467 3371 2523 bene
3391 2485 3597 2540 regere,

2015 2563 2114 2603 nec
2156 2551 2332 2604 minus
2366 2560 2447 2605 est
2472 2568 2630 2622 quam
2662 2554 2904 2612 inimicos
2947 2557 3176 2612 vincere.
3213 2558 3358 2614 Multi
3388 2561 3600 2631 quidem

2014 2648 2159 2694 certe
2185 2655 2552 2709 swpenumero
2579 2653 2776 2712 tropica
2805 2645 2856 2699 in
2879 2646 3032 2702 bellis
3058 2660 3363 2714 erexerunt,
3393 2653 3443 2706 iu
3475 2668 3604 2722 pace

2016 2742 2192 2786 autem
2218 2733 2343 2787 Caesi
2372 2743 2518 2798 sunt,
2549 2751 2670 2790 cum
2697 2751 2884 2792 eorum
2915 2740 3108 2809 quibus
3136 2755 3402 2812 prmerant
3433 2744 3600 2800 habe—

2019 2838 2114 2878 nas
2159 2840 2266 2879 non
2309 2835 2454 2881 recte
2498 2819 2723 2898 possent
2757 2829 3042 2886 moderari.
3075 2831 3190 2887 Non
3220 2849 3348 2905 ergo
3374 2836 3427 2890 in
3459 2840 3605 2908 regni

2017 2925 2282 2987 potestate
2311 2919 2470 2973 situm
2499 2928 2602 2986 est,
2632 2930 2688 2976 ut
2715 2932 2890 2977 castra
2917 2923 3287 2994 subiiciantur,
3319 2928 3414 2984 sed
3437 2929 3488 2983 in
3514 2930 3606 2986 Dei

2017 3008 2232 3062 auxilio.
2255 3009 2712 3076 Quemadmodum
2738 3021 2916 3068 autem
2942 3013 3009 3069 ab
3036 3030 3100 3070 eo
3123 3017 3418 3085 procedunt
3443 3019 3609 3075 victo-

2020 3100 2114 3156 rire
2135 3100 2203 3156 de
2233 3101 2496 3169 hostibus,
2529 3102 2598 3157 ita
2625 3102 2786 3158 etiam
2811 3117 3030 3160 suorum
3060 3106 3381 3164 obedientia.
3411 3111 3464 3166 5.
3496 3111 3608 3166 Do-

2022 3193 2172 3260 mine,
2189 3193 2312 3266 quid
2337 3203 2408 3249 est
2431 3194 2604 3260 homo,
2633 3197 2756 3265 quia
2781 3197 3046 3252 innotuisti
3064 3200 3149 3254 ei?
3176 3209 3263 3254 aut
3285 3201 3425 3271 [ilius
3448 3203 3612 3259 homi-

2021 3287 2127 3351 nis,
2156 3288 2275 3356 quia
2299 3298 2505 3357 reputas
2532 3291 2688 3345 eum?
2708 3291 2882 3358 Alius,
2913 3293 3051 3362 Quid
3079 3295 3247 3361 homo,
3275 3307 3322 3352 et
3345 3315 3613 3370 cognosces

2021 3379 2226 3450 ipsum?
2269 3380 2438 3447 Alius,
2491 3380 2642 3449 Quod
2683 3387 2916 3454 agnoscis
2953 3386 3158 3455 ipsum?
3207 3388 3455 3460 Magnum
3485 3406 3615 3463 ergo

2025 3470 2326 3540 quempiam
2357 3485 2477 3527 esse
2503 3483 2732 3542 oportet,
2765 3475 2853 3544 qui
2879 3484 2961 3530 est
2991 3476 3156 3533 Deum
3185 3480 3513 3550 cogniturus,
3532 3483 3616 3538 vel

2029 3561 2203 3630 potius
2223 3561 2310 3631 qui
2343 3569 2426 3616 est
2451 3562 2520 3616 ab
2543 3563 2659 3634 ipso
2685 3568 3117 3636 cognoscendus;
3148 3585 3252 3625 non
3277 3569 3419 3628 hunc
3436 3583 3617 3631 autem

2028 3653 2221 3720 solum,
2251 3655 2344 3709 sed
2366 3656 2527 3711 etiam
2551 3658 2699 3713 illum
2722 3660 2806 3714 cui
2838 3660 2977 3716 Deus
3003 3663 3229 3719 voluerit
3258 3665 3617 3724 innotescere.

2030 3742 2100 3798 Et
2129 3745 2250 3799 ideo
2277 3745 2476 3816 optime
2501 3747 2751 3804 dixerunt
2787 3750 3134 3824 Septuaginta
3162 3756 3311 3821 illud,
3344 3756 3620 3814 Innotuisti

2032 3837 2482 3896 ei:ostendentes
2511 3857 2607 3896 nos
2649 3858 2754 3898 non
2805 3859 2928 3899 eum
2972 3847 3264 3916 invenisse,
3310 3851 3402 3906 sed
3448 3853 3620 3923 ipsum

2034 3931 2188 3984 nobis
2215 3930 2376 3985 fuisse
2400 3931 2695 3986 inventum.
2726 3933 3000 4004 Siquidem
3032 3955 3138 3994 non
3164 3940 3334 3996 dixit:
3359 3943 3495 4010 Quid
3537 3955 3624 4001 est

2035 4021 2214 4087 homo,
2249 4023 2335 4092 qui
2369 4032 2420 4078 te
2445 4025 2726 4092 cognovit?
2755 4025 2870 4092 sed,
2904 4026 3042 4092 Quid
3080 4041 3152 4085 est
3178 4033 3348 4102 homo,
3373 4036 3510 4106 quod
3532 4054 3622 4092 co-

2036 4115 2205 4183 gnitus
2225 4129 2276 4168 cs
2294 4114 2356 4168 ab
2376 4116 2486 4184 ipso
2499 4115 2525 4168 .’

2107 4209 2163 4260 2.
2205 4207 2272 4260 Ει
2296 4207 2414 4262 ideo
2442 4208 2634 4264 Paulus
2666 4208 2766 4264 hoc
2789 4225 2989 4283 susque
3017 4212 3191 4286 deque
3209 4217 3424 4274 assidue
3448 4232 3628 4276 versat

2039 4298 2242 4363 dicens,
2275 4299 2422 4353 Tunc
2450 4310 2616 4356 autem
2636 4319 2913 4374 agnoscam
2938 4306 3066 4360 sicut
3096 4317 3142 4361 et
3169 4311 3370 4380 agnitus
3396 4328 3509 4366 sunt
3548 4315 3626 4384 (1.

2041 4389 2158 4446 Cor.
2180 4391 2266 4446 15.
2299 4391 2408 4460 12).
2432 4391 2601 4447 Porro
2644 4393 2758 4463 ipse
2807 4411 3019 4466 quoque
3065 4397 3330 4466 Christus,
3376 4401 3497 4456 Non
3543 4420 3630 4460 vos

2021 4493 2121 4534 ‘me
2143 4482 2375 4553 elegistis,
2406 4483 2493 4538 sed
2514 4501 2602 4555 ego
2624 4485 2750 4554 elegi
2767 4503 2852 4541 vos
2879 4487 3056 4559 (Joan.
3091 4491 3180 4546 15.
3214 4489 3324 4564 16).
3352 4493 3470 4550 Jam
3498 4511 3631 4552 vero

2043 4573 2166 4626 alibi
2193 4589 2402 4644 quoque
2431 4574 2646 4642 Paulus,
2673 4576 2734 4632 Si
2753 4579 2866 4646 quis
2893 4590 3060 4635 autem
3085 4581 3248 4654 diligit
3264 4582 3450 4653 Deum,
3478 4589 3523 4644 is
3543 4607 3633 4645 co-

2045 4665 2211 4735 gnitus
2231 4675 2304 4720 est
2325 4666 2386 4720 ab
2412 4682 2468 4720 eo
2499 4667 2574 4736 (l.
2599 4669 2716 4722 Cor.
2740 4669 2794 4724 8.
2819 4671 2898 4740 5).
2921 4671 2988 4727 Et
3017 4673 3138 4729 ideo
3163 4676 3375 4735 assidue
3395 4681 3633 4752 seipsuut

2046 4771 2243 4828 susque
2270 4758 2444 4829 deque
2477 4759 2607 4814 dicit
2631 4772 2898 4830 vocatum,
2943 4767 3230 4824 ostendens
3269 4785 3328 4826 se
3357 4788 3462 4829 non
3494 4775 3637 4831 ultro

2047 4850 2359 4915 accessisse,
2387 4850 2480 4905 sed
2515 4851 2660 4921 prius
2703 4865 2947 4911 vocatum
2992 4857 3176 4917 fuisse.
3208 4861 3281 4917 lta
3320 4866 3640 4924 etiamdicit

2048 4941 2196 5006 alibi,
2227 4939 2514 5012 Persequor
2532 4954 2720 5013 autem,
2743 4947 2789 5001 si
2807 4948 2955 5002 etiam
2971 4953 3408 5024 comprehendam,
3430 4968 3638 5029 propter

2049 5031 2185 5102 quod
2207 5042 2252 5086 et
2277 5037 2664 5104 comprehensus
2682 5054 2792 5091 sum
2829 5037 3086 5114 (Philipp.
3115 5045 3169 5099 5.
3199 5046 3309 5118 12).
3340 5047 3456 5103 Non
3472 5049 3634 5112 dixit,

2051 5126 2463 5195 Comprehendi,
2493 5126 2610 5191 sed,
2636 5127 3038 5198 Comprehensus
3065 5152 3196 5189 sum.
3235 5137 3512 5204 Quomodo
3537 5153 3640 5195 au-

2053 5225 2159 5272 tem
2188 5217 2313 5272 dicit
2337 5216 2443 5282 hic,
2471 5217 2607 5284 Quid
2630 5229 2704 5274 est
2729 5222 2918 5278 homo?
2941 5226 3097 5295 Atqui
3127 5226 3262 5280 alius
3276 5227 3420 5293 dicit,
3443 5228 3640 5300 Magna

2052 5329 2131 5366 res
2157 5311 2327 5376 homo,
2351 5319 2397 5365 et
2429 5313 2648 5382 pretiosa
2684 5331 2764 5370 res
2801 5317 2879 5370 uir
2909 5317 3191 5372 misericors
3231 5317 3532 5383 (Pratum.
3556 5323 3640 5392 ϐ).

2057 5403 2126 5458 Ει
2171 5403 2330 5468 alius,
2359 5402 2440 5456 Ad
2465 5404 2862 5475 imaginem'Dei
2899 5409 3016 5479 fecit
3057 5409 3226 5480 ipsum
3254 5410 3404 5484 (Gen.
3435 5415 3488 5470 1.
3516 5415 3639 5488 27).

2054 5493 2284 5549 Sortitus
2309 5503 2393 5548 est
2421 5496 2562 5550 enim
2587 5498 2750 5551 totius
2774 5509 3030 5553 creaturae
3055 5500 3421 5569 prtefecturam
3449 5506 3641 5578 (Eccli.

2058 5586 2144 5641 17.
2170 5585 2246 5655 1).
2280 5584 2417 5639 Sunt
2440 5595 2616 5642 autem
2635 5589 2896 5652 nonnulli,
2914 5590 3106 5660 quibus
3131 5609 3198 5648 ne
3221 5595 3410 5665 dignus
3426 5599 3641 5670 quidem

2055 5686 2171 5733 erat
2200 5675 2430 5731 mundus
2455 5675 2638 5748 (Hebr.
2662 5678 2748 5731 11.
2772 5678 2886 5752 58).
2924 5679 3030 5736 Sed
3075 5683 3164 5738 illa
3191 5687 3404 5756 quidem
3432 5690 3499 5745 de
3525 5691 3638 5746 vir-

2061 5780 2189 5841 tute,
2224 5781 2276 5828 ct
2303 5771 2514 5843 quando
2562 5769 2777 5841 quidam
2821 5771 3068 5835 homines
3111 5795 3227 5836 eam
3275 5783 3646 5840 ostenderint:
