4070 6214
567 303 678 362 159

565 423 667 479 hoc
687 430 886 488 autem,
911 422 1053 490 Quid
1069 432 1146 488 ,est
1173 421 1362 478 homo?
1385 420 1584 476 dictant
1611 427 1694 476 est
1709 418 1779 474 de
1798 427 2007 474 natura.
2038 415 2149 472 hla-

563 530 670 586 gna
700 524 781 570 est
811 515 1042 571 hominis
1064 515 1322 570 natura‘:
1354 528 1543 583 magna
1571 511 1809 581 quidem,
1849 509 1944 566 sed
1984 509 2028 564 si
2059 524 2147 565 re—

541 606 760 675 spicias
785 608 1166 677 cognitionem,
1197 621 1301 678 qua
1335 605 1527 661 donata
1573 603 1693 672 fuit,
1731 603 1887 674 longe
1923 611 2006 659 est
2047 601 2146 658 hac

559 695 804 752 inferior.

632 789 1000 844 Htereticorum
1022 790 1374 861 pra’suntptio.
1411 787 1578 843 Deum
1597 804 1701 843 esse
1727 796 1782 842 ut
1801 787 2142 840 didicerimus.

560 881 860 936 Substantia
889 881 984 934 Dei
1012 883 1156 936 nobis
1186 880 1688 952 ignota.-—-Audiant
1715 879 1951 936 hmretici
1969 893 2028 934 se
2041 877 2144 932 hoc

559 973 737 1027 furore
767 987 887 1028 esse
915 973 1160 1042 percitos,
1182 970 1307 1026 dum
1329 971 1410 1026 sui
1431 969 1650 1025 modum
1675 967 1956 1034 excedunt,
1974 976 2030 1022 et
2051 983 2145 1021 ex.

558 1075 721 1118 trema
751 1063 995 1117 laborare
1026 1063 1320 1126 inscientia,
1339 1063 1464 1116 dum
1482 1061 1666 1116 dicunt
1683 1075 1741 1115 se
1765 1075 1826 1116 ea
1846 1059 2005 1126 scire,
2023 1073 2141 1126 quae

551 1164 678 1207 sunt
711 1154 839 1222 ipsis
865 1153 1138 1223 superiora
1166 1152 1268 1225 (a).
1298 1153 1479 1208 Potest
1504 1152 1648 1208 enim
1668 1165 1791 1208 esse
1810 1150 2138 1222 ignoratioin

551 1243 876 1315 cognitione,
906 1253 960 1298 et
997 1244 1052 1299 in
1081 1244 1412 1315 ignoratione
1455 1243 1720 1314 cognitio:
1749 1251 1805 1298 et
1831 1242 1877 1297 si
1903 1243 2003 1307 vis,
2037 1241 2140 1296 hoc

551 1339 724 1404 ipsum
773 1338 1032 1407 agitemus
1061 1336 1114 1390 in
1145 1329 1304 1391 rebus
1331 1334 1637 1392 sensilibus.
1668 1333 1762 1388 Die
1804 1332 1933 1387 mibi
1972 1332 2135 1394 enim,

548 1427 594 1481 si
626 1428 744 1497 quis
772 1427 911 1482 dicat
936 1441 996 1482 se
1023 1441 1182 1498 posse
1206 1441 1356 1482 mare
1383 1425 1581 1487 metiri.
1617 1433 1674 1480 et
1701 1423 1842 1480 scire
1881 1431 2010 1492 quot
2039 1420 2138 1475 ha-

553 1523 673 1576 beat
691 1521 911 1592 cyathos
936 1537 950 1574 :
973 1535 1152 1576 annon
1171 1529 1256 1576 est
1281 1519 1367 1574 hic
1395 1518 1626 1574 maxime
1653 1516 1746 1587 qui
1771 1515 1980 1587 ignorat
2008 1513 2136 1586 quid

549 1613 618 1666 sit
643 1613 826 1667 mare?
853 1610 956 1678 Qui
979 1620 1158 1667 autem
1177 1610 1308 1666 dicit
1333 1624 1394 1665 se
1419 1608 1651 1675 nescire,
1692 1607 1788 1662 sed
1817 1607 2010 1662 asserit
2034 1622 2136 1661 nu-

547 1718 754 1757 merum
785 1701 900 1772 ejus
923 1717 1042 1758 esse
1068 1701 1368 1758 inﬁnitum:
1396 1702 1444 1756 is
1467 1711 1551 1756 est
1575 1699 1663 1771 qui
1690 1699 1920 1754 maxime
1933 1713 2134 1768 cogno-

547 1793 621 1848 vit
651 1792 776 1862 quid
798 1793 868 1848 sit
894 1807 1063 1848 mare.
1088 1791 1313 1861 Quodsi
1338 1792 1460 1863 quis
1487 1791 1555 1848 de
1582 1791 1690 1847 Deo
1715 1790 1932 1857 dixerit,
1965 1791 2132 1845 Deum

545 1882 677 1950 vidi,
707 1891 760 1938 et
780 1883 915 1938 meis
933 1883 1102 1938 oculis
1130 1883 1480 1954 apprehendi,
1504 1898 1685 1938 annon
1714 1891 1800 1939 est
1823 1883 1869 1937 is
1897 1883 1988 1954 qui
2015 1897 2133 1938 ma-

545 1978 690 2032 xime
717 1978 880 2033 Deum
903 1993 1009 2032 nou
1033 1977 1203 2045 novit,
1233 1977 1322 2048 qui
1347 1992 1491 2043 eum,
1512 1977 1603 2048 qui
1620 1976 1720 2032 sub
1735 1985 2005 2046 aspectum
2025 1989 2130 2030 non

544 2068 708 2131 cadit,
738 2069 866 2123 dicit
895 2083 1016 2124 esse
1043 2068 1446 2140 aspectabilem,
1481 2079 1538 2124 et
1566 2068 1620 2123 in
1643 2067 2006 2122 additamenta
2041 2081 2132 2122 co-

539 2144 798 2231 guitioniti
839 2176 959 2218 eam
997 2175 1230 2232 quoque,
1256 2176 1376 2232 quae
1417 2159 1601 2216 haberi
1631 2167 1826 2230 potest,
1855 2159 2047 2229 eripit?
2072 2158 2129 2212 Si

541 2255 661 2325 quis
680 2267 856 2310 autem
883 2253 1075 2310 dixerit
1103 2269 1230 2310 eum
1254 2253 1356 2308 sub
1380 2252 1550 2308 visum
1583 2267 1689 2306 non
1714 2251 1928 2314 cadere,
1957 2259 2014 2306 et
2034 2265 2128 2306 ne-

541 2347 743 2402 minem
767 2361 888 2401 eum
919 2346 1100 2402 videre
1129 2359 1306 2416 posse,
1334 2360 1512 2399 annon
1541 2345 1587 2399 is
1614 2353 1696 2399 est
1723 2343 1813 2414 qui
1833 2343 1935 2399 scit
1960 2342 2131 2397 maxi-

539 2439 664 2493 me?
688 2438 822 2507 Quid
849 2448 1028 2493 autem
1059 2437 1106 2493 si
1129 2438 1248 2508 quis
1267 2437 1462 2493 dixerit
1479 2452 1601 2492 eum
1621 2435 2002 2506 comprehendi
2020 2451 2126 2491 non

540 2544 718 2600 posse,
741 2529 878 2585 alius
899 2543 1035 2586 vero
1053 2528 1466 2600 comprehendi:
1489 2543 1667 2584 annon
1691 2538 1774 2583 est
1797 2527 1885 2583 hic
1911 2527 2126 2600 quidem

538 2621 628 2691 qui
661 2622 888 2690 ignorat,
916 2620 1004 2676 ille
1032 2636 1160 2676 vero
1185 2620 1274 2690 qui
1295 2621 1478 2674 novit?
1505 2623 1698 2674 Annon
1727 2618 1876 2675 vides
1903 2619 2124 2674 Paulum

535 2726 748 2782 quoque
778 2711 878 2766 hac
904 2712 988 2766 via
1019 2711 1242 2782 ingredi,
1276 2720 1331 2766 et
1354 2711 1551 2778 dicere,
1595 2710 1679 2765 Ea:
1706 2722 1847 2782 parte
1874 2712 2127 2782 cognosci-

536 2819 670 2868 mus,
698 2813 743 2858 et
769 2819 835 2859 ea:
858 2813 1000 2874 parte
1027 2805 1390 2874 propltetamus
1428 2804 1505 2876 (ι.
1542 2802 1662 2860 Cor.
1696 2805 1782 2860 13.
1814 2803 1907 2874 9)?
1930 2805 2122 2860 Consi-

537 2895 665 2949 dera
702 2905 833 2966 qttot
871 2903 930 2952 et
967 2905 1166 2966 quanta
1204 2897 1340 2952 facta
1375 2906 1518 2963 sunt,
1551 2905 1610 2952 ut
1634 2896 1982 2964 disceremus,
2014 2913 2124 2953 non

533 3004 654 3058 quin
681 2989 752 3042 sit
780 2987 870 3042 Dei
907 2988 1226 3056 substantia,
1253 2987 1348 3045 sed
1377 2989 1520 3060 quod
1557 2989 1628 3046 sit
1666 2989 1826 3046 Deus.
1857 2987 1970 3046 Hoc
1993 3003 2123 3060 ergo

535 3078 730 3131 Paulus
750 3093 963 3148 quoque
991 3078 1154 3134 dicit:
1180 3076 1394 3134 Credere
1414 3080 1556 3134 enim
1585 3089 1802 3150 oportet,
1827 3080 2124 3150 inquit,ac-

532 3172 788 3225 cedmtem
815 3172 883 3224 ad
910 3171 1096 3238 Deum,
1127 3173 1246 3240 quia
1283 3183 1358 3227 est
1387 3171 1572 3245 (Hebr.
1613 3173 1700 3228 il.
1729 3173 1805 3244 6).
1833 3173 1972 3229 Eum
1999 3173 2121 3229 uni-

533 3279 686 3317 versa
708 3263 958 3331 prmdicat
976 3273 1222 3318 creatura
1246 3263 1356 3332 (Ea:
1374 3263 1719 3335 magnitudine
1742 3263 1905 3330 enim,
1927 3265 2118 3336 inquit,

530 3367 577 3409 et
603 3354 976 3426 pulchritudine
994 3365 1342 3408 creaturarum
1372 3372 1464 3425 per
1483 3357 1858 3427 proportionem
1889 3358 2121 3412 conside~

531 3457 674 3499 ratur
703 3445 911 3501 Greater
938 3445 1091 3520 [Sap.
1121 3446 1208 3501 13.
1236 3443 1354 3518 5]),
1386 3446 1498 3516 ipsa
1531 3447 1762 3503 hominis
1785 3448 2116 3514 constitutio,

533 3537 766 3593 honores
796 3539 943 3608 quia
992 3539 1105 3593 Deo
1153 3538 1263 3593 dati
1311 3547 1457 3606 sunt,
1506 3539 1785 3610 supplicia,
1836 3540 2116 3605 beneﬁcia,

530 3629 676 3683 varia
711 3629 762 3684 in
790 3645 856 3684 eo
885 3629 1118 3700 regendo
1151 3631 1394 3700 consilia,
1435 3647 1556 3702 qua)
1597 3631 1849 3702 prtedieta
1873 3642 1997 3688 sunt
2023 3649 2119 3703 per

533 3720 841 3790 prophetas,
872 3721 1081 3777 diversa
1106 3723 1383 3778 miracula.
1408 3723 1535 3779 Post
1549 3722 1665 3778 hate
1690 3725 1834 3779 venit
1856 3724 1972 3796 ipse
1987 3725 2118 3782 Uni-

529 3812 762 3883 genitus,
792 3821 845 3868 et
870 3811 1238 3869 admirabilem
1281 3813 1425 3868 illam
1469 3825 1524 3869 et
1560 3815 1877 3886 stupendam
1915 3819 2120 3888 peregit

531 3903 908 3960 (economiam.
938 3903 1008 3959 Et
1033 3914 1207 3960 tamen
1237 3914 1361 3960 sunt
1388 3907 1650 3972 nonnulli,
1671 3907 1760 3976 qui
1785 3907 1926 3978 quod
1950 3909 2120 3964 mani-

535 3997 726 4050 festum
754 4005 834 4052 est
862 3993 1097 4051 nondum
1139 3995 1473 4055 didicerunt:
1510 4006 1565 4054 et
1593 4007 1649 4054 tu
1684 3998 1818 4054 dicis
1867 4009 1919 4056 te
1961 4014 2118 4070 posse

531 4087 744 4157 propria
775 4087 984 4143 ratione
1025 4089 1500 4158 comprehendere,
1552 4107 1783 4162 quanam
1810 4093 1855 4149 is
1884 4093 1955 4149 sit
1981 4095 2112 4151 sub-

531 4179 760 4233 stantia?
789 4181 956 4234 Deum
983 4195 1132 4252 ergo,
1162 4182 1351 4253 inquit,
1383 4182 1630 4253 ignoras?
1655 4186 1840 4253 Absit;
1873 4187 1964 4242 sed
1991 4204 2115 4244 eum

529 4269 745 4340 quidem
773 4285 893 4326 esse
936 4270 1084 4325 scio:
1111 4270 1224 4326 scio
1263 4286 1384 4328 esse
1423 4273 1758 4340 clementem,
1799 4276 2020 4344 bonum,
2063 4290 2119 4336 et

531 4357 954 4424 misericordem,
1003 4359 1392 4429 providentem,
1438 4371 1492 4416 et
1532 4365 1768 4418 omnium
1817 4382 1996 4422 curam
2027 4384 2119 4439 ge-

528 4457 758 4515 rentem,
789 4458 842 4504 et
863 4463 1213 4520 qua-cumque
1231 4450 1331 4505 alia
1359 4449 1907 4525 dixeruntScriptura:
1927 4476 1942 4512 :
1966 4460 2122 4528 quid-

533 4556 654 4594 uam
683 4541 751 4594 sit
778 4549 955 4594 autem
971 4540 1264 4594 substantia
1291 4541 1409 4610 Dei,
1429 4559 1534 4598 non
1551 4545 1696 4598 novi.
1725 4547 1892 4601 Adam
1910 4564 2118 4618 quodue

533 4632 814 4699 putavitse
853 4646 1010 4701 posse
1050 4629 1166 4702 plus
1207 4633 1468 4699 invenire,
1502 4650 1786 4704 persuasus
1812 4653 1842 4693 a
1873 4637 2115 4706 diabolo;

532 4730 588 4775 et
615 4721 672 4776 id
694 4724 852 4778 etiam
897 4723 1042 4794 quod
1085 4721 1286 4792 habuit,
1321 4725 1570 4796 perdidit.
1618 4728 1769 4796 Quod
1798 4730 1881 4785 his
1905 4747 2117 4804 quoque

532 4813 732 4880 evenit,
762 4814 890 4870 dum
913 4815 1180 4871 ducuntur
1207 4817 1456 4873 humanis
1483 4821 1795 4887 rationibus,
1823 4834 1996 4880 etnon
2019 4843 2114 4880 au-

531 4906 686 4959 diunt
725 4905 1004 4963 Dominum
1031 4907 1159 4964 dare
1187 4907 1522 4978 sapientiam,
1553 4920 1606 4966 et
1630 4928 1658 4966 a
1692 4909 1822 4970 facie
1859 4915 1976 4985 ejus
1999 4931 2118 4972 esse

531 4997 808 5052 scientiam
835 5005 890 5054 et
918 4997 1312 5070 intelligentiam
1353 4995 1531 5068 (Prov.
1563 5005 1616 5058 2.
1647 5005 1725 5076 b).
1753 5006 1866 5060 Non
1896 5008 2118 5064 audiunt

531 5085 755 5144 Paulum
779 5090 1069 5156 dicentem,
1090 5087 1192 5147 Per
1213 5091 1464 5162 Spiritum
1484 5098 1717 5152 reuelauit
1735 5099 1876 5154 nobis
1900 5100 1946 5171 (l
1961 5141 1975 5154 .
1997 5100 2113 5156 Cor.

531 5183 588 5237 2.
616 5182 726 5256 10),
754 5193 809 5238 et
837 5183 1072 5240 rationes
1092 5183 1470 5256 expellentem.
1499 5185 1760 5256 Rationes,
1802 5191 1993 5263 inquit,
2025 5193 2116 5248 de-

532 5287 800 5347 struentes,
826 5289 876 5336 et
910 5296 1107 5334 omnem
1135 5281 1469 5347 altitudinem,
1509 5299 1622 5354 qua:
1645 5284 1853 5354 erigitur
1880 5287 2119 5342 adversus

534 5374 792 5430 Scientiam
821 5373 919 5430 Dei
947 5371 1024 5448 (2.
1050 5371 1169 5431 Cor.
1201 5374 1288 5431 10o.
1426 5365 1491 5434 Et
1519 5376 1654 5433 alius
1677 5379 1912 5450 sapiens,
1939 5381 2122 5438 Ratio-

613 5489 626 5516 ι
657 5490 944 5559 (ςτςθρερεαὶ
966 5493 1056 5553 μὴν
1078 5493 1216 5559 καὶ-ἠ.
1235 5493 1379 5559 quiete
1397 5495 1596 5556 μιγά).η,
1622 5496 1956 5559 interrogandi
1983 5512 2120 5548 more

549 5547 818 5624 ilcrvetus,
843 5547 1082 5624 tinguant:
1103 5557 1174 5624 est
1197 5547 1408 5624 hominis
1425 5547 1645 5607 natura?
1681 5547 1867 5609 Veruin
1891 5558 1971 5610 hic
2009 5547 2120 5611 nul;

551 5609 647 5677 tam
667 5622 783 5677 esse
809 5609 948 5673 pntn'
970 5612 1427 5677 interrogationem.

617 5670 687 5735 la)
718 5670 974 5740 lliclnotat
997 5670 1277 5740 Δηριηᾶνοε,
1307 5677 1391 5740 qui
1416 5680 1645 5732 dicebant
1667 5696 1722 5732 se
1757 5696 1900 5737 nosse
1938 5683 2122 5740 Filium

556 5727 648 5781 Dei
666 5733 871 5792 perinde
897 5739 1045 5798 atque
1068 5736 1175 5801 ipse
1202 5727 1430 5794 se'm'ivit.

1352 307 1410 363 s.
1449 304 1732 362 JOANNlS
1763 301 2232 358 CHRYSUSTOMI
2272 301 2591 359 ARCHIEP.
2629 263 3159 366 CONSTANTINOP.

3757 319 3870 377 460

2267 431 2357 469 nes
2383 414 2642 470 hominum
2669 419 2880 484 timidis,
2905 431 2952 476 et
2973 421 3152 478 labiles
3170 424 3475 480 inventiones
3494 442 3674 482 eorum
3697 428 3864 500 (Sep.

2265 503 2319 558 9.
2361 504 2440 574 5).
2470 505 2607 572 Quid
2634 517 2705 562 est
2732 511 2898 574 homo,
2932 512 3050 579 quia
3094 512 3354 569 innotuisti
3391 516 3486 571 ei!
3505 517 3687 576 Mente
3715 523 3864 592 agit:

2258 596 2521 652 infinitam
2551 597 2694 654 illam
2721 603 3170 671 magnitudinem;
3195 606 3303 662 imo
3331 623 3458 663 vero
3485 626 3553 667 ne
3574 626 3704 667 cum
3729 629 3858 670 eam

2258 687 2472 758 quidem
2506 687 2648 757 dico,
2690 691 2882 762 loquor
2927 707 3025 763 pro
3069 695 3160 750 Dei
3204 697 3491 767 dignitate;
3536 703 3633 758 sed
3664 709 3864 760 nescio

2251 779 2520 850 quomodo
2549 780 2768 852 loquar:
2794 799 2968 854 neque
2987 786 3128 840 enim
3149 787 3194 842 si
3219 789 3643 860 magnitudinem
3667 795 3726 849 in
3743 795 3863 850 Deo

2251 871 2512 938 dicamus,
2543 875 2756 944 preprie
2787 875 3072 947 loquimur.
3097 879 3202 936 Sed
3228 882 3478 951 quoniam
3506 901 3616 940 non
3647 902 3860 956 possu-

2250 977 2370 1017 mus
2398 963 2554 1020 aliter
2577 964 2742 1036 loqui,
2785 966 2850 1020 iis
2890 967 3070 1022 verbis
3102 970 3294 1040 quibus
3333 971 3488 1028 licuit
3522 991 3655 1031 usus
3701 993 3856 1032 sum.

2246 1053 2380 1108 Nam
2405 1069 2526 1109 cum
2552 1069 2676 1110 eum
2693 1071 2904 1126 quoque
2928 1074 3060 1114 voco
3077 1061 3429 1130 Altissimum,
3453 1080 3560 1120 non
3577 1082 3708 1122 eum
3732 1069 3856 1124 loco

2245 1145 2663 1202 circumscribe:
2692 1141 2788 1202 sed
2813 1149 2928 1218 ejus
2957 1159 3162 1206 natura:
3201 1153 3537 1210 altitudinem
3581 1167 3639 1212 et
3685 1161 3855 1228 maje-

2245 1246 2456 1306 statem,
2508 1254 2626 1308 qua:
2668 1239 2862 1311 ubique
2890 1241 3079 1298 diffusa
3109 1253 3210 1310 est,
3250 1255 3306 1302 et
3348 1251 3524 1303 omnia
3567 1254 3849 1322 pervadit,

2242 1329 2494 1385 ostendo.
2525 1330 2596 1385 Et
2623 1331 2742 1386 ideo
2770 1331 2918 1397 dicit,
2954 1333 3092 1399 Quid
3118 1345 3192 1390 est
3227 1336 3398 1403 homo,
3429 1341 3546 1410 quia
3575 1343 3852 1399 innotuiin

2241 1421 2288 1474 ei
2302 1420 2329 1474 ?
2353 1421 2640 1491 Propterea
2684 1423 2828 1478 enim
2867 1441 2990 1480 eum
3032 1442 3246 1499 quoque
3291 1429 3418 1486 fecit
3459 1431 3754 1504 humilem,
3795 1449 3852 1493 et

2241 1527 2432 1584 magna
2461 1512 2512 1567 ei
2541 1513 2760 1584 largitus
2780 1525 2882 1579 est,
2914 1532 2983 1572 ne
3006 1520 3379 1587 extolleretur,
3409 1539 3528 1578 cum
3554 1535 3618 1580 ut
3635 1542 3702 1582 se
3723 1544 3848 1582 mo-

2241 1605 2426 1661 derate
2453 1615 2624 1676 gerat,
2652 1623 2896 1678 magnam
2924 1611 3299 1668 necessitatem
3320 1613 3507 1670 aﬂ’erat
3531 1626 3752 1674 natura
3770 1621 3852 1675 ri-

2239 1695 2381 1751 litas.
2427 1697 2529 1750 Aut
2558 1698 2696 1766 ﬁlius
2745 1699 2984 1770 heminis,
3021 1703 3141 1772 quia
3181 1715 3387 1776 reputas
3433 1710 3592 1764 eum?
3640 1710 3847 1768 Vidisti

2237 1796 2431 1858 quanta
2455 1789 2525 1843 sit
2551 1790 2644 1844 Dei
2673 1799 2878 1847 natura;
2907 1794 3194 1862 majestas?
3240 1797 3294 1852 4.
3327 1797 3496 1853 Homo
3519 1803 3746 1856 vanitati
3771 1806 3850 1859 si-

2237 1879 2374 1933 milis
2403 1883 2566 1950 factus
2595 1890 2686 1936 est.
2713 1883 2866 1938 Alius
2891 1892 3069 1940 autem
3090 1885 3383 1958 interpres,
3412 1887 3658 1960 Vanitati,
3677 1894 3847 1960 dixit,

2245 1968 2454 2041 Vapori.
2481 1970 2622 2027 Nihil
2660 1981 2838 2029 autem
2883 1975 3145 2045 signiﬁcat
3184 1977 3350 2045 aliud,
3392 1977 3646 2051 Vanitati,
3669 1999 3848 2054 quam

2235 2075 2358 2115 eum
2388 2075 2508 2117 esse
2533 2061 2814 2130 caducum,
2847 2073 3276 2135 temporaneum,
3305 2076 3363 2123 et
3387 2070 3508 2125 vine
3536 2071 3753 2130 brevis.
3785 2075 3848 2132 In

2235 2149 2337 2206 hoc
2361 2143 2480 2207 loco
2509 2161 2764 2208 tractatur
2789 2153 2857 2210 de
2883 2170 3130 2226 corpore.
3161 2158 3226 2212 Et
3252 2157 3376 2216 ideo
3401 2160 3613 2218 dicebat
3653 2165 3845 2220 Abra-

2233 2239 2378 2310 ham,
2409 2243 2521 2327 Ego
2564 2255 2732 2300 autem
2767 2255 2902 2301 terra
2930 2258 2978 2302 et
3006 2249 3134 2304 cinis
3176 2249 3328 2320 (Gen.
3367 2253 3456 2309 i8.
3494 2253 3624 2327 27);
3669 2255 3846 2314 Isaias

2231 2343 2432 2418 autem,
2463 2323 2640 2390 Omnis
2659 2351 2778 2390 caro
2799 2341 3012 2408 fanum,
3036 2351 3082 2393 et
3103 2339 3269 2412 gloria
3285 2344 3394 2414 ejus
3415 2323 3694 2416 quasi'ﬂos
3714 2349 3846 2418 {cui

2234 2417 2386 2498 (Isai.
2418 2421 2506 2484 £0.
2540 2427 2618 2500 6).
2649 2428 2785 2497 Quid
2813 2438 2892 2485 est
2919 2439 3124 2497 autem,
3178 2432 3405 2491 Vanitati
3445 2437 3632 2494 similis
3663 2417 3842 2511 {actus

2230 2519 2342 2573 est?
2365 2517 2562 2587 Nihilo,
2583 2519 2794 2591 inquit:
2825 2537 3004 2578 rerum
3027 2525 3173 2580 enim
3202 2525 3556 2584 humanarum
3589 2531 3735 2587 nihil
3755 2543 3842 2590 est

2229 2608 2440 2664 ﬁrmum
2485 2625 2585 2665 nec
2627 2611 2842 2679 stabile,
2869 2613 2964 2669 sed
2991 2615 3174 2671 omnia
3204 2626 3484 2675 transeunt
3518 2629 3579 2676 et
3606 2632 3841 2691 praeter-

2227 2709 2468 2756 currunt.
2497 2699 2619 2754 Dies
2647 2701 2757 2772 ejus
2781 2701 2910 2756 sicut
2939 2705 3117 2760 umbra
3139 2717 3476 2778 prtetemmt;
3503 2709 3612 2768 hoc
3625 2723 3739 2780 est,
3757 2714 3841 2772 Ne

2227 2791 2443 2862 quando
2471 2791 2688 2862 quidem
2714 2791 2928 2861 adsunt,
2961 2794 3123 2852 ullam
3163 2798 3272 2853 vim
3300 2798 3518 2869 habent,
3561 2802 3664 2860 sed
3691 2807 3842 2863 cele-

2225 2883 2359 2940 riter
2375 2883 2608 2939 avolant.

2297 2970 2351 3032 3.
2383 2974 2438 3030 ld
2469 2987 2645 3031 autem
2685 2977 2966 3034 considera
2995 2977 3049 3036 in
3085 2981 3248 3038 rebus
3276 2982 3429 3054 ipsis,
3467 3000 3567 3042 eos
3603 2991 3758 3058 apud
3785 2999 3840 3047 te

2224 3067 2488 3138 cogitans,
2536 3069 2626 3138 qui
2666 3078 2790 3125 sunt
2820 3073 3135 3130 auctoritate
3175 3074 3406 3146 prtediti,
3435 3078 3527 3149 qui
3572 3083 3839 3139 curribus

2224 3159 2511 3229 vehuntur,
2541 3159 2631 3232 qui
2673 3163 3017 3234 magistratus
3039 3175 3256 3238 gerunt,
3306 3171 3400 3240 qui
3441 3171 3498 3228 in
3540 3186 3836 3229 carcerem

2223 3250 2532 3320 conjiciunt,
2565 3261 2618 3308 et
2641 3250 2821 3324 ﬂagris
2844 3255 3082 3311 caedunt.
3112 3258 3250 3327 Quid
3275 3261 3418 3316 enim
3435 3260 3510 3316 illi
3533 3262 3607 3318 ab
3634 3265 3841 3321 umbra

2222 3337 2496 3411 ditl‘erunt,
2525 3359 2632 3399 non
2653 3345 2829 3401 solum
2850 3354 3092 3419 tempore
3136 3351 3326 3407 mortis
3347 3393 3364 3418 ,
3394 3353 3488 3408 sed
3513 3355 3684 3410 etiam
3704 3365 3840 3413 ante

2224 3433 2493 3488 mortem?
2539 3435 2765 3502 Quando
2793 3438 2938 3493 enim
2965 3441 3307 3512 magistratus
3331 3439 3710 3516 deposuerint,
3741 3447 3840 3505 illa

2223 3527 2403 3580 omnia
2449 3527 2672 3582 omnino
2703 3540 2933 3599 pereunt
2971 3541 3028 3588 et
3050 3535 3267 3591 avolant
3292 3554 3307 3591 :
3336 3553 3424 3594 res
3452 3549 3638 3596 autem
3675 3555 3834 3597 vera

2223 3627 2350 3672 sunt
2376 3629 2656 3690 postquam
2687 3619 2812 3679 hinc
2837 3627 3227 3684 excesserimus
3255 3646 3278 3684 ε
3297 3644 3421 3686 vera
3448 3639 3576 3688 tunc
3615 3633 3830 3691 redde-

2225 3717 2310 3763 tur
2334 3707 2494 3776 ralio,
2527 3725 2653 3766 vera
2680 3722 2840 3769 erunt
2862 3717 3143 3786 supplicia,
3171 3727 3228 3775 et
3253 3720 3393 3776 bona
3423 3723 3682 3780 similiter
3717 3744 3737 3782 ε
3773 3737 3834 3783 et

2217 3801 2382 3872 judex
2411 3813 2498 3859 est
2533 3807 2623 3875 qui
2669 3806 2892 3865 minime
2929 3808 3038 3866 falli
3088 3821 3284 3882 potest.
3321 3814 3460 3883 the
3499 3827 3692 3872 autem
3741 3820 3836 3876 hie

2224 3895 2377 3961 ﬁunt,
2407 3905 2533 3952 sunt
2560 3897 2755 3952 similia
2787 3901 2970 3970 pueris
2988 3901 3316 3960 ludentibus.
3344 3906 3445 3974 Qui
3476 3908 3626 3963 enim
3651 3909 3830 3966 hodie

2217 3987 2442 4058 judicat,
2469 3987 2556 4044 die
2585 3990 2820 4046 crastino
2843 3991 3132 4062 iudicatur,
3157 3995 3448 4068 densaque
3472 4005 3527 4053 et
3556 3999 3832 4070 frequen-

2223 4087 2304 4132 tes
2325 4087 2449 4133 sunt
2477 4094 2657 4135 rerum
2689 4083 3032 4149 mutationes,
3050 4096 3105 4140 et
3134 4086 3424 4158 inmqnales
3453 4091 3747 4146 transitus.
3771 4094 3830 4148 5.

2222 4169 2460 4237 Domine,
2488 4172 2679 4227 inclina
2704 4174 2854 4230 cwlos
2877 4187 3013 4245 tuos,
3040 4187 3088 4233 et
3104 4179 3367 4235 descende.
3399 4180 3574 4253 Tange
3598 4194 3830 4251 montes,

2222 4271 2271 4316 et
2299 4265 2641 4335 fumigabunt.
2674 4267 2844 4335 Alius,
2876 4268 3003 4326 Cum
3026 4272 3281 4328 inclinasti
3313 4276 3465 4330 caelos
3489 4286 3628 4344 tuos,
3649 4288 3708 4333 et
3737 4280 3832 4335 de-

2222 4352 2478 4416 scendisti,
2501 4364 2549 4408 et
2573 4357 2774 4425 tetigisti
2800 4369 3013 4424 montes,
3061 4362 3438 4436 {umigauerunt
3459 4365 3560 4439 (a).
3589 4369 3657 4423 Et
3679 4385 3832 4440 qur-

2222 4451 2343 4498 nam
2356 4453 2437 4499 est
2451 4444 2568 4502 hare
2579 4447 2858 4505 verborum
2871 4455 3037 4507 series
3047 4453 3074 4506 ?
3086 4452 3268 4524 Magna
3281 4465 3446 4524 certe,
3460 4466 3514 4513 et
3524 4473 3646 4529 qua:
3657 4461 3834 4517 valde

2222 4528 2460 4590 cohwret
2485 4537 2774 4604 prioribus.
2803 4539 3064 4608 Quoniam
3094 4544 3236 4600 enim
3266 4545 3336 4602 de
3351 4528 3824 4605 vilitateihumaua

2224 4627 2474 4696 loquutus
2517 4639 2622 4696 est,
2655 4639 2710 4686 ct
2733 4633 2966 4688 ostendit
2994 4651 3153 4706 quam
3181 4637 3253 4693 sit
3280 4648 3470 4696 natura
3491 4643 3648 4698 nihili
3682 4660 3698 4695 :
3735 4644 3832 4700 hic

2224 4734 2410 4773 rursus
2432 4718 2671 4775 refrenat
2706 4738 2771 4779 ac
2811 4726 3057 4796 reprimit
3076 4729 3406 4787 tumidarum
3445 4708 3832 4806 arrogaritiam

2224 4823 2320 4899 per
2339 4825 2400 4865 ea
2419 4826 2537 4881 quae
2551 4812 2846 4883 subiunxit,
2868 4816 2970 4874 hoc
2991 4821 3379 4890 propemodum
3396 4823 3613 4882 dicens:
3637 4826 3833 4899 Opor—
3915 4829 3920 4838 “

2225 4895 2370 4954 iebat
2395 4899 2610 4972 quidem
2638 4904 2784 4972 ipsos
2809 4923 2876 4962 ex
2903 4909 3094 4979 seipsis
3120 4914 3426 4983 perspicere
3448 4927 3662 4974 natura
3694 4895 3836 4976 vili—

2226 5002 2412 5059 tatem,
2441 5002 2495 5048 et
2523 5009 2626 5050 non
2649 4997 2749 5050 sibi
2793 4997 3006 5067 placere
3030 5043 3045 5066 ,
3089 5017 3418 5076 magnosque
3456 5008 3689 5078 spiritus
3739 5028 3841 5066 su-

2227 5100 2406 5149 rtu-re:
2435 5085 2533 5140 sed
2577 5089 2826 5155 quoniam
2858 5094 3045 5147 nolunt
3064 5136 3081 5158 ,
3107 5108 3171 5150 ex
3199 5093 3352 5152 factis
3374 5099 3477 5154 tuis
3501 5102 3840 5160 ostettdejd

2225 5185 2478 5245 quantam
2510 5175 2864 5234 humilitatem
2889 5197 2975 5238 res
3003 5199 3189 5240 eorum
3218 5187 3496 5244 redierint.

2297 5263 2437 5324 Deus
2467 5270 2720 5337 quomodo
2747 5273 2944 5328 dicatur
2985 5275 3283 5334 descendere
3306 5288 3351 5334 et
3371 5290 3597 5353 tangere.
3630 5282 3842 5340 Manus

2228 5357 2322 5413 Dei
2343 5355 2483 5431 quid.
2506 5360 2673 5416 Alieni
2693 5363 2788 5430 ﬁlii
2807 5366 2892 5434 qui
2915 5376 3050 5421 sunt.
3068 5369 3370 5425 —Domine
3388 5411 3405 5436 ,
3447 5373 3642 5428 inclina
3671 5377 3842 5432 cales

2227 5463 2360 5515 tuos,
2392 5463 2439 5507 et
2485 5455 2747 5510 descende.
2792 5455 2904 5513 lloc
2945 5459 3094 5525 dicit,
3124 5477 3228 5518 non
3255 5464 3397 5534 quod
3424 5464 3566 5522 Deus
3591 5457 3844 5525 deama-

2226 5541 2317 5598 dat
2348 5563 2358 5597 :
2385 5545 2655 5614 quomodo
2681 5547 2822 5602 enim
2851 5549 3220 5620 descenderet,
3251 5556 3342 5624 qui
3364 5557 3561 5627 ubiqtte
3576 5559 3848 5628 praesens

2229 5635 2351 5689 est?
2399 5638 2491 5690 sed
2553 5645 2611 5690 ut
2668 5653 2762 5707 per
2829 5638 3130 5709 hujusmodi
3190 5644 3448 5700 humanas
3511 5647 3846 5720 dictiones.

2291 5769 2364 5832 (a)
2400 5775 2506 5821 Haec
2531 5769 2677 5820 lectio
2703 5771 2842 5835 cujus
2865 5774 3149 5839 interpretis
3166 5779 3229 5830 sit
3253 5779 3520 5844 ignoratus.
