  <div class='ocr_page' id='page_1' title='image "/cluster/home/n/w/nwhite01/storage/ocr_20150623/55/hvd.32044054086814/457.png"; bbox 0 0 4070 6214; ppageno 0'>
   <div class='ocr_carea' id='block_1_1' title="bbox 552 301 651 357">
    <p class='ocr_par' dir='ltr' id='par_1_1' title="bbox 552 301 651 357">
     <span class='ocr_line' id='line_1_1' title="bbox 552 301 651 357; baseline 0 -1"><span class='ocrx_word' id='word_1_1' title='bbox 552 301 651 357; x_wconf 68' lang='grc' dir='ltr'><strong>ιει</strong></span> 
     </span>
    </p>
   </div>
   <div class='ocr_carea' id='block_1_2' title="bbox 554 416 2123 491">
    <p class='ocr_par' dir='ltr' id='par_1_2' title="bbox 554 416 2123 491">
     <span class='ocr_line' id='line_1_2' title="bbox 554 416 2123 491; baseline -0.002 -18"><span class='ocrx_word' id='word_1_2' title='bbox 554 421 656 490; x_wconf 87' lang='grc' dir='ltr'><strong>τῆς</strong></span> <span class='ocrx_word' id='word_1_3' title='bbox 675 419 837 491; x_wconf 81' lang='grc' dir='ltr'><strong>ἁφῆς,</strong></span> <span class='ocrx_word' id='word_1_4' title='bbox 865 421 913 474; x_wconf 84' lang='grc' dir='ltr'><strong>εί</strong></span> <span class='ocrx_word' id='word_1_5' title='bbox 930 419 1023 475; x_wconf 72' lang='grc' dir='ltr'><strong>καὶ</strong></span> <span class='ocrx_word' id='word_1_6' title='bbox 1051 419 1201 474; x_wconf 74' lang='grc' dir='ltr'><strong>δοκεῖ</strong></span> <span class='ocrx_word' id='word_1_7' title='bbox 1234 420 1375 490; x_wconf 99' lang='grc' dir='ltr'><strong>μέγα</strong></span> <span class='ocrx_word' id='word_1_8' title='bbox 1401 416 1562 481; x_wconf 73' lang='grc' dir='ltr'><strong>εἶναι,</strong></span> <span class='ocrx_word' id='word_1_9' title='bbox 1594 416 1731 473; x_wconf 88' lang='grc' dir='ltr'><strong>ἀλλά</strong></span> <span class='ocrx_word' id='word_1_10' title='bbox 1755 417 1889 472; x_wconf 86' lang='grc' dir='ltr'><strong>πολύ</strong></span> <span class='ocrx_word' id='word_1_11' title='bbox 1913 417 2009 488; x_wconf 84' lang='grc' dir='ltr'><strong>τῆς</strong></span> <span class='ocrx_word' id='word_1_12' title='bbox 2028 416 2123 471; x_wconf 89' lang='grc' dir='ltr'><strong>τοῦ</strong></span> 
     </span>
    </p>
   </div>
   <div class='ocr_carea' id='block_1_3' title="bbox 557 499 2129 574">
    <p class='ocr_par' dir='ltr' id='par_1_3' title="bbox 557 499 2129 574">
     <span class='ocr_line' id='line_1_3' title="bbox 557 499 2129 574; baseline -0.001 -21"><span class='ocrx_word' id='word_1_13' title='bbox 557 501 693 555; x_wconf 78' lang='grc' dir='ltr'><strong>Θεοῦ</strong></span> <span class='ocrx_word' id='word_1_14' title='bbox 735 501 892 568; x_wconf 79' lang='grc' dir='ltr'><strong>ἀξίας</strong></span> <span class='ocrx_word' id='word_1_15' title='bbox 934 501 1378 574; x_wconf 86' lang='grc' dir='ltr'><strong>καταδεέστερον.</strong></span> <span class='ocrx_word' id='word_1_16' title='bbox 1429 500 1566 555; x_wconf 76' lang='grc' dir='ltr'><strong>Οὐδὲ</strong></span> <span class='ocrx_word' id='word_1_17' title='bbox 1604 501 1710 572; x_wconf 83' lang='grc' dir='ltr'><strong>γάρ</strong></span> <span class='ocrx_word' id='word_1_18' title='bbox 1739 500 1885 570; x_wconf 77' lang='grc' dir='ltr'><strong>ἁφῆς</strong></span> <span class='ocrx_word' id='word_1_19' title='bbox 1927 501 1957 552; x_wconf 90' lang='lat'><strong>6</strong></span> <span class='ocrx_word' id='word_1_20' title='bbox 1996 499 2129 561; x_wconf 74' lang='grc' dir='ltr'><strong>Θεὸς</strong></span> 
     </span>
    </p>
   </div>
   <div class='ocr_carea' id='block_1_4' title="bbox 558 580 2131 657">
    <p class='ocr_par' dir='ltr' id='par_1_4' title="bbox 558 580 2131 657">
     <span class='ocr_line' id='line_1_4' title="bbox 558 580 2131 657; baseline -0.002 -20"><span class='ocrx_word' id='word_1_21' title='bbox 558 583 746 653; x_wconf 80' lang='grc' dir='ltr'><strong>χρείαν</strong></span> <span class='ocrx_word' id='word_1_22' title='bbox 796 582 930 654; x_wconf 79' lang='grc' dir='ltr'><strong>ἔχει,</strong></span> <span class='ocrx_word' id='word_1_23' title='bbox 975 584 1064 638; x_wconf 84' lang='grc' dir='ltr'><strong>ῖνα</strong></span> <span class='ocrx_word' id='word_1_24' title='bbox 1111 583 1351 657; x_wconf 84' lang='grc' dir='ltr'><strong>καπνίσῃ</strong></span> <span class='ocrx_word' id='word_1_25' title='bbox 1382 583 1451 636; x_wconf 74' lang='grc' dir='ltr'><strong>τά</strong></span> <span class='ocrx_word' id='word_1_26' title='bbox 1486 582 1610 653; x_wconf 80' lang='grc' dir='ltr'><strong>ὅρη,</strong></span> <span class='ocrx_word' id='word_1_27' title='bbox 1665 583 1867 653; x_wconf 80' lang='grc' dir='ltr'><strong>μᾶλλον</strong></span> <span class='ocrx_word' id='word_1_28' title='bbox 1911 581 1970 635; x_wconf 86' lang='grc' dir='ltr'><strong>δέ</strong></span> <span class='ocrx_word' id='word_1_29' title='bbox 2012 580 2131 634; x_wconf 73' lang='grc' dir='ltr'><strong>οὐδὲ</strong></span> 
     </span>
    </p>
   </div>
   <div class='ocr_carea' id='block_1_5' title="bbox 560 663 2131 738">
    <p class='ocr_par' dir='ltr' id='par_1_5' title="bbox 560 663 2131 738">
     <span class='ocr_line' id='line_1_5' title="bbox 560 663 2131 738; baseline -0.002 -17"><span class='ocrx_word' id='word_1_30' title='bbox 560 666 853 735; x_wconf 84' lang='grc' dir='ltr'><strong>νεύματος,</strong></span> <span class='ocrx_word' id='word_1_31' title='bbox 894 667 1032 720; x_wconf 84' lang='grc' dir='ltr'><strong>ἀλλά</strong></span> <span class='ocrx_word' id='word_1_32' title='bbox 1081 665 1278 738; x_wconf 75' lang='grc' dir='ltr'><strong>βουλῆς</strong></span> <span class='ocrx_word' id='word_1_33' title='bbox 1313 666 1408 720; x_wconf 62' lang='grc' dir='ltr'><strong>καὶ⁸</strong></span> <span class='ocrx_word' id='word_1_34' title='bbox 1439 665 1726 736; x_wconf 80' lang='grc' dir='ltr'><strong>θελήσεως.</strong></span> <span class='ocrx_word' id='word_1_35' title='bbox 1746 663 1930 718; x_wconf 86' lang='grc' dir='ltr'><strong>Είπὼν</strong></span> <span class='ocrx_word' id='word_1_36' title='bbox 1952 668 2131 718; x_wconf 85' lang='grc' dir='ltr'><strong>τοίνυν</strong></span> 
     </span>
    </p>
   </div>
   <div class='ocr_carea' id='block_1_6' title="bbox 558 746 2130 820">
    <p class='ocr_par' dir='ltr' id='par_1_6' title="bbox 558 746 2130 820">
     <span class='ocr_line' id='line_1_6' title="bbox 558 746 2130 820; baseline -0.002 -17"><span class='ocrx_word' id='word_1_37' title='bbox 558 751 690 820; x_wconf 80' lang='grc' dir='ltr'><strong>περὶ</strong></span> <span class='ocrx_word' id='word_1_38' title='bbox 714 749 816 820; x_wconf 78' lang='grc' dir='ltr'><strong>τῆς</strong></span> <span class='ocrx_word' id='word_1_39' title='bbox 845 749 1116 812; x_wconf 81' lang='grc' dir='ltr'><strong>εὐτελείας</strong></span> <span class='ocrx_word' id='word_1_40' title='bbox 1133 748 1228 802; x_wconf 91' lang='grc' dir='ltr'><strong>τοῦ</strong></span> <span class='ocrx_word' id='word_1_41' title='bbox 1258 749 1564 820; x_wconf 85' lang='grc' dir='ltr'><strong>ἀνθρώπου,</strong></span> <span class='ocrx_word' id='word_1_42' title='bbox 1593 747 1738 816; x_wconf 82' lang='grc' dir='ltr'><strong>λέγει</strong></span> <span class='ocrx_word' id='word_1_43' title='bbox 1760 747 1855 801; x_wconf 64' lang='grc' dir='ltr'><strong>καὶ⁵</strong></span> <span class='ocrx_word' id='word_1_44' title='bbox 1877 746 2005 818; x_wconf 81' lang='grc' dir='ltr'><strong>περὶ</strong></span> <span class='ocrx_word' id='word_1_45' title='bbox 2030 747 2130 817; x_wconf 84' lang='grc' dir='ltr'><strong>τῆς</strong></span> 
     </span>
    </p>
   </div>
   <div class='ocr_carea' id='block_1_7' title="bbox 558 823 2126 902">
    <p class='ocr_par' dir='ltr' id='par_1_7' title="bbox 558 823 2126 902">
     <span class='ocr_line' id='line_1_7' title="bbox 558 823 2126 902; baseline -0.003 -17"><span class='ocrx_word' id='word_1_46' title='bbox 558 823 843 902; x_wconf 74' lang='grc' dir='ltr'><strong>δυνάμεως</strong></span> <span class='ocrx_word' id='word_1_47' title='bbox 882 830 976 884; x_wconf 91' lang='grc' dir='ltr'><strong>τοῦ</strong></span> <span class='ocrx_word' id='word_1_48' title='bbox 1005 830 1138 885; x_wconf 90' lang='grc' dir='ltr'><strong>Θεοῦ</strong></span> <span class='ocrx_word' id='word_1_49' title='bbox 1158 871 1174 894; x_wconf 93' lang='grc'><strong>,</strong></span> <span class='ocrx_word' id='word_1_50' title='bbox 1217 830 1294 895; x_wconf 85' lang='grc' dir='ltr'><strong>ὡς</strong></span> <span class='ocrx_word' id='word_1_51' title='bbox 1337 829 1608 902; x_wconf 81' lang='grc' dir='ltr'><strong>ἀνθρώπῳ</strong></span> <span class='ocrx_word' id='word_1_52' title='bbox 1657 829 1880 882; x_wconf 82' lang='grc' dir='ltr'><strong>δυνατὸν</strong></span> <span class='ocrx_word' id='word_1_53' title='bbox 1922 829 2126 882; x_wconf 84' lang='grc' dir='ltr'><strong>εἰπεῖν·</strong></span> 
     </span>
    </p>
   </div>
   <div class='ocr_carea' id='block_1_8' title="bbox 560 910 2155 984">
    <p class='ocr_par' dir='ltr' id='par_1_8' title="bbox 560 910 2155 984">
     <span class='ocr_line' id='line_1_8' title="bbox 560 910 2155 984; baseline 0.003 -16"><span class='ocrx_word' id='word_1_54' title='bbox 560 915 686 969; x_wconf 74' lang='grc' dir='ltr'><strong>ἐπεὶ</strong></span> <span class='ocrx_word' id='word_1_55' title='bbox 735 915 828 968; x_wconf 75' lang='grc' dir='ltr'><strong>καὶ</strong></span> <span class='ocrx_word' id='word_1_56' title='bbox 870 913 1043 968; x_wconf 89' lang='grc' dir='ltr'><strong>ταῦτα</strong></span> <span class='ocrx_word' id='word_1_57' title='bbox 1086 913 1221 968; x_wconf 87' lang='grc' dir='ltr'><strong>πολύ</strong></span> <span class='ocrx_word' id='word_1_58' title='bbox 1263 913 1560 969; x_wconf 88' lang='grc' dir='ltr'><strong>ἀποδέοντα</strong></span> <span class='ocrx_word' id='word_1_59' title='bbox 1599 915 1699 984; x_wconf 83' lang='grc' dir='ltr'><strong>τῆς</strong></span> <span class='ocrx_word' id='word_1_60' title='bbox 1741 910 2155 982; x_wconf 51' lang='grc' dir='ltr'><strong>μεγαλωσύνη(</strong></span> 
     </span>
    </p>
   </div>
   <div class='ocr_carea' id='block_1_9' title="bbox 560 994 2127 1068">
    <p class='ocr_par' dir='ltr' id='par_1_9' title="bbox 560 994 2127 1068">
     <span class='ocr_line' id='line_1_9' title="bbox 560 994 2127 1068; baseline -0.003 -16"><span class='ocrx_word' id='word_1_61' title='bbox 560 997 794 1068; x_wconf 81' lang='grc' dir='ltr'><strong>ἐκείνης.</strong></span> <span class='ocrx_word' id='word_1_62' title='bbox 820 998 1169 1065; x_wconf 73' lang='grc' dir='ltr'><strong>Ἀστραψον</strong></span> <span class='ocrx_word' id='word_1_63' title='bbox 1190 995 1530 1064; x_wconf 79' lang='grc' dir='ltr'><strong>ἀστραπὴν,</strong></span> <span class='ocrx_word' id='word_1_64' title='bbox 1558 995 1658 1049; x_wconf 84' lang='grc' dir='ltr'><strong>καί</strong></span> <span class='ocrx_word' id='word_1_65' title='bbox 1685 994 1995 1064; x_wconf 78' lang='grc' dir='ltr'><strong>σκορπιεῒς</strong></span> <span class='ocrx_word' id='word_1_66' title='bbox 2020 995 2127 1048; x_wconf 84' lang='grc' dir='ltr'><strong>αύ-</strong></span> 
     </span>
    </p>
   </div>
   <div class='ocr_carea' id='block_1_10' title="bbox 559 1076 2125 1147">
    <p class='ocr_par' dir='ltr' id='par_1_10' title="bbox 559 1076 2125 1147">
     <span class='ocr_line' id='line_1_10' title="bbox 559 1076 2125 1147; baseline -0.001 -15"><span class='ocrx_word' id='word_1_67' title='bbox 559 1080 734 1144; x_wconf 79' lang='grc' dir='ltr'><strong>τούς⁹</strong></span> <span class='ocrx_word' id='word_1_68' title='bbox 765 1078 1201 1143; x_wconf 71' lang='grc' dir='ltr'><strong>ἐξαπόστειλον</strong></span> <span class='ocrx_word' id='word_1_69' title='bbox 1243 1078 1319 1132; x_wconf 84' lang='grc' dir='ltr'><strong>τὰ</strong></span> <span class='ocrx_word' id='word_1_70' title='bbox 1357 1077 1521 1147; x_wconf 78' lang='grc' dir='ltr'><strong>,βέλη</strong></span> <span class='ocrx_word' id='word_1_71' title='bbox 1553 1092 1672 1132; x_wconf 88' lang='grc' dir='ltr'><strong>σου</strong></span> <span class='ocrx_word' id='word_1_72' title='bbox 1702 1118 1720 1143; x_wconf 91' lang='grc'><strong>,</strong></span> <span class='ocrx_word' id='word_1_73' title='bbox 1767 1076 1866 1131; x_wconf 81' lang='grc' dir='ltr'><strong>καί</strong></span> <span class='ocrx_word' id='word_1_74' title='bbox 1906 1092 2125 1131; x_wconf 85' lang='grc' dir='ltr'><strong>συντα-</strong></span> 
     </span>
    </p>
   </div>
   <div class='ocr_carea' id='block_1_11' title="bbox 552 1157 2129 1232">
    <p class='ocr_par' dir='ltr' id='par_1_11' title="bbox 552 1157 2129 1232">
     <span class='ocr_line' id='line_1_11' title="bbox 552 1157 2129 1232; baseline -0.002 -19"><span class='ocrx_word' id='word_1_75' title='bbox 552 1160 761 1228; x_wconf 74' lang='grc' dir='ltr'><strong>ράξεις</strong></span> <span class='ocrx_word' id='word_1_76' title='bbox 786 1161 1030 1226; x_wconf 82' lang='grc' dir='ltr'><strong>αὐτούς.</strong></span> <span class='ocrx_word' id='word_1_77' title='bbox 1072 1160 1381 1232; x_wconf 80' lang='grc' dir='ltr'><strong>’Δστραπὴν</strong></span> <span class='ocrx_word' id='word_1_78' title='bbox 1412 1159 1644 1214; x_wconf 75' lang='grc' dir='ltr'><strong>ἐνταῦθα</strong></span> <span class='ocrx_word' id='word_1_79' title='bbox 1664 1159 1758 1213; x_wconf 78' lang='grc' dir='ltr'><strong>καὶ</strong></span> <span class='ocrx_word' id='word_1_80' title='bbox 1787 1158 1915 1231; x_wconf 87' lang='grc' dir='ltr'><strong>βέλη</strong></span> <span class='ocrx_word' id='word_1_81' title='bbox 1940 1158 2002 1211; x_wconf 89' lang='grc' dir='ltr'><strong>οὐ</strong></span> <span class='ocrx_word' id='word_1_82' title='bbox 2031 1157 2129 1229; x_wconf 78' lang='grc' dir='ltr'><strong>τὴν</strong></span> 
     </span>
    </p>
   </div>
   <div class='ocr_carea' id='block_1_12' title="bbox 556 1238 2129 1315">
    <p class='ocr_par' dir='ltr' id='par_1_12' title="bbox 556 1238 2129 1315">
     <span class='ocr_line' id='line_1_12' title="bbox 556 1238 2129 1315; baseline -0.001 -19"><span class='ocrx_word' id='word_1_83' title='bbox 556 1243 845 1314; x_wconf 81' lang='grc' dir='ltr'><strong>ἀστραπὴν</strong></span> <span class='ocrx_word' id='word_1_84' title='bbox 877 1242 1082 1314; x_wconf 90' lang='grc' dir='ltr'><strong>ταύτην</strong></span> <span class='ocrx_word' id='word_1_85' title='bbox 1112 1244 1299 1315; x_wconf 70' lang='grc' dir='ltr'><strong>φησὶν,</strong></span> <span class='ocrx_word' id='word_1_86' title='bbox 1343 1243 1464 1296; x_wconf 77' lang='grc' dir='ltr'><strong>οὐδὲ</strong></span> <span class='ocrx_word' id='word_1_87' title='bbox 1491 1242 1664 1297; x_wconf 88' lang='grc' dir='ltr'><strong>ταῦτα</strong></span> <span class='ocrx_word' id='word_1_88' title='bbox 1688 1242 1759 1297; x_wconf 81' lang='grc' dir='ltr'><strong>τὰ</strong></span> <span class='ocrx_word' id='word_1_89' title='bbox 1812 1238 1961 1313; x_wconf 83' lang='grc' dir='ltr'><strong>βέλη,</strong></span> <span class='ocrx_word' id='word_1_90' title='bbox 1993 1241 2129 1295; x_wconf 87' lang='grc' dir='ltr'><strong>ἀλλά</strong></span> 
     </span>
    </p>
   </div>
   <div class='ocr_carea' id='block_1_13' title="bbox 557 1323 2131 1398">
    <p class='ocr_par' dir='ltr' id='par_1_13' title="bbox 557 1323 2131 1398">
     <span class='ocr_line' id='line_1_13' title="bbox 557 1323 2131 1398; baseline -0.001 -20"><span class='ocrx_word' id='word_1_91' title='bbox 557 1326 656 1390; x_wconf 83' lang='lat'><strong>:6;</strong></span> <span class='ocrx_word' id='word_1_92' title='bbox 682 1324 951 1398; x_wconf 77' lang='grc' dir='ltr'><strong>τιμωρίας</strong></span> <span class='ocrx_word' id='word_1_93' title='bbox 982 1324 1123 1379; x_wconf 79' lang='grc' dir='ltr'><strong>οὓτω</strong></span> <span class='ocrx_word' id='word_1_94' title='bbox 1151 1326 1325 1390; x_wconf 86' lang='grc' dir='ltr'><strong>καλεῖ,</strong></span> <span class='ocrx_word' id='word_1_95' title='bbox 1342 1325 1452 1380; x_wconf 88' lang='lat'><strong><em>61:6</em></strong></span> <span class='ocrx_word' id='word_1_96' title='bbox 1472 1326 1579 1380; x_wconf 89' lang='grc' dir='ltr'><strong>τῶν</strong></span> <span class='ocrx_word' id='word_1_97' title='bbox 1597 1326 1697 1398; x_wconf 78' lang='grc' dir='ltr'><strong>ήδη</strong></span> <span class='ocrx_word' id='word_1_98' title='bbox 1728 1324 2019 1398; x_wconf 73' lang='grc' dir='ltr'><strong>γνωρίμων</strong></span> <span class='ocrx_word' id='word_1_99' title='bbox 2038 1323 2131 1377; x_wconf 78' lang='grc' dir='ltr'><strong>τὸν</strong></span> 
     </span>
    </p>
   </div>
   <div class='ocr_carea' id='block_1_14' title="bbox 559 1407 2131 1481">
    <p class='ocr_par' dir='ltr' id='par_1_14' title="bbox 559 1407 2131 1481">
     <span class='ocr_line' id='line_1_14' title="bbox 559 1407 2131 1481; baseline -0.003 -18"><span class='ocrx_word' id='word_1_100' title='bbox 559 1408 974 1481; x_wconf 79' lang='grc' dir='ltr'><strong>καταφρονητὴν</strong></span> <span class='ocrx_word' id='word_1_101' title='bbox 996 1409 1198 1463; x_wconf 90' lang='grc' dir='ltr'><strong>πείθων</strong></span> <span class='ocrx_word' id='word_1_102' title='bbox 1221 1410 1313 1463; x_wconf 72' lang='grc' dir='ltr'><strong>καὶ</strong></span> <span class='ocrx_word' id='word_1_103' title='bbox 1334 1409 1425 1462; x_wconf 86' lang='grc' dir='ltr'><strong>τὸν</strong></span> <span class='ocrx_word' id='word_1_104' title='bbox 1457 1408 1890 1463; x_wconf 75' lang='grc' dir='ltr'><strong>ἀναπεπτωκότα</strong></span> <span class='ocrx_word' id='word_1_105' title='bbox 1908 1407 2131 1479; x_wconf 82' lang='grc' dir='ltr'><strong>τρέμειν</strong></span> 
     </span>
    </p>
   </div>
   <div class='ocr_carea' id='block_1_15' title="bbox 559 1490 2130 1563">
    <p class='ocr_par' dir='ltr' id='par_1_15' title="bbox 559 1490 2130 1563">
     <span class='ocr_line' id='line_1_15' title="bbox 559 1490 2130 1563; baseline -0.003 -17"><span class='ocrx_word' id='word_1_106' title='bbox 559 1496 653 1546; x_wconf 77' lang='grc' dir='ltr'><strong>καὶ</strong></span> <span class='ocrx_word' id='word_1_107' title='bbox 677 1490 968 1545; x_wconf 82' lang='grc' dir='ltr'><strong>δεδοικέναι</strong></span> <span class='ocrx_word' id='word_1_108' title='bbox 992 1492 1087 1545; x_wconf 72' lang='grc' dir='ltr'><strong>καὶ</strong></span> <span class='ocrx_word' id='word_1_109' title='bbox 1120 1490 1477 1545; x_wconf 86' lang='grc' dir='ltr'><strong>ὐποκύπτειν.</strong></span> <span class='ocrx_word' id='word_1_110' title='bbox 1508 1490 1573 1544; x_wconf 84' lang='grc' dir='ltr'><strong>Εἰ</strong></span> <span class='ocrx_word' id='word_1_111' title='bbox 1593 1491 1703 1562; x_wconf 91' lang='lat'><strong>769</strong></span> <span class='ocrx_word' id='word_1_112' title='bbox 1734 1491 2017 1563; x_wconf 85' lang='grc' dir='ltr'><strong>ἀστραπήν</strong></span> <span class='ocrx_word' id='word_1_113' title='bbox 2046 1505 2130 1553; x_wconf 89' lang='grc' dir='ltr'><strong>τις</strong></span> 
     </span>
    </p>
   </div>
   <div class='ocr_carea' id='block_1_16' title="bbox 557 1572 2128 1643">
    <p class='ocr_par' dir='ltr' id='par_1_16' title="bbox 557 1572 2128 1643">
     <span class='ocr_line' id='line_1_16' title="bbox 557 1572 2128 1643; baseline -0.001 -16"><span class='ocrx_word' id='word_1_114' title='bbox 557 1576 657 1627; x_wconf 87' lang='grc' dir='ltr'><strong>οὐκ</strong></span> <span class='ocrx_word' id='word_1_115' title='bbox 681 1573 747 1627; x_wconf 87' lang='grc' dir='ltr'><strong>ἂν</strong></span> <span class='ocrx_word' id='word_1_116' title='bbox 762 1573 994 1640; x_wconf 79' lang='grc' dir='ltr'><strong>ἐνέγκοι,</strong></span> <span class='ocrx_word' id='word_1_117' title='bbox 1008 1573 1185 1628; x_wconf 81' lang='grc' dir='ltr'><strong>καίτοι</strong></span> <span class='ocrx_word' id='word_1_118' title='bbox 1203 1573 1302 1627; x_wconf 87' lang='grc' dir='ltr'><strong>οὐκ</strong></span> <span class='ocrx_word' id='word_1_119' title='bbox 1322 1574 1415 1627; x_wconf 77' lang='grc' dir='ltr'><strong>ἐπὶ</strong></span> <span class='ocrx_word' id='word_1_120' title='bbox 1438 1573 1658 1626; x_wconf 83' lang='grc' dir='ltr'><strong>κολάσει</strong></span> <span class='ocrx_word' id='word_1_121' title='bbox 1682 1572 2056 1643; x_wconf 81' lang='grc' dir='ltr'><strong>πεμπομένην,</strong></span> <span class='ocrx_word' id='word_1_122' title='bbox 2079 1573 2128 1625; x_wconf 83' lang='grc' dir='ltr'><strong>εί</strong></span> 
     </span>
    </p>
   </div>
   <div class='ocr_carea' id='block_1_17' title="bbox 559 1654 2130 1731">
    <p class='ocr_par' dir='ltr' id='par_1_17' title="bbox 559 1654 2130 1731">
     <span class='ocr_line' id='line_1_17' title="bbox 559 1654 2130 1731; baseline -0.003 -20"><span class='ocrx_word' id='word_1_123' title='bbox 559 1656 845 1731; x_wconf 75' lang='grc' dir='ltr'><strong>βουληθείη</strong></span> <span class='ocrx_word' id='word_1_124' title='bbox 865 1657 1080 1725; x_wconf 83' lang='grc' dir='ltr'><strong>κινῆσαι</strong></span> <span class='ocrx_word' id='word_1_125' title='bbox 1097 1656 1196 1726; x_wconf 86' lang='grc' dir='ltr'><strong>τὴν</strong></span> <span class='ocrx_word' id='word_1_126' title='bbox 1212 1673 1266 1707; x_wconf 90' lang='grc' dir='ltr'><strong>τι</strong></span> <span class='ocrx_word' id='word_1_127' title='bbox 1273 1656 1588 1727; x_wconf 82' lang='grc' dir='ltr'><strong>μωρητικὴν</strong></span> <span class='ocrx_word' id='word_1_128' title='bbox 1603 1655 1767 1709; x_wconf 83' lang='grc' dir='ltr'><strong>αὐτοῦ</strong></span> <span class='ocrx_word' id='word_1_129' title='bbox 1786 1654 2034 1726; x_wconf 89' lang='grc' dir='ltr'><strong>δύναμιν,</strong></span> <span class='ocrx_word' id='word_1_130' title='bbox 2047 1655 2130 1717; x_wconf 90' lang='grc' dir='ltr'><strong>τίς</strong></span> 
     </span>
    </p>
   </div>
   <div class='ocr_carea' id='block_1_18' title="bbox 559 1737 2131 1810">
    <p class='ocr_par' dir='ltr' id='par_1_18' title="bbox 559 1737 2131 1810">
     <span class='ocr_line' id='line_1_18' title="bbox 559 1737 2131 1810; baseline -0.003 -15"><span class='ocrx_word' id='word_1_131' title='bbox 559 1743 958 1810; x_wconf 77' lang='grc' dir='ltr'><strong>ύποστήσεταις</strong></span> <span class='ocrx_word' id='word_1_132' title='bbox 984 1737 1122 1808; x_wconf 85' lang='grc' dir='ltr'><strong>Βέλη</strong></span> <span class='ocrx_word' id='word_1_133' title='bbox 1146 1737 1203 1791; x_wconf 90' lang='lat'><strong>66</strong></span> <span class='ocrx_word' id='word_1_134' title='bbox 1219 1737 1353 1791; x_wconf 84' lang='grc' dir='ltr'><strong>Θεοῦ</strong></span> <span class='ocrx_word' id='word_1_135' title='bbox 1368 1738 1537 1809; x_wconf 77' lang='grc' dir='ltr'><strong>λιμοὶ,</strong></span> <span class='ocrx_word' id='word_1_136' title='bbox 1562 1738 1657 1791; x_wconf 79' lang='grc' dir='ltr'><strong>καὶ</strong></span> <span class='ocrx_word' id='word_1_137' title='bbox 1680 1739 1875 1808; x_wconf 76' lang='grc' dir='ltr'><strong>λοιμοὶ,</strong></span> <span class='ocrx_word' id='word_1_138' title='bbox 1891 1738 1983 1791; x_wconf 73' lang='grc' dir='ltr'><strong>καὶ</strong></span> <span class='ocrx_word' id='word_1_139' title='bbox 1999 1754 2131 1808; x_wconf 89' lang='grc' dir='ltr'><strong>σκη-</strong></span> 
     </span>
    </p>
   </div>
   <div class='ocr_carea' id='block_1_19' title="bbox 558 1818 2131 1890">
    <p class='ocr_par' dir='ltr' id='par_1_19' title="bbox 558 1818 2131 1890">
     <span class='ocr_line' id='line_1_19' title="bbox 558 1818 2131 1890; baseline -0.003 -14"><span class='ocrx_word' id='word_1_140' title='bbox 558 1825 704 1885; x_wconf 79' lang='grc' dir='ltr'><strong>πτοὶ,</strong></span> <span class='ocrx_word' id='word_1_141' title='bbox 734 1822 829 1874; x_wconf 75' lang='grc' dir='ltr'><strong>καὶ</strong></span> <span class='ocrx_word' id='word_1_142' title='bbox 866 1819 1160 1884; x_wconf 75' lang='grc' dir='ltr'><strong>πολυειδεῖς</strong></span> <span class='ocrx_word' id='word_1_143' title='bbox 1198 1820 1479 1890; x_wconf 75' lang='grc' dir='ltr'><strong>τιμωρίαι.</strong></span> <span class='ocrx_word' id='word_1_144' title='bbox 1519 1820 1974 1885; x_wconf 77' lang='grc' dir='ltr'><strong>Ἐξαπόστειλον</strong></span> <span class='ocrx_word' id='word_1_145' title='bbox 2014 1818 2131 1887; x_wconf 77' lang='grc' dir='ltr'><strong>τὴν</strong></span> 
     </span>
    </p>
   </div>
   <div class='ocr_carea' id='block_1_20' title="bbox 558 1900 2128 1974">
    <p class='ocr_par' dir='ltr' id='par_1_20' title="bbox 558 1900 2128 1974">
     <span class='ocr_line' id='line_1_20' title="bbox 558 1900 2128 1974; baseline -0.001 -18"><span class='ocrx_word' id='word_1_146' title='bbox 558 1902 726 1974; x_wconf 70' lang='grc' dir='ltr'><strong>χεζοά</strong></span> <span class='ocrx_word' id='word_1_147' title='bbox 734 1919 850 1956; x_wconf 88' lang='grc' dir='ltr'><strong>σου</strong></span> <span class='ocrx_word' id='word_1_148' title='bbox 859 1902 930 1967; x_wconf 76' lang='grc' dir='ltr'><strong>ἐξ</strong></span> <span class='ocrx_word' id='word_1_149' title='bbox 944 1902 1162 1971; x_wconf 69' lang='grc' dir='ltr'><strong>ὕψους·</strong></span> <span class='ocrx_word' id='word_1_150' title='bbox 1176 1902 1391 1965; x_wconf 77' lang='grc' dir='ltr'><strong>ἐξελοῦ</strong></span> <span class='ocrx_word' id='word_1_151' title='bbox 1398 1919 1492 1972; x_wconf 83' lang='grc' dir='ltr'><strong>με,</strong></span> <span class='ocrx_word' id='word_1_152' title='bbox 1506 1902 1604 1956; x_wconf 79' lang='grc' dir='ltr'><strong>καί</strong></span> <span class='ocrx_word' id='word_1_153' title='bbox 1614 1903 1800 1971; x_wconf 80' lang='grc' dir='ltr'><strong>ῥῦσαί</strong></span> <span class='ocrx_word' id='word_1_154' title='bbox 1814 1918 1890 1971; x_wconf 81' lang='grc' dir='ltr'><strong>με</strong></span> <span class='ocrx_word' id='word_1_155' title='bbox 1902 1902 1969 1965; x_wconf 78' lang='grc' dir='ltr'><strong>ἐξ</strong></span> <span class='ocrx_word' id='word_1_156' title='bbox 1984 1900 2128 1955; x_wconf 78' lang='lat' dir='ltr'><strong><em>66d-</em></strong></span> 
     </span>
    </p>
   </div>
   <div class='ocr_carea' id='block_1_21' title="bbox 554 1982 2130 2055">
    <p class='ocr_par' dir='ltr' id='par_1_21' title="bbox 554 1982 2130 2055">
     <span class='ocr_line' id='line_1_21' title="bbox 554 1982 2130 2055; baseline -0.003 -15"><span class='ocrx_word' id='word_1_157' title='bbox 554 2003 678 2040; x_wconf 77' lang='grc' dir='ltr'><strong>των</strong></span> <span class='ocrx_word' id='word_1_158' title='bbox 687 1984 954 2048; x_wconf 78' lang='grc' dir='ltr'><strong>πολλῶν,</strong></span> <span class='ocrx_word' id='word_1_159' title='bbox 966 1984 1036 2037; x_wconf 84' lang='grc' dir='ltr'><strong>ἐκ</strong></span> <span class='ocrx_word' id='word_1_160' title='bbox 1046 1985 1244 2053; x_wconf 80' lang='grc' dir='ltr'><strong>χειρὸς</strong></span> <span class='ocrx_word' id='word_1_161' title='bbox 1254 1982 1400 2038; x_wconf 75' lang='grc' dir='ltr'><strong>υἱῶν</strong></span> <span class='ocrx_word' id='word_1_162' title='bbox 1410 1985 1758 2055; x_wconf 80' lang='grc' dir='ltr'><strong>ἀλλοτρίων.</strong></span> <span class='ocrx_word' id='word_1_163' title='bbox 1777 1986 1849 2037; x_wconf 88' lang='grc' dir='ltr'><strong>Οὐ</strong></span> <span class='ocrx_word' id='word_1_164' title='bbox 1866 1984 1971 2055; x_wconf 81' lang='grc' dir='ltr'><strong>γὰρ</strong></span> <span class='ocrx_word' id='word_1_165' title='bbox 1992 1982 2130 2054; x_wconf 78' lang='grc' dir='ltr'><strong>πρὸς</strong></span> 
     </span>
    </p>
   </div>
   <div class='ocr_carea' id='block_1_22' title="bbox 556 2065 2127 2137">
    <p class='ocr_par' dir='ltr' id='par_1_22' title="bbox 556 2065 2127 2137">
     <span class='ocr_line' id='line_1_22' title="bbox 556 2065 2127 2137; baseline -0.001 -17"><span class='ocrx_word' id='word_1_166' title='bbox 556 2067 618 2121; x_wconf 83' lang='grc' dir='ltr'><strong>τὸ</strong></span> <span class='ocrx_word' id='word_1_167' title='bbox 657 2065 904 2131; x_wconf 75' lang='grc' dir='ltr'><strong>κολάζειν</strong></span> <span class='ocrx_word' id='word_1_168' title='bbox 931 2067 1110 2137; x_wconf 87' lang='grc' dir='ltr'><strong>μόνον,</strong></span> <span class='ocrx_word' id='word_1_169' title='bbox 1159 2067 1295 2121; x_wconf 87' lang='grc' dir='ltr'><strong>ἀλλά</strong></span> <span class='ocrx_word' id='word_1_170' title='bbox 1330 2069 1426 2120; x_wconf 78' lang='grc' dir='ltr'><strong>καὶ</strong></span> <span class='ocrx_word' id='word_1_171' title='bbox 1455 2067 1591 2137; x_wconf 83' lang='lat'><strong><em>1:96;</em></strong></span> <span class='ocrx_word' id='word_1_172' title='bbox 1630 2068 1690 2120; x_wconf 88' lang='lat'><strong>:6</strong></span> <span class='ocrx_word' id='word_1_173' title='bbox 1717 2066 1908 2131; x_wconf 74' lang='grc' dir='ltr'><strong>σώζειν</strong></span> <span class='ocrx_word' id='word_1_174' title='bbox 1946 2067 2127 2137; x_wconf 86' lang='grc' dir='ltr'><strong>ἀπηρ-</strong></span> 
     </span>
    </p>
   </div>
   <div class='ocr_carea' id='block_1_23' title="bbox 556 2147 2130 2222">
    <p class='ocr_par' dir='ltr' id='par_1_23' title="bbox 556 2147 2130 2222">
     <span class='ocr_line' id='line_1_23' title="bbox 556 2147 2130 2222; baseline -0.001 -20"><span class='ocrx_word' id='word_1_175' title='bbox 556 2149 786 2220; x_wconf 85' lang='grc' dir='ltr'><strong>τισμένη</strong></span> <span class='ocrx_word' id='word_1_176' title='bbox 816 2150 849 2221; x_wconf 76' lang='grc' dir='ltr'>ἡ</span> <span class='ocrx_word' id='word_1_177' title='bbox 879 2148 1108 2220; x_wconf 84' lang='grc' dir='ltr'><strong>δύναμις</strong></span> <span class='ocrx_word' id='word_1_178' title='bbox 1144 2149 1237 2203; x_wconf 90' lang='grc' dir='ltr'><strong>τοῦ</strong></span> <span class='ocrx_word' id='word_1_179' title='bbox 1268 2149 1425 2202; x_wconf 82' lang='grc' dir='ltr'><strong>Θεοῦ.</strong></span> <span class='ocrx_word' id='word_1_180' title='bbox 1466 2149 1640 2222; x_wconf 82' lang='grc' dir='ltr'>Χεῖρα</span> <span class='ocrx_word' id='word_1_181' title='bbox 1679 2150 1737 2202; x_wconf 81' lang='grc' dir='ltr'><strong>δὲ</strong></span> <span class='ocrx_word' id='word_1_182' title='bbox 1765 2147 2000 2202; x_wconf 88' lang='grc' dir='ltr'><strong>ἐνταῦθα</strong></span> <span class='ocrx_word' id='word_1_183' title='bbox 2031 2148 2130 2219; x_wconf 78' lang='grc' dir='ltr'><strong>τὴν</strong></span> 
     </span>
    </p>
   </div>
   <div class='ocr_carea' id='block_1_24' title="bbox 559 2232 2125 2304">
    <p class='ocr_par' dir='ltr' id='par_1_24' title="bbox 559 2232 2125 2304">
     <span class='ocr_line' id='line_1_24' title="bbox 559 2232 2125 2304; baseline -0.001 -18"><span class='ocrx_word' id='word_1_184' title='bbox 559 2233 810 2304; x_wconf 74' lang='grc' dir='ltr'><strong>βοήθειαν</strong></span> <span class='ocrx_word' id='word_1_185' title='bbox 829 2271 845 2297; x_wconf 94' lang='grc'><strong>,</strong></span> <span class='ocrx_word' id='word_1_186' title='bbox 874 2232 975 2303; x_wconf 80' lang='grc' dir='ltr'><strong>τὴν</strong></span> <span class='ocrx_word' id='word_1_187' title='bbox 1010 2232 1324 2304; x_wconf 82' lang='grc' dir='ltr'><strong>συμμαχίαν</strong></span> <span class='ocrx_word' id='word_1_188' title='bbox 1353 2232 1536 2302; x_wconf 84' lang='grc' dir='ltr'><strong>λέγει·</strong></span> <span class='ocrx_word' id='word_1_189' title='bbox 1561 2233 1643 2288; x_wconf 83' lang='lat'><strong>6:6</strong></span> <span class='ocrx_word' id='word_1_190' title='bbox 1668 2233 1792 2287; x_wconf 82' lang='grc' dir='ltr'><strong>οὐδὲ</strong></span> <span class='ocrx_word' id='word_1_191' title='bbox 1824 2234 2125 2295; x_wconf 84' lang='grc' dir='ltr'><strong>Ἔκτεινον,</strong></span> 
     </span>
    </p>
   </div>
   <div class='ocr_carea' id='block_1_25' title="bbox 556 2313 2129 2386">
    <p class='ocr_par' dir='ltr' id='par_1_25' title="bbox 556 2313 2129 2386">
     <span class='ocr_line' id='line_1_25' title="bbox 556 2313 2129 2386; baseline -0.002 -16"><span class='ocrx_word' id='word_1_192' title='bbox 556 2313 731 2377; x_wconf 81' lang='grc' dir='ltr'><strong>εἶπεν,</strong></span> <span class='ocrx_word' id='word_1_193' title='bbox 765 2314 878 2370; x_wconf 86' lang='grc' dir='ltr'><strong>ἀλλ’</strong></span> <span class='ocrx_word' id='word_1_194' title='bbox 926 2313 1417 2381; x_wconf 77' lang='grc' dir='ltr'><strong>Ἐξαπόστειλον,</strong></span> <span class='ocrx_word' id='word_1_195' title='bbox 1449 2315 1603 2370; x_wconf 89' lang='grc' dir='ltr'><strong>τοῦτο</strong></span> <span class='ocrx_word' id='word_1_196' title='bbox 1631 2315 1823 2386; x_wconf 83' lang='grc' dir='ltr'><strong>δηλῶν·</strong></span> <span class='ocrx_word' id='word_1_197' title='bbox 1861 2317 1909 2369; x_wconf 88' lang='grc' dir='ltr'><strong>εί</strong></span> <span class='ocrx_word' id='word_1_198' title='bbox 1941 2315 1997 2367; x_wconf 85' lang='grc' dir='ltr'><strong>δέ</strong></span> <span class='ocrx_word' id='word_1_199' title='bbox 2026 2330 2129 2368; x_wconf 86' lang='grc' dir='ltr'><strong>που</strong></span> 
     </span>
    </p>
   </div>
   <div class='ocr_carea' id='block_1_26' title="bbox 559 2396 2129 2466">
    <p class='ocr_par' dir='ltr' id='par_1_26' title="bbox 559 2396 2129 2466">
     <span class='ocr_line' id='line_1_26' title="bbox 559 2396 2129 2466; baseline -0.001 -15"><span class='ocrx_word' id='word_1_200' title='bbox 559 2401 675 2464; x_wconf 71' lang='grc' dir='ltr'><strong>καὶ,</strong></span> <span class='ocrx_word' id='word_1_201' title='bbox 707 2399 1002 2465; x_wconf 81' lang='grc' dir='ltr'><strong>Ἔκτεινον,</strong></span> <span class='ocrx_word' id='word_1_202' title='bbox 1026 2397 1194 2466; x_wconf 85' lang='grc' dir='ltr'><strong>λέγοι,</strong></span> <span class='ocrx_word' id='word_1_203' title='bbox 1220 2398 1281 2451; x_wconf 87' lang='lat'><strong>:6</strong></span> <span class='ocrx_word' id='word_1_204' title='bbox 1306 2398 1438 2451; x_wconf 87' lang='lat'><strong><em>66:6</em></strong></span> <span class='ocrx_word' id='word_1_205' title='bbox 1478 2398 1636 2453; x_wconf 90' lang='grc' dir='ltr'><strong>πάλιν</strong></span> <span class='ocrx_word' id='word_1_206' title='bbox 1677 2398 1995 2454; x_wconf 84' lang='grc' dir='ltr'><strong>αἰνίττεται.</strong></span> <span class='ocrx_word' id='word_1_207' title='bbox 2018 2396 2129 2450; x_wconf 77' lang='grc' dir='ltr'><strong>Καὶ</strong></span> 
     </span>
    </p>
   </div>
   <div class='ocr_carea' id='block_1_27' title="bbox 558 2479 2127 2551">
    <p class='ocr_par' dir='ltr' id='par_1_27' title="bbox 558 2479 2127 2551">
     <span class='ocr_line' id='line_1_27' title="bbox 558 2479 2127 2551; baseline -0.001 -17"><span class='ocrx_word' id='word_1_208' title='bbox 558 2481 726 2534; x_wconf 78' lang='grc' dir='ltr'><strong>ὕδατα</strong></span> <span class='ocrx_word' id='word_1_209' title='bbox 760 2480 819 2534; x_wconf 78' lang='grc' dir='ltr'><strong>δὲ</strong></span> <span class='ocrx_word' id='word_1_210' title='bbox 858 2480 956 2551; x_wconf 78' lang='grc' dir='ltr'><strong>τὴν</strong></span> <span class='ocrx_word' id='word_1_211' title='bbox 999 2480 1230 2535; x_wconf 79' lang='grc' dir='ltr'><strong>ἄτακτον</strong></span> <span class='ocrx_word' id='word_1_212' title='bbox 1276 2480 1383 2532; x_wconf 89' lang='grc' dir='ltr'><strong>τῶν</strong></span> <span class='ocrx_word' id='word_1_213' title='bbox 1421 2480 1691 2551; x_wconf 87' lang='grc' dir='ltr'><strong>πολεμίων</strong></span> <span class='ocrx_word' id='word_1_214' title='bbox 1728 2479 1915 2549; x_wconf 81' lang='grc' dir='ltr'><strong>ἔφοδον</strong></span> <span class='ocrx_word' id='word_1_215' title='bbox 1941 2479 2127 2545; x_wconf 86' lang='grc' dir='ltr'><strong>καλεῖ,</strong></span> 
     </span>
    </p>
   </div>
   <div class='ocr_carea' id='block_1_28' title="bbox 558 2561 2124 2636">
    <p class='ocr_par' dir='ltr' id='par_1_28' title="bbox 558 2561 2124 2636">
     <span class='ocr_line' id='line_1_28' title="bbox 558 2561 2124 2636; baseline -0.001 -18"><span class='ocrx_word' id='word_1_216' title='bbox 558 2565 654 2618; x_wconf 66' lang='grc' dir='ltr'><strong>καὶ⁹</strong></span> <span class='ocrx_word' id='word_1_217' title='bbox 678 2563 1110 2633; x_wconf 74' lang='grc' dir='ltr'><strong>συγκεχυμένην,</strong></span> <span class='ocrx_word' id='word_1_218' title='bbox 1152 2562 1248 2615; x_wconf 82' lang='grc' dir='ltr'><strong>καὶ</strong></span> <span class='ocrx_word' id='word_1_219' title='bbox 1291 2562 1462 2634; x_wconf 79' lang='grc' dir='ltr'><strong>πολλῇ</strong></span> <span class='ocrx_word' id='word_1_220' title='bbox 1504 2565 1573 2634; x_wconf 75' lang='grc' dir='ltr'><strong>τῇ</strong></span> <span class='ocrx_word' id='word_1_221' title='bbox 1614 2561 1764 2636; x_wconf 76' lang='grc' dir='ltr'><strong>ῥύμῃ</strong></span> <span class='ocrx_word' id='word_1_222' title='bbox 1797 2563 2124 2635; x_wconf 82' lang='grc' dir='ltr'><strong>φερομένην.</strong></span> 
     </span>
    </p>
   </div>
   <div class='ocr_carea' id='block_1_29' title="bbox 558 2644 2127 2717">
    <p class='ocr_par' dir='ltr' id='par_1_29' title="bbox 558 2644 2127 2717">
     <span class='ocr_line' id='line_1_29' title="bbox 558 2644 2127 2717; baseline 0.002 -18"><span class='ocrx_word' id='word_1_223' title='bbox 558 2647 681 2700; x_wconf 82' lang='grc' dir='ltr'><strong>Ὅτι</strong></span> <span class='ocrx_word' id='word_1_224' title='bbox 719 2646 828 2716; x_wconf 83' lang='grc' dir='ltr'><strong>γάρ</strong></span> <span class='ocrx_word' id='word_1_225' title='bbox 869 2645 930 2697; x_wconf 89' lang='grc' dir='ltr'><strong>οὐ</strong></span> <span class='ocrx_word' id='word_1_226' title='bbox 972 2645 1101 2715; x_wconf 79' lang='grc' dir='ltr'><strong>περὶ</strong></span> <span class='ocrx_word' id='word_1_227' title='bbox 1142 2644 1348 2698; x_wconf 84' lang='grc' dir='ltr'>ὑδάτων</span> <span class='ocrx_word' id='word_1_228' title='bbox 1385 2647 1414 2698; x_wconf 93' lang='lat'><strong>6</strong></span> <span class='ocrx_word' id='word_1_229' title='bbox 1450 2646 1636 2714; x_wconf 77' lang='grc' dir='ltr'><strong>λόγος,</strong></span> <span class='ocrx_word' id='word_1_230' title='bbox 1686 2645 1844 2717; x_wconf 79' lang='grc' dir='ltr'><strong>δῆλον</strong></span> <span class='ocrx_word' id='word_1_231' title='bbox 1886 2646 1975 2700; x_wconf 90' lang='grc' dir='ltr'><strong>διά</strong></span> <span class='ocrx_word' id='word_1_232' title='bbox 2027 2646 2127 2717; x_wconf 80' lang='grc' dir='ltr'><strong>τῆς</strong></span> 
     </span>
    </p>
   </div>
   <div class='ocr_carea' id='block_1_30' title="bbox 552 2728 2125 2799">
    <p class='ocr_par' dir='ltr' id='par_1_30' title="bbox 552 2728 2125 2799">
     <span class='ocr_line' id='line_1_30' title="bbox 552 2728 2125 2799; baseline 0.001 -17"><span class='ocrx_word' id='word_1_233' title='bbox 552 2728 849 2798; x_wconf 73' lang='grc' dir='ltr'><strong>ἐπαγωγῆς</strong></span> <span class='ocrx_word' id='word_1_234' title='bbox 868 2743 883 2756; x_wconf 89' lang='grc'><strong>·</strong></span> <span class='ocrx_word' id='word_1_235' title='bbox 914 2728 1014 2781; x_wconf 79' lang='grc' dir='ltr'><strong>Ἐκ</strong></span> <span class='ocrx_word' id='word_1_236' title='bbox 1030 2729 1226 2797; x_wconf 84' lang='grc' dir='ltr'><strong>χειρὸς</strong></span> <span class='ocrx_word' id='word_1_237' title='bbox 1241 2728 1370 2799; x_wconf 82' lang='grc' dir='ltr'><strong>γάρ,</strong></span> <span class='ocrx_word' id='word_1_238' title='bbox 1400 2729 1582 2799; x_wconf 77' lang='grc' dir='ltr'><strong>φησὶν,</strong></span> <span class='ocrx_word' id='word_1_239' title='bbox 1610 2728 1759 2784; x_wconf 87' lang='grc' dir='ltr'><strong>υίῶν</strong></span> <span class='ocrx_word' id='word_1_240' title='bbox 1770 2729 2125 2796; x_wconf 71' lang='grc' dir='ltr'><strong>ἀλλοτρίων.</strong></span> 
     </span>
    </p>
   </div>
   <div class='ocr_carea' id='block_1_31' title="bbox 550 2809 2126 2882">
    <p class='ocr_par' dir='ltr' id='par_1_31' title="bbox 550 2809 2126 2882">
     <span class='ocr_line' id='line_1_31' title="bbox 550 2809 2126 2882; baseline 0.001 -18"><span class='ocrx_word' id='word_1_241' title='bbox 550 2809 714 2873; x_wconf 74' lang='grc' dir='ltr'><strong>Υιούς</strong></span> <span class='ocrx_word' id='word_1_242' title='bbox 744 2811 802 2863; x_wconf 83' lang='lat'><strong>66</strong></span> <span class='ocrx_word' id='word_1_243' title='bbox 839 2809 1150 2880; x_wconf 77' lang='grc' dir='ltr'><strong>ἀλλοτρίους</strong></span> <span class='ocrx_word' id='word_1_244' title='bbox 1177 2809 1415 2865; x_wconf 64' lang='grc' dir='ltr'><strong>ἐνταῦθά</strong></span> <span class='ocrx_word' id='word_1_245' title='bbox 1456 2826 1549 2882; x_wconf 91' lang='grc' dir='ltr'><strong>μοι</strong></span> <span class='ocrx_word' id='word_1_246' title='bbox 1590 2811 1740 2865; x_wconf 81' lang='grc' dir='ltr'><strong>δοκεῖ</strong></span> <span class='ocrx_word' id='word_1_247' title='bbox 1779 2810 1959 2878; x_wconf 86' lang='grc' dir='ltr'><strong>λέγειν</strong></span> <span class='ocrx_word' id='word_1_248' title='bbox 1999 2813 2126 2875; x_wconf 85' lang='grc' dir='ltr'><strong>τοὺς</strong></span> 
     </span>
    </p>
   </div>
   <div class='ocr_carea' id='block_1_32' title="bbox 553 2891 2126 2965">
    <p class='ocr_par' dir='ltr' id='par_1_32' title="bbox 553 2891 2126 2965">
     <span class='ocr_line' id='line_1_32' title="bbox 553 2891 2126 2965; baseline -0.005 -16"><span class='ocrx_word' id='word_1_249' title='bbox 553 2897 652 2965; x_wconf 80' lang='grc' dir='ltr'><strong>τῆς</strong></span> <span class='ocrx_word' id='word_1_250' title='bbox 702 2891 960 2965; x_wconf 73' lang='grc' dir='ltr'><strong>ἀληθείας</strong></span> <span class='ocrx_word' id='word_1_251' title='bbox 1017 2891 1482 2963; x_wconf 78' lang='grc' dir='ltr'><strong>ἀπεξενωμένους.</strong></span> <span class='ocrx_word' id='word_1_252' title='bbox 1546 2893 1757 2965; x_wconf 76' lang='grc' dir='ltr'><strong>Ὠσπερ</strong></span> <span class='ocrx_word' id='word_1_253' title='bbox 1810 2894 1920 2965; x_wconf 78' lang='lat'><strong>769</strong></span> <span class='ocrx_word' id='word_1_254' title='bbox 1997 2895 2126 2958; x_wconf 69' lang='grc' dir='ltr'><strong>τοὺς</strong></span> 
     </span>
    </p>
   </div>
   <div class='ocr_carea' id='block_1_33' title="bbox 557 2974 2127 3047">
    <p class='ocr_par' dir='ltr' id='par_1_33' title="bbox 557 2974 2127 3047">
     <span class='ocr_line' id='line_1_33' title="bbox 557 2974 2127 3047; baseline -0.001 -17"><span class='ocrx_word' id='word_1_255' title='bbox 557 2977 784 3040; x_wconf 82' lang='grc' dir='ltr'><strong>πιστοὺς</strong></span> <span class='ocrx_word' id='word_1_256' title='bbox 813 2975 1048 3038; x_wconf 75' lang='grc' dir='ltr'><strong>οἰκείους</strong></span> <span class='ocrx_word' id='word_1_257' title='bbox 1075 2974 1353 3047; x_wconf 73' lang='grc' dir='ltr'><strong>ἡγούμεθα</strong></span> <span class='ocrx_word' id='word_1_258' title='bbox 1382 2976 1475 3029; x_wconf 76' lang='grc' dir='ltr'><strong>καὶ</strong></span> <span class='ocrx_word' id='word_1_259' title='bbox 1502 2975 1783 3045; x_wconf 81' lang='grc' dir='ltr'><strong>ἀδελφοὺς,</strong></span> <span class='ocrx_word' id='word_1_260' title='bbox 1828 2976 1970 3031; x_wconf 66' lang='grc' dir='ltr'><strong>οὕτω</strong></span> <span class='ocrx_word' id='word_1_261' title='bbox 1999 2977 2127 3040; x_wconf 84' lang='grc' dir='ltr'><strong>τούς</strong></span> 
     </span>
    </p>
   </div>
   <div class='ocr_carea' id='block_1_34' title="bbox 548 3056 2126 3129">
    <p class='ocr_par' dir='ltr' id='par_1_34' title="bbox 548 3056 2126 3129">
     <span class='ocr_line' id='line_1_34' title="bbox 548 3056 2126 3129; baseline -0.001 -16"><span class='ocrx_word' id='word_1_262' title='bbox 548 3059 816 3121; x_wconf 80' lang='grc' dir='ltr'><strong>ἀπίστους</strong></span> <span class='ocrx_word' id='word_1_263' title='bbox 844 3057 1156 3128; x_wconf 82' lang='grc' dir='ltr'><strong>ἀλλοτρίους</strong></span> <span class='ocrx_word' id='word_1_264' title='bbox 1176 3074 1191 3091; x_wconf 75' lang='grc' dir='ltr'><strong><em>ο</em></strong></span> <span class='ocrx_word' id='word_1_265' title='bbox 1224 3058 1320 3111; x_wconf 71' lang='grc' dir='ltr'><strong>καὶ</strong></span> <span class='ocrx_word' id='word_1_266' title='bbox 1354 3056 1527 3129; x_wconf 85' lang='grc' dir='ltr'><strong>τούτῳ</strong></span> <span class='ocrx_word' id='word_1_267' title='bbox 1555 3057 1788 3128; x_wconf 87' lang='grc' dir='ltr'><strong>μάλιστα</strong></span> <span class='ocrx_word' id='word_1_268' title='bbox 1819 3058 1909 3112; x_wconf 82' lang='grc' dir='ltr'><strong>τὸν</strong></span> <span class='ocrx_word' id='word_1_269' title='bbox 1930 3060 2126 3112; x_wconf 78' lang='grc' dir='ltr'><strong>οἰκεῖον</strong></span> 
     </span>
    </p>
   </div>
   <div class='ocr_carea' id='block_1_35' title="bbox 555 3137 2127 3214">
    <p class='ocr_par' dir='ltr' id='par_1_35' title="bbox 555 3137 2127 3214">
     <span class='ocr_line' id='line_1_35' title="bbox 555 3137 2127 3214; baseline -0.001 -17"><span class='ocrx_word' id='word_1_270' title='bbox 555 3144 650 3197; x_wconf 73' lang='grc' dir='ltr'><strong>καὶ</strong></span> <span class='ocrx_word' id='word_1_271' title='bbox 673 3143 765 3195; x_wconf 80' lang='grc' dir='ltr'><strong>τὸν</strong></span> <span class='ocrx_word' id='word_1_272' title='bbox 789 3141 1065 3211; x_wconf 89' lang='grc' dir='ltr'><strong>ἀλλότριον</strong></span> <span class='ocrx_word' id='word_1_273' title='bbox 1094 3137 1543 3212; x_wconf 76' lang='grc' dir='ltr'><strong>ἐπιγινώσκομεν.</strong></span> <span class='ocrx_word' id='word_1_274' title='bbox 1579 3141 1790 3206; x_wconf 88' lang='grc' dir='ltr'><strong>Οίκεῖος</strong></span> <span class='ocrx_word' id='word_1_275' title='bbox 1834 3141 1944 3214; x_wconf 85' lang='grc' dir='ltr'><strong>γὰρ</strong></span> <span class='ocrx_word' id='word_1_276' title='bbox 1972 3138 2127 3206; x_wconf 78' lang='lat'><strong><em>66:0;</em></strong></span> 
     </span>
    </p>
   </div>
   <div class='ocr_carea' id='block_1_36' title="bbox 550 3224 2127 3299">
    <p class='ocr_par' dir='ltr' id='par_1_36' title="bbox 550 3224 2127 3299">
     <span class='ocr_line' id='line_1_36' title="bbox 550 3224 2127 3299; baseline -0.001 -18"><span class='ocrx_word' id='word_1_277' title='bbox 550 3229 583 3281; x_wconf 97' lang='lat'><strong>6</strong></span> <span class='ocrx_word' id='word_1_278' title='bbox 625 3227 719 3281; x_wconf 84' lang='grc' dir='ltr'><strong>τὸν</strong></span> <span class='ocrx_word' id='word_1_279' title='bbox 763 3226 925 3281; x_wconf 82' lang='grc' dir='ltr'><strong>αὐτόν</strong></span> <span class='ocrx_word' id='word_1_280' title='bbox 973 3242 1064 3296; x_wconf 90' lang='grc' dir='ltr'><strong>μοι</strong></span> <span class='ocrx_word' id='word_1_281' title='bbox 1106 3224 1321 3295; x_wconf 84' lang='grc' dir='ltr'><strong>πατέρα</strong></span> <span class='ocrx_word' id='word_1_282' title='bbox 1369 3224 1839 3298; x_wconf 85' lang='grc' dir='ltr'><strong>ἐπιγραφόμενος,</strong></span> <span class='ocrx_word' id='word_1_283' title='bbox 1894 3227 1989 3280; x_wconf 69' lang='grc' dir='ltr'><strong>καὶ¹</strong></span> <span class='ocrx_word' id='word_1_284' title='bbox 2027 3227 2127 3299; x_wconf 82' lang='grc' dir='ltr'><strong>τῆς</strong></span> 
     </span>
    </p>
   </div>
   <div class='ocr_carea' id='block_1_37' title="bbox 555 3307 2127 3385">
    <p class='ocr_par' dir='ltr' id='par_1_37' title="bbox 555 3307 2127 3385">
     <span class='ocr_line' id='line_1_37' title="bbox 555 3307 2127 3385; baseline 0 -21"><span class='ocrx_word' id='word_1_285' title='bbox 555 3312 726 3381; x_wconf 77' lang='grc' dir='ltr'><strong>αὐτῆς</strong></span> <span class='ocrx_word' id='word_1_286' title='bbox 772 3307 1043 3363; x_wconf 87' lang='grc' dir='ltr'><strong>κοινωνῶν</strong></span> <span class='ocrx_word' id='word_1_287' title='bbox 1074 3307 1372 3379; x_wconf 75' lang='grc' dir='ltr'><strong>τραπέζης,</strong></span> <span class='ocrx_word' id='word_1_288' title='bbox 1405 3309 1604 3385; x_wconf 74' lang='grc' dir='ltr'><strong>μᾶλλον</strong></span> <span class='ocrx_word' id='word_1_289' title='bbox 1646 3309 1680 3380; x_wconf 78' lang='grc' dir='ltr'>ἢ</span> <span class='ocrx_word' id='word_1_290' title='bbox 1713 3311 1742 3364; x_wconf 91' lang='lat'><strong>6</strong></span> <span class='ocrx_word' id='word_1_291' title='bbox 1773 3310 1917 3380; x_wconf 76' lang='grc' dir='ltr'><strong>γένει</strong></span> <span class='ocrx_word' id='word_1_292' title='bbox 1955 3328 2127 3385; x_wconf 89' lang='grc' dir='ltr'><strong>προσ-</strong></span> 
     </span>
    </p>
   </div>
   <div class='ocr_carea' id='block_1_38' title="bbox 554 3384 2125 3466">
    <p class='ocr_par' dir='ltr' id='par_1_38' title="bbox 554 3384 2125 3466">
     <span class='ocr_line' id='line_1_38' title="bbox 554 3384 2125 3466; baseline 0.001 -18"><span class='ocrx_word' id='word_1_293' title='bbox 554 3395 704 3466; x_wconf 87' lang='grc' dir='ltr'><strong>ήκων</strong></span> <span class='ocrx_word' id='word_1_294' title='bbox 722 3408 736 3424; x_wconf 74' lang='grc' dir='ltr'><strong><em>ο</em></strong></span> <span class='ocrx_word' id='word_1_295' title='bbox 765 3392 861 3446; x_wconf 80' lang='grc' dir='ltr'><strong>καὶ</strong></span> <span class='ocrx_word' id='word_1_296' title='bbox 888 3391 997 3463; x_wconf 81' lang='grc' dir='ltr'><strong>γάρ</strong></span> <span class='ocrx_word' id='word_1_297' title='bbox 1021 3390 1407 3464; x_wconf 82' lang='grc' dir='ltr'><strong>ἀκριϐέστερος</strong></span> <span class='ocrx_word' id='word_1_298' title='bbox 1439 3384 1594 3457; x_wconf 75' lang='grc' dir='ltr'><strong>οὗτος</strong></span> <span class='ocrx_word' id='word_1_299' title='bbox 1623 3393 1721 3464; x_wconf 83' lang='grc' dir='ltr'><strong>τῆς</strong></span> <span class='ocrx_word' id='word_1_300' title='bbox 1746 3384 2065 3464; x_wconf 87' lang='grc' dir='ltr'><strong>συγγενείας</strong></span> <span class='ocrx_word' id='word_1_301' title='bbox 2096 3397 2125 3450; x_wconf 91' lang='lat'><strong>6</strong></span> 
     </span>
    </p>
   </div>
   <div class='ocr_carea' id='block_1_39' title="bbox 553 3470 2125 3547">
    <p class='ocr_par' dir='ltr' id='par_1_39' title="bbox 553 3470 2125 3547">
     <span class='ocr_line' id='line_1_39' title="bbox 553 3470 2125 3547; baseline 0.003 -19"><span class='ocrx_word' id='word_1_302' title='bbox 553 3476 735 3546; x_wconf 86' lang='grc' dir='ltr'><strong>νόμος,</strong></span> <span class='ocrx_word' id='word_1_303' title='bbox 758 3473 947 3545; x_wconf 83' lang='grc' dir='ltr'><strong>ὥσπερ</strong></span> <span class='ocrx_word' id='word_1_304' title='bbox 970 3470 1064 3527; x_wconf 83' lang='grc' dir='ltr'><strong>οῦν</strong></span> <span class='ocrx_word' id='word_1_305' title='bbox 1088 3474 1182 3528; x_wconf 76' lang='grc' dir='ltr'><strong>καὶ</strong></span> <span class='ocrx_word' id='word_1_306' title='bbox 1202 3473 1544 3546; x_wconf 85' lang='grc' dir='ltr'><strong>ἀλλοτριότης</strong></span> <span class='ocrx_word' id='word_1_307' title='bbox 1563 3477 1596 3547; x_wconf 93' lang='grc' dir='ltr'><strong>ή</strong></span> <span class='ocrx_word' id='word_1_308' title='bbox 1612 3476 1719 3528; x_wconf 89' lang='lat'><strong><em>61:6</em></strong></span> <span class='ocrx_word' id='word_1_309' title='bbox 1734 3475 1840 3530; x_wconf 81' lang='grc' dir='ltr'><strong>τῶν</strong></span> <span class='ocrx_word' id='word_1_310' title='bbox 1867 3477 2125 3533; x_wconf 74' lang='grc' dir='ltr'><strong>ἐναντίων</strong></span> 
     </span>
    </p>
   </div>
   <div class='ocr_carea' id='block_1_40' title="bbox 552 3555 2125 3631">
    <p class='ocr_par' dir='ltr' id='par_1_40' title="bbox 552 3555 2125 3631">
     <span class='ocr_line' id='line_1_40' title="bbox 552 3555 2125 3631; baseline 0.003 -21"><span class='ocrx_word' id='word_1_311' title='bbox 552 3556 853 3628; x_wconf 86' lang='grc' dir='ltr'><strong>τρανοτέρα</strong></span> <span class='ocrx_word' id='word_1_312' title='bbox 874 3555 973 3624; x_wconf 81' lang='grc' dir='ltr'><strong>τῆς</strong></span> <span class='ocrx_word' id='word_1_313' title='bbox 994 3555 1137 3609; x_wconf 81' lang='grc' dir='ltr'><strong>κατὰ</strong></span> <span class='ocrx_word' id='word_1_314' title='bbox 1162 3557 1337 3626; x_wconf 89' lang='grc' dir='ltr'><strong>γένος.</strong></span> <span class='ocrx_word' id='word_1_315' title='bbox 1359 3558 1451 3629; x_wconf 83' lang='grc' dir='ltr'><strong>Μὴ</strong></span> <span class='ocrx_word' id='word_1_316' title='bbox 1474 3558 1650 3611; x_wconf 89' lang='grc' dir='ltr'><strong>τοίνυν</strong></span> <span class='ocrx_word' id='word_1_317' title='bbox 1675 3558 1832 3613; x_wconf 89' lang='grc' dir='ltr'><strong>τοῦτο</strong></span> <span class='ocrx_word' id='word_1_318' title='bbox 1864 3558 1980 3631; x_wconf 71' lang='grc' dir='ltr'><strong>ἴδῃς</strong></span> <span class='ocrx_word' id='word_1_319' title='bbox 1994 3598 2010 3622; x_wconf 91' lang='grc'><strong>,</strong></span> <span class='ocrx_word' id='word_1_320' title='bbox 2043 3560 2125 3614; x_wconf 86' lang='grc' dir='ltr'><strong>ὃτι</strong></span> 
     </span>
    </p>
   </div>
   <div class='ocr_carea' id='block_1_41' title="bbox 556 3638 2124 3712">
    <p class='ocr_par' dir='ltr' id='par_1_41' title="bbox 556 3638 2124 3712">
     <span class='ocr_line' id='line_1_41' title="bbox 556 3638 2124 3712; baseline 0.002 -21"><span class='ocrx_word' id='word_1_321' title='bbox 556 3639 664 3692; x_wconf 88' lang='lat'><strong><em>61:6</em></strong></span> <span class='ocrx_word' id='word_1_322' title='bbox 698 3639 789 3692; x_wconf 82' lang='grc' dir='ltr'><strong>τὸν</strong></span> <span class='ocrx_word' id='word_1_323' title='bbox 825 3638 988 3692; x_wconf 89' lang='grc' dir='ltr'><strong>αὐτόν</strong></span> <span class='ocrx_word' id='word_1_324' title='bbox 1025 3640 1191 3709; x_wconf 86' lang='grc' dir='ltr'><strong>ἐσμεν</strong></span> <span class='ocrx_word' id='word_1_325' title='bbox 1225 3640 1452 3710; x_wconf 74' lang='grc' dir='ltr'><strong>οὐρανὸν</strong></span> <span class='ocrx_word' id='word_1_326' title='bbox 1489 3641 1584 3695; x_wconf 73' lang='grc' dir='ltr'><strong>καὶ</strong></span> <span class='ocrx_word' id='word_1_327' title='bbox 1609 3640 1710 3709; x_wconf 82' lang='grc' dir='ltr'><strong>τὴν</strong></span> <span class='ocrx_word' id='word_1_328' title='bbox 1749 3640 1917 3712; x_wconf 81' lang='grc' dir='ltr'><strong>αὐτὴν</strong></span> <span class='ocrx_word' id='word_1_329' title='bbox 1942 3643 2124 3695; x_wconf 84' lang='grc' dir='ltr'><strong>οἰκου-</strong></span> 
     </span>
    </p>
   </div>
   <div class='ocr_carea' id='block_1_42' title="bbox 559 3721 2125 3799">
    <p class='ocr_par' dir='ltr' id='par_1_42' title="bbox 559 3721 2125 3799">
     <span class='ocr_line' id='line_1_42' title="bbox 559 3721 2125 3799; baseline 0.003 -23"><span class='ocrx_word' id='word_1_330' title='bbox 559 3723 726 3794; x_wconf 82' lang='grc' dir='ltr'><strong>μένην</strong></span> <span class='ocrx_word' id='word_1_331' title='bbox 749 3738 762 3752; x_wconf 89' lang='grc'><strong>·</strong></span> <span class='ocrx_word' id='word_1_332' title='bbox 790 3721 957 3794; x_wconf 79' lang='grc' dir='ltr'><strong>ἀλλην</strong></span> <span class='ocrx_word' id='word_1_333' title='bbox 977 3722 1048 3792; x_wconf 80' lang='lat'><strong>76</strong></span> <span class='ocrx_word' id='word_1_334' title='bbox 1064 3739 1094 3794; x_wconf 93' lang='grc' dir='ltr'><strong>ρ</strong></span> <span class='ocrx_word' id='word_1_335' title='bbox 1119 3721 1230 3792; x_wconf 81' lang='grc' dir='ltr'><strong>ἐγὼ</strong></span> <span class='ocrx_word' id='word_1_336' title='bbox 1260 3724 1541 3777; x_wconf 79' lang='grc' dir='ltr'><strong>κοινωνίαν</strong></span> <span class='ocrx_word' id='word_1_337' title='bbox 1568 3725 1829 3796; x_wconf 78' lang='grc' dir='ltr'><strong>ἐπιζητῶ,</strong></span> <span class='ocrx_word' id='word_1_338' title='bbox 1860 3726 1954 3780; x_wconf 74' lang='grc' dir='ltr'><strong>καὶ</strong></span> <span class='ocrx_word' id='word_1_339' title='bbox 1985 3727 2125 3799; x_wconf 79' lang='grc' dir='ltr'><strong>ὑπὲρ</strong></span> 
     </span>
    </p>
   </div>
   <div class='ocr_carea' id='block_1_43' title="bbox 553 3804 2121 3881">
    <p class='ocr_par' dir='ltr' id='par_1_43' title="bbox 553 3804 2121 3881">
     <span class='ocr_line' id='line_1_43' title="bbox 553 3804 2121 3881; baseline 0.003 -22"><span class='ocrx_word' id='word_1_340' title='bbox 553 3806 647 3859; x_wconf 75' lang='grc' dir='ltr'><strong>τὸν</strong></span> <span class='ocrx_word' id='word_1_341' title='bbox 678 3804 925 3876; x_wconf 87' lang='grc' dir='ltr'><strong>οὐρανόν.</strong></span> <span class='ocrx_word' id='word_1_342' title='bbox 967 3806 1112 3858; x_wconf 84' lang='grc' dir='ltr'><strong>Ἑκεί</strong></span> <span class='ocrx_word' id='word_1_343' title='bbox 1136 3805 1294 3875; x_wconf 87' lang='grc' dir='ltr'><strong>ήμῶν</strong></span> <span class='ocrx_word' id='word_1_344' title='bbox 1326 3806 1387 3860; x_wconf 89' lang='lat'><strong>:6</strong></span> <span class='ocrx_word' id='word_1_345' title='bbox 1422 3806 1724 3877; x_wconf 89' lang='grc' dir='ltr'><strong>πολίτευμα</strong></span> <span class='ocrx_word' id='word_1_346' title='bbox 1755 3810 1851 3862; x_wconf 78' lang='grc' dir='ltr'><strong>καὶ</strong></span> <span class='ocrx_word' id='word_1_347' title='bbox 1884 3812 1918 3881; x_wconf 90' lang='grc' dir='ltr'><strong>ή</strong></span> <span class='ocrx_word' id='word_1_348' title='bbox 1964 3808 2076 3881; x_wconf 77' lang='grc' dir='ltr'><strong>ζωή</strong></span> <span class='ocrx_word' id='word_1_349' title='bbox 2106 3825 2121 3841; x_wconf 84' lang='grc'><strong><em>⁸</em></strong></span> 
     </span>
    </p>
   </div>
   <div class='ocr_carea' id='block_1_44' title="bbox 555 3885 2125 3960">
    <p class='ocr_par' dir='ltr' id='par_1_44' title="bbox 555 3885 2125 3960">
     <span class='ocr_line' id='line_1_44' title="bbox 555 3885 2125 3960; baseline 0.001 -18"><span class='ocrx_word' id='word_1_350' title='bbox 555 3888 687 3954; x_wconf 83' lang='grc' dir='ltr'><strong>Ζωή</strong></span> <span class='ocrx_word' id='word_1_351' title='bbox 717 3888 826 3959; x_wconf 93' lang='grc' dir='ltr'><strong>γάρ</strong></span> <span class='ocrx_word' id='word_1_352' title='bbox 868 3885 1056 3956; x_wconf 76' lang='grc' dir='ltr'><strong>ἡμῶν,</strong></span> <span class='ocrx_word' id='word_1_353' title='bbox 1091 3889 1245 3958; x_wconf 75' lang='grc' dir='ltr'><strong>φησὶ,</strong></span> <span class='ocrx_word' id='word_1_354' title='bbox 1273 3887 1597 3957; x_wconf 77' lang='grc' dir='ltr'><strong>κέκρυπται</strong></span> <span class='ocrx_word' id='word_1_355' title='bbox 1625 3890 1752 3944; x_wconf 86' lang='grc' dir='ltr'><strong>σὺν</strong></span> <span class='ocrx_word' id='word_1_356' title='bbox 1787 3889 1868 3958; x_wconf 76' lang='grc' dir='ltr'><strong>τῷ</strong></span> <span class='ocrx_word' id='word_1_357' title='bbox 1896 3889 2125 3960; x_wconf 75' lang='grc' dir='ltr'><strong>Χριστῷ</strong></span> 
     </span>
    </p>
   </div>
   <div class='ocr_carea' id='block_1_45' title="bbox 553 3968 2125 4046">
    <p class='ocr_par' dir='ltr' id='par_1_45' title="bbox 553 3968 2125 4046">
     <span class='ocr_line' id='line_1_45' title="bbox 553 3968 2125 4046; baseline 0.003 -22"><span class='ocrx_word' id='word_1_358' title='bbox 553 3970 626 4024; x_wconf 82' lang='grc' dir='ltr'><strong>ἐν</strong></span> <span class='ocrx_word' id='word_1_359' title='bbox 649 3969 730 4037; x_wconf 82' lang='grc' dir='ltr'><strong>τῷ</strong></span> <span class='ocrx_word' id='word_1_360' title='bbox 757 3968 898 4036; x_wconf 83' lang='grc' dir='ltr'><strong>Θεῷ.</strong></span> <span class='ocrx_word' id='word_1_361' title='bbox 921 3970 1053 4024; x_wconf 81' lang='grc' dir='ltr'><strong>οὐδὲ</strong></span> <span class='ocrx_word' id='word_1_362' title='bbox 1081 3970 1191 4042; x_wconf 88' lang='lat'><strong>769</strong></span> <span class='ocrx_word' id='word_1_363' title='bbox 1215 3971 1318 4042; x_wconf 85' lang='grc' dir='ltr'><strong>γῆν</strong></span> <span class='ocrx_word' id='word_1_364' title='bbox 1335 3972 1612 4043; x_wconf 79' lang='grc' dir='ltr'><strong>οἰκοῦμεν,</strong></span> <span class='ocrx_word' id='word_1_365' title='bbox 1627 3973 1763 4027; x_wconf 86' lang='grc' dir='ltr'><strong>ἀλλά</strong></span> <span class='ocrx_word' id='word_1_366' title='bbox 1788 3976 2125 4046; x_wconf 80' lang='grc' dir='ltr'><strong>μετέστημεν</strong></span> 
     </span>
    </p>
   </div>
   <div class='ocr_carea' id='block_1_46' title="bbox 532 4053 2123 4130">
    <p class='ocr_par' dir='ltr' id='par_1_46' title="bbox 532 4053 2123 4130">
     <span class='ocr_line' id='line_1_46' title="bbox 532 4053 2123 4130; baseline 0.004 -25"><span class='ocrx_word' id='word_1_367' title='bbox 532 4053 692 4126; x_wconf 77' lang='grc' dir='ltr'><strong>’πρὸς</strong></span> <span class='ocrx_word' id='word_1_368' title='bbox 741 4055 841 4126; x_wconf 82' lang='grc' dir='ltr'><strong>τὴν</strong></span> <span class='ocrx_word' id='word_1_369' title='bbox 884 4054 996 4108; x_wconf 81' lang='grc' dir='ltr'><strong>ἀνω</strong></span> <span class='ocrx_word' id='word_1_370' title='bbox 1050 4054 1398 4127; x_wconf 80' lang='grc' dir='ltr'><strong>μητρόπολιν.</strong></span> <span class='ocrx_word' id='word_1_371' title='bbox 1444 4055 1673 4129; x_wconf 82' lang='grc' dir='ltr'><strong>Ἕτερον</strong></span> <span class='ocrx_word' id='word_1_372' title='bbox 1717 4057 1834 4128; x_wconf 86' lang='grc' dir='ltr'><strong>φῶς</strong></span> <span class='ocrx_word' id='word_1_373' title='bbox 1871 4058 2123 4130; x_wconf 85' lang='grc' dir='ltr'><strong>ἀληθινὸν</strong></span> 
     </span>
    </p>
   </div>
   <div class='ocr_carea' id='block_1_47' title="bbox 553 4136 2124 4209">
    <p class='ocr_par' dir='ltr' id='par_1_47' title="bbox 553 4136 2124 4209">
     <span class='ocr_line' id='line_1_47' title="bbox 553 4136 2124 4209; baseline 0.003 -20"><span class='ocrx_word' id='word_1_374' title='bbox 553 4136 749 4209; x_wconf 73' lang='grc' dir='ltr'><strong>ἔχομεν</strong></span> <span class='ocrx_word' id='word_1_375' title='bbox 768 4177 784 4200; x_wconf 93' lang='grc'><strong>,</strong></span> <span class='ocrx_word' id='word_1_376' title='bbox 828 4136 1019 4207; x_wconf 79' lang='grc' dir='ltr'><strong>ἑτέραν</strong></span> <span class='ocrx_word' id='word_1_377' title='bbox 1064 4136 1330 4208; x_wconf 86' lang='grc' dir='ltr'><strong>πατρίδα,</strong></span> <span class='ocrx_word' id='word_1_378' title='bbox 1379 4138 1473 4193; x_wconf 75' lang='grc' dir='ltr'><strong>καὶ</strong></span> <span class='ocrx_word' id='word_1_379' title='bbox 1516 4140 1738 4204; x_wconf 86' lang='grc' dir='ltr'><strong>πολίτας</strong></span> <span class='ocrx_word' id='word_1_380' title='bbox 1779 4140 1970 4206; x_wconf 78' lang='grc' dir='ltr'><strong>ἄλλους</strong></span> <span class='ocrx_word' id='word_1_381' title='bbox 2030 4141 2124 4196; x_wconf 74' lang='grc' dir='ltr'><strong>καὶ</strong></span> 
     </span>
    </p>
   </div>
   <div class='ocr_carea' id='block_1_48' title="bbox 554 4220 2125 4292">
    <p class='ocr_par' dir='ltr' id='par_1_48' title="bbox 554 4220 2125 4292">
     <span class='ocr_line' id='line_1_48' title="bbox 554 4220 2125 4292; baseline 0.004 -18"><span class='ocrx_word' id='word_1_382' title='bbox 554 4224 855 4290; x_wconf 77' lang='grc' dir='ltr'><strong>συγγενεῖς.</strong></span> <span class='ocrx_word' id='word_1_383' title='bbox 902 4220 992 4273; x_wconf 83' lang='grc' dir='ltr'><strong>Διὸ</strong></span> <span class='ocrx_word' id='word_1_384' title='bbox 1019 4221 1116 4274; x_wconf 75' lang='grc' dir='ltr'><strong>καὶ</strong></span> <span class='ocrx_word' id='word_1_385' title='bbox 1154 4220 1366 4285; x_wconf 86' lang='grc' dir='ltr'><strong>Παῦλος</strong></span> <span class='ocrx_word' id='word_1_386' title='bbox 1412 4221 1596 4292; x_wconf 72' lang='grc' dir='ltr'><strong>ἔλεγεν</strong></span> <span class='ocrx_word' id='word_1_387' title='bbox 1615 4240 1631 4256; x_wconf 79' lang='grc' dir='ltr'><strong>ο</strong></span> <span class='ocrx_word' id='word_1_388' title='bbox 1664 4225 1802 4292; x_wconf 75' lang='grc' dir='ltr'><strong>Ἄρα</strong></span> <span class='ocrx_word' id='word_1_389' title='bbox 1837 4227 1948 4280; x_wconf 82' lang='grc' dir='ltr'><strong>οὐκ</strong></span> <span class='ocrx_word' id='word_1_390' title='bbox 1981 4227 2125 4280; x_wconf 77' lang='grc' dir='ltr'><strong>ἐστὲ</strong></span> 
     </span>
    </p>
   </div>
   <div class='ocr_carea' id='block_1_49' title="bbox 553 4303 2118 4377">
    <p class='ocr_par' dir='ltr' id='par_1_49' title="bbox 553 4303 2118 4377">
     <span class='ocr_line' id='line_1_49' title="bbox 553 4303 2118 4377; baseline 0.004 -19"><span class='ocrx_word' id='word_1_391' title='bbox 553 4305 718 4369; x_wconf 74' lang='grc' dir='ltr'><strong>ξένοι</strong></span> <span class='ocrx_word' id='word_1_392' title='bbox 748 4304 846 4358; x_wconf 83' lang='grc' dir='ltr'><strong>καί</strong></span> <span class='ocrx_word' id='word_1_393' title='bbox 874 4303 1165 4369; x_wconf 68' lang='grc' dir='ltr'><strong>πάροικοι,</strong></span> <span class='ocrx_word' id='word_1_394' title='bbox 1188 4304 1350 4359; x_wconf 79' lang='grc' dir='ltr'><strong>ἀλλὰ</strong></span> <span class='ocrx_word' id='word_1_395' title='bbox 1372 4305 1737 4373; x_wconf 75' lang='grc' dir='ltr'><strong>συμπολῖται</strong></span> <span class='ocrx_word' id='word_1_396' title='bbox 1761 4306 1881 4361; x_wconf 83' lang='grc' dir='ltr'><strong>τῶν</strong></span> <span class='ocrx_word' id='word_1_397' title='bbox 1914 4308 2118 4377; x_wconf 78' lang='grc' dir='ltr'><strong>ἁγίων.</strong></span> 
     </span>
    </p>
   </div>
   <div class='ocr_carea' id='block_1_50' title="bbox 430 4384 2124 4461">
    <p class='ocr_par' dir='ltr' id='par_1_50' title="bbox 430 4384 2124 4461">
     <span class='ocr_line' id='line_1_50' title="bbox 430 4384 2124 4461; baseline 0.001 -16"><span class='ocrx_word' id='word_1_398' title='bbox 430 4392 437 4399; x_wconf 86' lang='grc'><strong>’</strong></span> <span class='ocrx_word' id='word_1_399' title='bbox 554 4388 680 4453; x_wconf 87' lang='grc' dir='ltr'><strong>Πῶς</strong></span> <span class='ocrx_word' id='word_1_400' title='bbox 703 4384 819 4451; x_wconf 83' lang='grc' dir='ltr'><strong>οῦν,</strong></span> <span class='ocrx_word' id='word_1_401' title='bbox 837 4389 988 4457; x_wconf 73' lang='grc' dir='ltr'><strong>φησὶ,</strong></span> <span class='ocrx_word' id='word_1_402' title='bbox 1013 4385 1105 4440; x_wconf 80' lang='grc' dir='ltr'><strong>τὸν</strong></span> <span class='ocrx_word' id='word_1_403' title='bbox 1131 4387 1475 4457; x_wconf 85' lang='grc' dir='ltr'><strong>Σαμαρείτην</strong></span> <span class='ocrx_word' id='word_1_404' title='bbox 1510 4387 1734 4459; x_wconf 86' lang='grc' dir='ltr'><strong>πλησίον</strong></span> <span class='ocrx_word' id='word_1_405' title='bbox 1762 4390 1961 4461; x_wconf 76' lang='grc' dir='ltr'><strong>ἔφησεν</strong></span> <span class='ocrx_word' id='word_1_406' title='bbox 1987 4388 2124 4446; x_wconf 74' lang='grc' dir='ltr'><strong>εἶναι</strong></span> 
     </span>
    </p>
   </div>
   <div class='ocr_carea' id='block_1_51' title="bbox 551 4470 2124 4543">
    <p class='ocr_par' dir='ltr' id='par_1_51' title="bbox 551 4470 2124 4543">
     <span class='ocr_line' id='line_1_51' title="bbox 551 4470 2124 4543; baseline 0.002 -16"><span class='ocrx_word' id='word_1_407' title='bbox 551 4475 583 4526; x_wconf 89' lang='lat'><strong>6</strong></span> <span class='ocrx_word' id='word_1_408' title='bbox 608 4472 842 4543; x_wconf 78' lang='grc' dir='ltr'><strong>Χριστὸς</strong></span> <span class='ocrx_word' id='word_1_409' title='bbox 861 4511 877 4533; x_wconf 86' lang='grc'><strong>,</strong></span> <span class='ocrx_word' id='word_1_410' title='bbox 921 4471 1098 4525; x_wconf 84' lang='grc' dir='ltr'><strong>καίτοι</strong></span> <span class='ocrx_word' id='word_1_411' title='bbox 1129 4470 1263 4525; x_wconf 85' lang='grc' dir='ltr'><strong>πολύ</strong></span> <span class='ocrx_word' id='word_1_412' title='bbox 1303 4470 1364 4524; x_wconf 85' lang='grc' dir='ltr'><strong>τὸ</strong></span> <span class='ocrx_word' id='word_1_413' title='bbox 1397 4470 1560 4541; x_wconf 86' lang='grc' dir='ltr'><strong>μέσον</strong></span> <span class='ocrx_word' id='word_1_414' title='bbox 1588 4470 1680 4537; x_wconf 83' lang='grc' dir='ltr'><strong>δν;</strong></span> <span class='ocrx_word' id='word_1_415' title='bbox 1720 4471 1857 4526; x_wconf 80' lang='grc' dir='ltr'><strong>Ἀλλ’</strong></span> <span class='ocrx_word' id='word_1_416' title='bbox 1886 4474 1946 4527; x_wconf 82' lang='grc' dir='ltr'><strong>οὐ</strong></span> <span class='ocrx_word' id='word_1_417' title='bbox 1983 4477 2124 4530; x_wconf 87' lang='grc' dir='ltr'><strong>κατά</strong></span> 
     </span>
    </p>
   </div>
   <div class='ocr_carea' id='block_1_52' title="bbox 553 4549 2125 4628">
    <p class='ocr_par' dir='ltr' id='par_1_52' title="bbox 553 4549 2125 4628">
     <span class='ocr_line' id='line_1_52' title="bbox 553 4549 2125 4628; baseline 0.003 -21"><span class='ocrx_word' id='word_1_418' title='bbox 553 4555 647 4609; x_wconf 83' lang='grc' dir='ltr'><strong>τὸν</strong></span> <span class='ocrx_word' id='word_1_419' title='bbox 673 4556 773 4627; x_wconf 79' lang='grc' dir='ltr'><strong>τῆς</strong></span> <span class='ocrx_word' id='word_1_420' title='bbox 802 4553 1015 4625; x_wconf 77' lang='grc' dir='ltr'><strong>φύσεως</strong></span> <span class='ocrx_word' id='word_1_421' title='bbox 1055 4553 1232 4624; x_wconf 90' lang='grc' dir='ltr'><strong>λόγον.</strong></span> <span class='ocrx_word' id='word_1_422' title='bbox 1268 4552 1437 4606; x_wconf 84' lang='grc' dir='ltr'><strong>Ὅταν</strong></span> <span class='ocrx_word' id='word_1_423' title='bbox 1482 4549 1574 4606; x_wconf 85' lang='grc' dir='ltr'><strong>οῦν</strong></span> <span class='ocrx_word' id='word_1_424' title='bbox 1602 4553 1836 4608; x_wconf 84' lang='grc' dir='ltr'><strong>εὐποιείν</strong></span> <span class='ocrx_word' id='word_1_425' title='bbox 1864 4554 1981 4628; x_wconf 78' lang='grc' dir='ltr'><strong>δέῃ,</strong></span> <span class='ocrx_word' id='word_1_426' title='bbox 2016 4559 2125 4623; x_wconf 79' lang='grc' dir='ltr'><strong>πᾶς</strong></span> 
     </span>
    </p>
   </div>
   <div class='ocr_carea' id='block_1_53' title="bbox 554 4634 2123 4713">
    <p class='ocr_par' dir='ltr' id='par_1_53' title="bbox 554 4634 2123 4713">
     <span class='ocr_line' id='line_1_53' title="bbox 554 4634 2123 4713; baseline 0.006 -29"><span class='ocrx_word' id='word_1_427' title='bbox 554 4636 838 4708; x_wconf 78' lang='grc' dir='ltr'><strong>ἄνθρωπός</strong></span> <span class='ocrx_word' id='word_1_428' title='bbox 894 4652 977 4690; x_wconf 89' lang='grc' dir='ltr'><strong>σοι</strong></span> <span class='ocrx_word' id='word_1_429' title='bbox 1031 4637 1198 4705; x_wconf 80' lang='grc' dir='ltr'><strong>ἐγγὺς</strong></span> <span class='ocrx_word' id='word_1_430' title='bbox 1242 4636 1415 4690; x_wconf 66' lang='grc' dir='ltr'><strong>ἔστω*</strong></span> <span class='ocrx_word' id='word_1_431' title='bbox 1464 4636 1592 4691; x_wconf 82' lang='grc' dir='ltr'><strong>ὅταν</strong></span> <span class='ocrx_word' id='word_1_432' title='bbox 1638 4634 1788 4709; x_wconf 64' lang='grc'><strong>[464]</strong></span> <span class='ocrx_word' id='word_1_433' title='bbox 1841 4636 1898 4690; x_wconf 86' lang='grc' dir='ltr'><strong>δὲ</strong></span> <span class='ocrx_word' id='word_1_434' title='bbox 1945 4639 1975 4691; x_wconf 93' lang='lat'><strong>6</strong></span> <span class='ocrx_word' id='word_1_435' title='bbox 2023 4642 2123 4713; x_wconf 81' lang='grc' dir='ltr'><strong>τῆς</strong></span> 
     </span>
    </p>
   </div>
   <div class='ocr_carea' id='block_1_54' title="bbox 557 4716 2122 4790">
    <p class='ocr_par' dir='ltr' id='par_1_54' title="bbox 557 4716 2122 4790">
     <span class='ocr_line' id='line_1_54' title="bbox 557 4716 2122 4790; baseline 0.003 -20"><span class='ocrx_word' id='word_1_436' title='bbox 557 4716 813 4787; x_wconf 86' lang='grc' dir='ltr'><strong>ἀληθείας</strong></span> <span class='ocrx_word' id='word_1_437' title='bbox 848 4717 1191 4790; x_wconf 73' lang='grc' dir='ltr'><strong>γυμνάζηται</strong></span> <span class='ocrx_word' id='word_1_438' title='bbox 1216 4718 1393 4787; x_wconf 84' lang='grc' dir='ltr'><strong>λόγος,</strong></span> <span class='ocrx_word' id='word_1_439' title='bbox 1428 4716 1754 4788; x_wconf 79' lang='grc' dir='ltr'><strong>ὲπιγίνωσκε</strong></span> <span class='ocrx_word' id='word_1_440' title='bbox 1799 4718 1890 4774; x_wconf 83' lang='grc' dir='ltr'><strong>τὸν</strong></span> <span class='ocrx_word' id='word_1_441' title='bbox 1925 4722 2122 4776; x_wconf 83' lang='grc' dir='ltr'><strong>οἰκεῖον</strong></span> 
     </span>
    </p>
   </div>
   <div class='ocr_carea' id='block_1_55' title="bbox 557 4800 2123 4876">
    <p class='ocr_par' dir='ltr' id='par_1_55' title="bbox 557 4800 2123 4876">
     <span class='ocr_line' id='line_1_55' title="bbox 557 4800 2123 4876; baseline 0.004 -23"><span class='ocrx_word' id='word_1_442' title='bbox 557 4800 654 4853; x_wconf 82' lang='grc' dir='ltr'><strong>καὶ</strong></span> <span class='ocrx_word' id='word_1_443' title='bbox 683 4801 773 4853; x_wconf 76' lang='grc' dir='ltr'><strong>τὸν</strong></span> <span class='ocrx_word' id='word_1_444' title='bbox 805 4801 1105 4874; x_wconf 88' lang='grc' dir='ltr'><strong>ἀλλότριον.</strong></span> <span class='ocrx_word' id='word_1_445' title='bbox 1134 4803 1253 4856; x_wconf 81' lang='grc' dir='ltr'><strong>Κᾶν</strong></span> <span class='ocrx_word' id='word_1_446' title='bbox 1272 4800 1498 4871; x_wconf 70' lang='grc' dir='ltr'><strong>ἀδελφὸν</strong></span> <span class='ocrx_word' id='word_1_447' title='bbox 1521 4800 1649 4874; x_wconf 76' lang='grc' dir='ltr'><strong>ἔχῃς</strong></span> <span class='ocrx_word' id='word_1_448' title='bbox 1678 4803 2007 4876; x_wconf 82' lang='grc' dir='ltr'><strong>ὁμοπάτριον</strong></span> <span class='ocrx_word' id='word_1_449' title='bbox 2029 4806 2123 4860; x_wconf 80' lang='grc' dir='ltr'><strong>καὶ</strong></span> 
     </span>
    </p>
   </div>
   <div class='ocr_carea' id='block_1_56' title="bbox 553 4884 2122 4959">
    <p class='ocr_par' dir='ltr' id='par_1_56' title="bbox 553 4884 2122 4959">
     <span class='ocr_line' id='line_1_56' title="bbox 553 4884 2122 4959; baseline 0.003 -23"><span class='ocrx_word' id='word_1_450' title='bbox 553 4884 905 4953; x_wconf 82' lang='grc' dir='ltr'><strong>ὁμομήτριον,</strong></span> <span class='ocrx_word' id='word_1_451' title='bbox 919 4884 1014 4937; x_wconf 79' lang='grc' dir='ltr'><strong>καὶ</strong></span> <span class='ocrx_word' id='word_1_452' title='bbox 1027 4884 1102 4955; x_wconf 80' lang='grc' dir='ltr'><strong>μὴ</strong></span> <span class='ocrx_word' id='word_1_453' title='bbox 1117 4885 1417 4956; x_wconf 82' lang='grc' dir='ltr'><strong>κοινωνήσῃ</strong></span> <span class='ocrx_word' id='word_1_454' title='bbox 1445 4899 1526 4937; x_wconf 89' lang='grc' dir='ltr'><strong>σοι</strong></span> <span class='ocrx_word' id='word_1_455' title='bbox 1543 4895 1571 4925; x_wconf 77' lang='grc' dir='ltr'>ι</span> <span class='ocrx_word' id='word_1_456' title='bbox 1597 4885 1738 4938; x_wconf 87' lang='grc' dir='ltr'><strong>κατά</strong></span> <span class='ocrx_word' id='word_1_457' title='bbox 1757 4886 1847 4938; x_wconf 79' lang='grc' dir='ltr'><strong>τὸν</strong></span> <span class='ocrx_word' id='word_1_458' title='bbox 1860 4886 1958 4956; x_wconf 83' lang='grc' dir='ltr'><strong>τῆς</strong></span> <span class='ocrx_word' id='word_1_459' title='bbox 1988 4887 2122 4959; x_wconf 85' lang='grc' dir='ltr'><strong>ἀλη-</strong></span> 
     </span>
    </p>
   </div>
   <div class='ocr_carea' id='block_1_57' title="bbox 556 4963 2122 5041">
    <p class='ocr_par' dir='ltr' id='par_1_57' title="bbox 556 4963 2122 5041">
     <span class='ocr_line' id='line_1_57' title="bbox 556 4963 2122 5041; baseline 0.004 -24"><span class='ocrx_word' id='word_1_460' title='bbox 556 4963 704 5028; x_wconf 85' lang='grc' dir='ltr'><strong>θείας</strong></span> <span class='ocrx_word' id='word_1_461' title='bbox 716 4964 899 5035; x_wconf 87' lang='grc' dir='ltr'><strong>νόμον,</strong></span> <span class='ocrx_word' id='word_1_462' title='bbox 913 4965 1052 5019; x_wconf 73' lang='grc' dir='ltr'><strong>ἔστω</strong></span> <span class='ocrx_word' id='word_1_463' title='bbox 1069 4981 1149 5020; x_wconf 92' lang='grc' dir='ltr'><strong>σοι</strong></span> <span class='ocrx_word' id='word_1_464' title='bbox 1163 4965 1258 5019; x_wconf 92' lang='grc' dir='ltr'><strong>τοῦ</strong></span> <span class='ocrx_word' id='word_1_465' title='bbox 1274 4965 1480 5020; x_wconf 85' lang='grc' dir='ltr'><strong>Σκύθου</strong></span> <span class='ocrx_word' id='word_1_466' title='bbox 1499 4965 1879 5038; x_wconf 88' lang='grc' dir='ltr'><strong>βαρϐαρικώτε</strong></span> <span class='ocrx_word' id='word_1_467' title='bbox 1886 4986 1997 5041; x_wconf 91' lang='grc' dir='ltr'><strong>ρος·</strong></span> <span class='ocrx_word' id='word_1_468' title='bbox 2019 4972 2122 5025; x_wconf 66' lang='grc' dir='ltr'><strong>κᾶν</strong></span> 
     </span>
    </p>
   </div>
   <div class='ocr_carea' id='block_1_58' title="bbox 550 5046 2124 5125">
    <p class='ocr_par' dir='ltr' id='par_1_58' title="bbox 550 5046 2124 5125">
     <span class='ocr_line' id='line_1_58' title="bbox 550 5046 2124 5125; baseline 0.003 -22"><span class='ocrx_word' id='word_1_469' title='bbox 550 5047 788 5120; x_wconf 86' lang='grc' dir='ltr'><strong>Σκύθης,</strong></span> <span class='ocrx_word' id='word_1_470' title='bbox 806 5047 907 5102; x_wconf 78' lang='grc' dir='ltr'><strong>κάν</strong></span> <span class='ocrx_word' id='word_1_471' title='bbox 933 5046 1360 5122; x_wconf 84' lang='grc' dir='ltr'><strong>Σαυρομάτηςῇ,</strong></span> <span class='ocrx_word' id='word_1_472' title='bbox 1379 5048 1487 5105; x_wconf 87' lang='grc' dir='ltr'><strong>τῶν</strong></span> <span class='ocrx_word' id='word_1_473' title='bbox 1502 5049 1786 5122; x_wconf 82' lang='grc' dir='ltr'><strong>δογμάτων</strong></span> <span class='ocrx_word' id='word_1_474' title='bbox 1801 5050 1858 5104; x_wconf 88' lang='lat'><strong>66</strong></span> <span class='ocrx_word' id='word_1_475' title='bbox 1885 5052 2000 5124; x_wconf 76' lang='grc' dir='ltr'><strong>εἰδῇ</strong></span> <span class='ocrx_word' id='word_1_476' title='bbox 2024 5053 2124 5125; x_wconf 83' lang='grc' dir='ltr'><strong>τὴν</strong></span> 
     </span>
    </p>
   </div>
   <div class='ocr_carea' id='block_1_59' title="bbox 551 5131 2122 5207">
    <p class='ocr_par' dir='ltr' id='par_1_59' title="bbox 551 5131 2122 5207">
     <span class='ocr_line' id='line_1_59' title="bbox 551 5131 2122 5207; baseline 0.001 -17"><span class='ocrx_word' id='word_1_477' title='bbox 551 5133 856 5207; x_wconf 81' lang='grc' dir='ltr'><strong>ἀκρίϐειαν,</strong></span> <span class='ocrx_word' id='word_1_478' title='bbox 876 5133 971 5188; x_wconf 74' lang='grc' dir='ltr'><strong>καὶ</strong></span> <span class='ocrx_word' id='word_1_479' title='bbox 992 5131 1219 5206; x_wconf 79' lang='grc' dir='ltr'><strong>πιστεύῃ</strong></span> <span class='ocrx_word' id='word_1_480' title='bbox 1236 5132 1392 5187; x_wconf 86' lang='grc' dir='ltr'><strong>τοῦτο</strong></span> <span class='ocrx_word' id='word_1_481' title='bbox 1407 5133 1436 5187; x_wconf 86' lang='grc' dir='ltr'><strong>ὃ</strong></span> <span class='ocrx_word' id='word_1_482' title='bbox 1450 5134 1543 5187; x_wconf 74' lang='grc' dir='ltr'><strong>καὶ</strong></span> <span class='ocrx_word' id='word_1_483' title='bbox 1562 5133 1724 5197; x_wconf 80' lang='grc' dir='ltr'><strong>αὐτὸς</strong></span> <span class='ocrx_word' id='word_1_484' title='bbox 1743 5134 1828 5199; x_wconf 86' lang='grc' dir='ltr'><strong>σύ,</strong></span> <span class='ocrx_word' id='word_1_485' title='bbox 1849 5135 2011 5190; x_wconf 88' lang='grc' dir='ltr'><strong>αὐτοῦ</strong></span> <span class='ocrx_word' id='word_1_486' title='bbox 2029 5138 2122 5192; x_wconf 87' lang='grc' dir='ltr'><strong>τοῦ</strong></span> 
     </span>
    </p>
   </div>
   <div class='ocr_carea' id='block_1_60' title="bbox 550 5215 2125 5290">
    <p class='ocr_par' dir='ltr' id='par_1_60' title="bbox 550 5215 2125 5290">
     <span class='ocr_line' id='line_1_60' title="bbox 550 5215 2125 5290; baseline 0.003 -19"><span class='ocrx_word' id='word_1_487' title='bbox 550 5218 651 5281; x_wconf 77' lang='lat'><strong>:6;</strong></span> <span class='ocrx_word' id='word_1_488' title='bbox 674 5215 844 5280; x_wconf 84' lang='lat'><strong><em>66:6;</em></strong></span> <span class='ocrx_word' id='word_1_489' title='bbox 863 5216 1056 5280; x_wconf 89' lang='grc' dir='ltr'><strong>ώδῖνας</strong></span> <span class='ocrx_word' id='word_1_490' title='bbox 1086 5215 1170 5269; x_wconf 75' lang='grc' dir='ltr'><strong>σοὶ</strong></span> <span class='ocrx_word' id='word_1_491' title='bbox 1192 5215 1452 5281; x_wconf 87' lang='grc' dir='ltr'><strong>λύσαντος</strong></span> <span class='ocrx_word' id='word_1_492' title='bbox 1499 5217 1828 5290; x_wconf 72' lang='grc' dir='ltr'><strong>οἰκειότερος</strong></span> <span class='ocrx_word' id='word_1_493' title='bbox 1859 5217 2000 5275; x_wconf 76' lang='grc' dir='ltr'><strong>ἔστω</strong></span> <span class='ocrx_word' id='word_1_494' title='bbox 2029 5222 2125 5276; x_wconf 78' lang='grc' dir='ltr'><strong>καὶ</strong></span> 
     </span>
    </p>
   </div>
   <div class='ocr_carea' id='block_1_61' title="bbox 551 5299 2126 5374">
    <p class='ocr_par' dir='ltr' id='par_1_61' title="bbox 551 5299 2126 5374">
     <span class='ocr_line' id='line_1_61' title="bbox 551 5299 2126 5374; baseline 0.002 -19"><span class='ocrx_word' id='word_1_495' title='bbox 551 5300 848 5374; x_wconf 83' lang='grc' dir='ltr'><strong>ἐγγύτερος</strong></span> <span class='ocrx_word' id='word_1_496' title='bbox 866 5317 880 5332; x_wconf 87' lang='grc'><strong>·</strong></span> <span class='ocrx_word' id='word_1_497' title='bbox 907 5302 1000 5356; x_wconf 80' lang='grc' dir='ltr'><strong>καὶ</strong></span> <span class='ocrx_word' id='word_1_498' title='bbox 1030 5300 1122 5355; x_wconf 78' lang='grc' dir='ltr'><strong>τὸν</strong></span> <span class='ocrx_word' id='word_1_499' title='bbox 1149 5299 1424 5374; x_wconf 83' lang='grc' dir='ltr'><strong>βάρϐαρον</strong></span> <span class='ocrx_word' id='word_1_500' title='bbox 1450 5303 1544 5354; x_wconf 71' lang='grc' dir='ltr'><strong>καὶ</strong></span> <span class='ocrx_word' id='word_1_501' title='bbox 1571 5301 1664 5355; x_wconf 78' lang='grc' dir='ltr'><strong>τὸν</strong></span> <span class='ocrx_word' id='word_1_502' title='bbox 1691 5302 1751 5355; x_wconf 91' lang='grc' dir='ltr'><strong>οὐ</strong></span> <span class='ocrx_word' id='word_1_503' title='bbox 1777 5303 2017 5358; x_wconf 89' lang='grc' dir='ltr'><strong>τοιοῦτον</strong></span> <span class='ocrx_word' id='word_1_504' title='bbox 2037 5306 2126 5359; x_wconf 81' lang='grc' dir='ltr'><strong>ἐν·</strong></span> 
     </span>
    </p>
   </div>
   <div class='ocr_carea' id='block_1_62' title="bbox 550 5382 2126 5459">
    <p class='ocr_par' dir='ltr' id='par_1_62' title="bbox 550 5382 2126 5459">
     <span class='ocr_line' id='line_1_62' title="bbox 550 5382 2126 5459; baseline 0.004 -23"><span class='ocrx_word' id='word_1_505' title='bbox 550 5382 740 5438; x_wconf 84' lang='grc' dir='ltr'><strong>τεῦθεν</strong></span> <span class='ocrx_word' id='word_1_506' title='bbox 761 5384 1146 5458; x_wconf 83' lang='grc' dir='ltr'><strong>διακρίνωμεν,</strong></span> <span class='ocrx_word' id='word_1_507' title='bbox 1178 5384 1254 5456; x_wconf 81' lang='grc' dir='ltr'><strong>μὴ</strong></span> <span class='ocrx_word' id='word_1_508' title='bbox 1282 5384 1390 5437; x_wconf 82' lang='grc' dir='ltr'><strong>ἀπὸ</strong></span> <span class='ocrx_word' id='word_1_509' title='bbox 1417 5386 1519 5455; x_wconf 77' lang='grc' dir='ltr'><strong>τῆς</strong></span> <span class='ocrx_word' id='word_1_510' title='bbox 1538 5383 1804 5458; x_wconf 85' lang='grc' dir='ltr'><strong>γλώττης,</strong></span> <span class='ocrx_word' id='word_1_511' title='bbox 1854 5387 1990 5459; x_wconf 85' lang='grc' dir='ltr'><strong>μηδέ</strong></span> <span class='ocrx_word' id='word_1_512' title='bbox 2017 5389 2126 5443; x_wconf 80' lang='grc' dir='ltr'><strong>ἀπὸ</strong></span> 
     </span>
    </p>
   </div>
   <div class='ocr_carea' id='block_1_63' title="bbox 549 5466 2120 5543">
    <p class='ocr_par' dir='ltr' id='par_1_63' title="bbox 549 5466 2120 5543">
     <span class='ocr_line' id='line_1_63' title="bbox 549 5466 2120 5543; baseline 0.004 -24"><span class='ocrx_word' id='word_1_513' title='bbox 549 5466 646 5520; x_wconf 84' lang='grc' dir='ltr'><strong>τοῦ</strong></span> <span class='ocrx_word' id='word_1_514' title='bbox 689 5468 911 5537; x_wconf 77' lang='grc' dir='ltr'><strong>γένους,</strong></span> <span class='ocrx_word' id='word_1_515' title='bbox 954 5468 1066 5523; x_wconf 81' lang='grc' dir='ltr'><strong>ἀλλ’</strong></span> <span class='ocrx_word' id='word_1_516' title='bbox 1096 5469 1205 5525; x_wconf 80' lang='lat'><strong><em>61:6</em></strong></span> <span class='ocrx_word' id='word_1_517' title='bbox 1252 5472 1352 5541; x_wconf 86' lang='grc' dir='ltr'><strong>τῆς</strong></span> <span class='ocrx_word' id='word_1_518' title='bbox 1380 5466 1606 5540; x_wconf 83' lang='grc' dir='ltr'><strong>γνώμης</strong></span> <span class='ocrx_word' id='word_1_519' title='bbox 1644 5470 1738 5523; x_wconf 75' lang='grc' dir='ltr'><strong>καὶ</strong></span> <span class='ocrx_word' id='word_1_520' title='bbox 1777 5469 1876 5543; x_wconf 83' lang='grc' dir='ltr'><strong>τῆς</strong></span> <span class='ocrx_word' id='word_1_521' title='bbox 1919 5470 2120 5543; x_wconf 80' lang='grc' dir='ltr'><strong>ψυχῆς.</strong></span> 
     </span>
    </p>
   </div>
   <div class='ocr_carea' id='block_1_64' title="bbox 615 5620 2119 5693">
    <p class='ocr_par' dir='ltr' id='par_1_64' title="bbox 615 5620 2119 5693">
     <span class='ocr_line' id='line_1_64' title="bbox 615 5620 2119 5693; baseline 0.008 -26"><span class='ocrx_word' id='word_1_522' title='bbox 615 5620 634 5642; x_wconf 81' lang='grc'><strong><em>⁸</em></strong></span> <span class='ocrx_word' id='word_1_523' title='bbox 653 5621 911 5693; x_wconf 33' lang='grc' dir='ltr'><strong>δανίιλκαὶ</strong></span> <span class='ocrx_word' id='word_1_524' title='bbox 934 5628 997 5685; x_wconf 75' lang='grc' dir='ltr'><strong>μὴ</strong></span> <span class='ocrx_word' id='word_1_525' title='bbox 1020 5633 1221 5692; x_wconf 77' lang='grc' dir='ltr'><strong>κοινωνῇ</strong></span> <span class='ocrx_word' id='word_1_526' title='bbox 1244 5645 1341 5681; x_wconf 91' lang='grc' dir='ltr'><strong>σοι.</strong></span> <span class='ocrx_word' id='word_1_527' title='bbox 1366 5626 1476 5678; x_wconf 66' lang='lat' dir='ltr'><strong>Mox</strong></span> <span class='ocrx_word' id='word_1_528' title='bbox 1508 5625 1657 5678; x_wconf 77' lang='lat' dir='ltr'><strong>Savil.</strong></span> <span class='ocrx_word' id='word_1_529' title='bbox 1682 5627 1771 5678; x_wconf 80' lang='grc' dir='ltr'><strong>κᾶν</strong></span> <span class='ocrx_word' id='word_1_530' title='bbox 1801 5629 2119 5693; x_wconf 76' lang='grc' dir='ltr'><strong>Σαυρομάτης.</strong></span> 
     </span>
    </p>
   </div>
   <div class='ocr_carea' id='block_1_65' title="bbox 560 5681 937 5748">
    <p class='ocr_par' dir='ltr' id='par_1_65' title="bbox 560 5681 937 5748">
     <span class='ocr_line' id='line_1_65' title="bbox 560 5681 937 5748; baseline 0.019 -17"><span class='ocrx_word' id='word_1_531' title='bbox 560 5681 676 5731; x_wconf 73' lang='lat' dir='ltr'><strong>Mor.</strong></span> <span class='ocrx_word' id='word_1_532' title='bbox 696 5684 775 5731; x_wconf 80' lang='grc' dir='ltr'><strong>καὶ</strong></span> <span class='ocrx_word' id='word_1_533' title='bbox 796 5685 937 5748; x_wconf 75' lang='grc' dir='ltr'><strong>Σανρ.</strong></span> 
     </span>
    </p>
   </div>
   <div class='ocr_carea' id='block_1_66' title="bbox 1267 295 3103 361">
    <p class='ocr_par' dir='ltr' id='par_1_66' title="bbox 1267 295 3103 361">
     <span class='ocr_line' id='line_1_66' title="bbox 1267 295 3103 361; baseline 0.001 -3"><span class='ocrx_word' id='word_1_534' title='bbox 1267 300 1327 359; x_wconf 89' lang='lat' dir='ltr'><strong>S.</strong></span> <span class='ocrx_word' id='word_1_535' title='bbox 1359 295 2160 357; x_wconf 49' lang='lat' dir='ltr'><strong>JOANNIS‘CHBYSOSTOMI</strong></span> <span class='ocrx_word' id='word_1_536' title='bbox 2196 297 2516 355; x_wconf 82' lang='lat' dir='ltr'><strong>ARCHIEP.</strong></span> <span class='ocrx_word' id='word_1_537' title='bbox 2556 301 3103 361; x_wconf 56' lang='lat' dir='ltr'><strong>CONSTANTIAOP.</strong></span> 
     </span>
    </p>
   </div>
   <div class='ocr_carea' id='block_1_67' title="bbox 3714 304 3829 365">
    <p class='ocr_par' dir='ltr' id='par_1_67' title="bbox 3714 304 3829 365">
     <span class='ocr_line' id='line_1_67' title="bbox 3714 304 3829 365; baseline 0 -2"><span class='ocrx_word' id='word_1_538' title='bbox 3714 304 3829 365; x_wconf 72' lang='grc' dir='ltr'><strong>ιω</strong></span> 
     </span>
    </p>
   </div>
   <div class='ocr_carea' id='block_1_68' title="bbox 2234 416 3827 493">
    <p class='ocr_par' dir='ltr' id='par_1_68' title="bbox 2234 416 3827 493">
     <span class='ocr_line' id='line_1_68' title="bbox 2234 416 3827 493; baseline 0.004 -23"><span class='ocrx_word' id='word_1_539' title='bbox 2234 416 2405 471; x_wconf 84' lang='grc' dir='ltr'><strong>Τοῦτο</strong></span> <span class='ocrx_word' id='word_1_540' title='bbox 2428 418 2536 490; x_wconf 78' lang='grc' dir='ltr'><strong>γὰρ</strong></span> <span class='ocrx_word' id='word_1_541' title='bbox 2571 419 2804 489; x_wconf 91' lang='grc' dir='ltr'><strong>μάλιστα</strong></span> <span class='ocrx_word' id='word_1_542' title='bbox 2829 419 3136 493; x_wconf 76' lang='grc' dir='ltr'><strong>ἄνθρωπος,</strong></span> <span class='ocrx_word' id='word_1_543' title='bbox 3170 420 3298 475; x_wconf 82' lang='grc' dir='ltr'><strong>ὅταν</strong></span> <span class='ocrx_word' id='word_1_544' title='bbox 3328 418 3618 492; x_wconf 80' lang='grc' dir='ltr'><strong>δογμάτων</strong></span> <span class='ocrx_word' id='word_1_545' title='bbox 3646 419 3827 492; x_wconf 74' lang='grc' dir='ltr'><strong>ἀκρίο</strong></span> 
     </span>
    </p>
   </div>
   <div class='ocr_carea' id='block_1_69' title="bbox 2228 499 3269 576">
    <p class='ocr_par' dir='ltr' id='par_1_69' title="bbox 2228 499 3269 576">
     <span class='ocr_line' id='line_1_69' title="bbox 2228 499 3269 576; baseline 0.006 -24"><span class='ocrx_word' id='word_1_546' title='bbox 2228 499 2382 555; x_wconf 89' lang='grc' dir='ltr'><strong>ϐειαν</strong></span> <span class='ocrx_word' id='word_1_547' title='bbox 2400 501 2500 576; x_wconf 72' lang='grc' dir='ltr'><strong>ἔχῃ</strong></span> <span class='ocrx_word' id='word_1_548' title='bbox 2536 503 2628 557; x_wconf 79' lang='grc' dir='ltr'><strong>καὶ</strong></span> <span class='ocrx_word' id='word_1_549' title='bbox 2657 503 2932 557; x_wconf 85' lang='grc' dir='ltr'><strong>πολιτείαν</strong></span> <span class='ocrx_word' id='word_1_550' title='bbox 2962 503 3269 573; x_wconf 79' lang='grc' dir='ltr'><strong>φιλόσοφον.</strong></span> 
     </span>
    </p>
   </div>
   <div class='ocr_carea' id='block_1_70' title="bbox 2297 635 3833 708">
    <p class='ocr_par' dir='ltr' id='par_1_70' title="bbox 2297 635 3833 708">
     <span class='ocr_line' id='line_1_70' title="bbox 2297 635 3833 708; baseline 0.001 -20"><span class='ocrx_word' id='word_1_551' title='bbox 2297 635 2362 689; x_wconf 78' lang='grc' dir='ltr'><strong>δ’.</strong></span> <span class='ocrx_word' id='word_1_552' title='bbox 2398 635 2537 689; x_wconf 80' lang='grc' dir='ltr'><strong>Ἀλλ’</strong></span> <span class='ocrx_word' id='word_1_553' title='bbox 2574 636 2770 708; x_wconf 74' lang='grc' dir='ltr'><strong>ἴδωμεν</strong></span> <span class='ocrx_word' id='word_1_554' title='bbox 2803 637 2988 692; x_wconf 83' lang='grc' dir='ltr'><strong>λοιπὸν</strong></span> <span class='ocrx_word' id='word_1_555' title='bbox 3024 639 3151 701; x_wconf 78' lang='grc' dir='ltr'><strong>τοὺς</strong></span> <span class='ocrx_word' id='word_1_556' title='bbox 3183 636 3513 708; x_wconf 86' lang='grc' dir='ltr'><strong>ἀλλοτρίους,</strong></span> <span class='ocrx_word' id='word_1_557' title='bbox 3546 636 3672 700; x_wconf 86' lang='grc' dir='ltr'><strong>πῶς</strong></span> <span class='ocrx_word' id='word_1_558' title='bbox 3713 637 3833 690; x_wconf 78' lang='grc' dir='ltr'><strong>αὐ·-</strong></span> 
     </span>
    </p>
   </div>
   <div class='ocr_carea' id='block_1_71' title="bbox 2226 718 3833 792">
    <p class='ocr_par' dir='ltr' id='par_1_71' title="bbox 2226 718 3833 792">
     <span class='ocr_line' id='line_1_71' title="bbox 2226 718 3833 792; baseline 0.002 -22"><span class='ocrx_word' id='word_1_559' title='bbox 2226 718 2353 781; x_wconf 84' lang='grc' dir='ltr'><strong>τούς</strong></span> <span class='ocrx_word' id='word_1_560' title='bbox 2387 719 2670 791; x_wconf 77' lang='grc' dir='ltr'><strong>ὑπέγραψε</strong></span> <span class='ocrx_word' id='word_1_561' title='bbox 2698 721 2793 775; x_wconf 75' lang='grc' dir='ltr'><strong>καὶ</strong></span> <span class='ocrx_word' id='word_1_562' title='bbox 2820 723 2849 775; x_wconf 89' lang='lat'><strong>6</strong></span> <span class='ocrx_word' id='word_1_563' title='bbox 2884 722 3190 792; x_wconf 77' lang='grc' dir='ltr'><strong>προφήτης,</strong></span> <span class='ocrx_word' id='word_1_564' title='bbox 3229 718 3429 773; x_wconf 72' lang='grc' dir='ltr'><strong>εἰπών·</strong></span> <span class='ocrx_word' id='word_1_565' title='bbox 3467 719 3722 784; x_wconf 76' lang='grc' dir='ltr'><strong>Ἐξελθῦ</strong></span> <span class='ocrx_word' id='word_1_566' title='bbox 3744 736 3833 788; x_wconf 76' lang='grc' dir='ltr'><strong>με</strong></span> 
     </span>
    </p>
   </div>
   <div class='ocr_carea' id='block_1_72' title="bbox 2225 797 3832 871">
    <p class='ocr_par' dir='ltr' id='par_1_72' title="bbox 2225 797 3832 871">
     <span class='ocr_line' id='line_1_72' title="bbox 2225 797 3832 871; baseline 0.001 -18"><span class='ocrx_word' id='word_1_567' title='bbox 2225 799 2295 853; x_wconf 76' lang='grc' dir='ltr'><strong>ἐκ</strong></span> <span class='ocrx_word' id='word_1_568' title='bbox 2325 801 2523 869; x_wconf 82' lang='grc' dir='ltr'><strong>χειρὸς</strong></span> <span class='ocrx_word' id='word_1_569' title='bbox 2550 801 2698 856; x_wconf 85' lang='grc' dir='ltr'><strong>υἱῶν</strong></span> <span class='ocrx_word' id='word_1_570' title='bbox 2721 804 3075 871; x_wconf 78' lang='grc' dir='ltr'><strong>ἀλλοτρίων.</strong></span> <span class='ocrx_word' id='word_1_571' title='bbox 3103 797 3191 858; x_wconf 84' lang='grc' dir='ltr'><strong>ὧν</strong></span> <span class='ocrx_word' id='word_1_572' title='bbox 3219 803 3286 857; x_wconf 78' lang='grc' dir='ltr'><strong>τὸ</strong></span> <span class='ocrx_word' id='word_1_573' title='bbox 3314 803 3507 871; x_wconf 76' lang='grc' dir='ltr'><strong>στόμα</strong></span> <span class='ocrx_word' id='word_1_574' title='bbox 3532 801 3832 867; x_wconf 57' lang='lat' dir='ltr'><strong>luctiﬁca</strong></span> 
     </span>
    </p>
   </div>
   <div class='ocr_carea' id='block_1_73' title="bbox 2228 884 3825 956">
    <p class='ocr_par' dir='ltr' id='par_1_73' title="bbox 2228 884 3825 956">
     <span class='ocr_line' id='line_1_73' title="bbox 2228 884 3825 956; baseline -0.001 -18"><span class='ocrx_word' id='word_1_575' title='bbox 2228 887 2619 954; x_wconf 79' lang='grc' dir='ltr'><strong>ματαιότητα,</strong></span> <span class='ocrx_word' id='word_1_576' title='bbox 2663 886 2762 941; x_wconf 81' lang='grc' dir='ltr'><strong>καί</strong></span> <span class='ocrx_word' id='word_1_577' title='bbox 2799 887 2838 956; x_wconf 81' lang='grc' dir='ltr'>ἡ</span> <span class='ocrx_word' id='word_1_578' title='bbox 2884 887 3053 950; x_wconf 79' lang='grc' dir='ltr'><strong>δεειά</strong></span> <span class='ocrx_word' id='word_1_579' title='bbox 3094 885 3294 941; x_wconf 84' lang='grc' dir='ltr'><strong>αὐτῶν</strong></span> <span class='ocrx_word' id='word_1_580' title='bbox 3328 885 3495 950; x_wconf 81' lang='grc' dir='ltr'><strong>δεξιὰ</strong></span> <span class='ocrx_word' id='word_1_581' title='bbox 3542 884 3825 950; x_wconf 77' lang='grc' dir='ltr'><strong>ἀδικίας.</strong></span> 
     </span>
    </p>
   </div>
   <div class='ocr_carea' id='block_1_74' title="bbox 2227 960 3831 1042">
    <p class='ocr_par' dir='ltr' id='par_1_74' title="bbox 2227 960 3831 1042">
     <span class='ocr_line' id='line_1_74' title="bbox 2227 960 3831 1042; baseline 0 -24"><span class='ocrx_word' id='word_1_582' title='bbox 2227 960 2382 1032; x_wconf 79' lang='grc' dir='ltr'><strong>Εἶδες</strong></span> <span class='ocrx_word' id='word_1_583' title='bbox 2409 967 2564 1032; x_wconf 90' lang='grc' dir='ltr'><strong>τίνας</strong></span> <span class='ocrx_word' id='word_1_584' title='bbox 2589 970 2752 1038; x_wconf 80' lang='grc' dir='ltr'><strong>φησὶν</strong></span> <span class='ocrx_word' id='word_1_585' title='bbox 2773 969 3117 1042; x_wconf 87' lang='grc' dir='ltr'><strong>ἀλλοτρίους;</strong></span> <span class='ocrx_word' id='word_1_586' title='bbox 3141 968 3278 1032; x_wconf 76' lang='grc' dir='ltr'><strong>Τοὺς</strong></span> <span class='ocrx_word' id='word_1_587' title='bbox 3306 968 3363 1022; x_wconf 85' lang='grc' dir='ltr'><strong>ἐν</strong></span> <span class='ocrx_word' id='word_1_588' title='bbox 3397 966 3635 1038; x_wconf 63' lang='grc' dir='ltr'><strong>πονηρίᾳ</strong></span> <span class='ocrx_word' id='word_1_589' title='bbox 3682 967 3831 1032; x_wconf 81' lang='grc' dir='ltr'><strong>ζῶν-</strong></span> 
     </span>
    </p>
   </div>
   <div class='ocr_carea' id='block_1_75' title="bbox 2227 1051 3831 1129">
    <p class='ocr_par' dir='ltr' id='par_1_75' title="bbox 2227 1051 3831 1129">
     <span class='ocr_line' id='line_1_75' title="bbox 2227 1051 3831 1129; baseline -0.006 -15"><span class='ocrx_word' id='word_1_590' title='bbox 2227 1067 2344 1114; x_wconf 78' lang='grc' dir='ltr'><strong>τας,</strong></span> <span class='ocrx_word' id='word_1_591' title='bbox 2383 1054 2509 1118; x_wconf 79' lang='grc' dir='ltr'><strong>τοὺς</strong></span> <span class='ocrx_word' id='word_1_592' title='bbox 2537 1054 2749 1120; x_wconf 84' lang='grc' dir='ltr'><strong>ἀδικίας</strong></span> <span class='ocrx_word' id='word_1_593' title='bbox 2780 1056 3041 1129; x_wconf 87' lang='grc' dir='ltr'><strong>ἐρῶντας,</strong></span> <span class='ocrx_word' id='word_1_594' title='bbox 3082 1056 3210 1118; x_wconf 82' lang='grc' dir='ltr'><strong>τούς</strong></span> <span class='ocrx_word' id='word_1_595' title='bbox 3237 1054 3306 1109; x_wconf 85' lang='lat'><strong>:6</strong></span> <span class='ocrx_word' id='word_1_596' title='bbox 3336 1053 3538 1123; x_wconf 82' lang='grc' dir='ltr'><strong>ἀνόητα</strong></span> <span class='ocrx_word' id='word_1_597' title='bbox 3572 1053 3603 1092; x_wconf 72' lang='grc' dir='ltr'><strong>ιι</strong></span> <span class='ocrx_word' id='word_1_598' title='bbox 3640 1051 3831 1121; x_wconf 75' lang='grc' dir='ltr'><strong>φθεγ-</strong></span> 
     </span>
    </p>
   </div>
   <div class='ocr_carea' id='block_1_76' title="bbox 2226 1133 3827 1210">
    <p class='ocr_par' dir='ltr' id='par_1_76' title="bbox 2226 1133 3827 1210">
     <span class='ocr_line' id='line_1_76' title="bbox 2226 1133 3827 1210; baseline 0.005 -25"><span class='ocrx_word' id='word_1_599' title='bbox 2226 1133 2510 1205; x_wconf 88' lang='grc' dir='ltr'><strong>γομένους,</strong></span> <span class='ocrx_word' id='word_1_600' title='bbox 2541 1137 2668 1201; x_wconf 83' lang='grc' dir='ltr'><strong>τούς</strong></span> <span class='ocrx_word' id='word_1_601' title='bbox 2680 1138 2832 1192; x_wconf 81' lang='grc' dir='ltr'><strong>οὐδὲν</strong></span> <span class='ocrx_word' id='word_1_602' title='bbox 2852 1139 3120 1210; x_wconf 85' lang='grc' dir='ltr'><strong>χρήσιμον</strong></span> <span class='ocrx_word' id='word_1_603' title='bbox 3138 1138 3410 1207; x_wconf 89' lang='grc' dir='ltr'><strong>λέγοντας.</strong></span> <span class='ocrx_word' id='word_1_604' title='bbox 3441 1134 3827 1204; x_wconf 64' lang='grc' dir='ltr'><strong>Ἑπιγίνωσπε</strong></span> 
     </span>
    </p>
   </div>
   <div class='ocr_carea' id='block_1_77' title="bbox 2226 1215 3827 1292">
    <p class='ocr_par' dir='ltr' id='par_1_77' title="bbox 2226 1215 3827 1292">
     <span class='ocr_line' id='line_1_77' title="bbox 2226 1215 3827 1292; baseline 0.001 -25"><span class='ocrx_word' id='word_1_605' title='bbox 2226 1215 2405 1270; x_wconf 87' lang='grc' dir='ltr'><strong>τοίνυν</strong></span> <span class='ocrx_word' id='word_1_606' title='bbox 2443 1220 2569 1283; x_wconf 79' lang='grc' dir='ltr'><strong>τοὺς</strong></span> <span class='ocrx_word' id='word_1_607' title='bbox 2607 1220 2919 1292; x_wconf 87' lang='grc' dir='ltr'><strong>ἀλλοτρίους</strong></span> <span class='ocrx_word' id='word_1_608' title='bbox 2955 1221 3064 1274; x_wconf 82' lang='lat'><strong><em>61:6</em></strong></span> <span class='ocrx_word' id='word_1_609' title='bbox 3104 1219 3200 1274; x_wconf 90' lang='grc' dir='ltr'><strong>τοῦ</strong></span> <span class='ocrx_word' id='word_1_610' title='bbox 3229 1218 3513 1290; x_wconf 89' lang='grc' dir='ltr'><strong>στόματος,</strong></span> <span class='ocrx_word' id='word_1_611' title='bbox 3553 1216 3669 1270; x_wconf 79' lang='grc' dir='ltr'><strong>ἀπὸ</strong></span> <span class='ocrx_word' id='word_1_612' title='bbox 3704 1217 3827 1268; x_wconf 79' lang='grc' dir='ltr'><strong>τῶν</strong></span> 
     </span>
    </p>
   </div>
   <div class='ocr_carea' id='block_1_78' title="bbox 2228 1294 3830 1374">
    <p class='ocr_par' dir='ltr' id='par_1_78' title="bbox 2228 1294 3830 1374">
     <span class='ocr_line' id='line_1_78' title="bbox 2228 1294 3830 1374; baseline -0.001 -25"><span class='ocrx_word' id='word_1_613' title='bbox 2228 1294 2405 1368; x_wconf 75' lang='grc' dir='ltr'><strong>ἔργων</strong></span> <span class='ocrx_word' id='word_1_614' title='bbox 2422 1314 2437 1328; x_wconf 75' lang='grc'><strong><em>⁸</em></strong></span> <span class='ocrx_word' id='word_1_615' title='bbox 2467 1299 2657 1373; x_wconf 81' lang='grc' dir='ltr'><strong>ὥσπερ</strong></span> <span class='ocrx_word' id='word_1_616' title='bbox 2685 1304 2780 1356; x_wconf 60' lang='grc' dir='ltr'><strong>καὶ⁹</strong></span> <span class='ocrx_word' id='word_1_617' title='bbox 2807 1305 2836 1357; x_wconf 93' lang='lat'><strong>6</strong></span> <span class='ocrx_word' id='word_1_618' title='bbox 2860 1300 3093 1374; x_wconf 78' lang='grc' dir='ltr'><strong>Χριστός</strong></span> <span class='ocrx_word' id='word_1_619' title='bbox 3124 1318 3287 1373; x_wconf 86' lang='grc' dir='ltr'><strong>φησιν</strong></span> <span class='ocrx_word' id='word_1_620' title='bbox 3307 1318 3321 1332; x_wconf 80' lang='grc'><em>’</em></span> <span class='ocrx_word' id='word_1_621' title='bbox 3352 1299 3488 1355; x_wconf 77' lang='grc' dir='ltr'><strong>Ἀπὸ</strong></span> <span class='ocrx_word' id='word_1_622' title='bbox 3511 1296 3637 1352; x_wconf 82' lang='grc' dir='ltr'><strong>τῶν</strong></span> <span class='ocrx_word' id='word_1_623' title='bbox 3668 1314 3830 1365; x_wconf 80' lang='grc' dir='ltr'><strong>καρ-</strong></span> 
     </span>
    </p>
   </div>
   <div class='ocr_carea' id='block_1_79' title="bbox 2227 1380 3830 1453">
    <p class='ocr_par' dir='ltr' id='par_1_79' title="bbox 2227 1380 3830 1453">
     <span class='ocr_line' id='line_1_79' title="bbox 2227 1380 3830 1453; baseline 0 -21"><span class='ocrx_word' id='word_1_624' title='bbox 2227 1380 2358 1434; x_wconf 79' lang='grc' dir='ltr'><strong>πῶν</strong></span> <span class='ocrx_word' id='word_1_625' title='bbox 2388 1381 2587 1437; x_wconf 82' lang='grc' dir='ltr'><strong>αὐτῶν</strong></span> <span class='ocrx_word' id='word_1_626' title='bbox 2613 1384 3020 1453; x_wconf 73' lang='grc' dir='ltr'><strong>ἐπιγνώσεσθε</strong></span> <span class='ocrx_word' id='word_1_627' title='bbox 3041 1386 3284 1451; x_wconf 84' lang='grc' dir='ltr'><strong>αὐτούς.</strong></span> <span class='ocrx_word' id='word_1_628' title='bbox 3314 1382 3586 1453; x_wconf 79' lang='grc' dir='ltr'><strong>Καθάπερ</strong></span> <span class='ocrx_word' id='word_1_629' title='bbox 3624 1381 3830 1453; x_wconf 82' lang='grc' dir='ltr'><strong>γὰρέν</strong></span> 
     </span>
    </p>
   </div>
   <div class='ocr_carea' id='block_1_80' title="bbox 2226 1464 3829 1536">
    <p class='ocr_par' dir='ltr' id='par_1_80' title="bbox 2226 1464 3829 1536">
     <span class='ocr_line' id='line_1_80' title="bbox 2226 1464 3829 1536; baseline 0.002 -22"><span class='ocrx_word' id='word_1_630' title='bbox 2226 1465 2338 1525; x_wconf 73' lang='grc' dir='ltr'><strong>τοῖς</strong></span> <span class='ocrx_word' id='word_1_631' title='bbox 2359 1474 2382 1502; x_wconf 71' lang='grc' dir='ltr'><strong>ε</strong></span> <span class='ocrx_word' id='word_1_632' title='bbox 2422 1466 2805 1536; x_wconf 88' lang='grc' dir='ltr'><strong>στρατοπέδοις</strong></span> <span class='ocrx_word' id='word_1_633' title='bbox 2839 1467 3011 1521; x_wconf 88' lang='grc' dir='ltr'><strong>πολλά</strong></span> <span class='ocrx_word' id='word_1_634' title='bbox 3043 1485 3166 1521; x_wconf 91' lang='grc' dir='ltr'><strong>τινα</strong></span> <span class='ocrx_word' id='word_1_635' title='bbox 3206 1466 3438 1521; x_wconf 88' lang='grc' dir='ltr'><strong>δίδονται</strong></span> <span class='ocrx_word' id='word_1_636' title='bbox 3480 1464 3829 1534; x_wconf 81' lang='grc' dir='ltr'><strong>συνθήματα</strong></span> 
     </span>
    </p>
   </div>
   <div class='ocr_carea' id='block_1_81' title="bbox 2228 1546 3829 1622">
    <p class='ocr_par' dir='ltr' id='par_1_81' title="bbox 2228 1546 3829 1622">
     <span class='ocr_line' id='line_1_81' title="bbox 2228 1546 3829 1622; baseline 0.002 -25"><span class='ocrx_word' id='word_1_637' title='bbox 2228 1546 2322 1598; x_wconf 74' lang='grc' dir='ltr'><strong>καὶ</strong></span> <span class='ocrx_word' id='word_1_638' title='bbox 2356 1552 2574 1618; x_wconf 87' lang='grc' dir='ltr'><strong>σημεῖα,</strong></span> <span class='ocrx_word' id='word_1_639' title='bbox 2611 1549 2677 1603; x_wconf 81' lang='grc' dir='ltr'><strong>ἵν’</strong></span> <span class='ocrx_word' id='word_1_640' title='bbox 2702 1549 2884 1603; x_wconf 80' lang='grc' dir='ltr'><strong>εἴποτε</strong></span> <span class='ocrx_word' id='word_1_641' title='bbox 2923 1552 2957 1622; x_wconf 90' lang='grc' dir='ltr'><strong>ή</strong></span> <span class='ocrx_word' id='word_1_642' title='bbox 2991 1549 3332 1621; x_wconf 85' lang='grc' dir='ltr'><strong>νυκτομαχία</strong></span> <span class='ocrx_word' id='word_1_643' title='bbox 3371 1549 3605 1619; x_wconf 86' lang='grc' dir='ltr'><strong>γένοιτο.</strong></span> <span class='ocrx_word' id='word_1_644' title='bbox 3643 1548 3685 1617; x_wconf 76' lang='grc' dir='ltr'>ἢ</span> <span class='ocrx_word' id='word_1_645' title='bbox 3728 1548 3829 1601; x_wconf 63' lang='grc' dir='ltr'><strong>κόν</strong></span> 
     </span>
    </p>
   </div>
   <div class='ocr_carea' id='block_1_82' title="bbox 2228 1628 3829 1704">
    <p class='ocr_par' dir='ltr' id='par_1_82' title="bbox 2228 1628 3829 1704">
     <span class='ocr_line' id='line_1_82' title="bbox 2228 1628 3829 1704; baseline 0.003 -25"><span class='ocrx_word' id='word_1_646' title='bbox 2228 1643 2309 1691; x_wconf 90' lang='grc' dir='ltr'><strong>νις</strong></span> <span class='ocrx_word' id='word_1_647' title='bbox 2332 1628 2556 1698; x_wconf 85' lang='grc' dir='ltr'><strong>ἀρθεῖσα</strong></span> <span class='ocrx_word' id='word_1_648' title='bbox 2581 1631 2648 1684; x_wconf 69' lang='grc' dir='ltr'><strong>τὲ</strong></span> <span class='ocrx_word' id='word_1_649' title='bbox 2674 1632 2774 1703; x_wconf 80' lang='grc' dir='ltr'><strong>τῆς</strong></span> <span class='ocrx_word' id='word_1_650' title='bbox 2800 1632 2992 1697; x_wconf 82' lang='grc' dir='ltr'><strong>νυκτὸς</strong></span> <span class='ocrx_word' id='word_1_651' title='bbox 3030 1631 3353 1699; x_wconf 80' lang='grc' dir='ltr'><strong>ἐπιδείξαιτο</strong></span> <span class='ocrx_word' id='word_1_652' title='bbox 3371 1673 3387 1697; x_wconf 91' lang='grc'><strong>,</strong></span> <span class='ocrx_word' id='word_1_653' title='bbox 3423 1631 3459 1704; x_wconf 74' lang='grc' dir='ltr'><strong>ἢ</strong></span> <span class='ocrx_word' id='word_1_654' title='bbox 3502 1631 3603 1685; x_wconf 73' lang='grc' dir='ltr'><strong>καὶ</strong></span> <span class='ocrx_word' id='word_1_655' title='bbox 3644 1631 3829 1702; x_wconf 76' lang='grc' dir='ltr'><strong>ἑτέρα</strong></span> 
     </span>
    </p>
   </div>
   <div class='ocr_carea' id='block_1_83' title="bbox 2228 1711 3829 1788">
    <p class='ocr_par' dir='ltr' id='par_1_83' title="bbox 2228 1711 3829 1788">
     <span class='ocr_line' id='line_1_83' title="bbox 2228 1711 3829 1788; baseline 0.004 -27"><span class='ocrx_word' id='word_1_656' title='bbox 2228 1725 2311 1773; x_wconf 88' lang='grc' dir='ltr'><strong>τις</strong></span> <span class='ocrx_word' id='word_1_657' title='bbox 2333 1711 2539 1778; x_wconf 90' lang='grc' dir='ltr'><strong>γένοιτο</strong></span> <span class='ocrx_word' id='word_1_658' title='bbox 2566 1711 2825 1785; x_wconf 83' lang='grc' dir='ltr'><strong>σύγχυσις</strong></span> <span class='ocrx_word' id='word_1_659' title='bbox 2860 1716 2955 1769; x_wconf 73' lang='grc' dir='ltr'><strong>καὶ</strong></span> <span class='ocrx_word' id='word_1_660' title='bbox 2982 1714 3226 1788; x_wconf 77' lang='grc' dir='ltr'><strong>ταραχὴ,</strong></span> <span class='ocrx_word' id='word_1_661' title='bbox 3273 1713 3349 1786; x_wconf 80' lang='grc' dir='ltr'><strong>μὴ</strong></span> <span class='ocrx_word' id='word_1_662' title='bbox 3375 1714 3466 1768; x_wconf 74' lang='grc' dir='ltr'><strong>τὸν</strong></span> <span class='ocrx_word' id='word_1_663' title='bbox 3498 1715 3714 1767; x_wconf 71' lang='grc' dir='ltr'><strong>οἰκεῖον</strong></span> <span class='ocrx_word' id='word_1_664' title='bbox 3744 1714 3829 1778; x_wconf 80' lang='grc' dir='ltr'><strong>ὡς</strong></span> 
     </span>
    </p>
   </div>
   <div class='ocr_carea' id='block_1_84' title="bbox 2226 1792 3823 1868">
    <p class='ocr_par' dir='ltr' id='par_1_84' title="bbox 2226 1792 3823 1868">
     <span class='ocr_line' id='line_1_84' title="bbox 2226 1792 3823 1868; baseline 0.003 -23"><span class='ocrx_word' id='word_1_665' title='bbox 2226 1792 2321 1846; x_wconf 78' lang='grc' dir='ltr'><strong>τὸν</strong></span> <span class='ocrx_word' id='word_1_666' title='bbox 2358 1794 2614 1865; x_wconf 90' lang='grc' dir='ltr'><strong>πολέμιόν</strong></span> <span class='ocrx_word' id='word_1_667' title='bbox 2637 1812 2720 1859; x_wconf 90' lang='grc' dir='ltr'><strong>τις</strong></span> <span class='ocrx_word' id='word_1_668' title='bbox 2756 1795 2861 1868; x_wconf 72' lang='grc' dir='ltr'><strong>ἴδῃ,</strong></span> <span class='ocrx_word' id='word_1_669' title='bbox 2902 1796 3036 1868; x_wconf 81' lang='grc' dir='ltr'><strong>μηδὲ</strong></span> <span class='ocrx_word' id='word_1_670' title='bbox 3073 1797 3163 1851; x_wconf 81' lang='grc' dir='ltr'><strong>τὸν</strong></span> <span class='ocrx_word' id='word_1_671' title='bbox 3185 1796 3426 1851; x_wconf 88' lang='grc' dir='ltr'><strong>ἐναντίον</strong></span> <span class='ocrx_word' id='word_1_672' title='bbox 3450 1795 3525 1860; x_wconf 84' lang='grc' dir='ltr'><strong>ῶς</strong></span> <span class='ocrx_word' id='word_1_673' title='bbox 3566 1798 3823 1868; x_wconf 66' lang='grc' dir='ltr'><strong>οίκείρνδ</strong></span> 
     </span>
    </p>
   </div>
   <div class='ocr_carea' id='block_1_85' title="bbox 2226 1872 3824 1951">
    <p class='ocr_par' dir='ltr' id='par_1_85' title="bbox 2226 1872 3824 1951">
     <span class='ocr_line' id='line_1_85' title="bbox 2226 1872 3824 1951; baseline 0.011 -26"><span class='ocrx_word' id='word_1_674' title='bbox 2226 1872 2370 1927; x_wconf 75' lang='grc' dir='ltr'><strong>οὕτω</strong></span> <span class='ocrx_word' id='word_1_675' title='bbox 2397 1877 2489 1930; x_wconf 78' lang='grc' dir='ltr'><strong>καὶ</strong></span> <span class='ocrx_word' id='word_1_676' title='bbox 2518 1877 2749 1931; x_wconf 83' lang='grc' dir='ltr'><strong>ἐνταῦθα</strong></span> <span class='ocrx_word' id='word_1_677' title='bbox 2777 1879 2958 1933; x_wconf 87' lang='grc' dir='ltr'><strong>δίδωσί</strong></span> <span class='ocrx_word' id='word_1_678' title='bbox 2980 1895 3064 1932; x_wconf 91' lang='grc' dir='ltr'><strong>σοι</strong></span> <span class='ocrx_word' id='word_1_679' title='bbox 3089 1879 3405 1951; x_wconf 86' lang='grc' dir='ltr'><strong>συνθήματα</strong></span> <span class='ocrx_word' id='word_1_680' title='bbox 3422 1881 3452 1931; x_wconf 90' lang='lat'><strong>6</strong></span> <span class='ocrx_word' id='word_1_681' title='bbox 3475 1880 3787 1950; x_wconf 75' lang='grc' dir='ltr'><strong>προφήτης</strong></span> <span class='ocrx_word' id='word_1_682' title='bbox 3804 1919 3824 1943; x_wconf 76' lang='grc' dir='ltr'><strong>ο</strong></span> 
     </span>
    </p>
   </div>
   <div class='ocr_carea' id='block_1_86' title="bbox 2225 1951 3827 2033">
    <p class='ocr_par' dir='ltr' id='par_1_86' title="bbox 2225 1951 3827 2033">
     <span class='ocr_line' id='line_1_86' title="bbox 2225 1951 3827 2033; baseline 0.002 -23"><span class='ocrx_word' id='word_1_683' title='bbox 2225 1955 2294 2010; x_wconf 85' lang='grc' dir='ltr'><strong>δι’</strong></span> <span class='ocrx_word' id='word_1_684' title='bbox 2332 1951 2406 2011; x_wconf 83' lang='grc' dir='ltr'><strong>ὧν</strong></span> <span class='ocrx_word' id='word_1_685' title='bbox 2440 1958 2642 2033; x_wconf 77' lang='grc' dir='ltr'><strong>δυνήσῃ</strong></span> <span class='ocrx_word' id='word_1_686' title='bbox 2683 1959 2773 2013; x_wconf 80' lang='grc' dir='ltr'><strong>τὸν</strong></span> <span class='ocrx_word' id='word_1_687' title='bbox 2806 1963 3001 2015; x_wconf 78' lang='grc' dir='ltr'><strong>οἰκεῖον</strong></span> <span class='ocrx_word' id='word_1_688' title='bbox 3041 1962 3136 2015; x_wconf 80' lang='grc' dir='ltr'><strong>καὶ</strong></span> <span class='ocrx_word' id='word_1_689' title='bbox 3173 1961 3263 2016; x_wconf 79' lang='grc' dir='ltr'><strong>τὸν</strong></span> <span class='ocrx_word' id='word_1_690' title='bbox 3299 1961 3577 2033; x_wconf 88' lang='grc' dir='ltr'><strong>ἀλλότριον</strong></span> <span class='ocrx_word' id='word_1_691' title='bbox 3607 1961 3827 2030; x_wconf 85' lang='grc' dir='ltr'><strong>γνωρί-</strong></span> 
     </span>
    </p>
   </div>
   <div class='ocr_carea' id='block_1_87' title="bbox 2227 2036 3821 2114">
    <p class='ocr_par' dir='ltr' id='par_1_87' title="bbox 2227 2036 3821 2114">
     <span class='ocr_line' id='line_1_87' title="bbox 2227 2036 3821 2114; baseline 0.002 -21"><span class='ocrx_word' id='word_1_692' title='bbox 2227 2041 2376 2106; x_wconf 80' lang='grc' dir='ltr'><strong>ζειν,</strong></span> <span class='ocrx_word' id='word_1_693' title='bbox 2416 2036 2526 2096; x_wconf 76' lang='grc' dir='ltr'><strong>οἷον</strong></span> <span class='ocrx_word' id='word_1_694' title='bbox 2569 2043 2661 2112; x_wconf 87' lang='grc' dir='ltr'><strong>ἀφ’</strong></span> <span class='ocrx_word' id='word_1_695' title='bbox 2689 2038 2765 2097; x_wconf 82' lang='grc' dir='ltr'><strong>ὦν</strong></span> <span class='ocrx_word' id='word_1_696' title='bbox 2807 2045 3122 2113; x_wconf 83' lang='grc' dir='ltr'><strong>φθέγγεται,</strong></span> <span class='ocrx_word' id='word_1_697' title='bbox 3170 2046 3263 2114; x_wconf 81' lang='grc' dir='ltr'><strong>ἀφ’</strong></span> <span class='ocrx_word' id='word_1_698' title='bbox 3291 2039 3366 2100; x_wconf 82' lang='grc' dir='ltr'><strong>ὧν</strong></span> <span class='ocrx_word' id='word_1_699' title='bbox 3392 2048 3556 2110; x_wconf 79' lang='grc' dir='ltr'><strong>ποιεῖ,</strong></span> <span class='ocrx_word' id='word_1_700' title='bbox 3592 2045 3821 2112; x_wconf 74' lang='grc' dir='ltr'><strong>λέγων’</strong></span> 
     </span>
    </p>
   </div>
   <div class='ocr_carea' id='block_1_88' title="bbox 2225 2116 3825 2197">
    <p class='ocr_par' dir='ltr' id='par_1_88' title="bbox 2225 2116 3825 2197">
     <span class='ocr_line' id='line_1_88' title="bbox 2225 2116 3825 2197; baseline 0.002 -18"><span class='ocrx_word' id='word_1_701' title='bbox 2225 2116 2341 2179; x_wconf 77' lang='grc' dir='ltr'><strong>Ὧν</strong></span> <span class='ocrx_word' id='word_1_702' title='bbox 2376 2124 2444 2177; x_wconf 85' lang='grc' dir='ltr'><strong>τὸ</strong></span> <span class='ocrx_word' id='word_1_703' title='bbox 2478 2126 2673 2194; x_wconf 81' lang='grc' dir='ltr'><strong>στόμα</strong></span> <span class='ocrx_word' id='word_1_704' title='bbox 2700 2126 2968 2194; x_wconf 80' lang='grc' dir='ltr'><strong>ἐλάλησε</strong></span> <span class='ocrx_word' id='word_1_705' title='bbox 2997 2128 3385 2197; x_wconf 81' lang='grc' dir='ltr'><strong>ματαιότητα,</strong></span> <span class='ocrx_word' id='word_1_706' title='bbox 3416 2129 3515 2181; x_wconf 83' lang='grc' dir='ltr'><strong>καί</strong></span> <span class='ocrx_word' id='word_1_707' title='bbox 3548 2128 3590 2196; x_wconf 76' lang='grc' dir='ltr'><strong><em>ἡ</em></strong></span> <span class='ocrx_word' id='word_1_708' title='bbox 3633 2127 3825 2192; x_wconf 78' lang='grc' dir='ltr'><strong>δεξιὰ</strong></span> 
     </span>
    </p>
   </div>
   <div class='ocr_carea' id='block_1_89' title="bbox 2224 2204 3823 2281">
    <p class='ocr_par' dir='ltr' id='par_1_89' title="bbox 2224 2204 3823 2281">
     <span class='ocr_line' id='line_1_89' title="bbox 2224 2204 3823 2281; baseline 0.004 -22"><span class='ocrx_word' id='word_1_709' title='bbox 2224 2204 2424 2259; x_wconf 81' lang='grc' dir='ltr'><strong>αὐτῶν</strong></span> <span class='ocrx_word' id='word_1_710' title='bbox 2441 2205 2608 2271; x_wconf 79' lang='grc' dir='ltr'><strong>δεξιὰ</strong></span> <span class='ocrx_word' id='word_1_711' title='bbox 2643 2207 2894 2276; x_wconf 82' lang='grc' dir='ltr'><strong>ἀδικίας.</strong></span> <span class='ocrx_word' id='word_1_712' title='bbox 2926 2211 3037 2264; x_wconf 73' lang='grc' dir='ltr'><strong>Καὶ</strong></span> <span class='ocrx_word' id='word_1_713' title='bbox 3057 2211 3166 2281; x_wconf 82' lang='grc' dir='ltr'><strong>γὰρ</strong></span> <span class='ocrx_word' id='word_1_714' title='bbox 3197 2212 3291 2264; x_wconf 78' lang='grc' dir='ltr'><strong>καὶ</strong></span> <span class='ocrx_word' id='word_1_715' title='bbox 3310 2210 3406 2264; x_wconf 89' lang='grc' dir='ltr'><strong>νῦν</strong></span> <span class='ocrx_word' id='word_1_716' title='bbox 3427 2210 3670 2281; x_wconf 77' lang='grc' dir='ltr'><strong>πόλεμός</strong></span> <span class='ocrx_word' id='word_1_717' title='bbox 3694 2214 3823 2265; x_wconf 77' lang='grc' dir='ltr'><strong>ἐστι</strong></span> 
     </span>
    </p>
   </div>
   <div class='ocr_carea' id='block_1_90' title="bbox 2226 2289 3825 2365">
    <p class='ocr_par' dir='ltr' id='par_1_90' title="bbox 2226 2289 3825 2365">
     <span class='ocr_line' id='line_1_90' title="bbox 2226 2289 3825 2365; baseline 0.004 -25"><span class='ocrx_word' id='word_1_718' title='bbox 2226 2289 2320 2341; x_wconf 76' lang='grc' dir='ltr'><strong>καὶ</strong></span> <span class='ocrx_word' id='word_1_719' title='bbox 2361 2289 2528 2361; x_wconf 83' lang='grc' dir='ltr'><strong>μάχη.</strong></span> <span class='ocrx_word' id='word_1_720' title='bbox 2569 2292 2663 2345; x_wconf 81' lang='grc' dir='ltr'><strong>καὶ</strong></span> <span class='ocrx_word' id='word_1_721' title='bbox 2703 2292 3040 2364; x_wconf 84' lang='grc' dir='ltr'><strong>νυκτομαχία</strong></span> <span class='ocrx_word' id='word_1_722' title='bbox 3086 2293 3476 2365; x_wconf 76' lang='grc' dir='ltr'><strong>χαλεπωτάτη,</strong></span> <span class='ocrx_word' id='word_1_723' title='bbox 3524 2292 3825 2365; x_wconf 78' lang='grc' dir='ltr'><strong>δαιμόνων</strong></span> 
     </span>
    </p>
   </div>
   <div class='ocr_carea' id='block_1_91' title="bbox 2226 2371 3823 2449">
    <p class='ocr_par' dir='ltr' id='par_1_91' title="bbox 2226 2371 3823 2449">
     <span class='ocr_line' id='line_1_91' title="bbox 2226 2371 3823 2449; baseline 0.003 -24"><span class='ocrx_word' id='word_1_724' title='bbox 2226 2371 2525 2442; x_wconf 81' lang='grc' dir='ltr'><strong>βαλλόντων</strong></span> <span class='ocrx_word' id='word_1_725' title='bbox 2547 2416 2562 2440; x_wconf 90' lang='grc'><strong>,</strong></span> <span class='ocrx_word' id='word_1_726' title='bbox 2609 2375 2916 2447; x_wconf 83' lang='grc' dir='ltr'><strong>ἐπιθυμιῶν</strong></span> <span class='ocrx_word' id='word_1_727' title='bbox 2966 2376 3463 2441; x_wconf 80' lang='grc' dir='ltr'><strong>ἐπιϐουλευουσῶν,</strong></span> <span class='ocrx_word' id='word_1_728' title='bbox 3517 2374 3823 2449; x_wconf 78' lang='grc' dir='ltr'><strong>λογισμῶν</strong></span> 
     </span>
    </p>
   </div>
   <div class='ocr_carea' id='block_1_92' title="bbox 2223 2456 3819 2533">
    <p class='ocr_par' dir='ltr' id='par_1_92' title="bbox 2223 2456 3819 2533">
     <span class='ocr_line' id='line_1_92' title="bbox 2223 2456 3819 2533; baseline 0.005 -25"><span class='ocrx_word' id='word_1_729' title='bbox 2223 2456 2686 2528; x_wconf 77' lang='grc' dir='ltr'><strong>ἐπανισταμένων.</strong></span> <span class='ocrx_word' id='word_1_730' title='bbox 2716 2461 2871 2515; x_wconf 84' lang='grc' dir='ltr'><strong>Ἔστι</strong></span> <span class='ocrx_word' id='word_1_731' title='bbox 2910 2461 3004 2514; x_wconf 75' lang='grc' dir='ltr'><strong>καὶ</strong></span> <span class='ocrx_word' id='word_1_732' title='bbox 3031 2463 3091 2514; x_wconf 89' lang='grc' dir='ltr'><strong>ἐν</strong></span> <span class='ocrx_word' id='word_1_733' title='bbox 3118 2464 3230 2525; x_wconf 87' lang='grc' dir='ltr'><strong>τοῖς</strong></span> <span class='ocrx_word' id='word_1_734' title='bbox 3271 2461 3649 2533; x_wconf 80' lang='grc' dir='ltr'><strong>μεμνημένοις</strong></span> <span class='ocrx_word' id='word_1_735' title='bbox 3686 2479 3819 2516; x_wconf 53' lang='lat' dir='ltr'><strong>me</strong></span> 
     </span>
    </p>
   </div>
   <div class='ocr_carea' id='block_1_93' title="bbox 2224 2536 3823 2615">
    <p class='ocr_par' dir='ltr' id='par_1_93' title="bbox 2224 2536 3823 2615">
     <span class='ocr_line' id='line_1_93' title="bbox 2224 2536 3823 2615; baseline 0.007 -25"><span class='ocrx_word' id='word_1_736' title='bbox 2224 2536 2444 2608; x_wconf 88' lang='grc' dir='ltr'><strong>θήματα</strong></span> <span class='ocrx_word' id='word_1_737' title='bbox 2469 2540 2564 2594; x_wconf 69' lang='grc' dir='ltr'><strong>καὶ</strong></span> <span class='ocrx_word' id='word_1_738' title='bbox 2610 2540 2885 2611; x_wconf 83' lang='grc' dir='ltr'><strong>σύμϐολα·</strong></span> <span class='ocrx_word' id='word_1_739' title='bbox 2928 2542 3032 2597; x_wconf 84' lang='grc' dir='ltr'><strong>κᾶν</strong></span> <span class='ocrx_word' id='word_1_740' title='bbox 3066 2543 3415 2615; x_wconf 83' lang='grc' dir='ltr'><strong>βουληθῶμέν</strong></span> <span class='ocrx_word' id='word_1_741' title='bbox 3451 2560 3598 2609; x_wconf 84' lang='grc' dir='ltr'><strong>τινα,</strong></span> <span class='ocrx_word' id='word_1_742' title='bbox 3635 2545 3823 2615; x_wconf 58' lang='grc' dir='ltr'><strong>ἀμφι⁸</strong></span> 
     </span>
    </p>
   </div>
   <div class='ocr_carea' id='block_1_94' title="bbox 2224 2621 3821 2700">
    <p class='ocr_par' dir='ltr' id='par_1_94' title="bbox 2224 2621 3821 2700">
     <span class='ocr_line' id='line_1_94' title="bbox 2224 2621 3821 2700; baseline 0.004 -25"><span class='ocrx_word' id='word_1_743' title='bbox 2224 2621 2507 2687; x_wconf 85' lang='grc' dir='ltr'><strong>ϐάλλοντες</strong></span> <span class='ocrx_word' id='word_1_744' title='bbox 2532 2624 2643 2679; x_wconf 82' lang='grc' dir='ltr'><strong>εἴτε</strong></span> <span class='ocrx_word' id='word_1_745' title='bbox 2668 2625 2912 2698; x_wconf 87' lang='grc' dir='ltr'><strong>ἀμύητός</strong></span> <span class='ocrx_word' id='word_1_746' title='bbox 2932 2628 3101 2692; x_wconf 76' lang='grc' dir='ltr'><strong>ἐστιν,</strong></span> <span class='ocrx_word' id='word_1_747' title='bbox 3131 2628 3242 2681; x_wconf 73' lang='grc' dir='ltr'><strong>εἴτε</strong></span> <span class='ocrx_word' id='word_1_748' title='bbox 3276 2628 3665 2700; x_wconf 81' lang='grc' dir='ltr'><strong>μεμυημένος,</strong></span> <span class='ocrx_word' id='word_1_749' title='bbox 3690 2631 3821 2682; x_wconf 71' lang='grc' dir='ltr'><strong>ἐπι-</strong></span> 
     </span>
    </p>
   </div>
   <div class='ocr_carea' id='block_1_95' title="bbox 2221 2704 3396 2781">
    <p class='ocr_par' dir='ltr' id='par_1_95' title="bbox 2221 2704 3396 2781">
     <span class='ocr_line' id='line_1_95' title="bbox 2221 2704 3396 2781; baseline 0.006 -24"><span class='ocrx_word' id='word_1_750' title='bbox 2221 2704 2444 2773; x_wconf 84' lang='grc' dir='ltr'><strong>γνῶναι,</strong></span> <span class='ocrx_word' id='word_1_751' title='bbox 2469 2704 2643 2761; x_wconf 87' lang='grc' dir='ltr'><strong>ταῦτα</strong></span> <span class='ocrx_word' id='word_1_752' title='bbox 2675 2708 2987 2779; x_wconf 87' lang='grc' dir='ltr'><strong>ἐρωτῶντες</strong></span> <span class='ocrx_word' id='word_1_753' title='bbox 3015 2708 3396 2781; x_wconf 86' lang='grc' dir='ltr'><strong>μανθάνωμεν.</strong></span> 
     </span>
    </p>
   </div>
   <div class='ocr_carea' id='block_1_96' title="bbox 2302 2837 3817 2909">
    <p class='ocr_par' dir='ltr' id='par_1_96' title="bbox 2302 2837 3817 2909">
     <span class='ocr_line' id='line_1_96' title="bbox 2302 2837 3817 2909; baseline 0.008 -18"><span class='ocrx_word' id='word_1_754' title='bbox 2302 2837 2377 2892; x_wconf 87' lang='grc' dir='ltr'><em>Ἦ</em></span> <span class='ocrx_word' id='word_1_755' title='bbox 2394 2837 2563 2903; x_wconf 82' lang='grc' dir='ltr'><strong>δεξιὰ</strong></span> <span class='ocrx_word' id='word_1_756' title='bbox 2593 2838 2792 2895; x_wconf 81' lang='grc' dir='ltr'><strong>αὐτῶν</strong></span> <span class='ocrx_word' id='word_1_757' title='bbox 2821 2840 2991 2908; x_wconf 78' lang='grc' dir='ltr'><strong>δεξιὰ</strong></span> <span class='ocrx_word' id='word_1_758' title='bbox 3010 2841 3264 2909; x_wconf 79' lang='grc' dir='ltr'><strong>ἀδικίας.</strong></span> <span class='ocrx_word' id='word_1_759' title='bbox 3298 2841 3365 2896; x_wconf 87' lang='grc' dir='ltr'><strong>Τί</strong></span> <span class='ocrx_word' id='word_1_760' title='bbox 3393 2843 3577 2898; x_wconf 83' lang='grc' dir='ltr'><strong>τοίνυν</strong></span> <span class='ocrx_word' id='word_1_761' title='bbox 3608 2845 3817 2903; x_wconf 74' lang='grc' dir='ltr'><strong>τούτου</strong></span> 
     </span>
    </p>
   </div>
   <div class='ocr_carea' id='block_1_97' title="bbox 2222 2919 3821 2999">
    <p class='ocr_par' dir='ltr' id='par_1_97' title="bbox 2222 2919 3821 2999">
     <span class='ocr_line' id='line_1_97' title="bbox 2222 2919 3821 2999; baseline 0.008 -26"><span class='ocrx_word' id='word_1_762' title='bbox 2222 2919 2600 2993; x_wconf 82' lang='grc' dir='ltr'><strong>χαλεπώτερον</strong></span> <span class='ocrx_word' id='word_1_763' title='bbox 2635 2924 2831 2992; x_wconf 84' lang='grc' dir='ltr'><strong>γένοιτ’</strong></span> <span class='ocrx_word' id='word_1_764' title='bbox 2861 2925 2949 2992; x_wconf 85' lang='grc' dir='ltr'><strong>ἀν,</strong></span> <span class='ocrx_word' id='word_1_765' title='bbox 2982 2925 3113 2979; x_wconf 79' lang='grc' dir='ltr'><strong>ὅταν</strong></span> <span class='ocrx_word' id='word_1_766' title='bbox 3131 2925 3230 2998; x_wconf 81' lang='grc' dir='ltr'><strong>τὴν</strong></span> <span class='ocrx_word' id='word_1_767' title='bbox 3261 2927 3344 2990; x_wconf 84' lang='grc' dir='ltr'><strong>είς</strong></span> <span class='ocrx_word' id='word_1_768' title='bbox 3373 2927 3630 2999; x_wconf 81' lang='grc' dir='ltr'><strong>βοήθειαν</strong></span> <span class='ocrx_word' id='word_1_769' title='bbox 3660 2930 3821 2985; x_wconf 83' lang='grc' dir='ltr'><strong>δεδο-</strong></span> 
     </span>
    </p>
   </div>
   <div class='ocr_carea' id='block_1_98' title="bbox 2227 3002 3823 3083">
    <p class='ocr_par' dir='ltr' id='par_1_98' title="bbox 2227 3002 3823 3083">
     <span class='ocr_line' id='line_1_98' title="bbox 2227 3002 3823 3083; baseline 0.007 -27"><span class='ocrx_word' id='word_1_770' title='bbox 2227 3002 2396 3073; x_wconf 78' lang='grc' dir='ltr'><strong>μένην</strong></span> <span class='ocrx_word' id='word_1_771' title='bbox 2420 3043 2435 3066; x_wconf 90' lang='grc'><strong>,</strong></span> <span class='ocrx_word' id='word_1_772' title='bbox 2486 3006 2566 3068; x_wconf 82' lang='grc' dir='ltr'><strong>είς</strong></span> <span class='ocrx_word' id='word_1_773' title='bbox 2620 3006 2913 3077; x_wconf 77' lang='grc' dir='ltr'><strong>ἐπιϐουλὴν</strong></span> <span class='ocrx_word' id='word_1_774' title='bbox 2962 3007 3291 3080; x_wconf 76' lang='grc' dir='ltr'><strong>τρέπωμενς</strong></span> <span class='ocrx_word' id='word_1_775' title='bbox 3338 3010 3437 3065; x_wconf 88' lang='grc' dir='ltr'><strong>Διά</strong></span> <span class='ocrx_word' id='word_1_776' title='bbox 3482 3010 3600 3083; x_wconf 78' lang='grc' dir='ltr'><strong>γὰρ</strong></span> <span class='ocrx_word' id='word_1_777' title='bbox 3646 3014 3823 3067; x_wconf 83' lang='grc' dir='ltr'><strong>τοῦτο</strong></span> 
     </span>
    </p>
   </div>
   <div class='ocr_carea' id='block_1_99' title="bbox 2221 3084 3819 3169">
    <p class='ocr_par' dir='ltr' id='par_1_99' title="bbox 2221 3084 3819 3169">
     <span class='ocr_line' id='line_1_99' title="bbox 2221 3084 3819 3169; baseline 0.009 -31"><span class='ocrx_word' id='word_1_778' title='bbox 2221 3084 2416 3157; x_wconf 75' lang='grc' dir='ltr'><strong>ἔχομεν</strong></span> <span class='ocrx_word' id='word_1_779' title='bbox 2443 3087 2642 3155; x_wconf 78' lang='grc' dir='ltr'><strong>δεξιάς,</strong></span> <span class='ocrx_word' id='word_1_780' title='bbox 2678 3090 2765 3145; x_wconf 86' lang='grc' dir='ltr'><strong>ῖνα</strong></span> <span class='ocrx_word' id='word_1_781' title='bbox 2791 3093 2884 3145; x_wconf 75' lang='grc' dir='ltr'><strong>καὶ</strong></span> <span class='ocrx_word' id='word_1_782' title='bbox 2906 3092 3119 3156; x_wconf 76' lang='grc' dir='ltr'><strong>ἑαυτοῖς</strong></span> <span class='ocrx_word' id='word_1_783' title='bbox 3138 3092 3233 3147; x_wconf 74' lang='grc' dir='ltr'><strong>καὶ</strong></span> <span class='ocrx_word' id='word_1_784' title='bbox 3260 3093 3468 3166; x_wconf 83' lang='grc' dir='ltr'><strong>ἐτέροις</strong></span> <span class='ocrx_word' id='word_1_785' title='bbox 3503 3095 3819 3169; x_wconf 79' lang='grc' dir='ltr'><strong>ἀδικουμέ-</strong></span> 
     </span>
    </p>
   </div>
   <div class='ocr_carea' id='block_1_100' title="bbox 2220 3169 3821 3252">
    <p class='ocr_par' dir='ltr' id='par_1_100' title="bbox 2220 3169 3821 3252">
     <span class='ocr_line' id='line_1_100' title="bbox 2220 3169 3821 3252; baseline 0.008 -30"><span class='ocrx_word' id='word_1_786' title='bbox 2220 3185 2333 3232; x_wconf 89' lang='grc' dir='ltr'><strong>νοις</strong></span> <span class='ocrx_word' id='word_1_787' title='bbox 2350 3169 2666 3243; x_wconf 87' lang='grc' dir='ltr'><strong>ἀμύνωμεν,</strong></span> <span class='ocrx_word' id='word_1_788' title='bbox 2708 3173 2796 3228; x_wconf 83' lang='grc' dir='ltr'><strong>ἴνα</strong></span> <span class='ocrx_word' id='word_1_789' title='bbox 2816 3174 3129 3247; x_wconf 89' lang='grc' dir='ltr'><strong>ἀναιρῶμεν</strong></span> <span class='ocrx_word' id='word_1_790' title='bbox 3152 3178 3513 3248; x_wconf 89' lang='grc' dir='ltr'><strong>παρανομίας,</strong></span> <span class='ocrx_word' id='word_1_791' title='bbox 3525 3178 3620 3233; x_wconf 85' lang='grc' dir='ltr'><strong>ἴνα</strong></span> <span class='ocrx_word' id='word_1_792' title='bbox 3638 3179 3821 3252; x_wconf 66' lang='grc' dir='ltr'><strong>λιμὴν</strong></span> 
     </span>
    </p>
   </div>
   <div class='ocr_carea' id='block_1_101' title="bbox 2220 3252 3817 3331">
    <p class='ocr_par' dir='ltr' id='par_1_101' title="bbox 2220 3252 3817 3331">
     <span class='ocr_line' id='line_1_101' title="bbox 2220 3252 3817 3331; baseline 0.008 -26"><span class='ocrx_word' id='word_1_793' title='bbox 2220 3252 2507 3323; x_wconf 80' lang='grc' dir='ltr'><strong>γενώμεθα</strong></span> <span class='ocrx_word' id='word_1_794' title='bbox 2541 3256 2635 3311; x_wconf 71' lang='grc' dir='ltr'><strong>καὶ</strong></span> <span class='ocrx_word' id='word_1_795' title='bbox 2667 3256 2958 3329; x_wconf 82' lang='grc' dir='ltr'><strong>καταφυγὴ</strong></span> <span class='ocrx_word' id='word_1_796' title='bbox 2990 3260 3105 3323; x_wconf 86' lang='grc' dir='ltr'><strong>τοῖς</strong></span> <span class='ocrx_word' id='word_1_797' title='bbox 3139 3259 3623 3331; x_wconf 77' lang='grc' dir='ltr'><strong>ἐπηρεαζομένοις.</strong></span> <span class='ocrx_word' id='word_1_798' title='bbox 3672 3262 3817 3318; x_wconf 81' lang='grc' dir='ltr'><strong>Τίνα</strong></span> 
     </span>
    </p>
   </div>
   <div class='ocr_carea' id='block_1_102' title="bbox 2221 3334 3816 3420">
    <p class='ocr_par' dir='ltr' id='par_1_102' title="bbox 2221 3334 3816 3420">
     <span class='ocr_line' id='line_1_102' title="bbox 2221 3334 3816 3420; baseline 0.006 -28"><span class='ocrx_word' id='word_1_799' title='bbox 2221 3334 2327 3420; x_wconf 15' lang='grc' dir='ltr'><strong>οῦνλ</strong></span> <span class='ocrx_word' id='word_1_800' title='bbox 2346 3338 2413 3392; x_wconf 84' lang='grc' dir='ltr'><strong>ἂν</strong></span> <span class='ocrx_word' id='word_1_801' title='bbox 2435 3338 2607 3409; x_wconf 73' lang='grc' dir='ltr'><strong>ἔχοιεν</strong></span> <span class='ocrx_word' id='word_1_802' title='bbox 2631 3339 2959 3414; x_wconf 84' lang='grc' dir='ltr'><strong>συγγνώμην</strong></span> <span class='ocrx_word' id='word_1_803' title='bbox 2981 3344 3030 3395; x_wconf 87' lang='grc' dir='ltr'><strong>οί</strong></span> <span class='ocrx_word' id='word_1_804' title='bbox 3059 3343 3135 3413; x_wconf 81' lang='grc' dir='ltr'><strong>μὴ</strong></span> <span class='ocrx_word' id='word_1_805' title='bbox 3154 3343 3293 3415; x_wconf 78' lang='grc' dir='ltr'><strong>πρὸς</strong></span> <span class='ocrx_word' id='word_1_806' title='bbox 3308 3345 3584 3415; x_wconf 86' lang='grc' dir='ltr'><strong>σωτηρίαν</strong></span> <span class='ocrx_word' id='word_1_807' title='bbox 3598 3348 3816 3420; x_wconf 75' lang='grc' dir='ltr'><strong>ἐτέρων</strong></span> 
     </span>
    </p>
   </div>
   <div class='ocr_carea' id='block_1_103' title="bbox 2225 3418 3817 3503">
    <p class='ocr_par' dir='ltr' id='par_1_103' title="bbox 2225 3418 3817 3503">
     <span class='ocr_line' id='line_1_103' title="bbox 2225 3418 3817 3503; baseline 0.007 -30"><span class='ocrx_word' id='word_1_808' title='bbox 2225 3418 2602 3503; x_wconf 82' lang='grc' dir='ltr'><strong>χρώμενοιτῷ</strong></span> <span class='ocrx_word' id='word_1_809' title='bbox 2633 3422 2784 3495; x_wconf 82' lang='grc' dir='ltr'><strong>ὅπλῳ</strong></span> <span class='ocrx_word' id='word_1_810' title='bbox 2821 3423 3030 3496; x_wconf 84' lang='grc' dir='ltr'><strong>τούτῳ,</strong></span> <span class='ocrx_word' id='word_1_811' title='bbox 3063 3425 3201 3480; x_wconf 89' lang='grc' dir='ltr'><strong>ἀλλά</strong></span> <span class='ocrx_word' id='word_1_812' title='bbox 3232 3425 3370 3498; x_wconf 79' lang='grc' dir='ltr'><strong>πρὸς</strong></span> <span class='ocrx_word' id='word_1_813' title='bbox 3396 3426 3682 3483; x_wconf 85' lang='grc' dir='ltr'><strong>ἀπώλειαν</strong></span> <span class='ocrx_word' id='word_1_814' title='bbox 3704 3418 3817 3503; x_wconf 74' lang='grc' dir='ltr'><strong>τὴν</strong></span> 
     </span>
    </p>
   </div>
   <div class='ocr_carea' id='block_1_104' title="bbox 2222 3502 3818 3579">
    <p class='ocr_par' dir='ltr' id='par_1_104' title="bbox 2222 3502 3818 3579">
     <span class='ocr_line' id='line_1_104' title="bbox 2222 3502 3818 3579; baseline 0.009 -25"><span class='ocrx_word' id='word_1_815' title='bbox 2222 3503 2463 3568; x_wconf 87' lang='grc' dir='ltr'><strong>ἐαυτῶν;</strong></span> <span class='ocrx_word' id='word_1_816' title='bbox 2502 3502 2565 3556; x_wconf 91' lang='lat'><strong>&#39;0</strong></span> <span class='ocrx_word' id='word_1_817' title='bbox 2607 3505 2782 3573; x_wconf 83' lang='grc' dir='ltr'><strong>Θεὸς,</strong></span> <span class='ocrx_word' id='word_1_818' title='bbox 2812 3506 2979 3577; x_wconf 82' lang='grc' dir='ltr'><strong>ᾠδὴν</strong></span> <span class='ocrx_word' id='word_1_819' title='bbox 3004 3507 3224 3578; x_wconf 78' lang='grc' dir='ltr'><strong>καινὴν</strong></span> <span class='ocrx_word' id='word_1_820' title='bbox 3245 3507 3470 3579; x_wconf 78' lang='grc' dir='ltr'><strong>ᾷσομαί</strong></span> <span class='ocrx_word' id='word_1_821' title='bbox 3504 3527 3631 3567; x_wconf 89' lang='grc' dir='ltr'><strong>σοι.</strong></span> <span class='ocrx_word' id='word_1_822' title='bbox 3671 3502 3818 3569; x_wconf 80' lang='grc' dir='ltr'><strong>Ποία</strong></span> 
     </span>
    </p>
   </div>
   <div class='ocr_carea' id='block_1_105' title="bbox 2219 3584 3811 3664">
    <p class='ocr_par' dir='ltr' id='par_1_105' title="bbox 2219 3584 3811 3664">
     <span class='ocr_line' id='line_1_105' title="bbox 2219 3584 3811 3664; baseline 0.008 -24"><span class='ocrx_word' id='word_1_823' title='bbox 2219 3584 2358 3658; x_wconf 81' lang='grc' dir='ltr'><strong>αῦτη</strong></span> <span class='ocrx_word' id='word_1_824' title='bbox 2389 3585 2550 3641; x_wconf 88' lang='grc' dir='ltr'><strong>πάλιν</strong></span> <span class='ocrx_word' id='word_1_825' title='bbox 2570 3588 2602 3659; x_wconf 85' lang='grc' dir='ltr'><strong>ή</strong></span> <span class='ocrx_word' id='word_1_826' title='bbox 2629 3588 2919 3643; x_wconf 86' lang='grc' dir='ltr'><strong>ἀκολουθία</strong></span> <span class='ocrx_word' id='word_1_827' title='bbox 2945 3607 2960 3656; x_wconf 87' lang='lat'><strong>;</strong></span> <span class='ocrx_word' id='word_1_828' title='bbox 2987 3591 3169 3663; x_wconf 81' lang='grc' dir='ltr'><strong>Πολλὴ</strong></span> <span class='ocrx_word' id='word_1_829' title='bbox 3188 3592 3288 3664; x_wconf 81' lang='grc' dir='ltr'><strong>μὲν</strong></span> <span class='ocrx_word' id='word_1_830' title='bbox 3307 3588 3400 3648; x_wconf 84' lang='grc' dir='ltr'><strong>οὖν</strong></span> <span class='ocrx_word' id='word_1_831' title='bbox 3419 3594 3515 3648; x_wconf 77' lang='grc' dir='ltr'><strong>καὶ</strong></span> <span class='ocrx_word' id='word_1_832' title='bbox 3541 3597 3811 3654; x_wconf 78' lang='grc' dir='ltr'><strong>ἐνταῦθα.</strong></span> 
     </span>
    </p>
   </div>
   <div class='ocr_carea' id='block_1_106' title="bbox 2233 3667 3813 3748">
    <p class='ocr_par' dir='ltr' id='par_1_106' title="bbox 2233 3667 3813 3748">
     <span class='ocr_line' id='line_1_106' title="bbox 2233 3667 3813 3748; baseline 0.008 -23"><span class='ocrx_word' id='word_1_833' title='bbox 2233 3669 2452 3741; x_wconf 83' lang='grc' dir='ltr'><strong>Ἐπειδὴ</strong></span> <span class='ocrx_word' id='word_1_834' title='bbox 2480 3670 2589 3743; x_wconf 82' lang='grc' dir='ltr'><strong>γάρ</strong></span> <span class='ocrx_word' id='word_1_835' title='bbox 2625 3667 2796 3736; x_wconf 76' lang='grc' dir='ltr'><strong>εἶπεν,</strong></span> <span class='ocrx_word' id='word_1_836' title='bbox 2843 3672 3316 3739; x_wconf 79' lang='grc' dir='ltr'><strong>Ἔξαπόστειλον</strong></span> <span class='ocrx_word' id='word_1_837' title='bbox 3333 3675 3450 3745; x_wconf 80' lang='grc' dir='ltr'><strong>τὴν</strong></span> <span class='ocrx_word' id='word_1_838' title='bbox 3466 3677 3642 3748; x_wconf 78' lang='grc' dir='ltr'><strong>χεῖρά</strong></span> <span class='ocrx_word' id='word_1_839' title='bbox 3662 3697 3813 3745; x_wconf 76' lang='grc' dir='ltr'><strong>σου,</strong></span> 
     </span>
    </p>
   </div>
   <div class='ocr_carea' id='block_1_107' title="bbox 2220 3752 3813 3831">
    <p class='ocr_par' dir='ltr' id='par_1_107' title="bbox 2220 3752 3813 3831">
     <span class='ocr_line' id='line_1_107' title="bbox 2220 3752 3813 3831; baseline 0.007 -25"><span class='ocrx_word' id='word_1_840' title='bbox 2220 3752 2335 3817; x_wconf 79' lang='grc' dir='ltr'><strong>καὶ,</strong></span> <span class='ocrx_word' id='word_1_841' title='bbox 2374 3752 2620 3818; x_wconf 80' lang='grc' dir='ltr'><strong>Ἐξελοῦ</strong></span> <span class='ocrx_word' id='word_1_842' title='bbox 2639 3771 2737 3823; x_wconf 80' lang='grc' dir='ltr'><strong>με,</strong></span> <span class='ocrx_word' id='word_1_843' title='bbox 2777 3755 2872 3809; x_wconf 76' lang='grc' dir='ltr'><strong>καὶ</strong></span> <span class='ocrx_word' id='word_1_844' title='bbox 2906 3756 3196 3828; x_wconf 88' lang='grc' dir='ltr'><strong>σκόρπισον</strong></span> <span class='ocrx_word' id='word_1_845' title='bbox 3223 3758 3483 3824; x_wconf 86' lang='grc' dir='ltr'><strong>ἐκείνους,</strong></span> <span class='ocrx_word' id='word_1_846' title='bbox 3520 3761 3813 3831; x_wconf 71' lang='grc' dir='ltr'><strong>ἐπαγγέλο</strong></span> 
     </span>
    </p>
   </div>
   <div class='ocr_carea' id='block_1_108' title="bbox 2222 3832 3810 3919">
    <p class='ocr_par' dir='ltr' id='par_1_108' title="bbox 2222 3832 3810 3919">
     <span class='ocr_line' id='line_1_108' title="bbox 2222 3832 3810 3919; baseline 0.006 -31"><span class='ocrx_word' id='word_1_847' title='bbox 2222 3832 2372 3919; x_wconf 83' lang='grc' dir='ltr'><strong>λεται</strong></span> <span class='ocrx_word' id='word_1_848' title='bbox 2395 3837 2488 3890; x_wconf 76' lang='grc' dir='ltr'><strong>καὶ</strong></span> <span class='ocrx_word' id='word_1_849' title='bbox 2508 3835 2829 3919; x_wconf 84' lang='grc' dir='ltr'><strong>ἀμείϐεσθαι</strong></span> <span class='ocrx_word' id='word_1_850' title='bbox 2850 3836 2877 3877; x_wconf 73' lang='grc' dir='ltr'><em>δ</em></span> <span class='ocrx_word' id='word_1_851' title='bbox 2899 3840 2998 3910; x_wconf 74' lang='grc' dir='ltr'><strong>τῆς</strong></span> <span class='ocrx_word' id='word_1_852' title='bbox 3018 3841 3333 3911; x_wconf 84' lang='grc' dir='ltr'><strong>συμμαχίας</strong></span> <span class='ocrx_word' id='word_1_853' title='bbox 3354 3842 3517 3895; x_wconf 82' lang='grc' dir='ltr'><strong>αὐτὸν</strong></span> <span class='ocrx_word' id='word_1_854' title='bbox 3535 3846 3810 3919; x_wconf 76' lang='grc' dir='ltr'><strong>ἀμοιϐὴν,</strong></span> 
     </span>
    </p>
   </div>
   <div class='ocr_carea' id='block_1_109' title="bbox 2220 3917 3814 4001">
    <p class='ocr_par' dir='ltr' id='par_1_109' title="bbox 2220 3917 3814 4001">
     <span class='ocr_line' id='line_1_109' title="bbox 2220 3917 3814 4001; baseline 0.008 -31"><span class='ocrx_word' id='word_1_855' title='bbox 2220 3917 2416 3989; x_wconf 82' lang='grc' dir='ltr'><strong>ἐκείνῳ</strong></span> <span class='ocrx_word' id='word_1_856' title='bbox 2455 3918 2552 3988; x_wconf 82' lang='grc' dir='ltr'><strong>μὲν</strong></span> <span class='ocrx_word' id='word_1_857' title='bbox 2582 3919 2730 3972; x_wconf 82' lang='grc' dir='ltr'><strong>οὐδὲν</strong></span> <span class='ocrx_word' id='word_1_858' title='bbox 2767 3918 2929 3976; x_wconf 88' lang='grc' dir='ltr'><strong>πλέον</strong></span> <span class='ocrx_word' id='word_1_859' title='bbox 2953 3920 3233 3987; x_wconf 90' lang='grc' dir='ltr'><strong>ποιοῦσαν,</strong></span> <span class='ocrx_word' id='word_1_860' title='bbox 3277 3923 3356 3995; x_wconf 83' lang='grc' dir='ltr'><strong>τῷ</strong></span> <span class='ocrx_word' id='word_1_861' title='bbox 3392 3924 3451 3978; x_wconf 87' lang='lat'><strong>66</strong></span> <span class='ocrx_word' id='word_1_862' title='bbox 3489 3917 3814 4001; x_wconf 68' lang='grc' dir='ltr'><strong>εἰσφέροντι</strong></span> 
     </span>
    </p>
   </div>
   <div class='ocr_carea' id='block_1_110' title="bbox 2220 4002 3811 4084">
    <p class='ocr_par' dir='ltr' id='par_1_110' title="bbox 2220 4002 3811 4084">
     <span class='ocr_line' id='line_1_110' title="bbox 2220 4002 3811 4084; baseline 0.006 -27"><span class='ocrx_word' id='word_1_863' title='bbox 2220 4003 2319 4075; x_wconf 81' lang='grc' dir='ltr'><strong>τὴν</strong></span> <span class='ocrx_word' id='word_1_864' title='bbox 2341 4002 2574 4074; x_wconf 80' lang='grc' dir='ltr'><strong>ἀμοιϐὴν</strong></span> <span class='ocrx_word' id='word_1_865' title='bbox 2601 4002 2665 4055; x_wconf 89' lang='lat'><strong>:6</strong></span> <span class='ocrx_word' id='word_1_866' title='bbox 2701 4003 2892 4073; x_wconf 84' lang='grc' dir='ltr'><strong>κέρδος</strong></span> <span class='ocrx_word' id='word_1_867' title='bbox 2933 4003 3202 4076; x_wconf 79' lang='grc' dir='ltr'><strong>φέρουσαν</strong></span> <span class='ocrx_word' id='word_1_868' title='bbox 3231 4005 3404 4081; x_wconf 69' lang='lat'><strong>[665].</strong></span> <span class='ocrx_word' id='word_1_869' title='bbox 3446 4009 3514 4062; x_wconf 90' lang='grc' dir='ltr'><strong>Τί</strong></span> <span class='ocrx_word' id='word_1_870' title='bbox 3552 4009 3614 4064; x_wconf 81' lang='lat'><strong>66</strong></span> <span class='ocrx_word' id='word_1_871' title='bbox 3660 4012 3811 4084; x_wconf 84' lang='grc' dir='ltr'><strong>αῦτη</strong></span> 
     </span>
    </p>
   </div>
   <div class='ocr_carea' id='block_1_111' title="bbox 2221 4085 3813 4160">
    <p class='ocr_par' dir='ltr' id='par_1_111' title="bbox 2221 4085 3813 4160">
     <span class='ocr_line' id='line_1_111' title="bbox 2221 4085 3813 4160; baseline 0.007 -22"><span class='ocrx_word' id='word_1_872' title='bbox 2221 4085 2399 4151; x_wconf 91' lang='grc' dir='ltr'><strong>ἐστίν;</strong></span> <span class='ocrx_word' id='word_1_873' title='bbox 2443 4085 2508 4139; x_wconf 89' lang='lat'><strong>&#39;0</strong></span> <span class='ocrx_word' id='word_1_874' title='bbox 2556 4085 2721 4152; x_wconf 83' lang='grc' dir='ltr'><strong>Θεὸς,</strong></span> <span class='ocrx_word' id='word_1_875' title='bbox 2750 4086 2916 4155; x_wconf 78' lang='grc' dir='ltr'><strong>ᾠδὴν</strong></span> <span class='ocrx_word' id='word_1_876' title='bbox 2945 4086 3163 4157; x_wconf 77' lang='grc' dir='ltr'><strong>καινὴν</strong></span> <span class='ocrx_word' id='word_1_877' title='bbox 3203 4089 3426 4160; x_wconf 75' lang='grc' dir='ltr'><strong>ᾄσομαι</strong></span> <span class='ocrx_word' id='word_1_878' title='bbox 3457 4105 3583 4148; x_wconf 77' lang='grc' dir='ltr'><strong>σοι.</strong></span> <span class='ocrx_word' id='word_1_879' title='bbox 3635 4093 3710 4146; x_wconf 78' lang='grc' dir='ltr'><strong>ΕΞ</strong></span> <span class='ocrx_word' id='word_1_880' title='bbox 3750 4095 3813 4149; x_wconf 66' lang='grc' dir='ltr'><strong>δὲ</strong></span> 
     </span>
    </p>
   </div>
   <div class='ocr_carea' id='block_1_112' title="bbox 2224 4166 3812 4244">
    <p class='ocr_par' dir='ltr' id='par_1_112' title="bbox 2224 4166 3812 4244">
     <span class='ocr_line' id='line_1_112' title="bbox 2224 4166 3812 4244; baseline 0.006 -25"><span class='ocrx_word' id='word_1_881' title='bbox 2224 4167 2418 4238; x_wconf 76' lang='grc' dir='ltr'><strong>μικρὸν</strong></span> <span class='ocrx_word' id='word_1_882' title='bbox 2440 4166 2597 4220; x_wconf 89' lang='grc' dir='ltr'><strong>τοῦτο</strong></span> <span class='ocrx_word' id='word_1_883' title='bbox 2622 4166 2757 4239; x_wconf 79' lang='grc' dir='ltr'><strong>πρὸς</strong></span> <span class='ocrx_word' id='word_1_884' title='bbox 2793 4168 2854 4221; x_wconf 89' lang='lat'><strong>:6</strong></span> <span class='ocrx_word' id='word_1_885' title='bbox 2889 4168 3117 4240; x_wconf 88' lang='grc' dir='ltr'><strong>μέγεθος</strong></span> <span class='ocrx_word' id='word_1_886' title='bbox 3157 4173 3255 4243; x_wconf 79' lang='grc' dir='ltr'><strong>τῆς</strong></span> <span class='ocrx_word' id='word_1_887' title='bbox 3290 4173 3645 4244; x_wconf 77' lang='grc' dir='ltr'><strong>εὐεργεσίας,</strong></span> <span class='ocrx_word' id='word_1_888' title='bbox 3686 4176 3812 4229; x_wconf 77' lang='grc' dir='ltr'><strong>ἀλλ’</strong></span> 
     </span>
    </p>
   </div>
   <div class='ocr_carea' id='block_1_113' title="bbox 2220 4248 3811 4327">
    <p class='ocr_par' dir='ltr' id='par_1_113' title="bbox 2220 4248 3811 4327">
     <span class='ocr_line' id='line_1_113' title="bbox 2220 4248 3811 4327; baseline 0.007 -25"><span class='ocrx_word' id='word_1_889' title='bbox 2220 4251 2357 4321; x_wconf 80' lang='grc' dir='ltr'><strong>ὅπερ</strong></span> <span class='ocrx_word' id='word_1_890' title='bbox 2385 4248 2560 4320; x_wconf 67' lang='grc' dir='ltr'><strong>ἔσχεν.</strong></span> <span class='ocrx_word' id='word_1_891' title='bbox 2598 4249 2750 4302; x_wconf 75' lang='grc' dir='ltr'><strong>Ἐπεὶ</strong></span> <span class='ocrx_word' id='word_1_892' title='bbox 2782 4249 2879 4303; x_wconf 76' lang='grc' dir='ltr'><strong>καὶ</strong></span> <span class='ocrx_word' id='word_1_893' title='bbox 2913 4251 3075 4322; x_wconf 81' lang='grc' dir='ltr'><strong>ἡμεῖς</strong></span> <span class='ocrx_word' id='word_1_894' title='bbox 3103 4253 3254 4324; x_wconf 89' lang='grc' dir='ltr'><strong>παρά</strong></span> <span class='ocrx_word' id='word_1_895' title='bbox 3286 4253 3395 4308; x_wconf 89' lang='grc' dir='ltr'><strong>τῶν</strong></span> <span class='ocrx_word' id='word_1_896' title='bbox 3426 4258 3687 4327; x_wconf 86' lang='grc' dir='ltr'><strong>πενήτων</strong></span> <span class='ocrx_word' id='word_1_897' title='bbox 3712 4261 3811 4313; x_wconf 79' lang='grc' dir='ltr'><strong>καὶ</strong></span> 
     </span>
    </p>
   </div>
   <div class='ocr_carea' id='block_1_114' title="bbox 2223 4330 3809 4413">
    <p class='ocr_par' dir='ltr' id='par_1_114' title="bbox 2223 4330 3809 4413">
     <span class='ocr_line' id='line_1_114' title="bbox 2223 4330 3809 4413; baseline 0.008 -30"><span class='ocrx_word' id='word_1_898' title='bbox 2223 4330 2374 4384; x_wconf 63' lang='grc' dir='ltr'><strong>οὐδέν</strong></span> <span class='ocrx_word' id='word_1_899' title='bbox 2397 4331 2750 4402; x_wconf 80' lang='grc' dir='ltr'><strong>κεκτημένων</strong></span> <span class='ocrx_word' id='word_1_900' title='bbox 2780 4332 2931 4387; x_wconf 74' lang='grc' dir='ltr'><strong>οὐδὲν</strong></span> <span class='ocrx_word' id='word_1_901' title='bbox 2956 4333 3142 4405; x_wconf 69' lang='grc' dir='ltr'><strong>ἔτερον</strong></span> <span class='ocrx_word' id='word_1_902' title='bbox 3177 4335 3565 4409; x_wconf 77' lang='grc' dir='ltr'><strong>ἐπιζητοῦμεν,</strong></span> <span class='ocrx_word' id='word_1_903' title='bbox 3603 4339 3732 4395; x_wconf 79' lang='grc' dir='ltr'><strong>ἀλλ’</strong></span> <span class='ocrx_word' id='word_1_904' title='bbox 3772 4343 3809 4413; x_wconf 62' lang='grc' dir='ltr'>ἢ</span> 
     </span>
    </p>
   </div>
   <div class='ocr_carea' id='block_1_115' title="bbox 2221 4413 3813 4492">
    <p class='ocr_par' dir='ltr' id='par_1_115' title="bbox 2221 4413 3813 4492">
     <span class='ocr_line' id='line_1_115' title="bbox 2221 4413 3813 4492; baseline 0.008 -26"><span class='ocrx_word' id='word_1_905' title='bbox 2221 4413 2497 4485; x_wconf 83' lang='grc' dir='ltr'><strong>εὐφημίαν</strong></span> <span class='ocrx_word' id='word_1_906' title='bbox 2519 4414 2614 4468; x_wconf 71' lang='grc' dir='ltr'><strong>καὶ</strong></span> <span class='ocrx_word' id='word_1_907' title='bbox 2654 4415 3094 4487; x_wconf 87' lang='grc' dir='ltr'><strong>εὐγνωμοσύνην.</strong></span> <span class='ocrx_word' id='word_1_908' title='bbox 3146 4418 3287 4472; x_wconf 79' lang='grc' dir='ltr'><strong>Ἀλλ’</strong></span> <span class='ocrx_word' id='word_1_909' title='bbox 3331 4422 3495 4491; x_wconf 85' lang='grc' dir='ltr'><strong>ήμείς</strong></span> <span class='ocrx_word' id='word_1_910' title='bbox 3537 4423 3661 4492; x_wconf 82' lang='grc' dir='ltr'><strong>μὲν.</strong></span> <span class='ocrx_word' id='word_1_911' title='bbox 3719 4426 3813 4478; x_wconf 83' lang='grc' dir='ltr'><strong>ἴνα</strong></span> 
     </span>
    </p>
   </div>
   <div class='ocr_carea' id='block_1_116' title="bbox 2219 4494 3806 4577">
    <p class='ocr_par' dir='ltr' id='par_1_116' title="bbox 2219 4494 3806 4577">
     <span class='ocr_line' id='line_1_116' title="bbox 2219 4494 3806 4577; baseline 0.008 -30"><span class='ocrx_word' id='word_1_912' title='bbox 2219 4494 2591 4577; x_wconf 86' lang='grc' dir='ltr'><strong>λαμπρότεροι</strong></span> <span class='ocrx_word' id='word_1_913' title='bbox 2621 4494 2911 4567; x_wconf 86' lang='grc' dir='ltr'><strong>γενώμεθα</strong></span> <span class='ocrx_word' id='word_1_914' title='bbox 2929 4514 2944 4529; x_wconf 92' lang='grc'><strong>·</strong></span> <span class='ocrx_word' id='word_1_915' title='bbox 2961 4501 2990 4552; x_wconf 92' lang='lat'><strong>6</strong></span> <span class='ocrx_word' id='word_1_916' title='bbox 3009 4498 3067 4552; x_wconf 87' lang='lat'><strong>66</strong></span> <span class='ocrx_word' id='word_1_917' title='bbox 3094 4499 3359 4567; x_wconf 83' lang='grc' dir='ltr'><strong>Θεὸς,οὐκ</strong></span> <span class='ocrx_word' id='word_1_918' title='bbox 3387 4502 3576 4577; x_wconf 78' lang='grc' dir='ltr'><strong>ἐπειδὴ</strong></span> <span class='ocrx_word' id='word_1_919' title='bbox 3600 4504 3806 4571; x_wconf 75' lang='grc' dir='ltr'><strong>δεῖται,</strong></span> 
     </span>
    </p>
   </div>
   <div class='ocr_carea' id='block_1_117' title="bbox 2219 4576 3813 4659">
    <p class='ocr_par' dir='ltr' id='par_1_117' title="bbox 2219 4576 3813 4659">
     <span class='ocr_line' id='line_1_117' title="bbox 2219 4576 3813 4659; baseline 0.009 -30"><span class='ocrx_word' id='word_1_920' title='bbox 2219 4576 2335 4630; x_wconf 77' lang='grc' dir='ltr'><strong>ἀλλ’</strong></span> <span class='ocrx_word' id='word_1_921' title='bbox 2364 4578 2451 4631; x_wconf 76' lang='grc' dir='ltr'><strong>ἴνα</strong></span> <span class='ocrx_word' id='word_1_922' title='bbox 2478 4578 2676 4641; x_wconf 77' lang='grc' dir='ltr'><strong>αὐτοὺς</strong></span> <span class='ocrx_word' id='word_1_923' title='bbox 2715 4580 2842 4643; x_wconf 83' lang='grc' dir='ltr'><strong>τοὺς</strong></span> <span class='ocrx_word' id='word_1_924' title='bbox 2868 4579 3093 4652; x_wconf 78' lang='grc' dir='ltr'><strong>ᾅδοντας</strong></span> <span class='ocrx_word' id='word_1_925' title='bbox 3116 4581 3528 4656; x_wconf 88' lang='grc' dir='ltr'><strong>λαμπροτέρους</strong></span> <span class='ocrx_word' id='word_1_926' title='bbox 3558 4588 3813 4659; x_wconf 70' lang='grc' dir='ltr'><strong>ἐργάση-</strong></span> 
     </span>
    </p>
   </div>
   <div class='ocr_carea' id='block_1_118' title="bbox 2217 4659 3814 4741">
    <p class='ocr_par' dir='ltr' id='par_1_118' title="bbox 2217 4659 3814 4741">
     <span class='ocr_line' id='line_1_118' title="bbox 2217 4659 3814 4741; baseline 0.008 -29"><span class='ocrx_word' id='word_1_927' title='bbox 2217 4675 2342 4726; x_wconf 86' lang='grc' dir='ltr'><strong>ται,</strong></span> <span class='ocrx_word' id='word_1_928' title='bbox 2410 4660 2505 4713; x_wconf 78' lang='grc' dir='ltr'><strong>καὶ</strong></span> <span class='ocrx_word' id='word_1_929' title='bbox 2557 4659 2733 4733; x_wconf 80' lang='grc' dir='ltr'><strong>ταύτῃ</strong></span> <span class='ocrx_word' id='word_1_930' title='bbox 2794 4662 2957 4717; x_wconf 84' lang='grc' dir='ltr'><strong>πάλιν</strong></span> <span class='ocrx_word' id='word_1_931' title='bbox 3003 4664 3205 4729; x_wconf 79' lang='grc' dir='ltr'><strong>αὐτοὺς</strong></span> <span class='ocrx_word' id='word_1_932' title='bbox 3273 4667 3631 4741; x_wconf 76' lang='grc' dir='ltr'><strong>εὐεργετήσῃ.</strong></span> <span class='ocrx_word' id='word_1_933' title='bbox 3709 4673 3814 4725; x_wconf 76' lang='grc' dir='ltr'><strong>Ἐν</strong></span> 
     </span>
    </p>
   </div>
   <div class='ocr_carea' id='block_1_119' title="bbox 2217 4741 3813 4818">
    <p class='ocr_par' dir='ltr' id='par_1_119' title="bbox 2217 4741 3813 4818">
     <span class='ocr_line' id='line_1_119' title="bbox 2217 4741 3813 4818; baseline 0.009 -24"><span class='ocrx_word' id='word_1_934' title='bbox 2217 4743 2529 4811; x_wconf 68' lang='grc' dir='ltr'><strong>ψαλτηρίῳ</strong></span> <span class='ocrx_word' id='word_1_935' title='bbox 2574 4741 2918 4812; x_wconf 81' lang='grc' dir='ltr'><strong>δεκαχόρόφ</strong></span> <span class='ocrx_word' id='word_1_936' title='bbox 2960 4747 3138 4815; x_wconf 75' lang='grc' dir='ltr'><strong>ψαλῶ</strong></span> <span class='ocrx_word' id='word_1_937' title='bbox 3182 4766 3284 4806; x_wconf 90' lang='grc' dir='ltr'><strong>σοι</strong></span> <span class='ocrx_word' id='word_1_938' title='bbox 3304 4766 3320 4782; x_wconf 82' lang='lat'><strong><em>°</em></strong></span> <span class='ocrx_word' id='word_1_939' title='bbox 3355 4753 3661 4818; x_wconf 88' lang='grc' dir='ltr'><strong>τουτέστιν,</strong></span> <span class='ocrx_word' id='word_1_940' title='bbox 3702 4756 3813 4809; x_wconf 76' lang='lat' dir='ltr'><strong>E6-</strong></span> 
     </span>
    </p>
   </div>
   <div class='ocr_carea' id='block_1_120' title="bbox 2219 4827 3813 4908">
    <p class='ocr_par' dir='ltr' id='par_1_120' title="bbox 2219 4827 3813 4908">
     <span class='ocr_line' id='line_1_120' title="bbox 2219 4827 3813 4908; baseline 0.009 -30"><span class='ocrx_word' id='word_1_941' title='bbox 2219 4827 2530 4908; x_wconf 87' lang='grc' dir='ltr'><strong>χαριστήσω</strong></span> <span class='ocrx_word' id='word_1_942' title='bbox 2573 4842 2676 4881; x_wconf 92' lang='grc' dir='ltr'><strong>σοι.</strong></span> <span class='ocrx_word' id='word_1_943' title='bbox 2737 4827 2897 4881; x_wconf 78' lang='grc' dir='ltr'><strong>Ἀλλά</strong></span> <span class='ocrx_word' id='word_1_944' title='bbox 2933 4830 3055 4884; x_wconf 85' lang='grc' dir='ltr'><strong>τότε</strong></span> <span class='ocrx_word' id='word_1_945' title='bbox 3099 4831 3199 4900; x_wconf 81' lang='grc' dir='ltr'><strong>μὲν</strong></span> <span class='ocrx_word' id='word_1_946' title='bbox 3240 4833 3447 4906; x_wconf 76' lang='grc' dir='ltr'><strong>ὄργανα</strong></span> <span class='ocrx_word' id='word_1_947' title='bbox 3477 4831 3580 4908; x_wconf 77' lang='grc' dir='ltr'><strong>ἦν,</strong></span> <span class='ocrx_word' id='word_1_948' title='bbox 3626 4834 3813 4893; x_wconf 78' lang='grc' dir='ltr'><strong>δι’ὧν</strong></span> 
     </span>
    </p>
   </div>
   <div class='ocr_carea' id='block_1_121' title="bbox 2216 4907 3811 4992">
    <p class='ocr_par' dir='ltr' id='par_1_121' title="bbox 2216 4907 3811 4992">
     <span class='ocr_line' id='line_1_121' title="bbox 2216 4907 3811 4992; baseline 0.011 -32"><span class='ocrx_word' id='word_1_949' title='bbox 2216 4910 2318 4992; x_wconf 77' lang='grc' dir='ltr'><strong>τὰς</strong></span> <span class='ocrx_word' id='word_1_950' title='bbox 2509 4909 2769 4992; x_wconf 88' lang='grc' dir='ltr'><strong>ἀνέφερον</strong></span> <span class='ocrx_word' id='word_1_951' title='bbox 2786 4928 2800 4942; x_wconf 87' lang='grc'><strong>·</strong></span> <span class='ocrx_word' id='word_1_952' title='bbox 2836 4912 2954 4965; x_wconf 82' lang='grc' dir='ltr'><strong>νυνὶ</strong></span> <span class='ocrx_word' id='word_1_953' title='bbox 2980 4913 3038 4967; x_wconf 82' lang='grc' dir='ltr'><strong>δὲ</strong></span> <span class='ocrx_word' id='word_1_954' title='bbox 3060 4914 3181 4969; x_wconf 81' lang='grc' dir='ltr'><strong>ἀντὶ</strong></span> <span class='ocrx_word' id='word_1_955' title='bbox 3215 4917 3459 4989; x_wconf 81' lang='grc' dir='ltr'><strong>ὀργάνων</strong></span> <span class='ocrx_word' id='word_1_956' title='bbox 3488 4907 3811 4992; x_wconf 77' lang='grc' dir='ltr'><strong>κεχρῆσθαι</strong></span> 
     </span>
    </p>
   </div>
   <div class='ocr_carea' id='block_1_122' title="bbox 2219 4989 3807 5076">
    <p class='ocr_par' dir='ltr' id='par_1_122' title="bbox 2219 4989 3807 5076">
     <span class='ocr_line' id='line_1_122' title="bbox 2219 4989 3807 5076; baseline 0.013 -35"><span class='ocrx_word' id='word_1_957' title='bbox 2219 4989 2342 5076; x_wconf 69' lang='grc' dir='ltr'><strong>ἐστι</strong></span> <span class='ocrx_word' id='word_1_958' title='bbox 2359 4990 2439 5076; x_wconf 80' lang='grc' dir='ltr'><strong>τῷ</strong></span> <span class='ocrx_word' id='word_1_959' title='bbox 2473 4990 2706 5076; x_wconf 80' lang='grc' dir='ltr'><strong>σώματι.</strong></span> <span class='ocrx_word' id='word_1_960' title='bbox 2743 4993 2901 5076; x_wconf 76' lang='grc' dir='ltr'><strong>Ἔστι</strong></span> <span class='ocrx_word' id='word_1_961' title='bbox 2934 4994 3044 5067; x_wconf 89' lang='grc' dir='ltr'><strong>γάρ</strong></span> <span class='ocrx_word' id='word_1_962' title='bbox 3075 4998 3170 5051; x_wconf 75' lang='grc' dir='ltr'><strong>καὶ</strong></span> <span class='ocrx_word' id='word_1_963' title='bbox 3196 4998 3264 5053; x_wconf 76' lang='grc' dir='ltr'><strong>δι’</strong></span> <span class='ocrx_word' id='word_1_964' title='bbox 3295 4989 3606 5074; x_wconf 69' lang='grc' dir='ltr'><strong>ὀφθαλμῶν</strong></span> <span class='ocrx_word' id='word_1_965' title='bbox 3619 4989 3807 5076; x_wconf 66' lang='grc' dir='ltr'><strong>ᾅδειν,</strong></span> 
     </span>
    </p>
   </div>
   <div class='ocr_carea' id='block_1_123' title="bbox 2218 5072 3811 5155">
    <p class='ocr_par' dir='ltr' id='par_1_123' title="bbox 2218 5072 3811 5155">
     <span class='ocr_line' id='line_1_123' title="bbox 2218 5072 3811 5155; baseline 0.01 -29"><span class='ocrx_word' id='word_1_966' title='bbox 2218 5073 2282 5128; x_wconf 86' lang='grc' dir='ltr'><strong>οὐ</strong></span> <span class='ocrx_word' id='word_1_967' title='bbox 2321 5072 2410 5128; x_wconf 89' lang='grc' dir='ltr'><strong>διά</strong></span> <span class='ocrx_word' id='word_1_968' title='bbox 2439 5073 2682 5145; x_wconf 87' lang='grc' dir='ltr'><strong>γλώττης</strong></span> <span class='ocrx_word' id='word_1_969' title='bbox 2716 5074 2899 5145; x_wconf 89' lang='grc' dir='ltr'><strong>μόνον,</strong></span> <span class='ocrx_word' id='word_1_970' title='bbox 2934 5079 3028 5133; x_wconf 79' lang='grc' dir='ltr'><strong>καὶ</strong></span> <span class='ocrx_word' id='word_1_971' title='bbox 3053 5078 3144 5134; x_wconf 86' lang='grc' dir='ltr'><strong>διά</strong></span> <span class='ocrx_word' id='word_1_972' title='bbox 3189 5082 3413 5155; x_wconf 87' lang='grc' dir='ltr'><strong>χειρῶν,</strong></span> <span class='ocrx_word' id='word_1_973' title='bbox 3439 5072 3533 5138; x_wconf 75' lang='grc' dir='ltr'><strong>καὶ</strong></span> <span class='ocrx_word' id='word_1_974' title='bbox 3561 5072 3655 5140; x_wconf 75' lang='grc' dir='ltr'><strong>διά</strong></span> <span class='ocrx_word' id='word_1_975' title='bbox 3702 5105 3811 5141; x_wconf 77' lang='grc' dir='ltr'><strong>πο-</strong></span> 
     </span>
    </p>
   </div>
   <div class='ocr_carea' id='block_1_124' title="bbox 2219 5155 3811 5240">
    <p class='ocr_par' dir='ltr' id='par_1_124' title="bbox 2219 5155 3811 5240">
     <span class='ocr_line' id='line_1_124' title="bbox 2219 5155 3811 5240; baseline 0.011 -30"><span class='ocrx_word' id='word_1_976' title='bbox 2219 5155 2345 5225; x_wconf 84' lang='grc' dir='ltr'><strong>δῶν,</strong></span> <span class='ocrx_word' id='word_1_977' title='bbox 2390 5158 2485 5213; x_wconf 74' lang='grc' dir='ltr'><strong>καὶ</strong></span> <span class='ocrx_word' id='word_1_978' title='bbox 2519 5156 2609 5214; x_wconf 81' lang='grc' dir='ltr'><strong>διὰ</strong></span> <span class='ocrx_word' id='word_1_979' title='bbox 2656 5160 2827 5234; x_wconf 82' lang='grc' dir='ltr'><strong>ἀκοῆς</strong></span> <span class='ocrx_word' id='word_1_980' title='bbox 2853 5171 2898 5216; x_wconf 75' lang='grc' dir='ltr'><strong>σ.</strong></span> <span class='ocrx_word' id='word_1_981' title='bbox 2939 5162 3108 5218; x_wconf 88' lang='grc' dir='ltr'><strong>Ὅταν</strong></span> <span class='ocrx_word' id='word_1_982' title='bbox 3159 5165 3268 5240; x_wconf 83' lang='grc' dir='ltr'><strong>γὰρ</strong></span> <span class='ocrx_word' id='word_1_983' title='bbox 3315 5168 3544 5225; x_wconf 68' lang='grc' dir='ltr'><strong>ἕκαστον</strong></span> <span class='ocrx_word' id='word_1_984' title='bbox 3587 5171 3811 5228; x_wconf 80' lang='grc' dir='ltr'><strong>τούτων</strong></span> 
     </span>
    </p>
   </div>
   <div class='ocr_carea' id='block_1_125' title="bbox 2282 5328 3814 5417">
    <p class='ocr_par' dir='ltr' id='par_1_125' title="bbox 2282 5328 3814 5417">
     <span class='ocr_line' id='line_1_125' title="bbox 2282 5328 3814 5417; baseline 0 0"><span class='ocrx_word' id='word_1_985' title='bbox 2282 5328 2614 5417; x_wconf 55' lang='grc' dir='ltr'><strong>ἶ.ξῖ⁶ἓ;ἓῖτέ</strong></span> <span class='ocrx_word' id='word_1_986' title='bbox 2622 5336 2694 5417; x_wconf 59' lang='grc' dir='ltr'><strong>ἒξ</strong></span> <span class='ocrx_word' id='word_1_987' title='bbox 2703 5337 3124 5417; x_wconf 49' lang='grc' dir='ltr'><strong>9νῇἲένὲθὲτέ</strong></span> <span class='ocrx_word' id='word_1_988' title='bbox 3138 5344 3319 5417; x_wconf 61' lang='grc' dir='ltr'><strong>ἀνβῖιτα</strong></span> <span class='ocrx_word' id='word_1_989' title='bbox 3353 5346 3532 5417; x_wconf 61' lang='grc' dir='ltr'><strong>υὶβιίαε</strong></span> <span class='ocrx_word' id='word_1_990' title='bbox 3546 5415 3553 5417; x_wconf 14' lang='grc' dir='ltr'>ξ</span> <span class='ocrx_word' id='word_1_991' title='bbox 3566 5351 3814 5417; x_wconf 67' lang='lat' dir='ltr'><strong>quadrat.</strong></span> 
     </span>
    </p>
   </div>
   <div class='ocr_carea' id='block_1_126' title="bbox 2220 5394 3645 5465">
    <p class='ocr_par' dir='ltr' id='par_1_126' title="bbox 2220 5394 3645 5465">
     <span class='ocr_line' id='line_1_126' title="bbox 2220 5394 3645 5465; baseline 0.013 -23"><span class='ocrx_word' id='word_1_992' title='bbox 2220 5394 2391 5465; x_wconf 63' lang='lat'><strong><em>616966</em></strong></span> <span class='ocrx_word' id='word_1_993' title='bbox 2414 5395 2563 5465; x_wconf 73' lang='lat' dir='ltr'><strong>hab6:</strong></span> <span class='ocrx_word' id='word_1_994' title='bbox 2583 5398 2733 5465; x_wconf 49' lang='lat' dir='ltr'><strong>saw]:</strong></span> <span class='ocrx_word' id='word_1_995' title='bbox 2755 5405 2810 5465; x_wconf 69' lang='grc' dir='ltr'><strong>ει</strong></span> <span class='ocrx_word' id='word_1_996' title='bbox 2841 5394 3066 5465; x_wconf 59' lang='grc' dir='ltr'><strong>ἰιεξιρεη</strong></span> <span class='ocrx_word' id='word_1_997' title='bbox 3089 5394 3645 5461; x_wconf 57' lang='grc' dir='ltr'><strong>ϐεοῑίὸοἶιεᾚέτῦὲιιῖί</strong></span> 
     </span>
    </p>
   </div>
   <div class='ocr_carea' id='block_1_127' title="bbox 2286 5454 3224 5527">
    <p class='ocr_par' dir='ltr' id='par_1_127' title="bbox 2286 5454 3224 5527">
     <span class='ocr_line' id='line_1_127' title="bbox 2286 5454 3224 5527; baseline 0.016 -25"><span class='ocrx_word' id='word_1_998' title='bbox 2286 5454 2321 5527; x_wconf 63' lang='grc' dir='ltr'><strong>εξ</strong></span> <span class='ocrx_word' id='word_1_999' title='bbox 2338 5454 2665 5527; x_wconf 49' lang='grc' dir='ltr'><strong>ξυνερύτούς.</strong></span> <span class='ocrx_word' id='word_1_1000' title='bbox 2691 5460 2785 5527; x_wconf 73' lang='grc' dir='ltr'><strong>καὶ</strong></span> <span class='ocrx_word' id='word_1_1001' title='bbox 2806 5454 3021 5527; x_wconf 78' lang='grc' dir='ltr'><strong>καθάπῷ</strong></span> <span class='ocrx_word' id='word_1_1002' title='bbox 3041 5463 3089 5512; x_wconf 71' lang='grc' dir='ltr'><strong>ἐν</strong></span> <span class='ocrx_word' id='word_1_1003' title='bbox 3106 5454 3224 5523; x_wconf 82' lang='grc' dir='ltr'><strong>τοῖς.</strong></span> 
     </span>
    </p>
   </div>
   <div class='ocr_carea' id='block_1_128' title="bbox 2282 5514 2819 5583">
    <p class='ocr_par' dir='ltr' id='par_1_128' title="bbox 2282 5514 2819 5583">
     <span class='ocr_line' id='line_1_128' title="bbox 2282 5514 2819 5583; baseline 0.013 -20"><span class='ocrx_word' id='word_1_1004' title='bbox 2282 5514 2309 5554; x_wconf 74' lang='grc' dir='ltr'><strong>ἀ</strong></span> <span class='ocrx_word' id='word_1_1005' title='bbox 2343 5514 2492 5583; x_wconf 19' lang='grc' dir='ltr'><strong>ξανίιλ.</strong></span> <span class='ocrx_word' id='word_1_1006' title='bbox 2515 5518 2819 5583; x_wconf 71' lang='grc' dir='ltr'><strong>ἀμείψασθαι.</strong></span> 
     </span>
    </p>
   </div>
   <div class='ocr_carea' id='block_1_129' title="bbox 2288 5577 3819 5661">
    <p class='ocr_par' dir='ltr' id='par_1_129' title="bbox 2288 5577 3819 5661">
     <span class='ocr_line' id='line_1_129' title="bbox 2288 5577 3819 5661; baseline 0 0"><span class='ocrx_word' id='word_1_1007' title='bbox 2288 5577 2649 5661; x_wconf 51' lang='grc' dir='ltr'><strong>ῗέἒῗ¹1·,-εξ³ἲῗῖ</strong></span> <span class='ocrx_word' id='word_1_1008' title='bbox 2702 5582 2877 5661; x_wconf 60' lang='grc' dir='ltr'><strong>έίέἳῖκξ</strong></span> <span class='ocrx_word' id='word_1_1009' title='bbox 2925 5583 3114 5661; x_wconf 44' lang='lat' dir='ltr'><strong>[mtuam</strong></span> <span class='ocrx_word' id='word_1_1010' title='bbox 3131 5586 3338 5661; x_wconf 59' lang='grc' dir='ltr'><strong>,ποθείς</strong></span> <span class='ocrx_word' id='word_1_1011' title='bbox 3394 5592 3506 5661; x_wconf 66' lang='grc' dir='ltr'><strong>δῖαν</strong></span> <span class='ocrx_word' id='word_1_1012' title='bbox 3555 5596 3655 5661; x_wconf 71' lang='grc' dir='ltr'><strong>γάρ</strong></span> <span class='ocrx_word' id='word_1_1013' title='bbox 3703 5599 3819 5661; x_wconf 65' lang='grc' dir='ltr'><strong>παρ’</strong></span> 
     </span>
    </p>
   </div>
   <div class='ocr_carea' id='block_1_130' title="bbox 2223 5637 3819 5718">
    <p class='ocr_par' dir='ltr' id='par_1_130' title="bbox 2223 5637 3819 5718">
     <span class='ocr_line' id='line_1_130' title="bbox 2223 5637 3819 5718; baseline 0.021 -38"><span class='ocrx_word' id='word_1_1014' title='bbox 2702 5641 3240 5718; x_wconf 40' lang='grc' dir='ltr'><strong>ξίείξιιξβανίΙκβταν</strong></span> <span class='ocrx_word' id='word_1_1015' title='bbox 3286 5654 3376 5718; x_wconf 81' lang='grc' dir='ltr'><strong>γὰρ</strong></span> <span class='ocrx_word' id='word_1_1016' title='bbox 3694 5659 3819 5712; x_wconf 70' lang='grc' dir='ltr'><strong>ταῦ-</strong></span> 
     </span>
    </p>
   </div>
   <div class='ocr_carea' id='block_1_131' title="bbox 2224 5700 3347 5769">
    <p class='ocr_par' dir='ltr' id='par_1_131' title="bbox 2224 5700 3347 5769">
     <span class='ocr_line' id='line_1_131' title="bbox 2224 5700 3347 5769; baseline 0.02 -24"><span class='ocrx_word' id='word_1_1017' title='bbox 2224 5712 2336 5748; x_wconf 79' lang='grc' dir='ltr'><strong>των.</strong></span> <span class='ocrx_word' id='word_1_1018' title='bbox 2362 5700 2520 5761; x_wconf 72' lang='grc' dir='ltr'><strong>Αιιιιις</strong></span> <span class='ocrx_word' id='word_1_1019' title='bbox 2545 5700 2608 5751; x_wconf 77' lang='lat' dir='ltr'><strong>ita</strong></span> <span class='ocrx_word' id='word_1_1020' title='bbox 2631 5701 2750 5769; x_wconf 70' lang='lat' dir='ltr'><strong>legit</strong></span> <span class='ocrx_word' id='word_1_1021' title='bbox 2783 5707 3052 5760; x_wconf 68' lang='lat' dir='ltr'><strong>Uenlianus</strong></span> <span class='ocrx_word' id='word_1_1022' title='bbox 3081 5700 3347 5767; x_wconf 57' lang='lat' dir='ltr'><strong>Hervelu&#39;é;</strong></span> 
     </span>
    </p>
   </div>
  </div>
