4076 6222
250 411 359 467 881

258 523 573 584 crassiores
628 513 902 568 auditores
949 506 1142 555 terreat
1178 494 1280 548 :de

259 617 533 689 loquitur.
576 607 710 663 Nam
742 595 1093 658 contrectatio
1123 589 1220 643 etsi
1270 592 1518 651 magnum
1567 571 1690 642 quid
1739 581 1860 622 esse

1059 687 1080 689 _
1133 683 1143 689 .
1205 680 1236 689 ..
1317 677 1351 689 ..
1393 682 1436 689 ._
1475 665 1694 689 act--4...
1743 659 1856 689 mm,

261 659 524 770 videtur,
555 699 724 756 multo
759 701 906 750 certe
944 698 1027 744 est
1057 683 1146 740 Dei
1188 677 1444 746 dignitate
1475 665 1716 724 inferius.
1743 659 1859 715 Non

339 803 419 856 im
455 808 590 866 opus
633 790 792 844 habet
821 786 960 838 Deus
1003 768 1423 833 contrectatione
1451 761 1516 815 ad
1543 759 1596 814 id
1625 755 1861 812 efﬁcien-

462 847 516 866 ,τ
536 847 555 848 η

261 897 428 955 dum,
455 897 512 944 ut
538 893 748 940 montes
776 876 1049 944 futnigent,
1082 867 1188 921 imo
1216 874 1344 915 vero
1373 872 1440 911 ne
1462 861 1593 909 nutu
1620 847 1856 920 quidem,

262 986 364 1043 sed
395 980 626 1039 consilio
657 983 858 1028 tantum
891 978 945 1021 et.
971 963 1260 1018 voluntate.
1296 954 1578 1020 Postquam
1621 957 1749 1011 ergo
1776 938 1860 992 di-

263 1081 348 1136 xit
376 1077 450 1132 de
477 1073 683 1128 vilitate
710 1061 962 1123 hominis,
1003 1055 1132 1110 dicit
1160 1050 1320 1106 etiam
1352 1046 1419 1100 de
1449 1041 1540 1096 Dei
1572 1035 1808 1110 potentia
1841 1071 1859 1097 ,

261 1169 455 1243 quoad
483 1167 600 1235 ejus
631 1166 804 1230 potest
830 1153 940 1206 ﬁeri
964 1149 1031 1202 ah
1059 1144 1276 1201 homine
1306 1157 1321 1193 :
1355 1153 1477 1194 nam
1506 1135 1620 1186 hmc
1646 1138 1861 1198 quoque

263 1229 436 1331 longe
466 1229 660 1312 absunt
687 1251 755 1304 ab
790 1248 876 1302 illa
906 1241 1204 1312 majestate.
1241 1234 1294 1288 6.
1348 1229 1579 1298 Fulgura
1623 1234 1862 1276 corusca-

265 1358 488 1415 tionem,
536 1358 580 1402 ct
615 1339 880 1412 dissipabis
901 1352 984 1390 cos
1019 1351 1037 1388 :
1079 1331 1244 1386 emitte
1271 1325 1479 1396 sagittas
1506 1329 1637 1382 tuas,
1669 1321 1714 1368 et
1741 1327 1864 1364 con-

547 1456 650 1494 cos.
685 1402 880 1502 Fulgur
908 1431 993 1482 hic
1019 1435 1072 1480 et
1098 1423 1316 1491 sagittas
1345 1431 1448 1470 non
1473 1411 1602 1466 dicit
1629 1408 1730 1462 hoc
1754 1402 1859 1458 ful-

264 1555 394 1610 gur,
429 1549 531 1588 nec
557 1530 654 1584 has
674 1525 891 1596 sagittas
911 1561 926 1585 ,
988 1516 1082 1572 sed
1113 1515 1184 1568 ita
1211 1517 1366 1564 vocat
1391 1502 1670 1575 supplicia,
1705 1512 1772 1552 ex
1801 1494 1865 1548 iis

269 1647 397 1702 qua:
429 1627 541 1697 jam
573 1632 696 1678 nota
737 1626 884 1677 sunt,
913 1609 1242 1682 persuadens
1269 1604 1317 1658 ei
1345 1601 1432 1670 qui
1463 1594 1780 1653 contemnit.
1811 1597 1866 1642 et

269 1733 354 1778 est
382 1722 534 1789 piger
561 1730 623 1768 ac
649 1710 942 1780 negligens,
969 1713 1030 1757 ut
1061 1705 1254 1755 Iretnat
1277 1737 1293 1762 ,
1325 1699 1652 1748 revereatur,
1699 1695 1864 1749 seque

271 1815 529 1871 inclinet.
563 1808 618 1862 Si
650 1779 791 1860 enim
821 1801 992 1869 fulgur
1027 1793 1152 1849 ferri
1182 1807 1284 1844 non
1319 1791 1490 1857 potest
1518 1823 1533 1847 ,
1585 1779 1709 1833 licet
1757 1787 1865 1828 non

265 1909 528 1963 mittatur
550 1901 615 1953 ad
643 1893 978 1966 supplicium,
1011 1887 1054 1940 si
1087 1898 1236 1938 suam
1263 1875 1514 1948 puniendi
1547 1874 1863 1940 potestatem

267 1996 520 2052 voluerit
541 2002 778 2052 movere,
807 1983 924 2054 quis
951 1994 1067 2034 eam
1095 1969 1416 2032 sustinebit?
1445 1966 1537 2020 Dei
1565 1970 1741 2016 autem
1777 1973 1866 2009 sa-

266 2095 432 2166 gitta:
452 2097 577 2146 sunt
600 2093 795 2156 pestes,
823 2079 1010 2137 fames,
1038 2072 1266 2142 fulgura,
1298 2075 1352 2121 et
1387 2057 1696 2129 multiplicia
1741 2065 1868 2119 sup-

269 2188 568 2260 pliciorum
617 2191 830 2249 genera.
867 2173 918 2225 7.
953 2168 1138 2222 Emitte
1188 2175 1393 2216 ntanum
1433 2166 1568 2208 tuam
1613 2150 1676 2202 de
1721 2145 1868 2199 alto:

269 2241 424 2352 eripe
449 2294 545 2340 me,
566 2285 612 2329 et
640 2271 796 2327 libera
821 2283 898 2321 me
922 2264 984 2317 de
1010 2261 1154 2331 aquis
1180 2255 1372 2318 multis,
1395 2261 1442 2306 et
1468 2250 1531 2303 de
1548 2261 1700 2300 manu
1728 2241 1868 2312 ﬁlio-

273 2332 311 2336 --
331 2332 418 2352 ττ
534 2332 544 2340 ,

271 2390 400 2428 runt
432 2371 731 2425 alienorum.
762 2361 875 2417 Non
903 2357 1074 2414 solum
1117 2351 1259 2408 enim
1287 2351 1354 2405 ad
1387 2341 1706 2415 puniendum
1727 2380 1742 2405 ,
1774 2332 1869 2389 sed

1326 489 1408 541 his
1449 483 1679 536 humano
1709 487 1856 526 more

273 2468 448 2524 etiam
474 2463 540 2517 ad
568 2454 990 2516 conservandum
1020 2456 1200 2518 parata
1231 2452 1314 2498 est
1346 2441 1436 2495 Dei
1472 2435 1730 2507 potentia.
1761 2431 1868 2484 Μιλ-
1929 2457 1939 2463 -

277 2573 416 2616 num
445 2551 722 2610 autcmhic
736 2536 1392 2613 vocatOpem.auxi|ium:
1423 2540 1478 2587 ct
1507 2529 1625 2584 ideo
1655 2543 1759 2580 non
1789 2524 1869 2577 di-

277 2653 390 2718 xit,
407 2645 668 2711 Extende,
687 2643 780 2699 sed
798 2639 1006 2702 Emitte,
1028 2634 1127 2689 hoc
1139 2631 1469 2702 significans:
1488 2621 1631 2697 quod
1647 2621 1690 2675 si
1708 2619 1869 2674 etiam

280 2743 482 2799 alicubi
505 2739 651 2801 dicit,
687 2732 950 2796 Extende,
982 2729 1121 2782 idem
1151 2737 1338 2778 rursus
1374 2718 1656 2789 signiﬁcat.
1692 2715 1870 2781 Aquas

282 2843 470 2890 autem
497 2829 811 2884 insolentem
834 2820 1066 2876 hostium
1104 2813 1475 2884 irruptionem,
1504 2816 1558 2862 et
1573 2803 1870 2864 confusam,

285 2941 413 2996 qua:
439 2934 630 2991 magno
657 2919 855 2986 impetu
880 2911 1065 2966 fertur.
1095 2905 1248 2974 Quod
1296 2902 1436 2957 enim
1480 2899 1549 2952 de
1585 2893 1736 2965 aquis
1767 2907 1872 2946 non

289 2987 561 3088 loquatur",
613 3007 848 3066 ostendit
893 3003 944 3059 id
993 3000 1132 3072 quod
1163 2993 1502 3065 subjungitur
1529 3007 1542 3043 ε
1573 2987 1649 3042 De
1675 3000 1829 3038 manu
1855 3022 1872 3048 ,

291 3113 489 3182 inquit,
519 3106 741 3174 filiorum
769 3100 1071 3154 alienorum.
1117 3091 1337 3145 Alienus
1367 3093 1546 3139 autem
1581 3080 1717 3134 ﬁlios
1746 3075 1876 3130 milti

290 3167 509 3262 videtur
538 3199 626 3252 hic
651 3194 829 3248 dicere
855 3204 970 3253 eos,
1001 3185 1092 3256 qui
1135 3198 1166 3236 a
1196 3183 1422 3237 veritate
1470 3181 1594 3231 sunt
1637 3167 1875 3226 alienati.

295 3288 758 3365 Quemadmodum
780 3284 920 3338 enim
945 3279 1127 3336 ﬁdeles
1149 3270 1542 3331 necessitudine
1563 3265 1878 3334 conjunctos

296 3387 674 3446 existimamus
701 3388 756 3435 et
785 3378 996 3439 fratres,
1031 3373 1102 3428 ita
1143 3370 1304 3426 etiam
1333 3365 1556 3424 alienos,
1590 3357 1832 3414 inﬁdeles
1861 3373 1876 3409 :

298 3491 357 3539 et
381 3479 482 3533 hac
514 3474 743 3530 maxime
782 3469 991 3524 ratione
1016 3466 1248 3520 alienum
1277 3475 1307 3514 a
1340 3452 1734 3512 necessitudine
1754 3463 1885 3504 con-

299 3573 486 3646 iuncto
509 3563 885 3622 discernimus.
915 3557 964 3614 Is
991 3555 1134 3613 enim
1165 3552 1295 3610 mihi
1343 3559 1426 3607 est
1473 3545 1802 3618 propinquus
1829 3546 1885 3594 et

305 3657 704 3718 necessitudine
755 3655 1094 3723 conjuncms,
1149 3650 1239 3719 qui
1290 3645 1534 3699 eumdem
1587 3640 1684 3694 subi
1723 3649 1882 3706 quem

305 3769 407 3825 rgo
431 3765 633 3822 patrem
661 3748 952 3810 adscribit,
997 3753 1052 3798 et
1090 3751 1174 3795 est
1220 3736 1461 3808 ejusdem
1491 3746 1689 3786 mensa:
1723 3729 1884 3798 parti-

307 3861 454 3916 ceps,
483 3847 659 3914 potius
687 3855 844 3912 quam
875 3839 919 3891 is
941 3835 1028 3904 qui
1055 3842 1140 3888 est
1166 3831 1296 3885 ntihi
1327 3841 1525 3898 genere
1563 3823 1838 3892 proximus
1869 3834 1886 3872 :

311 3948 394 3994 est
421 3939 562 3992 enim
598 3937 708 3988 inme
731 3931 1027 4002 perfectior
1054 3927 1136 3981 lex
1159 3919 1516 3992 cognationis,
1537 3912 1888 3984 quemadmo-

311 4032 436 4086 dum
465 4030 624 4084 etiam
652 4041 770 4097 qua:
797 4040 862 4078 ex
897 4017 1182 4076 contrariis
1209 4016 1268 4068 ﬁt
1297 4010 1574 4073 alienatio,
1603 4015 1686 4061 est
1738 4021 1817 4072 apt
1841 4019 1892 4056 r—

313 4125 419 4178 tior
443 4132 494 4174 et
521 4117 818 4176 evidentior
841 4130 904 4169 ea
947 4127 1065 4183 quae
1088 4110 1160 4163 sit
1179 4123 1244 4163 ex
1268 4118 1487 4176 genere.
1516 4099 1593 4154 Ne
1621 4097 1721 4150 hoc
1763 4107 1892 4162 ergo

315 4213 638 4285 respexeris,
661 4209 802 4281 quod
833 4208 931 4263 sub
959 4203 1150 4260 eodem
1181 4199 1315 4254 catlo
1344 4208 1528 4250 sumus
1554 4232 1569 4257 ,
1617 4199 1672 4242 et
1719 4188 1772 4240 in
1804 4199 1894 4238 eo-

318 4309 444 4362 dem
472 4308 602 4360 orhc
647 4313 910 4357 terrarum
943 4295 1244 4350 habitamus
1268 4305 1281 4341 :
1312 4286 1466 4341 aliam
1491 4281 1633 4337 enim
1655 4291 1898 4332 comnm-

318 4403 535 4457 nionem
565 4411 768 4468 qttmro,
799 4409 918 4462 qua:
965 4388 1128 4444 cados
1167 4390 1404 4453 superat.
1451 4377 1562 4432 Illic
1605 4381 1783 4427 nostra
1821 4375 1902 4422 est

321 4474 659 4548 conversatio
684 4497 738 4543 et
779 4487 884 4538 vita
921 4499 934 4536 :
976 4481 1093 4534 Vita
1121 4477 1264 4532 enim
1309 4479 1503 4531 nostra,
1555 4463 1744 4532 inquit,
1789 4459 1905 4512 abs.

321 4585 526 4642 condita
557 4591 626 4637 est
655 4596 768 4635 cum
799 4576 997 4630 Christo
1023 4572 1076 4626 in
1100 4570 1208 4625 Deo
1237 4564 1474 4639 (Coloss.
1507 4559 1562 4614 5.
1590 4557 1670 4626 3).
1721 4551 1905 4621 Neque

323 4681 468 4736 enim
500 4687 699 4731 terram
730 4669 1050 4728 habitamus,
1078 4663 1172 4718 sed
1198 4651 1672 4725 commigravimus
1721 4645 1772 4699 in
1812 4657 1906 4696 su-

327 4785 552 4842 pernam
593 4762 954 4832 metropolim.
980 4759 1149 4814 Aliam
1179 4770 1361 4808 veram
1392 4753 1564 4806 lucem
1597 4745 1856 4798 habemus
1891 4777 1906 4801 ,

331 4866 493 4918 aliam
528 4858 778 4928 patriam,
806 4867 860 4910 et.
887 4855 1031 4907 cives
1053 4851 1186 4903 alios
1220 4857 1273 4903 et
1297 4825 1575 4916 cognatos.
1604 4839 1672 4893 Et
1697 4831 1913 4890 idcodi-

333 4957 486 5011 cchat
515 4951 713 5006 Paulus
738 4965 750 5001 :
788 4948 909 5001 Non
935 4947 1051 4999 estis
1077 4945 1247 5014 utique
1267 4940 1488 5008 hospites
1513 4944 1559 4988 et
1582 4932 1807 4988 advenat,
1827 4923 1914 4979 sed

334 5051 467 5105 cives
492 5053 782 5100 sanctorum
825 5037 1058 5108 (Ephes.
1084 5037 1140 5090 2.
1171 5033 1282 5106 l9).
1313 5027 1591 5098 Quomodo
1630 5037 1758 5091 ergo
1787 5019 1920 5074 dixit

336 5141 590 5197 Christus
615 5131 1009 5189 Samaritanmn
1055 5141 1192 5190 esse
1221 5125 1554 5194 proximum,
1603 5115 1707 5171 etsi
1753 5111 1922 5166 nntlto

341 5230 625 5292 intervallo
647 5236 949 5296 separatum
979 5219 1141 5286 (Luc.
1171 5219 1256 5273 lt).
1282 5217 1370 5272 3G.
1397 5215 1484 5284 57)
1503 5216 1528 5266 ’ὲ
1569 5212 1638 5265 At
1666 5223 1770 5262 non
1797 5212 1880 5258 est
1905 5241 1919 5266 ,

341 5330 385 5384 si
415 5333 694 5395 spectetur
723 5325 928 5372 natura:
953 5310 1108 5364 ratio.
1133 5306 1356 5376 Quando
1376 5320 1504 5374 ergo
1533 5295 1926 5357 heneﬁcioalﬁ-

343 5436 471 5476 cere
515 5408 836 5485 oportuerit,
886 5403 957 5458 sit
999 5402 1172 5454 omnis
1213 5399 1374 5452 homo
1415 5394 1507 5449 tibi
1555 5391 1925 5462 propinquus;

347 5509 565 5583 quando
590 5511 766 5559 autem
794 5499 862 5552 de
907 5493 1132 5547 veritate
1161 5498 1380 5560 agetur,
1427 5499 1656 5556 agnosce
1695 5481 1814 5551 quis
1861 5477 1932 5530 sit

355 5601 712 5673 propinquus,
739 5601 789 5646 et
811 5586 933 5659 quis
959 5584 1183 5635 alienus.
1217 5579 1389 5633 Etiam
1415 5577 1458 5631 si
1489 5576 1684 5628 habeas
1710 5574 1927 5626 fratrem

353 5695 545 5748 cadent
597 5696 750 5759 patre
779 5691 834 5738 et
877 5673 1062 5732 eadem
1093 5681 1262 5727 matre
1293 5677 1496 5729 natum,
1523 5675 1574 5720 et
1614 5665 1666 5720 in
1704 5666 1818 5734 lege
1846 5676 1936 5715 ve-

357 5783 536 5846 ritatis
554 5789 734 5838 tecum
759 5789 862 5831 non
891 5759 1384 5827 communicavcrit,
1403 5759 1470 5813 sit
1487 5756 1578 5812 tibi
1600 5756 1768 5826 magis
1779 5769 1934 5824 quant

1391 352 1744 422 EXPOSITIO
1783 347 1847 404 IN
1886 342 2204 404 PSALBIUM
2240 339 2459 398 CXLIII.

3407 327 3416 332 ’
3451 339 3558 392 463

1972 459 2144 531 quivis
2173 457 2372 530 Scytha
2401 456 2659 512 barbarus
2683 472 2698 512 :
2725 469 2838 510 Slve
2861 464 3036 509 autem
3069 459 3138 508 sit
3162 453 3382 524 Scytha,
3436 453 3554 505 sive

1968 551 2304 612 Sauromata,
2332 549 2578 616 dogmata
2599 554 2776 600 autem
2803 545 2956 614 plene
2972 552 3026 600 et
3051 543 3282 612 perfecte
3311 540 3549 602 sciverit,

1967 651 2022 697 et
2038 641 2262 711 idipsum
2287 639 2426 709 quod
2471 649 2523 692 tu
2549 635 2859 700 crediderit,
2876 649 2940 688 eo
2962 635 3052 704 qui
3075 635 3262 688 eodem
3287 641 3440 686 utero
3465 641 3551 684 est

1968 733 2164 797 editus,
2207 734 2276 786 sit
2319 731 2410 785 tibi
2441 728 2804 798 propinquior,
2833 741 3002 796 eaque
3027 725 3233 780 ratione
3260 724 3548 778 barbarum

1967 839 1998 878 ι
2021 839 2126 879 non
2157 823 2382 878 barbaro
2406 823 2790 885 discernamus,
2819 833 2924 873 non
2962 833 3030 872 ex
3071 818 3271 887 lingua,
3328 831 3428 869 nec
3474 829 3547 868 ex

1969 933 2198 988 genere;
2225 917 2318 972 sed
2357 931 2424 969 ex
2455 915 2649 978 anima,
2695 921 2749 968 et
2791 928 2856 966 ex
2902 911 3096 965 mentis
3145 908 3432 963 sententia.
3476 906 3550 960 Ita

1972 1013 2113 1065 enim
2143 1009 2371 1062 maxime
2417 1006 2579 1060 homo
2605 1015 2718 1070 est,
2760 1003 2973 1073 quando
3015 1001 3172 1072 plene
3221 1009 3274 1054 et
3319 998 3554 1068 perfecte

1973 1113 2117 1158 tenet
2145 1103 2390 1171 dogmata
2413 1140 2428 1167 ,
2459 1108 2514 1154 et
2539 1099 2700 1152 vitam
2729 1097 2874 1167 agit,
2897 1111 3017 1166 qua:
3047 1093 3326 1164 sapientia:
3370 1091 3548 1146 studio

1971 1195 2269 1250 conveniat.

2042 1287 2096 1341 4.
2142 1285 2248 1340 Sed
2272 1283 2543 1338 videamus
2565 1280 2814 1349 deinceps
2838 1278 3107 1350 quomodo
3138 1278 3236 1334 hos
3261 1276 3552 1345 descripsit

1972 1377 2175 1431 alienos
2198 1377 2477 1444 prOpheta,
2508 1374 2692 1426 dicens
2723 1391 2736 1426 :
2773 1369 2930 1439 Eripe
2954 1386 3034 1423 me
3060 1369 3123 1423 de
3147 1386 3299 1421 manu
3326 1369 3553 1437 ﬁliorum

1974 1471 2271 1530 alienorum,
2303 1466 2356 1520 8.
2384 1480 2592 1532 quarunt
2608 1479 2662 1516 os
2683 1462 2945 1534 loquutum
2965 1471 3035 1514 est
3055 1463 3343 1523 vanitatem,
3365 1471 3412 1514 et
3429 1461 3555 1514 dex-

1974 1571 2080 1614 tera
2108 1573 2279 1612 eorum
2317 1555 2520 1609 dextera
2562 1552 2860 1622 iniquitatis.
2905 1551 3096 1607 Vidisti
3125 1541 3382 1621 quosnam
3409 1550 3554 1602 dicat

1973 1651 2212 1706 alienos?
2243 1649 2349 1703 Eos
2378 1648 2467 1718 qui
2498 1647 2679 1699 vivunt
2710 1646 2761 1698 in
2792 1645 2998 1699 scelere
3021 1685 3036 1708 ,
3088 1660 3184 1699 eos
3223 1644 3314 1712 qui
3368 1651 3554 1696 amant

1974 1744 2329 1812 iniquitatem,
2355 1756 2449 1796 eos
2493 1739 2581 1808 qui
2609 1737 2768 1792 stulta
2789 1739 2806 1768 ¹
2837 1737 3145 1806 loquuntur,
3179 1750 3272 1790 eos
3299 1735 3386 1804 qui
3420 1733 3552 1787 nihil

1974 1836 2160 1890 dicunt
2187 1833 2337 1888 utile.
2371 1833 2616 1900 Agnosce
2635 1845 2763 1899 ergo
2791 1829 3020 1892 alienos,
3049 1827 3116 1880 ab
3140 1841 3252 1890 ore,
3287 1841 3315 1877 a
3349 1824 3501 1880 factis
3536 1842 3550 1878 :

1974 1929 2114 1984 sicut
2157 1927 2398 1982 Christus
2444 1938 2652 1993 quoque
2681 1921 2850 1976 dicit:
2895 1922 2936 1973 Α
2969 1917 3212 1991 fructibus
3241 1933 3414 1972 eorum
3457 1933 3547 1969 eo-

1974 2022 2218 2093 gnoscetis
2247 2034 2330 2072 eos
2369 2015 2597 2087 (Matth.
2630 2016 2682 2067 7.
2739 2001 2806 2068 i6
2839 2014 2876 2083 ).
2908 2012 3056 2066 Sicut
3076 2011 3218 2064 enim
3265 2011 3316 2062 in
3362 2009 3554 2063 castris

1975 2115 2140 2169 multa
2169 2113 2362 2165 dantur
2384 2110 2532 2179 signa
2555 2119 2609 2162 et
2633 2107 2872 2179 symbolo
2898 2147 2913 2172 ,
2967 2113 3025 2158 ut
3070 2105 3112 2158 si
3152 2103 3365 2173 quando
3395 2110 3556 2155 noctu

1976 2205 2210 2276 prmliari
2234 2203 2536 2272 contigerit,
2572 2200 2654 2254 vel
2677 2199 2918 2253 sublatus
2949 2196 3140 2266 pulvis,
3167 2205 3224 2248 ut
3249 2208 3352 2247 nox
3374 2192 3557 2246 vidca-

1979 2310 2083 2364 tur,
2118 2296 2374 2360 effecerit,
2401 2295 2484 2347 vel
2515 2293 2690 2362 aliqua
2721 2291 2826 2345 alia
2865 2289 3110 2344 confusio
3137 2297 3192 2341 et
3223 2284 3556 2356 perturbatio

1977 2389 2239 2451 evenerit,
2270 2404 2338 2441 ne
2362 2386 2565 2440 socium
2593 2397 2748 2438 suum
2773 2380 2993 2450 aspiciat
3019 2387 3286 2446 tamquam
3320 2375 3552 2440 hostem,

1978 2498 2078 2537 nec
2103 2483 2314 2536 hostem
2340 2489 2607 2548 tamquam
2638 2475 2881 2529 socium:
2913 2472 3076 2526 etiam
3101 2470 3250 2540 signa
3276 2467 3368 2522 dat
3402 2466 3556 2520 nobis

1980 2573 2066 2628 hic
2092 2571 2372 2644 propheta,
2394 2585 2489 2639 per
2513 2583 2632 2637 quae
2661 2565 2859 2635 poteris
2875 2563 3182 2618 discernere
3198 2559 3556 2630 propinquum

1979 2676 2032 2721 et
2076 2665 2334 2728 alienum,
2382 2675 2575 2729 nempe
2599 2674 2660 2713 ex
2689 2659 2752 2712 iis
2781 2672 2899 2727 qua:
2927 2656 3182 2724 loquitur,
3233 2667 3297 2705 ex
3330 2652 3394 2704 iis
3438 2665 3558 2718 quas

1982 2759 2104 2814 facit
2124 2799 2140 2825 ,
2194 2757 2377 2811 dicens
2405 2772 2417 2807 :
2453 2753 2679 2820 Quorum
2710 2767 2767 2804 os
2805 2750 3066 2819 (aquatum
3094 2753 3164 2799 est
3193 2743 3481 2803 vanitatem,
3512 2747 3559 2792 et

1981 2853 2186 2907 dextera
2207 2866 2376 2904 eorum
2403 2849 2608 2900 dextera
2637 2843 2931 2915 iniquitatis.
2963 2839 3114 2893 Nunc
3157 2837 3298 2891 enim
3327 2844 3406 2888 est
3443 2831 3562 2886 bel-

1983 2945 2110 3006 lum,
2143 2951 2196 2996 et
2221 2955 2414 3012 pugna,
2439 2948 2492 2992 et
2521 2936 2760 3005 pra-lium
2778 2941 3094 2988 nocturnum
3112 2925 3559 2986 crudelissimum,

1983 3033 2314 3091 daemonibus
2343 3029 2692 3091 ferientibus,
2729 3023 3006 3080 desideriis
3047 3016 3418 3075 insidiantibus
3441 3055 3456 3081 ,
3504 3025 3560 3068 et

1982 3124 2476 3185 ratiocinationibus
2505 3117 2922 3188 insurgentibus.
2955 3113 3091 3168 Sunt
3111 3109 3271 3166 etiam
3303 3107 3383 3163 eis
3403 3148 3419 3172 ,
3461 3103 3553 3174 qui

1985 3231 2110 3278 sunt
2134 3217 2402 3291 mysteriis
2429 3212 2637 3276 initiati,
2683 3225 2776 3264 sua
2803 3208 2952 3278 signa
2994 3213 3048 3260 et
3075 3199 3318 3275 symbola
3361 3215 3376 3251 :
3421 3205 3474 3252 et
3516 3193 3567 3248 si

1987 3315 2290 3372 dubitantes
2315 3309 2453 3365 scire
2478 3306 2740 3366 volunms,
2787 3317 2854 3355 an
2893 3299 3010 3368 quis
3051 3295 3122 3350 sit
3159 3289 3447 3366 profanus,
3495 3299 3566 3339 an

1990 3407 2259 3482 mysteriis
2286 3404 2543 3464 initiatus,
2572 3414 2633 3454 ea
2657 3405 2904 3464 rogantes
2920 3391 3210 3445 discamus.

2062 3497 2321 3553 Proximis
2364 3496 2547 3548 nostris
2596 3487 2788 3542 auxilio
2817 3499 2924 3541 esse
2951 3481 3203 3536 debemus.
3251 3474 3386 3529 Deus
3411 3486 3501 3526 cur
3537 3483 3570 3521 a

1992 3594 2132 3649 nobis
2160 3588 2358 3646 laudari
2403 3583 2544 3640 velit.
2589 3579 2815 3635 Membra
2845 3585 3016 3630 nostra
3060 3581 3115 3626 ut
3159 3567 3255 3623 Dei
3281 3565 3456 3621 laudes
3481 3577 3571 3614 ca-

1993 3694 2134 3741 nant.
2165 3681 2468 3734 —-Dea:tcra
2490 3690 2661 3730 eorum
2700 3677 2903 3724 dextera
2935 3662 3230 3736 iniquitatis.
3265 3655 3400 3724 Quid
3417 3653 3576 3724 igitur

1995 3777 2164 3847 possit
2196 3773 2296 3826 hoc
2331 3783 2450 3826 esse
2501 3764 2715 3836 gravius
2739 3803 2752 3826 ,
2783 3757 2994 3830 quando
3020 3769 3138 3824 qua:
3167 3751 3287 3805 data
3315 3757 3398 3802 est
3426 3742 3578 3798 nobis

1997 3869 2063 3924 ad
2089 3867 2362 3928 auxilium,
2389 3876 2505 3915 eam
2535 3858 2597 3910 ad
2631 3853 2848 3908 insidias
2873 3841 3272 3904 convertimus?
3294 3839 3418 3894 Ideo
3435 3834 3578 3890 enitn

2001 3959 2256 4016 habemus
2275 3955 2544 4013 dex:eras,
2588 3955 2644 3999 ut
2667 3955 2719 3998 et
2750 3938 3033 4006 nobisipsis
3057 3943 3112 3989 et
3139 3933 3255 3984 aliis
3281 3926 3468 3996 injuria
3496 3922 3555 3976 af
3558 3952 3580 3963 -

2003 4055 2153 4110 fectis
2172 4062 2325 4116 opem
2355 4043 2608 4102 feramus,
2641 4043 2698 4088 ut
2718 4033 2919 4086 scelera
2941 4029 3007 4082 de
3036 4023 3210 4079 medio
3239 4019 3504 4078 tollamus,
3524 4022 3584 4067 ttt

2005 4146 2070 4200 iis
2097 4141 2288 4213 quibus
2309 4139 2390 4188 vis
2415 4143 2468 4186 et
2494 4130 2743 4184 damnum
2773 4121 3012 4179 affertur,
3038 4115 3204 4168 simus
3225 4117 3408 4179 portus
3429 4113 3484 4158 et
3500 4118 3583 4157 rc-

2007 4194 2067 4200 "'
2102 4194 2128 4213 ‘I

1995 4221 2666 4307 fugium.Quomodoergo
2682 4213 2761 4269 eis
2774 4207 2933 4264 venia
2945 4201 3278 4272 dabitur,qui
3307 4198 3392 4252 his
3418 4194 3584 4248 armis

2006 4285 2181 4307 ι-υ-ντπ
2251 4285 2286 4296 η
2610 4285 2620 4286 ,

2006 4339 2226 4389 utuntur
2247 4339 2355 4380 non
2385 4321 2447 4374 al
2482 4316 2706 4378 aliorum
2731 4307 2978 4366 salutem,
2999 4298 3092 4355 sed
3123 4295 3190 4351 ad
3221 4306 3372 4348 suam
3402 4285 3584 4359 perni-

2007 4420 2184 4482 ciem?
2211 4417 2265 4472 9.
2295 4415 2448 4470 Deus.
2476 4407 2727 4462 canticum
2755 4413 2940 4454 novum
2966 4388 3176 4447 cantabo
3203 4385 3313 4440 tibi.
3332 4383 3588 4448 Qurenam

2011 4523 2093 4571 est
2120 4522 2304 4566 rursus
2335 4505 2446 4559 hau:
2467 4488 2884 4565 consequentia?
2911 4484 3132 4540 Maxima
3153 4491 3364 4548 quoque
3385 4472 3471 4525 hic
3485 4477 3588 4523 est.

2013 4606 2271 4678 Quoniam
2299 4599 2440 4655 enim
2469 4591 2622 4652 dixit,
2657 4586 2840 4640 Emitte
2879 4593 3080 4632 manum
3107 4585 3243 4627 tuam
3265 4612 3280 4635 ,
3329 4575 3402 4630 ct,
3437 4563 3598 4633 Eripe

2782 4675 2798 4678 Α
3286 4659 3322 4678 -ρ
3349 4658 3592 4678 Δ-.-.-,,,,,

2016 4658 2115 4766 i‘ne,
2143 4708 2192 4754 et
2222 4695 2466 4760 disperge
2487 4686 2652 4753 ipsos,
2673 4675 2948 4748 proﬁtetur
2969 4684 3026 4724 se
3046 4678 3256 4738 quoque
3277 4659 3324 4715 ei
3342 4658 3594 4712 daturum

2020 4790 2318 4849 mercedem
2340 4779 2536 4841 auxilii,
2567 4791 2631 4830 ex
2662 4785 2761 4842 qua
2793 4765 2923 4821 nihil
2949 4760 3162 4833 quidem
3201 4748 3466 4808 commodi
3510 4758 3602 4798 ac-

2021 4837 2504 4957 eti—indatur;
2527 4837 2628 4924 sed
2655 4837 2773 4934 qum
2815 4859 2864 4914 ci
2910 4857 2997 4927 qui
3030 4853 3173 4908 illam
3202 4846 3379 4909 offert,
3422 4837 3597 4957 p'l‘uri-

2024 4931 2168 5036 mitm
2200 4973 2352 5028 affert
2372 4957 2736 5022 emolumenti.
2756 4955 3008 5020 Quaenam
3031 4955 3205 5000 autem
3221 4956 3281 4996 ea
3304 4933 3424 4993 est?
3442 4931 3602 4992 Deus,

2025 5076 2273 5132 canticum
2301 5077 2479 5119 novum
2497 5053 2706 5113 cantabo
2734 5045 2908 5102 tibi.Si
2935 5052 3110 5097 autem
3135 5037 3234 5092 hoc
3258 5041 3340 5088 est
3362 5035 3605 5097 parvum,

3303 5123 3313 5132 .
3379 5119 3391 5132 .
3553 5109 3604 5132 η

2028 5109 2273 5132 “unum...
2301 5109 2477 5119 ..-ηπ
2500 5109 2513 5113 -

2028 5166 2280 5223 collatum
2311 5169 2430 5210 cum
2473 5131 3124 5216 magnitudinebeneﬁcii,
3173 5123 3316 5193 atqui
3361 5114 3509 5172 dedit
3553 5109 3607 5210 id

2032 5199 2280 5223 υυΙΙιιδιΙΙιι
2313 5199 2430 5210 νει-ι-
2474 5199 2538 5204 ---.
2560 5199 2588 5216 ι)

2032 5255 2172 5331 quod
2205 5247 2406 5306 habuit.
2455 5242 2585 5297 Nam
2633 5251 2728 5290 nos
2775 5241 2987 5301 quoque
3016 5238 3043 5274 a
3073 5211 3414 5331 pauperibusl,
3443 5213 3496 5331 et
3519 5199 3612 5272 qui

2609 5329 2636 5331 ”
2691 5326 2721 5331 “
2781 5323 2795 5331 ‘
2955 5319 2965 5328 '
3005 5316 3137 5331 ’μ----
3193 5316 3348 5331 unum
3396 5311 3478 5331 olla
3500 5307 3583 5331 nm

2035 5294 2166 5407 iiihil
2197 5339 2490 5414 possident,
2511 5329 2639 5387 nihil
2657 5323 2798 5380 aliud
2820 5316 3161 5388 requirimus,
3191 5316 3349 5374 quam
3377 5294 3610 5355 laudem,

3001 5405 3012 5414 '
3036 5401 3048 5414 '
3224 5402 3276 5414 η·
3330 5387 3610 5414 Α-ο-Ᾱι-ηηιι.

2691 5417 2754 5472 αι
2798 5425 2893 5466 nos
2926 5401 3176 5476 quidem,
3223 5402 3282 5449 ut
3325 5387 3616 5446 evadamus

2038 5453 2092 5498 et
2119 5446 2324 5509 gratum
2352 5429 2609 5483 animum.
2649 5418 2687 5474 S

2789 5517 2894 5560 non
2926 5473 3067 5570 quod
3096 5503 3231 5561 opus
3266 5484 3478 5546 habeat,
3516 5473 3614 5532 scd

2042 5531 2337 5590 clariores:
2373 5523 2512 5578 lfeus
2549 5522 2749 5576 autem,

2108 5685 2125 5718 ι
2160 5680 2280 5730 Edit.
2316 5669 2500 5727 διανοίη
2540 5658 2757 5718 inutilia;
2791 5651 2896 5705 sed.
2929 5647 3090 5707 stulta,
3127 5639 3306 5694 melius
3339 5629 3540 5701 quadrat
3558 5629 3620 5678 ad

2045 5757 2248 5804 senem.
