4076 6222
606 324 710 380 463

606 452 660 495 ut
689 456 784 495 eos
809 441 898 511 qui
925 451 1144 507 canunt,
1175 441 1371 498 efﬁciat
1400 443 1673 509 clariores,
1701 454 1756 500 et
1775 461 1835 500 ea
1855 446 2060 501 ratione
2085 461 2179 501 eos

607 546 798 585 rursus
820 532 1081 588 beneficio
1107 533 1320 588 alliciat.
1352 532 1420 587 In
1451 536 1692 604 psalterio
1708 536 2022 591 decue/tardo
2051 538 2184 607 psal-

603 620 706 674 lam
727 623 849 686 tibi;
886 623 989 679 hoc
1014 633 1118 689 est,
1141 627 1304 694 Agam
1331 625 1422 678 tibi
1449 626 1666 694 gratias.
1696 624 1800 680 Sed
1820 636 1944 681 tunc
1964 628 2179 697 quidem

602 722 756 768 erant
785 714 1134 770 instrumenta
1162 731 1256 784 per
1280 731 1396 786 qure
1422 718 1626 771 cantica
1657 718 1971 773 eminebam
1997 737 2010 773 :
2039 735 2182 776 nunc

601 816 776 860 autem
808 822 904 876 pro
933 809 1296 863 instrumentis
1321 824 1602 877 possumus
1617 809 1688 862 uti
1716 824 1958 878 corpore.
1987 812 2181 867 Possu-

600 912 719 951 mus
747 899 889 953 enim
916 914 1014 968 per
1037 901 1218 954 oculos
1241 914 1458 965 canere,
1503 915 1610 954 non
1656 915 1750 970 per
1787 901 2016 972 linguam
2066 915 2181 958 tan-

599 996 749 1054 tum;
780 1005 876 1058 per
910 1004 1135 1052 nianus,
1181 1004 1277 1058 per
1309 989 1492 1058 pedes,
1519 999 1573 1044 et
1607 1005 1703 1059 per
1748 1005 1924 1046 aures.
1955 992 2179 1060 Quando

595 1082 736 1134 enim
768 1080 1178 1150 unumquodque
1203 1095 1387 1134 eorum
1417 1095 1481 1135 ea
1511 1079 1637 1134 facit
1662 1096 1780 1150 quae
1807 1083 1914 1136 Deo
1950 1083 2182 1153 gloriam

593 1181 648 1225 et
677 1170 932 1225 honorem
954 1171 1202 1238 afferunt,
1227 1188 1417 1243 nempe
1438 1173 1650 1242 quando
1669 1175 1853 1229 oculus
1875 1192 1977 1230 non
2002 1177 2176 1246 impu-

593 1261 711 1325 dice
737 1264 1052 1332 respexerit,
1078 1264 1292 1334 quando
1321 1281 1513 1320 manus
1542 1281 1650 1320 non
1677 1266 1745 1321 ad
1789 1269 2047 1338 rapinam,
2081 1271 2176 1324 sed

592 1355 1088 1428 ad-eleemosynam
1118 1371 1177 1412 se
1205 1357 1562 1425 extenderint,
1612 1359 1825 1428 quando
1849 1361 1916 1414 ad
1946 1361 2177 1430 psalmos

589 1459 644 1504 et
697 1450 985 1506 conciones
1028 1450 1293 1520 spiritales
1350 1451 1715 1520 suscipiendas
1777 1468 1933 1508 aures
1979 1463 2176 1523 paratae

590 1543 802 1606 fuerint,
823 1541 1033 1612 quando
1052 1541 1214 1610 pedes
1230 1541 1296 1596 ad
1309 1543 1586 1597 ecclesiam
1600 1544 1948 1608 eucurrerint,
1965 1545 2175 1613 quando

589 1645 682 1684 eor
710 1646 814 1684 non
845 1632 1000 1686 dolos
1025 1633 1207 1699 struit,
1250 1633 1346 1688 sed
1387 1634 1610 1688 caritate
1652 1634 1866 1702 plenum
1893 1644 1994 1698 est,
2040 1637 2176 1690 fiunt

591 1722 828 1775 membra
856 1723 1096 1790 corporis
1124 1723 1434 1793 psalterium
1456 1734 1510 1778 et
1535 1724 1760 1791 cithara,
1783 1734 1838 1780 et
1861 1736 2173 1782 canuntno-

590 1822 712 1863 vum
741 1814 1028 1878 canticum,
1053 1827 1160 1866 non
1180 1814 1354 1868 verbis
1377 1815 1527 1879 solis,
1547 1814 1640 1868 sed
1661 1815 1820 1870 etiam
1848 1817 2166 1888 rebusipsis.

593 1900 680 1954 l0.
716 1902 816 1966 Qui
863 1903 954 1955 dat
997 1903 1213 1956 salutem
1250 1895 1470 1976 regibus.
1501 1905 1683 1975 Neque
1708 1906 1847 1960 enim
1876 1918 2069 1973 castra,
2119 1919 2173 1964 et

589 1993 874 2046 multitudo
897 1994 1145 2059 militum,
1171 2009 1269 2048 nec
1295 1995 1571 2062 satellites,
1600 1997 1953 2068 custodesque
1983 2015 2171 2070 corpo-

587 2085 662 2137 ris
680 2083 754 2154 (a)
779 2125 794 2148 ,
825 2083 922 2140 sed
965 2085 1056 2139 Dei
1099 2086 1351 2140 auxilium
1381 2101 1598 2143 servare
1624 2087 1780 2142 solet.
1828 2088 1930 2156 Qui
1973 2091 2170 2146 redimit

589 2175 759 2229 Dat-id
781 2192 979 2231 servum
1003 2194 1169 2232 suum.
1205 2177 1259 2230 lu
1296 2178 1854 2248 communiloquutus,
1875 2181 1987 2250 jam
2015 2182 2081 2237 de
2110 2196 2170 2238 se

585 2269 837 2338 loquitur,
869 2285 968 2325 nec
993 2271 1145 2337 dicit,
1171 2270 1274 2339 Qui
1319 2270 1582 2326 redemit:
1610 2272 1739 2338 sed,
1793 2272 1896 2340 Qui
1937 2276 2164 2345 redimit,

582 2360 872 2416 ostendens
901 2371 1209 2431 perpetuam
1239 2363 1356 2432 ejus
1382 2362 1789 2432 providentiam.

655 2452 708 2504 5.
735 2451 937 2507 Deinde
962 2467 1148 2508 rursus
1171 2453 1303 2523 petit
1330 2468 1392 2508 ea
1423 2469 1541 2524 qua:
1570 2454 1716 2524 prius
1754 2455 1998 2524 petierat,
2026 2458 2164 2512 assi-

581 2544 686 2597 due
709 2557 904 2612 rogans
930 2551 985 2596 et
1007 2544 1319 2614 supplicans
1340 2552 1398 2600 ut
1417 2545 1674 2600 liberetur
1697 2547 1765 2602 ab
1785 2547 2044 2616 improbis
2070 2548 2168 2604 ho-

580 2633 832 2700 minibus,
853 2633 932 2689 sic
957 2633 1141 2690 dicens
1164 2651 1178 2688 :
1201 2635 1284 2690 ll.
1301 2634 1376 2690 De
1397 2635 1569 2707 gladio
1595 2637 1819 2709 maligno
1847 2640 1985 2710 eripe
2001 2656 2100 2706 me,
2119 2650 2166 2696 et

578 2738 697 2778 erue
722 2740 801 2777 me
825 2724 889 2778 de
907 2741 1060 2778 nianu
1084 2727 1307 2794 ﬁliorum
1331 2726 1631 2796 alienorum,
1649 2745 1878 2800 quorum
1903 2747 1960 2784 os
1981 2731 2162 2800 loquu-

579 2823 685 2867 tum
724 2825 796 2869 est
817 2817 1105 2880 vanitatem,
1132 2825 1180 2870 et
1203 2815 1409 2872 dextera
1433 2833 1606 2876 eorum
1630 2817 1835 2874 dextera
1859 2820 2159 2890 iniquitatis.

648 2906 908 2976 Prospera
948 2923 1061 2978 qua
1095 2907 1372 2962 habeantur
1393 2909 1447 2963 in
1471 2909 1568 2965 hoc
1590 2911 1989 2967 munda—l2.
2023 2913 2163 2978 Quo-

575 3015 686 3052 rum
701 2999 799 3066 ﬁlii
835 3002 964 3054 sicut
997 3002 1206 3056 novella
1224 3003 1558 3070 plantationes
1577 3004 1629 3057 in
1650 3006 1900 3072 iuventute
1916 3007 2161 3063 suat-De-
2201 3025 2204 3040 '

575 3091 763 3146 scribit
780 3090 866 3146 hic
883 3094 1260 3162 prosperitates
1280 3093 1573 3150 mundanas
1589 3103 1642 3151 et
1659 3096 1870 3153 divitias
1893 3116 1909 3153 :
1939 3107 1993 3154 et
2012 3101 2161 3169 ponit

574 3183 627 3238 id
657 3184 796 3254 quod
827 3196 904 3239 est
934 3187 1183 3254 primum,
1217 3185 1414 3241 habere
1439 3185 1577 3242 ﬁlios
1612 3187 1880 3253 florentes,
1913 3199 1968 3246 et
1999 3190 2156 3260 juve-

572 3275 752 3330 niliter
773 3276 1120 3340 exsultantes,
1143 3291 1343 3347 eosque
1371 3277 1645 3348 utriusque
1663 3294 1846 3334 sexus.
1872 3280 2160 3352 Subjunxit

571 3383 738 3438 ergo:
773 3367 928 3423 Filia:
967 3385 1142 3423 eorum
1166 3371 1474 3440 compositae,
1505 3371 1890 3428 circumornatte
1915 3384 1970 3430 ut
2008 3375 2156 3429 simi-

571 3459 732 3514 litudo
761 3459 952 3530 templi.
983 3460 1079 3515 llic
1105 3475 1208 3515 una
1236 3475 1358 3515 cum
1393 3461 1672 3532 juventute
1713 3464 1937 3520 multum
1972 3466 2154 3523 luxum

571 3550 822 3617 ostendit,
852 3552 1008 3606 vittas
1031 3567 1212 3606 earum
1233 3552 1593 3624 mundumque
1619 3556 1936 3612 muliebrem
1964 3558 2157 3614 descri-

571 3643 666 3706 bit,
715 3658 832 3712 quae
881 3643 1097 3712 quidem
1147 3645 1388 3699 oriuntur
1435 3661 1503 3700 ex
1541 3662 1726 3718 magna
1782 3650 2150 3719 prosperitate.

569 3733 774 3787 Deinde
799 3734 942 3803 quod
980 3734 1186 3789 videtur
1218 3749 1339 3791 esse
1373 3736 1686 3803 secundum,
1717 3737 1944 3796 fortasse
1975 3749 2151 3798 autem

567 3841 710 3879 nunc
734 3834 817 3880 est
862 3827 1110 3895 primum,
1157 3827 1366 3883 divitias
1405 3843 1593 3884 rursus
1631 3829 1882 3886 describit
1923 3831 2148 3889 dicens:

567 3919 656 3972 43.
684 3915 1058 3986 Promptuaria.
1069 3935 1241 3973 eorum
1269 3920 1442 3990 plena,
1486 3923 1761 3976 eructantia
1789 3938 1852 3976 ea:
1876 3923 1972 3976 hoc
2008 3924 2062 3978 in
2086 3925 2152 3979 il-

565 4009 672 4062 lud.
709 4009 846 4076 Quid
887 4019 990 4076 est,
1037 4010 1334 4066 Eructantia
1371 4028 1435 4067 ea:
1457 4012 1553 4068 hoc
1598 4014 1651 4068 in
1696 4014 1870 4070 illud?
1915 4017 2147 4086 Angusta

565 4101 944 4170 promptuaria,
971 4101 1159 4172 inquit,
1183 4118 1289 4158 non
1311 4115 1531 4173 possunt
1548 4119 1738 4174 capere
1761 4105 1995 4161 divitias.
2023 4105 2151 4162 Oves

561 4211 740 4248 eorum
766 4200 956 4265 fetosse,
984 4196 1294 4250 abundantes
1330 4198 1385 4250 in
1415 4197 1690 4269 egressibus
1721 4199 1844 4253 suis.
1875 4199 1961 4254 M.
1988 4198 2149 4254 Boves

558 4303 734 4361 eorum
761 4303 967 4342 crasse.
996 4287 1124 4343 [nec
1150 4304 1360 4359 quoque
1388 4304 1491 4344 non
1523 4289 1800 4346 videbatur
1839 4307 1998 4361 parva
2026 4292 2147 4347 feli-

559 4359 716 4431 citas.
748 4378 904 4448 Apud
942 4381 1190 4449 antiquos
1219 4380 1364 4434 enim
1408 4381 1462 4433 in
1504 4379 1588 4435 bis
1611 4382 1728 4435 sita:
1751 4359 1905 4436 erant
1926 4383 2142 4450 divitize,

560 4469 614 4521 in
645 4469 922 4534 armentis,
960 4469 1210 4538 gregibus
1247 4477 1302 4523 et
1341 4469 1655 4536 seminibus,
1700 4472 2007 4544 priusquam
2059 4475 2144 4529 in-

559 4566 716 4611 venta
736 4569 878 4613 esset
893 4557 1146 4613 hodierna
1171 4559 1358 4613 inertia
1383 4567 1439 4614 et
1463 4559 1733 4638 mollities.
1761 4559 1883 4615 Non
1906 4572 1979 4617 est
1997 4565 2144 4618 ruina

562 4649 809 4716 maceria,
841 4665 998 4719 neque
1025 4649 1288 4704 transitus.
1336 4649 1446 4705 Hoc
1488 4659 1590 4716 cst,
1635 4651 1691 4705 In
1733 4653 1876 4723 agris
1907 4655 2143 4712 colendis

559 4751 750 4812 magna
791 4738 1072 4796 adhibetur
1118 4754 1268 4806 cura,
1317 4738 1588 4811 diligentia
1632 4749 1688 4796 et
1731 4743 1985 4810 studium,
2017 4761 2139 4800 cum

555 4827 762 4883 fructus
789 4829 1074 4892 luxurient,
1105 4845 1261 4900 sepes
1287 4839 1451 4892 stent,
1481 4833 1632 4888 vinea
1663 4833 1896 4905 undique
1935 4838 2138 4895 consita

555 4920 628 4974 sit
659 4927 715 4973 et
737 4919 960 4972 munita.
1002 4918 1183 4991 Neque
1207 4922 1400 4976 clamor
1424 4923 1477 4977 in
1515 4925 1696 4994 plateis
1733 4942 1924 4982 eorum.
1966 4930 2134 4996 Alius,

554 5012 625 5068 In
671 5013 816 5067 atriis
853 5027 1045 5066 eorum.
1087 5013 1248 5068 Aliud
1277 5030 1444 5085 genus
1487 5018 1871 5087 prosperitatis,
1910 5021 2004 5075 sed
2031 5037 2134 5077 non

551 5105 676 5162 eum
702 5105 1121 5177 quibuscumque
1161 5106 1357 5162 divitiis
1395 5111 1708 5180 acquisitum
1749 5101 1982 5182 :nentpe
2011 5129 2131 5182 pax,

552 5199 926 5272 tranquillitas,
953 5208 1006 5253 et
1034 5199 1323 5266 securitas;
1356 5201 1532 5256 nullus
1572 5203 1659 5272 qui
1703 5211 1853 5271 paret
1895 5205 2129 5270 insidias,

551 5292 732 5347 nullus
757 5291 848 5362 qui
875 5290 1072 5346 bellum
1095 5301 1264 5362 gerat,
1293 5291 1389 5347 sed
1418 5307 1517 5347 nec
1552 5293 1806 5350 tumultus
1842 5294 2000 5361 ullus,
2033 5311 2132 5352 nec

552 5385 901 5453 perturbatio.
943 5384 1034 5440 15.
1077 5383 1292 5440 Beatum
1331 5385 1568 5439 dixerunt
1616 5386 1878 5457 papulum,
1915 5389 1997 5442 cui
2025 5389 2131 5444 lues

547 5487 687 5532 sunt.
715 5474 907 5533 Beatus
934 5479 1173 5550 populus,
1195 5478 1342 5547 cuius
1365 5475 1612 5532 Dominus
1628 5477 1766 5534 Deus
1785 5481 1912 5551 ejus.
1941 5479 2128 5538 Vidisti

609 5573 703 5646 Sig-)7
719 5573 800 5622 Gr.
829 5579 1264 5646 ρῳματοφύλακες.
1291 5580 1376 5630 Sic
1395 5580 1443 5646 in
1465 5571 1866 5646 inscriptionibus
1892 5599 2127 5639 vocantur

553 5635 844 5709 {obiiciad
889 5635 1566 5709 Imperatorumrhprsesidium
1615 5635 1865 5709 'deputati.
1902 5635 2126 5702 “Nigidii;

557 5692 768 5775 gesseris
789 5692 992 5775 gorpor'e
1013 5710 1185 5775 custos.
1230 5692 1887 5775 Qtimdiijfwsarisvﬁug—usii
1907 5692 2126 5775 55673.33;

553 5756 1029 5827 casnlpskflgrentq
1043 5765 1198 5827 adhuc
1254 5768 1394 5818 bona:
1440 5756 2124 5827 Latinitatiswgu‘culo'.‘Vide

552 5818 799 5878 Autiquit.
825 5818 964 5868 Tom.
1001 5823 1048 5883 5,
1075 5837 1122 5884 p.
1151 5825 1221 5874 l6.

1343 325 1402 383 S.
1441 326 1718 384 JOANNIS
1752 325 2225 404 CHRYSOSTQMI
2263 333 2581 393 AliClllEP.
2623 311 3153 404 CONSTANTINOP.

3772 367 3862 424 trs

2290 449 2386 504 viri
2431 454 2715 512 virtutem?
2759 461 3045 533 Postquam
3092 482 3279 526 omnes
3309 471 3524 530 divitias
3551 477 3792 543 adduxit,
3818 498 3864 539 et

2285 555 2376 594 cas
2403 545 2580 602 verbis
2622 563 2972 622 persequutus
3011 569 3114 623 est,
3158 571 3214 616 et
3258 563 3452 622 deinde
3496 571 3639 640 vulgi
3679 572 3752 628 de
3795 578 3863 630 eis

2282 636 2600 692 sententiam
2623 643 2817 710 attulit,
2847 661 2913 700 ex
2943 645 3024 704 bis
3051 650 3183 706 nihil
3209 654 3256 708 ei
3284 654 3502 713 humani
3522 636 3738 729 accidit,
3773 682 3864 722 nec

2283 737 2376 777 eos
2411 743 2528 782 esse
2558 730 2742 788 beatos
2769 736 3037 794 existimat
3080 744 3166 812 qui
3198 743 3312 800 haec
3339 750 3637 821 possident,
3666 756 3763 809 sed
3789 757 3864 814 bis

2281 819 2529 876 omnibus
2580 829 2986 899 praetermissis,
3035 833 3104 889 ad
3145 852 3331 893 verum
3373 819 3684 900 thesaurum
3724 863 3862 904 suam

2282 911 2518 1003 extendit
2545 913 2944 975 beatitudinem.
2993 923 3118 991 Alii,
3169 927 3355 998 inquit,
3387 946 3483 987 eos
3507 935 3598 1003 qui
3629 935 3747 991 huic
3777 937 3861 992 bs-

2281 998 2440 1066 bent,
2470 1003 2653 1060 beatos
2681 1024 2798 1065 esse
2824 1011 3072 1071 dixerunt
3107 1036 3120 1072 :
3162 1035 3261 1090 ego
3296 1031 3472 1078 autem
3502 998 3725 1082 beatum
3753 1032 3860 1085 exi~

2278 1093 2438 1146 stimo
2453 1099 2724 1166 populum,
2753 1101 2911 1173 Cujus
2931 1115 3002 1160 est
3027 1106 3275 1166 Dominus
3294 1112 3432 1168 Deus
3451 1117 3563 1186 ejus
3587 1133 3607 1171 :
3638 1120 3743 1175 hoc
3765 1137 3863 1176 uno

2280 1185 2565 1241 ostendens
2583 1203 2794 1245 omnem
2822 1193 3144 1265 felicitatem,
3171 1215 3357 1258 omnes
3377 1185 3642 1263 bonorum
3665 1212 3856 1282 copias,

2278 1287 2466 1368 omnes
2502 1292 2649 1346 opes.
2697 1281 2790 1336 llla
2816 1286 2957 1340 enim
2997 1291 3362 1356 praeterfluunt
3409 1304 3464 1350 et
3518 1281 3856 1368 praetercunt,

2279 1361 2393 1418 bare
2414 1382 2541 1420 vero
2572 1369 2840 1427 beatitudo
2871 1388 3049 1433 manet
3076 1391 3345 1451 perpetuo,
3377 1402 3500 1441 cum
3519 1361 3630 1458 'pro
3656 1393 3856 1461 ovibus,

2279 1453 2418 1520 filiis,
2448 1457 2638 1527 bobus,
2657 1465 2970 1535 sepimento,
3001 1479 3054 1525 et
3079 1473 3250 1538 vinea,
3278 1475 3370 1531 Dei
3393 1453 3670 1536 beatitudo
3694 1453 3856 1538 futuri

2276 1545 2346 1598 sit
2383 1545 2597 1614 divitiae,
2631 1556 2907 1622 securitas,
2953 1572 3006 1614 et
3035 1549 3222 1618 murus
3251 1567 3703 1640 inexpugnabilis.
3735 1575 3858 1630 Cum

2276 1648 2338 1686 ea
2369 1650 2493 1707 ergo
2520 1640 2712 1697 auditis
2735 1685 2750 1710 ,
2797 1648 2940 1703 nullo
2968 1665 3150 1706 eorum
3179 1658 3582 1724 perturbemiui,
3627 1665 3729 1718 sed
3755 1682 3860 1720 um-

2276 1729 2401 1786 bras
2429 1747 2922 1810 prcetcrcurrentes,
2967 1748 3242 1804 veritatem
3272 1753 3680 1822 apprehendite.
3712 1759 3858 1816 Prius

2274 1825 2416 1879 enim
2443 1827 2574 1882 dixit
2623 1830 2891 1890 hominem
2939 1839 3165 1896 similem
3203 1858 3323 1900 esse
3366 1848 3606 1916 vanitati,
3655 1864 3710 1907 et
3749 1854 3857 1911 dies

2274 1919 2388 1988 ejus
2414 1929 2679 1992 tamquam
2708 1929 2948 1984 umbram
2977 1935 3270 2002 praeterire.
3298 1939 3352 1994 Si
3389 1940 3589 1997 videris
3618 1959 3744 2016 ergo
3766 1949 3856 2001 ali-

2273 2026 2406 2080 quos
2434 2012 2516 2068 his
2541 2018 2788 2074 omnibus
2819 2021 3119 2093 afﬂuentes,
3149 2027 3199 2082 in
3239 2030 3444 2088 scelere
3472 2033 3633 2090 vitam
3659 2012 3853 2108 agere:

2271 2101 2480 2158 etiamsi
2507 2107 2782 2164 universus
2810 2119 3070 2169 terrarum
3107 2117 3253 2174 orbis
3293 2136 3387 2178 eos
3430 2123 3616 2181 beatos
3637 2101 3853 2197 judicet,

2275 2199 2328 2246 tu
2356 2209 2447 2250 eos
2472 2212 2590 2252 esse
2613 2200 2849 2258 infelices
2877 2214 2932 2260 et
2973 2209 3198 2284 miseros
3223 2213 3462 2268 existima
3493 2233 3508 2268 :
3547 2233 3642 2272 eos
3681 2230 3853 2276 autem

2270 2284 2444 2353 quise
2483 2287 2592 2343 Deo
2631 2290 2960 2360 dedicarunt,
3001 2298 3178 2355 felices
3213 2313 3265 2356 et
3307 2303 3492 2362 beatos
3512 2320 3722 2379 reputa.
3750 2313 3854 2369 Nos

2273 2385 2402 2429 vero
2427 2391 2613 2434 omnes
2654 2396 2750 2437 eas
2785 2398 2997 2456 semper
3042 2388 3253 2446 divitias
3279 2409 3603 2464 quaeramus,
3638 2410 3697 2456 et
3723 2403 3853 2458 banc

2269 2465 2648 2528 beatitudinem
2674 2491 2688 2527 :
2716 2485 2774 2530 ut
2799 2485 2855 2532 et
2880 2481 3164 2549 pmsentia
3194 2483 3332 2541 bona
3375 2497 3428 2542 et
3471 2487 3644 2546 futura
3669 2509 3851 2549 cunam

2267 2568 2514 2630 quamur,
2561 2567 2730 2635 gratia
2777 2577 2831 2624 et
2875 2571 3238 2630 misericordia
3281 2578 3494 2635 Domini
3530 2586 3698 2638 nostri
3727 2585 3848 2642 ἔθευ

2265 2649 2485 2721 Christi,
2515 2655 2599 2710 cui
2625 2657 2793 2727 gloria
2814 2668 2867 2716 et
2891 2662 3192 2734 imperiunm,
3215 2667 3270 2723 in
3289 2671 3486 2727 saecula
3508 2676 3845 2732 saeculorum.

2265 2744 2458 2802 Amen.

2713 2867 2784 2922 IN
2812 2867 3134 2929 PSALMUM
3159 2873 3386 2932 CXLIV.

2264 2969 2321 3024 1.
2346 2969 2596 3027 Exaltabo
2617 2982 2684 3042 te,
2701 2975 2840 3033 Deus
2866 2995 3023 3048 meus,
3050 2980 3163 3038 Rea:
3181 3001 3351 3041 meus:
3373 2997 3421 3042 et
3447 2987 3734 3047 benedicam
3753 3011 3842 3048 no-

2427 3063 2558 3116 mini
2583 3065 2742 3121 tuoin
2765 3070 3028 3138 saeculum,
3058 3082 3105 3126 et
3128 3075 3182 3129 in
3202 3077 3444 3132 steculum
3470 3083 3669 3138 seculi.

2335 3175 2388 3230 1.
2419 3175 2634 3233 Carnem
2668 3188 2715 3234 et
2738 3184 3034 3254 sanguinem
3073 3186 3262 3243 Christi
3294 3191 3510 3248 edimus.
3557 3193 3840 3254 Benedictio

2261 3282 2352 3337 per
2370 3283 2450 3322 res
2469 3268 2626 3340 ipsas.
2656 3270 2826 3328 Homo
2851 3291 2942 3329 cur
2966 3276 3154 3346 factus.
3183 3277 3282 3334 Dei
3305 3283 3358 3336 in
3383 3299 3476 3338 nos
3495 3285 3755 3355 beneﬁcia.
3774 3319 3838 3330 —

2259 3355 2360 3413 llic
2385 3357 2626 3416 Psalmus
2658 3362 2940 3434 diligenter
2975 3369 3328 3428 attendendus
3353 3383 3455 3430 est.
3489 3375 3587 3432 Hic
3609 3379 3750 3434 enim
3779 3380 3837 3438 iis

2257 3459 2467 3506 constat
2495 3453 2690 3522 verbis,
2715 3471 2832 3527 quae
2855 3459 2943 3529 qui
2972 3470 3099 3516 sunt
3125 3466 3390 3534 mysteriis
3410 3470 3607 3525 nostris
3633 3472 3834 3538 initiati,

2257 3541 2469 3597 assidue
2496 3545 2773 3602 succinunt
2812 3549 3049 3606 dicentes
3079 3571 3094 3607 :
3130 3553 3278 3608 Oculi
3302 3558 3524 3614 cautium
3548 3561 3605 3616 in
3653 3573 3703 3618 te
3724 3581 3834 3633 spe.

2257 3640 2392 3697 rant,
2421 3640 2466 3685 et
2492 3642 2547 3686 tu
2583 3635 2676 3689 das
2701 3637 2864 3692 cibum
2902 3656 3074 3696 eorum
3101 3643 3156 3698 in
3181 3654 3400 3716 tempore
3427 3660 3716 3720 opportuno
3759 3655 3834 3724 (ι)

2259 3720 2328 3793 (υ.
2364 3722 2474 3794 15).
2499 3724 2599 3791 Qui
2625 3727 2766 3782 enim
2791 3728 2928 3786 illius
2956 3730 3127 3789 factus
3155 3745 3256 3802 est,
3285 3744 3342 3792 et
3368 3753 3552 3794 mensa
3579 3720 3832 3811 spirituali

2256 3813 2469 3881 fruitur,
2489 3817 2646 3888 digne
2671 3829 2870 3888 patrem
2899 3823 3068 3893 gloria
3088 3825 3341 3882 aﬂ'ecerit.
3359 3827 3526 3884 Filius
3555 3833 3724 3898 enim,
3742 3834 3828 3898 ait,

2255 3907 2506 3977 gloriﬁcat
2551 3919 2742 3980 patrem
2765 3953 2782 3978 ,
2834 3924 2881 3968 et
2931 3932 3100 3971 servus
3154 3918 3414 3975 dominum
3455 3939 3606 3978 suum
3655 3927 3834 3982 timebit

2255 3997 2510 4065 (Malae-lt.
2541 4001 2592 4055 1.
2624 3999 2700 4072 6).
2732 4001 2920 4060 Factus
2961 4021 3022 4062 es
3059 4006 3218 4076 filius,
3255 4020 3310 4066 et
3351 4027 3534 4068 mensa
3576 4017 3829 4086 spirituali

2255 4087 2469 4153 frueris,
2499 4093 2787 4149 comedens
2809 4111 3024 4153 carnem
3059 4107 3114 4154 et
3151 4105 3460 4173 sanguinem
3505 4105 3641 4175 ejus,
3670 4110 3759 4178 qui
3784 4118 3832 4164 te

2251 4182 2595 4250 regeneravit
2619 4201 2635 4239 :
2661 4186 2801 4241 refer
2820 4189 2996 4260 itaque
3018 4193 3238 4262 gratiam
3262 4209 3359 4264 pro
3380 4205 3526 4252 tanto
3551 4199 3827 4268 beneﬁcio,

2252 4281 2307 4328 et
2333 4288 2453 4328 eum
2479 4275 2569 4344 qui
2609 4276 2724 4332 haec
2749 4280 2996 4348 praebuit,
3022 4282 3188 4351 gloria
3209 4293 3265 4341 et
3287 4285 3492 4344 honore
3519 4289 3694 4356 afﬁce,
3716 4308 3828 4347 verc

2250 4362 2422 4434 baque
2462 4364 2640 4432 legens
2659 4382 2919 4438 compone
2947 4382 3176 4430 mentem
3217 4376 3285 4430 ad
3313 4392 3374 4431 ea
3402 4394 3521 4448 quae
3542 4380 3824 4439 dicuntur:

2249 4462 2304 4509 et
2352 4470 2474 4510 cum
2517 4456 2670 4527 dicis,
2717 4459 2966 4517 Exaltabo
3008 4473 3074 4529 te,
3130 4464 3270 4522 Deus
3319 4486 3482 4539 meus,
3529 4471 3644 4528 Rea:
3671 4493 3822 4537 meus.

2247 4549 2468 4604 ostende
2498 4566 2741 4622 magnam
2775 4553 3182 4613 familiaritatem
3211 4569 3266 4614 et
3290 4561 3742 4632 conjunctionem,
3774 4577 3826 4622 ut

2247 4640 2315 4696 de
2343 4651 2393 4698 te
2420 4643 2577 4698 etiam
2622 4646 2762 4701 dicat
2802 4648 2962 4717 Deus,
3005 4651 3143 4706 sicut
3169 4652 3316 4708 etde
3340 4653 3634 4723 Abraham,
3664 4657 3823 4719 Isaac.

2245 4741 2296 4786 et
2336 4733 2522 4801 Iacob,
2574 4735 2686 4807 Ego
2726 4754 2839 4792 sum
2877 4740 3014 4796 Deus
3054 4741 3331 4812 Abraham,
3383 4744 3525 4801 Deus
3574 4746 3744 4813 Isaac,
3785 4759 3824 4802 et

2247 4825 2386 4880 Deus
2426 4826 2587 4883 Jacob
2613 4828 2806 4899 (Exod.
2850 4832 2906 4888 5.
2937 4833 3014 4901 6).
3048 4833 3104 4888 Si
3133 4834 3280 4891 dicas
3308 4837 3471 4901 enim,
3505 4836 3646 4893 Deus
3667 4856 3823 4903 meus,

2243 4929 2288 4974 et
2314 4921 2428 4975 ltea:
2453 4937 2608 4988 meus,
2639 4938 2740 4979 nec
2775 4939 2907 4980 voce
2941 4926 3084 4982 dicas
3115 4935 3340 4994 tantum,
3379 4928 3474 4984 sed
3507 4929 3646 4987 hanc
3668 4934 3823 4987 etiam

2241 5011 2492 5066 ostendas
2533 5013 2838 5081 caritatem,
2889 5016 3001 5085 ipse
3043 5033 3250 5088 quoque
3297 5017 3413 5074 haec
3449 5020 3518 5076 de
3567 5031 3621 5078 te
3660 5024 3822 5084 dicet,

2242 5102 2440 5156 Servus
2473 5118 2625 5160 meus
2661 5114 2716 5158 et
2744 5105 2971 5162 famulus
3003 5123 3150 5162 meus
3177 5125 3191 5161 :
3219 5109 3360 5178 quod
3387 5111 3545 5165 etiam
3575 5113 3643 5168 de
3682 5114 3821 5168 Moss

2240 5192 2434 5248 dictum
2463 5203 2563 5249 est.
2599 5195 2664 5248 Et
2691 5195 2977 5250 benedicam
2997 5200 3188 5253 nomini
3217 5210 3306 5254 tuo
3334 5202 3387 5255 in
3407 5202 3674 5268 saxulum,
3703 5216 3748 5260 et
3771 5207 3820 5260 in

2236 5282 2478 5338 sarculum
2503 5287 2696 5343 saeculi.
2726 5287 2912 5343 Vidisti
2933 5291 3198 5358 quomodo
3226 5292 3461 5348 ostendit
3484 5294 3606 5350 vita:
3636 5296 3818 5350 futura:

2238 5375 2548 5444 prooemia?
2591 5375 3023 5434 Benedictionem
3071 5388 3250 5437 autem
3291 5382 3378 5439 hic
3414 5385 3670 5452 ostendit,
3715 5402 3815 5442 non

2236 5481 2356 5536 qua:
2387 5467 2445 5522 fit
2473 5483 2566 5538 per
2592 5468 2772 5534 verba,
2805 5468 2902 5526 sed
2936 5486 3055 5542 quae
3107 5488 3202 5542 per
3240 5489 3326 5529 res
3371 5475 3531 5545 ipsas.
3579 5475 3656 5531 lla
3695 5491 3814 5546 ergo

2297 5579 2376 5655 (ᾳ),
2416 5579 2527 5655 ϐπ..
2551 5579 2900 5655 ὑποψάλῇουσι.
2953 5579 3078 5655 Hinc
3106 5582 3362 5655 dtscimus
3385 5585 3538 5655 .bunc
3595 5601 3805 5655 versum,

2238 5639 2376 5689 Oculi
2396 5641 2610 5692 omnium
2649 5639 2699 5692 in
2736 5646 2782 5692 te
2822 5651 3034 5704 sperant,
3069 5653 3114 5695 et
3137 5651 3188 5693 tu
3225 5644 3314 5695 das
3351 5645 3508 5696 cibum
3553 5661 3720 5698 eorum
3760 5639 3808 5698 in

2239 5707 2447 5778 trmpore
2470 5713 2756 5778 opportuno.
2783 5704 2942 5778 fuisse
2957 5719 3268 5778 responsum.
3289 5709 3418 5770 quod
3440 5711 3804 5778 succinebatur.

2234 5762 2442 5875 (Ιᾶεεὸηιῖ)
2476 5762 2687 5875 vellajo
2726 5776 2980 5830 praeeunte
3006 5784 3017 5830 ;
3045 5762 3154 5833 'qua
3180 5771 3241 5820 de
3271 5762 3323 5821 re
3362 5784 3509 5833 supra
3547 5770 3598 5822 iu
3629 5762 3804 5823 Munna

2234 5840 2256 5872 a
2354 5840 2491 5875 sam.
2530 5861 2534 5865 ι
2591 5863 2603 5875 .

2232 5840 2290 5872 illi
2318 5840 2491 5875 ι’δειῐη.
2530 5840 2603 5878 il.
