4070 6214
252 292 357 351 ωδ

249 407 514 462 exaltatur
562 398 722 464 Deus,
771 396 844 451 ita
883 392 1230 450 benedicitur.
1281 392 1355 446 lta
1389 394 1548 446 etiam
1589 392 1836 462 jubcntur

250 498 428 553 dicere
455 494 506 546 in
543 489 848 560 precatione
891 503 906 540 :
954 467 1515 552 Sanctiﬁcaturinomen
1545 493 1706 547 tuum,
1739 480 1839 535 hoc

254 597 354 651 est,
387 581 732 656 glorificatur.
763 579 819 634 2.
860 577 960 632 Per
986 575 1212 647 singulos
1249 571 1356 628 dies
1400 575 1682 628 benedicam
1728 575 1834 636 tibi,

251 690 301 734 et
325 677 544 734 laudabo
572 692 752 730 nomen
778 683 921 726 tuum
949 672 1003 724 in
1041 670 1302 734 saxulum,
1331 677 1376 721 et
1404 669 1458 720 in
1478 669 1716 722 saxulum
1744 683 1839 720 sa:-

255 773 376 828 περὶ.
401 770 570 834 Alius,
602 767 667 820 In
693 765 936 821 saculum
958 770 1218 831 perpetuo.
1245 759 1354 814 Hoc
1378 770 1460 814 est
1489 759 1540 812 in
1565 759 1746 826 primis
1767 757 1838 826 pii

255 861 443 926 animi,
469 875 497 912 a
528 858 686 912 rebus
711 871 829 926 qua:
857 853 921 907 ad
951 853 1152 907 victum
1179 849 1445 920 pertinent
1473 849 1748 902 liberatum
1779 863 1839 902 se

257 952 470 1025 hymnis
493 948 760 1004 dediCare.
787 945 966 1012 Turpe
987 942 1127 996 enim
1156 940 1331 1002 fuerit.
1365 948 1422 992 ut
1463 939 1621 992 homo
1641 939 1728 1008 qui
1759 947 1842 992 cst

257 1057 478 1113 compos
519 1039 759 1104 rationis,
788 1045 844 1090 et
869 1033 1116 1089 omnibus
1145 1046 1262 1101 qua:
1306 1031 1549 1085 videntur
1585 1039 1842 1100 praestan-

260 1139 385 1199 tior,
412 1137 480 1188 sit
505 1143 743 1188 creatura
773 1131 825 1183 in
854 1127 944 1181 Dei
973 1125 1214 1180 laudibus
1241 1123 1457 1178 inferior
1489 1143 1502 1178 :
1533 1140 1637 1177 non
1667 1125 1838 1177 solum

261 1236 439 1282 autem
468 1235 638 1292 turpe,
662 1235 840 1276 verum
862 1217 1019 1274 etiam
1042 1216 1344 1270 absurdum.
1373 1214 1647 1282 Quomodo
1665 1224 1841 1268 autem

263 1334 370 1372 non
417 1314 725 1380 absurdum,
774 1310 1032 1380 siquidem
1089 1309 1201 1378 ipsa
1236 1307 1470 1376 quotidie
1515 1316 1672 1376 atque
1711 1306 1845 1360 adeo

263 1407 488 1477 singulis
539 1404 684 1458 horis
722 1401 914 1456 emittit
957 1398 1176 1452 Domino
1211 1397 1683 1466 glorificationem?
1724 1393 1844 1450 Cwli

265 1499 430 1562 enim,
464 1495 651 1564 inquit,
684 1499 918 1545 enarrant
943 1488 1156 1560 gloriam
1196 1485 1310 1550 Dei,
1343 1495 1387 1540 ct
1417 1503 1570 1557 opera
1607 1503 1846 1539 manuum

267 1590 376 1659 ejus
401 1585 667 1640 annuntiat
697 1583 1086 1651 firmamentum.
1119 1576 1240 1632 Dies
1278 1577 1375 1630 diei
1406 1586 1595 1629 eructat
1622 1576 1844 1642 verbum,

267 1691 316 1734 et
365 1695 466 1733 no.1:
521 1676 654 1730 nocti
705 1675 894 1728 indicat
932 1672 1188 1726 scientiam
1216 1670 1384 1742 (Psal.
1416 1670 1502 1725 18.
1543 1668 1596 1722 2.
1629 1667 1705 1740 5).
1735 1668 1844 1733 Sol,

268 1770 412 1833 luna,
456 1769 631 1821 varius
663 1774 924 1819 astrorum
964 1764 1179 1825 chorus,
1209 1769 1262 1814 et
1301 1759 1682 1830 pulcherrimus
1718 1759 1850 1811 ordo

267 1871 582 1915 cwterorum
611 1856 844 1911 omnium
875 1871 1026 1909 suum
1058 1852 1308 1924 prtedicat
1336 1851 1610 1922 Opificem.
1641 1851 1738 1918 Qui
1768 1859 1851 1904 est

268 1969 396 2022 ergo
428 1951 509 2004 bis
537 1949 783 2003 omnibus
811 1947 1144 2016 praestantior
1187 1945 1228 1998 si
1260 1943 1360 1997 hoc
1401 1960 1502 1996 non
1539 1944 1712 2004 faciat,
1755 1941 1848 1996 sed

269 2044 431 2098 etiam
488 2040 648 2094 vitam
708 2047 827 2107 agat
877 2052 996 2107 qua:
1049 2036 1354 2090 Creatorem
1413 2049 1566 2088 suum
1614 2033 1850 2087 maledici

272 2141 547 2204 procuret,
574 2131 841 2200 quomodo
860 2129 1025 2183 eritis
1046 2129 1233 2197 dignus
1255 2127 1355 2180 ulla
1386 2129 1554 2193 venia,
1583 2135 1673 2181 aut
1695 2142 1851 2195 quam

275 2228 468 2295 poterit
506 2223 694 2278 afferre
721 2224 800 2276 sui
832 2221 1216 2286 defensionem,
1262 2235 1382 2274 cum
1411 2219 1500 2288 qui
1536 2219 1654 2273 ideo
1690 2220 1855 2272 factus

274 2328 375 2380 est,
407 2328 463 2369 ut
491 2317 596 2369 Deo
629 2315 850 2382 placeat,
891 2321 946 2368 ct
973 2328 1190 2382 regnum
1223 2309 1454 2366 futurum
1481 2321 1854 2380 consequatur,

277 2410 393 2476 ejus
417 2405 631 2476 quidem
661 2405 862 2458 nullam
895 2405 1054 2457 ducat
1079 2404 1358 2463 rationem.
1388 2401 1479 2456 sed
1509 2402 1734 2470 negotiis
1759 2415 1860 2453 sa:-

279 2499 544 2552 cularibus
571 2497 816 2562 curiSque
847 2494 1124 2548 mundanis
1162 2509 1220 2548 se
1250 2493 1516 2562 implicet?
1541 2495 1610 2546 At
1646 2492 1731 2547 hic
1753 2509 1856 2546 non

283 2587 420 2650 talis,
459 2585 551 2639 sed
594 2600 686 2652 per
712 2593 874 2638 totam
913 2584 1069 2636 vitam
1101 2582 1355 2637 offerebat
1384 2582 1491 2636 Deo
1520 2582 1722 2649 laudes,
1755 2598 1860 2636 non

283 2678 452 2732 solum
480 2676 674 2739 verbis,
704 2677 797 2729 sed
840 2675 998 2729 rebus
1040 2674 1185 2743 ipsis,
1219 2675 1326 2727 Deo
1347 2675 1486 2727 enim
1515 2675 1674 2728 multa
1703 2675 1865 2729 debe~

284 2785 424 2832 mus,
448 2768 585 2837 quod
616 2776 669 2821 et
695 2783 813 2820 cum
845 2782 946 2820 non
970 2782 1208 2820 esst'mus
1249 2764 1458 2829 fecerit,
1487 2777 1539 2821 et
1566 2766 1705 2836 quod
1734 2768 1864 2821 tales

285 2860 564 2919 creaverit,
597 2868 650 2913 et
676 2859 840 2913 factos
869 2869 1014 2926 regat
1045 2868 1096 2912 et
1115 2859 1404 2921 contineat,
1435 2866 1488 2911 ct
1525 2856 1664 2924 quod
1695 2857 1867 2925 quoti-

286 2951 371 3004 die
395 2963 496 3003 Iam
525 2950 765 3018 privatim
787 2965 942 3017 quant
971 2949 1323 3002 communiter
1344 2947 1637 3017 provideat,
1669 2948 1863 3001 nostri-

287 3056 390 3110 que
417 3055 595 3094 curam
632 3047 798 3107 gerat,
842 3039 996 3108 idque
1023 3040 1158 3092 clam
1196 3051 1249 3092 et
1285 3048 1494 3106 aperte,
1533 3023 1798 3107 nobisque
1814 3047 1869 3093 et

287 3130 579 3187 scientibus
609 3137 662 3184 et
695 3130 1072 3184 nescientibus.
1102 3128 1237 3194 Quid
1259 3129 1398 3182 enim
1429 3142 1562 3195 Opus
1589 3127 1869 3183 estdicere

287 3238 406 3291 qua:
446 3221 548 3275 sub
591 3228 864 3289 aspectum
903 3218 1120 3283 cadunt,
1153 3234 1268 3287 quae
1309 3228 1530 3288 propter
1569 3233 1666 3272 nos
1715 3218 1870 3271 fecit?

291 3311 665 3375 ministerium,
695 3308 833 3379 quod
857 3309 965 3378 ipsa
993 3309 1250 3378 prtebent,
1275 3309 1514 3378 corporis
1533 3309 1873 3363 constitutio-

294 3419 439 3468 nem,
472 3403 664 3460 animte
715 3401 1062 3467 nobilitatem,
1115 3400 1474 3470 quotidianam
1505 3401 1620 3469 ejus
1657 3415 1876 3456 cecono-

293 3497 455 3553 miam
492 3505 546 3549 et
569 3493 1102 3560 administrationem,
1136 3509 1231 3564 per
1267 3493 1542 3558 miracula,
1577 3509 1670 3563 per
1709 3495 1872 3564 leges,

294 3607 392 3660 per
419 3588 708 3659 supplicia,
749 3589 946 3640 variam
983 3597 1037 3642 et
1074 3601 1193 3656 qua:
1233 3585 1612 3657 comprehendi
1645 3601 1750 3640 non
1781 3601 1876 3656 po-

296 3691 403 3736 test
445 3679 560 3749 ejus
601 3677 1006 3747 providentiam,
1038 3677 1296 3732 bonorum
1329 3677 1562 3730 omnium
1591 3693 1873 3744 summam,

300 3773 438 3841 quod
470 3789 536 3826 ne
565 3770 700 3825 Filio
724 3770 936 3841 quidem
962 3784 1060 3824 suo
1101 3771 1338 3839 pepercit
1377 3779 1590 3838 propter
1612 3787 1728 3836 nos,
1760 3787 1878 3842 qute

298 3862 404 3924 iam
429 3861 549 3915 data
575 3869 698 3915 sunt
727 3874 821 3929 per
863 3858 1202 3926 baptismum,
1238 3874 1332 3927 per
1373 3871 1725 3921 sacramenta,
1761 3876 1880 3929 qua:

299 3954 471 4008 danda
501 3963 626 4008 sunt
651 3953 784 4008 bona
817 3951 904 4006 illa
931 3949 1234 4014 ineffabilia,
1264 3965 1504 4018 regnum,
1533 3953 1882 4005 resurrectio-

302 4065 445 4115 nem,
479 4047 827 4102 hereditatem
865 4044 1074 4114 plenam
1103 4041 1246 4096 omni
1288 4041 1645 4096 beatitudine?
1684 4043 1738 4096 Si
1766 4042 1884 4112 quis

303 4143 444 4196 enim
495 4157 656 4195 unum
705 4137 953 4210 quodque
995 4151 1179 4191 eorum
1229 4143 1543 4198 cnumeret,
1595 4135 1788 4190 incidet
1830 4136 1882 4190 in

304 4233 571 4288 ineffabile
599 4233 814 4302 pelagus
855 4228 1234 4284 beneficiorum
1256 4267 1272 4292 ,
1306 4237 1360 4281 et
1388 4226 1583 4281 videbit
1622 4235 1750 4296 quot
1785 4241 1884 4279 no-

306 4325 538 4379 minibus
562 4325 632 4378 sit
660 4324 887 4392 benigno
917 4322 1023 4377 Deo
1043 4319 1305 4374 obnoxius
1333 4336 1346 4371 :
1377 4334 1480 4372 non
1509 4319 1678 4372 solum
1707 4328 1884 4372 autem

309 4423 527 4484 pr0pter
549 4415 682 4478 haec,
707 4415 800 4469 sed
831 4414 990 4468 etiam
1027 4420 1244 4482 pr0pter
1282 4410 1613 4480 majestatem
1637 4411 1754 4479 ejus
1776 4411 1889 4478 glo-

311 4504 424 4567 ri:e,
453 4515 667 4572 propter
711 4504 1056 4558 substantiam
1083 4503 1152 4556 ab
1197 4501 1342 4557 omni
1383 4502 1596 4556 interitu
1635 4501 1884 4556 alienam.

311 4594 442 4648 Nam
475 4593 632 4647 etiam
665 4602 878 4663 propter
901 4609 1018 4649 eam
1045 4593 1270 4649 debetur
1304 4593 1352 4648 ei
1387 4607 1418 4647 a
1448 4593 1600 4646 nobis
1637 4594 1803 4662 gloria
1837 4600 1892 4647 et

313 4685 630 4749 benedictio,
663 4695 714 4739 et
739 4697 985 4754 perpetua
1013 4687 1297 4756 gratiarum
1319 4685 1478 4752 actio,
1507 4684 1681 4739 cultus
1708 4694 1761 4738 et
1787 4684 1892 4738 mi-

317 4779 589 4833 nisterium
633 4777 922 4831 assiduum.
955 4777 1065 4832 Hoc
1109 4778 1279 4846 ipsum
1305 4793 1434 4848 ergo
1470 4778 1730 4848 propheta
1759 4791 1890 4846 quov

315 4885 416 4937 que
441 4869 742 4938 significans
767 4867 974 4922 dicebat
1005 4885 1018 4921 :
1050 4868 1102 4922 5.
1150 4867 1369 4937 Magnus
1400 4867 1663 4932 Dominus,
1708 4879 1754 4922 et
1783 4869 1895 4922 lau-

317 4960 500 5014 dabilis
529 4959 677 5012 nimis
701 4973 720 5012 :
747 4967 791 5011 et
822 4957 1178 5027 magnitudinis
1214 4958 1324 5028 ejus
1349 4974 1448 5011 non
1491 4967 1561 5012 est
1586 4959 1722 5026 ﬁnis.
1748 4958 1893 5026 Quo-

316 5053 458 5104 niam
491 5050 630 5104 enim
662 5049 814 5113 dixit,
845 5047 1147 5101 Benedicam
1175 5058 1221 5100 et
1247 5048 1486 5112 laudabo,
1519 5049 1749 5102 ostendit
1772 5065 1893 5104 cum

316 5160 422 5199 non
451 5157 611 5212 egere
643 5142 838 5196 nostris
882 5139 1124 5193 laudibus
1151 5153 1250 5193 nec
1288 5139 1764 5204 benedictionibus,
1799 5155 1896 5194 nec

317 5241 434 5306 ejus
467 5236 650 5307 gloriae
693 5233 891 5303 aliquid
932 5232 1185 5287 accedere
1223 5248 1254 5286 a
1297 5233 1540 5288 laudibus
1583 5247 1766 5286 eorum
1807 5233 1896 5302 qui

320 5329 638 5384 ministrant.
663 5325 790 5396 Ejus
811 5325 952 5379 enim
974 5322 1263 5377 substantia
1281 5332 1364 5378 est
1385 5323 1451 5377 ab
1467 5323 1680 5378 interitu
1703 5324 1896 5391 aliena,

319 5430 370 5475 et
401 5430 524 5492 eget
549 5421 694 5474 nullo
723 5419 846 5473 alio.
876 5418 975 5486 Qui
1002 5428 1176 5471 autem
1205 5417 1373 5486 ipsum
1392 5417 1626 5481 laudant,
1656 5417 1754 5485 ipsi
1779 5434 1902 5472 cva-

320 5516 450 5568 dunt
475 5514 750 5568 clariores.
789 5510 904 5567 Non
945 5511 1116 5564 solum
1161 5519 1337 5564 autem
1385 5519 1602 5579 pr0pter
1643 5512 1764 5576 hoc,
1807 5511 1901 5566 sed

321 5617 480 5660 etiam
527 5614 744 5674 propter
775 5602 1122 5658 excellentem
1164 5601 1278 5670 ejus
1307 5599 1526 5670 gloriam
1554 5601 1776 5656 debetur
1800 5602 1846 5655 ei
1873 5617 1903 5656 a

324 5697 474 5752 nobis
501 5696 754 5765 laudatio,
782 5702 836 5750 et
863 5695 985 5750 ideo
1024 5693 1125 5749 hoc
1158 5693 1462 5764 signiﬁcans
1499 5691 1648 5759 dixit,
1685 5691 1902 5762 Magnus

1351 278 1706 335 EXPOSITIO
1747 278 1810 334 IN
1851 279 2172 336 PSALMUM
2210 279 2439 338 CXLIV.

3415 287 3518 342 J66

1943 391 2209 458 Dominus,
2228 403 2274 447 et
2300 393 2570 448 laudabilis
2585 395 2770 459 nimis;
2797 397 2897 452 hoc
2916 406 3014 466 cst,
3037 399 3522 470 nullius-indigens.

1941 483 2074 550 Quid
2097 494 2198 548 est,
2237 484 2572 540 Laudabilis?
2615 487 2810 556 Dignus
2843 489 2932 558 qui
2966 491 3229 558 laudibus,
3264 492 3526 547 eneomiis

1941 585 1994 630 et
2020 575 2230 646 hymnis
2255 576 2583 632 celebretur-
2595 577 2709 632 Non
2735 587 2822 633 est
2847 589 3024 634 autem
3059 583 3230 636 solum
3261 581 3522 636 Laudabi«

1943 667 2025 731 lis,
2056 667 2168 732 sed,
2204 665 2362 722 Valde
2390 667 2698 723 laudabilis:
2723 679 2778 726 et
2821 671 2940 725 ideo
2984 671 3087 725 hoc
3127 672 3320 742 adjecit
3358 651 3542 728 :cunr

1943 767 2120 813 autem
2147 774 2302 829 quam
2332 760 2401 814 sit
2425 759 2724 824 laudabilis,
2767 761 2946 816 verbis
2993 777 3100 816 non
3137 774 3318 832 posset
3343 767 3524 832 expri-

1943 863 2110 913 mere,
2160 849 2455 919 subjunxit,
2494 850 2563 904 Et
2600 852 2960 921 magnitudinis
2997 853 3106 920 ejus
3134 869 3236 906 non
3263 863 3335 906 est
3365 855 3481 920 ﬁnis
3508 868 3528 906 .-

1943 939 2082 1009 quod
2113 939 2324 1011 quidam
2351 941 2485 996 alius
2549 944 2820 1012 interpres
2869 943 3026 1008 dixit,
3089 942 3525 1011 Incenn'mQuod

1945 1046 2120 1090 autem
2149 1035 2296 1103 dicit,
2327 1043 2410 1090 est
2434 1036 2693 1106 ejusmodi
2730 1053 2745 1088 :
2773 1035 3032 1103 Quoniam
3073 1052 3324 1106 magnum
3365 1037 3530 1090 habes

1947 1128 2250 1193 Dominum,
2277 1127 2352 1181 sis
2378 1119 2591 1197 quoque
2632 1136 2684 1181 tu
2713 1126 2973 1190 excelsus,
3001 1136 3056 1181 et
3092 1136 3142 1180 te
3167 1126 3357 1196 expedi
3385 1142 3412 1179 a
3447 1141 3528 1179 re-

1947 1218 2046 1273 bus
2073 1235 2190 1289 qua:
2215 1218 2280 1272 ad
2311 1218 2450 1272 hanc
2485 1217 2648 1272 vitam
2677 1219 2960 1288 pertinent.
2993 1217 3156 1274 Sume
3195 1218 3412 1287 spiritus
3439 1217 3530 1287 qui

1947 1318 2202 1379 superent
2228 1310 2567 1380 praisetttium
2606 1325 2786 1364 rerum
2832 1310 3206 1376 humilitatem,
3238 1325 3344 1363 non
3373 1317 3430 1362 ut
3457 1309 3532 1362 sis

1948 1402 2090 1456 elato
2117 1402 2296 1455 animo
2317 1410 2370 1456 et
2398 1402 2653 1468 insolens,
2682 1401 2773 1456 sed
2797 1416 2988 1472 magno
3007 1412 3062 1457 et
3085 1403 3299 1457 excelso
3327 1403 3526 1456 animo.

1949 1493 2108 1548 Aliud
2150 1495 2289 1548 enim
2337 1493 2658 1563 arrogantia,
2713 1503 2768 1547 et
2817 1494 2962 1548 aliud
3003 1493 3310 1564 magnitudo
3346 1495 3529 1547 animi.

1952 1587 2046 1640 Est
2063 1587 2204 1640 enim
2229 1599 2506 1654 arrogans,
2549 1585 2638 1654 qui
2669 1595 2886 1653 propter
2923 1599 3010 1639 res
3051 1601 3237 1654 parvas
3261 1600 3320 1640 se
3344 1585 3530 1655 jactat,

1951 1688 2004 1732 et
2027 1691 2312 1731 conservos
2339 1676 2596 1745 deSpicit;
2624 1676 2732 1729 alto
2749 1683 2925 1730 autem
2951 1685 3034 1730 est
3051 1677 3248 1743 animo,
3274 1677 3362 1745 qui
3387 1693 3536 1732 men-

1954 1779 2005 1824 te
2034 1776 2116 1824 est
2157 1768 2392 1834 humilis,
2428 1777 2481 1822 ct
2529 1767 2806 1837 prmsentis
2846 1767 2966 1820 vita:
2996 1782 3217 1836 pompas
3259 1768 3388 1821 nihil
3417 1783 3535 1822 esse

1954 1861 2240 1916 existimat.

2023 1952 2078 2004 2.
2128 1951 2315 2006 Contra
2349 1951 2728 2004 Auomaeos.—
2755 1950 2850 2006 Ubi
2883 1965 3023 2005 nunc
3064 1959 3186 2005 sunt
3230 1950 3316 2020 qui
3357 1950 3538 2015 dicunt

1956 2060 2015 2099 se
2043 2046 2209 2099 Deum
2232 2044 2301 2096 ita
2324 2057 2503 2104 nosse,
2533 2043 2668 2095 sicut
2696 2050 2750 2094 et
2791 2042 2902 2109 ipse
2939 2042 3172 2107 scipsum
3203 2039 3390 2094 novit?
3427 2043 3536 2092 Ao-

1957 2135 2104 2188 diant
2131 2134 2441 2203 prophetam
2486 2133 2774 2196 dicentem,
2806 2131 3170 2200 Magnitudinis
3209 2132 3317 2200 ejus
3345 2147 3440 2183 non
3468 2142 3539 2183 cst

1959 2225 2097 2294 finis,
2129 2235 2180 2280 et
2201 2225 2518 2279 erubescant
2542 2223 2609 2277 de
2641 2223 2842 2276 insania
2870 2218 3076 2295 sua(a).

2035 2316 2203 2387 Opera
2227 2316 2322 2370 Dei
2351 2317 2460 2385 ejus
2506 2315 2864 2384 providentiam
2893 2313 3176 2367 laudantia.
3199 2341 3270 2352 —
3295 2313 3352 2366 4.
3383 2311 3541 2365 Gene-

1960 2409 2091 2461 ratio
2111 2418 2154 2460 et
2175 2406 2429 2477 generatio
2468 2404 2692 2458 laudabit
2722 2419 2874 2471 opera
2895 2412 3000 2456 tua.
3030 2401 3180 2470 Quod
3211 2401 3384 2456 facere
3409 2417 3540 2456 con-

1963 2499 2166 2560 suevit,
2202 2497 2252 2550 id
2299 2511 2509 2566 quoque
2534 2495 2680 2549 facit.
2711 2493 2934 2562 Quando
2979 2497 3121 2547 ettim
3169 2492 3404 2548 laudavit
3427 2493 3544 2560 ejus

1966 2589 2382 2659 magnitudinem
2415 2598 2468 2644 et
2503 2588 2746 2657 gloriam,
2775 2587 2920 2640 venit
2956 2586 3116 2641 etiam
3164 2585 3229 2639 ad
3257 2585 3374 2654 ejus
3399 2586 3542 2639 cele-

1967 2680 2166 2736 branda
2193 2694 2375 2750 opera.
2407 2679 2520 2732 lloe
2550 2679 2721 2746 ipsum
2753 2678 2838 2731 hic
2869 2691 3080 2746 quoque
3107 2677 3260 2739 facit,
3289 2686 3342 2730 et
3370 2676 3498 2730 dicit
3529 2693 3546 2726 :

1971 2769 2236 2825 Ceueratio
2266 2779 2313 2823 et
2358 2771 2612 2840 generatio
2659 2768 2887 2823 laudabit
2923 2784 3076 2836 opera
3122 2777 3228 2830 tua,
3259 2767 3548 2821 ostendens

1970 2861 2385 2931 magnitudinem
2411 2860 2528 2929 ejus
2553 2875 2617 2914 ex
2646 2859 2914 2927 operibus.
2933 2859 3043 2912 lloc
3062 2866 3164 2919 est.
3185 2857 3301 2912 Non
3329 2872 3436 2910 uno
3461 2871 3548 2911 so:

1972 2952 2079 3006 lum
2115 2963 2352 3022 tempore
2381 2951 2514 3005 facta
2545 2959 2670 3005 sunt
2711 2958 2767 3005 et
2815 2951 3224 3019 prmterierunt,
3268 2962 3442 3018 neque
3495 2947 3548 3000 in

1972 3045 2182 3100 deabus
2209 3055 2302 3098 aut
2329 3044 2498 3098 tribus
2523 3044 2696 3109 annis,
2728 3044 2824 3098 sed
2855 3057 2948 3112 per
2975 3041 3280 3096 universum
3314 3054 3552 3110 prmscns

1976 3137 2226 3191 saeculum
2257 3135 2651 3201 extenduntur,
2699 3135 2856 3190 itaut
2902 3149 3232 3206 unaquteque
3277 3133 3550 3203 generatio

1977 3227 2092 3296 ejus
2121 3242 2284 3296 opera
2311 3226 2732 3307 contempletur:
2751 3225 2864 3280 Hoc
2902 3235 2985 3280 est
3012 3225 3178 3291 enim,
3207 3222 3478 3279 Generatio
3507 3233 3553 3276 rt

1977 3319 2228 3390 generatio
2251 3334 2269 3372 :
2289 3329 2340 3374 et
2368 3334 2486 3388 quae
2514 3327 2614 3381 est,
2646 3317 2836 3387 inquit,
2863 3325 2916 3371 et
2939 3331 3056 3386 qua:
3087 3317 3341 3385 sequitur,
3360 3324 3414 3369 et
3438 3332 3556 3384 qua:

1979 3418 2100 3480 post
2145 3409 2288 3463 illam
2346 3409 2521 3465 futura
2549 3419 2652 3476 est,
2684 3418 2740 3464 et
2779 3424 2896 3478 quae
2936 3423 3122 3463 rursus
3165 3417 3283 3476 post
3313 3421 3453 3469 eam,
3504 3418 3556 3462 et

1980 3516 2307 3571 unaquaeque
2335 3517 2516 3556 earum
2561 3517 2679 3571 quae
2708 3509 3002 3572 sequuntur
3031 3518 3046 3557 :
3079 3515 3263 3555 rursus
3291 3509 3556 3564 creatura,

1979 3612 2098 3666 qua:
2127 3595 2228 3649 hoc
2253 3596 2397 3650 omni
2427 3605 2667 3666 tempore
2693 3595 2938 3665 similiter
2975 3594 3278 3650 extenditur
3299 3634 3317 3659 ,
3369 3607 3560 3661 nempe

1981 3687 2198 3750 cadum,
2217 3696 2375 3750 terra,
2403 3701 2570 3752 mare,
2591 3701 2703 3753 aer,
2721 3686 2888 3750 lacus,
2920 3684 3297 3751 fontes,llnvii,
3331 3686 3558 3744 semina,

1982 3781 2194 3852 plantae,
2225 3779 2424 3844 herbte,
2448 3789 2502 3835 et
2527 3795 2646 3849 qua:
2669 3793 2734 3834 ex
2761 3778 2824 3832 iis
2849 3778 3128 3846 capiuntur
3153 3776 3430 3842 beneficia,
3473 3793 3564 3830 na-

1986 3881 2118 3926 tura:
2142 3889 2331 3926 cursus
2351 3873 2440 3940 qui
2471 3887 2756 3940 numquam
2795 3870 3218 3940 interrumpitur,
3249 3871 3468 3933 imbres,
3513 3879 3566 3922 et

1989 3973 2285 4030 temporum
2319 3963 2709 4016 vicissitudines
2730 3973 2878 4016 certo
2904 3962 3090 4016 ordine
3127 3961 3342 4016 assidue
3383 3977 3566 4030 proce-

1987 4051 2198 4117 dentes,
2218 4067 2344 4116 nox,
2369 4051 2503 4109 dics.
2528 4050 2630 4114 sol,
2666 4051 2808 4114 luna,
2827 4060 2991 4110 astra,
3013 4052 3111 4103 alia
3138 4051 3335 4112 omnia.
3367 4061 3421 4105 et
3448 4067 3566 4118 quae

1991 4151 2184 4212 praeter
2215 4141 2328 4194 lucc
2353 4140 2589 4210 quotidie
2615 4133 2747 4194 fiunt
2775 4149 2830 4194 et
2850 4139 3094 4209 privatim
3133 4149 3187 4194 ct
3215 4141 3568 4194 communiter

1991 4231 2054 4285 ad
2085 4229 2454 4300 corrigendum
2484 4237 2536 4285 et
2580 4229 2836 4284 beneficio
2888 4227 3223 4283 afficiendum
3263 4229 3567 4281 universum

1993 4337 2160 4391 genus
2187 4319 2458 4374 hominum
2477 4361 2492 4385 ,
2523 4335 2642 4390 qua:
2667 4319 2882 4374 assidue
2907 4319 3105 4374 ludatis
3131 4318 3446 4374 eveniebant
3474 4318 3572 4370 mi-

1993 4411 2204 4477 racula,
2238 4412 2418 4480 signa,
2465 4410 2792 4481 providentia
2850 4412 2904 4466 in
2933 4410 3138 4480 frugum
3195 4409 3571 4479 proventibus,

1996 4501 2326 4574 providentia
2361 4502 2412 4556 in
2440 4501 2662 4555 victoria
2711 4501 2966 4556 adversus
3011 4499 3212 4566 hostes,
3245 4499 3571 4570 providentia

1995 4609 2113 4664 quin
2141 4601 2225 4648 est
2270 4594 2320 4648 in
2347 4592 2464 4646 aliis
2507 4593 2774 4659 omnibus,
2797 4593 2970 4662 qualia
3003 4590 3213 4646 fuerunt
3251 4591 3311 4656 iu_
3343 4591 3576 4645 adventu

1995 4686 2214 4750 Christi,
2242 4684 2416 4753 qualia
2439 4693 2679 4753 tempore
2694 4683 3056 4752 apostolorum
3076 4723 3092 4746 ,
3127 4683 3301 4752 qualia
3334 4692 3576 4752 tempore

1997 4775 2488 4846 perscquntionum,
2518 4789 2638 4843 quze
2664 4773 2875 4842 quidem
2907 4773 3121 4827 fuerunt
3147 4773 3376 4842 antiquis
3409 4773 3565 4842 longe

2002 4868 2148 4936 plura
2173 4877 2227 4921 et
2250 4865 2473 4934 majora,
2498 4865 2670 4934 qualia
2697 4865 2854 4919 etiam
2883 4873 3062 4919 nostra
3086 4864 3185 4919 hac
3212 4865 3575 4935 generatione.

1998 4959 2210 5015 Nullum
2255 4967 2336 5013 est
2379 4957 2518 5012 enim
2557 4965 2803 5026 tempus,
2834 4957 2973 5025 quod
3024 4956 3184 5010 etiam
3235 4965 3428 5026 praeter
3467 4956 3582 5008 luce

2001 5051 2298 5104 communia
2329 5065 2432 5102 non
2464 5049 2596 5101 ferat
2621 5049 2827 5118 signum
2857 5048 2973 5116 ejus
2994 5048 3360 5118 providentiae.
3401 5045 3466 5098 Et
3489 5061 3580 5113 po-

2003 5145 2207 5197 tentiam
2238 5153 2374 5193 tuam
2403 5141 2792 5193 annuntiabunt.
2829 5140 2892 5193 Et
2927 5155 3023 5210 per
3066 5139 3343 5198 beneficia.
3376 5137 3540 5203 inquit
3565 5175 3578 5198 ε

2003 5247 2055 5290 et
2089 5251 2180 5304 per
2209 5234 2483 5302 supplicia.
2515 5232 2630 5286 Non
2659 5241 2837 5287 cessat
2865 5233 3006 5287 enim
3041 5231 3183 5285 omni
3209 5229 3414 5282 ratione
3446 5226 3586 5280 Deus

2005 5329 2148 5382 omni
2177 5337 2416 5396 tempore
2450 5332 2645 5380 nostra:
2667 5333 2870 5378 natura:
2891 5323 3212 5392 prospicere.
3235 5319 3290 5374 5.
3333 5315 3584 5387 Magniﬁ-

2074 5450 2147 5512 (a)
2183 5450 2281 5512 Gr._
2302 5447 2688 5512 aioxuvéqﬁtoaatv
2723 5444 2798 5493 ἐπὶ
2829 5447 2887 5503 τῇ
2931 5438 3086 5502 οἰκείᾳ
3117 5436 3283 5512 ρανίᾳ..
3319 5433 3471 5512 Haec,
3495 5434 3580 5512 in!

2008 5532 2056 5565 τ.
2079 5501 2147 5560 ὸὶξ
2177 5527 2248 5572 μ..
2271 5501 2471 5572 habent
2491 5510 2588 5557 duo
2608 5521 2747 5564 mss.,
2783 5501 2922 5551 recte
2935 5517 2969 5572 ἐ
2990 5501 3098 5548 nam
3133 5501 3406 5572 insectatur
3445 5501 3584 5572 Atto:

2008 5559 2189 5629 iam;
2217 5559 2304 5632 qui
2348 5567 2580 5618 dicebant
2630 5581 2686 5616 se
2737 5559 2887 5632 nosse
2932 5563 3126 5632 Deum,
3166 5565 3223 5609 ut
3274 5559 3412 5632 Deus
3451 5559 3585 5632 9‘0.th

2011 5615 2714 5696 seipsme'Qtiat'u‘oriautem
2755 5628 2859 5696 haec
2899 5621 3048 5672 verba
3096 5615 3307 5696 deerant
3355 5615 3404 5668 iu
3457 5619 3582 5690 ﬁdit.

2017 5690 2186 5746 Morel.
2205 5699 2258 5742 ct
2282 5691 2330 5740 in
2353 5690 2613 5740 εει-ἴ.εὲοό
2636 5690 2714 5737 hic
2735 5694 3082 5749 postremusca
3112 5693 3245 5734 notat
3271 5697 3320 5731 tn
3341 5695 3582 5743 margine.

4053 163 4055 204 4

4054 211 4055 240 i

4054 271 4055 300 ἡ

4054 391 4055 428 1

4053 451 4055 498 i

4052 617 4055 644 Ι

4053 691 4055 728 1

4054 729 4055 766 ι
