4070 6214
554 245 660 300 4η

558 363 769 414 centiam
795 358 973 430 gloria
1019 357 1302 412 sanctitatis
1329 368 1428 412 tua
1452 335 1718 430 loquentur
1735 403 1751 427 ,
1791 370 1839 414 et
1885 361 2137 414 mirabilia

559 464 648 506 tua
675 451 970 506 narrabant.
1003 451 1152 506 Alius
1181 450 1283 524 (a),
1317 437 1758 506 Paldaritudinem
1809 453 1976 506 laudis
2016 463 2134 519 tum,

557 551 602 616 et
630 541 776 596 verba
803 542 1111 595 ittirabilistm
1133 551 1332 595 tuorum
1363 543 1656 596 narrabant.
1690 542 1978 613 Postquam
1997 545 2136 598 dixit

556 634 849 704 potentiam
867 673 882 696 .
917 632 1152 687 ostendit
1181 633 1340 687 etiam
1365 646 1484 687 eam
1513 634 1805 702 potentiam
1831 649 1953 689 esse
2000 634 2136 688 iusi-

552 738 712 793 gnem
736 731 793 778 et
813 724 1084 778 eximiam.
1110 723 1290 792 Neque
1313 724 1457 778 enim
1481 723 1814 792 simpliciter,
1847 740 2020 796 neque
2050 739 2138 780 res

556 814 804 883 vulgares
854 813 977 868 fecit
1000 854 1015 878 ,
1060 813 1156 870 sed
1185 815 1363 869 omnia
1403 825 1511 874 tam
1561 815 1890 873 admirabilia
1928 827 1989 872 et
2027 827 2135 872 tam

559 905 888 961 incredibilia
938 913 1192 974 perpetuo
1217 905 1364 971 fecit,
1397 905 1518 974 plus
1547 922 1704 977 quam
1733 923 1928 977 capere
1953 918 2136 978 posset

553 997 780 1049 humana
813 1004 998 1050 natura
1027 1011 1276 1065 operans,
1300 1005 1359 1051 ut
1378 1013 1496 1067 quae
1534 998 1689 1062 ﬁunt,
1714 1000 1822 1054 sint
1850 1000 2004 1069 plena
2030 1000 2133 1054 mi-

550 1085 734 1141 raculo
759 1095 810 1141 et
839 1087 1024 1156 gloria.
1049 1087 1339 1142 Considera
1369 1103 1630 1159 ergoquae
1655 1089 1710 1144 in
1733 1089 1984 1162 Egypto,
2013 1107 2134 1162 qua

549 1175 602 1231 in
646 1177 924 1234 Palmstina
955 1178 1090 1233 facta
1139 1189 1263 1234 sunt
1300 1189 1536 1249 tempore
1562 1180 1790 1236 Abrshr.
1813 1224 1828 1246 ,
1859 1183 2037 1247 lsaac,
2079 1191 2134 1238 et

546 1269 744 1340 Ioseph
771 1289 784 1326 :
813 1287 998 1326 rursus
1025 1288 1144 1342 qua:
1174 1273 1224 1326 in
1247 1272 1482 1344 Egypto
1509 1282 1750 1343 tempore
1789 1274 1950 1330 Hosis
1969 1317 1984 1333 .
2005 1291 2131 1344 qua:

547 1362 600 1416 in
649 1361 955 1429 solitudine,
1000 1377 1119 1432 qua:
1159 1372 1279 1433 post
1321 1364 1619 1434 ingressum
1653 1381 1666 1417 :
1699 1364 1876 1420 dum
1917 1381 2040 1436 quin
2076 1367 2131 1420 in

545 1454 874 1523 captivitate,
897 1471 1016 1524 qua:
1035 1456 1136 1510 sub
1147 1455 1656 1522 Nabuchodonosor,
1677 1473 1796 1526 qua:
1823 1457 1874 1512 in
1894 1458 2127 1525 fornace,

543 1562 664 1615 qum
691 1548 742 1601 in
775 1547 1040 1613 leonibus,
1071 1563 1189 1617 qua:
1221 1547 1273 1602 in
1314 1548 1522 1613 reditu,
1569 1563 1687 1618 qua:
1730 1549 1782 1604 in
1829 1550 2123 1618 prophetis.

543 1636 669 1692 Haec
693 1637 836 1692 cnim
855 1639 1040 1692 omnia
1062 1637 1423 1707 pradicahant
1445 1639 1564 1706 ejus
1591 1640 1681 1709 qui
1713 1639 1840 1695 fecit
1853 1641 2125 1709 virtutem,

542 1728 787 1797 gloriam,
813 1728 1166 1797 majestatem,
1187 1729 1465 1784 atl‘erentia
1495 1745 1745 1800 magnum
1775 1741 2045 1801 stuporem
2073 1741 2130 1788 ct

542 1819 972 1873 admirationem.

618 1910 866 1983 Pestifera
889 1928 948 1965 ac
973 1913 1125 1966 noxia
1144 1913 1294 1966 etiam
1321 1911 1416 1966 Dei
1443 1921 1562 1966 sunt
1600 1913 1941 1982 providentiae.
1973 1945 2044 1954 —
2069 1916 2119 1970 ϐ.

545 2003 614 2058 Et
639 2003 872 2056 uirtutem
895 2003 1190 2056 terribilium
1220 2013 1421 2056 tuorum
1449 2003 1634 2068 dicent,
1653 2015 1700 2058 et
1727 2005 2126 2076 magnitudinem

539 2107 676 2150 tuam
699 2098 993 2150 narrabant.
1024 2096 1130 2151 Per
1159 2096 1273 2151 lucc
1296 2097 1529 2152 ostendit
1551 2113 1670 2154 esse
1700 2099 1987 2166 perfectam
2008 2099 2125 2168 ejus

539 2187 830 2258 potentiam
851 2185 917 2240 ad
940 2185 1393 2250 benefaciendum,
1417 2187 1482 2242 ad
1504 2187 1849 2258 puniendum,
1877 2189 2122 2244 etomnia

537 2293 658 2349 quas
689 2287 995 2334 enumerata
1017 2287 1142 2333 sunt
1169 2287 1450 2350 utrumque
1473 2279 1779 2349 complecti.
1804 2279 1918 2334 Hoc
1943 2289 2122 2334 autem

538 2378 719 2441 potest
746 2369 913 2428 videri
943 2385 1050 2426 non
1077 2371 1250 2425 solum
1279 2371 1330 2425 in
1361 2371 1428 2426 iis
1475 2387 1596 2442 quae
1617 2381 1750 2426 tunc
1802 2382 2117 2439 evanuerunt,

537 2461 634 2516 sed
657 2461 821 2516 etiam
856 2461 910 2516 in
947 2462 1230 2528 creaturis,
1257 2471 1315 2517 et
1357 2463 1638 2534 utriusque
1682 2463 1925 2520 beneficii
1955 2467 2120 2520 multa

536 2568 659 2610 esse
687 2553 1061 2631 instrumenta,
1104 2563 1288 2624 utpote
1315 2569 1492 2609 rerum
1539 2553 1754 2626 quidem
1781 2556 2117 2625 terribilium,

537 2645 762 2716 fulgura,
792 2645 1023 2700 tonitrua
1046 2645 1088 2714 ί,
1119 2645 1361 2711 iulmina,
1397 2646 1578 2716 igneos
1609 2646 1866 2715 turbines,
1889 2656 2116 2718 pestem,

535 2737 706 2803 nives,
731 2737 1065 2808 grandinem,
1088 2737 1566 2810 rubiginem,gelu,
1597 2739 1863 2807 incendia,
1894 2741 2118 2796 inunda-

536 2830 744 2896 tiones;
773 2829 826 2884 in
857 2829 1156 2900 reptilibus,
1179 2830 1464 2896 dracones,
1500 2833 1763 2902 scorpios.
1793 2841 2072 2903 serpentes
2096 2849 2113 2900 ;

539 2923 594 2976 in
618 2921 941 2990 volucribus,
965 2922 1253 2988 locustam;
1283 2932 1336 2978 et
1358 2923 1411 2978 in
1440 2924 1504 2978 iis
1529 2939 1649 2995 quae
1688 2935 1812 2980 sunt
1833 2926 2038 2996 objecta
2061 2937 2116 2984 et

535 3012 678 3078 vilia,
710 3017 1362 3090 cynomyiam,~erucam:
1399 3031 1528 3085 qua:
1577 3016 1690 3086 ipsa
1724 3032 1936 3088 quoque
1991 3028 2115 3076 sunt

535 3102 886 3171 providentia:
921 3120 935 3156 :
963 3112 1018 3158 et
1035 3119 1153 3174 quae
1174 3102 1423 3160 homines
1438 3115 1776 3174 convertant,
1808 3124 1838 3162 a
1865 3109 2113 3166 socordia

532 3192 782 3260 liberent,
823 3207 852 3246 a
892 3193 1160 3265 pmiundo
1197 3208 1388 3249 somno
1425 3197 1678 3265 excitent,
1727 3214 1757 3253 a
1783 3209 2004 3254 veterno
2045 3201 2111 3256 ad

531 3286 854 3356 vigilantiam
874 3287 1182 3341 traducunt.
1215 3287 1329 3342 Non
1351 3288 1524 3344 solum
1549 3298 1728 3346 autem
1757 3292 1811 3347 in
1846 3291 1928 3346 his
1952 3335 1967 3359 ,
2014 3295 2110 3349 sed

530 3378 689 3431 etiam
731 3378 792 3432 in
824 3379 1108 3432 contrariis
1135 3387 1220 3433 est
1259 3379 1427 3435 virtus
1455 3381 1572 3450 ejus
1599 3382 1854 3451 perfecta.
1891 3384 1962 3438 Et
1988 3385 2112 3440 ideo

529 3484 652 3523 cum
683 3483 781 3522 nos
809 3468 924 3524 haec
950 3469 1114 3524 vellet
1137 3470 1353 3534 docere,
1380 3481 1656 3542 postquam
1676 3472 1834 3536 dixit,
1861 3472 2110 3529 Virtutem

528 3560 824 3614 terribilium
852 3571 1051 3614 tuorum
1081 3562 1267 3625 dicent,
1290 3573 1338 3618 et
1367 3565 1791 3634 magnificentia»:
1818 3577 1956 3619 tuam
1985 3583 2108 3620 nar-

527 3653 730 3719 rabant,
757 3653 1027 3722 subjunx-it.
1051 3672 1064 3708 :
1091 3656 1143 3709 7.
1171 3653 1472 3709 Memoriam
1495 3657 1822 3711 abundantia:
1847 3660 2108 3714 suavitatis

525 3754 628 3798 tua:
669 3746 979 3798 eructabunt.
1025 3747 1194 3812 Alius,
1226 3745 1477 3802 Bonitatis
1521 3756 1638 3802 tua.
1689 3749 1756 3803 Et
1794 3751 1998 3821 justitia
2023 3761 2110 3808 tua

525 3834 844 3889 exsultabant
865 3835 960 3908 (b).
989 3836 1141 3904 Quod
1167 3838 1304 3893 alios
1343 3838 1477 3894 dixit
1505 3839 1788 3910 interpres,
1813 3841 1879 3896 Et
1907 3844 2106 3898 miseri-

524 3925 724 3979 cordias
745 3935 856 3980 tuas
896 3928 1174 3982 laudabant
1201 3927 1290 4002 (c).
1314 3929 1424 3986 Nos
1451 3941 1630 3987 autem
1657 3935 2103 4002 quemadmodum

521 4014 778 4070 terribilia
807 4019 1256 4084 enumeravimus,
1292 4020 1362 4075 ita
1391 4022 1551 4076 etiam
1583 4038 1802 4081 necesse
1836 4036 1924 4082 est
1959 4028 2105 4084 dica-

521 4119 638 4160 mus
665 4121 850 4161 eorum
881 4110 1187 4176 contraria;
1223 4126 1418 4182 nempe
1447 4113 1500 4168 in
1531 4114 1596 4169 iis
1623 4131 1742 4186 quae
1761 4117 2105 4186 videntur,et

517 4215 642 4271 qua:
667 4201 806 4256 circa
833 4217 929 4258 nos
951 4213 1096 4270 sunt,
1121 4218 1328 4259 annuas
1355 4214 1652 4276 temporum
1682 4210 2099 4280 vicissitudines,

519 4292 656 4358 dies,
691 4293 894 4358 hortos.
929 4305 1101 4364 prata,
1150 4294 1310 4352 ﬂores
1339 4299 1535 4363 varios,
1567 4315 1758 4370 aquam
1790 4303 1998 4359 dulcem
2047 4313 2104 4360 et

518 4382 805 4451 potabilem
831 4424 846 4448 ,
877 4384 1160 4439 commoda
1190 4401 1309 4454 quae
1345 4387 1632 4456 capiuntur
1667 4404 1738 4444 ex
1802 4391 2060 4448 imbribus
2081 4435 2098 4462 ,

517 4481 676 4528 terra:
702 4483 903 4544 partus,
927 4476 1102 4530 varios
1126 4475 1349 4542 fructus,
1380 4477 1618 4534 diversas
1641 4480 1882 4550 arbores,
1909 4497 2100 4542 suaves

517 4576 729 4632 ventos,
761 4569 990 4624 solarem
1011 4568 1242 4630 radium.
1277 4569 1518 4625 lunarem
1539 4569 1861 4642 lampadem,
1891 4578 2096 4632 varium

515 4666 781 4712 astrorum
810 4660 1073 4728 chorum,
1104 4661 1337 4730 quietam
1379 4669 1434 4715 et
1477 4660 1816 4733 tranquillam
1848 4675 2092 4721 noctem:

513 4757 571 4804 et
598 4749 649 4803 in
678 4749 866 4817 brutis,
898 4765 1046 4819 oves,
1077 4753 1261 4820 boves,
1291 4763 1345 4808 et
1367 4768 1588 4822 capras;
1621 4762 1675 4809 et
1701 4755 1752 4809 in
1774 4759 2092 4826 agrestibus,

513 4857 734 4913 capreas
751 4883 768 4909 ,
794 4857 1000 4912 cervos,
1019 4845 1258 4914 lepores,
1275 4847 1440 4901 etalia
1462 4847 1688 4917 plurima
1707 4863 1722 4914 ;
1740 4859 1791 4904 et
1807 4850 1856 4904 in
1877 4851 2097 4906 volucri-

513 4934 634 5002 bus,
659 4949 786 4991 aves
805 4934 1076 5003 lndicas';
1103 4938 1156 4991 in
1187 4937 1314 5008 ipsis
1334 4938 1584 5008 cperibus
1607 4938 1770 4994 videri
1792 4951 1966 5010 potest
1987 4957 2093 4998 non

574 5107 590 5138 ι
625 5101 878 5172 δωρειγίιά
901 5115 1015 5172 von,
1057 5100 1286 5172 tagitrua,
1321 5101 1497 5172 deerat
1506 5102 1570 5172 _in
1607 5102 1773 5151 Morel.
1800 5100 1940 5172 Paulo
1961 5108 2087 5172 post,

509 5180 624 5225 vox,
637 5164 918 5227 rubiginem,
929 5165 1075 5227 deem
1097 5164 1148 5213 in
1167 5162 1305 5214 Savil.
1322 5177 1337 5226 ;
1361 5165 1450 5215 sed
1469 5163 1597 5212 illam
1613 5176 1785 5214 vocem
1799 5162 2089 5227 adjicit—ipse

509 5224 1227 5301 ingnium-rosum:
1419 5297 1426 5301 _
1499 5295 1562 5301 ν-
1629 5289 1694 5301 ν.
1769 5289 1780 5301 .
1855 5224 1869 5226 “
1928 5287 1938 5298 .

570 5292 590 5321 ³
625 5299 674 5340 ιιι
694 5286 876 5347 meo.
901 5301 987 5347 «tu
1008 5297 1149 5352 “vita;
1171 5298 1257 5346 «te
1285 5286 1470 5352 tam.
1497 5295 1661 5348 ’ωαψς
1680 5289 1867 5352 legisse
1887 5286 2090 5338 videtur

505 5354 767 5420 centianus
788 5349 1045 5420 Hervetus,
1064 5351 1146 5420 qui
1172 5349 1339 5405 vertit,
1364 5357 1715 5420 aves_canoras.
1734 5349 1776 5420 ί

569 5416 642 5476 (ιι)
678 5414 792 5473 ouis
811 5415 876 5488 sit
909 5413 988 5463 hic
1010 5409 1272 5474 interpres,
1297 5422 1363 5460 ne
1385 5409 1663 5472 conjectura
1693 5410 1893 5473 quidem
1920 5423 2088 5473 passu-

504 5488 613 5525 BIIIS
634 5489 846 5526 meum.

1051 5535 1241 5600 quissit
1264 5534 1532 5596 ignoratur.
1560 5538 1669 5582 Haec
1693 5540 1873 5594 autem,
1901 5533 2083 5586 bonita-

502 5596 564 5648 tis
582 5596 888 5668 inagidesttnt
905 5596 950 5646 in
972 5596 1111 5668 Salvi].
1230 5665 1239 5668 _
1266 5663 1285 5668 _
1478 5657 1491 5668 _
1515 5659 1525 5668 ,

569 5661 640 5721 (ε)
676 5667 785 5707 tunc
810 5661 1146 5722 interpretatio
1171 5665 1247 5708 est
1263 5657 1545 5721 Symmachi.

1354 242 1417 294 s.
1460 245 1738 308 JOANNIS
1769 244 2236 301 CllRYSOSTOMl
2264 246 2579 306 AllC-HlEP.
2620 252 3153 319 CONSTANTINOP.

3771 280 3882 329 868

2247 361 2416 416 solum
2441 365 2684 434 puniens,
2709 371 2801 447 sed
2839 371 2996 444 longe
3025 377 3184 432 etiam
3217 381 3444 450 amplius
3471 383 3757 441 beneficio
3787 391 3884 442 at-

2247 452 2432 510 ﬁciens
2451 473 2607 527 quam
2634 464 2877 530 puniens.
2905 467 2971 521 Et
3000 467 3088 522 illa
3117 469 3333 538 quidem
3380 477 3608 530 terroris
3639 482 3833 546 gratia
3859 499 3873 548 ;

2244 545 2355 599 etsi
2373 560 2434 602 ea
2460 549 2742 619 aliquando
2769 571 2954 613 revera
2985 559 3346 631 intentaverit,
3393 566 3444 621 id
3469 565 3601 622 facit
3625 545 3872 641 promer

2243 651 2343 738 eos-
2367 641 2470 738 .qui
2521 644 2656 700 adeo
2685 650 2882 718 stupidi
2903 662 3046 720 sunt,
3073 664 3131 710 ut
3152 667 3296 714 metu
3339 677 3442 717 non
3471 669 3870 738 corrigantur.

2243 726 2410 829 lq‘his
2431 742 2606 788 autem
2628 746 2684 792 et
2708 741 2986 798 munificus
3007 755 3060 799 et
3080 747 3410 817 splendidus,
3439 726 3653 826 bisqui;
3665 761 3869 829 reipsa

2240 818 2402 874 afficit
2428 839 2534 878 non
2564 829 2736 882 solum
2759 829 2967 900 dignos,
2993 836 3086 890 sed
3115 839 3274 894 etiam
3301 818 3569 914 indignos:

2310 932 2364 987 3.
2423 933 2642 992 Varians
2688 955 2818 1012 ergo
2871 955 3106 1002 nostram
3157 951 3423 1020 salutem,
3476 959 3649 1013 modo
3696 962 3858 1030 base,

2241 1025 2402 1120 modo
2428 1027 2540 1096 illa,
2596 1030 2742 1096 facit,
2775 1044 2830 1089 et
2857 1035 2972 1092 haec
3002 1043 3196 1110 smpius
3223 1060 3380 1114 quam
3415 1048 3527 1116 illa,
3575 1025 3856 1120 quoniam

2240 1115 2356 1172 haec
2384 1120 2495 1174 sola
2525 1121 2814 1180 desiderat.
2837 1127 3122 1198 Propterea
3152 1135 3293 1191 enim
3317 1115 3626 1206 gehennam
3661 1145 3856 1199 mina-

2241 1215 2326 1261 tus
2346 1219 2448 1274 est,
2482 1226 2586 1266 non
2631 1223 2687 1268 ut
2713 1230 2832 1270 eam
2873 1218 3156 1290 inﬂigerel,
3195 1226 3289 1278 sed
3317 1241 3384 1282 ne
3413 1228 3728 1300 indigeret;
3795 1247 3856 1292 et

2239 1301 2383 1396 illam
2431 1305 2644 1374 quidem
2679 1313 2890 1378 paravit
2923 1313 3135 1370 diabolo
3166 1334 3180 1370 :
3211 1315 3293 1374 Ite
3328 1322 3492 1388 enim,
3537 1326 3744 1396 inquit,
3796 1330 3852 1383 in

2236 1392 2420 1462 ignem,
2465 1397 2554 1466 qui
2579 1408 2790 1467 paratus
2829 1411 2902 1455 est
2939 1405 3139 1460 diabolo
3180 1407 3393 1475 (Matth.
3425 1410 3516 1467 25.
3545 1392 3663 1486 41-)
3705 1436 3721 1470 :
3753 1435 3848 1474 re-

2234 1498 2394 1552 gnum
2421 1496 2596 1541 autem
2627 1489 2950 1560 hominibus,
2983 1497 3272 1553 ostendens
3291 1515 3351 1555 se
3380 1503 3522 1558 nolle
3549 1505 3846 1565 hominem

2234 1572 2504 1630 intrudere
2532 1577 2583 1631 in
2604 1579 2921 1649 gehennam.
2942 1585 2994 1640 8.
3022 1584 3317 1645 Misericors
3341 1603 3388 1646 et
3413 1595 3695 1651 πείθει-αῖον
3722 1599 3846 1656 Do-

2233 1665 2416 1730 minus,
2451 1669 2646 1738 patiens
2665 1681 2712 1724 et
2740 1675 2953 1729 multum
3001 1679 3305 1736 misericors.
3337 1683 3389 1738 9.
3417 1685 3610 1743 Suavis
3636 1689 3841 1746 Domi-

2232 1774 2328 1813 nus
2352 1762 2622 1828 universis,
2653 1774 2700 1818 et
2727 1768 3069 1825 miserationes
3118 1774 3226 1844 ejus
3259 1793 3411 1844 super
3453 1783 3636 1834 omnia
3665 1801 3837 1855 opera

2231 1852 2360 1922 ejus.
2395 1853 2557 1909 Vides
2589 1858 2902 1927 prephetam
2947 1862 3219 1920 immorari
3259 1867 3312 1922 in
3359 1869 3443 1924 his
3472 1852 3842 1943 melioribus,

2229 1953 2284 2000 et
2306 1947 2577 2014 prolixiori
2605 1951 2678 2004 uti
2709 1953 2971 2010 oratione.
2998 1955 3158 2012 Novit
3184 1961 3326 2014 enim
3373 1962 3462 2018 Dei
3490 1980 3629 2036 opes
3661 1969 3720 2023 in
3753 1971 3844 2028 his

2229 2039 2461 2094 maxime
2484 2042 2801 2098 consistere.
2841 2044 3024 2116 Neque
3048 2050 3190 2105 enim
3218 2051 3455 2110 licuisset
3479 2067 3838 2133 conservari,

2230 2131 2332 2184 nisi
2359 2147 2550 2203 magna
2580 2134 2768 2191 fuisset
2793 2136 2908 2207 ejus
2935 2139 3220 2198 clementia
3247 2163 3261 2198 :
3289 2162 3394 2202 non
3426 2149 3680 2208 licuisset
3711 2131 3841 2210 ma;

2229 2237 2378 2289 nere,
2420 2225 2521 2280 nisi
2551 2222 2667 2296 ejus
2697 2245 2942 2301 magnam
2989 2248 3229 2291 essemus
3255 2243 3458 2310 experti
3490 2242 3836 2304 bonitatem.

2226 2313 2297 2370 Et
2323 2315 2442 2372 ideo
2467 2318 2677 2376 dicebat
2707 2338 2721 2374 :
2750 2317 2864 2394 Ego
2892 2341 3004 2379 sum
3028 2329 3116 2398 qui
3133 2329 3274 2385 deleo
3290 2333 3579 2404 iniquitates
3599 2350 3757 2407 tuas,
3779 2358 3833 2400 et

2225 2407 2278 2460 in
2304 2408 2402 2464 tuis
2446 2413 2664 2480 peccatis
2691 2423 2738 2470 te
2760 2415 2982 2485 defendi.
3015 2419 3288 2479 Miserator
3312 2435 3358 2480 et
3387 2429 3686 2489 misericors
3711 2435 3834 2491 Do-

2225 2501 2392 2556 minus
2421 2497 2588 2570 (Isai.
2634 2507 2724 2564 43.
2755 2508 2872 2582 25).
2903 2511 3034 2568 Vide
3061 2517 3331 2584 quomodo
3359 2524 3596 2580 ostendit
3625 2528 3832 2584 ineffa-

2224 2593 2384 2652 bilem
2427 2597 2543 2668 ejus
2584 2600 2944 2659 clementiam.
2974 2605 3090 2662 Non
3135 2609 3309 2665 solum
3352 2615 3494 2669 enim
3525 2619 3834 2678 miseretur

2221 2702 2406 2744 eorum
2434 2689 2524 2760 qui
2549 2702 2792 2762 peccant,
2823 2697 2920 2752 sed
2944 2698 3102 2754 etiam
3128 2702 3273 2758 aliud
3293 2705 3524 2762 ostendit
3550 2725 3663 2764 non
3700 2729 3826 2781 par-

2221 2795 2344 2834 vum
2368 2797 2539 2853 genus
2581 2785 2900 2856 clementia),
2946 2805 3139 2860 nempe
3181 2793 3453 2852 lenitatem
3496 2810 3555 2854 et
3599 2805 3829 2870 patien-

2221 2875 2372 2942 tiam,
2420 2885 2478 2932 ut
2501 2879 2716 2934 veniant
2743 2881 2812 2936 ad
2855 2883 3242 2954 paenitentiam,
3275 2898 3329 2945 et
3374 2905 3494 2946 cum
3537 2893 3658 2963 ejus
3709 2899 3830 2954 cle-

2219 2967 2416 3022 mentia
2443 2984 2473 3023 a
2501 2985 2598 3025 suo
2627 2987 2838 3042 quoque
2865 2989 3249 3034 conserventur
3297 2981 3473 3037 studio
3497 2993 3554 3039 et
3581 2987 3830 3059 diligent.

2218 3065 2312 3130 tia,
2343 3071 2396 3119 et
2418 3078 2484 3119 ex
2513 3065 2623 3120 suis
2649 3064 2802 3122 factis
2830 3067 3076 3124 fiduciam
3109 3071 3358 3128 habeant.
3381 3075 3495 3131 Non
3518 3089 3603 3133 est
3623 3091 3822 3137 autem

2217 3155 2387 3212 solum
2442 3157 2732 3214 Misericors
2753 3201 2770 3227 ,
2821 3161 2915 3216 sed
2953 3163 3110 3218 etiam
3136 3205 3153 3231 ,
3199 3165 3422 3224 Multum
3481 3171 3822 3242 misaicors,

2217 3250 2508 3312 ostendens
2535 3259 2736 3307 tantam
2765 3255 3186 3310 misericordiam
3215 3273 3319 3314 non
3363 3275 3520 3330 posse
3547 3280 3819 3322 mensura

2215 3341 2630 3410 comprehendi,
2668 3343 2761 3398 sed
2797 3359 2898 3400 nec
2924 3347 3035 3402 ullo
3079 3349 3329 3418 explicari
3380 3367 3652 3411 sermone.
3699 3360 3819 3416 Sed

2216 3441 2392 3486 tamen
2419 3448 2514 3502 per
2535 3447 2595 3488 ea
2613 3449 2730 3503 qua:
2753 3434 3004 3506 deinceps
3032 3452 3452 3510 consequuntur.
3476 3447 3652 3515 quoad
3691 3450 3819 3518 cjus

2218 3521 2332 3577 ﬁeri
2365 3523 2556 3592 potuit,
2601 3524 2857 3592 ostendit,
2884 3541 3004 3582 cum
3041 3529 3319 3600 subjunxit
3359 3552 3374 3588 :
3406 3536 3590 3590 Suavis
3618 3537 3820 3595 Domi-

2213 3630 2308 3668 nus
2321 3615 2582 3680 universis,
2601 3625 2648 3670 et
2666 3615 3005 3674 miserationes
3023 3622 3132 3690 ejus
3145 3638 3203 3675 su
3209 3627 3479 3692 peremnia
3499 3645 3653 3694 opera
3663 3633 3810 3701 ejus.

2285 3705 2496 3763 Bonitas
2538 3709 2637 3764 Dei
2672 3711 2725 3765 in
2769 3727 2957 3768 omnes.
2998 3713 3124 3770 Cain
3155 3717 3352 3788 punitio
3391 3735 3456 3776 ea:
3494 3720 3812 3793 benignitate

2207 3799 2328 3856 Dei.
2361 3800 2545 3856 Mortis
2569 3821 2727 3875 genus
2753 3805 3058 3861 leuissimum
3083 3825 3172 3876 per
3190 3825 3395 3878 aquam.
3445 3810 3606 3865 Muta:
3642 3831 3730 3868 res
3752 3826 3810 3869 ut

2211 3891 2378 3951 Deum
2401 3893 2713 3951 benedicant.
2745 3929 2816 3938 —
2840 3897 2978 3965 Quid
3012 3907 3115 3964 est,
3142 3898 3399 3958 Uniuersis
3419 3901 3445 3954 ?
3465 3903 3639 3958 Etiam
3669 3921 3807 3976 pec-

2209 3988 2500 4056 catoribus,
2533 3989 2723 4061 inquit,
2747 4000 2800 4047 et
2826 3992 2892 4048 iis
2924 3993 3014 4062 qui
3042 3993 3226 4048 vivunt
3251 3996 3530 4052 scelerate.
3561 3997 3684 4052 Non
3713 4017 3808 4054 so-

2203 4080 2318 4138 lum
2340 4082 2481 4136 enim
2505 4081 2652 4150 justi,
2685 4092 2739 4137 et
2759 4083 2794 4137 ii
2824 4085 2912 4154 qui
2934 4098 2993 4140 se
3013 4094 3159 4141 recte
3191 4095 3247 4142 et
3271 4101 3335 4141 ex
3363 4089 3558 4145 virtute
3577 4102 3799 4160 gerunt.

2199 4163 2300 4226 aut
2321 4173 2409 4242 qui
2431 4172 2698 4227 ducuntur
2730 4174 3046 4244 .ptenitentia
3072 4190 3086 4241 ;
3115 4175 3210 4230 sed
3249 4177 3407 4233 etiam
3438 4193 3648 4243 omnes,
3705 4198 3805 4250 per

2208 4276 2272 4316 ea
2318 4277 2436 4332 quae
2465 4263 2740 4331 patiuntur
2763 4305 2778 4329 ,
2813 4263 2930 4334 ejus
2955 4265 3375 4322 misericordiam
3407 4269 3703 4338 praedicant
3745 4283 3804 4326 et

2205 4352 2518 4410 bonitatem.
2545 4354 2612 4408 Et
2649 4354 2698 4411 si
2723 4353 2841 4424 quis
2875 4369 2963 4410 me
2989 4363 3162 4426 roget,
3191 4356 3416 4414 Cuinam
3442 4357 3542 4413 fuit
3580 4361 3801 4417 bonus?

2204 4445 2377 4502 dicam
2409 4463 2422 4502 :
2454 4445 2570 4503 Non
2610 4447 2745 4502 Abel
2773 4446 2914 4514 soli,
2940 4446 3037 4503 sed
3076 4448 3235 4503 etiam
3279 4449 3450 4504 Caino
3488 4468 3502 4504 :
3535 4466 3640 4506 non
3691 4455 3798 4509 soli

2203 4540 2317 4596 Noe
2339 4549 2394 4596 et
2421 4541 2538 4610 ejus
2561 4539 2744 4597 liberis
2765 4580 2781 4605 ,
2807 4539 2906 4596 sed
2933 4540 3000 4596 iis
3026 4541 3187 4596 etiam
3233 4556 3370 4611 quos
3408 4542 3664 4598 diluvium
3692 4546 3797 4600 ob—

2201 4631 2328 4686 ruit.
2352 4631 2711 4701 Quaecumque
2740 4631 2884 4687 enim
2919 4630 3067 4696 facit,
3097 4631 3448 4702 proceduntu
3476 4635 3795 4691 misericor-

2202 4721 2289 4778 dia
2315 4731 2372 4778 et
2397 4721 2698 4777 clementia.
2727 4721 2798 4776 Et
2839 4730 2894 4776 ut
2923 4722 3061 4776 scias
3083 4762 3100 4786 ,
3127 4722 3399 4791 quomodo
3424 4724 3494 4776 sit
3517 4723 3571 4778 in
3597 4739 3794 4780 omnes

2191 4812 2372 4870 bonus
2393 4821 2448 4867 et
2475 4813 2731 4877 clemens,
2758 4810 2884 4867 illud
2913 4812 3035 4866 hinc
3063 4812 3368 4866 considera.
3397 4812 3625 4879 Quanto
3654 4813 3782 4880 fuit,

2199 4919 2402 4975 quaeso,
2451 4903 2812 4974 benignitatis,
2857 4902 3006 4959 illum
3052 4901 3402 4970 fratricidam,
3449 4905 3538 4974 qui
3578 4905 3792 4961 eadem

2200 4997 2462 5068 ejusmodi
2491 4997 2711 5065 fecerat,
2749 4996 2837 5067 qui
2868 4995 3140 5052 dexteram
3185 5012 3338 5052 suam
3376 4997 3685 5061 foedaverat,
3739 5009 3794 5054 et

2199 5089 2290 5161 qui
2336 5089 2428 5144 Dei
2473 5089 2617 5158 leges
2665 5088 3108 5154 conculcaverat,
3139 5085 3230 5142 tali
3259 5087 3473 5144 tradere
3497 5089 3791 5160 supplicio,

2198 5180 2340 5254 quod
2364 5181 2657 5236 admonitio
2697 5182 2769 5236 sit
2794 5180 2970 5250 potius
2995 5194 3151 5249 quam
3176 5193 3354 5249 paena.
3385 5188 3521 5236 utet
3547 5195 3643 5250 per
3664 5179 3792 5233 lon-

2197 5274 2492 5346 gitudinem
2523 5273 2778 5343 temporis
2807 5272 2954 5328 illum
2975 5273 3220 5341 expiaret
3245 5287 3276 5328 a
3306 5281 3544 5342 peccato,
3567 5281 3622 5327 et
3642 5271 3787 5326 alios

2197 5367 2416 5422 doceret
2464 5376 2520 5420 et
2561 5365 2847 5436 castigaret
2887 5379 2984 5434 per
3033 5378 3096 5418 ea
3143 5379 3264 5432 qua:
3306 5364 3398 5420 ille
3442 5363 3791 5435 patiebatur?

2195 5459 2417 5527 Quanta:
2437 5449 2572 5524 erat,
2594 5471 2795 5527 quaso,
2827 5455 3170 5526 benignitatis
3187 5495 3204 5520 .
3233 5469 3327 5512 eos
3353 5456 3442 5526 qui
3463 5456 3794 5526 gravissimo

2195 5563 2249 5608 et
2269 5547 2544 5605 incurabili
2575 5547 2762 5604 morbo
2789 5546 3098 5602 laborabant
3115 5553 3357 5617 tempore
3380 5545 3586 5610 diluvii,
3607 5555 3795 5604 etnec

2200 5643 2376 5713 minis,
2405 5655 2504 5698 nec
2529 5640 2844 5709 rationibus,
2885 5653 2984 5696 nec
3009 5637 3118 5694 ullo
3143 5636 3250 5698 alio
3278 5638 3508 5695 correcti
3535 5637 3784 5700 fuerant.
