4070 6214
172 344 305 403 469

159 474 200 514 a
237 460 502 518 scelere
529 463 804 532 cohibere,
833 470 890 520 et
909 462 1178 518 communi
1203 471 1406 517 naturae
1431 461 1613 518 debito
1641 462 1713 517 uti
1737 477 1832 533 pro

161 548 633 608 medicamento
657 595 672 619 ,
701 553 1137 626 levissimumque
1181 554 1368 608 mortis
1396 567 1566 623 genus
1591 593 1608 622 ,
1638 565 1832 621 nempe

159 655 286 712 per
330 658 565 714 aquam
596 645 881 716 inﬂigere?
920 645 1054 700 Illud
1085 653 1282 708 autem,
1320 643 1594 709 Universis,
1649 657 1756 698 non
1779 643 1832 697 in

166 735 269 790 his
304 735 522 791 solum
552 738 812 804 cernitur,
836 736 932 792 sed
959 736 1120 792 etiam
1152 736 1203 789 in
1234 733 1482 790 omnibus
1505 747 1624 803 qua:
1647 733 1834 788 viden-

112 903 116 906 ι
169 837 295 896 tur,
339 829 409 885 in
445 831 782 886 animalibus
804 872 818 896 ,
855 831 906 884 in
939 828 1108 883 brutis
1141 844 1154 880 :
1185 827 1312 896 quin
1351 825 1511 880 etiam
1548 825 1593 880 si
1618 825 1737 895 quis
1764 824 1832 880 ad

169 920 353 991 ipsos
387 923 633 992 angelos
657 920 958 976 ascenderit
983 927 1038 973 et
1073 915 1447 987 archangelos,
1471 915 1672 972 videbit
1711 914 1831 986 plu-

169 1013 418 1067 rimum
455 1012 807 1084 benignitatis
828 1053 843 1076 ,
872 1017 928 1066 et
952 1009 1174 1064 multam
1218 1008 1641 1064 misericordiam
1675 1025 1688 1063 :
1713 1007 1830 1062 siu-

171 1104 350 1174 gulis
377 1106 544 1161 enim
567 1105 619 1159 in
645 1103 898 1174 operibus
919 1101 1083 1156 multa
1107 1100 1311 1155 relucet
1332 1101 1651 1155 humanitas.
1676 1099 1830 1167 Quod

178 1195 325 1266 ipse
361 1211 598 1268 quoque
622 1195 1068 1261 animadvertetis,
1093 1192 1397 1262 subjunxit:
1433 1195 1516 1248 lt).
1544 1193 1832 1262 Con/ileon-

181 1297 288 1343 tur
325 1290 464 1357 tibi,
484 1288 721 1356 Domine,
741 1305 894 1359 Opera
918 1297 1024 1354 tua,
1052 1295 1098 1340 et
1122 1286 1285 1340 sancti
1305 1286 1379 1340 tui
1405 1285 1698 1340 ben'edicant
1718 1285 1826 1351 tibi,

183 1379 319 1436 hoc
351 1389 474 1448 est,
509 1380 721 1437 Gratias
767 1380 856 1435 tibi
887 1388 1081 1450 agant,
1115 1378 1301 1434 laudes
1327 1379 1606 1443 emittant,
1640 1388 1695 1433 et
1719 1379 1832 1450 qui-

187 1472 318 1530 bus
362 1474 646 1530 sermonis
695 1473 859 1529 decus
885 1472 1067 1528 datum
1099 1481 1202 1541 est,
1227 1483 1284 1528 et
1315 1487 1439 1544 qua:
1485 1488 1673 1528 vocem
1719 1489 1828 1528 non

192 1566 462 1624 habent.
487 1567 694 1623 Etenim
734 1565 1149 1637 unumquodque
1178 1571 1365 1621 eorum
1411 1581 1532 1636 quae
1560 1580 1692 1620 voce
1734 1581 1828 1620 ca-

193 1669 370 1724 rent,
436 1660 506 1715 ita
539 1659 735 1715 factum
760 1668 844 1716 est
866 1701 881 1727 ,
914 1667 975 1714 ut
1002 1675 1098 1730 per
1134 1675 1285 1715 suam
1313 1667 1558 1714 naturam
1611 1659 1831 1714 benedio

196 1751 474 1805 etionem
509 1751 747 1818 emittat,
793 1750 1035 1822 quamvis
1077 1759 1222 1806 muta
1271 1751 1397 1816 sint,
1444 1765 1541 1824 per
1585 1749 1828 1806 homines

197 1857 438 1912 nempe
465 1841 552 1912 qui
583 1857 646 1898 ea
678 1842 860 1898 vident
897 1849 952 1897 et
997 1842 1066 1898 iis
1095 1841 1366 1896 fruuntur.
1398 1841 1465 1896 Et
1493 1841 1583 1897 illa
1612 1841 1826 1914 quidem

198 1947 316 2002 per
349 1947 514 1986 suam
546 1932 923 1997 substantiam,
953 1931 1200 1987 homines
1225 1941 1403 1988 autem
1435 1947 1531 2003 per
1555 1933 1682 1988 vitae
1714 1949 1827 1988 suae

200 2023 650 2092 institutionem,
699 2035 751 2080 et
778 2040 872 2096 per
911 2027 1196 2081 actionem.
1244 2025 1312 2082 Et
1341 2025 1461 2082 ideo
1486 2025 1539 2081 id
1565 2027 1829 2098 signiﬁcat

200 2129 318 2186 per
354 2115 468 2172 hoc
491 2116 634 2188 quod
664 2117 939 2188 subjungit
967 2117 1152 2173 dicens
1183 2135 1195 2170 :
1225 2117 1409 2172 Sancti
1429 2117 1504 2172 tui
1531 2117 1827 2174 benedicant

204 2208 337 2262 tibi.
372 2207 608 2264 Sanctos
625 2219 806 2265 autem
831 2209 920 2264 hic
948 2219 1122 2278 vocat,
1150 2211 1240 2282 qui
1284 2209 1380 2266 Dei
1406 2210 1556 2282 jussa
1580 2211 1824 2282 implent,

203 2301 284 2356 ad
306 2316 459 2371 quos
504 2303 738 2372 peccatis
793 2313 848 2358 et
895 2303 1142 2374 nequitia:
1194 2303 1374 2358 nullus
1424 2303 1580 2358 datur
1629 2303 1824 2358 aditus.

210 2394 241 2447 1
259 2395 284 2448 ι
303 2430 320 2444 .
355 2391 592 2446 Gloriam
617 2394 760 2464 regni
781 2394 853 2448 tui
872 2395 1058 2447 dicent.
1077 2394 1212 2461 Quid
1233 2403 1334 2460 est,
1365 2393 1593 2449 Gloriam
1618 2393 1827 2450 dicent?

215 2483 399 2552 Quod
418 2485 558 2539 nulla
580 2501 641 2541 re
659 2485 918 2556 indigeas,
944 2487 1086 2556 quod
1107 2487 1180 2540 sis
1207 2487 1464 2558 benignus
1489 2496 1544 2542 et
1565 2488 1821 2556 clemens,

218 2577 386 2647 quod
426 2593 548 2632 cum
592 2577 656 2632 iis
698 2578 890 2648 quibus
936 2595 1108 2648 pra-es
1154 2580 1299 2634 nulla
1341 2595 1410 2636 ex
1449 2589 1600 2652 parte
1646 2596 1824 2652 egeas,

219 2680 448 2725 tantam
475 2669 727 2725 ostendas
769 2671 821 2726 in
854 2686 947 2726 eos
970 2671 1358 2742 providentiam
1379 2714 1396 2742 ,
1425 2673 1566 2746 quod
1591 2674 1659 2730 ad
1683 2684 1825 2730 tuam

223 2762 420 2817 lucem
450 2761 632 2820 accedi
664 2771 912 2834 nequeat,
951 2763 1092 2834 quod
1133 2764 1203 2820 sit
1238 2764 1540 2822 substantia
1587 2777 1675 2822 tua
1703 2768 1830 2824 inel-

225 2854 442 2922 l'abilis,
492 2863 548 2910 et
593 2871 714 2925 quae
757 2855 1138 2926 comprehendi
1180 2867 1424 2929 nequeat.
1458 2857 1529 2913 Et
1557 2863 1830 2930 potentiam

229 2957 386 3000 tuam
432 2945 732 3016 loquentur;
781 2947 884 3002 hoc
913 2959 1014 3016 est,
1047 2949 1189 3004 vires
1232 2951 1467 3006 canent‘
1495 2949 1828 3022 insuperabi-

224 3039 318 3095 les
350 3057 364 3093 :
390 3055 498 3094 non
526 3040 665 3111 quod
699 3040 790 3096 tibi
834 3057 970 3113 opus
1017 3043 1087 3098 sit
1125 3042 1208 3098 his
1239 3043 1452 3116 hymnis
1479 3052 1534 3102 et
1561 3046 1825 3114 laudibus,

226 3129 334 3186 sed
366 3139 584 3201 pr0pter
634 3134 778 3202 ipsos
819 3135 909 3204 qui
935 3134 1137 3202 dicunt,
1167 3145 1223 3191 et
1251 3137 1458 3194 utalios
1491 3137 1739 3205 doceant,
1766 3154 1830 3196 ac

224 3223 459 3280 laudum
486 3223 681 3296 faciant
715 3227 1026 3298 participes.
1049 3228 1216 3294 Quam
1242 3229 1311 3284 ob
1343 3245 1557 3286 causam
1585 3231 1781 3302 adjecit
1811 3249 1824 3286 :

225 3316 326 3371 12.
371 3315 440 3371 Ut
467 3327 640 3371 notam
665 3318 862 3386 faciant
899 3319 1021 3391 ﬁliis
1048 3321 1308 3377 hominum
1349 3323 1623 3403 potentigm
1650 3333 1826 3392 tuam,

232 3417 289 3462 et
313 3409 545 3480 gloriam
592 3411 981 3482 magniﬁcentia
1004 3415 1148 3486 regni
1182 3414 1275 3470 tui.
1309 3415 1412 3472 Per
1455 3415 1572 3472 haec
1599 3417 1832 3477 ostendit

222 3513 366 3554 eum
396 3498 584 3556 laudes
602 3500 905 3569 admittere,
942 3512 998 3558 ut
1025 3503 1113 3560 alii
1134 3505 1256 3574 ejus
1279 3516 1605 3576 cognoscant
1633 3517 1826 3579 poten-

226 3590 399 3646 tiam.
439 3590 626 3662 Msgna
657 3603 742 3648 est
776 3609 906 3666 ergo
949 3599 1186 3667 potentia
1209 3639 1225 3665 ,
1258 3615 1448 3672 magna
1488 3600 1680 3671 gloria,
1723 3617 1830 3658 ma-

227 3697 408 3754 gnum
457 3681 626 3738 decus
652 3691 815 3755 atque
843 3685 980 3742 adeo
1007 3687 1299 3758 ineﬁ‘abile,
1347 3693 1490 3762 quod
1516 3707 1623 3747 non
1651 3693 1825 3750 solum

227 3787 458 3830 omnem
505 3785 720 3845 superat
745 3776 1068 3844 orationem,
1124 3779 1218 3835 sed
1239 3782 1401 3838 etiam
1425 3783 1589 3839 vincit
1611 3799 1826 3842 omnem

229 3872 498 3920 mentem.
529 3865 634 3922 Sed
664 3882 787 3922 cum
813 3877 1017 3937 tantum
1046 3869 1115 3924 sit
1143 3878 1199 3926 et
1224 3879 1330 3926 tam
1360 3872 1650 3943 ineﬁ‘abile,
1693 3890 1828 3946 opus

230 3953 402 4010 habet
440 3955 506 4011 iis
546 3957 636 4028 qui
671 3956 724 4012 id
762 3957 992 4014 doceant
1038 3969 1258 4032 propter
1307 3964 1594 4018 multorum
1644 3979 1829 4022 amen-

233 4049 368 4103 tiam
389 4050 431 4100 '.
457 4048 590 4104 Nam
619 4049 699 4105 sol
722 4065 934 4122 quoque
955 4062 1039 4108 est
1065 4051 1214 4108 sidus
1244 4053 1402 4125 longe
1443 4053 1825 4126 clarissimum,

234 4149 294 4196 et
323 4149 502 4197 tamen
527 4143 616 4214 qui
647 4143 816 4199 oculis
834 4143 1098 4213 laborant,
1129 4146 1248 4216 ejus
1266 4146 1438 4203 lucem
1463 4162 1570 4204 non
1601 4148 1784 4204 vident
1810 4167 1824 4204 :

237 4231 314 4287 ita
335 4232 499 4288 etiam
530 4233 622 4290 Dei
652 4236 989 4306 providentia
1011 4237 1327 4310 estquidem
1354 4241 1544 4310 quovis
1567 4241 1682 4298 sole
1711 4243 1825 4298 cla-

239 4324 374 4392 rior,
403 4326 500 4382 sed
528 4329 720 4399 quibus
740 4346 991 4402 perversa
1022 4333 1281 4400 estratio,
1313 4341 1368 4388 et
1391 4335 1584 4405 quibus
1610 4335 1825 4392 obstru-

241 4423 342 4471 cta:
371 4425 498 4473 sunt
540 4433 715 4487 aures,
771 4439 962 4494 magna
998 4424 1271 4496 diligentia
1310 4440 1446 4497 opus
1496 4427 1714 4493 habent,
1771 4438 1824 4484 ut

246 4519 402 4562 tuens
429 4523 616 4565 eorum
645 4515 936 4582 aperiatur.

323 4599 378 4654 4.
406 4600 482 4655 De
510 4601 594 4657 his
619 4618 747 4675 ergo
773 4606 1014 4662 doctrina
1041 4615 1124 4664 est
1152 4623 1338 4664 eorum
1366 4610 1585 4666 auribus
1635 4627 1826 4683 perpe-

239 4701 336 4751 tuo
379 4692 728 4750 infundenda.
759 4696 960 4753 Deinde
985 4700 1237 4770 quoniam
1265 4699 1401 4756 dixit
1430 4703 1577 4772 regni
1600 4703 1824 4772 gloriam

239 4796 298 4844 et
319 4787 790 4859 magniﬁcentiam,
815 4799 1007 4845 etcum
1039 4807 1144 4846 non
1183 4793 1312 4848 satis
1341 4808 1459 4848 eam
1483 4793 1822 4865 explicasset,

245 4881 534 4950 praeteriit;
563 4896 753 4936 rursus
794 4884 1007 4951 repetit,
1035 4892 1090 4940 et
1112 4895 1368 4955 quantum
1399 4886 1450 4940 ei
1490 4886 1823 4951 conceditur,

244 4971 373 5027 dicit
397 4972 523 5042 quid
551 4972 622 5028 sit
642 4973 832 5044 gloria,
873 4974 1201 5046 subjungens
1229 4994 1243 5031 :
1277 4977 1363 5032 l5.
1392 4976 1626 5048 Regnum
1663 4988 1822 5044 tuum,

242 5079 451 5133 regnum
472 5065 700 5119 omnium
725 5063 1046 5119 saeculorum.
1071 5065 1186 5121 Non
1215 5071 1579 5138 praesentium,
1629 5071 1822 5142 inquit,

242 5156 436 5222 solum,
469 5155 564 5211 sed
591 5159 886 5211 futurorum
907 5156 1066 5212 etiam
1095 5168 1218 5214 :est
1240 5161 1383 5215 enim
1402 5161 1816 5228 interminatum,

243 5246 529 5315 inﬁnitum,
556 5256 612 5303 et
635 5248 807 5303 solum
839 5247 1001 5302 habet
1044 5250 1418 5307 aeternitatem.
1453 5251 1518 5307 Et
1538 5252 1819 5310 dominatio

302 5400 322 5434 ι
349 5401 413 5477 ιη
428 5401 577 5477 savii.
600 5401 798 5477 legitur,
825 5411 1133 5477 cognoscent,
1155 5407 1245 5456 sed
1268 5419 1362 5458 vox
1391 5443 1406 5468 ,
1430 5417 1619 5477 canent,
1642 5425 1753 5477 quae
1776 5414 1823 5463 in

243 5463 1058 5544 "ossi-.eremeiesfeeet
1393 5463 1668 5544 nam:

302 5528 323 5598 ξ
350 5527 762 5599 plorelnpropter
785 5527 1059 5599 amentiam.
1085 5528 1246 5599 δίψει,
1265 5537 1461 5595 propter
1482 5527 1824 5599 ignorantiam;

242 5587 322 5656 qui
347 5596 511 5656 tamen
547 5587 748 5639 savilius
779 5589 980 5640 alteram
1011 5587 1292 5656 lectionem,
1315 5587 1592 5656 (incutiam,
1617 5601 1665 5649 in
1703 5587 1826 5650 mar1

244 5649 366 5720 sine
387 5651 558 5720 refert.
584 5658 693 5702 Haec
715 5657 852 5701 certe
873 5657 1118 5720 postrema
1142 5649 1304 5712 lectio,
1330 5663 1524 5720 propter
1546 5649 1822 5720 amentiam,

355 5712 403 5779 is.
415 5712 628 5779 arridet;
653 5726 762 5762 nam
783 5712 994 5762 amentia
1017 5716 1179 5777 potius
1197 5712 1342 5779 quani
1365 5712 1634 5779 ignorantia
1663 5712 1824 5772 αἰσυηέ

245 5772 567 5827 tur'laberare
591 5777 657 5837 ii,
681 5787 884 5839 quorum
907 5772 1142 5840 perversa
1164 5772 1410 5830 ratiocinii
1434 5789 1546 5832 sunt

1351 344 1708 403 EXPOSITIO
1747 342 1812 399 IN
1854 342 2172 400 PSALMUM
2213 344 2442 402 CXLIV.
3429 349 3534 408 470

1944 469 2029 514 tua
2061 460 2114 514 in
2161 476 2355 515 onmem
2381 460 2750 539 generationem
2792 471 2838 515 et
2889 461 3276 532 generationem.
3311 463 3389 519 Ex
3432 462 3534 521 hoc

1941 551 2063 606 vide
2087 566 2204 607 eam
2236 552 2437 607 nullum
2461 552 2659 608 habere
2680 552 2861 608 ﬁnem.
2892 553 2994 609 Per
3022 556 3328 613 universum
3345 557 3531 615 orbem

1942 651 2124 709 terrae,
2157 657 2254 714 per
2301 642 2480 698 omnia
2531 642 2749 711 sarcula,
2807 659 2904 714 per
2945 646 3124 700 omnia
3172 649 3414 719 tempora
3453 637 3543 708 est

1940 742 2181 790 extensa.
2229 734 2422 790 Fidelis
2475 734 2727 792 Dominus
2749 735 2804 790 in
2846 737 3076 791 omnibus
3123 738 3286 793 verbis
3329 741 3456 805 suis,
3493 761 3523 794 ι·

1939 836 2144 879 sanctus
2168 827 2220 880 in
2263 825 2493 881 omnibus
2527 827 2760 897 aperibus
2799 827 2924 881 suis.
2957 827 3250 898 Postquam
3291 827 3428 882 dixit
3451 842 3522 884 re

1938 932 2100 988 gnum
2129 933 2248 973 esse
2280 917 2543 974 inﬁnitum
2570 961 2585 985 ,
2617 919 2827 986 stabile,
2875 920 3108 989 ﬁrmum,
3140 927 3198 976 et
3235 920 3532 987 immobile,

1939 1010 2068 1064 dicit
2092 1011 2252 1066 etiam
2285 1028 2443 1082 quam
2489 1014 2599 1068 sint
2641 1013 2758 1084 ejus
2804 1014 2965 1068 verba
2992 1016 3168 1071 lirma.
3199 1013 3335 1070 lllud
3367 1017 3533 1082 enim,

1940 1101 2157 1165 Fidelis,
2201 1110 2286 1157 est
2332 1103 2517 1158 ﬁrmus
2545 1113 2600 1158 et
2626 1119 2805 1159 verus.
2856 1105 2912 1160 Si
2965 1114 3050 1160 est
3097 1115 3278 1162 autem
3325 1107 3526 1173 ﬁdelis,

1937 1194 2093 1240 erunt
2115 1187 2342 1242 omnino
2373 1203 2491 1259 qua:
2511 1188 2580 1242 ab
2610 1203 2676 1242 eo
2717 1188 2858 1242 dicta
2887 1199 3030 1242 sunt.
3061 1188 3524 1256 Quemadmodum

1937 1284 2114 1332 autem
2148 1277 2264 1346 ejus
2289 1291 2510 1347 regnum
2559 1286 2644 1334 est
2666 1279 2961 1346 immobile,
3003 1289 3058 1335 et
3101 1279 3208 1336 ﬁne
3225 1291 3373 1338 caret
3403 1299 3418 1338 :
3450 1283 3523 1337 ita

1950 1368 2110 1423 etiam
2143 1369 2258 1439 ejus
2303 1370 2462 1424 verba
2493 1379 2618 1424 sunt
2659 1370 2828 1426 ﬁrma.
2859 1370 3042 1442 Neque
3071 1387 3200 1442 ergo
3238 1372 3370 1428 illud
3414 1389 3534 1428 um-

1935 1474 2094 1530 quam
2146 1459 2576 1532 interrumpitur,
2633 1477 2733 1516 nec
2777 1463 2890 1517 haec
2939 1479 3194 1532 umquam
3246 1465 3518 1520 excidunt.

1933 1551 1988 1607 Si
2015 1560 2193 1607 autem
2251 1567 2356 1606 non
2413 1553 2686 1616 excidunt.
2723 1564 2932 1626 oportet
2995 1556 3138 1626 ipsas
3175 1573 3262 1613 res
3306 1559 3528 1614 omnino

1933 1641 2209 1713 consequi.
2266 1641 2420 1709 Quod
2468 1644 2512 1698 si
2559 1645 2718 1699 etiam
2759 1645 2954 1700 alicubi
2984 1646 3118 1702 dixit
3151 1647 3350 1719 aliquid
3389 1650 3530 1720 quod

1935 1749 2041 1789 non
2069 1733 2264 1789 factum
2293 1744 2396 1802 est,
2451 1736 2626 1806 ipsum
2668 1753 2878 1808 quoque
2913 1738 3030 1810 ejus
3059 1741 3340 1795 veritatem
3389 1741 3528 1796 indi-

1932 1835 2059 1884 cat:
2103 1828 2185 1882 Ad
2227 1846 2478 1883 summam
2520 1831 2663 1885 enim
2720 1832 2898 1902 loquar
2945 1849 3097 1903 super
3145 1843 3316 1904 gentes
3356 1843 3403 1888 et
3447 1851 3531 1888 re-

1931 1937 2107 1991 gnum,
2162 1931 2218 1976 ut
2257 1923 2457 1976 diruam
2517 1933 2566 1977 et
2621 1923 2868 1978 eradicem
2913 1907 2946 1978 :~
2983 1933 3030 1978 et
3080 1925 3125 1979 si
3181 1917 3530 1997 paenitentiam

1932 2013 2123 2083 egerint
2161 2013 2224 2066 de
2255 2013 2394 2079 vitio,
2441 2030 2532 2084 ego
2547 2031 2745 2086 quoque
2786 2032 2936 2087 agam
2984 2017 3327 2086 paenitentiam
3378 2017 3442 2072 de
3467 2019 3529 2072 iis

1930 2119 2044 2176 qua:
2073 2104 2308 2176 loquutus
2331 2121 2464 2172 sum,
2506 2115 2562 2160 ut
2591 2106 2809 2177 [acerem
2835 2108 2926 2162 eis.
2957 2109 3020 2162 Et
3048 2099 3114 2163 dc
3156 2107 3311 2163 bonis
3335 2107 3526 2164 simili-

1934 2204 2016 2252 ter
2066 2213 2079 2248 :
2105 2195 2260 2254 Bona
2294 2196 2494 2266 loquar,
2519 2195 2708 2266 inquit,
2733 2207 2779 2251 et
2800 2199 2844 2251 si
2861 2199 3040 2252 mutati
3064 2199 3272 2271 fuerint,
3296 2215 3386 2270 ego
3403 2215 3529 2266 quo-

1930 2305 2028 2360 que
2043 2288 2248 2342 mutabo
2272 2305 2330 2340 ea
2354 2305 2465 2358 quae
2491 2288 2553 2341 de
2571 2289 2673 2343 illis
2695 2289 2828 2342 dicta
2847 2299 2962 2343 sunt
2979 2287 3114 2361 (Jer.
3137 2289 3221 2344 l8.
3256 2289 3433 2360 7-10).
3467 2289 3529 2343 Et

1932 2388 2136 2434 sanctus
2181 2379 2234 2434 in
2277 2379 2509 2434 omnibus
2557 2380 2792 2449 operibus
2827 2381 2954 2436 suis.
2987 2380 3125 2448 Quid
3149 2388 3232 2437 est
3260 2380 3530 2436 Sanctus?

1933 2471 2280 2543 Inculpatus,
2323 2482 2522 2541 rectus,
2572 2490 2757 2546 purus,
2815 2474 3067 2544 mundus,
3129 2475 3197 2531 ab
3242 2477 3390 2532 omni
3437 2469 3528 2531 re-

1935 2565 2294 2637 prehensione
2320 2566 2550 2634 alienus,
2579 2568 2672 2639 qui
2701 2567 2902 2623 nullam
2947 2568 3042 2623 ulli
3073 2568 3292 2624 omnino
3323 2568 3528 2639 przehet

1931 2674 2138 2714 ansam.
2173 2659 2259 2714 14.
2316 2659 2513 2714 Allevat
2553 2658 2803 2714 Dominus
2847 2677 3017 2716 omnes
3045 2662 3131 2732 qui
3183 2671 3449 2727 corruunt,
3481 2671 3527 2714 et

1932 2751 2079 2822 erigit
2107 2768 2278 2807 omnes
2299 2751 2467 2806 elisos.
2494 2751 2780 2822 Postquam
2829 2751 2900 2807 de
2927 2767 3093 2822 regno
3141 2751 3278 2806 dixit
3305 2751 3358 2806 id
3400 2765 3523 2807 esse

1933 2845 2222 2912 inﬁnitum,
2253 2845 2320 2901 de
2357 2844 2539 2900 verbis
2569 2860 2631 2900 ea
2671 2859 2794 2901 esse
2818 2859 2966 2913 vera,
3016 2844 3084 2902 de
3124 2845 3278 2900 factis
3303 2859 3366 2900 ea
3412 2861 3521 2900 non

1935 2951 2090 3007 posse
2119 2936 2467 3007 reprehendi,
2497 2945 2552 2992 et
2593 2936 2663 2992 de
2699 2936 2868 3008 gloria
2896 2945 2952 2992 et
2982 2935 3050 2992 de
3079 2936 3481 3006 magniﬁcentia
3506 2957 3520 2992 :

1931 3029 2062 3084 dicit
2109 3044 2296 3083 rursus
2319 3027 2387 3084 de
2413 3029 2717 3093 clementia,
2769 3027 2820 3083 id
2847 3043 3061 3100 quoque
3089 3043 3210 3084 esse
3235 3028 3524 3084 maximam

1931 3119 2082 3190 regni
2107 3119 2186 3176 sui
2217 3121 2464 3191 gloriam,
2486 3119 2631 3191 quod
2662 3135 2768 3175 non
2795 3129 3001 3176 stantes
3022 3120 3194 3176 solum
3218 3117 3516 3184 contineat,

1931 3211 2027 3265 sed
2056 3211 2215 3266 etiam
2241 3210 2330 3282 qui
2360 3219 2484 3266 sunt
2521 3211 2716 3277 casuri,
2747 3227 2854 3266 non
2879 3211 3150 3282 permittat
3176 3221 3234 3266 ut
3254 3210 3305 3266 id
3329 3211 3408 3267 eis
3437 3227 3527 3265 ac-

1933 3302 2095 3368 cidat,
2120 3311 2175 3358 et
2201 3303 2291 3376 qui
2318 3303 2520 3374 jacent,
2550 3305 2721 3375 erigat
2745 3321 2757 3358 :
2791 3304 3007 3376 etquod
3052 3314 3134 3359 est
3163 3304 3332 3376 magis
3356 3304 3526 3359 admi-

1931 3395 2122 3461 rabile,
2152 3410 2258 3451 non
2281 3394 2404 3451 huic
2431 3406 2523 3451 aut
2560 3397 2658 3465 illi,
2687 3397 2780 3453 sed
2811 3397 3060 3452 omnibus
3091 3395 3143 3452 id
3175 3394 3332 3451 faciat
3354 3437 3371 3462 ,
3401 3397 3525 3451 licet

1931 3489 2040 3544 sint
2083 3488 2262 3557 servi,
2320 3488 2446 3545 licet
2485 3505 2772 3560 pauperes,
2812 3491 2938 3546 licet
2987 3489 3222 3557 obscuri,
3277 3489 3405 3546 licet
3453 3505 3520 3546 ex

1931 3581 2175 3637 obscuris
2227 3580 2354 3636 orti.
2383 3582 2477 3637 Est
2503 3581 2645 3638 enim
2673 3583 2913 3638 omnium
2943 3582 3227 3651 Dominus,
3273 3599 3374 3639 nec
3427 3599 3524 3639 eos

1931 3671 2019 3742 qui
2043 3670 2223 3741 jacent
2250 3673 2637 3744 prmtercurrit,
2668 3689 2770 3730 nec
2793 3689 2888 3730 eos
2913 3673 3002 3745 qui
3034 3673 3220 3730 labant
3267 3674 3519 3746 despicit.

1932 3760 2044 3816 lloc
2066 3761 2190 3818 fecit
2219 3762 2378 3818 simul
2430 3764 2482 3818 in
2507 3764 2754 3820 universa
2794 3775 2987 3821 natura
3008 3809 3024 3832 ,
3053 3765 3157 3822 hoc
3183 3765 3346 3822 etiam
3399 3765 3524 3822 facit

1935 3851 1990 3906 in
2015 3868 2356 3924 unoquoque.
2383 3854 2538 3922 Quod
2560 3855 2603 3910 si
2636 3854 2725 3924 qui
2756 3871 2820 3911 ex
2850 3856 2915 3911 iis
2943 3858 3032 3926 qui
3051 3857 3234 3926 jacent
3259 3872 3368 3912 non
3390 3849 3515 3914 sur-

1931 3949 2080 4012 gunt,
2110 3957 2216 3996 non
2247 3943 2300 3997 in
2326 3957 2487 3998 causa
2517 3951 2602 3998 est
2648 3944 2696 3997 is
2739 3945 2827 4012 qui
2873 3945 2984 3999 vult
3012 3947 3241 4018 erigere,
3291 3947 3387 4004 sed
3430 3949 3524 4019 qui

1935 4033 2122 4088 nolunt
2144 4048 2383 4102 surgere.
2410 4033 2542 4088 Nam
2571 4033 2764 4090 ludam
2803 4052 3015 4107 quoque
3034 4079 3050 4105 ,
3076 4053 3199 4094 cum
3229 4040 3516 4097 cecidisset

1931 4120 2098 4176 voluit
2123 4123 2330 4194 erigere
2358 4139 2373 4178 :
2405 4131 2456 4178 et
2481 4131 2536 4178 ut
2561 4135 2825 4195 surgeret,
2855 4125 2988 4182 nihil
3016 4143 3123 4183 non
3141 4128 3288 4196 fecit,
3312 4131 3407 4187 sed
3437 4132 3525 4187 ille

1933 4215 2123 4272 noluit.
2157 4215 2322 4270 David
2347 4224 2514 4283 certe,
2539 4231 2660 4272 cum
2691 4218 2993 4285 cecidisset,
3027 4221 3199 4276 erexit
3223 4230 3276 4276 et
3307 4222 3518 4277 ﬁrmum

1933 4307 2180 4385 reddidit.
2215 4307 2453 4376 Petrum,
2486 4325 2607 4366 eum
2637 4321 2781 4366 esset
2808 4326 3048 4379 casurus,
3095 4315 3334 4369 retinuit.
3381 4317 3514 4368 Audi

1930 4409 2109 4456 autem
2129 4401 2398 4472 quomodo
2431 4423 2444 4458 :
2495 4404 2695 4470 Simon,
2726 4404 2928 4471 Simon,
2985 4407 3177 4478 inquit,
3217 4425 3328 4463 ecce
3366 4427 3520 4478 expe-

1933 4493 2037 4546 tivit
2066 4509 2151 4548 vos
2173 4503 2380 4550 satanas
2401 4495 2644 4564 cribrare,
2677 4507 2932 4568 tamquam
2959 4500 3182 4553 triticum
3205 4515 3226 4564 ,°
3246 4510 3293 4554 et
3314 4517 3405 4572 ego
3437 4519 3520 4554 ro-

1930 4583 2046 4652 gaui
2077 4600 2170 4653 pro
2205 4593 2274 4650 te,
2321 4601 2383 4638 ne
2422 4586 2655 4655 deﬁceret
2681 4587 2806 4657 ﬁdes
2855 4597 2942 4641 tua
2969 4587 3120 4662 (Luc.
3149 4589 3239 4645 “.12.
3272 4592 3362 4648 5i.
3393 4591 3518 4659 5‘2).

1933 4674 2135 4731 Deinde
2157 4675 2286 4730 dicit
2316 4676 2456 4731 aliud
2489 4693 2700 4749 quoque
2725 4692 2895 4746 genus
2922 4679 3162 4736 beneﬁcii
3199 4701 3212 4738 :
3245 4691 3332 4739 est
3377 4685 3520 4738 enim

1929 4765 2073 4820 varia
2104 4777 2157 4822 et
2188 4768 2463 4837 multiplex
2492 4769 2612 4840 ejus
2636 4783 2763 4825 cura
2790 4779 2843 4826 et
2871 4771 3224 4842 providentia.
3251 4775 3341 4832 15.
3372 4771 3522 4832 Oculi

1931 4859 2155 4912 oumium
2213 4860 2266 4913 in
2298 4869 2342 4913 te
2385 4872 2608 4931 sperant,
2639 4861 2891 4929 Domine,
2921 4874 2966 4918 et
3010 4875 3065 4919 tu
3100 4865 3192 4922 das
3217 4883 3382 4923 escam
3405 4869 3522 4924 illo-

1929 4968 2041 5006 rum
2059 4951 2111 5004 in
2133 4959 2356 5022 tempore
2377 4963 2684 5024 opportuno.
2707 4953 2896 5010 Vidisti
2920 4957 3192 5027 quomodo
3226 4959 3522 5017 ostenderit

1931 5059 2055 5100 eum
2087 5057 2205 5098 esse
2253 5043 2451 5099 bonum
2483 5044 2752 5109 omnibus,
2779 5055 2834 5102 et
2859 5048 3235 5107 miserationes
3261 5051 3378 5123 ejus
3402 5065 3522 5105 esse

1930 5151 2092 5207 super
2118 5136 2296 5190 omnia
2325 5150 2488 5206 opera
2517 5136 2672 5207 ejus?
2693 5137 2978 5194 Utdictum
3015 5154 3100 5202 est
3119 5147 3174 5200 in
3199 5139 3524 5212 Evangeliis,

1934 5227 2034 5293 Qui
2086 5225 2240 5281 solem
2270 5243 2417 5282 suum
2457 5228 2578 5282 oriri
2614 5230 2738 5301 facit
2784 5247 2934 5302 super
2965 5233 3125 5286 malos
3173 5239 3220 5284 et
3256 5231 3434 5300 bonos,
3460 5242 3514 5285 et

1932 5319 2061 5391 pluit
2084 5335 2234 5389 super
2248 5320 2419 5390 justas
2448 5329 2497 5374 et
2535 5321 2750 5393 injustos
2775 5321 2985 5394 (Matth.
3015 5323 3069 5380 5.
3111 5322 3202 5394 45)
3231 5365 3248 5390 ,
3307 5322 3395 5378 hic
3437 5324 3518 5378 id-

1932 5413 2105 5483 ipsum
2137 5411 2420 5484 signiﬁcat,
2449 5427 2571 5468 cum
2600 5413 2729 5470 dicit
2761 5433 2774 5470 :
2804 5412 2874 5469 Et
2910 5423 2966 5468 tu
3004 5413 3100 5469 das
3123 5430 3286 5469 escam
3317 5415 3467 5470 illam
3491 5435 3520 5469 n

1929 5507 1984 5560 in
2009 5514 2231 5576 tempore
2259 5515 2567 5576 opportuno.
2611 5505 2796 5578 Neque
2813 5506 2958 5562 enim
3015 5506 3236 5573 imbres,
3269 5518 3412 5564 terra
3465 5520 3519 5565 et

1930 5610 2043 5662 aer,
2075 5593 2170 5652 sed
2198 5594 2316 5666 ejus
2334 5597 2516 5667 jussus
2541 5597 2680 5654 solet
2707 5597 2913 5654 fructus
2937 5597 3253 5670 producere.

2011 5684 2392 5743 Vicissitudines
2413 5697 2692 5759 temporum
2713 5689 2783 5744 ad
2795 5689 2936 5761 quid.
2958 5722 3028 5732 —
3041 5690 3197 5762 illud,
3215 5691 3282 5748 In
3302 5701 3520 5764 tempore

1934 5791 2252 5854 opportuno,
2285 5782 2386 5840 hoc
2413 5781 2676 5854 signiﬁcat
2711 5801 2723 5841 :
2750 5781 2940 5846 Omnia
2969 5797 3094 5847 sunt
3120 5787 3278 5846 certis
3304 5787 3518 5845 deﬁnita
