4070 6214
556 403 652 458 ΠΙ

568 510 920 586 temporibus,
950 513 1006 562 et
1025 500 1250 558 diversis
1280 491 1737 551 vicissitudinibus
1761 484 2144 558 producuntur.

565 575 845 663 lloc-enim
867 599 1098 658 maxime
1124 590 1356 650 ostendit
1381 589 1496 658 ejus
1516 581 1853 654 sapientiam,
1875 575 2014 649 quod
2042 589 2146 629 non

563 701 742 756 nmnia
781 694 940 752 simul
968 700 1022 747 et
1047 687 1236 746 eodem
1281 692 1551 752 tempore,
1580 675 1674 733 sed
1715 689 1810 745 per
1853 679 2019 728 totum
2049 683 2145 722 au-

565 801 693 847 uu‘m
734 789 986 844 alimenta
1027 779 1259 842 dividat,
1295 783 1350 829 ut
1377 768 1616 844 quiesca‘t
1656 764 1908 837 agricola,
1937 770 1992 818 et
2031 776 2149 832 quze

568 881 857 953 gignuntur
885 891 990 932 non
1029 874 1312 928 intereant.
1343 863 1474 919 Illud
1519 875 1670 931 ergo,
1702 856 1768 912 In
1810 866 2032 926 tempore
2057 869 2151 921 op-

571 945 819 1043 portuno,
845 969 931 1026 vel
971 966 1024 1020 id
1055 959 1319 1034 significat
1357 955 1498 1028 quod
1543 961 1668 1008 ante
1693 949 1945 1014 diximus,
1989 945 2155 999 fuisse

572 1036 778 1134 singula
804 1036 916 1116 suis
943 1054 1220 1126 dispertita
1264 1046 1618 1119 temporibus,
1647 1040 1731 1098 vel
1771 1055 1893 1095 eum
1920 1037 2050 1093 dare
2077 1036 2155 1090 ci-

461 1175 476 1183 δ
571 1125 696 1209 hum
723 1152 788 1207 iis
816 1148 906 1221 qui
935 1125 1197 1216 indigent,
1226 1151 1281 1198 et
1309 1139 1551 1195 laborant
1576 1133 1773 1203 inopia,
1802 1131 1868 1186 Et
1890 1125 2158 1199 quomodo

568 1245 739 1310 dixit,
786 1217 1032 1312 inquies,
1083 1233 1235 1292 Oculi
1279 1231 1520 1287 omnium’
1545 1229 1598 1281 in
1645 1235 1691 1279 te
1714 1221 1959 1294 sperant?
1999 1217 2158 1288 Atqui

574 1308 730 1392 multi
756 1308 902 1399 sunl,
932 1329 1021 1402 qui
1059 1327 1243 1383 dicunt
1268 1338 1328 1379 ea
1358 1337 1477 1393 quae
1512 1326 1670 1384 sunt,
1701 1329 1825 1371 esse
1861 1327 2009 1378 casu,
2041 1317 2094 1364 ut
2123 1308 2159 1362 ii

572 1428 660 1497 qui
688 1434 812 1481 sunt
837 1421 1006 1492 impii.
1039 1420 1176 1474 Dicit
1204 1417 1291 1470 hic
1317 1413 1484 1483 ipsius
1512 1410 1588 1466 rei
1619 1416 1881 1470 naturam,
1913 1412 1972 1456 ut
1999 1403 2158 1457 e:iam

567 1494 723 1582 .alihi,
751 1511 964 1584 quando
991 1510 1086 1576 ait,
1118 1505 1290 1561 Pullis
1327 1517 1592 1558 carrorum
1620 1495 1964 1552 invocantibus
1997 1494 2164 1563 ipsum

577 1605 753 1661 tl’sal.
772 1583 892 1660 146.
913 1601 990 1671 9);
1015 1598 1221 1654 etiamsi
1241 1595 1346 1650 sint
1362 1590 1646 1648 animantia
1669 1586 1888 1642 rationis
1905 1583 2162 1653 expertia.

589 1698 658 1752 Et
683 1710 870 1752 rursus
899 1709 913 1746 :
943 1690 1113 1747 Catuli
1133 1690 1333 1742 leonum
1360 1683 1632 1754 rugientes,
1656 1689 1710 1732 ut
1738 1677 1941 1746 rapiant
1964 1682 2008 1728 et
2031 1690 2168 1744 qutu-

567 1795 696 1847 _rant
720 1801 752 1836 α
769 1783 876 1837 Deo
899 1795 1062 1834 escam
1081 1778 1175 1832 sibi
1205 1774 1373 1842 (Psal.
1407 1772 1530 1827 105.
1554 1768 1668 1839 21).
1698 1767 1859 1837 Atqui
1884 1764 1937 1819 hi
1960 1778 2171 1834 quoque

582 1884 705 1933 sunt
736 1891 766 1930 a
793 1875 998 1930 ratione
1025 1869 1205 1933 alicui,
1234 1882 1334 1923 nec
1358 1865 1458 1935 ipsi
1486 1869 1730 1934 quaerunt
1757 1878 1769 1913 :
1799 1857 1892 1913 sed
1924 1857 2009 1911 hic
2031 1869 2170 1926 quod

583 1983 690 2038 que
709 1965 838 2023 dicit
866 1963 942 2020 rei
974 1969 1218 2018 naturam
1237 1975 1252 2014 :
1273 1972 1373 2012 nec
1392 1971 1456 2010 ex
1479 1944 1876 2008 illorum'animi
1903 1947 2168 2011 instituto,

589 2057 680 2114 sed
707 2073 774 2114 ex
796 2070 983 2112 eorum
1006 2067 1123 2122 quae
1151 2052 1283 2103 liunt
1311 2057 1496 2103 natura
1522 2045 1624 2099 hoc
1642 2039 1926 2098 dicendum
1953 2048 2054 2094 cst.
2081 2038 2170 2092 16.

587 2149 763 2222 Aperis
788 2155 844 2202 tu
883 2159 1086 2200 manum
1112 2151 1282 2208 luant,
1305 2148 1351 2195 et
1395 2136 1572 2207 imples
1617 2149 1762 2189 onme
1789 2129 1980 2185 animal
2025 2130 2175 2183 bene-

583 2221 790 2315 placito.
816 2237 1029 2292 Manum
1053 2233 1182 2290 dicit
1207 2231 1592 2302 operationem,
1623 2234 1680 2282 et
1707 2221 2175 2295 suppeditatricem

565 2311 891 2390 .l'acultatem
923 2347 938 2386 :
978 2343 1072 2400 per
1097 2325 1274 2381 omnia
1305 2332 1358 2379 te
1385 2321 1619 2384 docens,
1653 2331 1758 2372 non
1785 2315 1837 2370 in
1873 2311 2175 2378 elementis,

591 2423 684 2479 sed
711 2423 764 2478 in
808 2421 900 2476 Dei
942 2417 1272 2491 providentia
1313 2428 1434 2470 esse
1475 2412 1607 2468 sitas
1648 2409 1913 2464 fructuum
1957 2417 2180 2476 genera-

593 2519 784 2574 tiones.
819 2514 918 2570 νει
959 2513 1121 2569 etiam
1151 2507 1440 2566 ostendens
1481 2503 1820 2569 facilitatem,
1867 2497 1997 2556 dicit
2026 2495 2177 2561 illud,

592 2608 772 2680 Aperis
792 2616 847 2661 tu
869 2620 1076 2658 manum
1104 2614 1263 2656 tuam.
1286 2597 1546 2667 Quoniam
1568 2595 1710 2652 enim
1732 2593 1820 2663 qui
1852 2600 1977 2646 tunc
2000 2597 2180 2656 erant,

599 2695 876 2772 principali
897 2710 1055 2752 causa
1080 2694 1284 2757 relicta,
1313 2689 1611 2745 adorabant
1633 2699 1812 2741 aerem
1833 2691 1887 2739 et
1912 2683 2104 2747 solem,
2131 2691 2186 2735 et

594 2764 971 2847 existimabant
1003 2802 1063 2842 ea
1085 2799 1204 2842 eSse
1234 2784 1322 2838 illa
1349 2797 1467 2854 qua:
1493 2779 1694 2834 fructus
1720 2775 2050 2846 praebebant,
2083 2764 2183 2828 ex-

599 2884 793 2940 tollens
826 2895 920 2936 eos
961 2879 1030 2934 ad
1073 2891 1363 2948 supernum
1407 2869 1749 2943 principium,
1777 2876 1832 2922 et
1873 2879 2059 2921 eorum
2089 2879 2185 2917 au-

599 2985 804 3030 ctorem
831 2987 894 3028 ac
919 2970 1222 3036 Dominmn,
1262 2966 1379 3022 haec
1399 2966 1702 3035 frequenter
1730 2959 1966 3026 adducit,
2002 2964 2185 3012 osten-

609 3068 746 3124 dens
769 3081 835 3122 ex
863 3065 1005 3120 illius
1046 3077 1240 3127 manu,
1272 3059 1322 3114 id
1353 3067 1456 3126 est,
1499 3073 1565 3114 ex
1590 3055 1731 3110 illius
1756 3068 1883 3108 cura
1913 3060 1967 3108 et
2007 3048 2191 3122 provi-

603 3159 806 3224 dentia,
833 3156 1012 3212 omnia
1040 3154 1177 3209 bona
1208 3151 1396 3207 fluere.

671 3252 727 3306 5.
759 3245 1140 3304 Beuedictione
1183 3252 1396 3307 autem,
1441 3238 1546 3294 hoc
1580 3247 1664 3295 est
1688 3235 2043 3306 beneplaeito,
2085 3233 2191 3287 im-

607 3345 752 3416 plere
778 3342 863 3398 hic
890 3339 1042 3407 dicit,
1069 3338 1321 3409 quoniam
1345 3333 1525 3404 implet
1557 3328 1971 3401 unumquodque
1993 3324 2190 3381 animal

605 3435 878 3490 voluntate
904 3446 998 3487 sua
1025 3429 1074 3486 ei
1101 3429 1360 3498 placenta.
1399 3423 1516 3479 Non
1544 3421 1688 3478 enim
1713 3419 1806 3475 dat
1830 3417 2072 3474 absolute
2096 3416 2192 3470 ali-

606 3535 868 3589 mentum,
893 3521 989 3580 sed
1015 3531 1172 3592 prout
1200 3528 1282 3576 cst
1302 3517 1494 3588 cuique
1520 3515 1669 3580 utile,
1701 3527 1799 3584 pro
1821 3510 2078 3581 cujusque
2101 3509 2192 3564 de-

606 3614 836 3680 siderio,
864 3621 1119 3684 quantum
1165 3608 1232 3663 ad
1271 3623 1394 3663 eum
1425 3602 1745 3676 explendum
1783 3603 1914 3656 satis
1939 3608 2040 3656 est.
2085 3599 2195 3654 lloc

608 3716 689 3762 est
713 3715 890 3761 autem
917 3702 1058 3775 quod
1087 3701 1252 3758 dicit:
1285 3701 1350 3754 Et
1376 3697 1567 3763 brutis,
1595 3705 1648 3751 et
1674 3693 1998 3760 hominibus,
2031 3701 2192 3762 atque

608 3797 744 3852 adeo
766 3795 1015 3851 omnibus
1035 3793 1150 3858 das,
1175 3801 1232 3847 ut
1252 3800 1336 3847 est
1359 3788 1549 3859 cuique
1567 3794 1798 3859 gratum,
1826 3792 1882 3839 ut
1905 3792 1988 3838 est
2006 3783 2196 3854 cuique

610 3889 758 3944 cordi
793 3905 806 3942 :
843 3903 942 3944 nec
970 3885 1065 3942 das
1091 3885 1286 3948 solum,
1315 3881 1409 3938 sed
1435 3880 1595 3936 etiam
1624 3864 1845 3950 imples,
1878 3876 1950 3930 ita
1980 3884 2038 3930 ut
2066 3874 2196 3930 nihil

609 3981 768 4036 desit.
797 3979 1084 4050 Propterea
1105 3975 1252 4042 dicit,
1273 3973 1464 4045 Imples
1486 3987 1630 4028 omne
1650 3969 1842 4024 animal
1864 3967 2194 4040 beneplacilo.

610 4073 699 4129 17.
727 4069 910 4126 Justus
935 4069 1185 4124 Dominus
1213 4068 1265 4121 in
1293 4065 1521 4120 onmibus
1550 4063 1642 4117 uiis
1682 4061 1789 4117 suis
1806 4103 1821 4130 ,
1845 4070 1891 4115 et
1916 4070 2118 4114 sanctus
2145 4059 2199 4114 in

607 4167 840 4222 omnibus
858 4163 1088 4236 operibus
1115 4162 1238 4218 suis.
1271 4160 1394 4215 Vias
1417 4159 1504 4214 hic
1528 4157 1655 4213 dicit
1683 4155 1800 4227 ejus
1819 4153 2198 4220 (economiam,

610 4259 1030 4332 providentiam,
1077 4254 1430 4315 curationem,
1479 4265 1576 4321 per
1617 4264 1778 4319 quant
1825 4246 2002 4302 omnia
2047 4244 2201 4300 ﬁnxit

609 4366 674 4406 ac
698 4349 989 4406 constituit.
1011 4346 1221 4410 Omnia,
1251 4344 1443 4413 inquit,
1466 4356 1629 4411 opera
1651 4342 1766 4410 ejus
1790 4351 1912 4395 sunt
1931 4339 2196 4404 encomia,

612 4442 770 4512 plena
792 4438 1084 4503 miraculis,
1105 4450 1226 4506 qua:
1250 4433 1446 4488 nemini
1465 4431 1703 4502 praebent
1722 4429 1881 4486 ullam
1906 4445 2088 4485 ansam
2111 4444 2200 4484 re-

614 4529 981 4604 prehendendi
1004 4531 1019 4560 ¹
1038 4570 1052 4595 ,
1078 4527 1179 4582 etsi
1202 4524 1442 4581 nonnulli
1459 4523 1656 4591 forant,
1672 4532 1726 4577 et
1745 4522 1892 4577 rabie
1913 4521 2198 4593 agitentur.

614 4625 786 4695 Opera
825 4635 954 4692 ergo
981 4619 1098 4690 ejus
1129 4617 1216 4672 tali
1249 4625 1370 4670 sunt
1399 4624 1613 4682 natura,
1640 4623 1700 4668 ut
1737 4611 2007 4682 fulgeant,
2031 4621 2091 4668 ut
2118 4628 2200 4669 re-

614 4710 964 4784 splendeant,
1003 4719 1060 4765 ut
1088 4709 1205 4780 ejus
1247 4708 1336 4778 qui
1380 4706 1505 4760 fecit
1542 4720 1762 4773 curam,
1792 4703 2200 4774 providentiam,

615 4803 976 4868 clementiam,
1019 4799 1303 4872 justitiam,
1354 4797 1688 4853 sanctitatem
1733 4797 2068 4852 annunlient.
2108 4797 2194 4851 18.

618 4894 792 4964 Prope
810 4905 881 4948 est
909 4893 1159 4948 Dominus
1185 4891 1412 4947 omnibus
1436 4892 1782 4946 invocantibus
1808 4907 1943 4956 eum,
1973 4891 2199 4944 omnibus

617 4985 968 5043 invocantibus
1001 5001 1114 5040 eum
1144 4985 1196 5039 in
1224 4985 1448 5039 veritate.
1487 4983 1626 5040 Ecce
1664 4983 1825 5038 etiam
1864 4983 2023 5038 aliam
2073 4997 2201 5052 pro-

619 5079 873 5136 videntiae
897 5086 1102 5149 partem
1124 5119 1140 5144 ,
1169 5091 1292 5148 qua:
1316 5086 1399 5132 est
1421 5086 1580 5148 caput
1604 5076 1887 5132 bonorum.
1916 5074 2200 5144 Postquam

615 5174 762 5229 enim
805 5171 939 5225 dixit
972 5183 1092 5240 qute
1119 5169 1171 5224 in
1200 5182 1484 5224 commune
1511 5167 1632 5222 data
1670 5176 1793 5220 sunt
1823 5165 1982 5220 etiam
2012 5163 2201 5218 inlide-

618 5267 776 5331 libus,
805 5279 999 5334 nempe
1018 5262 1270 5318 alimenta
1295 5272 1350 5316 et
1374 5261 1592 5326 imbres,
1621 5259 1746 5315 dicit
1769 5259 1927 5314 etiam
1953 5273 2070 5328 qum
2091 5258 2204 5327 pri-

615 5359 780 5413 vatim
826 5357 1075 5414 fidelibus
1099 5355 1222 5411 data
1265 5363 1411 5409 sunt.
1442 5353 1698 5421 Quaenam
1727 5361 1904 5406 autem
1947 5365 2010 5404 ea
2037 5349 2203 5404 sunt?

614 5445 796 5520 Prope
821 5464 916 5504 eos
960 5463 1102 5517 esse,
1133 5446 1237 5503 hoc
1274 5455 1377 5512 est,
1418 5443 1723 5509 defendere,
1766 5456 1948 5497 curam
1993 5456 2202 5511 gerere,

622 5543 850 5612 amplius
873 5542 949 5596 cis
976 5541 1275 5612 providere,
1306 5553 1426 5595 esse
1449 5537 1527 5592 eis
1554 5533 1892 5602 benevolum,
1921 5532 2203 5603 benignum

622 5642 676 5688 et
703 5633 1016 5705 propitium,
1042 5643 1098 5688 et
1125 5634 1263 5688 bona
1295 5633 1372 5687 eis
1398 5628 1564 5700 magis
1593 5627 1850 5683 revelare.

685 5795 706 5828 ί
741 5799 886 5848 Unus.
905 5805 1015 5858 qua
1031 5793 1211 5844 nemini
1233 5791 1464 5844 damnum
1487 5789 1710 5853 «ﬂerunt.

1270 385 1327 441 S.
1369 379 1644 438 JOAN‘NIS
1680 368 2150 432 CllllYSOSTOMI
2191 365 2504 420 ARCIIIEP.
2546 362 3079 420 CONSTANTINOP.

3789 356 3902 410 £72

2334 480 2632 550 Aﬂlictioues
2661 481 2824 534 utiles.
2842 510 2908 518 —-—
2927 478 3013 534 19.
3047 476 3361 532 l'oluntatem
3381 473 3692 530 timentium
3729 490 3794 526 se
3821 475 3906 540 fa»

2259 575 2388 638 ciet,
2423 583 2469 626 et
2494 573 2892 642 deprecationem
2921 587 3095 625 eorum
3123 569 3386 632 exaudiet,
3420 579 3469 622 et
3505 567 3704 622 salvos
3741 569 3912 636 {iaciat

2261 685 2362 722 eos.
2387 667 2545 737 Atqui
2573 667 2699 721 dicit
2720 667 3006 736 quispiam,
3040 664 3259 719 Volebat
3281 663 3476 717 Paulus
3495 661 3792 731 angelum
3821 677 3910 713 sa-

2263 774 2400 818 tana:
2429 762 2494 816 ab
2521 777 2579 816 se
2609 759 2858 816 recedere
2893 759 2968 831 (2.
3007 758 3124 812 Car.
3165 758 3248 811 12.
3278 756 3354 827 8),
3395 755 3504 810 hoc
3546 765 3664 816 est,
3712 763 3912 807 tenta-

2263 857 2459 921 tiones,
2482 853 2821 914 alilictiones,
2850 849 3088 918 insidias,
3117 857 3174 903 et
3200 864 3306 902 non
3329 847 3377 901 id
3406 847 3560 901 fecit.
3596 845 3732 900 lmo
3765 859 3910 897 vero

2265 947 2430 1002 fecit:
2484 953 2764 1015 postquam
2808 943 2950 997 enim
2997 941 3244 1011 cognovit
3289 955 3348 994 se
3399 946 3600 1008 petere
3652 936 3910 989 minime

2264 1037 2646 1100 conducibilia,
2681 1043 2737 1089 ut
2778 1047 2967 1088 rursus
2991 1033 3155 1086 vellet
3195 1039 3250 1085 et
3279 1030 3646 1084 vehementer
3699 1027 3906 1086 vellet,

2269 1128 2360 1182 Dei
2389 1141 2524 1197 opus
2566 1136 2701 1182 erat.
2730 1123 2796 1178 Et
2825 1123 2945 1178 ideo
2972 1122 3181 1178 dicebat
3213 1138 3226 1173 :
3261 1119 3390 1175 Mihi
3414 1119 3606 1189 placeo
3637 1118 3702 1170 in
3750 1118 3909 1183 inﬁr-

2267 1220 2543 1287 mitatibus,
2572 1218 2624 1271 in
2653 1217 3017 1288 aﬂlictionibus,
3041 1215 3092 1268 in
3128 1214 3614 1284 persequutionibns
3644 1210 3732 1282 (2.
3779 1210 3902 1264 Cor.

2269 1311 2358 1368 12.
2393 1310 2502 1382 10).
2546 1311 2601 1367 Si
2641 1319 2815 1365 aulem
2844 1310 2992 1379 prius
3038 1308 3251 1364 volebat
3292 1307 3608 1370 contraria,
3667 1307 3904 1359 volebat

2269 1409 2487 1472 pr0pter
2534 1401 2906 1470 ignorantiam.
2957 1397 3242 1468 Postquam
3293 1409 3474 1451 autem
3529 1396 3730 1450 Deum
3801 1394 3902 1449 bis:

2269 1494 2408 1549 velle
2430 1492 2633 1560 didicit,
2658 1493 2772 1561 ipse
2797 1490 3051 1560 deinceps
3073 1490 3317 1544 lubenter
3339 1489 3677 1558 acquiescit.
3705 1486 3902 1556 Neque

2271 1587 2414 1642 enim
2445 1585 2544 1641 alia
2573 1594 2653 1640 est
2682 1584 2774 1639 Dei
2803 1584 3080 1650 voluntas,
3115 1591 3170 1636 et
3197 1582 3298 1634 alia
3333 1596 3521 1635 eorum
3574 1581 3683 1646 qui
3715 1581 3904 1648 ipsum

2276 1680 2463 1734 timent
2490 1697 2504 1734 :
2532 1688 2584 1733 et
2617 1677 2660 1732 si
2710 1677 2807 1746 ipsi
2839 1691 3050 1747 quoque
3077 1675 3251 1745 aliqua
3274 1674 3457 1727 vnluirt
3485 1681 3542 1726 ut
3589 1672 3901 1738 ιδυηιίηες,

2277 1783 2462 1846 postea
2495 1773 2853 1843 corriguntur.
2882 1769 2974 1824 20.
3006 1768 3235 1824 Custodit
3264 1766 3517 1821 Dominus
3547 1783 3755 1819 omnes
3788 1767 3906 1818 difi-

2275 1876 2445 1938 gentes
2472 1881 2526 1920 se
2552 1880 2570 1919 :
2610 1872 2656 1918 et
2696 1880 2868 1918 omnes
2888 1871 3168 1933 peccatores
3196 1858 3466 1930 disperdet.
3493 1859 3636 1913 Ιίςιξο
3669 1874 3900 1928 quoque

2277 1968 2486 2012 estnon
2524 1971 2686 2027 parva
2723 1969 2851 2026 pars
2881 1952 3248 2024 providentiae,
3281 1965 3640 2015 conservare,
3678 1953 3904 2004 munire

2279 2064 2341 2104 ac
2367 2057 2674 2120 protegere,
2707 2061 2857 2110 suam
2885 2045 3130 2117 praebere
3169 2043 3588 2114 providentiam.
3629 2043 3901 2096 Peccatu-

2279 2156 2368 2196 res
2393 2149 2572 2195 autem
2605 2138 2736 2194 dicit
2779 2153 2874 2193 eos
2901 2137 2993 2208 qui
3039 2135 3284 2190 laborant
3327 2133 3520 2188 morbo
3557 2133 3902 2187 ἱιιιπιρειῐαιο

2281 2234 2396 2302 bili,
2424 2249 2517 2288 eos
2560 2232 2648 2301 qui
2693 2231 2882 2286 nolunt
2925 2228 3139 2298 corrigi.
3183 2226 3334 2295 Quod
3377 2227 3420 2282 si
3448 2227 3621 2280 etiam
3681 2227 3900 2295 aliquas

2281 2340 2466 2380 eorum
2487 2367 2502 2391 ,
2528 2324 2616 2394 qui
2649 2325 2820 2393 ipsum
2851 2321 3092 2392 diligunt,
3126 2320 3252 2374 sinit
3277 2318 3329 2372 in
3357 2327 3588 2371 mortem
3623 2316 3898 2374 incidere.

2286 2418 2368 2471 ha:
2391 2431 2602 2487 quoque
2645 2424 2771 2471 sunt
2815 2423 2994 2484 partes
3038 2409 3422 2466 custodientis:
3463 2408 3615 2478 quod
3671 2409 3730 2462 in
3765 2409 3899 2461 Alia}

2285 2522 2500 2579 quoque
2523 2506 2736 2562 accidit.
2765 2505 2880 2560 Etsi
2908 2504 3050 2559 enim
3080 2517 3264 2557 eorum
3294 2514 3522 2569 corpora
3551 2500 3896 2559 interierint,

2290 2600 2469 2654 animo
2495 2606 2675 2653 tamen
2715 2595 2970 2652 clariores
3004 2600 3290 2648 evaserunt
3323 2607 3338 2644 :
3381 2590 3661 2658 recipient
3713 2600 3897 2643 autem

2286 2691 2446 2746 etiam
2472 2703 2698 2758 corpora
2729 2686 2965 2742 interitui
2997 2700 3099 2738 non
3141 2683 3388 2738 obnoxia.
3431 2681 3740 2750 Postquam
3771 2697 3902 2750 erg»

2288 2783 2422 2838 dixit
2449 2781 2655 2852 species
2695 2779 2812 2850 ejus
2858 2777 3239 2849 providentiae,
3283 2785 3542 2846 quantum
3587 2773 3667 2828 ab
3696 2789 3767 2828 eo
3795 2775 3899 2827 dici

2290 2883 2556 2944 peierarit,
2581 2884 2893 2926 communes
2913 2911 2928 2936 ,
2971 2867 3202 2938 privatas
3221 2907 3236 2932 ,
3265 2874 3318 2920 et
3345 2880 3466 2935 qua:
3491 2873 3624 2918 sunt
3671 2873 3899 2916 sanctu-

2292 2981 2432 3028 rum,
2466 2962 2735 3033 praecipue
2763 2977 2948 3017 eorum
2981 2959 3071 3028 qui
3098 2957 3415 3014 vaeillarunt
3435 2997 3450 3022 ,
3482 2970 3680 3010 curam
3705 2969 3900 3009 eorum

2291 3057 2380 3125 qui
2422 3056 2634 3126 jaceat,
2688 3053 3111 3124 providentiam,
3157 3050 3489 3122 patientiam,
3538 3060 3898 3118 peccatorum

2293 3147 2704 3212 correctionem,
2751 3154 3058 3199 sanctorum
3104 3142 3442 3197 custodiam:
3492 3139 3660 3194 laude
3709 3155 3898 3193 τυτςιις

2293 3238 2566 3295 concludit
2586 3237 2904 3300 oralionem,
2931 3244 2986 3290 et
3007 3236 3313 3288 universum
3337 3231 3520 3285 orbem
3548 3237 3718 3284 terra:
3744 3241 3899 3284 vocat

2295 3332 2360 3386 ad
2407 3329 2577 3384 laudis
2619 3327 3094 3383 communionem:
3133 3323 3224 3378 21.
3255 3321 3631 3377 Laudationem
3685 3320 3896 3374 Domini

2297 3426 2526 3494 loquetur
2571 3438 2627 3474 os
2667 3435 2864 3484 meum,
2914 3427 2960 3470 et
3004 3415 3259 3470 benedicat
3311 3414 3474 3466 omnis
3517 3427 3644 3465 caro
3703 3413 3898 3465 nonn’ui

2297 3524 2470 3570 sancto
2501 3515 2607 3584 ejus
2647 3513 2698 3564 in
2726 3509 3000 3574 stccnlum,
3026 3518 3071 3561 et
3113 3507 3166 3560 in
3210 3505 3450 3561 saeuiunt
3490 3505 3695 3558 seculi.
3733 3503 3894 3558 Vides

2299 3607 2569 3676 quomodo
2597 3622 2660 3660 ex
2693 3605 2832 3660 bona
2859 3601 3140 3656 affectione
3168 3615 3272 3654 non
3314 3613 3408 3653 eos
3438 3597 3584 3652 solos
3607 3607 3777 3651 vocat
3807 3599 3894 3665 qui

2299 3698 2559 3754 beneﬁcio
2607 3697 2940 3758 afﬁciuntur,
2973 3693 3067 3746 sed
3115 3704 3212 3746 eos
3252 3690 3412 3744 etiam
3454 3687 3544 3758 qui
3594 3689 3893 3756 puniuntur

2301 3792 2444 3861 (nam
2469 3789 2571 3844 hoc
2597 3801 2809 3859 quoque
2830 3793 2914 3841 est
2941 3784 3058 3853 ejus
3080 3779 3471 3852 providentiae),
3503 3795 3612 3833 non
3640 3779 3896 3832 homines

2302 3883 2497 3948 solum,
2525 3879 2620 3935 sed
2667 3880 2826 3934 etiam
2853 3877 3006 3932 bruta
3025 3917 3039 3941 ,
3063 3883 3118 3928 et
3159 3873 3423 3928 elementa
3444 3913 3459 3937 ,
3494 3880 3550 3926 et
3591 3871 3777 3925 omnia
3807 3871 3894 3924 in-

2301 3958 2560 4030 sensilia:
2591 3971 2768 4027 omnia
2807 3970 2950 4025 enim
2975 3967 3092 4037 ejus
3129 3965 3367 4020 bonitate
3408 3964 3564 4032 plena
3605 3961 3755 4016 sunt.
3783 3961 3895 4017 Nec

2303 4083 2401 4123 nos
2444 4081 2572 4137 ergo
2602 4065 3014 4120 intermittamus
3053 4075 3174 4115 eum
3221 4069 3277 4114 et
3303 4057 3481 4112 verbis
3507 4065 3561 4111 et
3606 4054 3765 4110 factis
3801 4071 3894 4109 ες-

2304 4159 2455 4216 sidue
2488 4157 2726 4220 laudare,
2759 4145 2850 4225 qui
2880 4163 2963 4208 est
2986 4151 3121 4206 adeo
3147 4150 3341 4212 bonus,
3368 4148 3505 4202 adeo
3535 4147 3803 4216 benignus
3841 4157 3894 4200 et

2303 4251 2560 4313 clemens,
2593 4256 2647 4302 et
2673 4246 2869 4315 ubique
2896 4257 3050 4300 suam
3081 4240 3321 4296 extendit
3350 4236 3760 4292 beneﬁcentiam
3787 4255 3801 4288 :
3838 4248 3891 4290 ut

2304 4351 2359 4396 et
2398 4341 2537 4395 bona
2568 4338 2850 4410 praesentia
2887 4344 2942 4389 et
2971 4334 3143 4388 futura
3171 4344 3564 4400 consequamur
3583 4369 3599 4392 ,
3639 4329 3809 4398 gratia
3840 4339 3892 4382 et

2305 4429 2586 4486 clementia
2632 4427 2843 4483 Domini
2893 4425 3062 4480 nostri
3100 4423 3226 4480 Jesu
3249 4421 3445 4476 Christi
3469 4461 3484 4483 ,
3516 4421 3605 4474 cui
3640 4419 3812 4490 gloria
3839 4431 3890 4473 et

2307 4524 2609 4594 imperium,
2642 4521 2694 4575 in
2722 4521 2915 4576 sazcula
2946 4517 3284 4573 saaculorum.
3316 4515 3504 4567 Amen.

2767 4657 2832 4713 ΙΝ
2869 4654 3192 4712 PSALMUM
3231 4650 3432 4708 CXLV.

2307 4796 2361 4848 2.
2385 4794 2561 4848 Lauda
2583 4835 2597 4860 ,
2626 4793 2798 4845 anima
2841 4806 2982 4854 mea,
3015 4787 3306 4841 Dominum.
3340 4783 3582 4836 Laudabo
3620 4782 3888 4834 Dominum

2379 4891 2430 4942 in
2458 4889 2559 4941 vita
2586 4901 2717 4939 mea.
2747 4883 2982 4940 Psallam
3015 4881 3120 4935 Deo
3145 4896 3254 4934 meo
3279 4877 3520 4942 quamdiu
3548 4880 3714 4942 [ισετο.

2323 5037 2336 5052 ί
2383 5026 2433 5080 1.
2467 5023 2568 5079 Ubi
2595 5022 2783 5086 desiit,
2818 5018 2939 5074 inde
2970 5033 3153 5074 rursus
3195 5015 3398 5084 incipit,
3427 5026 3618 5080 nempe
3649 5027 3678 5064 a
3708 5011 3886 5064 laudu-

2313 5121 2476 5175 tione.
2510 5117 2622 5172 lloc
2647 5116 2788 5179 enim
2819 5130 2924 5170 non
2953 5127 3139 5182 parum
3169 5120 3427 5180 expurgat
3461 5105 3718 5161 animum.
3753 5103 3888 5158 Lau-

2310 5213 2432 5268 dem
2459 5220 2637 5266 autem
2666 5208 2815 5272 dicit,
2859 5215 2917 5262 ut
2955 5203 3264 5274 frequenter
3291 5199 3410 5254 dico
3431 5241 3445 5264 ,
3473 5213 3592 5268 qua:
3625 5195 3778 5250 factis
3802 5212 3887 5248 ex-

2315 5304 2563 5358 hibetur:
2595 5300 2735 5372 quod
2762 5299 2922 5354 etiam
2944 5297 3074 5352 dicit
3098 5295 3340 5350 Christus
3369 5312 3380 5346 :
3414 5275 3599 5344 Luceat
3627 5291 3709 5343 le:
3737 5298 3888 5341 υεδιηι

2313 5413 2483 5453 coram
2514 5392 2795 5448 hominibus
2815 5433 2828 5457 ,
2863 5397 2918 5444 ut
2947 5389 3145 5444 uideant
3169 5387 3300 5440 bona
3327 5395 3490 5439 vestra
3515 5397 3690 5452 opera.
3718 5390 3767 5434 et
3788 5382 3891 5451 glo-

2312 5492 2508 5561 riﬁcent
2533 5487 2742 5542 Patrem
2768 5494 2982 5540 vestrum
3007 5483 3093 5553 qui
3115 5489 3188 5536 est
3216 5480 3270 5534 in
3291 5477 3427 5533 caelis
3455 5473 3668 5548 (Matth.
3694 5473 3748 5527 5.
3785 5473 3892 5538 16).

2315 5587 2382 5642 Et
2403 5597 2590 5640 rursus
2615 5582 2810 5637 Paulus
2839 5597 2852 5634 :
2881 5577 3176 5647 Gloriﬁcate
3201 5573 3365 5627 Deum
3385 5572 3438 5624 in
3466 5583 3678 5638 corpore
3697 5577 3857 5620 uestro
3877 5608 3892 5631 ,

2314 5689 2359 5733 et
2384 5679 2435 5732 in
2465 5675 2646 5746 spiritu
2679 5682 2838 5727 vestro
2865 5669 2940 5743 (1.
2971 5667 3089 5722 Cor.
3117 5667 3172 5722 6.
3198 5665 3294 5736 9.0)
3322 5681 3340 5719 :
3368 5672 3423 5718 et
3447 5657 3890 5732 quemadmodum

2317 5773 2450 5828 dixit
2482 5770 2552 5825 ine
2581 5765 2901 5840 priceedenli
2930 5761 3170 5828 Psalmo,
3200 5756 3302 5812 Per
3334 5751 3574 5826 singulos
3596 5747 3708 5802 dies
3729 5746 3888 5802 ben:-
