  <div class='ocr_page' id='page_1' title='image "/cluster/home/n/w/nwhite01/storage/ocr_20150623/55/hvd.32044054086814/470.png"; bbox 0 0 4070 6214; ppageno 0'>
   <div class='ocr_carea' id='block_1_1' title="bbox 366 158 464 216">
    <p class='ocr_par' dir='ltr' id='par_1_1' title="bbox 366 158 464 216">
     <span class='ocr_line' id='line_1_1' title="bbox 366 158 464 216; baseline -0.02 0"><span class='ocrx_word' id='word_1_1' title='bbox 366 158 464 216; x_wconf 70' lang='grc' dir='ltr'>Πὸ</span> 
     </span>
    </p>
   </div>
   <div class='ocr_carea' id='block_1_2' title="bbox 359 252 1944 325">
    <p class='ocr_par' dir='ltr' id='par_1_2' title="bbox 359 252 1944 325">
     <span class='ocr_line' id='line_1_2' title="bbox 359 252 1944 325; baseline -0.014 1"><span class='ocrx_word' id='word_1_2' title='bbox 359 274 527 325; x_wconf 80' lang='lat' dir='ltr'><strong>dicunt</strong></span> <span class='ocrx_word' id='word_1_3' title='bbox 555 267 644 322; x_wconf 89' lang='lat' dir='ltr'><strong>tibi</strong></span> <span class='ocrx_word' id='word_1_4' title='bbox 672 281 690 319; x_wconf 87' lang='lat'><strong><em>:</em></strong></span> <span class='ocrx_word' id='word_1_5' title='bbox 719 262 791 318; x_wconf 88' lang='lat' dir='ltr'><strong>ita</strong></span> <span class='ocrx_word' id='word_1_6' title='bbox 821 259 906 314; x_wconf 86' lang='lat' dir='ltr'><strong>hic</strong></span> <span class='ocrx_word' id='word_1_7' title='bbox 932 257 1113 322; x_wconf 85' lang='lat' dir='ltr'><strong>etiam,</strong></span> <span class='ocrx_word' id='word_1_8' title='bbox 1151 253 1382 309; x_wconf 88' lang='lat' dir='ltr'><strong>Psallam</strong></span> <span class='ocrx_word' id='word_1_9' title='bbox 1407 253 1518 310; x_wconf 89' lang='lat' dir='ltr'><strong>Deo</strong></span> <span class='ocrx_word' id='word_1_10' title='bbox 1544 271 1653 311; x_wconf 88' lang='lat' dir='ltr'><strong>meo</strong></span> <span class='ocrx_word' id='word_1_11' title='bbox 1701 252 1944 324; x_wconf 77' lang='lat' dir='ltr'><strong>quamdiu</strong></span> 
     </span>
    </p>
   </div>
   <div class='ocr_carea' id='block_1_3' title="bbox 363 343 1955 432">
    <p class='ocr_par' dir='ltr' id='par_1_3' title="bbox 363 343 1955 432">
     <span class='ocr_line' id='line_1_3' title="bbox 363 343 1955 432; baseline -0.01 -17"><span class='ocrx_word' id='word_1_12' title='bbox 363 362 503 430; x_wconf 74' lang='lat' dir='ltr'><strong>{uero</strong></span> <span class='ocrx_word' id='word_1_13' title='bbox 527 356 700 432; x_wconf 87' lang='lat' dir='ltr'><strong>(Psal.</strong></span> <span class='ocrx_word' id='word_1_14' title='bbox 727 354 854 411; x_wconf 68' lang='lat' dir='ltr'><strong>tu.</strong></span> <span class='ocrx_word' id='word_1_15' title='bbox 882 352 968 423; x_wconf 75' lang='lat'><strong>2).</strong></span> <span class='ocrx_word' id='word_1_16' title='bbox 1000 349 1203 406; x_wconf 84' lang='lat' dir='ltr'><strong>Deinde</strong></span> <span class='ocrx_word' id='word_1_17' title='bbox 1221 363 1344 405; x_wconf 90' lang='lat' dir='ltr'><strong>cum</strong></span> <span class='ocrx_word' id='word_1_18' title='bbox 1364 346 1527 403; x_wconf 87' lang='lat' dir='ltr'><strong>vellet</strong></span> <span class='ocrx_word' id='word_1_19' title='bbox 1545 359 1733 402; x_wconf 83' lang='lat' dir='ltr'><strong>rursus</strong></span> <span class='ocrx_word' id='word_1_20' title='bbox 1758 343 1955 399; x_wconf 89' lang='lat' dir='ltr'><strong>habere</strong></span> 
     </span>
    </p>
   </div>
   <div class='ocr_carea' id='block_1_4' title="bbox 363 438 1951 518">
    <p class='ocr_par' dir='ltr' id='par_1_4' title="bbox 363 438 1951 518">
     <span class='ocr_line' id='line_1_4' title="bbox 363 438 1951 518; baseline -0.01 -12"><span class='ocrx_word' id='word_1_21' title='bbox 363 449 608 507; x_wconf 75' lang='lat' dir='ltr'><strong>homines</strong></span> <span class='ocrx_word' id='word_1_22' title='bbox 645 447 765 518; x_wconf 88' lang='lat' dir='ltr'><strong>ejus</strong></span> <span class='ocrx_word' id='word_1_23' title='bbox 812 443 986 501; x_wconf 82' lang='lat' dir='ltr'><strong>laudis</strong></span> <span class='ocrx_word' id='word_1_24' title='bbox 1030 442 1242 506; x_wconf 91' lang='lat' dir='ltr'><strong>socios,</strong></span> <span class='ocrx_word' id='word_1_25' title='bbox 1271 438 1457 497; x_wconf 88' lang='lat' dir='ltr'><strong>incidit</strong></span> <span class='ocrx_word' id='word_1_26' title='bbox 1499 438 1564 494; x_wconf 79' lang='lat' dir='ltr'><strong>in</strong></span> <span class='ocrx_word' id='word_1_27' title='bbox 1593 439 1951 494; x_wconf 77' lang='lat' dir='ltr'><strong>narrationem</strong></span> 
     </span>
    </p>
   </div>
   <div class='ocr_carea' id='block_1_5' title="bbox 362 531 1957 613">
    <p class='ocr_par' dir='ltr' id='par_1_5' title="bbox 362 531 1957 613">
     <span class='ocr_line' id='line_1_5' title="bbox 362 531 1957 613; baseline -0.009 -15"><span class='ocrx_word' id='word_1_28' title='bbox 362 543 478 613; x_wconf 89' lang='lat' dir='ltr'><strong>ejus</strong></span> <span class='ocrx_word' id='word_1_29' title='bbox 502 537 847 612; x_wconf 73' lang='lat' dir='ltr'><strong>benignitatis</strong></span> <span class='ocrx_word' id='word_1_30' title='bbox 877 545 933 594; x_wconf 92' lang='lat' dir='ltr'><strong>et</strong></span> <span class='ocrx_word' id='word_1_31' title='bbox 960 535 1260 593; x_wconf 80' lang='lat' dir='ltr'><strong>clementia:</strong></span> <span class='ocrx_word' id='word_1_32' title='bbox 1279 575 1296 602; x_wconf 95' lang='lat'><strong>,</strong></span> <span class='ocrx_word' id='word_1_33' title='bbox 1323 531 1594 590; x_wconf 87' lang='lat' dir='ltr'><strong>desiderio</strong></span> <span class='ocrx_word' id='word_1_34' title='bbox 1623 531 1878 588; x_wconf 90' lang='lat' dir='ltr'><strong>incensus</strong></span> <span class='ocrx_word' id='word_1_35' title='bbox 1901 538 1957 584; x_wconf 90' lang='lat' dir='ltr'><strong>et</strong></span> 
     </span>
    </p>
   </div>
   <div class='ocr_carea' id='block_1_6' title="bbox 363 624 1950 697">
    <p class='ocr_par' dir='ltr' id='par_1_6' title="bbox 363 624 1950 697">
     <span class='ocr_line' id='line_1_6' title="bbox 363 624 1950 697; baseline -0.009 -8"><span class='ocrx_word' id='word_1_36' title='bbox 363 631 720 688; x_wconf 72' lang='lat' dir='ltr'><strong>inﬂammatus</strong></span> <span class='ocrx_word' id='word_1_37' title='bbox 743 671 760 697; x_wconf 90' lang='lat'><strong>,</strong></span> <span class='ocrx_word' id='word_1_38' title='bbox 798 628 1108 685; x_wconf 88' lang='lat' dir='ltr'><strong>universum</strong></span> <span class='ocrx_word' id='word_1_39' title='bbox 1155 624 1340 680; x_wconf 87' lang='lat' dir='ltr'><strong>orbem</strong></span> <span class='ocrx_word' id='word_1_40' title='bbox 1392 630 1551 678; x_wconf 73' lang='lat' dir='ltr'><strong>terrae</strong></span> <span class='ocrx_word' id='word_1_41' title='bbox 1600 633 1950 691; x_wconf 82' lang='lat' dir='ltr'><strong>percurrens,</strong></span> 
     </span>
    </p>
   </div>
   <div class='ocr_carea' id='block_1_7' title="bbox 361 710 1951 784">
    <p class='ocr_par' dir='ltr' id='par_1_7' title="bbox 361 710 1951 784">
     <span class='ocr_line' id='line_1_7' title="bbox 361 710 1951 784; baseline -0.01 -5"><span class='ocrx_word' id='word_1_42' title='bbox 361 737 549 779; x_wconf 77' lang='lat' dir='ltr'><strong>onines</strong></span> <span class='ocrx_word' id='word_1_43' title='bbox 575 721 820 778; x_wconf 83' lang='lat' dir='ltr'><strong>homines</strong></span> <span class='ocrx_word' id='word_1_44' title='bbox 837 720 890 775; x_wconf 91' lang='lat' dir='ltr'><strong>in</strong></span> <span class='ocrx_word' id='word_1_45' title='bbox 919 733 1073 774; x_wconf 88' lang='lat' dir='ltr'><strong>suum</strong></span> <span class='ocrx_word' id='word_1_46' title='bbox 1093 715 1316 772; x_wconf 89' lang='lat' dir='ltr'><strong>chorum</strong></span> <span class='ocrx_word' id='word_1_47' title='bbox 1335 727 1554 784; x_wconf 86' lang='lat' dir='ltr'><strong>cogens.</strong></span> <span class='ocrx_word' id='word_1_48' title='bbox 1577 712 1690 768; x_wconf 76' lang='lat' dir='ltr'><strong>Hoc</strong></span> <span class='ocrx_word' id='word_1_49' title='bbox 1706 721 1790 767; x_wconf 89' lang='lat' dir='ltr'><strong>est</strong></span> <span class='ocrx_word' id='word_1_50' title='bbox 1809 710 1951 766; x_wconf 89' lang='lat' dir='ltr'><strong>enim</strong></span> 
     </span>
    </p>
   </div>
   <div class='ocr_carea' id='block_1_8' title="bbox 363 802 1953 876">
    <p class='ocr_par' dir='ltr' id='par_1_8' title="bbox 363 802 1953 876">
     <span class='ocr_line' id='line_1_8' title="bbox 363 802 1953 876; baseline -0.008 -7"><span class='ocrx_word' id='word_1_51' title='bbox 363 814 594 870; x_wconf 69' lang='lat' dir='ltr'><strong>maxime</strong></span> <span class='ocrx_word' id='word_1_52' title='bbox 617 811 755 876; x_wconf 85' lang='lat' dir='ltr'><strong>laus,</strong></span> <span class='ocrx_word' id='word_1_53' title='bbox 788 810 1022 866; x_wconf 84' lang='lat' dir='ltr'><strong>maxima</strong></span> <span class='ocrx_word' id='word_1_54' title='bbox 1065 807 1158 862; x_wconf 88' lang='lat' dir='ltr'><strong>Dei</strong></span> <span class='ocrx_word' id='word_1_55' title='bbox 1186 805 1378 876; x_wconf 86' lang='lat' dir='ltr'><strong>gloria,</strong></span> <span class='ocrx_word' id='word_1_56' title='bbox 1407 802 1619 874; x_wconf 79' lang='lat' dir='ltr'><strong>quando</strong></span> <span class='ocrx_word' id='word_1_57' title='bbox 1649 803 1846 858; x_wconf 89' lang='lat' dir='ltr'><strong>multos</strong></span> <span class='ocrx_word' id='word_1_58' title='bbox 1869 817 1953 856; x_wconf 89' lang='lat' dir='ltr'><strong>re-</strong></span> 
     </span>
    </p>
   </div>
   <div class='ocr_carea' id='block_1_9' title="bbox 365 892 1956 976">
    <p class='ocr_par' dir='ltr' id='par_1_9' title="bbox 365 892 1956 976">
     <span class='ocr_line' id='line_1_9' title="bbox 365 892 1956 976; baseline -0.008 -16"><span class='ocrx_word' id='word_1_59' title='bbox 365 903 532 976; x_wconf 89' lang='lat' dir='ltr'><strong>quirit</strong></span> <span class='ocrx_word' id='word_1_60' title='bbox 559 903 768 958; x_wconf 85' lang='lat' dir='ltr'><strong>futuros</strong></span> <span class='ocrx_word' id='word_1_61' title='bbox 791 900 909 971; x_wconf 87' lang='lat' dir='ltr'><strong>ejus</strong></span> <span class='ocrx_word' id='word_1_62' title='bbox 935 897 1126 956; x_wconf 82' lang='lat' dir='ltr'><strong>salutis</strong></span> <span class='ocrx_word' id='word_1_63' title='bbox 1170 896 1476 966; x_wconf 90' lang='lat' dir='ltr'><strong>participes.</strong></span> <span class='ocrx_word' id='word_1_64' title='bbox 1523 895 1578 950; x_wconf 77' lang='lat'><strong>5.</strong></span> <span class='ocrx_word' id='word_1_65' title='bbox 1609 892 1788 948; x_wconf 82' lang='lat' dir='ltr'><strong>Nolite</strong></span> <span class='ocrx_word' id='word_1_66' title='bbox 1832 909 1956 948; x_wconf 85' lang='lat' dir='ltr'><strong>con-</strong></span> 
     </span>
    </p>
   </div>
   <div class='ocr_carea' id='block_1_10' title="bbox 368 985 1954 1066">
    <p class='ocr_par' dir='ltr' id='par_1_10' title="bbox 368 985 1954 1066">
     <span class='ocr_line' id='line_1_10' title="bbox 368 985 1954 1066; baseline -0.008 -16"><span class='ocrx_word' id='word_1_67' title='bbox 368 997 524 1066; x_wconf 80' lang='lat' dir='ltr'><strong>ﬁdere</strong></span> <span class='ocrx_word' id='word_1_68' title='bbox 539 995 593 1049; x_wconf 82' lang='lat' dir='ltr'><strong>iu</strong></span> <span class='ocrx_word' id='word_1_69' title='bbox 616 990 947 1064; x_wconf 71' lang='lat' dir='ltr'><strong>principibus,</strong></span> <span class='ocrx_word' id='word_1_70' title='bbox 969 991 1024 1044; x_wconf 86' lang='lat' dir='ltr'><strong>in</strong></span> <span class='ocrx_word' id='word_1_71' title='bbox 1045 989 1168 1058; x_wconf 82' lang='lat' dir='ltr'><strong>ﬁliis</strong></span> <span class='ocrx_word' id='word_1_72' title='bbox 1183 987 1466 1053; x_wconf 80' lang='lat' dir='ltr'><strong>hominum,</strong></span> <span class='ocrx_word' id='word_1_73' title='bbox 1491 985 1544 1038; x_wconf 88' lang='lat' dir='ltr'><strong>in</strong></span> <span class='ocrx_word' id='word_1_74' title='bbox 1561 985 1739 1056; x_wconf 86' lang='lat' dir='ltr'><strong>quibus</strong></span> <span class='ocrx_word' id='word_1_75' title='bbox 1759 987 1859 1038; x_wconf 84' lang='lat' dir='ltr'><strong>non</strong></span> <span class='ocrx_word' id='word_1_76' title='bbox 1881 993 1954 1038; x_wconf 89' lang='lat' dir='ltr'><strong>est</strong></span> 
     </span>
    </p>
   </div>
   <div class='ocr_carea' id='block_1_11' title="bbox 369 1075 1953 1157">
    <p class='ocr_par' dir='ltr' id='par_1_11' title="bbox 369 1075 1953 1157">
     <span class='ocr_line' id='line_1_11' title="bbox 369 1075 1953 1157; baseline -0.009 -13"><span class='ocrx_word' id='word_1_77' title='bbox 369 1090 531 1144; x_wconf 75' lang='lat' dir='ltr'><strong>salus.</strong></span> <span class='ocrx_word' id='word_1_78' title='bbox 559 1086 711 1143; x_wconf 77' lang='lat' dir='ltr'><strong>Alius</strong></span> <span class='ocrx_word' id='word_1_79' title='bbox 755 1082 856 1157; x_wconf 84' lang='lat' dir='ltr'><strong>(a),</strong></span> <span class='ocrx_word' id='word_1_80' title='bbox 889 1082 954 1137; x_wconf 83' lang='lat' dir='ltr'><strong>Ei</strong></span> <span class='ocrx_word' id='word_1_81' title='bbox 977 1082 1064 1152; x_wconf 88' lang='lat' dir='ltr'><strong>qui</strong></span> <span class='ocrx_word' id='word_1_82' title='bbox 1105 1097 1208 1134; x_wconf 86' lang='lat' dir='ltr'><strong>non</strong></span> <span class='ocrx_word' id='word_1_83' title='bbox 1252 1086 1413 1148; x_wconf 84' lang='lat' dir='ltr'><strong>potest</strong></span> <span class='ocrx_word' id='word_1_84' title='bbox 1457 1092 1674 1132; x_wconf 81' lang='lat' dir='ltr'><strong>servare.</strong></span> <span class='ocrx_word' id='word_1_85' title='bbox 1721 1075 1953 1131; x_wconf 79' lang='lat' dir='ltr'><strong>Audiant</strong></span> 
     </span>
    </p>
   </div>
   <div class='ocr_carea' id='block_1_12' title="bbox 368 1168 1953 1238">
    <p class='ocr_par' dir='ltr' id='par_1_12' title="bbox 368 1168 1953 1238">
     <span class='ocr_line' id='line_1_12' title="bbox 368 1168 1953 1238; baseline -0.008 -4"><span class='ocrx_word' id='word_1_86' title='bbox 368 1181 472 1236; x_wconf 87' lang='lat' dir='ltr'><strong>hoc</strong></span> <span class='ocrx_word' id='word_1_87' title='bbox 501 1177 784 1234; x_wconf 88' lang='lat' dir='ltr'><strong>consilium</strong></span> <span class='ocrx_word' id='word_1_88' title='bbox 809 1183 866 1230; x_wconf 91' lang='lat' dir='ltr'><strong>et</strong></span> <span class='ocrx_word' id='word_1_89' title='bbox 894 1175 1032 1229; x_wconf 89' lang='lat' dir='ltr'><strong>hanc</strong></span> <span class='ocrx_word' id='word_1_90' title='bbox 1059 1169 1506 1235; x_wconf 86' lang='lat' dir='ltr'><strong>admonitionem,</strong></span> <span class='ocrx_word' id='word_1_91' title='bbox 1539 1168 1630 1238; x_wconf 88' lang='lat' dir='ltr'><strong>qui</strong></span> <span class='ocrx_word' id='word_1_92' title='bbox 1655 1168 1953 1237; x_wconf 91' lang='lat' dir='ltr'><strong>suspiciunt</strong></span> 
     </span>
    </p>
   </div>
   <div class='ocr_carea' id='block_1_13' title="bbox 371 1257 1954 1328">
    <p class='ocr_par' dir='ltr' id='par_1_13' title="bbox 371 1257 1954 1328">
     <span class='ocr_line' id='line_1_13' title="bbox 371 1257 1954 1328; baseline -0.008 -2"><span class='ocrx_word' id='word_1_93' title='bbox 371 1272 601 1326; x_wconf 82' lang='lat' dir='ltr'><strong>humana</strong></span> <span class='ocrx_word' id='word_1_94' title='bbox 630 1266 868 1324; x_wconf 87' lang='lat' dir='ltr'><strong>subsidia</strong></span> <span class='ocrx_word' id='word_1_95' title='bbox 894 1265 1033 1320; x_wconf 86' lang='lat' dir='ltr'><strong>iluxa</strong></span> <span class='ocrx_word' id='word_1_96' title='bbox 1055 1273 1110 1319; x_wconf 93' lang='lat' dir='ltr'><strong>et</strong></span> <span class='ocrx_word' id='word_1_97' title='bbox 1137 1261 1359 1318; x_wconf 87' lang='lat' dir='ltr'><strong>caduca.</strong></span> <span class='ocrx_word' id='word_1_98' title='bbox 1385 1259 1524 1328; x_wconf 87' lang='lat' dir='ltr'><strong>Quid</strong></span> <span class='ocrx_word' id='word_1_99' title='bbox 1552 1268 1636 1316; x_wconf 88' lang='lat' dir='ltr'><strong>est</strong></span> <span class='ocrx_word' id='word_1_100' title='bbox 1658 1268 1858 1327; x_wconf 89' lang='lat' dir='ltr'><strong>autem,</strong></span> <span class='ocrx_word' id='word_1_101' title='bbox 1887 1257 1912 1312; x_wconf 91' lang='lat' dir='ltr'><strong><em>I</em></strong></span> <span class='ocrx_word' id='word_1_102' title='bbox 1921 1277 1954 1314; x_wconf 84' lang='grc' dir='ltr'><strong>ιι</strong></span> 
     </span>
    </p>
   </div>
   <div class='ocr_carea' id='block_1_14' title="bbox 367 1349 1952 1430">
    <p class='ocr_par' dir='ltr' id='par_1_14' title="bbox 367 1349 1952 1430">
     <span class='ocr_line' id='line_1_14' title="bbox 367 1349 1952 1430; baseline -0.006 -16"><span class='ocrx_word' id='word_1_103' title='bbox 367 1359 546 1430; x_wconf 76' lang='lat' dir='ltr'><strong>quibus</strong></span> <span class='ocrx_word' id='word_1_104' title='bbox 580 1374 684 1414; x_wconf 84' lang='lat' dir='ltr'><strong>non</strong></span> <span class='ocrx_word' id='word_1_105' title='bbox 711 1366 784 1412; x_wconf 87' lang='lat' dir='ltr'><strong>est</strong></span> <span class='ocrx_word' id='word_1_106' title='bbox 805 1355 985 1412; x_wconf 76' lang='lat' dir='ltr'><strong>salus?</strong></span> <span class='ocrx_word' id='word_1_107' title='bbox 1013 1353 1093 1410; x_wconf 82' lang='lat' dir='ltr'><strong>Ne</strong></span> <span class='ocrx_word' id='word_1_108' title='bbox 1118 1351 1334 1424; x_wconf 89' lang='lat' dir='ltr'><strong>propria</strong></span> <span class='ocrx_word' id='word_1_109' title='bbox 1372 1351 1589 1422; x_wconf 85' lang='lat' dir='ltr'><strong>quidem</strong></span> <span class='ocrx_word' id='word_1_110' title='bbox 1623 1351 1770 1406; x_wconf 87' lang='lat' dir='ltr'><strong>salus</strong></span> <span class='ocrx_word' id='word_1_111' title='bbox 1789 1359 1872 1406; x_wconf 90' lang='lat' dir='ltr'><strong>est</strong></span> <span class='ocrx_word' id='word_1_112' title='bbox 1898 1349 1952 1404; x_wconf 95' lang='lat' dir='ltr'><strong>in</strong></span> 
     </span>
    </p>
   </div>
   <div class='ocr_carea' id='block_1_15' title="bbox 367 1441 1952 1520">
    <p class='ocr_par' dir='ltr' id='par_1_15' title="bbox 367 1441 1952 1520">
     <span class='ocr_line' id='line_1_15' title="bbox 367 1441 1952 1520; baseline -0.007 -14"><span class='ocrx_word' id='word_1_113' title='bbox 367 1465 553 1506; x_wconf 89' lang='lat' dir='ltr'><strong>eorum</strong></span> <span class='ocrx_word' id='word_1_114' title='bbox 580 1456 880 1520; x_wconf 87' lang='lat' dir='ltr'><strong>potestate,</strong></span> <span class='ocrx_word' id='word_1_115' title='bbox 910 1461 1010 1502; x_wconf 91' lang='lat' dir='ltr'><strong>nec</strong></span> <span class='ocrx_word' id='word_1_116' title='bbox 1047 1459 1108 1500; x_wconf 89' lang='lat' dir='ltr'><strong>se</strong></span> <span class='ocrx_word' id='word_1_117' title='bbox 1136 1453 1360 1515; x_wconf 89' lang='lat' dir='ltr'><strong>possunt</strong></span> <span class='ocrx_word' id='word_1_118' title='bbox 1384 1441 1696 1498; x_wconf 74' lang='lat' dir='ltr'><strong>defendere.</strong></span> <span class='ocrx_word' id='word_1_119' title='bbox 1725 1441 1780 1498; x_wconf 97' lang='lat' dir='ltr'><strong>Si</strong></span> <span class='ocrx_word' id='word_1_120' title='bbox 1808 1441 1952 1498; x_wconf 90' lang='lat' dir='ltr'><strong>enim</strong></span> 
     </span>
    </p>
   </div>
   <div class='ocr_carea' id='block_1_16' title="bbox 369 1533 1950 1610">
    <p class='ocr_par' dir='ltr' id='par_1_16' title="bbox 369 1533 1950 1610">
     <span class='ocr_line' id='line_1_16' title="bbox 369 1533 1950 1610; baseline -0.005 -14"><span class='ocrx_word' id='word_1_121' title='bbox 369 1556 514 1596; x_wconf 90' lang='lat' dir='ltr'><strong>mors</strong></span> <span class='ocrx_word' id='word_1_122' title='bbox 539 1539 842 1607; x_wconf 76' lang='lat' dir='ltr'><strong>advenerit,</strong></span> <span class='ocrx_word' id='word_1_123' title='bbox 877 1537 1136 1610; x_wconf 89' lang='lat' dir='ltr'><strong>jacebunt</strong></span> <span class='ocrx_word' id='word_1_124' title='bbox 1165 1534 1332 1606; x_wconf 84' lang='lat' dir='ltr'><strong>magis</strong></span> <span class='ocrx_word' id='word_1_125' title='bbox 1359 1534 1493 1590; x_wconf 90' lang='lat' dir='ltr'><strong>muti</strong></span> <span class='ocrx_word' id='word_1_126' title='bbox 1517 1549 1677 1605; x_wconf 90' lang='lat' dir='ltr'><strong>quam</strong></span> <span class='ocrx_word' id='word_1_127' title='bbox 1723 1533 1950 1604; x_wconf 87' lang='lat' dir='ltr'><strong>lapides.</strong></span> 
     </span>
    </p>
   </div>
   <div class='ocr_carea' id='block_1_17' title="bbox 369 1621 1951 1703">
    <p class='ocr_par' dir='ltr' id='par_1_17' title="bbox 369 1621 1951 1703">
     <span class='ocr_line' id='line_1_17' title="bbox 369 1621 1951 1703; baseline -0.007 -15"><span class='ocrx_word' id='word_1_128' title='bbox 369 1632 483 1688; x_wconf 78' lang='lat' dir='ltr'><strong>Hoc</strong></span> <span class='ocrx_word' id='word_1_129' title='bbox 506 1621 650 1688; x_wconf 85' lang='lat' dir='ltr'><strong>enim</strong></span> <span class='ocrx_word' id='word_1_130' title='bbox 679 1639 764 1688; x_wconf 90' lang='lat' dir='ltr'><strong>est</strong></span> <span class='ocrx_word' id='word_1_131' title='bbox 790 1629 932 1703; x_wconf 88' lang='lat' dir='ltr'><strong>quod</strong></span> <span class='ocrx_word' id='word_1_132' title='bbox 953 1627 1114 1684; x_wconf 82' lang='lat' dir='ltr'><strong>infert</strong></span> <span class='ocrx_word' id='word_1_133' title='bbox 1141 1627 1325 1684; x_wconf 87' lang='lat' dir='ltr'><strong>dicens</strong></span> <span class='ocrx_word' id='word_1_134' title='bbox 1355 1645 1369 1683; x_wconf 89' lang='lat'><strong>:</strong></span> <span class='ocrx_word' id='word_1_135' title='bbox 1393 1625 1566 1681; x_wconf 68' lang='lat' dir='ltr'><strong>Exibit</strong></span> <span class='ocrx_word' id='word_1_136' title='bbox 1587 1626 1800 1696; x_wconf 85' lang='lat' dir='ltr'><strong>spiritus</strong></span> <span class='ocrx_word' id='word_1_137' title='bbox 1819 1625 1951 1696; x_wconf 82' lang='lat' dir='ltr'><strong>ejus,</strong></span> 
     </span>
    </p>
   </div>
   <div class='ocr_carea' id='block_1_18' title="bbox 369 1717 1954 1789">
    <p class='ocr_par' dir='ltr' id='par_1_18' title="bbox 369 1717 1954 1789">
     <span class='ocr_line' id='line_1_18' title="bbox 369 1717 1954 1789; baseline -0.004 -12"><span class='ocrx_word' id='word_1_138' title='bbox 369 1734 416 1778; x_wconf 89' lang='lat' dir='ltr'><strong>et</strong></span> <span class='ocrx_word' id='word_1_139' title='bbox 443 1730 715 1777; x_wconf 75' lang='lat' dir='ltr'><strong>revertetur</strong></span> <span class='ocrx_word' id='word_1_140' title='bbox 736 1721 791 1776; x_wconf 89' lang='lat' dir='ltr'><strong>in</strong></span> <span class='ocrx_word' id='word_1_141' title='bbox 815 1730 1000 1776; x_wconf 86' lang='lat' dir='ltr'><strong>terram</strong></span> <span class='ocrx_word' id='word_1_142' title='bbox 1025 1735 1191 1776; x_wconf 86' lang='lat' dir='ltr'><strong>suam.</strong></span> <span class='ocrx_word' id='word_1_143' title='bbox 1217 1717 1284 1774; x_wconf 83' lang='lat' dir='ltr'><strong>In</strong></span> <span class='ocrx_word' id='word_1_144' title='bbox 1305 1719 1396 1773; x_wconf 88' lang='lat' dir='ltr'><strong>illa</strong></span> <span class='ocrx_word' id='word_1_145' title='bbox 1423 1718 1506 1772; x_wconf 89' lang='lat' dir='ltr'><strong>die</strong></span> <span class='ocrx_word' id='word_1_146' title='bbox 1525 1717 1756 1789; x_wconf 88' lang='lat' dir='ltr'><strong>peribunt</strong></span> <span class='ocrx_word' id='word_1_147' title='bbox 1781 1733 1954 1771; x_wconf 88' lang='lat' dir='ltr'><strong>omnes</strong></span> 
     </span>
    </p>
   </div>
   <div class='ocr_carea' id='block_1_19' title="bbox 371 1808 1954 1885">
    <p class='ocr_par' dir='ltr' id='par_1_19' title="bbox 371 1808 1954 1885">
     <span class='ocr_line' id='line_1_19' title="bbox 371 1808 1954 1885; baseline -0.003 -17"><span class='ocrx_word' id='word_1_148' title='bbox 371 1814 699 1885; x_wconf 79' lang='lat' dir='ltr'><strong>cogitationes</strong></span> <span class='ocrx_word' id='word_1_149' title='bbox 739 1813 872 1885; x_wconf 84' lang='lat' dir='ltr'><strong>ejus.</strong></span> <span class='ocrx_word' id='word_1_150' title='bbox 897 1813 1070 1877; x_wconf 80' lang='lat' dir='ltr'><strong>Alius,</strong></span> <span class='ocrx_word' id='word_1_151' title='bbox 1098 1810 1372 1884; x_wconf 87' lang='lat' dir='ltr'><strong>Proposita</strong></span> <span class='ocrx_word' id='word_1_152' title='bbox 1397 1811 1508 1883; x_wconf 75' lang='lat' dir='ltr'><strong>ejus</strong></span> <span class='ocrx_word' id='word_1_153' title='bbox 1536 1809 1637 1882; x_wconf 75' lang='grc' dir='ltr'><strong>(ὁ).</strong></span> <span class='ocrx_word' id='word_1_154' title='bbox 1661 1808 1815 1878; x_wconf 82' lang='lat' dir='ltr'><strong>Quod</strong></span> <span class='ocrx_word' id='word_1_155' title='bbox 1855 1822 1954 1864; x_wconf 80' lang='lat' dir='ltr'><strong>au—</strong></span> 
     </span>
    </p>
   </div>
   <div class='ocr_carea' id='block_1_20' title="bbox 372 1903 1954 1976">
    <p class='ocr_par' dir='ltr' id='par_1_20' title="bbox 372 1903 1954 1976">
     <span class='ocr_line' id='line_1_20' title="bbox 372 1903 1954 1976; baseline -0.002 -15"><span class='ocrx_word' id='word_1_156' title='bbox 372 1917 479 1962; x_wconf 90' lang='lat' dir='ltr'><strong>tem</strong></span> <span class='ocrx_word' id='word_1_157' title='bbox 509 1905 640 1962; x_wconf 90' lang='lat' dir='ltr'><strong>dicit</strong></span> <span class='ocrx_word' id='word_1_158' title='bbox 668 1914 754 1962; x_wconf 84' lang='lat' dir='ltr'><strong>est</strong></span> <span class='ocrx_word' id='word_1_159' title='bbox 793 1905 1098 1976; x_wconf 81' lang='lat' dir='ltr'><strong>ejusmodi:</strong></span> <span class='ocrx_word' id='word_1_160' title='bbox 1126 1903 1228 1972; x_wconf 87' lang='lat' dir='ltr'><strong>Qui</strong></span> <span class='ocrx_word' id='word_1_161' title='bbox 1255 1905 1490 1975; x_wconf 89' lang='lat' dir='ltr'><strong>scipsum</strong></span> <span class='ocrx_word' id='word_1_162' title='bbox 1518 1919 1623 1960; x_wconf 92' lang='lat' dir='ltr'><strong>non</strong></span> <span class='ocrx_word' id='word_1_163' title='bbox 1654 1913 1828 1975; x_wconf 85' lang='lat' dir='ltr'><strong>potest</strong></span> <span class='ocrx_word' id='word_1_164' title='bbox 1855 1903 1954 1958; x_wconf 75' lang='lat' dir='ltr'><strong>dc~</strong></span> 
     </span>
    </p>
   </div>
   <div class='ocr_carea' id='block_1_21' title="bbox 371 1991 1956 2072">
    <p class='ocr_par' dir='ltr' id='par_1_21' title="bbox 371 1991 1956 2072">
     <span class='ocr_line' id='line_1_21' title="bbox 371 1991 1956 2072; baseline -0.002 -19"><span class='ocrx_word' id='word_1_165' title='bbox 371 2000 624 2068; x_wconf 79' lang='lat' dir='ltr'><strong>tendere,</strong></span> <span class='ocrx_word' id='word_1_166' title='bbox 652 1999 922 2072; x_wconf 87' lang='lat' dir='ltr'><strong>quomodo</strong></span> <span class='ocrx_word' id='word_1_167' title='bbox 949 1999 1146 2071; x_wconf 88' lang='lat' dir='ltr'><strong>eripiet</strong></span> <span class='ocrx_word' id='word_1_168' title='bbox 1167 1991 1339 2054; x_wconf 79' lang='lat' dir='ltr'><strong>alios?</strong></span> <span class='ocrx_word' id='word_1_169' title='bbox 1359 1996 1500 2053; x_wconf 85' lang='lat' dir='ltr'><strong>Nihil</strong></span> <span class='ocrx_word' id='word_1_170' title='bbox 1530 2005 1612 2053; x_wconf 87' lang='lat' dir='ltr'><strong>est</strong></span> <span class='ocrx_word' id='word_1_171' title='bbox 1636 1997 1779 2053; x_wconf 89' lang='lat' dir='ltr'><strong>enim</strong></span> <span class='ocrx_word' id='word_1_172' title='bbox 1804 2011 1956 2066; x_wconf 59' lang='lat' dir='ltr'><strong>atque</strong></span> 
     </span>
    </p>
   </div>
   <div class='ocr_carea' id='block_1_22' title="bbox 372 2090 1957 2162">
    <p class='ocr_par' dir='ltr' id='par_1_22' title="bbox 372 2090 1957 2162">
     <span class='ocr_line' id='line_1_22' title="bbox 372 2090 1957 2162; baseline -0.001 -15"><span class='ocrx_word' id='word_1_173' title='bbox 372 2092 642 2148; x_wconf 73' lang='lat' dir='ltr'><strong>inﬁrmum</strong></span> <span class='ocrx_word' id='word_1_174' title='bbox 664 2101 719 2149; x_wconf 91' lang='lat' dir='ltr'><strong>et</strong></span> <span class='ocrx_word' id='word_1_175' title='bbox 739 2092 1092 2159; x_wconf 89' lang='lat' dir='ltr'><strong>imbecillum,</strong></span> <span class='ocrx_word' id='word_1_176' title='bbox 1124 2100 1182 2148; x_wconf 92' lang='lat' dir='ltr'><strong>ut</strong></span> <span class='ocrx_word' id='word_1_177' title='bbox 1206 2106 1268 2147; x_wconf 88' lang='lat' dir='ltr'><strong>ea</strong></span> <span class='ocrx_word' id='word_1_178' title='bbox 1292 2105 1435 2162; x_wconf 84' lang='lat' dir='ltr'><strong>spes.</strong></span> <span class='ocrx_word' id='word_1_179' title='bbox 1459 2090 1515 2146; x_wconf 88' lang='lat' dir='ltr'><strong>id</strong></span> <span class='ocrx_word' id='word_1_180' title='bbox 1559 2099 1738 2146; x_wconf 89' lang='lat' dir='ltr'><strong>autem</strong></span> <span class='ocrx_word' id='word_1_181' title='bbox 1775 2099 1957 2145; x_wconf 82' lang='lat' dir='ltr'><strong>osten-</strong></span> 
     </span>
    </p>
   </div>
   <div class='ocr_carea' id='block_1_23' title="bbox 371 2181 1955 2258">
    <p class='ocr_par' dir='ltr' id='par_1_23' title="bbox 371 2181 1955 2258">
     <span class='ocr_line' id='line_1_23' title="bbox 371 2181 1955 2258; baseline -0.004 -16"><span class='ocrx_word' id='word_1_182' title='bbox 371 2185 450 2243; x_wconf 85' lang='lat' dir='ltr'><strong>dit</strong></span> <span class='ocrx_word' id='word_1_183' title='bbox 497 2185 612 2258; x_wconf 81' lang='lat' dir='ltr'><strong>ipsa</strong></span> <span class='ocrx_word' id='word_1_184' title='bbox 660 2201 841 2242; x_wconf 88' lang='lat' dir='ltr'><strong>rerum</strong></span> <span class='ocrx_word' id='word_1_185' title='bbox 890 2193 1098 2241; x_wconf 88' lang='lat' dir='ltr'><strong>natura.</strong></span> <span class='ocrx_word' id='word_1_186' title='bbox 1139 2184 1208 2240; x_wconf 85' lang='lat' dir='ltr'><strong>Et</strong></span> <span class='ocrx_word' id='word_1_187' title='bbox 1251 2183 1373 2240; x_wconf 90' lang='lat' dir='ltr'><strong>ideo</strong></span> <span class='ocrx_word' id='word_1_188' title='bbox 1418 2183 1612 2240; x_wconf 84' lang='lat' dir='ltr'><strong>Paulus</strong></span> <span class='ocrx_word' id='word_1_189' title='bbox 1650 2181 1718 2238; x_wconf 93' lang='lat' dir='ltr'><strong>de</strong></span> <span class='ocrx_word' id='word_1_190' title='bbox 1761 2196 1859 2252; x_wconf 88' lang='lat' dir='ltr'><strong>spe</strong></span> <span class='ocrx_word' id='word_1_191' title='bbox 1902 2183 1955 2236; x_wconf 90' lang='lat' dir='ltr'><strong>in</strong></span> 
     </span>
    </p>
   </div>
   <div class='ocr_carea' id='block_1_24' title="bbox 375 2272 1958 2345">
    <p class='ocr_par' dir='ltr' id='par_1_24' title="bbox 375 2272 1958 2345">
     <span class='ocr_line' id='line_1_24' title="bbox 375 2272 1958 2345; baseline -0.003 -14"><span class='ocrx_word' id='word_1_192' title='bbox 375 2276 539 2332; x_wconf 85' lang='lat' dir='ltr'><strong>Deum</strong></span> <span class='ocrx_word' id='word_1_193' title='bbox 564 2275 840 2332; x_wconf 85' lang='lat' dir='ltr'><strong>disserens</strong></span> <span class='ocrx_word' id='word_1_194' title='bbox 877 2275 1088 2332; x_wconf 87' lang='lat' dir='ltr'><strong>dicebat</strong></span> <span class='ocrx_word' id='word_1_195' title='bbox 1117 2292 1134 2330; x_wconf 87' lang='lat'><strong>:</strong></span> <span class='ocrx_word' id='word_1_196' title='bbox 1171 2273 1304 2345; x_wconf 82' lang='lat' dir='ltr'><strong>Spes</strong></span> <span class='ocrx_word' id='word_1_197' title='bbox 1344 2283 1515 2329; x_wconf 87' lang='lat' dir='ltr'><strong>autem</strong></span> <span class='ocrx_word' id='word_1_198' title='bbox 1549 2289 1653 2328; x_wconf 80' lang='lat' dir='ltr'><strong>non</strong></span> <span class='ocrx_word' id='word_1_199' title='bbox 1690 2272 1958 2342; x_wconf 76' lang='lat' dir='ltr'><strong>confundit</strong></span> 
     </span>
    </p>
   </div>
   <div class='ocr_carea' id='block_1_25' title="bbox 374 2367 764 2440">
    <p class='ocr_par' dir='ltr' id='par_1_25' title="bbox 374 2367 764 2440">
     <span class='ocr_line' id='line_1_25' title="bbox 374 2367 764 2440; baseline -0.008 -15"><span class='ocrx_word' id='word_1_200' title='bbox 374 2369 549 2440; x_wconf 83' lang='lat' dir='ltr'><strong>(Rom.</strong></span> <span class='ocrx_word' id='word_1_201' title='bbox 572 2369 627 2424; x_wconf 77' lang='lat'><strong>5.</strong></span> <span class='ocrx_word' id='word_1_202' title='bbox 654 2367 734 2437; x_wconf 82' lang='lat'><strong>5).</strong></span> <span class='ocrx_word' id='word_1_203' title='bbox 761 2419 764 2422; x_wconf 77' lang='lat'><strong><em>.</em></strong></span> 
     </span>
    </p>
   </div>
   <div class='ocr_carea' id='block_1_26' title="bbox 443 2455 1956 2528">
    <p class='ocr_par' dir='ltr' id='par_1_26' title="bbox 443 2455 1956 2528">
     <span class='ocr_line' id='line_1_26' title="bbox 443 2455 1956 2528; baseline -0.002 -15"><span class='ocrx_word' id='word_1_204' title='bbox 443 2457 744 2527; x_wconf 72' lang='lat' dir='ltr'><strong>Principum</strong></span> <span class='ocrx_word' id='word_1_205' title='bbox 763 2457 985 2512; x_wconf 81' lang='lat' dir='ltr'><strong>conditio</strong></span> <span class='ocrx_word' id='word_1_206' title='bbox 1004 2456 1180 2512; x_wconf 84' lang='lat' dir='ltr'><strong>eadem</strong></span> <span class='ocrx_word' id='word_1_207' title='bbox 1198 2471 1311 2528; x_wconf 70' lang='lat' dir='ltr'><strong>qua</strong></span> <span class='ocrx_word' id='word_1_208' title='bbox 1330 2455 1653 2527; x_wconf 79' lang='lat' dir='ltr'><strong>plebeiorum.</strong></span> <span class='ocrx_word' id='word_1_209' title='bbox 1671 2485 1742 2495; x_wconf 89' lang='lat'>—</span> <span class='ocrx_word' id='word_1_210' title='bbox 1762 2455 1831 2510; x_wconf 84' lang='lat' dir='ltr'><strong>At</strong></span> <span class='ocrx_word' id='word_1_211' title='bbox 1851 2469 1956 2510; x_wconf 88' lang='lat' dir='ltr'><strong>non</strong></span> 
     </span>
    </p>
   </div>
   <div class='ocr_carea' id='block_1_27' title="bbox 376 2545 1958 2616">
    <p class='ocr_par' dir='ltr' id='par_1_27' title="bbox 376 2545 1958 2616">
     <span class='ocr_line' id='line_1_27' title="bbox 376 2545 1958 2616; baseline -0.003 -11"><span class='ocrx_word' id='word_1_212' title='bbox 376 2550 446 2605; x_wconf 86' lang='lat' dir='ltr'><strong>ita</strong></span> <span class='ocrx_word' id='word_1_213' title='bbox 466 2565 527 2606; x_wconf 83' lang='lat' dir='ltr'><strong>se</strong></span> <span class='ocrx_word' id='word_1_214' title='bbox 551 2550 748 2606; x_wconf 87' lang='lat' dir='ltr'><strong>habent</strong></span> <span class='ocrx_word' id='word_1_215' title='bbox 763 2565 854 2607; x_wconf 86' lang='lat' dir='ltr'><strong>res</strong></span> <span class='ocrx_word' id='word_1_216' title='bbox 873 2549 1153 2616; x_wconf 64' lang='lat' dir='ltr'><strong>humanae;</strong></span> <span class='ocrx_word' id='word_1_217' title='bbox 1175 2548 1272 2605; x_wconf 85' lang='lat' dir='ltr'><strong>sed</strong></span> <span class='ocrx_word' id='word_1_218' title='bbox 1290 2556 1415 2604; x_wconf 90' lang='lat' dir='ltr'><strong>sunt</strong></span> <span class='ocrx_word' id='word_1_219' title='bbox 1437 2547 1623 2603; x_wconf 88' lang='lat' dir='ltr'><strong>umbra</strong></span> <span class='ocrx_word' id='word_1_220' title='bbox 1644 2545 1958 2603; x_wconf 79' lang='lat' dir='ltr'><strong>imbecillio-</strong></span> 
     </span>
    </p>
   </div>
   <div class='ocr_carea' id='block_1_28' title="bbox 377 2638 1958 2710">
    <p class='ocr_par' dir='ltr' id='par_1_28' title="bbox 377 2638 1958 2710">
     <span class='ocr_line' id='line_1_28' title="bbox 377 2638 1958 2710; baseline -0.003 -12"><span class='ocrx_word' id='word_1_221' title='bbox 377 2657 481 2698; x_wconf 78' lang='lat' dir='ltr'><strong>nes.</strong></span> <span class='ocrx_word' id='word_1_222' title='bbox 513 2641 592 2699; x_wconf 87' lang='grc' dir='ltr'>Νε</span> <span class='ocrx_word' id='word_1_223' title='bbox 641 2641 772 2698; x_wconf 88' lang='lat' dir='ltr'><strong>mihi</strong></span> <span class='ocrx_word' id='word_1_224' title='bbox 797 2642 940 2698; x_wconf 89' lang='lat' dir='ltr'><strong>enim</strong></span> <span class='ocrx_word' id='word_1_225' title='bbox 987 2641 1223 2708; x_wconf 82' lang='lat' dir='ltr'><strong>dixeris,</strong></span> <span class='ocrx_word' id='word_1_226' title='bbox 1256 2640 1354 2696; x_wconf 85' lang='lat' dir='ltr'><strong>Est</strong></span> <span class='ocrx_word' id='word_1_227' title='bbox 1391 2639 1657 2710; x_wconf 85' lang='lat' dir='ltr'><strong>princeps.</strong></span> <span class='ocrx_word' id='word_1_228' title='bbox 1703 2638 1958 2709; x_wconf 88' lang='lat' dir='ltr'><strong>Princeps</strong></span> 
     </span>
    </p>
   </div>
   <div class='ocr_carea' id='block_1_29' title="bbox 377 2729 1959 2806">
    <p class='ocr_par' dir='ltr' id='par_1_29' title="bbox 377 2729 1959 2806">
     <span class='ocr_line' id='line_1_29' title="bbox 377 2729 1959 2806; baseline -0.005 -15"><span class='ocrx_word' id='word_1_229' title='bbox 377 2735 521 2791; x_wconf 89' lang='lat' dir='ltr'><strong>enim</strong></span> <span class='ocrx_word' id='word_1_230' title='bbox 550 2750 658 2791; x_wconf 92' lang='lat' dir='ltr'><strong>non</strong></span> <span class='ocrx_word' id='word_1_231' title='bbox 684 2744 768 2791; x_wconf 87' lang='lat' dir='ltr'><strong>est</strong></span> <span class='ocrx_word' id='word_1_232' title='bbox 789 2734 1032 2806; x_wconf 91' lang='lat' dir='ltr'><strong>quolibet</strong></span> <span class='ocrx_word' id='word_1_233' title='bbox 1066 2733 1283 2788; x_wconf 87' lang='lat' dir='ltr'><strong>homine</strong></span> <span class='ocrx_word' id='word_1_234' title='bbox 1308 2731 1518 2802; x_wconf 91' lang='lat' dir='ltr'><strong>plebeio</strong></span> <span class='ocrx_word' id='word_1_235' title='bbox 1559 2729 1804 2800; x_wconf 86' lang='lat' dir='ltr'><strong>superior</strong></span> <span class='ocrx_word' id='word_1_236' title='bbox 1832 2746 1847 2784; x_wconf 90' lang='lat'><strong>:</strong></span> <span class='ocrx_word' id='word_1_237' title='bbox 1875 2736 1959 2784; x_wconf 90' lang='lat' dir='ltr'><strong>est</strong></span> 
     </span>
    </p>
   </div>
   <div class='ocr_carea' id='block_1_30' title="bbox 376 2820 1957 2899">
    <p class='ocr_par' dir='ltr' id='par_1_30' title="bbox 376 2820 1957 2899">
     <span class='ocr_line' id='line_1_30' title="bbox 376 2820 1957 2899; baseline -0.005 -16"><span class='ocrx_word' id='word_1_238' title='bbox 376 2829 518 2883; x_wconf 88' lang='lat' dir='ltr'><strong>enim</strong></span> <span class='ocrx_word' id='word_1_239' title='bbox 546 2825 772 2899; x_wconf 87' lang='lat' dir='ltr'><strong>perinde</strong></span> <span class='ocrx_word' id='word_1_240' title='bbox 798 2828 1014 2883; x_wconf 81' lang='lat' dir='ltr'><strong>incertae</strong></span> <span class='ocrx_word' id='word_1_241' title='bbox 1038 2824 1382 2881; x_wconf 87' lang='lat' dir='ltr'><strong>conditionis.</strong></span> <span class='ocrx_word' id='word_1_242' title='bbox 1416 2824 1589 2892; x_wconf 78' lang='lat' dir='ltr'><strong>Atque</strong></span> <span class='ocrx_word' id='word_1_243' title='bbox 1608 2821 1744 2878; x_wconf 91' lang='lat' dir='ltr'><strong>adeo</strong></span> <span class='ocrx_word' id='word_1_244' title='bbox 1765 2820 1810 2877; x_wconf 89' lang='lat' dir='ltr'><strong>si</strong></span> <span class='ocrx_word' id='word_1_245' title='bbox 1831 2820 1957 2891; x_wconf 87' lang='lat' dir='ltr'><strong>quid</strong></span> 
     </span>
    </p>
   </div>
   <div class='ocr_carea' id='block_1_31' title="bbox 375 2911 1958 2986">
    <p class='ocr_par' dir='ltr' id='par_1_31' title="bbox 375 2911 1958 2986">
     <span class='ocr_line' id='line_1_31' title="bbox 375 2911 1958 2986; baseline -0.006 -12"><span class='ocrx_word' id='word_1_246' title='bbox 375 2918 657 2976; x_wconf 84' lang='lat' dir='ltr'><strong>dicendum</strong></span> <span class='ocrx_word' id='word_1_247' title='bbox 678 2925 761 2974; x_wconf 86' lang='lat' dir='ltr'><strong>est</strong></span> <span class='ocrx_word' id='word_1_248' title='bbox 785 2915 1124 2981; x_wconf 83' lang='lat' dir='ltr'><strong>admirabile,</strong></span> <span class='ocrx_word' id='word_1_249' title='bbox 1155 2923 1374 2986; x_wconf 73' lang='lat' dir='ltr'><strong>propter</strong></span> <span class='ocrx_word' id='word_1_250' title='bbox 1401 2911 1504 2968; x_wconf 91' lang='lat' dir='ltr'><strong>hoc</strong></span> <span class='ocrx_word' id='word_1_251' title='bbox 1523 2911 1698 2982; x_wconf 87' lang='lat' dir='ltr'><strong>ipsum</strong></span> <span class='ocrx_word' id='word_1_252' title='bbox 1724 2911 1958 2966; x_wconf 89' lang='lat' dir='ltr'><strong>maxime</strong></span> 
     </span>
    </p>
   </div>
   <div class='ocr_carea' id='block_1_32' title="bbox 374 3001 1956 3078">
    <p class='ocr_par' dir='ltr' id='par_1_32' title="bbox 374 3001 1956 3078">
     <span class='ocr_line' id='line_1_32' title="bbox 374 3001 1956 3078; baseline -0.008 -12"><span class='ocrx_word' id='word_1_253' title='bbox 374 3024 479 3066; x_wconf 88' lang='lat' dir='ltr'><strong>non</strong></span> <span class='ocrx_word' id='word_1_254' title='bbox 507 3017 589 3065; x_wconf 91' lang='lat' dir='ltr'><strong>est</strong></span> <span class='ocrx_word' id='word_1_255' title='bbox 617 3007 910 3073; x_wconf 77' lang='lat' dir='ltr'><strong>ﬁdendum,</strong></span> <span class='ocrx_word' id='word_1_256' title='bbox 931 3005 1071 3078; x_wconf 91' lang='lat' dir='ltr'><strong>quod</strong></span> <span class='ocrx_word' id='word_1_257' title='bbox 1097 3006 1167 3061; x_wconf 87' lang='lat' dir='ltr'><strong>sit</strong></span> <span class='ocrx_word' id='word_1_258' title='bbox 1191 3005 1458 3076; x_wconf 83' lang='lat' dir='ltr'><strong>princeps.</strong></span> <span class='ocrx_word' id='word_1_259' title='bbox 1483 3001 1620 3078; x_wconf 85' lang='lat' dir='ltr'><strong>Sunt</strong></span> <span class='ocrx_word' id='word_1_260' title='bbox 1639 3003 1783 3056; x_wconf 88' lang='lat' dir='ltr'><strong>enim</strong></span> <span class='ocrx_word' id='word_1_261' title='bbox 1806 3016 1956 3056; x_wconf 84' lang='lat' dir='ltr'><strong>sum-</strong></span> 
     </span>
    </p>
   </div>
   <div class='ocr_carea' id='block_1_33' title="bbox 374 3091 1957 3170">
    <p class='ocr_par' dir='ltr' id='par_1_33' title="bbox 374 3091 1957 3170">
     <span class='ocr_line' id='line_1_33' title="bbox 374 3091 1957 3170; baseline -0.005 -16"><span class='ocrx_word' id='word_1_262' title='bbox 374 3114 594 3170; x_wconf 89' lang='lat' dir='ltr'><strong>mopere</strong></span> <span class='ocrx_word' id='word_1_263' title='bbox 645 3098 836 3155; x_wconf 81' lang='lat' dir='ltr'><strong>lubrici</strong></span> <span class='ocrx_word' id='word_1_264' title='bbox 884 3107 942 3154; x_wconf 92' lang='lat' dir='ltr'><strong>et</strong></span> <span class='ocrx_word' id='word_1_265' title='bbox 991 3095 1278 3168; x_wconf 85' lang='lat' dir='ltr'><strong>periculosi</strong></span> <span class='ocrx_word' id='word_1_266' title='bbox 1331 3095 1386 3149; x_wconf 78' lang='lat' dir='ltr'><strong>lii</strong></span> <span class='ocrx_word' id='word_1_267' title='bbox 1439 3095 1785 3166; x_wconf 89' lang='lat' dir='ltr'><strong>principatus.</strong></span> <span class='ocrx_word' id='word_1_268' title='bbox 1842 3091 1957 3148; x_wconf 87' lang='lat' dir='ltr'><strong>Etsi</strong></span> 
     </span>
    </p>
   </div>
   <div class='ocr_carea' id='block_1_34' title="bbox 374 3184 1958 3255">
    <p class='ocr_par' dir='ltr' id='par_1_34' title="bbox 374 3184 1958 3255">
     <span class='ocr_line' id='line_1_34' title="bbox 374 3184 1958 3255; baseline -0.004 -11"><span class='ocrx_word' id='word_1_269' title='bbox 374 3189 555 3245; x_wconf 88' lang='lat' dir='ltr'><strong>nullus</strong></span> <span class='ocrx_word' id='word_1_270' title='bbox 579 3188 630 3244; x_wconf 89' lang='lat' dir='ltr'><strong>ei</strong></span> <span class='ocrx_word' id='word_1_271' title='bbox 657 3201 815 3245; x_wconf 84' lang='lat' dir='ltr'><strong>casus</strong></span> <span class='ocrx_word' id='word_1_272' title='bbox 841 3185 1080 3252; x_wconf 87' lang='lat' dir='ltr'><strong>accidat,</strong></span> <span class='ocrx_word' id='word_1_273' title='bbox 1109 3193 1195 3240; x_wconf 87' lang='lat' dir='ltr'><strong>est</strong></span> <span class='ocrx_word' id='word_1_274' title='bbox 1223 3184 1289 3240; x_wconf 89' lang='lat' dir='ltr'><strong>ad</strong></span> <span class='ocrx_word' id='word_1_275' title='bbox 1321 3186 1458 3240; x_wconf 87' lang='lat' dir='ltr'><strong>iram</strong></span> <span class='ocrx_word' id='word_1_276' title='bbox 1487 3184 1756 3255; x_wconf 80' lang='lat' dir='ltr'><strong>proclivis,</strong></span> <span class='ocrx_word' id='word_1_277' title='bbox 1785 3191 1841 3239; x_wconf 92' lang='lat' dir='ltr'><strong>et</strong></span> <span class='ocrx_word' id='word_1_278' title='bbox 1863 3198 1958 3254; x_wconf 81' lang='lat' dir='ltr'><strong>po-</strong></span> 
     </span>
    </p>
   </div>
   <div class='ocr_carea' id='block_1_35' title="bbox 376 3273 1959 3350">
    <p class='ocr_par' dir='ltr' id='par_1_35' title="bbox 376 3273 1959 3350">
     <span class='ocr_line' id='line_1_35' title="bbox 376 3273 1959 3350; baseline -0.005 -13"><span class='ocrx_word' id='word_1_279' title='bbox 376 3288 568 3337; x_wconf 83' lang='lat' dir='ltr'><strong>testate</strong></span> <span class='ocrx_word' id='word_1_280' title='bbox 597 3279 668 3335; x_wconf 89' lang='lat' dir='ltr'><strong>ad</strong></span> <span class='ocrx_word' id='word_1_281' title='bbox 689 3279 981 3350; x_wconf 85' lang='lat' dir='ltr'><strong>nequitiam</strong></span> <span class='ocrx_word' id='word_1_282' title='bbox 1010 3277 1248 3333; x_wconf 80' lang='lat' dir='ltr'><strong>abutitur</strong></span> <span class='ocrx_word' id='word_1_283' title='bbox 1267 3318 1282 3344; x_wconf 96' lang='lat'><strong>,</strong></span> <span class='ocrx_word' id='word_1_284' title='bbox 1313 3285 1372 3332; x_wconf 93' lang='lat' dir='ltr'><strong>ut</strong></span> <span class='ocrx_word' id='word_1_285' title='bbox 1397 3275 1656 3330; x_wconf 89' lang='lat' dir='ltr'><strong>rationem</strong></span> <span class='ocrx_word' id='word_1_286' title='bbox 1701 3289 1808 3330; x_wconf 91' lang='lat' dir='ltr'><strong>non</strong></span> <span class='ocrx_word' id='word_1_287' title='bbox 1835 3273 1959 3330; x_wconf 82' lang='lat' dir='ltr'><strong>red-</strong></span> 
     </span>
    </p>
   </div>
   <div class='ocr_carea' id='block_1_36' title="bbox 373 3366 1960 3441">
    <p class='ocr_par' dir='ltr' id='par_1_36' title="bbox 373 3366 1960 3441">
     <span class='ocr_line' id='line_1_36' title="bbox 373 3366 1960 3441; baseline -0.004 -13"><span class='ocrx_word' id='word_1_288' title='bbox 373 3373 585 3428; x_wconf 84' lang='lat' dir='ltr'><strong>diturus</strong></span> <span class='ocrx_word' id='word_1_289' title='bbox 609 3371 662 3427; x_wconf 90' lang='lat' dir='ltr'><strong>ei</strong></span> <span class='ocrx_word' id='word_1_290' title='bbox 703 3369 796 3441; x_wconf 91' lang='lat' dir='ltr'><strong>qui</strong></span> <span class='ocrx_word' id='word_1_291' title='bbox 824 3370 1232 3440; x_wconf 87' lang='lat' dir='ltr'><strong>promissionem</strong></span> <span class='ocrx_word' id='word_1_292' title='bbox 1265 3367 1475 3439; x_wconf 87' lang='lat' dir='ltr'><strong>accepit</strong></span> <span class='ocrx_word' id='word_1_293' title='bbox 1501 3367 1516 3398; x_wconf 82' lang='grc'>⁸</span> <span class='ocrx_word' id='word_1_294' title='bbox 1553 3383 1566 3421; x_wconf 91' lang='lat'><strong>:</strong></span> <span class='ocrx_word' id='word_1_295' title='bbox 1596 3375 1650 3422; x_wconf 91' lang='lat' dir='ltr'><strong>et</strong></span> <span class='ocrx_word' id='word_1_296' title='bbox 1688 3367 1733 3422; x_wconf 88' lang='lat' dir='ltr'><strong>si</strong></span> <span class='ocrx_word' id='word_1_297' title='bbox 1761 3366 1960 3437; x_wconf 90' lang='lat' dir='ltr'><strong>probus</strong></span> 
     </span>
    </p>
   </div>
   <div class='ocr_carea' id='block_1_37' title="bbox 374 3458 1958 3534">
    <p class='ocr_par' dir='ltr' id='par_1_37' title="bbox 374 3458 1958 3534">
     <span class='ocr_line' id='line_1_37' title="bbox 374 3458 1958 3534; baseline -0.002 -17"><span class='ocrx_word' id='word_1_298' title='bbox 374 3471 663 3534; x_wconf 75' lang='lat' dir='ltr'><strong>gratusque</strong></span> <span class='ocrx_word' id='word_1_299' title='bbox 692 3459 873 3527; x_wconf 88' lang='lat' dir='ltr'><strong>fuerit,</strong></span> <span class='ocrx_word' id='word_1_300' title='bbox 900 3475 966 3516; x_wconf 89' lang='lat' dir='ltr'><strong>eo</strong></span> <span class='ocrx_word' id='word_1_301' title='bbox 999 3458 1205 3515; x_wconf 79' lang='lat' dir='ltr'><strong>facilior</strong></span> <span class='ocrx_word' id='word_1_302' title='bbox 1231 3474 1352 3516; x_wconf 89' lang='lat' dir='ltr'><strong>esse</strong></span> <span class='ocrx_word' id='word_1_303' title='bbox 1401 3459 1598 3530; x_wconf 91' lang='lat' dir='ltr'><strong>poterit</strong></span> <span class='ocrx_word' id='word_1_304' title='bbox 1642 3459 1759 3530; x_wconf 88' lang='lat' dir='ltr'><strong>ejus</strong></span> <span class='ocrx_word' id='word_1_305' title='bbox 1800 3473 1958 3515; x_wconf 89' lang='lat' dir='ltr'><strong>casus</strong></span> 
     </span>
    </p>
   </div>
   <div class='ocr_carea' id='block_1_38' title="bbox 373 3551 1959 3626">
    <p class='ocr_par' dir='ltr' id='par_1_38' title="bbox 373 3551 1959 3626">
     <span class='ocr_line' id='line_1_38' title="bbox 373 3551 1959 3626; baseline -0.001 -15"><span class='ocrx_word' id='word_1_306' title='bbox 373 3569 532 3626; x_wconf 89' lang='lat' dir='ltr'><strong>quam</strong></span> <span class='ocrx_word' id='word_1_307' title='bbox 559 3554 888 3624; x_wconf 78' lang='lat' dir='ltr'><strong>privatorum</strong></span> <span class='ocrx_word' id='word_1_308' title='bbox 906 3594 921 3618; x_wconf 91' lang='lat'><strong>,</strong></span> <span class='ocrx_word' id='word_1_309' title='bbox 950 3567 1060 3624; x_wconf 93' lang='lat' dir='ltr'><strong>quo</strong></span> <span class='ocrx_word' id='word_1_310' title='bbox 1079 3562 1163 3609; x_wconf 90' lang='lat' dir='ltr'><strong>est</strong></span> <span class='ocrx_word' id='word_1_311' title='bbox 1193 3553 1435 3623; x_wconf 86' lang='lat' dir='ltr'><strong>pluribus</strong></span> <span class='ocrx_word' id='word_1_312' title='bbox 1473 3563 1528 3609; x_wconf 90' lang='lat' dir='ltr'><strong>et</strong></span> <span class='ocrx_word' id='word_1_313' title='bbox 1555 3551 1849 3623; x_wconf 88' lang='lat' dir='ltr'><strong>majoribus</strong></span> <span class='ocrx_word' id='word_1_314' title='bbox 1877 3553 1959 3609; x_wconf 60' lang='lat' dir='ltr'><strong>in.</strong></span> 
     </span>
    </p>
   </div>
   <div class='ocr_carea' id='block_1_39' title="bbox 374 3643 1957 3716">
    <p class='ocr_par' dir='ltr' id='par_1_39' title="bbox 374 3643 1957 3716">
     <span class='ocr_line' id='line_1_39' title="bbox 374 3643 1957 3716; baseline -0.001 -16"><span class='ocrx_word' id='word_1_315' title='bbox 374 3644 526 3700; x_wconf 85' lang='lat' dir='ltr'><strong>sidiis</strong></span> <span class='ocrx_word' id='word_1_316' title='bbox 551 3643 818 3700; x_wconf 87' lang='lat' dir='ltr'><strong>obnoxius</strong></span> <span class='ocrx_word' id='word_1_317' title='bbox 847 3661 863 3697; x_wconf 88' lang='lat'><strong>:</strong></span> <span class='ocrx_word' id='word_1_318' title='bbox 885 3650 942 3698; x_wconf 88' lang='lat' dir='ltr'><strong>et</strong></span> <span class='ocrx_word' id='word_1_319' title='bbox 963 3658 1030 3699; x_wconf 92' lang='lat' dir='ltr'><strong>eo</strong></span> <span class='ocrx_word' id='word_1_320' title='bbox 1064 3643 1273 3710; x_wconf 85' lang='lat' dir='ltr'><strong>facilius</strong></span> <span class='ocrx_word' id='word_1_321' title='bbox 1297 3645 1417 3714; x_wconf 86' lang='lat' dir='ltr'><strong>capi</strong></span> <span class='ocrx_word' id='word_1_322' title='bbox 1455 3652 1511 3700; x_wconf 91' lang='lat' dir='ltr'><strong>et</strong></span> <span class='ocrx_word' id='word_1_323' title='bbox 1537 3645 1826 3716; x_wconf 86' lang='lat' dir='ltr'><strong>expugnari</strong></span> <span class='ocrx_word' id='word_1_324' title='bbox 1859 3659 1957 3714; x_wconf 83' lang='lat' dir='ltr'><strong>po-</strong></span> 
     </span>
    </p>
   </div>
   <div class='ocr_carea' id='block_1_40' title="bbox 377 3735 1954 3808">
    <p class='ocr_par' dir='ltr' id='par_1_40' title="bbox 377 3735 1954 3808">
     <span class='ocr_line' id='line_1_40' title="bbox 377 3735 1954 3808; baseline 0.001 -18"><span class='ocrx_word' id='word_1_325' title='bbox 377 3737 524 3805; x_wconf 85' lang='lat' dir='ltr'><strong>terit,</strong></span> <span class='ocrx_word' id='word_1_326' title='bbox 549 3751 657 3808; x_wconf 90' lang='lat' dir='ltr'><strong>quo</strong></span> <span class='ocrx_word' id='word_1_327' title='bbox 682 3736 863 3807; x_wconf 88' lang='lat' dir='ltr'><strong>plures</strong></span> <span class='ocrx_word' id='word_1_328' title='bbox 904 3735 1068 3791; x_wconf 86' lang='lat' dir='ltr'><strong>habet</strong></span> <span class='ocrx_word' id='word_1_329' title='bbox 1094 3735 1457 3794; x_wconf 87' lang='lat' dir='ltr'><strong>insidiatores.</strong></span> <span class='ocrx_word' id='word_1_330' title='bbox 1480 3737 1618 3806; x_wconf 83' lang='lat' dir='ltr'><strong>Quid</strong></span> <span class='ocrx_word' id='word_1_331' title='bbox 1665 3739 1807 3794; x_wconf 89' lang='lat' dir='ltr'><strong>enim</strong></span> <span class='ocrx_word' id='word_1_332' title='bbox 1852 3737 1954 3792; x_wconf 87' lang='lat' dir='ltr'><strong>sibi</strong></span> 
     </span>
    </p>
   </div>
   <div class='ocr_carea' id='block_1_41' title="bbox 377 3827 1954 3899">
    <p class='ocr_par' dir='ltr' id='par_1_41' title="bbox 377 3827 1954 3899">
     <span class='ocr_line' id='line_1_41' title="bbox 377 3827 1954 3899; baseline -0.001 -15"><span class='ocrx_word' id='word_1_333' title='bbox 377 3829 559 3885; x_wconf 88' lang='lat' dir='ltr'><strong>volunt</strong></span> <span class='ocrx_word' id='word_1_334' title='bbox 587 3829 829 3899; x_wconf 90' lang='lat' dir='ltr'><strong>corporis</strong></span> <span class='ocrx_word' id='word_1_335' title='bbox 855 3827 1139 3883; x_wconf 75' lang='lat' dir='ltr'><strong>custodes?</strong></span> <span class='ocrx_word' id='word_1_336' title='bbox 1164 3827 1290 3898; x_wconf 92' lang='lat' dir='ltr'><strong>quid</strong></span> <span class='ocrx_word' id='word_1_337' title='bbox 1321 3842 1450 3884; x_wconf 92' lang='lat' dir='ltr'><strong>vero</strong></span> <span class='ocrx_word' id='word_1_338' title='bbox 1475 3829 1639 3882; x_wconf 89' lang='lat' dir='ltr'><strong>multa</strong></span> <span class='ocrx_word' id='word_1_339' title='bbox 1669 3827 1954 3898; x_wconf 62' lang='lat' dir='ltr'><strong>praesidia?</strong></span> 
     </span>
    </p>
   </div>
   <div class='ocr_carea' id='block_1_42' title="bbox 376 3918 1959 3990">
    <p class='ocr_par' dir='ltr' id='par_1_42' title="bbox 376 3918 1959 3990">
     <span class='ocr_line' id='line_1_42' title="bbox 376 3918 1959 3990; baseline -0.002 -14"><span class='ocrx_word' id='word_1_340' title='bbox 376 3920 653 3990; x_wconf 87' lang='lat' dir='ltr'><strong>Quomodo</strong></span> <span class='ocrx_word' id='word_1_341' title='bbox 677 3934 833 3990; x_wconf 83' lang='lat' dir='ltr'><strong>ergo,</strong></span> <span class='ocrx_word' id='word_1_342' title='bbox 865 3919 958 3990; x_wconf 89' lang='lat' dir='ltr'><strong>qui</strong></span> <span class='ocrx_word' id='word_1_343' title='bbox 987 3918 1041 3974; x_wconf 91' lang='lat' dir='ltr'><strong>in</strong></span> <span class='ocrx_word' id='word_1_344' title='bbox 1080 3919 1314 3984; x_wconf 89' lang='lat' dir='ltr'><strong>civitate,</strong></span> <span class='ocrx_word' id='word_1_345' title='bbox 1346 3934 1466 3989; x_wconf 70' lang='lat' dir='ltr'><strong>quae</strong></span> <span class='ocrx_word' id='word_1_346' title='bbox 1494 3919 1648 3974; x_wconf 90' lang='lat' dir='ltr'><strong>bouis</strong></span> <span class='ocrx_word' id='word_1_347' title='bbox 1675 3919 1883 3990; x_wconf 77' lang='lat' dir='ltr'><strong>legibus</strong></span> <span class='ocrx_word' id='word_1_348' title='bbox 1905 3929 1959 3976; x_wconf 91' lang='lat' dir='ltr'><strong>et</strong></span> 
     </span>
    </p>
   </div>
   <div class='ocr_carea' id='block_1_43' title="bbox 377 4010 1958 4083">
    <p class='ocr_par' dir='ltr' id='par_1_43' title="bbox 377 4010 1958 4083">
     <span class='ocr_line' id='line_1_43' title="bbox 377 4010 1958 4083; baseline -0.003 -13"><span class='ocrx_word' id='word_1_349' title='bbox 377 4013 633 4070; x_wconf 85' lang='lat' dir='ltr'><strong>institutis</strong></span> <span class='ocrx_word' id='word_1_350' title='bbox 659 4014 884 4083; x_wconf 85' lang='lat' dir='ltr'><strong>regitur,</strong></span> <span class='ocrx_word' id='word_1_351' title='bbox 911 4026 1020 4068; x_wconf 88' lang='lat' dir='ltr'><strong>non</strong></span> <span class='ocrx_word' id='word_1_352' title='bbox 1050 4019 1134 4067; x_wconf 88' lang='lat' dir='ltr'><strong>est</strong></span> <span class='ocrx_word' id='word_1_353' title='bbox 1158 4010 1227 4067; x_wconf 92' lang='lat' dir='ltr'><strong>de</strong></span> <span class='ocrx_word' id='word_1_354' title='bbox 1255 4025 1483 4081; x_wconf 90' lang='lat' dir='ltr'><strong>corpore</strong></span> <span class='ocrx_word' id='word_1_355' title='bbox 1510 4025 1752 4078; x_wconf 85' lang='lat' dir='ltr'><strong>securus,</strong></span> <span class='ocrx_word' id='word_1_356' title='bbox 1779 4010 1875 4066; x_wconf 88' lang='lat' dir='ltr'><strong>sed</strong></span> <span class='ocrx_word' id='word_1_357' title='bbox 1905 4011 1958 4066; x_wconf 89' lang='lat' dir='ltr'><strong>in</strong></span> 
     </span>
    </p>
   </div>
   <div class='ocr_carea' id='block_1_44' title="bbox 377 4103 1960 4178">
    <p class='ocr_par' dir='ltr' id='par_1_44' title="bbox 377 4103 1960 4178">
     <span class='ocr_line' id='line_1_44' title="bbox 377 4103 1960 4178; baseline -0.002 -14"><span class='ocrx_word' id='word_1_358' title='bbox 377 4124 436 4164; x_wconf 89' lang='lat' dir='ltr'><strong>ca</strong></span> <span class='ocrx_word' id='word_1_359' title='bbox 469 4115 718 4164; x_wconf 79' lang='lat' dir='ltr'><strong>versatur</strong></span> <span class='ocrx_word' id='word_1_360' title='bbox 762 4115 1032 4178; x_wconf 89' lang='lat' dir='ltr'><strong>tamquam</strong></span> <span class='ocrx_word' id='word_1_361' title='bbox 1080 4105 1132 4160; x_wconf 92' lang='lat' dir='ltr'><strong>in</strong></span> <span class='ocrx_word' id='word_1_362' title='bbox 1184 4104 1377 4161; x_wconf 90' lang='lat' dir='ltr'><strong>mediis</strong></span> <span class='ocrx_word' id='word_1_363' title='bbox 1427 4103 1703 4171; x_wconf 88' lang='lat' dir='ltr'><strong>hostibus,</strong></span> <span class='ocrx_word' id='word_1_364' title='bbox 1750 4105 1836 4160; x_wconf 92' lang='lat' dir='ltr'><strong>cui</strong></span> <span class='ocrx_word' id='word_1_365' title='bbox 1881 4114 1960 4161; x_wconf 92' lang='lat' dir='ltr'><strong>tot</strong></span> 
     </span>
    </p>
   </div>
   <div class='ocr_carea' id='block_1_45' title="bbox 377 4198 1958 4270">
    <p class='ocr_par' dir='ltr' id='par_1_45' title="bbox 377 4198 1958 4270">
     <span class='ocr_line' id='line_1_45' title="bbox 377 4198 1958 4270; baseline -0.001 -14"><span class='ocrx_word' id='word_1_366' title='bbox 377 4201 734 4258; x_wconf 87' lang='lat' dir='ltr'><strong>ostenduntur</strong></span> <span class='ocrx_word' id='word_1_367' title='bbox 757 4199 1053 4258; x_wconf 85' lang='lat' dir='ltr'><strong>certamina</strong></span> <span class='ocrx_word' id='word_1_368' title='bbox 1081 4207 1136 4254; x_wconf 92' lang='lat' dir='ltr'><strong>et</strong></span> <span class='ocrx_word' id='word_1_369' title='bbox 1164 4199 1395 4270; x_wconf 88' lang='lat' dir='ltr'><strong>pericula</strong></span> <span class='ocrx_word' id='word_1_370' title='bbox 1415 4239 1432 4264; x_wconf 97' lang='lat'><strong>,</strong></span> <span class='ocrx_word' id='word_1_371' title='bbox 1463 4198 1596 4253; x_wconf 89' lang='lat' dir='ltr'><strong>alios</strong></span> <span class='ocrx_word' id='word_1_372' title='bbox 1624 4212 1840 4254; x_wconf 88' lang='lat' dir='ltr'><strong>servare</strong></span> <span class='ocrx_word' id='word_1_373' title='bbox 1861 4215 1958 4269; x_wconf 84' lang='lat' dir='ltr'><strong>po-</strong></span> 
     </span>
    </p>
   </div>
   <div class='ocr_carea' id='block_1_46' title="bbox 381 4291 1958 4363">
    <p class='ocr_par' dir='ltr' id='par_1_46' title="bbox 381 4291 1958 4363">
     <span class='ocr_line' id='line_1_46' title="bbox 381 4291 1958 4363; baseline 0 -17"><span class='ocrx_word' id='word_1_374' title='bbox 381 4293 538 4348; x_wconf 87' lang='lat' dir='ltr'><strong>terit?</strong></span> <span class='ocrx_word' id='word_1_375' title='bbox 562 4293 809 4362; x_wconf 90' lang='lat' dir='ltr'><strong>Quicum</strong></span> <span class='ocrx_word' id='word_1_376' title='bbox 835 4294 908 4349; x_wconf 88' lang='lat' dir='ltr'><strong>sit</strong></span> <span class='ocrx_word' id='word_1_377' title='bbox 931 4307 1053 4363; x_wconf 86' lang='lat' dir='ltr'><strong>pax,</strong></span> <span class='ocrx_word' id='word_1_378' title='bbox 1077 4291 1292 4362; x_wconf 75' lang='lat' dir='ltr'><strong>gravius</strong></span> <span class='ocrx_word' id='word_1_379' title='bbox 1324 4291 1506 4356; x_wconf 89' lang='lat' dir='ltr'><strong>timet,</strong></span> <span class='ocrx_word' id='word_1_380' title='bbox 1535 4305 1698 4360; x_wconf 16' lang='lat' dir='ltr'><strong>quam,</strong></span> <span class='ocrx_word' id='word_1_381' title='bbox 1725 4291 1759 4346; x_wconf 91' lang='lat' dir='ltr'><strong>ii</strong></span> <span class='ocrx_word' id='word_1_382' title='bbox 1784 4291 1873 4362; x_wconf 91' lang='lat' dir='ltr'><strong>qui</strong></span> <span class='ocrx_word' id='word_1_383' title='bbox 1905 4291 1958 4346; x_wconf 93' lang='lat' dir='ltr'><strong>in</strong></span> 
     </span>
    </p>
   </div>
   <div class='ocr_carea' id='block_1_47' title="bbox 383 4383 1958 4456">
    <p class='ocr_par' dir='ltr' id='par_1_47' title="bbox 383 4383 1958 4456">
     <span class='ocr_line' id='line_1_47' title="bbox 383 4383 1958 4456; baseline 0.001 -18"><span class='ocrx_word' id='word_1_384' title='bbox 383 4383 525 4439; x_wconf 89' lang='lat' dir='ltr'><strong>bello</strong></span> <span class='ocrx_word' id='word_1_385' title='bbox 553 4393 857 4451; x_wconf 88' lang='lat' dir='ltr'><strong>versantur,</strong></span> <span class='ocrx_word' id='word_1_386' title='bbox 885 4383 1156 4456; x_wconf 90' lang='lat' dir='ltr'><strong>quomodo</strong></span> <span class='ocrx_word' id='word_1_387' title='bbox 1183 4383 1382 4454; x_wconf 91' lang='lat' dir='ltr'><strong>poterit</strong></span> <span class='ocrx_word' id='word_1_388' title='bbox 1411 4383 1544 4438; x_wconf 89' lang='lat' dir='ltr'><strong>alios</strong></span> <span class='ocrx_word' id='word_1_389' title='bbox 1573 4384 1625 4437; x_wconf 91' lang='lat' dir='ltr'><strong>in</strong></span> <span class='ocrx_word' id='word_1_390' title='bbox 1651 4391 1763 4438; x_wconf 91' lang='lat' dir='ltr'><strong>tuto</strong></span> <span class='ocrx_word' id='word_1_391' title='bbox 1787 4384 1958 4440; x_wconf 85' lang='lat' dir='ltr'><strong>collo-</strong></span> 
     </span>
    </p>
   </div>
   <div class='ocr_carea' id='block_1_48' title="bbox 381 4474 1958 4546">
    <p class='ocr_par' dir='ltr' id='par_1_48' title="bbox 381 4474 1958 4546">
     <span class='ocr_line' id='line_1_48' title="bbox 381 4474 1958 4546; baseline 0.002 -18"><span class='ocrx_word' id='word_1_392' title='bbox 381 4489 540 4539; x_wconf 85' lang='lat' dir='ltr'><strong>care,</strong></span> <span class='ocrx_word' id='word_1_393' title='bbox 565 4482 623 4530; x_wconf 88' lang='lat' dir='ltr'><strong>et</strong></span> <span class='ocrx_word' id='word_1_394' title='bbox 665 4475 896 4531; x_wconf 86' lang='lat' dir='ltr'><strong>liberare</strong></span> <span class='ocrx_word' id='word_1_395' title='bbox 930 4491 960 4531; x_wconf 93' lang='lat' dir='ltr'><strong>a</strong></span> <span class='ocrx_word' id='word_1_396' title='bbox 997 4475 1286 4546; x_wconf 84' lang='lat' dir='ltr'><strong>periculis?</strong></span> <span class='ocrx_word' id='word_1_397' title='bbox 1326 4474 1505 4529; x_wconf 75' lang='lat' dir='ltr'><strong>Multis</strong></span> <span class='ocrx_word' id='word_1_398' title='bbox 1530 4484 1696 4540; x_wconf 89' lang='lat' dir='ltr'><strong>certe,</strong></span> <span class='ocrx_word' id='word_1_399' title='bbox 1726 4476 1812 4545; x_wconf 91' lang='lat' dir='ltr'><strong>qui</strong></span> <span class='ocrx_word' id='word_1_400' title='bbox 1861 4491 1958 4546; x_wconf 90' lang='lat' dir='ltr'><strong>po-</strong></span> 
     </span>
    </p>
   </div>
   <div class='ocr_carea' id='block_1_49' title="bbox 383 4565 1960 4639">
    <p class='ocr_par' dir='ltr' id='par_1_49' title="bbox 383 4565 1960 4639">
     <span class='ocr_line' id='line_1_49' title="bbox 383 4565 1960 4639; baseline 0.003 -19"><span class='ocrx_word' id='word_1_401' title='bbox 383 4574 556 4622; x_wconf 87' lang='lat' dir='ltr'><strong>terant</strong></span> <span class='ocrx_word' id='word_1_402' title='bbox 576 4581 670 4636; x_wconf 90' lang='lat' dir='ltr'><strong>per</strong></span> <span class='ocrx_word' id='word_1_403' title='bbox 687 4579 747 4628; x_wconf 86' lang='lat' dir='ltr'><strong>se</strong></span> <span class='ocrx_word' id='word_1_404' title='bbox 765 4580 954 4623; x_wconf 89' lang='lat' dir='ltr'><strong>secure</strong></span> <span class='ocrx_word' id='word_1_405' title='bbox 976 4567 1178 4635; x_wconf 89' lang='lat' dir='ltr'><strong>vivere,</strong></span> <span class='ocrx_word' id='word_1_406' title='bbox 1203 4565 1305 4622; x_wconf 87' lang='lat' dir='ltr'><strong>hoc</strong></span> <span class='ocrx_word' id='word_1_407' title='bbox 1330 4567 1481 4624; x_wconf 91' lang='lat' dir='ltr'><strong>exitii</strong></span> <span class='ocrx_word' id='word_1_408' title='bbox 1501 4581 1660 4623; x_wconf 89' lang='lat' dir='ltr'><strong>causa</strong></span> <span class='ocrx_word' id='word_1_409' title='bbox 1682 4567 1796 4635; x_wconf 89' lang='lat' dir='ltr'><strong>fuit,</strong></span> <span class='ocrx_word' id='word_1_410' title='bbox 1817 4569 1960 4639; x_wconf 92' lang='lat' dir='ltr'><strong>quod</strong></span> 
     </span>
    </p>
   </div>
   <div class='ocr_carea' id='block_1_50' title="bbox 381 4655 1962 4730">
    <p class='ocr_par' dir='ltr' id='par_1_50' title="bbox 381 4655 1962 4730">
     <span class='ocr_line' id='line_1_50' title="bbox 381 4655 1962 4730; baseline 0.004 -20"><span class='ocrx_word' id='word_1_411' title='bbox 381 4655 578 4713; x_wconf 88' lang='lat' dir='ltr'><strong>talibus</strong></span> <span class='ocrx_word' id='word_1_412' title='bbox 602 4655 956 4723; x_wconf 85' lang='lat' dir='ltr'><strong>conliderint;</strong></span> <span class='ocrx_word' id='word_1_413' title='bbox 987 4666 1184 4714; x_wconf 89' lang='lat' dir='ltr'><strong>etcum</strong></span> <span class='ocrx_word' id='word_1_414' title='bbox 1211 4657 1287 4714; x_wconf 89' lang='lat' dir='ltr'><strong>illi</strong></span> <span class='ocrx_word' id='word_1_415' title='bbox 1308 4657 1646 4725; x_wconf 89' lang='lat' dir='ltr'><strong>cecidissent,</strong></span> <span class='ocrx_word' id='word_1_416' title='bbox 1676 4657 1730 4713; x_wconf 87' lang='lat' dir='ltr'><strong>hi</strong></span> <span class='ocrx_word' id='word_1_417' title='bbox 1750 4674 1962 4730; x_wconf 90' lang='lat' dir='ltr'><strong>quoque</strong></span> 
     </span>
    </p>
   </div>
   <div class='ocr_carea' id='block_1_51' title="bbox 445 4763 1962 4827">
    <p class='ocr_par' dir='ltr' id='par_1_51' title="bbox 445 4763 1962 4827">
     <span class='ocr_line' id='line_1_51' title="bbox 445 4763 1962 4827; baseline 0.005 -14"><span class='ocrx_word' id='word_1_418' title='bbox 445 4765 462 4797; x_wconf 79' lang='grc' dir='ltr'><strong>ι</strong></span> <span class='ocrx_word' id='word_1_419' title='bbox 496 4763 698 4814; x_wconf 86' lang='lat' dir='ltr'><strong>Savilius</strong></span> <span class='ocrx_word' id='word_1_420' title='bbox 717 4765 767 4813; x_wconf 89' lang='lat' dir='ltr'><strong>in</strong></span> <span class='ocrx_word' id='word_1_421' title='bbox 789 4765 1008 4827; x_wconf 81' lang='lat' dir='ltr'><strong>margine</strong></span> <span class='ocrx_word' id='word_1_422' title='bbox 1043 4772 1210 4814; x_wconf 87' lang='lat' dir='ltr'><strong>textus</strong></span> <span class='ocrx_word' id='word_1_423' title='bbox 1239 4767 1388 4815; x_wconf 70' lang='lat' dir='ltr'><strong>Graeci</strong></span> <span class='ocrx_word' id='word_1_424' title='bbox 1425 4765 1686 4817; x_wconf 89' lang='lat' dir='ltr'><strong>lectionem</strong></span> <span class='ocrx_word' id='word_1_425' title='bbox 1721 4767 1962 4820; x_wconf 83' lang='lat' dir='ltr'><strong>diversam</strong></span> 
     </span>
    </p>
   </div>
   <div class='ocr_carea' id='block_1_52' title="bbox 380 4827 1964 4888">
    <p class='ocr_par' dir='ltr' id='par_1_52' title="bbox 380 4827 1964 4888">
     <span class='ocr_line' id='line_1_52' title="bbox 380 4827 1964 4888; baseline 0.004 -13"><span class='ocrx_word' id='word_1_426' title='bbox 380 4828 576 4887; x_wconf 89' lang='lat' dir='ltr'><strong>emittit,</strong></span> <span class='ocrx_word' id='word_1_427' title='bbox 588 4839 735 4888; x_wconf 81' lang='lat' dir='ltr'><strong>quam</strong></span> <span class='ocrx_word' id='word_1_428' title='bbox 747 4827 1008 4875; x_wconf 86' lang='lat' dir='ltr'><strong>Gentianus</strong></span> <span class='ocrx_word' id='word_1_429' title='bbox 1030 4833 1268 4876; x_wconf 82' lang='lat' dir='ltr'><strong>llervetus</strong></span> <span class='ocrx_word' id='word_1_430' title='bbox 1288 4829 1359 4888; x_wconf 88' lang='lat' dir='ltr'><strong>sic</strong></span> <span class='ocrx_word' id='word_1_431' title='bbox 1379 4829 1636 4888; x_wconf 87' lang='lat' dir='ltr'><strong>convertit,</strong></span> <span class='ocrx_word' id='word_1_432' title='bbox 1661 4835 1712 4879; x_wconf 93' lang='lat' dir='ltr'><strong>ut</strong></span> <span class='ocrx_word' id='word_1_433' title='bbox 1731 4830 1964 4882; x_wconf 86' lang='lat' dir='ltr'><strong>rationem</strong></span> 
     </span>
    </p>
   </div>
   <div class='ocr_carea' id='block_1_53' title="bbox 382 4887 1966 4950">
    <p class='ocr_par' dir='ltr' id='par_1_53' title="bbox 382 4887 1966 4950">
     <span class='ocr_line' id='line_1_53' title="bbox 382 4887 1966 4950; baseline 0.004 -13"><span class='ocrx_word' id='word_1_434' title='bbox 382 4900 474 4950; x_wconf 75' lang='lat' dir='ltr'><strong>non</strong></span> <span class='ocrx_word' id='word_1_435' title='bbox 505 4887 788 4950; x_wconf 77' lang='lat' dir='ltr'><strong>redditurus</strong></span> <span class='ocrx_word' id='word_1_436' title='bbox 817 4899 982 4950; x_wconf 79' lang='lat' dir='ltr'><strong>eorum</strong></span> <span class='ocrx_word' id='word_1_437' title='bbox 1001 4899 1108 4950; x_wconf 75' lang='lat' dir='ltr'><strong>qua:</strong></span> <span class='ocrx_word' id='word_1_438' title='bbox 1129 4887 1315 4950; x_wconf 80' lang='lat' dir='ltr'><strong>accepit</strong></span> <span class='ocrx_word' id='word_1_439' title='bbox 1347 4887 1408 4938; x_wconf 90' lang='lat' dir='ltr'><strong>ab</strong></span> <span class='ocrx_word' id='word_1_440' title='bbox 1431 4887 1582 4939; x_wconf 83' lang='lat' dir='ltr'><strong>initio.</strong></span> <span class='ocrx_word' id='word_1_441' title='bbox 1607 4887 1700 4940; x_wconf 85' lang='lat' dir='ltr'><strong>Sed</strong></span> <span class='ocrx_word' id='word_1_442' title='bbox 1722 4891 1838 4942; x_wconf 88' lang='lat' dir='ltr'><strong>licet</strong></span> <span class='ocrx_word' id='word_1_443' title='bbox 1859 4893 1966 4943; x_wconf 75' lang='lat' dir='ltr'><strong>htec</strong></span> 
     </span>
    </p>
   </div>
   <div class='ocr_carea' id='block_1_54' title="bbox 381 4948 1966 5013">
    <p class='ocr_par' dir='ltr' id='par_1_54' title="bbox 381 4948 1966 5013">
     <span class='ocr_line' id='line_1_54' title="bbox 381 4948 1966 5013; baseline 0.004 -16"><span class='ocrx_word' id='word_1_444' title='bbox 381 4948 526 5000; x_wconf 78' lang='lat' dir='ltr'><strong>lectio</strong></span> <span class='ocrx_word' id='word_1_445' title='bbox 551 4948 840 5013; x_wconf 15' lang='lat' dir='ltr'><strong>quadrctrad</strong></span> <span class='ocrx_word' id='word_1_446' title='bbox 864 4948 1065 5013; x_wconf 85' lang='lat' dir='ltr'><strong>seriem,</strong></span> <span class='ocrx_word' id='word_1_447' title='bbox 1087 4949 1202 5013; x_wconf 85' lang='lat' dir='ltr'><strong>quia</strong></span> <span class='ocrx_word' id='word_1_448' title='bbox 1221 4948 1291 5013; x_wconf 74' lang='lat' dir='ltr'><strong>ex</strong></span> <span class='ocrx_word' id='word_1_449' title='bbox 1314 4952 1592 5012; x_wconf 83' lang='lat' dir='ltr'><strong>conjectura</strong></span> <span class='ocrx_word' id='word_1_450' title='bbox 1615 4958 1800 5003; x_wconf 84' lang='lat' dir='ltr'><strong>tantum</strong></span> <span class='ocrx_word' id='word_1_451' title='bbox 1821 4956 1966 5004; x_wconf 87' lang='lat' dir='ltr'><strong>resti-</strong></span> 
     </span>
    </p>
   </div>
   <div class='ocr_carea' id='block_1_55' title="bbox 381 5010 1964 5079">
    <p class='ocr_par' dir='ltr' id='par_1_55' title="bbox 381 5010 1964 5079">
     <span class='ocr_line' id='line_1_55' title="bbox 381 5010 1964 5079; baseline 0.004 -19"><span class='ocrx_word' id='word_1_452' title='bbox 381 5013 554 5079; x_wconf 78' lang='lat' dir='ltr'><strong>tuitur,</strong></span> <span class='ocrx_word' id='word_1_453' title='bbox 568 5010 674 5079; x_wconf 79' lang='lat' dir='ltr'><strong>non</strong></span> <span class='ocrx_word' id='word_1_454' title='bbox 693 5011 849 5079; x_wconf 79' lang='lat' dir='ltr'><strong>debet</strong></span> <span class='ocrx_word' id='word_1_455' title='bbox 859 5011 920 5079; x_wconf 86' lang='lat' dir='ltr'><strong>_in</strong></span> <span class='ocrx_word' id='word_1_456' title='bbox 938 5010 1132 5079; x_wconf 81' lang='lat' dir='ltr'><strong>textum</strong></span> <span class='ocrx_word' id='word_1_457' title='bbox 1155 5010 1311 5079; x_wconf 74' lang='lat' dir='ltr'><strong>induci</strong></span> <span class='ocrx_word' id='word_1_458' title='bbox 1333 5050 1346 5070; x_wconf 93' lang='lat'><strong>,</strong></span> <span class='ocrx_word' id='word_1_459' title='bbox 1371 5010 1480 5062; x_wconf 74' lang='lat' dir='ltr'><strong>ciun</strong></span> <span class='ocrx_word' id='word_1_460' title='bbox 1496 5014 1714 5079; x_wconf 79' lang='lat' dir='ltr'><strong>maxime</strong></span> <span class='ocrx_word' id='word_1_461' title='bbox 1734 5027 1797 5079; x_wconf 82' lang='lat' dir='ltr'><strong>ea</strong></span> <span class='ocrx_word' id='word_1_462' title='bbox 1817 5053 1830 5076; x_wconf 92' lang='lat'><strong>,</strong></span> <span class='ocrx_word' id='word_1_463' title='bbox 1851 5029 1964 5079; x_wconf 73' lang='lat' dir='ltr'><strong>qua:</strong></span> 
     </span>
    </p>
   </div>
   <div class='ocr_carea' id='block_1_56' title="bbox 382 5069 1962 5141">
    <p class='ocr_par' dir='ltr' id='par_1_56' title="bbox 382 5069 1962 5141">
     <span class='ocr_line' id='line_1_56' title="bbox 382 5069 1962 5141; baseline 0.004 -20"><span class='ocrx_word' id='word_1_464' title='bbox 382 5071 429 5121; x_wconf 91' lang='lat' dir='ltr'><strong>in</strong></span> <span class='ocrx_word' id='word_1_465' title='bbox 456 5069 822 5141; x_wconf 66' lang='lat' dir='ltr'><strong>exemplaribus</strong></span> <span class='ocrx_word' id='word_1_466' title='bbox 855 5069 1039 5141; x_wconf 75' lang='lat' dir='ltr'><strong>fertur,</strong></span> <span class='ocrx_word' id='word_1_467' title='bbox 1065 5073 1217 5134; x_wconf 86' lang='lat' dir='ltr'><strong>possit</strong></span> <span class='ocrx_word' id='word_1_468' title='bbox 1248 5069 1780 5141; x_wconf 70' lang='lat' dir='ltr'><strong>aliquosaltemmodo</strong></span> <span class='ocrx_word' id='word_1_469' title='bbox 1803 5069 1962 5141; x_wconf 73' lang='lat' dir='ltr'><strong>expli-</strong></span> 
     </span>
    </p>
   </div>
   <div class='ocr_carea' id='block_1_57' title="bbox 381 5133 1964 5201">
    <p class='ocr_par' dir='ltr' id='par_1_57' title="bbox 381 5133 1964 5201">
     <span class='ocr_line' id='line_1_57' title="bbox 381 5133 1964 5201; baseline 0.003 -17"><span class='ocrx_word' id='word_1_470' title='bbox 381 5135 496 5201; x_wconf 72' lang='lat' dir='ltr'><strong>cari.</strong></span> <span class='ocrx_word' id='word_1_471' title='bbox 520 5133 633 5184; x_wconf 78' lang='lat' dir='ltr'><strong>Nam</strong></span> <span class='ocrx_word' id='word_1_472' title='bbox 656 5133 805 5201; x_wconf 80' lang='lat' dir='ltr'><strong>illud,</strong></span> <span class='ocrx_word' id='word_1_473' title='bbox 833 5133 1138 5201; x_wconf 68' lang='lat' dir='ltr'><strong>iurationem</strong></span> <span class='ocrx_word' id='word_1_474' title='bbox 1167 5146 1263 5201; x_wconf 82' lang='lat' dir='ltr'><strong>non</strong></span> <span class='ocrx_word' id='word_1_475' title='bbox 1283 5133 1569 5201; x_wconf 71' lang='lat' dir='ltr'><strong>redditurus</strong></span> <span class='ocrx_word' id='word_1_476' title='bbox 1590 5134 1635 5186; x_wconf 88' lang='lat' dir='ltr'><strong>ei</strong></span> <span class='ocrx_word' id='word_1_477' title='bbox 1657 5135 1740 5201; x_wconf 82' lang='lat' dir='ltr'><strong>qui</strong></span> <span class='ocrx_word' id='word_1_478' title='bbox 1763 5133 1964 5201; x_wconf 77' lang='lat' dir='ltr'><strong>promis-</strong></span> 
     </span>
    </p>
   </div>
   <div class='ocr_carea' id='block_1_58' title="bbox 381 5192 1964 5261">
    <p class='ocr_par' dir='ltr' id='par_1_58' title="bbox 381 5192 1964 5261">
     <span class='ocr_line' id='line_1_58' title="bbox 381 5192 1964 5261; baseline 0.004 -16"><span class='ocrx_word' id='word_1_479' title='bbox 381 5192 562 5261; x_wconf 67' lang='lat' dir='ltr'><strong>sument</strong></span> <span class='ocrx_word' id='word_1_480' title='bbox 598 5192 819 5260; x_wconf 61' lang='lat' dir='ltr'><strong>accepit,</strong></span> <span class='ocrx_word' id='word_1_481' title='bbox 860 5195 939 5245; x_wconf 90' lang='lat' dir='ltr'><strong>hic</strong></span> <span class='ocrx_word' id='word_1_482' title='bbox 959 5193 1144 5261; x_wconf 68' lang='lat' dir='ltr'><strong>dicitur</strong></span> <span class='ocrx_word' id='word_1_483' title='bbox 1171 5195 1244 5261; x_wconf 88' lang='lat' dir='ltr'><strong>_de</strong></span> <span class='ocrx_word' id='word_1_484' title='bbox 1276 5197 1601 5261; x_wconf 78' lang='lat' dir='ltr'><strong>principibus,</strong></span> <span class='ocrx_word' id='word_1_485' title='bbox 1635 5192 1720 5261; x_wconf 79' lang='lat' dir='ltr'><strong>qui</strong></span> <span class='ocrx_word' id='word_1_486' title='bbox 1753 5192 1811 5248; x_wconf 76' lang='lat' dir='ltr'><strong>ad</strong></span> <span class='ocrx_word' id='word_1_487' title='bbox 1846 5202 1964 5251; x_wconf 90' lang='lat' dir='ltr'><strong>iram</strong></span> 
     </span>
    </p>
   </div>
   <div class='ocr_carea' id='block_1_59' title="bbox 382 5255 1962 5321">
    <p class='ocr_par' dir='ltr' id='par_1_59' title="bbox 382 5255 1962 5321">
     <span class='ocr_line' id='line_1_59' title="bbox 382 5255 1962 5321; baseline 0.004 -15"><span class='ocrx_word' id='word_1_488' title='bbox 382 5256 640 5321; x_wconf 69' lang='lat' dir='ltr'><strong>proclives.</strong></span> <span class='ocrx_word' id='word_1_489' title='bbox 655 5255 897 5321; x_wconf 77' lang='lat' dir='ltr'><strong>potestate</strong></span> <span class='ocrx_word' id='word_1_490' title='bbox 914 5255 973 5321; x_wconf 87' lang='lat' dir='ltr'><strong>ad</strong></span> <span class='ocrx_word' id='word_1_491' title='bbox 997 5257 1261 5321; x_wconf 83' lang='lat' dir='ltr'><strong>nequitiam</strong></span> <span class='ocrx_word' id='word_1_492' title='bbox 1279 5255 1561 5318; x_wconf 77' lang='lat' dir='ltr'><strong>abutuntur,</strong></span> <span class='ocrx_word' id='word_1_493' title='bbox 1575 5255 1711 5321; x_wconf 80' lang='lat' dir='ltr'><strong>quasi</strong></span> <span class='ocrx_word' id='word_1_494' title='bbox 1727 5263 1962 5312; x_wconf 88' lang='lat' dir='ltr'><strong>rationem</strong></span> 
     </span>
    </p>
   </div>
   <div class='ocr_carea' id='block_1_60' title="bbox 382 5319 1962 5387">
    <p class='ocr_par' dir='ltr' id='par_1_60' title="bbox 382 5319 1962 5387">
     <span class='ocr_line' id='line_1_60' title="bbox 382 5319 1962 5387; baseline 0.004 -21"><span class='ocrx_word' id='word_1_495' title='bbox 382 5332 478 5367; x_wconf 80' lang='lat' dir='ltr'><strong>non</strong></span> <span class='ocrx_word' id='word_1_496' title='bbox 502 5319 740 5387; x_wconf 70' lang='lat' dir='ltr'><strong>reddituri</strong></span> <span class='ocrx_word' id='word_1_497' title='bbox 763 5319 854 5387; x_wconf 75' lang='lat' dir='ltr'><strong>iis,</strong></span> <span class='ocrx_word' id='word_1_498' title='bbox 879 5320 964 5381; x_wconf 89' lang='lat' dir='ltr'><strong>qui</strong></span> <span class='ocrx_word' id='word_1_499' title='bbox 998 5319 1367 5387; x_wconf 78' lang='lat' dir='ltr'><strong>promissionem</strong></span> <span class='ocrx_word' id='word_1_500' title='bbox 1395 5319 1722 5387; x_wconf 79' lang='lat' dir='ltr'><strong>acceperunt;</strong></span> <span class='ocrx_word' id='word_1_501' title='bbox 1758 5324 1804 5372; x_wconf 91' lang='lat' dir='ltr'><strong>id</strong></span> <span class='ocrx_word' id='word_1_502' title='bbox 1837 5327 1962 5387; x_wconf 82' lang='lat' dir='ltr'><strong>quod</strong></span> 
     </span>
    </p>
   </div>
   <div class='ocr_carea' id='block_1_61' title="bbox 381 5378 1965 5447">
    <p class='ocr_par' dir='ltr' id='par_1_61' title="bbox 381 5378 1965 5447">
     <span class='ocr_line' id='line_1_61' title="bbox 381 5378 1965 5447; baseline 0.006 -20"><span class='ocrx_word' id='word_1_503' title='bbox 381 5381 635 5447; x_wconf 75' lang='lat' dir='ltr'><strong>supponit,</strong></span> <span class='ocrx_word' id='word_1_504' title='bbox 656 5378 1114 5447; x_wconf 63' lang='lat' dir='ltr'><strong>principes&#39;quando</strong></span> <span class='ocrx_word' id='word_1_505' title='bbox 1136 5380 1390 5447; x_wconf 80' lang='lat' dir='ltr'><strong>imperium</strong></span> <span class='ocrx_word' id='word_1_506' title='bbox 1417 5378 1666 5447; x_wconf 73' lang='lat' dir='ltr'><strong>adierunt,</strong></span> <span class='ocrx_word' id='word_1_507' title='bbox 1687 5378 1965 5447; x_wconf 72' lang='lat' dir='ltr'><strong>promisisse</strong></span> 
     </span>
    </p>
   </div>
   <div class='ocr_carea' id='block_1_62' title="bbox 383 5394 1807 5504">
    <p class='ocr_par' dir='ltr' id='par_1_62' title="bbox 383 5394 1807 5504">
     <span class='ocr_line' id='line_1_62' title="bbox 383 5394 1807 5490; baseline 0.005 -63"><span class='ocrx_word' id='word_1_508' title='bbox 383 5394 635 5490; x_wconf 65' lang='lat' dir='ltr'><strong>Mlﬁdponll,</strong></span> <span class='ocrx_word' id='word_1_509' title='bbox 656 5394 899 5444; x_wconf 77' lang='lat' dir='ltr'><strong>pnncrpes</strong></span> <span class='ocrx_word' id='word_1_510' title='bbox 919 5394 1114 5442; x_wconf 83' lang='lat' dir='ltr'><strong>quanoo</strong></span> <span class='ocrx_word' id='word_1_511' title='bbox 1136 5394 1390 5444; x_wconf 77' lang='lat' dir='ltr'><strong>imperium</strong></span> <span class='ocrx_word' id='word_1_512' title='bbox 1417 5394 1666 5442; x_wconf 75' lang='lat' dir='ltr'><strong>adierunt,</strong></span> <span class='ocrx_word' id='word_1_513' title='bbox 1687 5397 1807 5447; x_wconf 88' lang='lat' dir='ltr'><strong>pron</strong></span> 
     </span>
     <span class='ocr_line' id='line_1_63' title="bbox 383 5441 1807 5504; baseline 0.002 -11"><span class='ocrx_word' id='word_1_514' title='bbox 383 5455 463 5504; x_wconf 10' lang='lat' dir='ltr'><strong>sui</strong></span> <span class='ocrx_word' id='word_1_515' title='bbox 502 5442 592 5504; x_wconf 82' lang='lat' dir='ltr'><strong>itis</strong></span> <span class='ocrx_word' id='word_1_516' title='bbox 613 5453 672 5492; x_wconf 85' lang='lat' dir='ltr'><strong>se</strong></span> <span class='ocrx_word' id='word_1_517' title='bbox 699 5453 929 5504; x_wconf 66' lang='lat' dir='ltr'><strong>exaequo</strong></span> <span class='ocrx_word' id='word_1_518' title='bbox 953 5445 1004 5490; x_wconf 88' lang='lat' dir='ltr'><strong>et</strong></span> <span class='ocrx_word' id='word_1_519' title='bbox 1025 5441 1153 5490; x_wconf 88' lang='lat' dir='ltr'><strong>bono</strong></span> <span class='ocrx_word' id='word_1_520' title='bbox 1174 5442 1429 5504; x_wconf 88' lang='lat' dir='ltr'><strong>imperium</strong></span> <span class='ocrx_word' id='word_1_521' title='bbox 1455 5445 1807 5496; x_wconf 84' lang='lat' dir='ltr'><strong>moderaturos.</strong></span> 
     </span>
    </p>
   </div>
   <div class='ocr_carea' id='block_1_63' title="bbox 445 5503 1398 5570">
    <p class='ocr_par' dir='ltr' id='par_1_63' title="bbox 445 5503 1398 5570">
     <span class='ocr_line' id='line_1_64' title="bbox 445 5503 1398 5570; baseline 0 -18"><span class='ocrx_word' id='word_1_522' title='bbox 445 5503 520 5570; x_wconf 90' lang='lat' dir='ltr'><strong>(a)</strong></span> <span class='ocrx_word' id='word_1_523' title='bbox 552 5505 668 5562; x_wconf 83' lang='lat' dir='ltr'><strong>Quis</strong></span> <span class='ocrx_word' id='word_1_524' title='bbox 685 5503 750 5553; x_wconf 88' lang='lat' dir='ltr'><strong>sit</strong></span> <span class='ocrx_word' id='word_1_525' title='bbox 767 5503 1115 5565; x_wconf 41' lang='lat' dir='ltr'><strong>hic’interprcs</strong></span> <span class='ocrx_word' id='word_1_526' title='bbox 1135 5503 1398 5570; x_wconf 74' lang='lat' dir='ltr'><strong>ignoratur.</strong></span> 
     </span>
    </p>
   </div>
   <div class='ocr_carea' id='block_1_64' title="bbox 447 5568 1957 5639">
    <p class='ocr_par' dir='ltr' id='par_1_64' title="bbox 447 5568 1957 5639">
     <span class='ocr_line' id='line_1_65' title="bbox 447 5568 1957 5639; baseline 0.001 -15"><span class='ocrx_word' id='word_1_527' title='bbox 447 5568 517 5636; x_wconf 68' lang='grc' dir='ltr'><strong>(ὁ)</strong></span> <span class='ocrx_word' id='word_1_528' title='bbox 562 5575 646 5625; x_wconf 86' lang='lat' dir='ltr'><strong>Gr.</strong></span> <span class='ocrx_word' id='word_1_529' title='bbox 691 5578 740 5624; x_wconf 81' lang='lat' dir='ltr'><strong>ai</strong></span> <span class='ocrx_word' id='word_1_530' title='bbox 779 5573 1024 5639; x_wconf 73' lang='grc' dir='ltr'>προθέσεις</span> <span class='ocrx_word' id='word_1_531' title='bbox 1056 5568 1220 5620; x_wconf 73' lang='grc' dir='ltr'><strong>αὐτοῦ.</strong></span> <span class='ocrx_word' id='word_1_532' title='bbox 1249 5570 1369 5631; x_wconf 88' lang='lat' dir='ltr'><strong>Quis</strong></span> <span class='ocrx_word' id='word_1_533' title='bbox 1405 5569 1468 5620; x_wconf 85' lang='lat' dir='ltr'><strong>ita</strong></span> <span class='ocrx_word' id='word_1_534' title='bbox 1511 5572 1715 5626; x_wconf 78' lang='lat' dir='ltr'><strong>verterit</strong></span> <span class='ocrx_word' id='word_1_535' title='bbox 1755 5587 1957 5638; x_wconf 83' lang='lat' dir='ltr'><strong>prorsus</strong></span> 
     </span>
    </p>
   </div>
   <div class='ocr_carea' id='block_1_65' title="bbox 381 5637 1180 5702">
    <p class='ocr_par' dir='ltr' id='par_1_65' title="bbox 381 5637 1180 5702">
     <span class='ocr_line' id='line_1_66' title="bbox 381 5637 1180 5702; baseline 0.001 -15"><span class='ocrx_word' id='word_1_536' title='bbox 381 5637 678 5702; x_wconf 80' lang='lat' dir='ltr'><strong>ignoramus.</strong></span> <span class='ocrx_word' id='word_1_537' title='bbox 820 5637 827 5639; x_wconf 74' lang='grc'><strong><em>“</em></strong></span> <span class='ocrx_word' id='word_1_538' title='bbox 1177 5645 1180 5647; x_wconf 71' lang='lat'>‘</span> 
     </span>
    </p>
   </div>
   <div class='ocr_carea' id='block_1_66' title="bbox 1449 138 2509 198">
    <p class='ocr_par' dir='ltr' id='par_1_66' title="bbox 1449 138 2509 198">
     <span class='ocr_line' id='line_1_67' title="bbox 1449 138 2509 198; baseline 0 -2"><span class='ocrx_word' id='word_1_539' title='bbox 1449 139 1804 198; x_wconf 68' lang='lat' dir='ltr'><strong>EXI‘OSITIO</strong></span> <span class='ocrx_word' id='word_1_540' title='bbox 1845 138 1908 195; x_wconf 74' lang='lat' dir='ltr'><strong>IN</strong></span> <span class='ocrx_word' id='word_1_541' title='bbox 1952 138 2274 198; x_wconf 57' lang='lat' dir='ltr'><strong>PSALMUM’</strong></span> <span class='ocrx_word' id='word_1_542' title='bbox 2307 142 2509 198; x_wconf 71' lang='lat' dir='ltr'><strong>CXer.</strong></span> 
     </span>
    </p>
   </div>
   <div class='ocr_carea' id='block_1_67' title="bbox 3539 147 3641 206">
    <p class='ocr_par' dir='ltr' id='par_1_67' title="bbox 3539 147 3641 206">
     <span class='ocr_line' id='line_1_68' title="bbox 3539 147 3641 206; baseline 0.059 -6"><span class='ocrx_word' id='word_1_543' title='bbox 3539 147 3641 206; x_wconf 61' lang='grc' dir='ltr'><strong>ΑΗ</strong></span> 
     </span>
    </p>
   </div>
   <div class='ocr_carea' id='block_1_68' title="bbox 2065 253 3645 330">
    <p class='ocr_par' dir='ltr' id='par_1_68' title="bbox 2065 253 3645 330">
     <span class='ocr_line' id='line_1_69' title="bbox 2065 253 3645 330; baseline 0.006 -24"><span class='ocrx_word' id='word_1_544' title='bbox 2065 268 2166 306; x_wconf 90' lang='lat' dir='ltr'><strong>una</strong></span> <span class='ocrx_word' id='word_1_545' title='bbox 2193 263 2312 308; x_wconf 89' lang='lat' dir='ltr'><strong>sunt</strong></span> <span class='ocrx_word' id='word_1_546' title='bbox 2339 253 2603 310; x_wconf 79' lang='lat' dir='ltr'><strong>deturbati</strong></span> <span class='ocrx_word' id='word_1_547' title='bbox 2630 273 2643 308; x_wconf 87' lang='lat'><strong>:</strong></span> <span class='ocrx_word' id='word_1_548' title='bbox 2672 253 2790 311; x_wconf 83' lang='lat' dir='ltr'><strong>aliis</strong></span> <span class='ocrx_word' id='word_1_549' title='bbox 2835 262 3011 312; x_wconf 88' lang='lat' dir='ltr'><strong>autem</strong></span> <span class='ocrx_word' id='word_1_550' title='bbox 3048 255 3300 317; x_wconf 84' lang='lat' dir='ltr'><strong>custodes</strong></span> <span class='ocrx_word' id='word_1_551' title='bbox 3344 255 3494 315; x_wconf 91' lang='lat' dir='ltr'><strong>fuere</strong></span> <span class='ocrx_word' id='word_1_552' title='bbox 3523 273 3645 330; x_wconf 89' lang='lat' dir='ltr'><strong>pro-</strong></span> 
     </span>
    </p>
   </div>
   <div class='ocr_carea' id='block_1_69' title="bbox 2057 341 3646 420">
    <p class='ocr_par' dir='ltr' id='par_1_69' title="bbox 2057 341 3646 420">
     <span class='ocr_line' id='line_1_70' title="bbox 2057 341 3646 420; baseline 0.005 -23"><span class='ocrx_word' id='word_1_553' title='bbox 2057 342 2281 398; x_wconf 84' lang='lat' dir='ltr'><strong>ditores.</strong></span> <span class='ocrx_word' id='word_1_554' title='bbox 2312 341 2407 399; x_wconf 76' lang='lat' dir='ltr'><strong>llis</strong></span> <span class='ocrx_word' id='word_1_555' title='bbox 2450 353 2629 400; x_wconf 90' lang='lat' dir='ltr'><strong>tamen</strong></span> <span class='ocrx_word' id='word_1_556' title='bbox 2653 345 2899 402; x_wconf 89' lang='lat' dir='ltr'><strong>omnibus</strong></span> <span class='ocrx_word' id='word_1_557' title='bbox 2937 349 3308 418; x_wconf 73' lang='lat' dir='ltr'><strong>prtetermissis</strong></span> <span class='ocrx_word' id='word_1_558' title='bbox 3327 389 3346 415; x_wconf 93' lang='lat'><strong>,</strong></span> <span class='ocrx_word' id='word_1_559' title='bbox 3378 350 3646 420; x_wconf 87' lang='lat' dir='ltr'><strong>quoniam</strong></span> 
     </span>
    </p>
   </div>
   <div class='ocr_carea' id='block_1_70' title="bbox 2060 433 3644 510">
    <p class='ocr_par' dir='ltr' id='par_1_70' title="bbox 2060 433 3644 510">
     <span class='ocr_line' id='line_1_71' title="bbox 2060 433 3644 510; baseline 0.004 -23"><span class='ocrx_word' id='word_1_560' title='bbox 2060 433 2213 490; x_wconf 90' lang='lat' dir='ltr'><strong>multi</strong></span> <span class='ocrx_word' id='word_1_561' title='bbox 2253 443 2574 504; x_wconf 83' lang='lat' dir='ltr'><strong>evaserunt,</strong></span> <span class='ocrx_word' id='word_1_562' title='bbox 2603 433 2654 491; x_wconf 91' lang='lat' dir='ltr'><strong>id</strong></span> <span class='ocrx_word' id='word_1_563' title='bbox 2697 435 2846 508; x_wconf 91' lang='lat' dir='ltr'><strong>ponit</strong></span> <span class='ocrx_word' id='word_1_564' title='bbox 2867 437 3128 508; x_wconf 88' lang='lat' dir='ltr'><strong>propheta</strong></span> <span class='ocrx_word' id='word_1_565' title='bbox 3170 437 3238 495; x_wconf 90' lang='lat' dir='ltr'><strong>de</strong></span> <span class='ocrx_word' id='word_1_566' title='bbox 3276 454 3382 510; x_wconf 92' lang='lat' dir='ltr'><strong>quo</strong></span> <span class='ocrx_word' id='word_1_567' title='bbox 3417 438 3644 494; x_wconf 87' lang='lat' dir='ltr'><strong>dubitari</strong></span> 
     </span>
    </p>
   </div>
   <div class='ocr_carea' id='block_1_71' title="bbox 2059 526 3644 600">
    <p class='ocr_par' dir='ltr' id='par_1_71' title="bbox 2059 526 3644 600">
     <span class='ocr_line' id='line_1_72' title="bbox 2059 526 3644 600; baseline 0.004 -22"><span class='ocrx_word' id='word_1_568' title='bbox 2059 538 2164 588; x_wconf 87' lang='lat' dir='ltr'><strong>non</strong></span> <span class='ocrx_word' id='word_1_569' title='bbox 2207 533 2418 595; x_wconf 83' lang='lat' dir='ltr'><strong>potest,</strong></span> <span class='ocrx_word' id='word_1_570' title='bbox 2448 540 2642 600; x_wconf 79' lang='lat' dir='ltr'><strong>nempe</strong></span> <span class='ocrx_word' id='word_1_571' title='bbox 2689 535 2940 584; x_wconf 88' lang='lat' dir='ltr'><strong>mortem.</strong></span> <span class='ocrx_word' id='word_1_572' title='bbox 2983 526 3097 582; x_wconf 88' lang='lat' dir='ltr'><strong>Etsi</strong></span> <span class='ocrx_word' id='word_1_573' title='bbox 3137 529 3295 589; x_wconf 43' lang='lat' dir='ltr'><strong>enim.</strong></span> <span class='ocrx_word' id='word_1_574' title='bbox 3327 531 3504 585; x_wconf 84' lang='lat' dir='ltr'><strong>omnia</strong></span> <span class='ocrx_word' id='word_1_575' title='bbox 3551 530 3644 585; x_wconf 86' lang='lat' dir='ltr'><strong>tibi</strong></span> 
     </span>
    </p>
   </div>
   <div class='ocr_carea' id='block_1_72' title="bbox 2059 617 3646 694">
    <p class='ocr_par' dir='ltr' id='par_1_72' title="bbox 2059 617 3646 694">
     <span class='ocr_line' id='line_1_73' title="bbox 2059 617 3646 694; baseline 0.003 -23"><span class='ocrx_word' id='word_1_576' title='bbox 2059 625 2204 672; x_wconf 90' lang='lat' dir='ltr'><strong>recte</strong></span> <span class='ocrx_word' id='word_1_577' title='bbox 2233 619 2609 685; x_wconf 88' lang='lat' dir='ltr'><strong>successerint,</strong></span> <span class='ocrx_word' id='word_1_578' title='bbox 2662 619 2764 676; x_wconf 89' lang='lat' dir='ltr'><strong>etsi</strong></span> <span class='ocrx_word' id='word_1_579' title='bbox 2811 617 2903 688; x_wconf 90' lang='lat' dir='ltr'><strong>sit,</strong></span> <span class='ocrx_word' id='word_1_580' title='bbox 2934 619 3136 690; x_wconf 89' lang='lat' dir='ltr'><strong>inquit,</strong></span> <span class='ocrx_word' id='word_1_581' title='bbox 3182 620 3495 686; x_wconf 84' lang='lat' dir='ltr'><strong>benevolus.</strong></span> <span class='ocrx_word' id='word_1_582' title='bbox 3525 636 3646 694; x_wconf 81' lang='lat' dir='ltr'><strong>gra-</strong></span> 
     </span>
    </p>
   </div>
   <div class='ocr_carea' id='block_1_73' title="bbox 2059 709 3620 781">
    <p class='ocr_par' dir='ltr' id='par_1_73' title="bbox 2059 709 3620 781">
     <span class='ocr_line' id='line_1_74' title="bbox 2059 709 3620 781; baseline 0.003 -19"><span class='ocrx_word' id='word_1_583' title='bbox 2059 715 2217 778; x_wconf 89' lang='lat' dir='ltr'><strong>toque</strong></span> <span class='ocrx_word' id='word_1_584' title='bbox 2243 709 2441 774; x_wconf 89' lang='lat' dir='ltr'><strong>animo,</strong></span> <span class='ocrx_word' id='word_1_585' title='bbox 2473 717 2528 765; x_wconf 91' lang='lat' dir='ltr'><strong>et</strong></span> <span class='ocrx_word' id='word_1_586' title='bbox 2555 709 2624 764; x_wconf 91' lang='lat' dir='ltr'><strong>sit</strong></span> <span class='ocrx_word' id='word_1_587' title='bbox 2650 709 2876 781; x_wconf 83' lang='lat' dir='ltr'><strong>gratiam</strong></span> <span class='ocrx_word' id='word_1_588' title='bbox 2905 709 3206 779; x_wconf 87' lang='lat' dir='ltr'><strong>relaturus,</strong></span> <span class='ocrx_word' id='word_1_589' title='bbox 3237 713 3342 765; x_wconf 85' lang='lat' dir='ltr'><strong>vita</strong></span> <span class='ocrx_word' id='word_1_590' title='bbox 3373 713 3436 773; x_wconf 68' lang='lat' dir='ltr'><strong>in~</strong></span> <span class='ocrx_word' id='word_1_591' title='bbox 3455 713 3620 768; x_wconf 86' lang='lat' dir='ltr'><strong>medii</strong></span> 
     </span>
    </p>
   </div>
   <div class='ocr_carea' id='block_1_74' title="bbox 2057 799 3644 872">
    <p class='ocr_par' dir='ltr' id='par_1_74' title="bbox 2057 799 3644 872">
     <span class='ocr_line' id='line_1_75' title="bbox 2057 799 3644 872; baseline 0 -17"><span class='ocrx_word' id='word_1_592' title='bbox 2057 799 2332 869; x_wconf 90' lang='lat' dir='ltr'><strong>promissis</strong></span> <span class='ocrx_word' id='word_1_593' title='bbox 2360 799 2528 868; x_wconf 82' lang='lat' dir='ltr'><strong>ﬁnita,</strong></span> <span class='ocrx_word' id='word_1_594' title='bbox 2558 809 2611 858; x_wconf 86' lang='lat' dir='ltr'><strong>te</strong></span> <span class='ocrx_word' id='word_1_595' title='bbox 2640 801 2692 856; x_wconf 92' lang='lat' dir='ltr'><strong>in</strong></span> <span class='ocrx_word' id='word_1_596' title='bbox 2724 816 2871 856; x_wconf 88' lang='lat' dir='ltr'><strong>vana.</strong></span> <span class='ocrx_word' id='word_1_597' title='bbox 2886 815 2984 872; x_wconf 78' lang='lat' dir='ltr'><strong>spe</strong></span> <span class='ocrx_word' id='word_1_598' title='bbox 3009 801 3232 868; x_wconf 92' lang='lat' dir='ltr'><strong>dimisit,</strong></span> <span class='ocrx_word' id='word_1_599' title='bbox 3265 801 3544 872; x_wconf 72' lang='lat' dir='ltr'><strong>quod&#39;vita</strong></span> <span class='ocrx_word' id='word_1_600' title='bbox 3574 803 3644 857; x_wconf 87' lang='lat' dir='ltr'><strong>ad</strong></span> 
     </span>
    </p>
   </div>
   <div class='ocr_carea' id='block_1_75' title="bbox 2056 890 3647 963">
    <p class='ocr_par' dir='ltr' id='par_1_75' title="bbox 2056 890 3647 963">
     <span class='ocr_line' id='line_1_76' title="bbox 2056 890 3647 963; baseline -0.001 -16"><span class='ocrx_word' id='word_1_601' title='bbox 2056 891 2457 961; x_wconf 78' lang='lat' dir='ltr'><strong>exsequendum</strong></span> <span class='ocrx_word' id='word_1_602' title='bbox 2486 891 2807 963; x_wconf 89' lang='lat' dir='ltr'><strong>promissum</strong></span> <span class='ocrx_word' id='word_1_603' title='bbox 2828 907 2933 947; x_wconf 93' lang='lat' dir='ltr'><strong>non</strong></span> <span class='ocrx_word' id='word_1_604' title='bbox 2956 890 3245 948; x_wconf 83' lang='lat' dir='ltr'><strong>suli‘ecerit.</strong></span> <span class='ocrx_word' id='word_1_605' title='bbox 3271 891 3494 963; x_wconf 82' lang='lat' dir='ltr'><strong>Quando</strong></span> <span class='ocrx_word' id='word_1_606' title='bbox 3516 906 3647 962; x_wconf 87' lang='lat' dir='ltr'><strong>ergo</strong></span> 
     </span>
    </p>
   </div>
   <div class='ocr_carea' id='block_1_76' title="bbox 2057 983 3640 1055">
    <p class='ocr_par' dir='ltr' id='par_1_76' title="bbox 2057 983 3640 1055">
     <span class='ocr_line' id='line_1_77' title="bbox 2057 983 3640 1055; baseline -0.001 -17"><span class='ocrx_word' id='word_1_607' title='bbox 2057 999 2126 1040; x_wconf 92' lang='lat' dir='ltr'><strong>nc</strong></span> <span class='ocrx_word' id='word_1_608' title='bbox 2155 985 2261 1039; x_wconf 90' lang='lat' dir='ltr'><strong>vita</strong></span> <span class='ocrx_word' id='word_1_609' title='bbox 2290 984 2506 1055; x_wconf 89' lang='lat' dir='ltr'><strong>quidem</strong></span> <span class='ocrx_word' id='word_1_610' title='bbox 2533 985 2584 1040; x_wconf 91' lang='lat' dir='ltr'><strong>ei</strong></span> <span class='ocrx_word' id='word_1_611' title='bbox 2610 983 2810 1040; x_wconf 81' lang='lat' dir='ltr'><strong>sufficit</strong></span> <span class='ocrx_word' id='word_1_612' title='bbox 2835 985 2900 1040; x_wconf 90' lang='lat' dir='ltr'><strong>ad</strong></span> <span class='ocrx_word' id='word_1_613' title='bbox 2934 984 3258 1054; x_wconf 84' lang='lat' dir='ltr'><strong>implendum</strong></span> <span class='ocrx_word' id='word_1_614' title='bbox 3293 985 3640 1055; x_wconf 89' lang='lat' dir='ltr'><strong>promissum,</strong></span> 
     </span>
    </p>
   </div>
   <div class='ocr_carea' id='block_1_77' title="bbox 2056 1073 3643 1146">
    <p class='ocr_par' dir='ltr' id='par_1_77' title="bbox 2056 1073 3643 1146">
     <span class='ocr_line' id='line_1_78' title="bbox 2056 1073 3643 1146; baseline 0.001 -17"><span class='ocrx_word' id='word_1_615' title='bbox 2056 1073 2150 1130; x_wconf 90' lang='lat' dir='ltr'><strong>sed</strong></span> <span class='ocrx_word' id='word_1_616' title='bbox 2179 1083 2303 1130; x_wconf 90' lang='lat' dir='ltr'><strong>ante</strong></span> <span class='ocrx_word' id='word_1_617' title='bbox 2332 1084 2582 1131; x_wconf 90' lang='lat' dir='ltr'><strong>eventum</strong></span> <span class='ocrx_word' id='word_1_618' title='bbox 2609 1076 2715 1130; x_wconf 87' lang='lat' dir='ltr'><strong>vita</strong></span> <span class='ocrx_word' id='word_1_619' title='bbox 2743 1075 2860 1146; x_wconf 86' lang='lat' dir='ltr'><strong>ejus</strong></span> <span class='ocrx_word' id='word_1_620' title='bbox 2901 1075 3328 1144; x_wconf 88' lang='lat' dir='ltr'><strong>interrumpitur,</strong></span> <span class='ocrx_word' id='word_1_621' title='bbox 3370 1075 3437 1130; x_wconf 90' lang='lat' dir='ltr'><strong>ad</strong></span> <span class='ocrx_word' id='word_1_622' title='bbox 3469 1076 3643 1130; x_wconf 89' lang='lat' dir='ltr'><strong>imbe-</strong></span> 
     </span>
    </p>
   </div>
   <div class='ocr_carea' id='block_1_78' title="bbox 2057 1165 3646 1238">
    <p class='ocr_par' dir='ltr' id='par_1_78' title="bbox 2057 1165 3646 1238">
     <span class='ocr_line' id='line_1_79' title="bbox 2057 1165 3646 1238; baseline 0.001 -18"><span class='ocrx_word' id='word_1_623' title='bbox 2057 1165 2237 1220; x_wconf 90' lang='lat' dir='ltr'><strong>cillum</strong></span> <span class='ocrx_word' id='word_1_624' title='bbox 2276 1174 2331 1220; x_wconf 91' lang='lat' dir='ltr'><strong>et</strong></span> <span class='ocrx_word' id='word_1_625' title='bbox 2377 1166 2671 1222; x_wconf 83' lang='lat' dir='ltr'><strong>invalidum</strong></span> <span class='ocrx_word' id='word_1_626' title='bbox 2715 1167 2958 1238; x_wconf 83' lang='lat' dir='ltr'><strong>confugis</strong></span> <span class='ocrx_word' id='word_1_627' title='bbox 2994 1165 3273 1221; x_wconf 85' lang='lat' dir='ltr'><strong>auxilium.</strong></span> <span class='ocrx_word' id='word_1_628' title='bbox 3305 1168 3386 1222; x_wconf 84' lang='lat' dir='ltr'><strong>An</strong></span> <span class='ocrx_word' id='word_1_629' title='bbox 3427 1169 3646 1224; x_wconf 85' lang='lat' dir='ltr'><strong>nescitis</strong></span> 
     </span>
    </p>
   </div>
   <div class='ocr_carea' id='block_1_79' title="bbox 2059 1255 3646 1330">
    <p class='ocr_par' dir='ltr' id='par_1_79' title="bbox 2059 1255 3646 1330">
     <span class='ocr_line' id='line_1_80' title="bbox 2059 1255 3646 1330; baseline 0.004 -21"><span class='ocrx_word' id='word_1_630' title='bbox 2059 1257 2163 1311; x_wconf 85' lang='lat' dir='ltr'><strong>hoc</strong></span> <span class='ocrx_word' id='word_1_631' title='bbox 2188 1255 2374 1313; x_wconf 88' lang='lat' dir='ltr'><strong>multis</strong></span> <span class='ocrx_word' id='word_1_632' title='bbox 2415 1257 2704 1326; x_wconf 82' lang='lat' dir='ltr'><strong>accidisse,</strong></span> <span class='ocrx_word' id='word_1_633' title='bbox 2733 1267 2934 1314; x_wconf 90' lang='lat' dir='ltr'><strong>etcum</strong></span> <span class='ocrx_word' id='word_1_634' title='bbox 2970 1257 3252 1315; x_wconf 87' lang='lat' dir='ltr'><strong>cecidisset</strong></span> <span class='ocrx_word' id='word_1_635' title='bbox 3292 1259 3522 1330; x_wconf 87' lang='lat' dir='ltr'><strong>adjutor,</strong></span> <span class='ocrx_word' id='word_1_636' title='bbox 3552 1259 3646 1315; x_wconf 87' lang='lat' dir='ltr'><strong>de-</strong></span> 
     </span>
    </p>
   </div>
   <div class='ocr_carea' id='block_1_80' title="bbox 2058 1347 3647 1421">
    <p class='ocr_par' dir='ltr' id='par_1_80' title="bbox 2058 1347 3647 1421">
     <span class='ocr_line' id='line_1_81' title="bbox 2058 1347 3647 1421; baseline 0.004 -21"><span class='ocrx_word' id='word_1_637' title='bbox 2058 1347 2271 1403; x_wconf 88' lang='lat' dir='ltr'><strong>fensore</strong></span> <span class='ocrx_word' id='word_1_638' title='bbox 2295 1347 2548 1416; x_wconf 88' lang='lat' dir='ltr'><strong>nudatos,</strong></span> <span class='ocrx_word' id='word_1_639' title='bbox 2579 1364 2646 1404; x_wconf 80' lang='lat' dir='ltr'><strong>ex</strong></span> <span class='ocrx_word' id='word_1_640' title='bbox 2669 1363 2737 1405; x_wconf 91' lang='lat' dir='ltr'><strong>eo</strong></span> <span class='ocrx_word' id='word_1_641' title='bbox 2765 1349 2930 1407; x_wconf 87' lang='lat' dir='ltr'><strong>fuisse</strong></span> <span class='ocrx_word' id='word_1_642' title='bbox 2956 1349 3125 1421; x_wconf 77' lang='lat' dir='ltr'><strong>magis</strong></span> <span class='ocrx_word' id='word_1_643' title='bbox 3149 1349 3430 1421; x_wconf 86' lang='lat' dir='ltr'><strong>dejectos?</strong></span> <span class='ocrx_word' id='word_1_644' title='bbox 3449 1351 3647 1418; x_wconf 83' lang='lat' dir='ltr'><strong>Quam-</strong></span> 
     </span>
    </p>
   </div>
   <div class='ocr_carea' id='block_1_81' title="bbox 2057 1440 3645 1514">
    <p class='ocr_par' dir='ltr' id='par_1_81' title="bbox 2057 1440 3645 1514">
     <span class='ocr_line' id='line_1_82' title="bbox 2057 1440 3645 1514; baseline 0.003 -20"><span class='ocrx_word' id='word_1_645' title='bbox 2057 1457 2216 1512; x_wconf 87' lang='lat' dir='ltr'><strong>quam</strong></span> <span class='ocrx_word' id='word_1_646' title='bbox 2242 1440 2370 1512; x_wconf 91' lang='lat' dir='ltr'><strong>quid</strong></span> <span class='ocrx_word' id='word_1_647' title='bbox 2417 1441 2540 1498; x_wconf 92' lang='lat' dir='ltr'><strong>dico</strong></span> <span class='ocrx_word' id='word_1_648' title='bbox 2568 1457 2756 1499; x_wconf 90' lang='lat' dir='ltr'><strong>eorum</strong></span> <span class='ocrx_word' id='word_1_649' title='bbox 2800 1443 3060 1514; x_wconf 89' lang='lat' dir='ltr'><strong>promissa</strong></span> <span class='ocrx_word' id='word_1_650' title='bbox 3106 1459 3427 1500; x_wconf 84' lang='lat' dir='ltr'><strong>evanescere</strong></span> <span class='ocrx_word' id='word_1_651' title='bbox 3465 1454 3519 1500; x_wconf 94' lang='lat' dir='ltr'><strong>ct</strong></span> <span class='ocrx_word' id='word_1_652' title='bbox 3562 1445 3645 1499; x_wconf 89' lang='lat' dir='ltr'><strong>iu-</strong></span> 
     </span>
    </p>
   </div>
   <div class='ocr_carea' id='block_1_82' title="bbox 2060 1533 3648 1612">
    <p class='ocr_par' dir='ltr' id='par_1_82' title="bbox 2060 1533 3648 1612">
     <span class='ocr_line' id='line_1_83' title="bbox 2060 1533 3648 1612; baseline 0.002 -23"><span class='ocrx_word' id='word_1_653' title='bbox 2060 1533 2242 1602; x_wconf 89' lang='lat' dir='ltr'><strong>terire,</strong></span> <span class='ocrx_word' id='word_1_654' title='bbox 2267 1547 2392 1589; x_wconf 90' lang='lat' dir='ltr'><strong>cum</strong></span> <span class='ocrx_word' id='word_1_655' title='bbox 2419 1549 2488 1590; x_wconf 91' lang='lat' dir='ltr'><strong>ne</strong></span> <span class='ocrx_word' id='word_1_656' title='bbox 2515 1534 2628 1604; x_wconf 83' lang='lat' dir='ltr'><strong>ipse</strong></span> <span class='ocrx_word' id='word_1_657' title='bbox 2653 1535 2870 1605; x_wconf 90' lang='lat' dir='ltr'><strong>quidem</strong></span> <span class='ocrx_word' id='word_1_658' title='bbox 2899 1551 3086 1592; x_wconf 91' lang='lat' dir='ltr'><strong>eorum</strong></span> <span class='ocrx_word' id='word_1_659' title='bbox 3109 1535 3360 1591; x_wconf 92' lang='lat' dir='ltr'><strong>dominus</strong></span> <span class='ocrx_word' id='word_1_660' title='bbox 3380 1544 3433 1591; x_wconf 87' lang='lat' dir='ltr'><strong>et</strong></span> <span class='ocrx_word' id='word_1_661' title='bbox 3459 1545 3648 1612; x_wconf 89' lang='lat' dir='ltr'><strong>auctor</strong></span> 
     </span>
    </p>
   </div>
   <div class='ocr_carea' id='block_1_83' title="bbox 2058 1625 3648 1698">
    <p class='ocr_par' dir='ltr' id='par_1_83' title="bbox 2058 1625 3648 1698">
     <span class='ocr_line' id='line_1_84' title="bbox 2058 1625 3648 1698; baseline 0.004 -19"><span class='ocrx_word' id='word_1_662' title='bbox 2058 1625 2316 1680; x_wconf 84' lang='lat' dir='ltr'><strong>maneat?</strong></span> <span class='ocrx_word' id='word_1_663' title='bbox 2341 1625 2638 1681; x_wconf 83' lang='lat' dir='ltr'><strong>Reuertetur</strong></span> <span class='ocrx_word' id='word_1_664' title='bbox 2663 1627 2806 1682; x_wconf 90' lang='lat' dir='ltr'><strong>enim</strong></span> <span class='ocrx_word' id='word_1_665' title='bbox 2830 1669 2845 1694; x_wconf 94' lang='lat'><strong>,</strong></span> <span class='ocrx_word' id='word_1_666' title='bbox 2872 1628 3082 1698; x_wconf 90' lang='lat' dir='ltr'><strong>inquit,</strong></span> <span class='ocrx_word' id='word_1_667' title='bbox 3110 1629 3160 1682; x_wconf 89' lang='lat' dir='ltr'><strong>in</strong></span> <span class='ocrx_word' id='word_1_668' title='bbox 3188 1637 3374 1683; x_wconf 87' lang='lat' dir='ltr'><strong>terram</strong></span> <span class='ocrx_word' id='word_1_669' title='bbox 3398 1646 3563 1684; x_wconf 89' lang='lat' dir='ltr'><strong>suam.</strong></span> <span class='ocrx_word' id='word_1_670' title='bbox 3589 1629 3648 1686; x_wconf 89' lang='lat' dir='ltr'><strong>Si</strong></span> 
     </span>
    </p>
   </div>
   <div class='ocr_carea' id='block_1_84' title="bbox 2060 1719 3649 1792">
    <p class='ocr_par' dir='ltr' id='par_1_84' title="bbox 2060 1719 3649 1792">
     <span class='ocr_line' id='line_1_85' title="bbox 2060 1719 3649 1792; baseline 0.003 -19"><span class='ocrx_word' id='word_1_671' title='bbox 2060 1719 2150 1774; x_wconf 90' lang='lat' dir='ltr'><strong>ille</strong></span> <span class='ocrx_word' id='word_1_672' title='bbox 2189 1726 2369 1774; x_wconf 90' lang='lat' dir='ltr'><strong>autem</strong></span> <span class='ocrx_word' id='word_1_673' title='bbox 2400 1719 2595 1790; x_wconf 90' lang='lat' dir='ltr'><strong>periit,</strong></span> <span class='ocrx_word' id='word_1_674' title='bbox 2627 1719 2796 1774; x_wconf 89' lang='lat' dir='ltr'><strong>multo</strong></span> <span class='ocrx_word' id='word_1_675' title='bbox 2825 1721 2990 1792; x_wconf 84' lang='lat' dir='ltr'><strong>magis</strong></span> <span class='ocrx_word' id='word_1_676' title='bbox 3026 1720 3141 1776; x_wconf 77' lang='lat' dir='ltr'><strong>haec</strong></span> <span class='ocrx_word' id='word_1_677' title='bbox 3162 1737 3392 1792; x_wconf 89' lang='lat' dir='ltr'><strong>quoque.</strong></span> <span class='ocrx_word' id='word_1_678' title='bbox 3431 1721 3500 1776; x_wconf 87' lang='lat' dir='ltr'><strong>Et</strong></span> <span class='ocrx_word' id='word_1_679' title='bbox 3525 1721 3649 1778; x_wconf 89' lang='lat' dir='ltr'><strong>ideo</strong></span> 
     </span>
    </p>
   </div>
   <div class='ocr_carea' id='block_1_85' title="bbox 2059 1810 3648 1890">
    <p class='ocr_par' dir='ltr' id='par_1_85' title="bbox 2059 1810 3648 1890">
     <span class='ocr_line' id='line_1_86' title="bbox 2059 1810 3648 1890; baseline 0.002 -24"><span class='ocrx_word' id='word_1_680' title='bbox 2059 1811 2368 1882; x_wconf 88' lang='lat' dir='ltr'><strong>subjunxit:</strong></span> <span class='ocrx_word' id='word_1_681' title='bbox 2403 1810 2648 1868; x_wconf 84' lang='lat' dir='ltr'><strong>Peribunt</strong></span> <span class='ocrx_word' id='word_1_682' title='bbox 2673 1815 2726 1868; x_wconf 90' lang='lat' dir='ltr'><strong>in</strong></span> <span class='ocrx_word' id='word_1_683' title='bbox 2746 1813 2828 1868; x_wconf 86' lang='lat' dir='ltr'><strong>die</strong></span> <span class='ocrx_word' id='word_1_684' title='bbox 2851 1811 2942 1866; x_wconf 90' lang='lat' dir='ltr'><strong>illa</strong></span> <span class='ocrx_word' id='word_1_685' title='bbox 2967 1829 3140 1868; x_wconf 83' lang='lat' dir='ltr'><strong>omnes</strong></span> <span class='ocrx_word' id='word_1_686' title='bbox 3160 1815 3484 1886; x_wconf 83' lang='lat' dir='ltr'><strong>cogitationes</strong></span> <span class='ocrx_word' id='word_1_687' title='bbox 3505 1815 3648 1890; x_wconf 81' lang='lat' dir='ltr'><strong>ejus:</strong></span> 
     </span>
    </p>
   </div>
   <div class='ocr_carea' id='block_1_86' title="bbox 2057 1901 3650 1976">
    <p class='ocr_par' dir='ltr' id='par_1_86' title="bbox 2057 1901 3650 1976">
     <span class='ocr_line' id='line_1_87' title="bbox 2057 1901 3650 1976; baseline 0.001 -18"><span class='ocrx_word' id='word_1_688' title='bbox 2057 1901 2350 1960; x_wconf 89' lang='lat' dir='ltr'><strong>ostendens</strong></span> <span class='ocrx_word' id='word_1_689' title='bbox 2373 1918 2480 1958; x_wconf 89' lang='lat' dir='ltr'><strong>non</strong></span> <span class='ocrx_word' id='word_1_690' title='bbox 2500 1904 2670 1960; x_wconf 89' lang='lat' dir='ltr'><strong>solum</strong></span> <span class='ocrx_word' id='word_1_691' title='bbox 2694 1905 2957 1976; x_wconf 87' lang='lat' dir='ltr'><strong>promissa</strong></span> <span class='ocrx_word' id='word_1_692' title='bbox 2987 1919 3094 1960; x_wconf 91' lang='lat' dir='ltr'><strong>non</strong></span> <span class='ocrx_word' id='word_1_693' title='bbox 3119 1919 3240 1960; x_wconf 89' lang='lat' dir='ltr'><strong>esse</strong></span> <span class='ocrx_word' id='word_1_694' title='bbox 3263 1903 3510 1964; x_wconf 74' lang='lat' dir='ltr'><strong>effectum</strong></span> <span class='ocrx_word' id='word_1_695' title='bbox 3533 1920 3650 1961; x_wconf 78' lang='lat' dir='ltr'><strong>sor-</strong></span> 
     </span>
    </p>
   </div>
   <div class='ocr_carea' id='block_1_87' title="bbox 2061 1994 3648 2068">
    <p class='ocr_par' dir='ltr' id='par_1_87' title="bbox 2061 1994 3648 2068">
     <span class='ocr_line' id='line_1_88' title="bbox 2061 1994 3648 2068; baseline 0.001 -18"><span class='ocrx_word' id='word_1_696' title='bbox 2061 1995 2219 2051; x_wconf 90' lang='lat' dir='ltr'><strong>titura</strong></span> <span class='ocrx_word' id='word_1_697' title='bbox 2239 2037 2256 2063; x_wconf 95' lang='lat'><strong>,</strong></span> <span class='ocrx_word' id='word_1_698' title='bbox 2282 1994 2377 2052; x_wconf 89' lang='lat' dir='ltr'><strong>sed</strong></span> <span class='ocrx_word' id='word_1_699' title='bbox 2409 2010 2531 2052; x_wconf 90' lang='lat' dir='ltr'><strong>eum</strong></span> <span class='ocrx_word' id='word_1_700' title='bbox 2559 1996 2720 2053; x_wconf 89' lang='lat' dir='ltr'><strong>etiam</strong></span> <span class='ocrx_word' id='word_1_701' title='bbox 2750 1997 2840 2068; x_wconf 92' lang='lat' dir='ltr'><strong>qui</strong></span> <span class='ocrx_word' id='word_1_702' title='bbox 2874 1997 3136 2068; x_wconf 91' lang='lat' dir='ltr'><strong>promittit</strong></span> <span class='ocrx_word' id='word_1_703' title='bbox 3162 1996 3480 2068; x_wconf 85' lang='lat' dir='ltr'><strong>periturum.</strong></span> <span class='ocrx_word' id='word_1_704' title='bbox 3509 1997 3648 2067; x_wconf 87' lang='lat' dir='ltr'><strong>Quid</strong></span> 
     </span>
    </p>
   </div>
   <div class='ocr_carea' id='block_1_88' title="bbox 2058 2087 3670 2162">
    <p class='ocr_par' dir='ltr' id='par_1_88' title="bbox 2058 2087 3670 2162">
     <span class='ocr_line' id='line_1_89' title="bbox 2058 2087 3670 2162; baseline 0.002 -20"><span class='ocrx_word' id='word_1_705' title='bbox 2058 2105 2188 2160; x_wconf 80' lang='lat' dir='ltr'><strong>ergo</strong></span> <span class='ocrx_word' id='word_1_706' title='bbox 2210 2089 2466 2160; x_wconf 87' lang='lat' dir='ltr'><strong>deinceps</strong></span> <span class='ocrx_word' id='word_1_707' title='bbox 2496 2089 2658 2145; x_wconf 79' lang='lat' dir='ltr'><strong>facit?</strong></span> <span class='ocrx_word' id='word_1_708' title='bbox 2678 2090 2965 2162; x_wconf 86' lang='lat' dir='ltr'><strong>Postquam</strong></span> <span class='ocrx_word' id='word_1_709' title='bbox 2986 2105 3017 2144; x_wconf 91' lang='lat' dir='ltr'><strong>a</strong></span> <span class='ocrx_word' id='word_1_710' title='bbox 3039 2105 3135 2161; x_wconf 90' lang='lat' dir='ltr'><strong>spe</strong></span> <span class='ocrx_word' id='word_1_711' title='bbox 3153 2087 3380 2146; x_wconf 89' lang='lat' dir='ltr'><strong>humana</strong></span> <span class='ocrx_word' id='word_1_712' title='bbox 3407 2088 3670 2162; x_wconf 68' lang='lat' dir='ltr'><strong>abduxit,</strong></span> 
     </span>
    </p>
   </div>
   <div class='ocr_carea' id='block_1_89' title="bbox 2060 2179 3650 2254">
    <p class='ocr_par' dir='ltr' id='par_1_89' title="bbox 2060 2179 3650 2254">
     <span class='ocr_line' id='line_1_90' title="bbox 2060 2179 3650 2254; baseline 0.004 -19"><span class='ocrx_word' id='word_1_713' title='bbox 2060 2179 2294 2235; x_wconf 87' lang='lat' dir='ltr'><strong>ostendit</strong></span> <span class='ocrx_word' id='word_1_714' title='bbox 2332 2180 2587 2252; x_wconf 75' lang='lat' dir='ltr'><strong>deinceps</strong></span> <span class='ocrx_word' id='word_1_715' title='bbox 2630 2189 2798 2237; x_wconf 92' lang='lat' dir='ltr'><strong>tutum</strong></span> <span class='ocrx_word' id='word_1_716' title='bbox 2850 2192 3085 2254; x_wconf 89' lang='lat' dir='ltr'><strong>portum,</strong></span> <span class='ocrx_word' id='word_1_717' title='bbox 3116 2191 3171 2238; x_wconf 91' lang='lat' dir='ltr'><strong>et</strong></span> <span class='ocrx_word' id='word_1_718' title='bbox 3195 2195 3374 2239; x_wconf 88' lang='lat' dir='ltr'><strong>arcem</strong></span> <span class='ocrx_word' id='word_1_719' title='bbox 3421 2183 3650 2252; x_wconf 86' lang='lat' dir='ltr'><strong>inexpu-_</strong></span> 
     </span>
    </p>
   </div>
   <div class='ocr_carea' id='block_1_90' title="bbox 2058 2273 3647 2346">
    <p class='ocr_par' dir='ltr' id='par_1_90' title="bbox 2058 2273 3647 2346">
     <span class='ocr_line' id='line_1_91' title="bbox 2058 2273 3647 2346; baseline 0.003 -20"><span class='ocrx_word' id='word_1_720' title='bbox 2058 2273 2358 2344; x_wconf 82' lang='lat' dir='ltr'><strong>gnabilem,</strong></span> <span class='ocrx_word' id='word_1_721' title='bbox 2385 2281 2440 2328; x_wconf 90' lang='lat' dir='ltr'><strong>et</strong></span> <span class='ocrx_word' id='word_1_722' title='bbox 2472 2273 2721 2331; x_wconf 89' lang='lat' dir='ltr'><strong>consulit.</strong></span> <span class='ocrx_word' id='word_1_723' title='bbox 2752 2273 2848 2329; x_wconf 84' lang='lat' dir='ltr'><strong>ilic</strong></span> <span class='ocrx_word' id='word_1_724' title='bbox 2893 2283 2977 2329; x_wconf 90' lang='lat' dir='ltr'><strong>est</strong></span> <span class='ocrx_word' id='word_1_725' title='bbox 2999 2273 3142 2332; x_wconf 86' lang='lat' dir='ltr'><strong>enim</strong></span> <span class='ocrx_word' id='word_1_726' title='bbox 3183 2274 3419 2346; x_wconf 87' lang='lat' dir='ltr'><strong>optimus</strong></span> <span class='ocrx_word' id='word_1_727' title='bbox 3460 2275 3647 2332; x_wconf 86' lang='lat' dir='ltr'><strong>modus</strong></span> 
     </span>
    </p>
   </div>
   <div class='ocr_carea' id='block_1_91' title="bbox 2059 2363 3638 2434">
    <p class='ocr_par' dir='ltr' id='par_1_91' title="bbox 2059 2363 3638 2434">
     <span class='ocr_line' id='line_1_92' title="bbox 2059 2363 3638 2434; baseline 0.004 -16"><span class='ocrx_word' id='word_1_728' title='bbox 2059 2363 2352 2430; x_wconf 90' lang='lat' dir='ltr'><strong>suasionis,</strong></span> <span class='ocrx_word' id='word_1_729' title='bbox 2396 2363 2662 2422; x_wconf 88' lang='lat' dir='ltr'><strong>abducere</strong></span> <span class='ocrx_word' id='word_1_730' title='bbox 2703 2364 2772 2420; x_wconf 87' lang='lat' dir='ltr'><strong>ab</strong></span> <span class='ocrx_word' id='word_1_731' title='bbox 2797 2364 3110 2434; x_wconf 86' lang='lat' dir='ltr'><strong>imbecillis,</strong></span> <span class='ocrx_word' id='word_1_732' title='bbox 3143 2375 3198 2421; x_wconf 91' lang='lat' dir='ltr'><strong>et</strong></span> <span class='ocrx_word' id='word_1_733' title='bbox 3241 2366 3309 2422; x_wconf 88' lang='lat' dir='ltr'><strong>ad</strong></span> <span class='ocrx_word' id='word_1_734' title='bbox 3347 2365 3520 2426; x_wconf 87' lang='lat' dir='ltr'><strong>valida</strong></span> <span class='ocrx_word' id='word_1_735' title='bbox 3553 2367 3638 2424; x_wconf 85' lang='lat' dir='ltr'><strong>de-</strong></span> 
     </span>
    </p>
   </div>
   <div class='ocr_carea' id='block_1_92' title="bbox 2059 2455 3646 2532">
    <p class='ocr_par' dir='ltr' id='par_1_92' title="bbox 2059 2455 3646 2532">
     <span class='ocr_line' id='line_1_93' title="bbox 2059 2455 3646 2532; baseline 0.006 -23"><span class='ocrx_word' id='word_1_736' title='bbox 2059 2455 2287 2524; x_wconf 90' lang='lat' dir='ltr'><strong>ducere;</strong></span> <span class='ocrx_word' id='word_1_737' title='bbox 2317 2472 2437 2528; x_wconf 66' lang='lat' dir='ltr'><strong>quae</strong></span> <span class='ocrx_word' id='word_1_738' title='bbox 2462 2472 2596 2513; x_wconf 86' lang='lat' dir='ltr'><strong>vana</strong></span> <span class='ocrx_word' id='word_1_739' title='bbox 2621 2467 2748 2514; x_wconf 90' lang='lat' dir='ltr'><strong>sunt</strong></span> <span class='ocrx_word' id='word_1_740' title='bbox 2790 2457 3088 2525; x_wconf 89' lang='lat' dir='ltr'><strong>destruere,</strong></span> <span class='ocrx_word' id='word_1_741' title='bbox 3123 2469 3177 2516; x_wconf 86' lang='lat' dir='ltr'><strong>et</strong></span> <span class='ocrx_word' id='word_1_742' title='bbox 3214 2475 3334 2532; x_wconf 71' lang='lat' dir='ltr'><strong>qua:</strong></span> <span class='ocrx_word' id='word_1_743' title='bbox 3364 2476 3510 2526; x_wconf 85' lang='lat' dir='ltr'><strong>vera,</strong></span> <span class='ocrx_word' id='word_1_744' title='bbox 3541 2470 3646 2518; x_wconf 48' lang='lat' dir='ltr'><strong>stac</strong></span> 
     </span>
    </p>
   </div>
   <div class='ocr_carea' id='block_1_93' title="bbox 2060 2547 3643 2621">
    <p class='ocr_par' dir='ltr' id='par_1_93' title="bbox 2060 2547 3643 2621">
     <span class='ocr_line' id='line_1_94' title="bbox 2060 2547 3643 2621; baseline 0.003 -19"><span class='ocrx_word' id='word_1_745' title='bbox 2060 2547 2222 2604; x_wconf 89' lang='lat' dir='ltr'><strong>bilire</strong></span> <span class='ocrx_word' id='word_1_746' title='bbox 2246 2566 2259 2602; x_wconf 91' lang='lat'><strong>:</strong></span> <span class='ocrx_word' id='word_1_747' title='bbox 2287 2547 2537 2606; x_wconf 89' lang='lat' dir='ltr'><strong>refellere</strong></span> <span class='ocrx_word' id='word_1_748' title='bbox 2563 2565 2683 2620; x_wconf 76' lang='lat' dir='ltr'><strong>qua:</strong></span> <span class='ocrx_word' id='word_1_749' title='bbox 2706 2549 3000 2621; x_wconf 87' lang='lat' dir='ltr'><strong>decipiunt,</strong></span> <span class='ocrx_word' id='word_1_750' title='bbox 3027 2561 3080 2606; x_wconf 92' lang='lat' dir='ltr'><strong>ct</strong></span> <span class='ocrx_word' id='word_1_751' title='bbox 3111 2566 3228 2620; x_wconf 82' lang='lat' dir='ltr'><strong>quae</strong></span> <span class='ocrx_word' id='word_1_752' title='bbox 3246 2552 3441 2620; x_wconf 82' lang='lat' dir='ltr'><strong>juvant</strong></span> <span class='ocrx_word' id='word_1_753' title='bbox 3466 2559 3643 2607; x_wconf 79' lang='lat' dir='ltr'><strong>osten-</strong></span> 
     </span>
    </p>
   </div>
   <div class='ocr_carea' id='block_1_94' title="bbox 2058 2637 3645 2715">
    <p class='ocr_par' dir='ltr' id='par_1_94' title="bbox 2058 2637 3645 2715">
     <span class='ocr_line' id='line_1_95' title="bbox 2058 2637 3645 2715; baseline 0.002 -22"><span class='ocrx_word' id='word_1_754' title='bbox 2058 2638 2212 2696; x_wconf 86' lang='lat' dir='ltr'><strong>dere.</strong></span> <span class='ocrx_word' id='word_1_755' title='bbox 2235 2640 2290 2696; x_wconf 88' lang='lat'><strong>5.</strong></span> <span class='ocrx_word' id='word_1_756' title='bbox 2309 2637 2518 2709; x_wconf 87' lang='lat' dir='ltr'><strong>Beatus,</strong></span> <span class='ocrx_word' id='word_1_757' title='bbox 2541 2641 2686 2710; x_wconf 81' lang='lat' dir='ltr'><strong>cuius</strong></span> <span class='ocrx_word' id='word_1_758' title='bbox 2709 2639 2848 2696; x_wconf 87' lang='lat' dir='ltr'><strong>Deus</strong></span> <span class='ocrx_word' id='word_1_759' title='bbox 2865 2641 3024 2696; x_wconf 81' lang='lat' dir='ltr'><strong>Jacob</strong></span> <span class='ocrx_word' id='word_1_760' title='bbox 3035 2642 3518 2715; x_wconf 86' lang='lat' dir='ltr'><strong>adjutorejus,spes</strong></span> <span class='ocrx_word' id='word_1_761' title='bbox 3538 2643 3645 2712; x_wconf 75' lang='lat' dir='ltr'><strong>eius</strong></span> 
     </span>
    </p>
   </div>
   <div class='ocr_carea' id='block_1_95' title="bbox 2060 2733 3642 2806">
    <p class='ocr_par' dir='ltr' id='par_1_95' title="bbox 2060 2733 3642 2806">
     <span class='ocr_line' id='line_1_96' title="bbox 2060 2733 3642 2806; baseline 0.001 -19"><span class='ocrx_word' id='word_1_762' title='bbox 2060 2734 2112 2787; x_wconf 88' lang='lat' dir='ltr'><strong>in</strong></span> <span class='ocrx_word' id='word_1_763' title='bbox 2132 2733 2348 2788; x_wconf 86' lang='lat' dir='ltr'><strong>Domino</strong></span> <span class='ocrx_word' id='word_1_764' title='bbox 2371 2733 2478 2788; x_wconf 90' lang='lat' dir='ltr'><strong>Deo</strong></span> <span class='ocrx_word' id='word_1_765' title='bbox 2503 2734 2686 2804; x_wconf 84' lang='lat' dir='ltr'><strong>ipsius.</strong></span> <span class='ocrx_word' id='word_1_766' title='bbox 2713 2733 2896 2791; x_wconf 85' lang='lat' dir='ltr'><strong>Vidisti</strong></span> <span class='ocrx_word' id='word_1_767' title='bbox 2915 2734 3124 2806; x_wconf 87' lang='lat' dir='ltr'><strong>copiam</strong></span> <span class='ocrx_word' id='word_1_768' title='bbox 3144 2734 3351 2790; x_wconf 82' lang='lat' dir='ltr'><strong>consilii</strong></span> <span class='ocrx_word' id='word_1_769' title='bbox 3379 2743 3435 2790; x_wconf 90' lang='lat' dir='ltr'><strong>et</strong></span> <span class='ocrx_word' id='word_1_770' title='bbox 3452 2733 3642 2790; x_wconf 62' lang='lat' dir='ltr'><strong>adhorv</strong></span> 
     </span>
    </p>
   </div>
   <div class='ocr_carea' id='block_1_96' title="bbox 2062 2823 3646 2893">
    <p class='ocr_par' dir='ltr' id='par_1_96' title="bbox 2062 2823 3646 2893">
     <span class='ocr_line' id='line_1_97' title="bbox 2062 2823 3646 2893; baseline 0 -13"><span class='ocrx_word' id='word_1_771' title='bbox 2062 2824 2319 2880; x_wconf 83' lang='lat' dir='ltr'><strong>tationis?</strong></span> <span class='ocrx_word' id='word_1_772' title='bbox 2365 2825 2592 2893; x_wconf 83' lang='lat' dir='ltr'><strong>Quando</strong></span> <span class='ocrx_word' id='word_1_773' title='bbox 2641 2833 2818 2881; x_wconf 87' lang='lat' dir='ltr'><strong>autem</strong></span> <span class='ocrx_word' id='word_1_774' title='bbox 2869 2824 2999 2881; x_wconf 89' lang='lat' dir='ltr'><strong>dicit</strong></span> <span class='ocrx_word' id='word_1_775' title='bbox 3049 2823 3466 2889; x_wconf 89' lang='lat' dir='ltr'><strong>beatitudinem,</strong></span> <span class='ocrx_word' id='word_1_776' title='bbox 3520 2824 3646 2880; x_wconf 89' lang='lat' dir='ltr'><strong>dicit</strong></span> 
     </span>
    </p>
   </div>
   <div class='ocr_carea' id='block_1_97' title="bbox 2059 2915 3645 2989">
    <p class='ocr_par' dir='ltr' id='par_1_97' title="bbox 2059 2915 3645 2989">
     <span class='ocr_line' id='line_1_98' title="bbox 2059 2915 3645 2989; baseline -0.001 -18"><span class='ocrx_word' id='word_1_777' title='bbox 2059 2915 2240 2972; x_wconf 87' lang='lat' dir='ltr'><strong>omnia</strong></span> <span class='ocrx_word' id='word_1_778' title='bbox 2267 2915 2431 2984; x_wconf 89' lang='lat' dir='ltr'><strong>bona,</strong></span> <span class='ocrx_word' id='word_1_779' title='bbox 2472 2929 2527 2973; x_wconf 91' lang='lat' dir='ltr'><strong>et</strong></span> <span class='ocrx_word' id='word_1_780' title='bbox 2553 2917 2786 2972; x_wconf 88' lang='lat' dir='ltr'><strong>ostendit</strong></span> <span class='ocrx_word' id='word_1_781' title='bbox 2815 2917 2929 2989; x_wconf 91' lang='lat' dir='ltr'><strong>spei</strong></span> <span class='ocrx_word' id='word_1_782' title='bbox 2957 2918 3322 2972; x_wconf 81' lang='lat' dir='ltr'><strong>securitatem.</strong></span> <span class='ocrx_word' id='word_1_783' title='bbox 3361 2916 3645 2988; x_wconf 84' lang='lat' dir='ltr'><strong>Postquam</strong></span> 
     </span>
    </p>
   </div>
   <div class='ocr_carea' id='block_1_98' title="bbox 2059 3008 3668 3081">
    <p class='ocr_par' dir='ltr' id='par_1_98' title="bbox 2059 3008 3668 3081">
     <span class='ocr_line' id='line_1_99' title="bbox 2059 3008 3668 3081; baseline -0.001 -17"><span class='ocrx_word' id='word_1_784' title='bbox 2059 3025 2187 3080; x_wconf 85' lang='lat' dir='ltr'><strong>ergo</strong></span> <span class='ocrx_word' id='word_1_785' title='bbox 2232 3009 2449 3065; x_wconf 90' lang='lat' dir='ltr'><strong>beatum</strong></span> <span class='ocrx_word' id='word_1_786' title='bbox 2492 3009 2630 3065; x_wconf 86' lang='lat' dir='ltr'><strong>dixit</strong></span> <span class='ocrx_word' id='word_1_787' title='bbox 2673 3025 2794 3065; x_wconf 89' lang='lat' dir='ltr'><strong>eum</strong></span> <span class='ocrx_word' id='word_1_788' title='bbox 2840 3011 2931 3081; x_wconf 90' lang='lat' dir='ltr'><strong>qui</strong></span> <span class='ocrx_word' id='word_1_789' title='bbox 2974 3017 3154 3080; x_wconf 84' lang='lat' dir='ltr'><strong>sperat</strong></span> <span class='ocrx_word' id='word_1_790' title='bbox 3179 3008 3232 3064; x_wconf 91' lang='lat' dir='ltr'><strong>in</strong></span> <span class='ocrx_word' id='word_1_791' title='bbox 3279 3009 3489 3081; x_wconf 88' lang='lat' dir='ltr'><strong>ipsum,</strong></span> <span class='ocrx_word' id='word_1_792' title='bbox 3523 3009 3668 3064; x_wconf 87' lang='lat' dir='ltr'><strong>dicit-</strong></span> 
     </span>
    </p>
   </div>
   <div class='ocr_carea' id='block_1_99' title="bbox 2059 3099 3646 3170">
    <p class='ocr_par' dir='ltr' id='par_1_99' title="bbox 2059 3099 3646 3170">
     <span class='ocr_line' id='line_1_100' title="bbox 2059 3099 3646 3170; baseline -0.001 -15"><span class='ocrx_word' id='word_1_793' title='bbox 2059 3100 2313 3170; x_wconf 87' lang='lat' dir='ltr'><strong>deinceps</strong></span> <span class='ocrx_word' id='word_1_794' title='bbox 2337 3099 2625 3170; x_wconf 90' lang='lat' dir='ltr'><strong>potentiam</strong></span> <span class='ocrx_word' id='word_1_795' title='bbox 2649 3099 2927 3170; x_wconf 90' lang='lat' dir='ltr'><strong>adjutoris,</strong></span> <span class='ocrx_word' id='word_1_796' title='bbox 2951 3101 3241 3156; x_wconf 90' lang='lat' dir='ltr'><strong>ostendens</strong></span> <span class='ocrx_word' id='word_1_797' title='bbox 3268 3099 3412 3156; x_wconf 89' lang='lat' dir='ltr'><strong>illum</strong></span> <span class='ocrx_word' id='word_1_798' title='bbox 3433 3099 3646 3170; x_wconf 90' lang='lat' dir='ltr'><strong>quidem</strong></span> 
     </span>
    </p>
   </div>
   <div class='ocr_carea' id='block_1_100' title="bbox 2059 3190 3644 3257">
    <p class='ocr_par' dir='ltr' id='par_1_100' title="bbox 2059 3190 3644 3257">
     <span class='ocr_line' id='line_1_101' title="bbox 2059 3190 3644 3257; baseline -0.002 -10"><span class='ocrx_word' id='word_1_799' title='bbox 2059 3205 2181 3247; x_wconf 88' lang='lat' dir='ltr'><strong>esse</strong></span> <span class='ocrx_word' id='word_1_800' title='bbox 2228 3190 2532 3257; x_wconf 84' lang='lat' dir='ltr'><strong>hominem,</strong></span> <span class='ocrx_word' id='word_1_801' title='bbox 2580 3191 2721 3247; x_wconf 84' lang='lat' dir='ltr'><strong>hunc</strong></span> <span class='ocrx_word' id='word_1_802' title='bbox 2763 3207 2891 3247; x_wconf 88' lang='lat' dir='ltr'><strong>vero</strong></span> <span class='ocrx_word' id='word_1_803' title='bbox 2934 3191 3098 3246; x_wconf 90' lang='lat' dir='ltr'><strong>Deum</strong></span> <span class='ocrx_word' id='word_1_804' title='bbox 3142 3209 3155 3246; x_wconf 90' lang='lat'><strong>:</strong></span> <span class='ocrx_word' id='word_1_805' title='bbox 3201 3191 3346 3246; x_wconf 86' lang='lat' dir='ltr'><strong>illum</strong></span> <span class='ocrx_word' id='word_1_806' title='bbox 3391 3191 3644 3256; x_wconf 90' lang='lat' dir='ltr'><strong>interire,</strong></span> 
     </span>
    </p>
   </div>
   <div class='ocr_carea' id='block_1_101' title="bbox 2061 3283 3644 3356">
    <p class='ocr_par' dir='ltr' id='par_1_101' title="bbox 2061 3283 3644 3356">
     <span class='ocr_line' id='line_1_102' title="bbox 2061 3283 3644 3356; baseline -0.001 -18"><span class='ocrx_word' id='word_1_807' title='bbox 2061 3283 2201 3339; x_wconf 87' lang='lat' dir='ltr'><strong>hunc</strong></span> <span class='ocrx_word' id='word_1_808' title='bbox 2232 3300 2549 3356; x_wconf 88' lang='lat' dir='ltr'><strong>permanere</strong></span> <span class='ocrx_word' id='word_1_809' title='bbox 2581 3303 2593 3339; x_wconf 92' lang='lat'>:</span> <span class='ocrx_word' id='word_1_810' title='bbox 2627 3301 2730 3341; x_wconf 93' lang='lat' dir='ltr'><strong>non</strong></span> <span class='ocrx_word' id='word_1_811' title='bbox 2763 3301 2884 3340; x_wconf 90' lang='lat' dir='ltr'><strong>cum</strong></span> <span class='ocrx_word' id='word_1_812' title='bbox 2917 3295 3095 3341; x_wconf 87' lang='lat' dir='ltr'><strong>autem</strong></span> <span class='ocrx_word' id='word_1_813' title='bbox 3135 3287 3330 3352; x_wconf 90' lang='lat' dir='ltr'><strong>solum,</strong></span> <span class='ocrx_word' id='word_1_814' title='bbox 3361 3285 3454 3340; x_wconf 88' lang='lat' dir='ltr'><strong>sed</strong></span> <span class='ocrx_word' id='word_1_815' title='bbox 3483 3286 3644 3339; x_wconf 86' lang='lat' dir='ltr'><strong>etiam</strong></span> 
     </span>
    </p>
   </div>
   <div class='ocr_carea' id='block_1_102' title="bbox 2060 3362 3646 3450">
    <p class='ocr_par' dir='ltr' id='par_1_102' title="bbox 2060 3362 3646 3450">
     <span class='ocr_line' id='line_1_103' title="bbox 2060 3362 3646 3450; baseline -0.001 -18"><span class='ocrx_word' id='word_1_816' title='bbox 2060 3377 2178 3446; x_wconf 89' lang='lat' dir='ltr'><strong>ejus</strong></span> <span class='ocrx_word' id='word_1_817' title='bbox 2204 3391 2390 3449; x_wconf 90' lang='lat' dir='ltr'><strong>opera.</strong></span> <span class='ocrx_word' id='word_1_818' title='bbox 2420 3376 2490 3433; x_wconf 87' lang='lat' dir='ltr'><strong>Et</strong></span> <span class='ocrx_word' id='word_1_819' title='bbox 2517 3377 2637 3433; x_wconf 92' lang='lat' dir='ltr'><strong>ideo</strong></span> <span class='ocrx_word' id='word_1_820' title='bbox 2661 3378 2740 3433; x_wconf 91' lang='lat' dir='ltr'><strong>sic</strong></span> <span class='ocrx_word' id='word_1_821' title='bbox 2766 3378 3040 3448; x_wconf 82' lang='lat' dir='ltr'><strong>subjunxit</strong></span> <span class='ocrx_word' id='word_1_822' title='bbox 3069 3393 3084 3433; x_wconf 88' lang='lat'><strong>:</strong></span> <span class='ocrx_word' id='word_1_823' title='bbox 3109 3362 3162 3434; x_wconf 81' lang='lat'><strong>6.</strong></span> <span class='ocrx_word' id='word_1_824' title='bbox 3198 3379 3300 3446; x_wconf 83' lang='lat' dir='ltr'><strong>Qui</strong></span> <span class='ocrx_word' id='word_1_825' title='bbox 3329 3379 3445 3450; x_wconf 78' lang='lat' dir='ltr'><strong>[erit</strong></span> <span class='ocrx_word' id='word_1_826' title='bbox 3467 3379 3646 3433; x_wconf 69' lang='lat' dir='ltr'><strong>cadunt</strong></span> 
     </span>
    </p>
   </div>
   <div class='ocr_carea' id='block_1_103' title="bbox 2060 3470 3252 3541">
    <p class='ocr_par' dir='ltr' id='par_1_103' title="bbox 2060 3470 3252 3541">
     <span class='ocr_line' id='line_1_104' title="bbox 2060 3470 3252 3541; baseline -0.002 -15"><span class='ocrx_word' id='word_1_827' title='bbox 2060 3479 2106 3526; x_wconf 88' lang='lat' dir='ltr'><strong>et</strong></span> <span class='ocrx_word' id='word_1_828' title='bbox 2140 3480 2345 3536; x_wconf 85' lang='lat' dir='ltr'><strong>terram,</strong></span> <span class='ocrx_word' id='word_1_829' title='bbox 2374 3488 2514 3526; x_wconf 87' lang='lat' dir='ltr'><strong>mare</strong></span> <span class='ocrx_word' id='word_1_830' title='bbox 2541 3479 2585 3526; x_wconf 91' lang='lat' dir='ltr'><strong>et</strong></span> <span class='ocrx_word' id='word_1_831' title='bbox 2609 3471 2778 3525; x_wconf 76' lang='lat' dir='ltr'><strong>onutia</strong></span> <span class='ocrx_word' id='word_1_832' title='bbox 2807 3487 2919 3541; x_wconf 64' lang='lat' dir='ltr'><strong>quae</strong></span> <span class='ocrx_word' id='word_1_833' title='bbox 2939 3471 2992 3525; x_wconf 88' lang='lat' dir='ltr'><strong>in</strong></span> <span class='ocrx_word' id='word_1_834' title='bbox 3017 3470 3087 3526; x_wconf 86' lang='lat' dir='ltr'><strong>eis</strong></span> <span class='ocrx_word' id='word_1_835' title='bbox 3113 3480 3252 3525; x_wconf 89' lang='lat' dir='ltr'><strong>sunt.</strong></span> 
     </span>
    </p>
   </div>
   <div class='ocr_carea' id='block_1_104' title="bbox 2129 3559 3636 3632">
    <p class='ocr_par' dir='ltr' id='par_1_104' title="bbox 2129 3559 3636 3632">
     <span class='ocr_line' id='line_1_105' title="bbox 2129 3559 3636 3632; baseline 0 -18"><span class='ocrx_word' id='word_1_836' title='bbox 2129 3559 2187 3614; x_wconf 74' lang='grc'><strong>2.</strong></span> <span class='ocrx_word' id='word_1_837' title='bbox 2212 3560 2362 3630; x_wconf 92' lang='lat' dir='ltr'><strong>Quod</strong></span> <span class='ocrx_word' id='word_1_838' title='bbox 2395 3561 2439 3616; x_wconf 91' lang='lat' dir='ltr'><strong>si</strong></span> <span class='ocrx_word' id='word_1_839' title='bbox 2477 3560 2592 3632; x_wconf 91' lang='lat' dir='ltr'><strong>ejus</strong></span> <span class='ocrx_word' id='word_1_840' title='bbox 2623 3570 2748 3616; x_wconf 90' lang='lat' dir='ltr'><strong>sunt</strong></span> <span class='ocrx_word' id='word_1_841' title='bbox 2779 3575 2940 3632; x_wconf 89' lang='lat' dir='ltr'><strong>opera</strong></span> <span class='ocrx_word' id='word_1_842' title='bbox 2968 3561 3237 3632; x_wconf 88' lang='lat' dir='ltr'><strong>perennia,</strong></span> <span class='ocrx_word' id='word_1_843' title='bbox 3269 3563 3437 3617; x_wconf 90' lang='lat' dir='ltr'><strong>multo</strong></span> <span class='ocrx_word' id='word_1_844' title='bbox 3463 3561 3636 3632; x_wconf 84' lang='lat' dir='ltr'><strong>magis</strong></span> 
     </span>
    </p>
   </div>
   <div class='ocr_carea' id='block_1_105' title="bbox 2061 3653 3646 3726">
    <p class='ocr_par' dir='ltr' id='par_1_105' title="bbox 2061 3653 3646 3726">
     <span class='ocr_line' id='line_1_106' title="bbox 2061 3653 3646 3726; baseline 0.001 -19"><span class='ocrx_word' id='word_1_845' title='bbox 2061 3653 2177 3723; x_wconf 86' lang='lat' dir='ltr'><strong>ipse</strong></span> <span class='ocrx_word' id='word_1_846' title='bbox 2203 3663 2286 3709; x_wconf 90' lang='lat' dir='ltr'><strong>est</strong></span> <span class='ocrx_word' id='word_1_847' title='bbox 2311 3662 2364 3709; x_wconf 90' lang='grc' dir='ltr'><strong>ει</strong></span> <span class='ocrx_word' id='word_1_848' title='bbox 2393 3654 2642 3725; x_wconf 89' lang='lat' dir='ltr'><strong>perennis</strong></span> <span class='ocrx_word' id='word_1_849' title='bbox 2671 3663 2726 3710; x_wconf 90' lang='lat' dir='ltr'><strong>et</strong></span> <span class='ocrx_word' id='word_1_850' title='bbox 2754 3663 2966 3726; x_wconf 91' lang='lat' dir='ltr'><strong>potens.</strong></span> <span class='ocrx_word' id='word_1_851' title='bbox 3017 3655 3168 3724; x_wconf 90' lang='lat' dir='ltr'><strong>Quod</strong></span> <span class='ocrx_word' id='word_1_852' title='bbox 3201 3656 3322 3711; x_wconf 86' lang='lat' dir='ltr'><strong>talis</strong></span> <span class='ocrx_word' id='word_1_853' title='bbox 3347 3657 3435 3721; x_wconf 88' lang='lat' dir='ltr'><strong>sit,</strong></span> <span class='ocrx_word' id='word_1_854' title='bbox 3462 3665 3646 3711; x_wconf 83' lang='lat' dir='ltr'><strong>osten-</strong></span> 
     </span>
    </p>
   </div>
   <div class='ocr_carea' id='block_1_106' title="bbox 2060 3744 3652 3818">
    <p class='ocr_par' dir='ltr' id='par_1_106' title="bbox 2060 3744 3652 3818">
     <span class='ocr_line' id='line_1_107' title="bbox 2060 3744 3652 3818; baseline 0.001 -20"><span class='ocrx_word' id='word_1_855' title='bbox 2060 3744 2191 3798; x_wconf 89' lang='lat' dir='ltr'><strong>dunt</strong></span> <span class='ocrx_word' id='word_1_856' title='bbox 2219 3759 2280 3800; x_wconf 90' lang='lat' dir='ltr'><strong>ea</strong></span> <span class='ocrx_word' id='word_1_857' title='bbox 2309 3761 2428 3816; x_wconf 62' lang='lat' dir='ltr'><strong>qua:</strong></span> <span class='ocrx_word' id='word_1_858' title='bbox 2473 3745 2541 3801; x_wconf 90' lang='lat' dir='ltr'><strong>ab</strong></span> <span class='ocrx_word' id='word_1_859' title='bbox 2585 3760 2651 3802; x_wconf 91' lang='lat' dir='ltr'><strong>eo</strong></span> <span class='ocrx_word' id='word_1_860' title='bbox 2698 3747 2837 3802; x_wconf 79' lang='lat' dir='ltr'><strong>facta</strong></span> <span class='ocrx_word' id='word_1_861' title='bbox 2872 3754 2996 3802; x_wconf 89' lang='lat' dir='ltr'><strong>sunt</strong></span> <span class='ocrx_word' id='word_1_862' title='bbox 3024 3747 3138 3818; x_wconf 84' lang='lat' dir='ltr'><strong>ejus</strong></span> <span class='ocrx_word' id='word_1_863' title='bbox 3167 3749 3324 3803; x_wconf 89' lang='lat' dir='ltr'><strong>vires.</strong></span> <span class='ocrx_word' id='word_1_864' title='bbox 3361 3747 3498 3815; x_wconf 90' lang='lat' dir='ltr'><strong>Quid</strong></span> <span class='ocrx_word' id='word_1_865' title='bbox 3529 3756 3652 3802; x_wconf 82' lang='lat' dir='ltr'><strong>tum</strong></span> 
     </span>
    </p>
   </div>
   <div class='ocr_carea' id='block_1_107' title="bbox 2060 3836 3652 3910">
    <p class='ocr_par' dir='ltr' id='par_1_107' title="bbox 2060 3836 3652 3910">
     <span class='ocr_line' id='line_1_108' title="bbox 2060 3836 3652 3910; baseline 0.003 -22"><span class='ocrx_word' id='word_1_866' title='bbox 2060 3845 2238 3890; x_wconf 89' lang='lat' dir='ltr'><strong>autem</strong></span> <span class='ocrx_word' id='word_1_867' title='bbox 2263 3836 2307 3890; x_wconf 92' lang='lat' dir='ltr'><strong>si</strong></span> <span class='ocrx_word' id='word_1_868' title='bbox 2329 3845 2410 3892; x_wconf 87' lang='lat' dir='ltr'><strong>est</strong></span> <span class='ocrx_word' id='word_1_869' title='bbox 2437 3847 2492 3892; x_wconf 93' lang='lat' dir='ltr'><strong>et</strong></span> <span class='ocrx_word' id='word_1_870' title='bbox 2519 3838 2788 3908; x_wconf 88' lang='lat' dir='ltr'><strong>perennis,</strong></span> <span class='ocrx_word' id='word_1_871' title='bbox 2816 3848 2870 3894; x_wconf 93' lang='grc' dir='ltr'><strong>ει</strong></span> <span class='ocrx_word' id='word_1_872' title='bbox 2897 3849 3122 3910; x_wconf 90' lang='lat' dir='ltr'><strong>potens;</strong></span> <span class='ocrx_word' id='word_1_873' title='bbox 3151 3856 3255 3896; x_wconf 93' lang='lat' dir='ltr'><strong>non</strong></span> <span class='ocrx_word' id='word_1_874' title='bbox 3285 3843 3394 3896; x_wconf 91' lang='lat' dir='ltr'><strong>vult</strong></span> <span class='ocrx_word' id='word_1_875' title='bbox 3423 3855 3600 3897; x_wconf 85' lang='lat' dir='ltr'><strong>autem</strong></span> <span class='ocrx_word' id='word_1_876' title='bbox 3627 3843 3652 3892; x_wconf 69' lang='grc' dir='ltr'><strong>ἰ</strong></span> 
     </span>
    </p>
   </div>
   <div class='ocr_carea' id='block_1_108' title="bbox 2063 3925 3652 4002">
    <p class='ocr_par' dir='ltr' id='par_1_108' title="bbox 2063 3925 3652 4002">
     <span class='ocr_line' id='line_1_109' title="bbox 2063 3925 3652 4002; baseline 0.005 -23"><span class='ocrx_word' id='word_1_877' title='bbox 2063 3925 2214 3980; x_wconf 81' lang='lat' dir='ltr'><strong>Multi</strong></span> <span class='ocrx_word' id='word_1_878' title='bbox 2241 3927 2382 3981; x_wconf 92' lang='lat' dir='ltr'><strong>enim</strong></span> <span class='ocrx_word' id='word_1_879' title='bbox 2405 3928 2551 3983; x_wconf 87' lang='lat' dir='ltr'><strong>stulti</strong></span> <span class='ocrx_word' id='word_1_880' title='bbox 2579 3927 2696 3984; x_wconf 74' lang='lat' dir='ltr'><strong>lucc</strong></span> <span class='ocrx_word' id='word_1_881' title='bbox 2724 3928 2926 3985; x_wconf 89' lang='lat' dir='ltr'><strong>dicunt.</strong></span> <span class='ocrx_word' id='word_1_882' title='bbox 2955 3930 3062 3986; x_wconf 90' lang='lat' dir='ltr'><strong>Sed</strong></span> <span class='ocrx_word' id='word_1_883' title='bbox 3083 3931 3206 3987; x_wconf 86' lang='lat' dir='ltr'><strong>vide</strong></span> <span class='ocrx_word' id='word_1_884' title='bbox 3231 3934 3498 4002; x_wconf 87' lang='lat' dir='ltr'><strong>quomodo</strong></span> <span class='ocrx_word' id='word_1_885' title='bbox 3515 3932 3652 3987; x_wconf 80' lang='lat' dir='ltr'><strong>lianc</strong></span> 
     </span>
    </p>
   </div>
   <div class='ocr_carea' id='block_1_109' title="bbox 2061 4019 3644 4091">
    <p class='ocr_par' dir='ltr' id='par_1_109' title="bbox 2061 4019 3644 4091">
     <span class='ocr_line' id='line_1_110' title="bbox 2061 4019 3644 4091; baseline 0.004 -20"><span class='ocrx_word' id='word_1_886' title='bbox 2061 4031 2272 4087; x_wconf 89' lang='lat' dir='ltr'><strong>quoque</strong></span> <span class='ocrx_word' id='word_1_887' title='bbox 2297 4019 2474 4074; x_wconf 87' lang='lat' dir='ltr'><strong>aufert</strong></span> <span class='ocrx_word' id='word_1_888' title='bbox 2499 4019 2879 4088; x_wconf 90' lang='lat' dir='ltr'><strong>suspicionem.</strong></span> <span class='ocrx_word' id='word_1_889' title='bbox 2917 4020 3048 4076; x_wconf 90' lang='lat' dir='ltr'><strong>Cum</strong></span> <span class='ocrx_word' id='word_1_890' title='bbox 3075 4025 3216 4078; x_wconf 90' lang='lat' dir='ltr'><strong>enim</strong></span> <span class='ocrx_word' id='word_1_891' title='bbox 3245 4023 3504 4089; x_wconf 82' lang='lat' dir='ltr'><strong>dixisset,</strong></span> <span class='ocrx_word' id='word_1_892' title='bbox 3541 4024 3644 4091; x_wconf 85' lang='lat' dir='ltr'><strong>Qui</strong></span> 
     </span>
    </p>
   </div>
   <div class='ocr_carea' id='block_1_110' title="bbox 2063 4108 3647 4180">
    <p class='ocr_par' dir='ltr' id='par_1_110' title="bbox 2063 4108 3647 4180">
     <span class='ocr_line' id='line_1_111' title="bbox 2063 4108 3647 4180; baseline 0.005 -20"><span class='ocrx_word' id='word_1_893' title='bbox 2063 4108 2180 4180; x_wconf 80' lang='lat' dir='ltr'><strong>fecit</strong></span> <span class='ocrx_word' id='word_1_894' title='bbox 2212 4108 2392 4163; x_wconf 71' lang='lat' dir='ltr'><strong>elciunt</strong></span> <span class='ocrx_word' id='word_1_895' title='bbox 2416 4118 2464 4164; x_wconf 88' lang='lat' dir='ltr'><strong>et</strong></span> <span class='ocrx_word' id='word_1_896' title='bbox 2486 4119 2700 4176; x_wconf 85' lang='lat' dir='ltr'><strong>terram,</strong></span> <span class='ocrx_word' id='word_1_897' title='bbox 2732 4127 2874 4166; x_wconf 84' lang='lat' dir='ltr'><strong>mare</strong></span> <span class='ocrx_word' id='word_1_898' title='bbox 2897 4125 2943 4168; x_wconf 87' lang='lat' dir='ltr'><strong>et</strong></span> <span class='ocrx_word' id='word_1_899' title='bbox 2975 4113 3144 4168; x_wconf 91' lang='lat' dir='ltr'><strong>omnia</strong></span> <span class='ocrx_word' id='word_1_900' title='bbox 3169 4131 3281 4180; x_wconf 80' lang='lat' dir='ltr'><strong>qua:</strong></span> <span class='ocrx_word' id='word_1_901' title='bbox 3319 4116 3370 4168; x_wconf 87' lang='lat' dir='ltr'><strong>in</strong></span> <span class='ocrx_word' id='word_1_902' title='bbox 3398 4115 3467 4169; x_wconf 88' lang='lat' dir='ltr'><strong>eis</strong></span> <span class='ocrx_word' id='word_1_903' title='bbox 3493 4125 3608 4170; x_wconf 87' lang='lat' dir='ltr'><strong>sunt</strong></span> <span class='ocrx_word' id='word_1_904' title='bbox 3633 4159 3647 4180; x_wconf 94' lang='lat'><strong>,</strong></span> 
     </span>
    </p>
   </div>
   <div class='ocr_carea' id='block_1_111' title="bbox 2063 4200 3651 4279">
    <p class='ocr_par' dir='ltr' id='par_1_111' title="bbox 2063 4200 3651 4279">
     <span class='ocr_line' id='line_1_112' title="bbox 2063 4200 3651 4279; baseline 0.004 -22"><span class='ocrx_word' id='word_1_905' title='bbox 2063 4200 2336 4272; x_wconf 84' lang='lat' dir='ltr'><strong>subjunxit</strong></span> <span class='ocrx_word' id='word_1_906' title='bbox 2367 4218 2379 4255; x_wconf 92' lang='lat'><strong>:</strong></span> <span class='ocrx_word' id='word_1_907' title='bbox 2415 4203 2468 4258; x_wconf 86' lang='lat'><strong>7.</strong></span> <span class='ocrx_word' id='word_1_908' title='bbox 2498 4202 2598 4271; x_wconf 86' lang='lat' dir='ltr'><strong>Qui</strong></span> <span class='ocrx_word' id='word_1_909' title='bbox 2625 4205 2844 4259; x_wconf 85' lang='lat' dir='ltr'><strong>custodit</strong></span> <span class='ocrx_word' id='word_1_910' title='bbox 2867 4208 3122 4262; x_wconf 82' lang='lat' dir='ltr'><strong>ueritatem</strong></span> <span class='ocrx_word' id='word_1_911' title='bbox 3150 4208 3200 4262; x_wconf 88' lang='lat' dir='ltr'><strong>in</strong></span> <span class='ocrx_word' id='word_1_912' title='bbox 3227 4209 3490 4276; x_wconf 66' lang='lat' dir='ltr'><strong>saeculum,</strong></span> <span class='ocrx_word' id='word_1_913' title='bbox 3529 4211 3651 4279; x_wconf 80' lang='lat' dir='ltr'><strong>facit</strong></span> 
     </span>
    </p>
   </div>
   <div class='ocr_carea' id='block_1_112' title="bbox 2055 4294 3654 4367">
    <p class='ocr_par' dir='ltr' id='par_1_112' title="bbox 2055 4294 3654 4367">
     <span class='ocr_line' id='line_1_113' title="bbox 2055 4294 3654 4367; baseline 0.004 -19"><span class='ocrx_word' id='word_1_914' title='bbox 2055 4294 2310 4366; x_wconf 82' lang='lat' dir='ltr'><strong>judicium</strong></span> <span class='ocrx_word' id='word_1_915' title='bbox 2343 4295 2590 4365; x_wconf 86' lang='lat' dir='ltr'><strong>injuriam</strong></span> <span class='ocrx_word' id='word_1_916' title='bbox 2613 4295 2932 4367; x_wconf 85' lang='lat' dir='ltr'><strong>patientibus.</strong></span> <span class='ocrx_word' id='word_1_917' title='bbox 2965 4296 3116 4365; x_wconf 88' lang='lat' dir='ltr'><strong>Quod</strong></span> <span class='ocrx_word' id='word_1_918' title='bbox 3161 4308 3336 4354; x_wconf 90' lang='lat' dir='ltr'><strong>autem</strong></span> <span class='ocrx_word' id='word_1_919' title='bbox 3371 4298 3534 4367; x_wconf 91' lang='lat' dir='ltr'><strong>dicit,</strong></span> <span class='ocrx_word' id='word_1_920' title='bbox 3565 4309 3654 4355; x_wconf 85' lang='lat' dir='ltr'><strong>est</strong></span> 
     </span>
    </p>
   </div>
   <div class='ocr_carea' id='block_1_113' title="bbox 2062 4387 3647 4461">
    <p class='ocr_par' dir='ltr' id='par_1_113' title="bbox 2062 4387 3647 4461">
     <span class='ocr_line' id='line_1_114' title="bbox 2062 4387 3647 4461; baseline 0.004 -19"><span class='ocrx_word' id='word_1_921' title='bbox 2062 4387 2320 4457; x_wconf 88' lang='lat' dir='ltr'><strong>ejusmodi</strong></span> <span class='ocrx_word' id='word_1_922' title='bbox 2351 4405 2364 4442; x_wconf 91' lang='lat'><strong>:</strong></span> <span class='ocrx_word' id='word_1_923' title='bbox 2393 4387 2508 4445; x_wconf 84' lang='lat' dir='ltr'><strong>Hoc</strong></span> <span class='ocrx_word' id='word_1_924' title='bbox 2535 4396 2618 4445; x_wconf 90' lang='lat' dir='ltr'><strong>est</strong></span> <span class='ocrx_word' id='word_1_925' title='bbox 2640 4388 2758 4461; x_wconf 89' lang='lat' dir='ltr'><strong>ejus</strong></span> <span class='ocrx_word' id='word_1_926' title='bbox 2784 4405 2999 4456; x_wconf 89' lang='lat' dir='ltr'><strong>munus,</strong></span> <span class='ocrx_word' id='word_1_927' title='bbox 3029 4390 3130 4447; x_wconf 87' lang='lat' dir='ltr'><strong>hoc</strong></span> <span class='ocrx_word' id='word_1_928' title='bbox 3159 4401 3242 4448; x_wconf 91' lang='lat' dir='ltr'><strong>est</strong></span> <span class='ocrx_word' id='word_1_929' title='bbox 3268 4392 3318 4448; x_wconf 91' lang='lat' dir='ltr'><strong>ei</strong></span> <span class='ocrx_word' id='word_1_930' title='bbox 3347 4391 3607 4448; x_wconf 80' lang='lat' dir='ltr'><strong>falniliarc</strong></span> <span class='ocrx_word' id='word_1_931' title='bbox 3632 4435 3647 4460; x_wconf 94' lang='lat'><strong>,</strong></span> 
     </span>
    </p>
   </div>
   <div class='ocr_carea' id='block_1_114' title="bbox 2066 4477 3654 4554">
    <p class='ocr_par' dir='ltr' id='par_1_114' title="bbox 2066 4477 3654 4554">
     <span class='ocr_line' id='line_1_115' title="bbox 2066 4477 3654 4554; baseline 0.004 -22"><span class='ocrx_word' id='word_1_932' title='bbox 2066 4477 2168 4534; x_wconf 87' lang='lat' dir='ltr'><strong>hoc</strong></span> <span class='ocrx_word' id='word_1_933' title='bbox 2195 4487 2280 4534; x_wconf 88' lang='lat' dir='ltr'><strong>est</strong></span> <span class='ocrx_word' id='word_1_934' title='bbox 2329 4479 2560 4537; x_wconf 86' lang='lat' dir='ltr'><strong>maxime</strong></span> <span class='ocrx_word' id='word_1_935' title='bbox 2592 4481 2687 4536; x_wconf 91' lang='lat' dir='ltr'><strong>Dei</strong></span> <span class='ocrx_word' id='word_1_936' title='bbox 2735 4482 3008 4552; x_wconf 90' lang='lat' dir='ltr'><strong>pr0prium</strong></span> <span class='ocrx_word' id='word_1_937' title='bbox 3035 4523 3050 4550; x_wconf 96' lang='lat'><strong>,</strong></span> <span class='ocrx_word' id='word_1_938' title='bbox 3079 4499 3189 4540; x_wconf 90' lang='lat' dir='ltr'><strong>non</strong></span> <span class='ocrx_word' id='word_1_939' title='bbox 3234 4483 3511 4554; x_wconf 90' lang='lat' dir='ltr'><strong>despicere</strong></span> <span class='ocrx_word' id='word_1_940' title='bbox 3557 4499 3654 4540; x_wconf 87' lang='lat' dir='ltr'><strong>cos</strong></span> 
     </span>
    </p>
   </div>
   <div class='ocr_carea' id='block_1_115' title="bbox 2064 4568 3651 4645">
    <p class='ocr_par' dir='ltr' id='par_1_115' title="bbox 2064 4568 3651 4645">
     <span class='ocr_line' id='line_1_116' title="bbox 2064 4568 3651 4645; baseline 0.004 -22"><span class='ocrx_word' id='word_1_941' title='bbox 2064 4569 2260 4640; x_wconf 89' lang='lat' dir='ltr'><strong>quibus</strong></span> <span class='ocrx_word' id='word_1_942' title='bbox 2284 4568 2344 4625; x_wconf 84' lang='lat' dir='ltr'><strong>fit</strong></span> <span class='ocrx_word' id='word_1_943' title='bbox 2371 4569 2585 4641; x_wconf 89' lang='lat' dir='ltr'><strong>injuria,</strong></span> <span class='ocrx_word' id='word_1_944' title='bbox 2613 4586 2720 4626; x_wconf 91' lang='lat' dir='ltr'><strong>non</strong></span> <span class='ocrx_word' id='word_1_945' title='bbox 2753 4585 2848 4627; x_wconf 92' lang='lat' dir='ltr'><strong>eos</strong></span> <span class='ocrx_word' id='word_1_946' title='bbox 2873 4575 3221 4643; x_wconf 87' lang='lat' dir='ltr'><strong>contemptim</strong></span> <span class='ocrx_word' id='word_1_947' title='bbox 3251 4575 3651 4645; x_wconf 69' lang='lat' dir='ltr'><strong>prteterire,qui</strong></span> 
     </span>
    </p>
   </div>
   <div class='ocr_carea' id='block_1_116' title="bbox 2066 4661 3650 4737">
    <p class='ocr_par' dir='ltr' id='par_1_116' title="bbox 2066 4661 3650 4737">
     <span class='ocr_line' id='line_1_117' title="bbox 2066 4661 3650 4737; baseline 0.005 -22"><span class='ocrx_word' id='word_1_948' title='bbox 2066 4669 2154 4716; x_wconf 88' lang='lat' dir='ltr'><strong>aut</strong></span> <span class='ocrx_word' id='word_1_949' title='bbox 2180 4661 2361 4732; x_wconf 90' lang='lat' dir='ltr'><strong>probri</strong></span> <span class='ocrx_word' id='word_1_950' title='bbox 2387 4670 2478 4717; x_wconf 90' lang='lat' dir='ltr'><strong>aut</strong></span> <span class='ocrx_word' id='word_1_951' title='bbox 2505 4661 2685 4718; x_wconf 90' lang='lat' dir='ltr'><strong>damni</strong></span> <span class='ocrx_word' id='word_1_952' title='bbox 2707 4663 2908 4734; x_wconf 90' lang='lat' dir='ltr'><strong>aliquid</strong></span> <span class='ocrx_word' id='word_1_953' title='bbox 2937 4665 3236 4734; x_wconf 89' lang='lat' dir='ltr'><strong>accipiunt:</strong></span> <span class='ocrx_word' id='word_1_954' title='bbox 3273 4681 3487 4721; x_wconf 89' lang='lat' dir='ltr'><strong>manum</strong></span> <span class='ocrx_word' id='word_1_955' title='bbox 3515 4682 3650 4737; x_wconf 79' lang='lat' dir='ltr'><strong>pra:-</strong></span> 
     </span>
    </p>
   </div>
   <div class='ocr_carea' id='block_1_117' title="bbox 2067 4746 3692 4829">
    <p class='ocr_par' dir='ltr' id='par_1_117' title="bbox 2067 4746 3692 4829">
     <span class='ocr_line' id='line_1_118' title="bbox 2067 4746 3692 4829; baseline 0.003 -21"><span class='ocrx_word' id='word_1_956' title='bbox 2067 4754 2195 4809; x_wconf 90' lang='lat' dir='ltr'><strong>here</strong></span> <span class='ocrx_word' id='word_1_957' title='bbox 2247 4755 2311 4809; x_wconf 90' lang='lat' dir='ltr'><strong>iis</strong></span> <span class='ocrx_word' id='word_1_958' title='bbox 2355 4755 2549 4824; x_wconf 91' lang='lat' dir='ltr'><strong>quibus</strong></span> <span class='ocrx_word' id='word_1_959' title='bbox 2597 4755 2886 4812; x_wconf 90' lang='lat' dir='ltr'><strong>tenduntur</strong></span> <span class='ocrx_word' id='word_1_960' title='bbox 2915 4757 3120 4812; x_wconf 66' lang='lat' dir='ltr'><strong>insidiae</strong></span> <span class='ocrx_word' id='word_1_961' title='bbox 3155 4774 3168 4812; x_wconf 91' lang='lat'><strong>:</strong></span> <span class='ocrx_word' id='word_1_962' title='bbox 3196 4757 3353 4829; x_wconf 91' lang='lat' dir='ltr'><strong>idque</strong></span> <span class='ocrx_word' id='word_1_963' title='bbox 3382 4759 3433 4813; x_wconf 94' lang='lat' dir='ltr'><strong>in</strong></span> <span class='ocrx_word' id='word_1_964' title='bbox 3463 4775 3654 4829; x_wconf 85' lang='lat' dir='ltr'><strong>perpc-</strong></span> <span class='ocrx_word' id='word_1_965' title='bbox 3685 4746 3692 4778; x_wconf 74' lang='grc'><strong><em>³</em></strong></span> 
     </span>
    </p>
   </div>
   <div class='ocr_carea' id='block_1_118' title="bbox 2065 4843 3651 4920">
    <p class='ocr_par' dir='ltr' id='par_1_118' title="bbox 2065 4843 3651 4920">
     <span class='ocr_line' id='line_1_119' title="bbox 2065 4843 3651 4920; baseline 0.003 -22"><span class='ocrx_word' id='word_1_966' title='bbox 2065 4858 2238 4899; x_wconf 81' lang='lat' dir='ltr'><strong>tuum.</strong></span> <span class='ocrx_word' id='word_1_967' title='bbox 2273 4843 2343 4898; x_wconf 88' lang='lat' dir='ltr'><strong>Et</strong></span> <span class='ocrx_word' id='word_1_968' title='bbox 2367 4843 2489 4900; x_wconf 91' lang='lat' dir='ltr'><strong>ideo</strong></span> <span class='ocrx_word' id='word_1_969' title='bbox 2524 4845 2695 4914; x_wconf 87' lang='lat' dir='ltr'><strong>dixit,</strong></span> <span class='ocrx_word' id='word_1_970' title='bbox 2724 4845 2792 4901; x_wconf 86' lang='lat' dir='ltr'><strong>In</strong></span> <span class='ocrx_word' id='word_1_971' title='bbox 2831 4849 3095 4914; x_wconf 70' lang='lat' dir='ltr'><strong>sarculum,</strong></span> <span class='ocrx_word' id='word_1_972' title='bbox 3150 4848 3254 4905; x_wconf 85' lang='lat' dir='ltr'><strong>hoc</strong></span> <span class='ocrx_word' id='word_1_973' title='bbox 3305 4851 3651 4920; x_wconf 81' lang='lat' dir='ltr'><strong>signiﬁcans:</strong></span> 
     </span>
    </p>
   </div>
   <div class='ocr_carea' id='block_1_119' title="bbox 2068 4937 3654 5014">
    <p class='ocr_par' dir='ltr' id='par_1_119' title="bbox 2068 4937 3654 5014">
     <span class='ocr_line' id='line_1_120' title="bbox 2068 4937 3654 5014; baseline 0.003 -22"><span class='ocrx_word' id='word_1_974' title='bbox 2068 4953 2174 4993; x_wconf 95' lang='lat' dir='ltr'><strong>non</strong></span> <span class='ocrx_word' id='word_1_975' title='bbox 2205 4937 2308 4994; x_wconf 91' lang='lat' dir='ltr'><strong>hoc</strong></span> <span class='ocrx_word' id='word_1_976' title='bbox 2344 4947 2526 4995; x_wconf 90' lang='lat' dir='ltr'><strong>autem</strong></span> <span class='ocrx_word' id='word_1_977' title='bbox 2577 4941 2782 5007; x_wconf 87' lang='lat' dir='ltr'><strong>solum,</strong></span> <span class='ocrx_word' id='word_1_978' title='bbox 2825 4941 2916 4997; x_wconf 91' lang='lat' dir='ltr'><strong>scd</strong></span> <span class='ocrx_word' id='word_1_979' title='bbox 2948 4942 2999 4996; x_wconf 91' lang='lat' dir='ltr'><strong>id</strong></span> <span class='ocrx_word' id='word_1_980' title='bbox 3035 4943 3194 4997; x_wconf 91' lang='lat' dir='ltr'><strong>etiam</strong></span> <span class='ocrx_word' id='word_1_981' title='bbox 3223 4943 3364 5014; x_wconf 90' lang='lat' dir='ltr'><strong>quod</strong></span> <span class='ocrx_word' id='word_1_982' title='bbox 3403 4943 3654 5012; x_wconf 75' lang='lat' dir='ltr'><strong>deinceps</strong></span> 
     </span>
    </p>
   </div>
   <div class='ocr_carea' id='block_1_120' title="bbox 2067 5029 3653 5100">
    <p class='ocr_par' dir='ltr' id='par_1_120' title="bbox 2067 5029 3653 5100">
     <span class='ocr_line' id='line_1_121' title="bbox 2067 5029 3653 5100; baseline 0 -15"><span class='ocrx_word' id='word_1_983' title='bbox 2067 5029 2326 5100; x_wconf 88' lang='lat' dir='ltr'><strong>sequitur,</strong></span> <span class='ocrx_word' id='word_1_984' title='bbox 2358 5030 2457 5097; x_wconf 84' lang='lat' dir='ltr'><strong>Qui</strong></span> <span class='ocrx_word' id='word_1_985' title='bbox 2483 5031 2570 5085; x_wconf 88' lang='lat' dir='ltr'><strong>dat</strong></span> <span class='ocrx_word' id='word_1_986' title='bbox 2618 5047 2780 5086; x_wconf 86' lang='lat' dir='ltr'><strong>escam</strong></span> <span class='ocrx_word' id='word_1_987' title='bbox 2825 5034 3172 5088; x_wconf 85' lang='lat' dir='ltr'><strong>esurientibus.</strong></span> <span class='ocrx_word' id='word_1_988' title='bbox 3201 5034 3254 5098; x_wconf 74' lang='lat'><strong>7.</strong></span> <span class='ocrx_word' id='word_1_989' title='bbox 3277 5033 3528 5088; x_wconf 85' lang='lat' dir='ltr'><strong>Dominus</strong></span> <span class='ocrx_word' id='word_1_990' title='bbox 3548 5033 3653 5087; x_wconf 84' lang='lat' dir='ltr'><strong>sol-</strong></span> 
     </span>
    </p>
   </div>
   <div class='ocr_carea' id='block_1_121' title="bbox 2069 5122 3648 5194">
    <p class='ocr_par' dir='ltr' id='par_1_121' title="bbox 2069 5122 3648 5194">
     <span class='ocr_line' id='line_1_122' title="bbox 2069 5122 3648 5194; baseline 0.003 -20"><span class='ocrx_word' id='word_1_991' title='bbox 2069 5124 2134 5175; x_wconf 80' lang='lat' dir='ltr'><strong>vit</strong></span> <span class='ocrx_word' id='word_1_992' title='bbox 2160 5123 2485 5193; x_wconf 85' lang='lat' dir='ltr'><strong>compeditos,</strong></span> <span class='ocrx_word' id='word_1_993' title='bbox 2510 5123 2562 5180; x_wconf 86' lang='lat'><strong>8.</strong></span> <span class='ocrx_word' id='word_1_994' title='bbox 2580 5122 2833 5178; x_wconf 85' lang='lat' dir='ltr'><strong>Dominus</strong></span> <span class='ocrx_word' id='word_1_995' title='bbox 2861 5125 3112 5194; x_wconf 82' lang='lat' dir='ltr'><strong>sapientes.</strong></span> <span class='ocrx_word' id='word_1_996' title='bbox 3134 5125 3256 5194; x_wconf 80' lang='lat' dir='ltr'><strong>facit</strong></span> <span class='ocrx_word' id='word_1_997' title='bbox 3282 5140 3460 5189; x_wconf 63' lang='lat' dir='ltr'><strong>cacas,</strong></span> <span class='ocrx_word' id='word_1_998' title='bbox 3481 5124 3648 5184; x_wconf 84' lang='lat' dir='ltr'><strong>Alius.</strong></span> 
     </span>
    </p>
   </div>
   <div class='ocr_carea' id='block_1_122' title="bbox 2071 5212 3653 5287">
    <p class='ocr_par' dir='ltr' id='par_1_122' title="bbox 2071 5212 3653 5287">
     <span class='ocr_line' id='line_1_123' title="bbox 2071 5212 3653 5287; baseline 0.002 -21"><span class='ocrx_word' id='word_1_999' title='bbox 2071 5212 2457 5284; x_wconf 86' lang='lat' dir='ltr'><strong>Illuminat(a).</strong></span> <span class='ocrx_word' id='word_1_1000' title='bbox 2503 5213 2758 5270; x_wconf 85' lang='lat' dir='ltr'><strong>Dominus</strong></span> <span class='ocrx_word' id='word_1_1001' title='bbox 2805 5218 2952 5287; x_wconf 83' lang='lat' dir='ltr'><strong>erigit</strong></span> <span class='ocrx_word' id='word_1_1002' title='bbox 2997 5216 3166 5270; x_wconf 79' lang='lat' dir='ltr'><strong>elisos.</strong></span> <span class='ocrx_word' id='word_1_1003' title='bbox 3210 5215 3461 5270; x_wconf 84' lang='lat' dir='ltr'><strong>Dominus</strong></span> <span class='ocrx_word' id='word_1_1004' title='bbox 3487 5215 3653 5286; x_wconf 83' lang='lat' dir='ltr'><strong>diligit</strong></span> 
     </span>
    </p>
   </div>
   <div class='ocr_carea' id='block_1_123' title="bbox 2065 5309 3651 5379">
    <p class='ocr_par' dir='ltr' id='par_1_123' title="bbox 2065 5309 3651 5379">
     <span class='ocr_line' id='line_1_124' title="bbox 2065 5309 3651 5379; baseline 0.001 -17"><span class='ocrx_word' id='word_1_1005' title='bbox 2065 5311 2252 5379; x_wconf 86' lang='lat' dir='ltr'><strong>justas.</strong></span> <span class='ocrx_word' id='word_1_1006' title='bbox 2302 5309 2357 5364; x_wconf 90' lang='lat'><strong>9.</strong></span> <span class='ocrx_word' id='word_1_1007' title='bbox 2405 5309 2651 5364; x_wconf 84' lang='lat' dir='ltr'><strong>Dominus</strong></span> <span class='ocrx_word' id='word_1_1008' title='bbox 2679 5310 2906 5372; x_wconf 14' lang='lat' dir='ltr'><strong>custodit,</strong></span> <span class='ocrx_word' id='word_1_1009' title='bbox 2938 5309 3194 5373; x_wconf 81' lang='lat' dir='ltr'><strong>advenas;</strong></span> <span class='ocrx_word' id='word_1_1010' title='bbox 3223 5309 3478 5378; x_wconf 83' lang='lat' dir='ltr'><strong>pupillum</strong></span> <span class='ocrx_word' id='word_1_1011' title='bbox 3502 5318 3547 5362; x_wconf 90' lang='lat' dir='ltr'><strong>et</strong></span> <span class='ocrx_word' id='word_1_1012' title='bbox 3576 5310 3651 5363; x_wconf 78' lang='lat' dir='ltr'><strong>tti-</strong></span> 
     </span>
    </p>
   </div>
   <div class='ocr_carea' id='block_1_124' title="bbox 2074 5400 3648 5476">
    <p class='ocr_par' dir='ltr' id='par_1_124' title="bbox 2074 5400 3648 5476">
     <span class='ocr_line' id='line_1_125' title="bbox 2074 5400 3648 5476; baseline 0.001 -23"><span class='ocrx_word' id='word_1_1013' title='bbox 2074 5402 2228 5455; x_wconf 83' lang='lat' dir='ltr'><strong>duant</strong></span> <span class='ocrx_word' id='word_1_1014' title='bbox 2254 5401 2511 5472; x_wconf 82' lang='lat' dir='ltr'><strong>suscipiet,</strong></span> <span class='ocrx_word' id='word_1_1015' title='bbox 2539 5412 2584 5456; x_wconf 89' lang='lat' dir='ltr'><strong>et</strong></span> <span class='ocrx_word' id='word_1_1016' title='bbox 2618 5403 2750 5455; x_wconf 77' lang='lat' dir='ltr'><strong>riam</strong></span> <span class='ocrx_word' id='word_1_1017' title='bbox 2792 5409 3111 5476; x_wconf 81' lang='lat' dir='ltr'><strong>peccatorum</strong></span> <span class='ocrx_word' id='word_1_1018' title='bbox 3159 5400 3432 5471; x_wconf 79' lang='lat' dir='ltr'><strong>disperdet.</strong></span> <span class='ocrx_word' id='word_1_1019' title='bbox 3463 5401 3648 5456; x_wconf 80' lang='lat' dir='ltr'><strong>Vidisti</strong></span> 
     </span>
    </p>
   </div>
   <div class='ocr_carea' id='block_1_125' title="bbox 2136 5534 3652 5603">
    <p class='ocr_par' dir='ltr' id='par_1_125' title="bbox 2136 5534 3652 5603">
     <span class='ocr_line' id='line_1_126' title="bbox 2136 5534 3652 5603; baseline 0.007 -22"><span class='ocrx_word' id='word_1_1020' title='bbox 2136 5534 2208 5596; x_wconf 89' lang='lat' dir='ltr'><strong>(a)</strong></span> <span class='ocrx_word' id='word_1_1021' title='bbox 2241 5537 2354 5603; x_wconf 78' lang='lat' dir='ltr'><strong>Quis</strong></span> <span class='ocrx_word' id='word_1_1022' title='bbox 2375 5536 2438 5586; x_wconf 88' lang='lat' dir='ltr'><strong>sit</strong></span> <span class='ocrx_word' id='word_1_1023' title='bbox 2462 5535 2539 5586; x_wconf 85' lang='lat' dir='ltr'><strong>hic</strong></span> <span class='ocrx_word' id='word_1_1024' title='bbox 2563 5537 2808 5603; x_wconf 63' lang='lat' dir='ltr'><strong>interpres</strong></span> <span class='ocrx_word' id='word_1_1025' title='bbox 2830 5548 2924 5585; x_wconf 90' lang='lat' dir='ltr'><strong>non</strong></span> <span class='ocrx_word' id='word_1_1026' title='bbox 2940 5535 3139 5603; x_wconf 71' lang='lat' dir='ltr'><strong>dicitur,</strong></span> <span class='ocrx_word' id='word_1_1027' title='bbox 3168 5535 3302 5603; x_wconf 68' lang='lat' dir='ltr'><strong>illum</strong></span> <span class='ocrx_word' id='word_1_1028' title='bbox 3326 5550 3444 5603; x_wconf 81' lang='lat' dir='ltr'><strong>vero</strong></span> <span class='ocrx_word' id='word_1_1029' title='bbox 3460 5549 3652 5603; x_wconf 72' lang='lat' dir='ltr'><strong>sequuti</strong></span> 
     </span>
    </p>
   </div>
   <div class='ocr_carea' id='block_1_126' title="bbox 2074 5597 3468 5663">
    <p class='ocr_par' dir='ltr' id='par_1_126' title="bbox 2074 5597 3468 5663">
     <span class='ocr_line' id='line_1_127' title="bbox 2074 5597 3468 5663; baseline 0.001 -15"><span class='ocrx_word' id='word_1_1030' title='bbox 2074 5606 2186 5648; x_wconf 80' lang='lat' dir='ltr'><strong>sunt</strong></span> <span class='ocrx_word' id='word_1_1031' title='bbox 2209 5600 2526 5660; x_wconf 72' lang='lat' dir='ltr'><strong>tlicronymus</strong></span> <span class='ocrx_word' id='word_1_1032' title='bbox 2552 5606 2602 5654; x_wconf 82' lang='lat' dir='ltr'><strong>et</strong></span> <span class='ocrx_word' id='word_1_1033' title='bbox 2627 5597 2846 5662; x_wconf 78' lang='lat' dir='ltr'><strong>Vulgata,</strong></span> <span class='ocrx_word' id='word_1_1034' title='bbox 2870 5599 2952 5663; x_wconf 88' lang='lat' dir='ltr'><strong>qui</strong></span> <span class='ocrx_word' id='word_1_1035' title='bbox 2977 5598 3184 5660; x_wconf 84' lang='lat' dir='ltr'><strong>habent,</strong></span> <span class='ocrx_word' id='word_1_1036' title='bbox 3213 5597 3468 5653; x_wconf 71' lang='lat' dir='ltr'><strong>illuminat.</strong></span> 
     </span>
    </p>
   </div>
  </div>
