4070 6214
442 206 546 266 475

437 319 708 392 quomodo
742 315 1038 375 ostenderit
1061 316 1178 386 ejus
1201 314 1588 385 providentiam
1627 326 1747 367 esse
1784 324 1882 381 per
1904 323 2024 364 om-

441 414 529 467 nia
561 423 859 475 extensum,
891 418 945 466 et
968 408 1087 478 ejus
1112 422 1232 463 esse
1265 416 1465 476 partes,
1489 403 1743 475 expedire
1762 417 1790 456 a
1808 401 2028 457 calami-

439 503 658 569 tatibus,
691 502 812 556 fami
840 477 1034 556 afferre
1071 477 1367 554 remedium
1391 539 1406 562 ,
1438 496 1664 551 liberare
1707 509 1739 550 e
1778 494 2022 549 vinculis.

438 595 547 651 Sed
573 595 687 650 btec
717 594 931 666 quidem
955 603 1178 664 possunt
1198 593 1358 647 etiam
1385 590 1562 661 aliqua
1583 605 1646 644 ex
1675 596 1826 658 parte
1855 587 2029 643 homi-

441 704 537 742 nes
582 703 746 758 :quze
796 697 974 741 autem
1019 684 1270 754 deinceps
1311 691 1639 754 sequuntur,
1687 696 1791 735 non
1819 681 2023 736 itidem.

437 779 590 848 Quod
620 780 762 834 enim
807 778 860 832 in
906 786 1093 832 natura
1140 787 1223 832 cst
1273 791 1540 842 mancum,
1586 775 1804 845 corrigit
1832 791 1845 827 :
1873 775 2028 843 erigit

439 870 642 942 lapsos,
673 886 768 926 eos
804 870 893 940 qui
925 871 1116 924 virtute
1139 869 1267 923 clari
1292 878 1434 932 sunt,
1465 868 1641 922 laudat
1663 885 1678 922 :
1698 883 1792 922 eos
1818 868 1906 937 qui
1934 883 2027 937 pa-

437 963 666 1018 trocinio
689 969 894 1030 carent,
925 970 1124 1028 servat,
1151 969 1202 1016 et
1229 976 1322 1016 eos
1347 961 1436 1030 qui
1463 960 1744 1014 orbitatem
1767 975 1830 1014 ac
1852 959 2028 1014 vidui-

438 1064 599 1109 tatem
624 1069 764 1124 :egre
783 1053 984 1116 ferunt,
1011 1053 1320 1108 consolatur
1344 1061 1396 1108 ct
1423 1061 1645 1107 recreat.
1671 1053 1869 1108 Deinde
1889 1067 2023 1122 quo-

437 1145 579 1200 niam
633 1145 788 1210 dixit,
817 1143 1000 1217 Diligit
1038 1145 1227 1216 justas,
1253 1144 1483 1198 ostendit
1505 1160 1627 1199 cum
1660 1145 1838 1199 multis
1866 1161 2022 1216 opem

437 1238 623 1292 tulisse
649 1247 872 1308 propter
897 1237 1065 1291 solam
1099 1236 1478 1292 calamitatem.
1507 1237 1652 1305 Quas
1674 1239 1814 1292 enim
1837 1239 2020 1307 nutrit,

434 1329 602 1384 nutrit
627 1345 693 1384 co
717 1329 858 1400 quod
887 1329 1145 1394 esuriant,
1176 1329 1316 1400 quod
1349 1328 1562 1399 quidem
1594 1346 1697 1384 non
1743 1339 1825 1383 est
1853 1329 2023 1384 virtu-

435 1423 540 1477 tis:
569 1431 620 1478 et
647 1437 742 1477 eos
762 1422 851 1492 qui
885 1421 1050 1476 vincti
1081 1430 1240 1486 sunt,
1267 1421 1497 1476 absolvit
1527 1431 1744 1492 propter
1771 1422 1979 1476 vincula
2003 1439 2018 1489 ;

432 1513 529 1570 sed
572 1529 748 1584 neque
800 1514 903 1569 hoc
939 1522 1023 1568 est
1047 1514 1296 1580 virtutis,
1334 1512 1426 1568 sed
1471 1513 1807 1568 calamitatis.
1862 1514 2022 1581 Quin-

432 1607 593 1661 etiam
616 1606 878 1660 illuminat
904 1620 1074 1660 caecos
1100 1616 1315 1675 propter
1333 1605 1626 1661 caecitatem
1659 1623 1672 1660 :
1698 1621 1868 1675 neque
1894 1620 2022 1660 vero

435 1707 585 1753 recte
617 1698 878 1752 factorum
917 1706 1000 1753 est
1028 1697 1151 1765 hoc,
1184 1713 1369 1752 verum
1399 1699 1738 1754 calamitatis.
1764 1699 1836 1752 Ita
1858 1698 2017 1754 etiam

433 1789 623 1844 elisum
651 1804 792 1854 esse,
820 1789 1079 1844 advenam
1106 1831 1121 1857 ,
1147 1789 1425 1861 pupillum,
1453 1799 1507 1845 et
1533 1791 1765 1847 viduam.
1794 1791 1946 1859 Quod
1972 1791 2017 1847 si

433 1895 528 1936 eos
552 1881 803 1952 adjuvat,
840 1881 929 1952 qui
958 1893 1082 1936 sunt
1111 1883 1162 1937 in
1192 1883 1582 1939 calamitatibus
1607 1903 1620 1940 :
1654 1885 1822 1941 multo
1848 1887 2019 1956 magis

433 1987 527 2027 eos
551 1973 640 2042 qui
671 1973 886 2028 student
913 1973 1112 2028 virtuti.
1135 1973 1270 2028 Cum
1299 1990 1426 2045 ergo
1468 1984 1524 2031 et
1571 1977 1737 2046 possit
1761 1986 1816 2032 et
1841 1979 1969 2034 velit
1998 2021 2015 2046 ,

431 2073 485 2118 et
533 2063 642 2118 sint
687 2064 828 2134 apud
870 2065 1037 2120 Deum
1093 2065 1272 2119 omnia
1315 2075 1604 2136 perpetua,
1660 2082 1723 2122 ac
1766 2069 2014 2124 virtutem

426 2155 682 2224 suscipiat
710 2155 1132 2227 misereaturqtte
1161 2166 1378 2227 propter
1406 2157 1732 2214 calamitates
1757 2176 1771 2213 :
1795 2175 1891 2216 cur
1911 2176 2015 2216 non

428 2245 656 2302 dimittis
678 2263 802 2302 eum
833 2249 922 2319 qui
956 2249 1114 2319 perit,
1144 2264 1268 2304 eum
1299 2250 1387 2322 qui
1429 2261 1513 2306 est
1559 2251 1856 2308 imbecillus
1877 2297 1893 2322 ,
1921 2255 2014 2323 qui

427 2347 512 2394 est
558 2338 801 2394 interitui
834 2347 890 2395 et
927 2341 1089 2396 morti
1135 2341 1418 2408 obnoxius,
1453 2353 1506 2398 et
1531 2342 1772 2413 confugis
1791 2345 1858 2399 ad
1889 2359 2012 2400 eum

427 2428 517 2498 qui
545 2438 628 2484 est
656 2429 806 2486 fortis
841 2439 895 2486 et
942 2431 1370 2502 inexpugnabilis
1394 2474 1409 2499 ,
1457 2434 1547 2504 qui
1589 2449 1693 2489 non
1728 2437 2016 2506 exprobrat

429 2519 782 2588 calamitates,
825 2522 919 2578 sed
941 2522 1019 2578 eis
1039 2523 1196 2579 all'ert
1224 2523 1538 2591 remedium,
1566 2527 1656 2596 qui
1682 2527 1860 2581 omnia
1895 2543 2014 2597 qua:

426 2613 539 2668 vult
561 2614 779 2684 potest?
817 2613 1111 2670 Considera
1143 2623 1321 2670 autem
1347 2626 1648 2673 extremum
1673 2633 1831 2689 quam
1857 2635 2013 2675 accu-

426 2713 543 2761 rate
570 2703 784 2760 dixerit.
812 2705 926 2760 Non
957 2705 1092 2762 dixit
1119 2708 1288 2778 enim,
1336 2707 1622 2779 DiSperdet
1663 2719 2008 2781 peccatores,

425 2804 520 2860 sed
560 2803 698 2858 viam
732 2806 992 2876 ipsorum,
1021 2805 1124 2862 hoc
1152 2814 1276 2874 est,
1323 2821 1507 2862 eorum
1561 2809 1849 2863 actionem.
1893 2807 2010 2865 Non

423 2903 568 2956 enim
604 2914 882 2962 aversatur
909 2916 1179 2972 naturam,
1213 2907 1311 2964 sed
1336 2907 1461 2964 odia
1482 2908 1643 2965 habet
1667 2909 1871 2964 vitium.
1905 2908 2011 2963 Re.

421 2996 595 3065 gnabit
620 2995 870 3054 Dominus
885 2999 937 3054 in
951 3002 1158 3068 swcula,
1185 3000 1326 3057 Deus
1342 3010 1476 3068 tuus,
1497 3002 1645 3067 Sion,
1663 3001 1715 3056 in
1731 3003 2012 3074 generatio-

421 3103 535 3142 nem
552 3097 600 3142 et
623 3091 1013 3160 generationem.
1044 3091 1197 3161 Quod
1217 3102 1398 3149 autem
1422 3101 1603 3164 regnet
1633 3103 1891 3164 perpetuo
1909 3133 1926 3161 ,
1955 3103 2014 3150 et

424 3178 480 3232 in
506 3189 768 3236 :cternum
796 3192 1126 3252 permaneat,
1151 3185 1371 3240 minime
1397 3194 1478 3241 est
1497 3185 1846 3241 dubitandum
1878 3203 1891 3238 :
1915 3185 2008 3241 sed

423 3280 478 3324 et
503 3269 548 3324 si
574 3271 658 3325 hic
680 3287 785 3326 non
812 3272 1022 3330 dederit
1050 3275 1558 3342 remunerationem,
1589 3291 1708 3332 eam
1742 3286 1920 3332 servat
1943 3277 2009 3331 ad

422 3365 644 3432 majora.
667 3365 746 3421 Ne
769 3382 896 3438 ergo
921 3369 1306 3425 conturbemur
1335 3371 1387 3425 in
1416 3370 1816 3439 tentatiouibus,
1840 3371 1884 3426 si
1902 3387 2007 3425 non

421 3472 452 3510 e
473 3457 696 3527 chIigio
723 3467 976 3528 sequatur
1002 3461 1231 3516 solutio:
1262 3462 1356 3518 sed
1384 3462 1611 3518 Domino
1637 3463 2010 3533 permittamus

424 3558 632 3618 tempus
657 3551 939 3607 solutionis
967 3569 980 3606 :
1020 3570 1119 3610 nec
1147 3556 1194 3611 si
1223 3556 1349 3626 quid
1378 3557 1506 3612 boni
1548 3556 1832 3613 fecerimus
1851 3600 1866 3622 ,
1892 3568 2007 3614 sta-

421 3641 516 3695 tim
543 3650 785 3711 petamus
829 3647 1312 3703 remunerationem
1337 3689 1355 3718 ,
1387 3647 1480 3705 sed
1521 3649 1637 3720 ejus
1677 3650 2008 3705 voluntatem

419 3745 605 3788 rursus
666 3732 848 3788 itidem
894 3747 1312 3806 expectemus:
1344 3740 1558 3811 quando
1601 3741 1744 3796 enim
1785 3741 2005 3811 differt,

422 3832 798 3881 remuneratur
831 3826 1046 3884 uberius
1071 3838 1125 3884 et
1146 3830 1388 3901 plenius;
1417 3842 1471 3888 et
1500 3832 1552 3888 in
1586 3833 1835 3890 omnibus
1881 3850 2006 3908 gra-

422 3915 522 3970 tias
547 3930 789 3986 agamus,
817 3929 872 3974 et
904 3935 1028 3975 eum
1065 3921 1283 3979 laudare
1309 3940 1614 3996 pergamus.
1661 3925 1734 3982 lta
1774 3927 1916 3983 enim
1953 3937 2009 3985 et

421 4018 744 4076 prtesentem
769 4011 928 4066 vitam
958 4028 1177 4084 agemus
1222 4017 1586 4085 securissime,
1627 4029 1682 4074 et
1706 4033 2005 4093 conseque-

421 4115 543 4154 ntur
583 4100 720 4156 bona
769 4103 1078 4174 ineffabilia,
1107 4110 1276 4179 gratia
1318 4120 1374 4168 et
1403 4111 1766 4170 misericordia
1796 4115 2006 4172 Domini

417 4195 585 4247 nostri
615 4193 742 4250 Jesu
772 4196 988 4265 Christi,
1017 4201 1100 4255 cui
1130 4201 1294 4273 gloria
1322 4212 1378 4258 et
1407 4204 1686 4275 imperium
1709 4223 1830 4262 cum
1859 4209 2007 4277 prin-

417 4283 539 4354 cipii
575 4297 794 4358 experte
839 4291 956 4360 ejus
998 4291 1156 4348 Patre
1182 4303 1235 4348 et
1260 4294 1471 4351 vivilico
1516 4296 1718 4368 Spiritu
1742 4339 1758 4364 ,
1789 4316 1927 4356 nunc
1953 4311 2008 4356 et

419 4390 652 4448 semper,
676 4390 730 4435 et
758 4381 809 4436 in
837 4383 1032 4437 sceeula
1065 4386 1404 4442 smculorum.
1433 4389 1624 4444 Amen.

784 4609 786 4611 ,
865 4559 932 4615 IN
962 4561 1284 4621 PSALMUM
1307 4565 1532 4622 CXLVI.

496 4710 545 4764 1.
566 4710 795 4770 Laudato
821 4716 1116 4788 Dominum,
1139 4722 1376 4791 quoniam
1406 4724 1566 4779 bonus
1590 4736 1664 4779 est
1685 4723 1946 4782 Psalmus.

493 4887 546 4940 1.
589 4887 847 4958 Superius
893 4893 1110 4964 quidem
1159 4896 1213 4950 in
1257 4899 1552 4954 centesimo
1598 4901 2007 4973 quadragesimo

422 4987 614 5050 quarto
662 4980 874 5037 Psnlmo
919 4983 1086 5051 dixit,
1117 4987 1339 5059 Magnus
1384 4989 1633 5046 Dominus
1658 5002 1706 5047 et
1737 4993 2007 5050 laudabilis

420 5073 609 5147 aalde(
637 5091 685 5130 .
715 5076 796 5148 5),
829 5086 885 5133 et
909 5078 1073 5134 multa
1098 5081 1204 5138 illic
1223 5083 1289 5138 de
1309 5083 1476 5154 gloria
1499 5085 1779 5141 disseruit:
1807 5086 1891 5143 hic
1913 5103 2009 5143 au-

419 5175 528 5222 tem
555 5168 789 5226 ostendit
836 5171 1008 5242 ipsum
1045 5174 1204 5230 etiam
1252 5175 1470 5232 laudare
1517 5177 1714 5233 bonttm
1768 5194 1924 5246 esse,
1953 5189 2008 5236 et

422 5260 682 5329 psalmum
700 5278 820 5319 esse
833 5278 1048 5320 causam
1079 5266 1342 5323 bonorum
1364 5268 1847 5328 innumerabilium.
1863 5272 2008 5328 Men-

425 5363 531 5406 tem
559 5354 698 5409 enim
723 5371 754 5412 a
781 5363 920 5412 terra
950 5359 1184 5425 abducit,
1219 5361 1562 5433 animumque
1587 5364 1744 5434 erigit
1765 5373 1821 5419 et
1847 5363 1899 5420 in
1924 5365 2007 5418 al-

425 5455 535 5500 tum
559 5449 756 5514 evehit,
788 5449 1041 5522 levesque
1069 5462 1125 5508 et
1153 5453 1412 5510 sublimes
1441 5455 1624 5511 efcit.
1647 5457 1712 5512 Et
1743 5457 1862 5514 ideo
1882 5459 2009 5514 dicit

425 5535 628 5594 Paulus
647 5580 663 5606 ,
686 5541 930 5598 Cauentes
959 5555 1007 5599 et
1034 5548 1307 5616 psallentes
1334 5549 1387 5602 in
1425 5549 1661 5605 cordibus
1695 5551 1871 5606 vestris
1899 5550 2006 5605 Da-

430 5630 587 5684 mina.
620 5632 726 5687 Dea
755 5646 924 5692 nostra
943 5639 1178 5707 jucunda
1210 5642 1274 5696 sit
1300 5641 1525 5696 laudatio
1552 5640 1849 5712 (Ep/tes.5.
1889 5643 2002 5713 l9).

1214 200 1272 256 S.
1311 197 1591 257 JOANNIS
1627 189 2106 251 CHRYSOSTOMI
2143 192 2459 253 AltCHlEP.
2500 195 3030 261 CONSTANTINOP.

3619 207 3742 262 76

2135 307 2308 377 Alius,
2338 312 2580 381 Alleluia,
2611 316 2849 385 quoniam
2873 318 3058 372 bonum
3091 326 3165 372 est
3195 321 3452 374 canticum
3480 320 3589 376 Deo
3619 324 3738 392 (a).

2133 403 2271 468 Quid
2295 412 2398 471 est,
2431 403 2540 460 Deo
2559 415 2729 463 nostra
2738 410 2977 481 jucunda
3004 410 3068 464 sit
3097 410 3324 468 laudatio
3349 415 3376 468 2
3397 414 3500 482 Sit,
3527 415 3737 486 inquit.

2133 505 2370 566 accepta.
2401 497 2518 552 Non
2561 501 2693 555 satis
2717 509 2801 556 est
2837 503 2981 557 enim
3011 504 3380 561 tantummodo
3406 521 3638 574 canere,
3668 517 3742 563 ut.

2134 587 2203 642 sit
2224 587 2332 642 Deo
2346 589 2580 659 jucunda
2610 591 2864 661 laudatio,
2891 594 2987 650 sed
3013 609 3148 666 opus
3173 607 3257 652 est
3284 607 3341 653 et
3363 597 3490 662 vita,
3521 607 3576 653 et
3595 615 3736 670 pre-

2133 681 2364 748 catione,
2394 690 2448 736 et
2474 693 2722 739 accurata
2750 687 3043 743 attentione
3069 690 3329 744 canentis.
3381 689 3512 745 Mihi
3537 699 3732 747 autem

2132 773 2341 829 videtur
2383 775 2469 830 hic
2494 776 2734 833 Psalmus
2761 794 2881 834 esse
2907 781 3517 838 reversionis.Ostendit
3537 795 3732 840 autem

2132 864 2182 918 id
2209 880 2304 934 per
2329 865 2429 922 hoc
2454 867 2594 936 quod
2621 870 2912 942 subjungit,
2943 872 3130 929 dicens
3163 893 3176 928 :
3202 876 3259 928 2.
3305 875 3601 944 Elii/iens
3630 877 3738 933 Je-

2142 953 2371 1006 rusalem
2400 954 2690 1020 Dominus;
2727 958 3080 1025 dispensans
3132 963 3309 1014 Israel
3352 967 3722 1032 congregabat.

2139 1039 2256 1096 Etsi
2279 1044 2423 1097 enim
2454 1058 2548 1098 eos
2571 1043 2774 1099 dimisit
2800 1045 2994 1115 Cyrus,
3026 1060 3135 1100 non
3168 1063 3236 1102 ex
3265 1047 3413 1102 illius
3441 1053 3726 1106 sententia

2140 1135 2235 1189 sed
2266 1151 2330 1189 ex
2358 1134 2452 1191 Dei
2483 1149 2584 1206 ape
2609 1144 2780 1192 totum
2823 1139 2925 1193 hoc
2955 1138 3255 1209 proiectum
3297 1150 3404 1195 est.
3433 1143 3587 1199 Alius
3612 1160 3724 1198 au-

2136 1234 2240 1280 tem
2273 1225 2574 1297 interpres,
2616 1243 2714 1299 pro
2757 1244 2824 1284 eo
2851 1229 2998 1299 quod
3035 1240 3137 1294 est,
3189 1231 3516 1301 Edicans,
3552 1236 3724 1301 dixit,

2133 1317 2477 1386 Edicabit;
2505 1320 2866 1390 Dispersianes
2885 1337 3032 1388 vero,
3058 1323 3316 1392 Expulsos
3339 1327 3436 1396 (lt).
3455 1325 3718 1392 Quanam

2133 1410 2200 1466 de
2227 1413 2429 1467 causa?
2455 1411 2724 1478 Quoniam
2754 1430 2861 1470 non
2891 1430 3081 1472 omnes
3111 1417 3274 1472 simul
3309 1419 3516 1474 reducti
3554 1427 3722 1482 sunt,

2134 1504 2226 1560 sed
2258 1513 2380 1576 post
2407 1509 2768 1564 reversionem
2799 1511 3056 1580 paulatim
3090 1511 3261 1566 coacti
3287 1520 3434 1566 sunt.

2197 1597 2414 1666 Alictas
2465 1600 2716 1654 consolari
2753 1601 2849 1656 Dei
2894 1605 3176 1674 proprium.
3223 1635 3297 1648 --
3327 1606 3383 1662 .
3417 1607 3520 1674 Qui
3564 1617 3730 1664 sanat

2123 1692 2366 1747 contritas
2407 1694 2559 1747 corde
2603 1704 2650 1748 et
2706 1697 2886 1766 alligat
2929 1699 3250 1754 contritiones
3297 1717 3490 1756 eorum.
3533 1703 3724 1770 Alius,

2124 1783 2399 1854 Confracta
2427 1786 2652 1855 ipsarum
2677 1788 2776 1859 (c).
2801 1787 2935 1843 Cum
2983 1805 3090 1845 non
3129 1791 3347 1848 haberet
3384 1809 3450 1848 ex
3476 1794 3586 1848 vita
3613 1809 3728 1850 sua

2122 1875 2369 1933 duciam
2393 1920 2408 1943 ,
2441 1877 2658 1934 adducit
2689 1895 2874 1936 rursus
2906 1883 3266 1940 calamitatem
3290 1927 3306 1949 ,
3336 1895 3391 1940 et
3420 1886 3516 1940 Dei
3565 1901 3720 1942 eoa-

2121 1968 2478 2025 suetudinem.
2508 1970 2605 2026 Est
2629 1972 2771 2026 enim
2800 1973 2918 2042 ejus
2963 1989 3176 2036 munus.
3209 1983 3266 2030 et
3314 1975 3417 2032 hae
3442 1978 3559 2048 ejus
3589 1994 3730 2048 pro-

2121 2062 2317 2132 prium,
2358 2077 2454 2117 eos
2477 2063 2566 2133 qui
2605 2072 2734 2119 sunt
2782 2065 2976 2136 dejeeti
3026 2075 3080 2122 et
3131 2069 3352 2138 amicti,
3406 2072 3722 2127 consolari:

2119 2153 2565 2222 quemadmodum
2612 2155 2825 2224 quando
2872 2157 3002 2212 dicit
3053 2158 3285 2225 Paulus,
3341 2160 3444 2228 Qui
3489 2163 3727 2231 uiuicus

2119 2256 2344 2300 mortuas
2366 2262 2386 2301 :
2409 2255 2462 2301 et
2487 2263 2698 2314 rursus,
2723 2248 2822 2314 Qui
2849 2260 2994 2304 vacat
3018 2267 3132 2322 aute
3158 2267 3259 2306 non
3279 2263 3418 2318 sunt,
3452 2264 3724 2322 tamquam

2118 2353 2233 2407 qua:
2257 2347 2373 2393 sunt
2395 2338 2414 2410 (
2440 2339 2589 2394 Rom.
2612 2341 2666 2395 s.
2699 2339 2845 2410 17),
2875 2340 3059 2397 dicens
3111 2344 3386 2412 proprium
3439 2345 3556 2414 ejus
3587 2362 3722 2402 mss-

2120 2445 2220 2484 nus
2263 2445 2276 2482 :
2325 2431 2394 2484 ita
2424 2430 2510 2485 hic
2540 2430 2724 2498 etiam,
2774 2431 2876 2497 Qui
2905 2441 3050 2487 sanat
3075 2435 3313 2488 contritas
3336 2437 3521 2503 corde,
3552 2436 3716 2504 dicit,

2118 2517 2428 2586 ostendens,
2450 2520 2662 2575 etiamsi
2707 2522 2907 2592 indigni
2936 2521 3126 2587 simus,
3151 2525 3402 2594 quoniam
3427 2541 3561 2595 opus
3588 2529 3720 2596 ejus

2117 2623 2324 2678 sumus,
2353 2624 2475 2664 cum
2523 2609 2781 2665 facturam
2824 2627 2973 2666 suam
3028 2627 3134 2668 non
3179 2614 3510 2679 relicturum,
3533 2631 3564 2671 a
3609 2632 3718 2673 sua

2116 2701 2500 2757 consuetudine
2523 2716 2628 2757 non
2656 2717 3019 2759 recessurum.
3055 2705 3130 2760 ita
3157 2706 3320 2761 etiam
3347 2707 3560 2773 Paulus,
3598 2709 3720 2764 Sed

2116 2792 2203 2856 qui
2226 2793 2517 2847 consolatur
2550 2795 2768 2849 humiles
2790 2835 2807 2862 ,
2835 2811 2930 2850 nos
2953 2797 3246 2852 consolatus
3269 2807 3342 2853 est
3367 2799 3388 2865 (
3413 2799 3468 2854 2.
3497 2799 3618 2855 Cor.
3645 2802 3712 2857 7.

2115 2882 2151 2939 6
2178 2883 2220 2953 ).
2253 2883 2318 2938 Et
2346 2898 2550 2951 rursus,
2598 2884 2698 2950 Qui
2724 2886 2816 2939 dat
2866 2887 2930 2940 iis
2949 2927 2963 2950 ,
2989 2887 3077 2951 qui
3127 2898 3248 2942 sunt
3288 2891 3475 2960 pusilla
3501 2893 3709 2960 animo,

2117 2976 2416 3045 patientiam
2438 2974 2457 3048 (
2477 2973 2604 3030 Isai.
2630 2977 2721 3033 57.
2746 2977 2858 3047 15).
2885 2977 3189 3045 Quinetiam
3232 2979 3320 3034 hic
3345 2980 3464 3050 ipse
3487 2997 3716 3052 quoque

2116 3067 2376 3139 propheta
2431 3066 2593 3135 alibi,
2644 3067 2744 3124 Car
2786 3070 3056 3125 contritum
3096 3080 3145 3126 et
3198 3072 3518 3126 huntiliatunt
3561 3073 3718 3132 Deira

2116 3175 2219 3212 nan
2245 3157 2484 3230 despiciet
2515 3160 2535 3231 (
2570 3158 2718 3215 Psal.
2759 3161 2849 3218 50.
2881 3160 3012 3234 l9).
3052 3162 3278 3229 Quando
3305 3163 3542 3220 volueris
3566 3181 3714 3223 con-

2115 3250 2428 3307 solationem
2458 3253 2693 3324 assequi,
2712 3253 2875 3312 redde
2907 3255 3136 3326 teipsum
3167 3255 3444 3328 humilem,
3463 3259 3712 3316 animum

2117 3351 2260 3397 tuum
2287 3353 2527 3399 contere.
2555 3343 2664 3400 lloc
2689 3360 2819 3416 ergo
2845 3346 2977 3402 dixit
3001 3346 3070 3402 de
3089 3347 3207 3418 ejus
3224 3349 3527 3418 voluntate,
3553 3351 3716 3408 beni-

2112 3434 2334 3504 gnitate,
2366 3445 2421 3490 et
2445 3435 2765 3503 clementia;
2796 3437 2915 3507 ejus
2935 3438 3142 3494 scilicet
3178 3454 3302 3496 esse
3327 3457 3523 3497 munus
3542 3483 3559 3509 ,
3584 3444 3712 3502 illa:

2113 3528 2376 3582 consolari
2404 3528 2494 3598 qui
2522 3537 2648 3583 sunt
2685 3530 2740 3583 in
2769 3529 3158 3588 calamitatibus
3186 3549 3201 3584 :
3227 3533 3372 3603 quod
3398 3544 3576 3590 autem
3609 3551 3712 3592 se-

2113 3617 2315 3688 quitur,
2345 3617 2412 3674 de
2434 3619 2688 3690 potentia.
2719 3621 2774 3675 4.
2807 3621 2906 3687 Qui
2931 3633 3164 3676 numerat
3187 3623 3559 3682 multitudinem
3579 3627 3715 3680 stel-

2115 3710 2284 3763 larum
2321 3709 2462 3770 :hoc
2505 3721 2586 3766 est
2607 3753 2623 3778 ,
2645 3711 2736 3782 qui
2764 3713 2932 3768 novit.
2979 3713 3243 3782 Quoniam
3274 3717 3417 3772 enim
3449 3719 3715 3789 agebatur

2112 3801 2182 3859 de
2201 3802 2437 3872 dispersa
2460 3801 2822 3870 multitudine,
2851 3814 2906 3860 et
2934 3821 3056 3876 qua:
3090 3815 3215 3861 tunc
3242 3821 3509 3879 nusquam
3535 3825 3712 3880 appa-

2116 3893 2290 3960 rebat,
2315 3893 2436 3964 jure
2476 3895 2578 3951 hac
2598 3896 2903 3968 exemplum
2952 3897 3004 3952 in
3048 3898 3282 3952 medium
3312 3898 3572 3966 adduxit,
3605 3916 3712 3970 per

2114 3985 2215 4040 ltoc
2263 3985 2552 4041 ostendens
2613 4001 2735 4043 eum
2790 4001 2945 4058 posse
3013 3987 3095 4044 vel
3147 3987 3421 4060 dispersos
3487 4004 3708 4060 cogere.

2112 4077 2386 4134 Contritos
2423 4080 2566 4134 enim
2615 4080 2756 4136 solet
2788 4082 2996 4152 erigere
3023 4089 3079 4136 et
3100 4070 3367 4138 consolari
3399 4123 3413 4148 ,
3445 4092 3502 4138 et
3543 4083 3709 4140 innu-

2113 4171 2425 4227 merabilem
2470 4180 2737 4228 astrorum
2789 4173 3182 4229 multitudinem
3228 4174 3382 4230 novit
3430 4176 3702 4246 apprime.

2115 4261 2259 4334 Ergo
2310 4279 2410 4319 nos
2454 4279 2707 4335 quoque,
2755 4279 2890 4334 quos
2932 4264 3201 4333 pollicitus
3240 4274 3325 4322 est
3371 4266 3451 4323 eis
3495 4267 3707 4324 futuros

2113 4354 2345 4424 :cquales
2367 4395 2384 4421 ,
2420 4354 2727 4425 plenissime
2755 4355 2994 4412 reducet.
3025 4355 3094 4410 Et
3129 4358 3362 4414 omnibus
3398 4359 3472 4414 eis
3495 4361 3707 4415 nomina

2113 4461 2320 4501 vacans.
2353 4445 2527 4513 Alius,
2561 4446 2807 4502 Omnibus
2835 4448 3046 4503 nomina
3069 4465 3276 4506 uocans.
3306 4450 3480 4516 Alius,
3514 4449 3705 4506 Omnes

2113 4553 2198 4592 eas
2223 4537 2516 4591 nominatim
2545 4538 2737 4593 uacabit
2766 4538 2868 4610 ().
2912 4539 3175 4596 Existimo
3203 4540 3307 4597 hoc
3353 4541 3556 4597 dictum
3582 4558 3706 4600 esse

2113 4629 2182 4684 de
2211 4628 2482 4696 lsraelitis,
2509 4639 2564 4684 et
2589 4628 2730 4685 idem
2779 4629 2960 4685 dicere
2991 4631 3331 4701 prophetam,
3359 4633 3501 4703 quod
3540 4633 3706 4690 Isaias

2113 4735 2326 4791 quoque
2351 4729 2533 4790 postea
2573 4736 2587 4772 :
2621 4718 2704 4774 Ne
2729 4721 2924 4787 timeas,
2961 4719 3174 4789 Israel,
3204 4739 3270 4778 ea:
3307 4724 3530 4794 speculis
3555 4735 3704 4778 terra:

2115 4812 2286 4866 uocaui
2309 4819 2357 4864 te
2381 4853 2396 4877 ,
2423 4819 2470 4865 et
2494 4811 2619 4878 dixi,
2653 4809 2819 4866 Filius
2859 4829 3001 4867 meus
3026 4829 3079 4866 es
3125 4813 3144 4882 (
3165 4811 3296 4868 Isai.
3322 4814 3413 4870 41.
3443 4813 3541 4883 9).
3564 4812 3703 4881 Quid

2113 4915 2221 4972 cst,
2257 4904 2441 4962 Omnes
2469 4922 2552 4962 eos
2586 4904 2881 4960 nominatim
2928 4906 3124 4960 uocabit
3214 4905 3441 4974 Nullus,
3488 4906 3661 4976 inquit
3683 4943 3702 4969 ,

2113 5015 2300 5055 eorum
2331 4999 2525 5069 peribit
2557 5039 2571 5064 ,
2624 4999 2718 5054 sed
2753 4998 3200 5070 quemadmodum
3248 4999 3339 5070 qui
3383 4998 3699 5056 nominatim

2112 5099 2328 5159 vocant,
2371 5091 2442 5146 ita
2478 5092 2641 5146 etiam
2699 5091 2813 5162 ipse
2863 5105 3054 5147 omnes
3087 5091 3324 5162 perfecte
3374 5090 3613 5147 reducet.
3643 5090 3700 5145 5.

2178 5268 2250 5328 ()
2285 5273 2394 5316 mea
2426 5267 2764 5328 interpretatio
2795 5267 2873 5315 est
2901 5266 3182 5330 Symmachi.
3224 5265 3351 5318 Vide
3386 5266 3437 5316 in
3473 5265 3703 5329 Hexaplts

2418 5390 2538 5439 item
2560 5389 2900 5454 interpretatio
2917 5389 3176 5450 symmachi
3193 5397 3287 5441 est.

2169 5457 2244 5519 ()
2273 5456 2757 5529 Confractauearttm,
2797 5459 2997 5529 videtur
3036 5472 3148 5511 esse
3190 5465 3340 5513 lectio
3367 5466 3558 5529 quinta:
3601 5469 3682 5519 vel

2103 5530 2431 5602 sestaznam
2656 5530 2806 5576 vertit
2847 5527 2965 5579 alibi
3006 5532 3212 5595 Aquila,
3254 5527 3393 5586 labat:
3434 5539 3684 5602 (-

2105 5590 2241 5714 )
2270 5645 2364 5710 Qui
2399 5647 2499 5700 sint
2531 5647 2703 5700 biduo
2736 5649 3039 5715 interpretes
3070 5655 3318 5706 noscimus
