4070 6214
331 306 460 365 ιτ]

327 416 589 488 Magnus
641 410 894 468 Dominus
927 418 1094 464 noster
1114 448 1129 471 .
1180 416 1226 462 et
1258 424 1440 479 magna
1473 408 1627 461 virtus
1656 408 1783 478 ejus.
1812 406 1954 473 Quo-

324 508 503 562 niam
538 520 654 562 rem
680 503 815 559 dixit
833 501 1141 566 maximam,
1170 513 1230 555 se
1256 507 1335 553 tot
1362 499 1635 554 hominum
1657 499 1843 566 millia,
1863 512 1957 567 per

320 597 673 652 universum
709 594 894 648 orbem
935 594 1096 646 terra!
1141 590 1381 659 dispersa
1406 630 1422 657 ,
1452 603 1573 645 esse
1609 597 1957 660 congregatu-

321 704 496 756 rum,
522 688 784 756 deinceps
799 686 1017 741 disserit
1046 683 1116 739 de
1141 682 1258 751 ejus
1291 681 1547 752 potentia,
1585 680 1799 736 Judaeos
1821 721 1837 748 ,
1863 680 1955 752 qui

317 781 523 839 valde
545 780 1029 844 conturbabantur,
1059 784 1118 830 ut
1145 774 1451 834 crederent,
1476 772 1753 828 inducens.
1787 772 1848 826 Et
1872 789 1956 826 sa-

326 876 570 945 pientiw
593 874 707 945 ejus
727 889 827 926 non
857 879 927 924 est
949 884 1207 923 numerus.
1235 865 1313 920 Ne
1335 880 1513 937 quaere
1542 879 1667 935 ergo
1688 863 1956 934 quomodo

326 977 393 1023 et
444 982 564 1039 qua
608 966 814 1021 ratione
849 979 863 1015 :
898 969 982 1017 est
1025 959 1169 1014 enim
1217 958 1334 1027 ejus
1379 954 1689 1026 magnitudo
1724 954 1951 1009 inﬁnita.

328 1058 625 1124 Quocirca
654 1055 787 1110 dixit
826 1049 1411 1121 etiam,-Magnitudinis
1431 1049 1541 1117 eius
1582 1063 1684 1101 non
1729 1056 1801 1101 est
1838 1046 1956 1114 finis

339 1149 543 1222 (Psal.
569 1149 689 1205 144.
724 1148 758 1203 3
783 1147 823 1219 ).
869 1144 973 1201 Sed
1002 1139 1450 1213 quemadmodum
1490 1136 1694 1193 inﬁnita
1728 1148 1812 1192 est
1843 1151 1958 1191 ma-

339 1241 612 1312 gnitudo,
640 1241 712 1293 ita
751 1238 911 1293 etiam
953 1232 1234 1303 sapientia.
1280 1231 1349 1285 Et
1392 1229 1512 1283 ideo
1538 1243 1658 1283 cum
1686 1227 1952 1293 dixisset,

345 1331 414 1386 3!
422 1347 595 1403 agnus
622 1328 870 1383 Dominus
906 1333 1093 1390 noster,
1126 1318 1401 1389 subiunxit
1425 1336 1439 1372 :
1467 1318 1534 1372 Et
1563 1318 1828 1387 sapientia:
1847 1316 1956 1386 ejus

345 1441 470 1479 non
489 1431 559 1480 est
579 1437 838 1476 numerus.
862 1416 1165 1487 Quinetiam
1190 1410 1521 1467 admirabilis
1535 1418 1617 1465 est
1645 1409 1762 1479 ejus
1776 1408 1953 1463 scien-

347 1516 477 1582 tia;
507 1524 563 1569 et
590 1513 712 1568 ideo
739 1509 994 1567 dicebat:
1031 1504 1283 1561 Mirabilis
1325 1503 1462 1573 facta
1504 1510 1576 1557 est
1623 1500 1831 1555 scicntia
1869 1510 1956 1553 tua

348 1623 428 1662 ea:
471 1624 550 1661 me
571 1622 591 1663 :
618 1609 903 1675 confortata
938 1609 1040 1666 est,
1072 1614 1172 1652 non
1199 1605 1370 1667 potero
1398 1595 1465 1648 ad
1500 1610 1609 1648 eam
1634 1592 1804 1663 (Psal.
1829 1592 1951 1648 158.

350 1699 391 1754 6
419 1700 466 1770 ).
497 1696 563 1753 Et
581 1705 705 1753 sunt
730 1695 849 1763 ejus
873 1692 1070 1762 iudicia
1099 1701 1288 1744 rursus
1317 1685 1682 1741 inscrutabilia
1712 1701 1725 1738 :
1753 1692 1808 1739 et
1832 1683 1956 1740 ideo

356 1789 585 1845 dicebat
613 1804 628 1841 :
659 1785 870 1841 Judicia
912 1798 999 1836 tua
1030 1781 1238 1852 abyssus
1271 1779 1432 1832 multa
1460 1776 1480 1847 (
1512 1775 1658 1831 Psal.
1680 1776 1770 1832 55.
1790 1774 1879 1850 7).

432 1881 490 1935 2.
530 1880 663 1935 Cum
683 1878 894 1946 sitergo
916 1888 1158 1945 magnus,
1184 1880 1390 1942 potens,
1418 1878 1472 1925 et
1499 1869 1732 1938 sapiens,
1763 1882 1833 1923 ne
1865 1867 1954 1923 ni-

351 1976 468 2029 mis
493 1972 705 2028 curiose
734 1969 992 2040 inquiras,
1025 1963 1293 2036 quomodo
1317 1962 1430 2017 haec
1453 1970 1632 2015 erunt.
1663 1960 1717 2016 6.
1771 1958 1953 2015 Susci-

350 2066 507 2137 piens
538 2070 825 2119 mansuetos
859 2058 1131 2125 Dominus,
1162 2055 1437 2109 humilians
1476 2062 1644 2107 autem
1669 2059 1954 2123 peccatores

354 2174 524 2229 usque
551 2157 619 2210 ad
640 2166 845 2211 terram.
874 2152 951 2207 Ne
994 2151 1137 2206 enim
1158 2148 1395 2204 dicerent
1424 2144 1585 2215 aliqui
1620 2143 1952 2213 insipientes,

352 2250 503 2318 Quid
529 2246 597 2303 ad
641 2262 760 2314 nos,
801 2245 845 2300 si
888 2242 1128 2315 perfecte
1175 2238 1324 2295 novit
1369 2245 1512 2292 astra
1554 2234 1775 2291 omnia?
1824 2233 1957 2290 dicit

354 2348 526 2399 etiam
553 2356 737 2398 curam
767 2352 928 2410 quam
956 2336 1092 2408 gerit
1113 2332 1387 2388 hominum
1414 2346 1428 2382 :
1458 2344 1564 2384 non
1590 2327 1730 2382 dixit
1752 2334 1953 2393 autem,

357 2434 535 2503 Opem
562 2433 740 2488 ferens
767 2426 1062 2484 mansuetis
1083 2422 1362 2487 Dominus,
1388 2419 1484 2475 sed
1507 2417 1648 2490 quod
1677 2425 1760 2473 est
1789 2416 1957 2472 multo

361 2522 563 2593 majus,
591 2520 916 2591 Suscipiens:
940 2526 1207 2585 tamquam
1225 2511 1294 2568 de
1318 2508 1518 2567 amanti
1533 2516 1683 2579 patre
1707 2507 1953 2578 loquens.

361 2613 504 2682 Quid
533 2619 617 2669 est
638 2618 840 2676 autem,
868 2606 1160 2674 Suscipiens
1183 2603 1210 2659 7
1229 2602 1524 2667 Recreans,
1560 2597 1762 2666 ferens,
1792 2595 1951 2667 baiu-

363 2707 506 2761 Ians.
535 2702 723 2760 Vidisti
747 2715 933 2758 rursus
962 2696 1251 2768 perfectam
1284 2694 1336 2749 in
1368 2700 1597 2764 utroque
1621 2689 1739 2761 ejus
1760 2697 1953 2757 poten-

364 2798 537 2854 tiam?
564 2811 757 2865 nempe
783 2794 836 2849 in
864 2790 1181 2849 extollendis
1206 2785 1514 2851 humilibus,
1542 2791 1597 2840 et
1619 2782 1672 2839 in
1697 2781 1954 2853 deiicien-

361 2890 450 2945 dis
485 2885 951 2959 deprimendisque
988 2879 1380 2951 arrogantibus.
1405 2875 1519 2931 Non
1551 2874 1723 2931 solum
1773 2879 1954 2928 autem

360 2980 628 3045 humiliat,
647 2977 750 3035 sed
776 2976 936 3032 etiam
964 2985 1307 3041 summopere
1336 2968 1577 3023 bumiliat
1606 2984 1619 3019 :
1650 2965 1755 3020 hoc
1810 2961 1952 3019 enim

360 3074 468 3131 sibi
498 3072 611 3128 vult
638 3068 789 3135 illud,
823 3067 994 3139 Usque
1020 3064 1089 3119 ad
1115 3073 1323 3117 terram.
1348 3061 1401 3114 7.
1434 3056 1706 3113 Ρνωσὺιὶιε
1732 3053 1949 3109 Domino

359 3171 419 3224 in
447 3166 778 3238 confessione.
809 3162 990 3217 Alius,
1016 3158 1319 3214 Enumerate
1360 3153 1464 3224 (a).
1512 3151 1801 3219 Postquam
1852 3146 1953 3217 lgi-

363 3272 455 3315 tur
482 3258 616 3313 dixit
640 3254 897 3327 prmclara
919 3252 1035 3321 ejus
1073 3249 1233 3313 facta,
1261 3259 1447 3300 rursus
1468 3257 1561 3297 eos
1579 3240 1645 3295 ad
1698 3240 1954 3310 hymnum
1979 3277 1985 3281 .

362 3361 525 3407 vocat
549 3348 733 3405 dicens
767 3363 780 3400 :
809 3341 1080 3399 Prwcinite
1129 3337 1347 3391 Domino
1388 3334 1443 3388 in
1464 3330 1819 3403 confessione:
1855 3327 1958 3383 hoc

360 3451 473 3508 est,
519 3441 571 3496 in
627 3437 917 3510 gratiarmn
968 3432 1197 3496 actione,
1242 3443 1363 3483 cum
1420 3438 1612 3495 magno
1660 3419 1836 3477 studio
1894 3433 1957 3474 ac

359 3532 659 3602 diligentia.
704 3528 917 3584 Psallite
967 3523 1071 3578 Deo
1104 3532 1274 3576 nostro
1304 3521 1355 3573 in
1384 3517 1603 3572 cithara.
1632 3512 1803 3580 Alius,
1855 3510 1959 3565 Per

360 3629 533 3698 lyram
559 3621 655 3695 (lt).
694 3620 747 3676 8.
776 3618 877 3686 Qui
902 3616 1061 3688 operit
1089 3613 1267 3669 cwlum
1295 3610 1524 3677 nubibus,
1551 3616 1598 3662 et
1624 3615 1770 3680 parat
1813 3612 1959 3660 teme

363 3721 608 3794 pluviam.
638 3715 716 3772 Ne
743 3714 861 3787 quis
886 3724 1063 3768 autem
1104 3710 1261 3780 plane
1310 3721 1500 3763 sensus
1547 3718 1741 3775 expers
1787 3700 1949 3766 dicat,

368 3792 439 3869 Et
481 3810 605 3883 quid
633 3808 699 3864 ad
727 3822 812 3863 me
840 3801 1119 3861 ca-lestia?
1159 3799 1438 3869 subiunxit
1486 3798 1666 3853 statim
1715 3797 1768 3850 in
1816 3792 1958 3864 quod

365 3919 506 3975 opus
531 3910 610 3958 est
636 3895 962 3961 hominibus,
990 3891 1279 3948 ostendens
1304 3904 1401 3960 per
1423 3887 1474 3942 id
1500 3886 1641 3957 quod
1667 3884 1955 3954 subiungit,

366 3974 466 4055 cur
493 3997 682 4052 caelum
706 3991 913 4062 operiat
939 3985 1192 4043 nubibus.
1216 3983 1443 4052 Propter
1462 3988 1532 4044 te,
1567 3978 1755 4048 inquit,
1784 3986 1843 4030 ut
1882 3974 1957 4028 ti-

370 4091 421 4147 bi
451 4096 604 4161 paret
626 4083 882 4158 pluviam.
927 4075 1115 4133 Pluvia
1141 4083 1324 4128 autem
1376 4077 1592 4140 propter
1636 4076 1709 4129 te,
1764 4074 1821 4120 ut
1864 4063 1959 4118 tibi

372 4158 572 4237 frenum
602 4176 877 4248 producat.
909 4169 1040 4226 Vide
1065 4175 1242 4222 autem
1271 4162 1586 4234 sapientiam
1621 4177 1634 4213 :
1662 4158 1791 4214 dicit
1814 4158 1957 4213 bona

372 4270 637 4345 generalia
666 4284 784 4339 qua:
808 4263 958 4321 dedit
986 4259 1257 4323 omnibus,
1315 4271 1381 4311 ex
1432 4250 1752 4345 redundanti
1807 4249 1960 4317 copia

374 4339 465 4420 ora
495 4376 680 4417 eorum
707 4359 1010 4414 obstruens.
1064 4352 1121 4406 Si
1152 4349 1293 4406 enim
1341 4344 1642 4401 inﬁdelibus
1688 4341 1784 4395 fuit
1825 4339 1962 4395 adeo

378 4451 685 4514 muniﬁcus,
711 4458 768 4503 ut
793 4448 961 4503 nubes
1003 4448 1242 4514 cogeret,
1265 4448 1318 4494 et
1344 4435 1578 4508 pluviam
1604 4439 1866 4493 moveret,
1905 4439 1963 4486 et

378 4556 577 4601 terram
621 4543 897 4608 excitaret,
928 4537 1098 4593 multo
1123 4534 1293 4604 magis
1343 4529 1519 4597 vobis,
1565 4526 1655 4599 qui
1711 4523 1962 4596 appellati

370 4639 507 4696 estis
536 4637 759 4708 populus
785 4648 900 4703 eius
921 4627 1225 4701 peculiaris.

450 4726 789 4784 Providentiae
833 4720 1137 4792 amplitudo.
1171 4716 1399 4788 Populus
1446 4712 1540 4768 Dei
1565 4710 1835 4784 peculiaris
1876 4710 1965 4780 qui

380 4823 562 4877 dictus.
609 4849 680 4861 -
722 4817 821 4883 Qui
849 4815 1081 4888 producit
1116 4813 1170 4865 in
1197 4810 1448 4865 montibus
1476 4806 1667 4875 frenum
1692 4812 1738 4857 et
1759 4802 1966 4855 herbam

378 4914 601 4971 servituti
634 4911 910 4968 hominum.
960 4905 1091 4961 Vide
1135 4900 1483 4975 providentiae
1533 4893 1962 4966 amplitudinem,

379 5004 593 5080 quando
612 5018 717 5058 non
744 5000 914 5057 solum
938 4998 987 5052 iu
1005 4997 1147 5067 agris
1170 5004 1223 5049 et
1242 4992 1398 5048 cultis
1416 4988 1650 5061 praediis,
1684 4984 1778 5041 sed
1805 4983 1968 5040 etiam

380 5078 434 5156 in
466 5097 735 5155 montibus
758 5095 954 5148 lautam
978 5090 1067 5144 dat
1094 5100 1354 5150 mensam,
1413 5096 1607 5151 nempe
1652 5078 1967 5133 alimentum

377 5195 765 5262 iumentorum,
806 5197 924 5254 qua:
972 5180 1036 5234 ad
1082 5175 1385 5233 hominibus
1441 5170 1783 5229 serviendum
1827 5167 1966 5222 facta

380 5289 526 5338 sunt.
556 5278 625 5334 Et
652 5276 772 5331 ideo
809 5270 1079 5342 subiungit
1108 5268 1205 5323 :9.
1238 5265 1336 5334 Qui
1386 5264 1472 5318 dat
1517 5262 1763 5333 jumentis
1803 5274 1970 5315 escam

381 5375 629 5445 ipsorum,
655 5378 703 5424 et
732 5366 886 5441 pullis
931 5377 1195 5418 corvorum
1230 5357 1577 5414 invocantibus
1618 5372 1750 5410 eum.
1794 5353 1968 5408 Aliam

438 5522 511 5585 (η)
549 5520 688 5585 Ham}
725 5509 1021 5585 ὶςειίρυεφ
1034 5506 1142 5585 (9.”;
1168 5496 1507 5585 Ξιειῗὲληέξῗῖξ).
1523 5495 1950 5585 δὲίᾝέἓδὲηῗῒ

374 5558 534 5635 δυῖιίι
552 5558 705 5640 ἕὸἆᾶί
730 5558 873 5640 ἰῐὲὲίἷ
950 5558 1144 5640 Auiti}?
1166 5558 1531 5640 ειυιεῖῖιὶὲἳεὲίίιι
1544 5558 1950 5640 iﬁflﬁl‘fi‘fﬁ'

380 5622 873 5710 iii’iiﬁﬁ‘ddsb‘as
885 5622 1064 5710 ltegiis
1080 5628 1190 5678 Mss.
1217 5625 1473 5710 asscitum
1495 5622 1620 5685 vox,
1645 5623 1948 5679 Euumerate,

382 5696 534 5768 ειίεηῖι
555 5696 750 5778 ,ριίίίηιο
768 5705 979 5778 quadrat
997 5699 1066 5778 ,θά
1093 5710 1263 5778 iacui!
1282 5696 1564 5778 sum...

554 5753 857 5830 tiEE'i'écub,
879 5753 968 5834 per
993 5762 1169 5829 (grant,
1193 5764 1269 5811 est
1293 5753 1585 5819 Symmachi.

1298 295 1657 352 EXPOSITIU
1698 293 1759 350 IN
1801 293 2119 351 I’SALMUM
2159 291 2387 350 CXLVI.
2431 291 2517 350 ΕΤ
2557 292 2805 349 CXLVII.

3532 294 3638 353 478

2066 423 2251 462 rursus
2279 406 2411 462 dicit
2435 407 2879 472 muniﬁcentiam,
2913 414 2969 461 ut
2995 407 3083 478 qui
3109 422 3217 463 non
3244 407 3419 464 solum
3442 407 3647 475 iumen-

2065 496 2154 563 tis,
2182 512 2303 567 qu:e
2329 496 2569 553 serviunt
2593 497 2917 565 hominibus,
2946 497 3037 553 dat
3060 514 3237 555 escam
3261 500 3526 571 Ipsorum,
3554 502 3647 556 sed

2062 589 2222 644 etiam
2250 588 2367 644 aliis
2391 588 2562 643 brutis
2590 606 2604 643 :
2636 586 2704 641 Et
2747 588 2901 659 pullis
2949 588 3113 657 enim,
3146 591 3335 661 inquit,
3384 608 3649 646 corvorum

2062 679 2405 733 invocantibus
2434 695 2564 733 eum.
2589 678 2644 735 Si
2669 688 2847 734 autem
2875 678 3047 734 brutis
3071 689 3126 735 et
3150 680 3317 735 brutis
3347 680 3647 751 agrestibus

2063 780 2118 824 et
2142 785 2260 840 quae
2286 770 2590 826 hominibus
2607 771 2827 826 minime
2855 771 3171 838 inserviunt,
3190 780 3335 825 tanta
3358 772 3643 827 adhibetur

2065 864 2395 937 providentia
2429 881 2445 919 :
2473 875 2674 935 quanto
2697 865 2862 935 magis
2885 863 3209 928 hominibus,
3243 872 3296 919 et
3344 862 3647 917 hominibus

2061 960 2152 1030 qui
2183 974 2305 1014 eum
2329 958 2540 1030 hymnis
2566 966 2622 1013 et
2672 957 2915 1011 laudibus
2957 956 3251 1023 celebrant,
3303 971 3439 1026 quos
3484 956 3647 1009 etiam

2063 1061 2346 1122 propterea
2377 1051 2585 1106 vocavit
2606 1049 2860 1120 populum
2890 1048 3233 1118 peculiarem,
3259 1056 3315 1102 et
3340 1047 3420 1102 sui
3456 1046 3650 1117 portio-

2062 1144 2230 1198 nem?
2278 1143 2477 1199 Deinde
2523 1143 2776 1212 quoniam
2827 1149 2981 1196 erant
3033 1139 3285 1195 imbecilli
3309 1149 3361 1195 et
3386 1141 3641 1201 inermes.

2061 1244 2117 1292 et
2158 1236 2339 1291 nudati
2369 1235 2639 1301 omnibus,
2672 1251 2740 1290 ne
2779 1250 2844 1291 ex
2891 1249 2959 1289 eo
3009 1233 3475 1299 eonturbarentur,
3527 1232 3647 1287 vide

2061 1327 2329 1397 quomodo
2354 1326 2491 1381 hanc
2515 1318 2725 1395 quoque
2748 1340 2933 1380 eorum
2956 1323 3177 1393 corrigit
3204 1322 3646 1388 imbecillitatem,

2060 1418 2265 1483 dicens,
2296 1417 2382 1473 10.
2414 1415 2535 1470 Νοη
2560 1416 2613 1469 in
2629 1416 2925 1486 fortitudine
2952 1415 3063 1485 equi
3092 1413 3397 1468 voluntatem
3425 1408 3644 1477 habebit,

2061 1524 2218 1580 neque
2239 1507 2292 1561 in
2328 1506 2463 1561 tibiis
2490 1506 2583 1559 viri
2622 1505 2985 1576 beneplacitum
3007 1514 3079 1559 est
3105 1506 3171 1559 ei.
3202 1505 3291 1559 II.
3340 1503 3644 1573 Beneplaci-

2059 1611 2165 1655 tum
2185 1609 2261 1655 est
2275 1598 2495 1654 Domino
2514 1613 2665 1667 super
2688 1599 2915 1652 timentes
2940 1613 3076 1663 eum,
3101 1605 3148 1650 et
3168 1597 3220 1650 in
3248 1596 3318 1649 eis
3338 1595 3424 1667 qui
3442 1603 3648 1665 sperant

2059 1709 2212 1763 super
2231 1690 2572 1746 misericordia
2596 1691 2725 1762 ejus.
2742 1690 2913 1756 Alius,
2936 1687 3035 1754 Qui
3046 1696 3334 1758 exspectant
3361 1686 3647 1740 misericor-

2061 1786 2195 1839 diam
2217 1786 2327 1856 ejus
2346 1791 2386 1837 ι.
2413 1782 2470 1838 Si
2498 1782 2633 1850 haec,
2664 1780 2856 1852 inquit,
2888 1778 3149 1846 habeatis,
3178 1789 3378 1832 metum
3418 1774 3643 1842 scilicet,

2060 1886 2116 1933 et
2140 1875 2427 1946 perfectam
2452 1873 2504 1929 in
2532 1888 2654 1929 eum
2676 1887 2850 1942 spem,
2878 1869 3156 1925 attrahetis
3185 1869 3301 1939 eius
3328 1867 3645 1923 benevolen-

2060 1973 2227 2027 tiam:
2257 1979 2451 2027 etcum
2491 1967 2851 2034 attraxeritis,
2881 1967 2946 2022 iis
2971 1964 3059 2037 qui
3098 1978 3267 2035 equos
3295 1973 3347 2017 et
3371 1977 3520 2018 arma
3555 1961 3652 2015 ha-

2059 2065 2189 2121 bent
2210 2064 2360 2121 eritis
2388 2063 2735 2133 potentiores.
2753 2060 2928 2117 Unum
2950 2065 3034 2114 est
3050 2071 3179 2128 ergo
3200 2055 3342 2127 quod
3365 2054 3643 2125 quterilur,

2060 2167 2118 2214 ut
2141 2173 2247 2214 non
2276 2171 2418 2228 aegre
2447 2154 2648 2223 feratis,
2677 2168 2852 2226 neque
2872 2149 3276 2223 perturbemini,
3303 2147 3398 2203 sed
3448 2161 3644 2217 exspe-

2059 2252 2216 2309 ctetis
2238 2250 2354 2320 eius
2380 2247 2805 2304 misericordiam
2833 2263 2849 2300 :
2875 2246 2929 2301 in
2955 2242 3058 2299 hoc
3082 2243 3224 2299 enim
3260 2254 3383 2311 spes
3414 2239 3648 2295 maxime

2060 2343 2324 2408 consistit,
2357 2350 2414 2397 ut
2454 2341 2557 2397 etsi
2610 2355 2719 2395 non
2762 2336 2943 2395 statim
2993 2335 3380 2406 acceperimus,
3430 2330 3651 2387 minime

2059 2435 2426 2507 desperemus,
2458 2447 2560 2488 nec
2607 2432 2845 2486 animum
2871 2430 3203 2501 abiiciamus.
3255 2424 3424 2481 Recte
3470 2434 3648 2480 autem

2059 2527 2218 2596 dixit,
2250 2525 2318 2581 In
2335 2524 2681 2581 misericordia
2698 2524 2827 2595 ejus.
2870 2521 3056 2593 Neque
3102 2521 3246 2578 enim
3286 2519 3551 2575 habebant
3594 2516 3648 2571 in

2059 2619 2213 2675 faelis
2233 2619 2344 2674 suis
2373 2616 2641 2673 fiduciam.
2671 2614 2778 2673 Sed
2812 2625 3011 2679 tamen,
3040 2613 3233 2685 inquit,
3261 2613 3361 2669 etsi
3387 2627 3481 2666 vos
3507 2609 3645 2666 facta

2059 2710 2424 2778 destituerint,
2474 2708 2700 2779 speretis
2745 2714 2926 2762 autem
2975 2706 3029 2761 in
3077 2705 3192 2776 eius
3247 2702 3637 2771 misericordia,

2059 2801 2419 2873 assequemini
2449 2799 2839 2871 providentiam
2865 2797 3055 2868 eteius
3083 2796 3338 2851 auxilium
3369 2812 3382 2848 :
3410 2810 3532 2865 qua:
3558 2793 3649 2849 de-

2060 2904 2148 2951 tur
2185 2894 2338 2951 nobis
2357 2894 2607 2950 omnibus
2622 2890 2899 2960 consequi,
2930 2888 3099 2960 gratia
3134 2899 3188 2943 et
3213 2886 3491 2942 clementia
3539 2885 3648 2940 Do-

2058 2986 2189 3043 mini
2214 2986 2383 3042 nostri
2405 2985 2533 3041 Jesu
2584 2983 2805 3049 Christi,
2864 2980 2951 3037 cui
2998 2979 3165 3051 gloria
3192 2987 3247 3035 et
3290 2977 3549 3050 potentia,
3596 2977 3651 3032 in

2060 3080 2256 3137 sarcula
2286 3078 2626 3135 smculorum.
2655 3077 2845 3129 Amen.

2502 3187 2569 3243 IN
2609 3185 2932 3243 PSALMUM
2964 3182 3214 3240 CXLVII.

2063 3286 2115 3341 1.
2153 3284 2354 3350 Lauda,
2400 3280 2707 3348 Jerusalem,
2746 3278 3035 3344 Dominum,
3085 3275 3240 3330 lauda
3284 3273 3450 3330 Deum
3486 3284 3649 3338 tuum,

2784 3370 2936 3428 Sion.

2135 3494 2187 3549 1.
2227 3491 2342 3547 Non
2373 3488 2441 3544 ad
2473 3487 2742 3544 civitatem
2764 3484 2906 3553 ,sed
2934 3482 3000 3538 ad
3028 3498 3123 3538 eos
3147 3482 3238 3552 qui
3282 3481 3335 3537 in
3378 3480 3467 3541 illa
3505 3479 3656 3535 habi-

2064 3596 2199 3655 tant,
2230 3585 2411 3656 dirigit
2455 3581 2751 3638 orationem
2785 3596 2800 3633 :
2843 3576 2985 3649 quod
3020 3592 3115 3647 per
3141 3586 3308 3631 totum
3342 3574 3535 3629 librum
3577 3573 3657 3627 fa-

2062 3680 2167 3746 cit,
2200 3678 2301 3734 hoc
2331 3689 2547 3747 quoque
2577 3672 2666 3728 hic
2690 3670 2911 3727 faciens.
2939 3669 3167 3724 Assidue
3205 3676 3383 3723 autem
3412 3665 3657 3721 hortatur

2063 3779 2118 3827 et
2140 3769 2393 3835 consulit,
2429 3775 2487 3821 ut
2511 3765 2799 3833 gratiarum
2827 3762 3095 3816 actionem
3125 3761 3235 3815 Deo
3260 3772 3359 3829 pro
3384 3756 3657 3813 beneﬁciis

2064 3864 2310 3927 olfcrant,
2357 3868 2414 3916 et
2450 3874 2624 3928 neque
2655 3859 2711 3910 in
2745 3854 3006 3921 mdiﬁciis,
3036 3869 3138 3910 nec
3163 3853 3216 3907 in
3242 3850 3433 3906 validis
3460 3864 3659 3921 propu-

2064 3952 2323 4024 gnaculis,
2356 3948 2451 4004 sed
2480 3948 2532 4002 in
2576 3948 2695 4016 eius
2738 3943 3069 4015 providentia
3111 3942 3355 3997 ﬁduciam
3405 3940 3656 3995 habeant.

2064 4045 2178 4100 Hoc
2207 4042 2371 4098 veluti
2400 4042 2549 4111 prius
2586 4040 2731 4108 iacto
2777 4035 3150 4101 fundamento,
3178 4034 3469 4103 subiungit.
3499 4042 3554 4089 et
3578 4032 3659 4088 di-

2066 4136 2173 4191 cit:
2206 4134 2262 4188 2.
2304 4131 2558 4200 Quoniam
2602 4127 2907 4200 confortavit
2944 4142 3083 4180 seras
3128 4133 3389 4197 portarum
3433 4134 3656 4190 tuarum,

2065 4227 2317 4282 benedixit
2334 4225 2455 4295 ﬁliis
2482 4225 2581 4277 tuis
2604 4221 2657 4276 in
2685 4231 2749 4275 te.
2776 4217 2914 4287 Quid
2937 4227 3041 4284 est,
3070 4234 3207 4274 seras
3234 4216 3571 4286 confortauit?
3598 4214 3657 4271 lu

2067 4328 2203 4387 tuto,
2229 4316 2417 4388 inquit,
2451 4325 2504 4371 te
2550 4312 2851 4377 collocavit,
2882 4309 3006 4366 fecit
3029 4305 3517 4378 inexpugnabilem.
3548 4303 3654 4361 Be-

2067 4414 2259 4470 nedixit
2297 4412 2417 4482 ﬁliis
2446 4411 2565 4476 tuis,
2603 4407 2704 4463 hoc
2726 4415 2830 4472 est,
2856 4404 3004 4459 auxit
3027 4402 3080 4457 in
3102 4415 3345 4472 magnam
3368 4397 3659 4454 multitudi-

2068 4524 2212 4565 nem.
2244 4506 2357 4562 Hoc
2392 4517 2558 4563 unum
2595 4509 2680 4556 est
2714 4512 2885 4571 genus
2916 4495 3157 4552 beneﬁcii
3213 4511 3228 4548 :
3274 4493 3501 4546 alterum
3532 4505 3659 4545 vero

2067 4609 2149 4658 est
2178 4598 2327 4663 illud,
2366 4595 2434 4651 In
2464 4606 2531 4651 te.
2560 4592 2676 4649 Hoc
2699 4598 2783 4646 est
2806 4599 2983 4644 autem
3012 4584 3154 4657 quod
3182 4583 3348 4639 dicit:
3386 4597 3491 4637 non
3520 4580 3660 4636 divi-

2068 4709 2176 4759 sos,
2205 4707 2305 4749 nec
2323 4691 2595 4760 dispersos
2613 4687 2660 4751 ³,
2688 4683 2783 4740 sed
2808 4684 2861 4737 in
2889 4692 2941 4737 te
2966 4687 3318 4750 congregatos
3346 4674 3499 4731 auxit
3526 4676 3661 4729 mut.

2072 4788 2319 4844 titudine.
2353 4780 2559 4838 Deinde
2586 4777 2728 4834 aliud
2758 4789 2972 4847 quoque
2996 4770 3287 4828 ostendens
3314 4766 3662 4840 provident':e

2070 4893 2241 4953 genus
2275 4876 2442 4932 dicit:
2472 4873 2529 4927 5.
2555 4870 2655 4936 Qui
2685 4869 2827 4939 ponit
2856 4868 2983 4936 ﬁnes
3008 4874 3119 4919 tuos
3145 4859 3495 4935 pacem.Ficri
3522 4859 3662 4914 enim

2072 4949 2249 5040 potest
2267 4974 2329 5021 ut
2352 4972 2407 5020 et
2430 4964 2483 5018 in
2514 4970 2628 5016 tuto
2659 4959 2786 5024 sint,
2819 4966 2873 5015 et
2903 4956 3055 5012 multi
3083 4954 3210 5022 sint,
3243 4962 3299 5009 et
3324 4960 3501 5007 tamen
3524 4949 3665 5004 bello

2071 5067 2333 5116 vexentur
2356 5074 2369 5109 :
2394 5053 2488 5110 sed
2509 5053 2578 5108 ab
2597 5051 2682 5106 bis
2700 5064 2915 5121 quoque
2934 5046 3146 5103 insidiis
3166 5043 3400 5102 ostendit
3423 5055 3519 5095 eos
3544 5050 3663 5091 esse

2075 5152 2293 5216 liberos,
2326 5162 2447 5204 cum
2478 5146 2557 5200 sic
2579 5144 2738 5212 dixit,
2764 5151 2822 5199 et
2856 5140 3106 5197 indicavit
3150 5153 3257 5193 non
3306 5133 3482 5189 solum
3529 5128 3661 5183 civi-

2080 5250 2241 5297 tatem
2271 5254 2392 5295 esse
2414 5237 2635 5293 liberam
2664 5234 2733 5289 ab
2753 5230 3176 5293 insidiatoribus,
3204 5225 3301 5280 sed
3331 5224 3476 5291 ipsos
3503 5219 3663 5272 etiam

2076 5335 2232 5391 ﬁnes.
2260 5330 2450 5386 Vidisti
2481 5336 2610 5399 quot
2637 5324 2897 5383 beneﬁcia
2928 5316 3221 5377 recenset?
3264 5314 3502 5370 Primum
3538 5309 3663 5380 qui-

2140 5470 2155 5502 ί
2193 5465 2332 5517 Savil.
2356 5465 2482 5514 hanc
2499 5464 2814 5520 varietatem,
2838 5454 3145 5520 omissamin
3170 5457 3339 5511 textu,
3374 5450 3664 5520 inmargine

2074 5508 2314 5595 reposuit:
2322 5508 2480 5587 'Q‘uzii
2503 5508 2703 5589 qia—deni
2715 5508 3121 5595 esseSyuimacbi
3147 5527 3211 5565 ex
3233 5526 3295 5565 eo
3316 5508 3665 5574 conjiciendum

2208 5578 2469 5675 quod‘iste
2503 5578 2549 5657 l'.
2586 5615 2705 5670 Reg.
2744 5603 2833 5664 15,
2867 5578 3229 5664 έ,¹7τνϐι“ιεοθ
3273 5594 3445 5655 vertit,
3481 5603 3667 5656 «putt,

2077 5684 2207 5751 quod
2231 5688 2309 5733 est
2324 5716 2339 5741 ,
2362 5675 2672 5751 adspeetum.

2143 5750 2163 5782 ³
2198 5740 2331 5797 Unus
2347 5740 2496 5805 addit,
2520 5751 2606 5790 nec
2629 5740 2865 5789 errantes.
