4076 6222
415 160 517 216 ιτεδ

415 273 532 327 dem
555 314 569 338 ,
597 281 646 327 et
677 271 816 343 quod
843 277 927 325 est
964 268 1204 325 omnium
1244 267 1566 332 maximum,
1594 262 1735 335 quod
1783 261 1998 326 dixerit,

412 363 578 418 Deum
622 372 780 418 tuum.
812 363 915 418 Per
945 362 1046 417 hoc
1073 362 1218 417 enim
1245 359 1467 414 verbum
1507 356 1634 412 dicit
1661 355 1775 416 inec
1800 351 1999 408 omnia.

411 455 488 511 Te
531 457 710 512 effecit
750 456 1087 519 familiarem,
1124 465 1175 510 te
1201 469 1354 509 suum
1396 451 1520 508 fecit
1562 449 1836 515 heredem,
1879 463 2000 502 cum

415 550 482 602 sit
511 549 814 603 communis
841 547 1078 602 omnium
1110 545 1366 600 Dominus
1391 586 1406 612 ,
1438 551 1520 598 est
1546 541 1812 612 pra-cipue
1845 549 1999 594 tuus:

415 641 552 710 quod
581 641 794 711 quidem
823 649 910 696 est
941 640 1170 711 primum
1201 648 1356 706 caput
1385 635 1667 689 bonorum.
1698 632 2004 688 Secundum

415 741 614 798 autem,
674 733 942 786 civitatem
992 729 1044 785 in
1086 739 1199 785 tuto
1251 727 1552 785 collocavit.
1605 725 1865 790 Tertium,
1911 737 2006 778 eos

415 822 803 891 multiplicavit.
820 823 1146 888 Quartuin,'a
1172 818 1324 874 bellis
1341 828 1396 872 et
1423 816 1734 870 tumultibus
1760 813 2006 869 liberavit

415 931 520 970 non
548 914 719 970 solum
751 913 1043 979 civitatem,
1072 910 1166 966 sed
1198 911 1359 966 etiam
1403 909 1703 963 universam
1743 915 1956 977 gentem
1987 920 2003 971 ;

413 1016 576 1074 atque
605 1020 708 1058 non
733 1020 843 1058 uno
873 1013 1098 1069 tantum,
1131 1011 1222 1056 aut
1244 1001 1435 1066 altero,
1463 1008 1554 1054 aut
1583 999 1737 1054 tertio
1768 1008 2008 1067 tempore

416 1097 519 1153 ltoc
543 1096 689 1161 fecit,
720 1097 813 1152 sed
846 1098 895 1152 id
927 1096 1053 1152 fecit
1084 1085 1342 1166 perpetuo
1374 1113 1387 1148 :
1417 1109 1524 1148 non
1553 1093 1681 1148 dicit
1707 1091 1872 1157 enim,
1902 1089 2005 1157 Qui

416 1188 611 1257 posuit,
641 1186 758 1254 sed,
791 1187 891 1255 Qui
926 1188 1086 1258 ponit.
1115 1185 1269 1254 Quod
1299 1185 1341 1238 si
1371 1185 1507 1239 bella
1535 1183 1852 1254 quandoque
1876 1195 2007 1235 eve-

414 1289 632 1345 nerunt,
667 1297 772 1334 non
802 1279 944 1350 quod
974 1280 1088 1349 ipse
1114 1293 1209 1334 eos
1235 1277 1590 1348 relinqueret,
1619 1273 1713 1328 sed
1740 1271 1880 1344 quod
1909 1271 2006 1342 ipsi

415 1373 704 1437 resilirent,
749 1371 799 1425 id
848 1371 1043 1426 factum
1091 1380 1211 1425 est:
1259 1369 1362 1422 hoc
1400 1367 1540 1421 enim
1571 1365 1666 1420 fuit
1693 1373 2006 1436 perpetuum

413 1464 534 1532 ejus
558 1479 714 1535 Opus,
745 1462 974 1528 munire,
1005 1463 1056 1515 in
1080 1471 1192 1516 tuto
1213 1461 1496 1528 collocare,
1526 1466 1581 1512 ut
1607 1457 1673 1512 ab
1695 1457 1838 1512 omni
1865 1455 2009 1511 bello

414 1566 473 1611 et
503 1556 731 1610 tumultu
756 1553 908 1610 liberi
933 1561 1118 1608 essent
1143 1561 1419 1623 praestare.

488 1647 665 1702 Terrw
724 1645 957 1710 fertilitas
1015 1644 1111 1696 Dei
1156 1642 1484 1714 providentia:
1535 1636 1892 1693 adscribenda.
1936 1667 2010 1678 --

424 1737 631 1793 Deinde
675 1734 819 1790 aliud
849 1749 1064 1804 quoque
1103 1747 1206 1787 una
1237 1747 1357 1786 cum
1390 1731 1491 1785 hoc
1515 1729 1644 1784 dicit
1668 1727 2003 1796 beneﬁcium,

420 1844 610 1899 nempe
661 1841 907 1896 magnam
938 1840 1170 1880 annuam
1209 1823 1560 1889 fertilitatem,
1591 1831 1646 1876 et
1674 1821 1872 1875 bonum
1902 1819 2010 1874 fru-

416 1932 598 1978 ctuum
629 1928 969 1991 proventum,
998 1933 1184 1972 rursus
1209 1917 1296 1971 hic
1325 1917 1470 1986 ipsos
1497 1915 1696 1970 docens
1720 1929 1824 1969 non
1853 1923 2010 1969 terrae

420 2029 517 2068 nec
544 2013 685 2068 aeris
707 2020 934 2078 naturae,
965 2008 1060 2064 scd
1088 2007 1203 2080 ejus
1234 2007 1578 2078 providentiae
1603 2008 1780 2061 omnia
1805 2006 2010 2060 adscri-

419 2106 568 2160 bere.
597 2103 770 2173 Quam
813 2099 1244 2172 providentiam?
1277 2098 1406 2152 Eam
1433 2113 1592 2168 quam
1633 2097 1904 2166 subjunxit
1929 2096 2009 2150 di—

415 2212 566 2260 cens,
607 2194 675 2249 Et
715 2193 867 2265 adipe
910 2192 1150 2265 frumenti
1194 2190 1345 2244 satiat
1385 2188 1484 2242 te?
1533 2187 1662 2242 Vide
1696 2205 1708 2240 :
1741 2202 1845 2242 non
1875 2186 2010 2240 dixit

415 2288 681 2354 absolute,
723 2284 1098 2349 Frumentum,
1136 2281 1253 2348 sed,
1284 2281 1449 2352 Adipe
1469 2279 1730 2352 frumenti,
1762 2295 2006 2351 magnam

415 2379 706 2436 ostendens
736 2376 1162 2448 prosperitatem.
1199 2372 1379 2442 Adeps
1404 2371 1547 2426 enim
1577 2370 1850 2438 frumenti,
1900 2370 2011 2426 frn-

414 2485 535 2528 rtus
579 2471 764 2526 liorem
806 2479 860 2525 et
892 2469 944 2524 id
979 2470 1119 2539 quod
1149 2473 1231 2522 est
1271 2465 1505 2534 opimum
1550 2462 1832 2533 signiﬁcat.
1860 2462 2007 2517 Talia

414 2573 542 2619 sunt
566 2564 709 2618 enim
738 2561 832 2616 Dei
861 2560 1022 2626 dona,
1049 2558 1217 2630 proba
1246 2566 1300 2612 et
1325 2555 1594 2611 ﬂorentia.
1639 2554 1855 2624 Optimo
1879 2568 2007 2624 ergo

416 2656 684 2710 frumento
713 2668 808 2708 eos
834 2651 919 2706 bic
945 2651 1072 2704 dicit
1098 2648 1470 2705 liberalissime
1490 2644 1713 2716 expleri.
1731 2643 1844 2700 Hoc
1863 2644 2006 2699 enim

416 2747 723 2820 signiﬁcans
757 2754 874 2800 non
922 2744 1077 2808 dixit,
1125 2741 1227 2809 Qui
1265 2740 1378 2807 dat,
1423 2738 1540 2806 sed,
1595 2737 1695 2806 Qui
1742 2747 1788 2791 te
1833 2737 2003 2791 satiat.

418 2842 470 2894 4.
517 2839 613 2905 Qui
640 2837 817 2892 emittit
848 2836 1101 2905 eloquium
1127 2850 1274 2888 suum
1300 2843 1464 2886 terraz.
1492 2829 1646 2898 Quod
1674 2828 1854 2884 facere
1879 2843 2008 2883 con-

415 2931 608 2997 suevit,
634 2937 694 2984 ut
721 2946 752 2984 a
783 2929 1002 2999 privatis
1031 2927 1096 2982 ad
1123 2924 1446 2990 communia,
1479 2932 1534 2978 et
1559 2937 1588 2976 a
1628 2921 2005 2977 communibus

416 3039 602 3080 rursus
627 3023 692 3076 ad
722 3023 924 3092 privata
957 3018 1244 3075 transferat
1269 3019 1589 3082 orationem,
1629 3014 1732 3069 hoc
1759 3013 1848 3070 hic
1875 3029 2007 3084 quo-

415 3131 521 3187 que
563 3114 707 3168 facit.
736 3112 1021 3182 Postquam
1066 3108 1206 3164 enim
1238 3107 1400 3170 dixit,
1428 3104 1610 3160 Lauda
1648 3103 1812 3158 Deum
1843 3115 2002 3169 tuum,

417 3224 486 3263 ne
523 3204 643 3277 quis
687 3203 948 3273 insipiens
994 3201 1326 3256 existimaret
1363 3214 1485 3255 eum
1526 3212 1647 3253 esse
1677 3197 1844 3254 Deum
1887 3208 2006 3252 tan-

416 3311 528 3353 tum
553 3297 884 3358 Iudaeorum,
903 3291 1140 3347 ostendit
1168 3289 1438 3360 quomodo
1463 3291 1534 3344 sit
1555 3289 1822 3344 universa:
1848 3297 2006 3345 terra:

418 3389 718 3444 communis
746 3387 908 3451 Deus,
941 3394 996 3438 et
1021 3399 1117 3453 per
1147 3381 1317 3437 totum
1359 3383 1546 3438 orbem
1594 3390 1750 3437 terra:
1787 3389 2005 3436 extensa

417 3481 489 3536 sit
525 3480 642 3549 ejus
670 3475 1001 3546 providentia
1024 3513 1040 3539 ,
1066 3489 1097 3527 a
1143 3473 1364 3542 privatis
1387 3472 1455 3527 ad
1485 3471 1538 3526 id
1563 3471 1704 3540 quod
1744 3481 1828 3527 cst
1857 3485 2007 3526 com-

419 3587 580 3626 mune
607 3569 876 3623 deducens
904 3565 1198 3620 orationem
1224 3603 1239 3629 ,
1267 3572 1324 3619 et
1362 3563 1430 3619 ad
1476 3562 1780 3634 generalem
1833 3561 2010 3632 provi-

421 3662 682 3720 dentiam.
733 3660 800 3714 Et
829 3659 949 3714 ideo
972 3673 1090 3713 cum
1120 3657 1377 3722 dixisset,
1413 3657 1514 3725 Qui
1544 3657 1722 3711 emittit
1751 3655 2010 3728 eloquium

417 3771 564 3811 suum
609 3763 775 3818 terras,
825 3750 1136 3821 subiunxit:
1189 3748 1438 3804 Velociter
1476 3748 1634 3803 currit
1675 3764 1840 3802 sermo
1877 3748 2006 3819 ejus.

420 3846 537 3902 Hoc
573 3855 748 3900 autem
778 3843 932 3908 dixit,
966 3841 1256 3898 ostendens
1297 3856 1422 3898 eum
1461 3857 1567 3896 non
1598 3839 1770 3896 solum
1813 3848 2009 3896 nostra:

419 3937 681 4009 regionis,
709 3935 800 3992 sed
829 3935 1063 3991 universi
1091 3934 1235 3990 orbis
1261 3944 1524 3990 terrarum
1577 3947 1757 3988 curam
1798 3947 2005 4003 gerere.

423 4030 706 4099 Eloquium
736 4037 914 4083 autem
943 4026 1032 4082 hic
1058 4027 1188 4082 dicit
1220 4026 1450 4097 jussum,
1499 4027 1862 4095 operationem
1907 4040 2009 4095 qua

420 4120 663 4191 providet
689 4130 742 4174 et
771 4119 1042 4190 prospicit.
1077 4116 1279 4173 Deinde
1295 4133 1453 4187 quam
1480 4117 1551 4172 sit
1569 4116 1758 4183 facilis,
1781 4127 2010 4186 etquam

418 4213 475 4268 in
515 4222 762 4282 promptu
798 4210 1090 4266 ostendens
1126 4225 1233 4264 non
1264 4209 1483 4263 nomine
1509 4209 1682 4264 solum
1717 4208 2007 4274 sermonis,

418 4304 514 4360 sed
558 4305 720 4360 etiam
767 4303 1123 4372 appellatione
1160 4315 1349 4356 cursus
1387 4299 1438 4354 id
1477 4299 1828 4370 signiﬁcavit:
1860 4311 2012 4357 etne

421 4397 526 4451 hoc
549 4395 760 4464 quidem
788 4394 920 4448 satis
955 4408 1076 4447 esse
1099 4391 1270 4456 duxit,
1297 4389 1391 4446 sed
1422 4391 1580 4444 etiam
1611 4389 1806 4458 adjecit
1825 4389 2006 4455 ,νειο-

419 4491 563 4541 eiter.
591 4483 744 4550 Quod
777 4493 953 4538 autem
991 4482 1160 4548 dicit,
1199 4489 1283 4536 est
1308 4479 1606 4551 ejusmodi:
1632 4479 2013 4550 Quodcumque

419 4575 657 4646 jusserit,
701 4573 761 4627 ﬁt
804 4589 928 4628 cum
967 4572 1198 4626 maxima
1244 4570 1536 4626 celeritate.
1568 4569 1668 4625 Per
1705 4569 2010 4624 universum

421 4665 564 4722 enim
591 4663 773 4718 orbem
801 4673 957 4720 terra:
983 4663 1232 4734 imperat.
1265 4661 1400 4730 Quid
1429 4674 1604 4718 autem
1637 4662 1908 4730 imperat?
1937 4663 2010 4717 Ea

421 4769 539 4827 quin
567 4761 805 4808 nostram
836 4754 996 4808 vitam
1021 4753 1334 4820 continent,
1363 4769 1484 4824 qua:
1509 4763 1752 4825 spectant
1777 4753 1842 4808 ad
1869 4756 2012 4810 aeris

421 4844 962 4910 administrationem,
1006 4855 1410 4916 temporumque
1450 4848 1794 4902 mutationem
1843 4856 1898 4904 et
1931 4848 2011 4901 vi-

419 4939 810 4996 cissitudinem.
843 4937 912 4992 Et
941 4937 1060 4992 ideo
1088 4937 1361 5008 subjungit
1387 4938 1588 5006 dicens,
1617 4941 1672 4996 5.
1696 4940 1796 5007 Qui
1818 4939 1908 4994 dat
1934 4941 2015 4995 ni-

426 5043 543 5083 uem
569 5033 698 5087 sicut
721 5032 894 5087 lanam
914 5046 935 5084 :
963 5031 1196 5085 nebulam
1233 5031 1362 5086 sicut
1399 5033 1617 5087 cinerem
1654 5034 1870 5104 spargit.
1901 5033 2013 5090 Hoc

425 5124 562 5180 alius
600 5123 815 5196 quidam
865 5123 1129 5192 interpres
1171 5121 1319 5187 dicit,
1362 5122 1548 5178 liorem
1575 5133 1880 5178 concretum.
1909 5123 2014 5179 lle-

423 5220 600 5274 brteus
626 5226 801 5272 autem
824 5211 1060 5285 Chepltor
1081 5213 1342 5284 Chaepher
1370 5213 1472 5286 (a).
1515 5215 1568 5272 6.
1605 5214 1763 5269 Mittit
1793 5214 2011 5286 crystal-

428 5311 528 5362 lum
553 5324 697 5363 suout
719 5307 849 5362 sicut
872 5306 1139 5360 buccellae.
1163 5305 1291 5362 Ante
1324 5305 1507 5375 faciem
1534 5307 1738 5378 frigoris
1773 5313 1882 5376 ejus
1901 5307 2012 5377 quis

495 5413 568 5473 (a)
593 5413 752 5461 Voces
791 5412 1016 5462 Heln-eu:
1056 5419 1204 5473 sunt,
1228 5415 1382 5465 una:
1409 5413 1572 5470 "l‘DD,
1608 5427 1812 5474 quarum
1849 5415 2002 5474 prima

432 5479 538 5544 sola
563 5477 776 5544 exprimi
801 5479 1008 5544 debuit:
1038 5495 1149 5544 nam
1177 5481 1300 5531 illud
1333 5485 1488 5537 ἾῚΞ).
1521 5481 1756 5544 C/tepltor,
1779 5476 2002 5544 pruinam

431 5540 511 5586 vel
528 5537 756 5608 nebulam
774 5540 1031 5608 signiﬁcat.
1057 5541 1309 5608 illamque
1322 5558 1487 5595 vocem
1509 5537 1661 5594 solani
1683 5537 2004 5608 Sy‘tnmachus

433 5602 614 5662 vertit,
659 5612 818 5650 rorem
851 5602 1170 5653 addensntttm
1211 5602 1403 5668 (δρόσον
1459 5602 1808 5670 πεπηγμένήν),
1857 5612 1911 5654 ut
1954 5604 2004 5653 in

1126 154 1187 210 S.
1213 151 1492 210 JOANNIS
1529 146 2002 208 CHRYSOSTOMI
2044 145 2368 204 ARCHIEP.
2409 141 2942 202 CONSTANTINOP.

3612 149 3703 204 480

2106 260 2362 314 sustinebit
2383 260 2408 314 Ρ
2429 259 2579 315 Alius
2604 267 2804 326 autem,
2835 254 2901 312 In
2931 255 3111 329 faciem
3141 265 3306 312 (estus
3331 261 3450 326 eius
3475 259 3584 328 quis
3603 264 3708 315 sub-

2107 353 2244 406 sistet
2265 351 2382 423 (a)?
2412 351 2464 404 7.
2503 350 2708 405 Emitte!
2741 349 2947 404 verbum
2976 365 3146 414 suum,
3187 358 3242 403 et
3291 348 3590 420 liquefaciet
3615 367 3709 408 ea:
3791 389 3796 394 ι

2107 445 2250 514 ﬂabit
2269 445 2476 515 spiritus
2523 444 2654 514 ejus,
2707 451 2753 498 et
2797 444 2957 513 ﬂuent
2996 457 3160 513 aqua.
3197 439 3310 498 Hie
3337 441 3478 497 mihi
3506 445 3708 514 exponit

2111 534 2576 604 inexpugnabilem
2626 539 2682 588 et
2731 533 2993 588 inﬁnitam
3041 533 3156 604 ejus
3199 534 3540 605 potentiam,
3584 537 3709 606 quod

2109 643 2202 682 eas
2239 643 2359 697 qua:
2404 642 2508 682 non
2548 637 2672 681 sunt
2709 625 2968 698 producat
3011 627 3373 694 substantias,
3403 639 3461 683 et
3489 644 3581 684 eas
3606 647 3711 701 qua:

2111 720 2261 774 facta:
2286 731 2409 774 sunt
2428 727 2766 786 transmutet,
2785 728 2838 773 et
2862 717 2928 773 ad
2950 718 3001 773 id
3027 717 3168 790 quod
3195 721 3320 774 vult
3351 720 3705 778 transformet.

2179 811 2235 866 2.
2278 811 2495 866 Natura:
2519 813 2742 883 operatio
2777 812 2831 866 in
2861 813 3170 866 contrarium
3209 823 3447 868 mutata.
3480 845 3552 854 —
3573 813 3712 883 Quod

2111 905 2326 976 quidem
2369 905 2506 960 alius
2553 919 2766 976 quoque
2811 903 3070 982 propheta
3107 904 3435 975 signiﬁcans
3464 904 3709 962 dicebat:

2119 994 2218 1062 Qui
2259 994 2430 1048 omnia
2470 995 2612 1065 facit,
2640 1003 2685 1047 et
2715 1011 2773 1048 ea
2800 994 3129 1065 transformat
3167 995 3364 1064 (Amos
3394 997 3455 1052 5.
3502 996 3578 1067 8).
3613 997 3712 1054 Etsi

2115 1087 2258 1142 enitn
2275 1087 2634 1142 immobilibus
2653 1098 2856 1153 natura:
2871 1087 3113 1143 terminis
3125 1088 3351 1160 alligata
3365 1090 3501 1155 sint,
3517 1092 3713 1160 quando

2115 1190 2288 1236 tamen
2314 1181 2363 1236 ei
2391 1180 2564 1236 visum
2593 1180 2773 1246 fuerit,
2796 1181 3077 1237 solvuntur
3116 1181 3172 1236 bi
3204 1182 3461 1238 termini.
3491 1183 3553 1237 Ei
3583 1184 3724 1252 enim,

2119 1273 2298 1328 omnia
2326 1275 2342 1305 ¹
2363 1273 2546 1332 locum
2575 1273 2705 1329 dant
2729 1283 2785 1330 et
2808 1274 3128 1330 concedunt.
3157 1275 3481 1346 Aliquando
3513 1275 3710 1346 quidem

2113 1380 2205 1420 eas
2236 1372 2406 1419 mutat
2430 1365 2772 1433 substantias,
2803 1365 3088 1437 aliquando
3116 1381 3246 1422 vero
3276 1377 3574 1421 ntanentes
3603 1382 3710 1420 mu-

2116 1467 2188 1513 tat
2216 1459 2268 1513 in
2295 1459 2454 1513 aliam
2483 1460 2848 1529 operationem
2875 1500 2891 1528 ,
2919 1469 2976 1516 et
2999 1474 3117 1514 eam
3153 1458 3384 1530 quidem
3420 1474 3544 1530 qua:
3569 1469 3647 1514 est
3668 1461 3711 1514 ei

2113 1549 2366 1605 attributa
2406 1548 2532 1604 sinit
2557 1549 2858 1620 quiescere,
2889 1550 3049 1604 aliam
3079 1564 3210 1606 vero
3242 1549 3465 1604 inducit
3507 1559 3708 1604 contra-

2113 1641 2248 1695 riam
2279 1659 2293 1695 :
2325 1641 2465 1712 quod
2492 1641 2705 1712 quidem
2737 1641 2862 1697 fecit
2889 1641 2940 1696 in
2969 1641 3206 1698 fornace.
3223 1641 3381 1718 Ignis
3415 1641 3562 1697 enim
3585 1652 3706 1708 erat,

2112 1740 2166 1787 et
2194 1747 2300 1787 non
2329 1732 2558 1789 urebat:
2591 1732 2686 1788 sed
2713 1733 2802 1804 qui
2841 1734 2893 1788 in
2925 1750 3044 1790 eum
3091 1734 3270 1808 injecti
3316 1733 3560 1801 fuerant,
3599 1749 3708 1790 seno

2115 1822 2316 1878 tiebant
2356 1838 2532 1878 rorem
2581 1824 2736 1895 longe
2775 1825 3241 1894 jncundissimum.
3272 1825 3429 1882 Mare
3459 1836 3704 1881 eratcum

2111 1912 2283 1969 «ἰυᾱωὶ
2327 1914 2651 1984 trajicerent,
2681 1922 2733 1970 et
2759 1931 2911 1985 aqua:
2940 1931 3049 1970 non
3080 1916 3414 1982 obruebant,
3459 1915 3556 1972 sed
3587 1916 3702 1972 soli-

2113 2005 2234 2060 dius
2261 2021 2417 2076 quam
2451 2006 2504 2060 in
2533 2018 2681 2077 petra
2711 2007 3027 2064 transibant.
3047 2007 3159 2065 Sub
3185 2009 3406 2064 Datlian
3438 2019 3496 2064 et
3519 2009 3703 2064 Abiron

2117 2107 2256 2152 terra
2286 2106 2402 2152 erat
2421 2139 2437 2164 ,
2473 2113 2658 2154 eorum
2685 2107 2862 2154 tamen
2891 2115 3118 2170 corpora
3144 2116 3253 2156 non
3285 2101 3589 2167 sustinuit,
3620 2101 3700 2157 sed

2113 2187 2323 2242 facilius
2353 2203 2512 2260 quam
2558 2205 2709 2245 mare
2739 2190 2938 2248 obruit.
2967 2192 3122 2263 Virga
3153 2194 3338 2248 Aaron
3371 2203 3495 2250 erat
3520 2194 3701 2263 lignum

2112 2278 2342 2345 aridum,
2383 2291 2438 2336 et
2483 2279 2710 2336 fructum
2753 2297 2912 2352 quam
2951 2297 3014 2340 ea
3046 2298 3166 2353 qua:
3195 2283 3251 2340 in
3286 2293 3439 2340 terra
3485 2283 3697 2354 plantat:

2112 2380 2288 2438 erant,
2330 2371 2690 2442 pulchriorem
2731 2374 2970 2444 protulit.
3001 2374 3238 2430 Balaami
3269 2385 3396 2431 erat
3421 2375 3573 2432 asina
3601 2373 3701 2428 ani-

2112 2463 2218 2518 mal
2247 2464 2484 2520 omnium
2527 2464 2955 2534 bebetissimum,
3003 2481 3105 2523 nec
3133 2469 3316 2536 minus
3348 2468 3494 2524 bene
3525 2484 3583 2522 se
3619 2466 3700 2521 de-

2113 2554 2282 2610 fendit
2332 2555 2472 2628 apud
2525 2571 2650 2612 eum
2695 2557 2785 2628 qui
2830 2559 3004 2630 ipsum
3049 2559 3330 2629 pulsabat,
3359 2576 3524 2632 quam
3553 2557 3699 2614 homo

2113 2645 2320 2701 ratione
2347 2646 2620 2716 prteditus.
2643 2646 2779 2706 Cum
2807 2648 2859 2703 in
2888 2649 3060 2705 lacum
3087 2649 3371 2720 conjectus
3396 2661 3479 2706 eet
3505 2649 3693 2714 Daniel,

2111 2746 2265 2792 erant
2293 2736 2478 2794 leones
2497 2780 2514 2804 ,
2545 2747 2601 2793 et
2624 2740 2970 2795 ostenderunt
3013 2743 3189 2796 ovium
3217 2743 3692 2804 mansuetudinem,

2112 2844 2219 2884 non
2238 2830 2474 2898 ipsorum
2497 2829 2709 2898 quidem
2735 2831 2910 2888 deleta
2937 2841 3144 2900 natura,
3168 2833 3262 2890 sed
3286 2844 3497 2892 mutata
3527 2847 3692 2888 eorum

2111 2922 2444 2992 operatione.
2476 2921 2638 2977 Multa
2666 2923 2770 2978 alia
2797 2936 3017 2994 possunt
3047 2926 3213 2982 videri
3238 2927 3527 2992 miracula,
3549 2927 3692 2980 etiam

2111 3012 2166 3068 in
2194 3013 2471 3074 creaturis.
2499 3013 2578 3069 Ne
2603 3030 2729 3085 ergo
2759 3018 3008 3086 quoniam
3059 3018 3119 3073 ﬁt
3156 3019 3389 3090 singulis
3432 3018 3616 3086 annis,
3646 3024 3692 3069 et

2110 3104 2209 3160 sub
2259 3114 2532 3174 aspectum
2573 3113 2813 3160 nostrum
2858 3107 3020 3176 cadit,
3071 3109 3123 3164 id
3173 3125 3404 3180 parvum
3453 3125 3574 3166 esse
3606 3106 3692 3161 mi-

2111 3197 2350 3252 raculum
2403 3197 2724 3254 existimes:
2777 3199 3055 3255 considera
3097 3201 3242 3256 enim
3295 3212 3565 3273 quantum
3615 3198 3692 3261 sit,

2111 3303 2252 3344 nunc
2296 3289 2511 3360 quidem
2567 3291 2734 3346 videri
2777 3293 2976 3357 nivem,
3028 3307 3172 3348 nunc
3221 3308 3347 3350 vero
3405 3307 3611 3364 aquam,
3647 3297 3695 3344 et

2110 3380 2258 3436 brevi
2288 3390 2562 3437 momento
2590 3384 2843 3452 temporis
2883 3392 3055 3439 tantas
3086 3383 3204 3440 ﬁeri
3249 3386 3598 3441 mutationes.
3625 3379 3693 3436 Ne

2111 3473 2229 3542 quis
2254 3473 2398 3527 enim
2435 3473 2610 3532 minus
2633 3477 2868 3544 sapiens,
2900 3479 3126 3532 naturali
3154 3479 3548 3535 elementorum
3571 3490 3688 3547 ope-

2111 3564 2316 3620 ratione
2337 3563 2451 3620 luec
2467 3563 2604 3636 ﬁeri,
2627 3575 2680 3620 et
2695 3581 2755 3644 ea
2775 3567 3017 3624 absolute
3033 3568 3243 3624 illorum
3264 3585 3462 3628 causas
3479 3583 3593 3626 esse
3608 3581 3690 3638 pll-

2114 3663 2267 3721 taret,
2281 3655 2376 3712 sed
2389 3657 2549 3712 sciret
2569 3657 2811 3728 quisnam
2825 3659 2894 3714 sit
2913 3661 2999 3731 qui
3016 3660 3259 3735 imperat,
3277 3661 3342 3718 ad
3359 3663 3570 3734 jussum
3587 3658 3687 3728 ejus

2113 3756 2278 3802 totam
2305 3747 2372 3803 de
2390 3748 2471 3803 bis
2499 3750 2658 3806 rebus
2680 3750 2890 3806 deducit
2907 3754 3224 3817 orationem.
3241 3766 3294 3811 et
3316 3757 3481 3813 dicit:
3503 3755 3686 3811 Emittel

2111 3843 2314 3896 verbum
2342 3859 2506 3906 suum,
2541 3853 2586 3896 et
2609 3845 2892 3914 liquefaciet
2921 3863 2978 3899 ea
3001 3861 3020 3900 :
3050 3845 3150 3901 boc
3173 3858 3274 3913 est,
3301 3849 3513 3920 jussum
3543 3865 3556 3901 :
3589 3860 3680 3900 non

2113 3935 2256 3990 enim
2287 3935 2366 3990 vis
2395 3945 2674 3992 ventorum
2705 3936 2806 3992 hoc
2844 3935 2968 3992 facit
2991 3938 3256 4010 praecipue
3279 3983 3294 4007 ,
3322 3941 3420 3996 sed
3455 3942 3588 3997 Deus
3607 3935 3682 4006 qui

2115 4029 2238 4085 fecit
2268 4038 2472 4084 ventos.
2504 4027 2809 4084 Orationem
2835 4039 3014 4086 autem
3053 4031 3274 4086 deduxit
3302 4033 3369 4094 ad
3407 4034 3677 4092 elementa,

2113 4131 2168 4178 et
2209 4122 2274 4176 ad
2307 4124 2629 4178 mutationes
2652 4137 2770 4192 qua:
2798 4131 2920 4177 sunt
2949 4122 3004 4178 in
3033 4123 3332 4190 elementis,
3367 4121 3676 4196 persuadens

2113 4231 2297 4272 crasso
2337 4225 2393 4270 et
2437 4217 2520 4271 vix
2559 4214 2668 4271 ullo
2705 4231 2862 4271 sensu
2901 4215 3123 4286 praedito
3159 4214 3365 4286 Judaco,
3397 4233 3465 4273 ex
3495 4216 3555 4271 iis
3577 4223 3678 4282 qut:

2117 4307 2250 4363 ﬁunt
2278 4309 2502 4378 singulis
2529 4307 2705 4375 annis,
2740 4322 2898 4362 nosse
2927 4307 3019 4362 Dei
3049 4308 3363 4378 potentiam,
3393 4318 3450 4364 et
3474 4306 3616 4364 facile
3638 4299 3678 4354 ei

2115 4415 2234 4458 esse
2262 4415 2349 4456 res
2373 4401 2488 4471 ejus
2515 4407 2571 4454 ut
2596 4401 2709 4454 vult
2737 4399 3110 4456 administrare
3133 4440 3150 4466 ,
3199 4409 3252 4456 et
3276 4417 3305 4456 a
3329 4394 3614 4460 contrariis
3633 4391 3674 4444 in

2116 4493 2410 4548 contrarias
2429 4502 2654 4548 mutare.
2673 4491 3129 4561 Quemadmodum
3145 4493 3288 4549 enim
3317 4496 3358 4548 si
3380 4493 3533 4549 fuerit
3561 4498 3676 4542 tem-

2116 4596 2295 4654 pestas
2336 4591 2390 4639 et
2427 4583 2624 4654 glacies
2662 4583 3048 4651 intolerabilis,
3079 4582 3233 4640 facile
3257 4597 3338 4640 est
3369 4585 3445 4639 illi
3489 4583 3675 4634 invecta

2120 4677 2504 4748 tranquillitate
2531 4677 2713 4732 omnia
2741 4675 3036 4733 dissolvere
3069 4693 3082 4730 :
3115 4676 3182 4732 ita
3215 4679 3382 4732 etiatn
3395 4687 3490 4729 eos
3519 4669 3605 4742 qui
3632 4666 3674 4717 in

2115 4770 2478 4842 captivitatem
2529 4767 2742 4824 abducti
2793 4768 3020 4833 fuerant,
3045 4777 3102 4824 et
3125 4768 3278 4823 bellis
3312 4769 3484 4824 vexati
3518 4766 3671 4820 erant.

2110 4936 2348 5006 llcxaplis
2373 4937 2556 5006 videas.
2577 4939 2684 4988 Vox
2710 4947 2877 4990 autem
2900 4939 3058 4989 addita
3094 4939 3266 4992 Ἕκ),
3307 4936 3534 5002 Caéplter,
3552 4927 3662 4982 sicut

2106 4997 2318 5065 cinerem
2340 4997 2599 5065 signiﬁcat.
2979 5064 2984 5065 ί
3147 5064 3152 5065 ν
3401 4997 3414 5065 ’ν
3497 5059 3526 5065 ,,
3647 5053 3657 5064 .

2171 5062 2190 5094 ⁸
2219 5062 2342 5128 vox,
2368 5059 2552 5128 omnia,
2575 5065 2800 5128 deestin
2837 5064 3010 5128 Morel.
3051 5067 3104 5112 et
3143 5064 3206 5128 in_
3231 5066 3373 5113 textu
3399 5059 3550 5128 Savil.
3583 5059 3657 5124 qui

2109 5122 2240 5188 hanc
2262 5122 2703 5188 lectionem'aﬁ'ert
2725 5126 2774 5173 in
2813 5122 3032 5188 margine
3059 5139 3118 5173 ex
3143 5123 3572 5188 alioexemplari.‘
3601 5122 3627 5188 ':

2176 5181 2246 5256 (et)
2275 5185 2391 5256 llaec
2426 5185 2592 5256 verba,
2624 5184 2762 5256 ᾼΙξιέε
2789 5180 3090 5256 cisterna"...
3119 5183 3356 5256 subsistet.
3381 5180 3657 5256 deerant-3':

2109 5240 2413 5308 editionlbus
2436 5240 2590 5298 Savil.’
2611 5254 2664 5296 et
2692 5247 2886 5308 Morel.,
2910 5262 3083 5298 verum
3119 5261 3145 5296 ε
3194 5246 3437 5298 Gentiauo
3459 5240 3659 5308 liene“)

2112 5307 2240 5375 lecta
2269 5309 2506 5375 fuerant;
2553 5322 2718 5375 neque
2756 5302 2971 5375 suspicio
3015 5309 3113 5358 ulla
3145 5321 3257 5375 esse
3300 5315 3464 5371 potest
3485 5302 3658 5375 ,Jillifj

2113 5366 2350 5434 librariis,
2378 5359 2575 5434 adjecta
2627 5359 2794 5434 fuisse.
2985 5359 3554 5434 autem_lntérpretatio
3591 5359 3659 5434 es}

2115 5430 2422 5494 Symmachi,
2441 5430 2538 5494 '_u_t'
2562 5435 2617 5494 in_
2645 5432 2883 5494 Hexaplis
2915 5431 3097 5481 videas.
3147 5431 3322 5494 Mirum
3354 5430 3658 5494 'au_tem_cum

2114 5491 2198 5542 alii
2225 5489 2415 5558 omnes,
2440 5491 2643 5558 frigoris
2665 5489 2996 5558 ensiculo“
3029 5492 3217 5558 αὐτοῦ),
3249 5489 3658 5558 verterintLSY'l‘:

2116 5555 2342 5618 machum
2367 5552 2595 5618 vertisse.
2625 5552 2810 5618 caloris
2833 5552 2947 5618 eius
2991 5552 3249 5616 (καύμαῒος
3284 5554 3472 5618 ᾳύτοῦ).
3497 5552 3656 5600 Verum

2115 5618 2216 5677 ipsa
2239 5615 2397 5668 series
2426 5616 2503 5667 hic
2536 5617 2597 5669 de
2624 5617 2822 5682 frigore,
2859 5615 2954 5666 non
2978 5615 3038 5668 de
3067 5624 3188 5667 ωδω
3219 5615 3294 5680 agi
3316 5616 3494 5677 arguit.
3675 5625 3678 5628 ’
