4070 6214
291 369 387 423 481

277 484 436 540 meite
473 479 525 536 ei
567 475 635 532 ad
680 485 865 546 pacem
887 479 942 527 et
969 465 1036 524 ad
1061 478 1216 524 suam
1246 461 1476 533 patriam
1503 457 1761 514 reducere
1781 494 1797 520 ,
1823 458 1880 505 et

276 573 565 630 restituere
597 567 760 640 priori
788 561 1149 636 prosperitati.
1179 556 1295 612 Non
1342 552 1450 610 hoc
1491 551 1664 607 solum
1703 550 1879 602 autem

275 662 570 735 signiﬁcat,
593 637 690 716 sed
715 658 877 714 etiam
901 651 1048 711 aliud
1075 651 1303 705 latenter
1326 643 1523 702 innuit.
1558 640 1822 709 Quidnam
1853 637 1878 690 ?

276 732 745 824 Quemadmodum
779 750 915 814 haec,
947 746 1074 800 licet
1116 739 1421 796 molestiam
1458 732 1707 796 aﬂerant,
1733 742 1879 796 saepe

286 819 421 905 liuut
473 846 722 902 utiliter:
777 842 850 896 ita
897 837 1058 894 etiam
1102 848 1222 906 quae
1262 830 1341 886 eis
1381 831 1702 890 evenerunt,
1749 819 1880 892 ipsis

284 944 500 998 fuerunt
553 937 724 1001 utilia,
776 943 832 990 et
873 931 1098 986 multum
1143 923 1412 982 commodi
1451 919 1769 976 attulerunt.
1800 915 1879 971 Ne

285 1044 433 1090 esset
483 1042 659 1086 autem
707 1028 785 1082 eis
834 1023 1064 1094 amplius
1100 1019 1380 1083 molestus,
1411 1015 1480 1070 ad
1527 1011 1875 1083 placidiorem

287 1139 478 1181 rursus
524 1121 757 1200 traduxit
810 1114 1180 1172 mutationem.
1231 1109 1368 1178 Quid
1421 1107 1535 1162 lucc
1576 1114 1752 1160 autem
1779 1101 1878 1156 sibi

290 1217 480 1272 volunt
503 1193 784 1283 esetnpla?
808 1208 924 1264 Non
953 1205 1086 1261 dixit
1115 1202 1256 1260 enim
1283 1196 1642 1260 solummodo,
1669 1194 1768 1262 Qui
1793 1193 1881 1246 dat

290 1311 471 1376 niuem,
493 1307 588 1364 sed
613 1305 870 1376 adjunxit,
899 1299 1181 1371 Tamquam
1207 1296 1418 1358 lanam;
1446 1306 1640 1362 neque,
1663 1287 1764 1355 Qui
1790 1303 1880 1340 ne-

294 1403 463 1458 bulam
479 1399 694 1470 spargit,
713 1395 803 1452 sed
831 1391 1122 1462 subjunxit,
1140 1388 1282 1444 Sicut
1305 1386 1550 1448 cinerem;
1567 1394 1759 1450 neque,
1783 1377 1882 1444 Qui

293 1493 444 1548 mittit
485 1467 802 1560 crystallum,
853 1483 947 1539 sed
986 1480 1217 1550 adjecit,
1255 1475 1400 1532 Sicut
1457 1471 1699 1527 bucellas.
1754 1467 1880 1523 Mihi

294 1583 510 1640 videtur
534 1579 767 1635 voluisse
791 1592 856 1632 ex
888 1574 970 1628 bis
1009 1569 1310 1640 signiﬁcare
1335 1579 1494 1636 quam
1531 1562 1644 1618 sint
1683 1562 1734 1616 ei
1759 1575 1880 1614 om-

293 1676 381 1733 nia
419 1673 590 1729 facilia
617 1681 670 1726 cl
702 1667 981 1738 explicata.
1005 1665 1057 1720 8.
1093 1661 1191 1728 Qui
1214 1656 1486 1727 annuntiat
1501 1653 1704 1709 verbum
1733 1666 1882 1704 suum

293 1767 476 1823 Iacob.
511 1765 680 1830 Alius,
709 1761 936 1818 Statnta.
966 1757 1138 1822 Alius,
1162 1753 1339 1807 Jussa.
1361 1748 1594 1804 Justitias
1622 1754 1670 1799 et
1683 1743 1883 1816 judicia

293 1877 388 1915 sua
409 1856 593 1912 Israel.
613 1857 672 1912 9.
690 1853 810 1908 Non
831 1851 945 1922 fecit
970 1850 1135 1902 taliter
1149 1845 1288 1901 omni
1308 1841 1518 1898 nationi.
1539 1838 1711 1901 Alius,
1727 1835 1885 1890 Simi-

295 1952 364 2006 lia
386 1948 480 2023 (a).
502 1949 566 2004 Et
570 1946 766 2020 judicia
785 1961 876 2000 sua
896 1958 994 1996 non
1018 1935 1353 2010 manifestavit
1372 1931 1602 1990 eis.Vide
1613 1925 1885 2001 quomodo

295 2021 483 2100 rursus
531 2055 562 2094 a
599 2036 936 2110 generalibus
969 2030 1155 2087 transit
1205 2028 1272 2084 ad
1320 2023 1631 2096 singularia,
1666 2028 1721 2074 et
1765 2021 1884 2089 quae

294 2147 450 2199 erant
477 2133 782 2190 Judaeorum
813 2129 1105 2201 pra-cipua,
1133 2123 1324 2178 volens
1355 2133 1450 2176 eos
1476 2117 1543 2172 ad
1568 2114 1744 2186 majus
1767 2121 1885 2199 stu-

293 2192 441 2284 dium
472 2227 729 2282 excitare.
777 2192 952 2291 Atque
982 2192 1054 2272 'in
1098 2205 1364 2286 principio
1417 2210 1632 2280 quidem
1686 2192 1883 2262 Psalnii

295 2319 550 2376 disseruit
569 2315 638 2372 de
661 2313 970 2377 sensilibus,
995 2320 1049 2365 et
1072 2323 1192 2379 qua:
1209 2313 1428 2377 prosunt
1443 2299 1886 2371 corpori,nempe

297 2412 369 2467 de
418 2408 732 2471 securitate,
757 2406 824 2461 de
854 2403 983 2460 anni
1031 2401 1305 2458 fertilitate
1327 2438 1344 2465 ,
1374 2396 1442 2452 de
1472 2408 1603 2465 pace
1633 2410 1648 2446 :
1678 2389 1768 2444 hic
1795 2403 1890 2442 au-

300 2513 409 2560 tem
440 2501 738 2558 orationem
769 2497 835 2554 ad
861 2497 1049 2552 altiora
1077 2491 1340 2565 erigit,de
1368 2491 1484 2559 lege
1511 2500 1630 2556 quae
1655 2483 1738 2538 eis
1765 2479 1888 2536 data

304 2604 389 2650 est
419 2602 661 2650 tractans
683 2632 697 2657 ,
721 2589 865 2661 quod
891 2587 1110 2658 quidem
1141 2593 1224 2640 est
1269 2581 1560 2638 maximum
1588 2589 1766 2649 genus
1797 2573 1890 2628 be-

302 2687 482 2743 neficii
501 2727 520 2753 ,
559 2701 589 2738 a
619 2685 750 2740 vitio
777 2682 1064 2745 abducere,
1087 2677 1355 2734 deducere
1375 2672 1444 2728 ad
1471 2671 1746 2735 virtutem,
1764 2665 1889 2721 ani-

302 2793 454 2836 mum
495 2777 784 2832 illustrare.
819 2773 886 2829 Et
936 2771 1056 2828 ideo
1081 2770 1265 2824 ‘Hoses
1321 2766 1426 2821 hoc
1473 2776 1669 2834 susque
1715 2759 1891 2830 deque

308 2884 532 2926 versans
560 2867 772 2922 dicebat
805 2883 820 2920 :
867 2863 992 2930 Quis
1010 2871 1084 2917 est
1113 2869 1165 2914 ut
1187 2860 1230 2914 is
1255 2858 1474 2929 populus
1495 2855 1522 2910 .’
1559 2871 1680 2927 gens
1704 2867 1892 2923 magna

304 2964 388 3019 cui
431 2960 570 3016 Deus
609 2969 682 3014 est
705 2959 776 3014 eis
811 2955 1246 3027 appropinquans,
1267 2960 1322 3004 ut
1351 2949 1598 3004 Dominus
1622 2946 1761 3002 Deus
1796 2961 1895 3004 n0-

305 3069 409 3114 ster
432 3099 446 3122 ,
478 3057 533 3110 in
562 3053 792 3110 omnibus
818 3051 994 3122 quibus
1019 3064 1131 3104 eum
1161 3045 1561 3101 invocaverimus
1609 3041 1800 3115 (Deut.
1833 3041 1887 3095 ι.

307 3153 340 3206 7
362 3150 410 3222 )i
439 3149 504 3204 Et
523 3146 686 3202 David
717 3158 902 3200 rursus
932 3158 946 3194 :
975 3139 1193 3197 Faciem
1227 3135 1594 3193 misericordias
1619 3134 1890 3196 Dominus.

309 3250 358 3295 et
385 3238 643 3311 judicium
692 3233 923 3290 omnibus
951 3232 1192 3302 injuriam
1221 3227 1546 3299 patientibus.
1579 3225 1745 3280 Notas
1775 3228 1894 3294 fecit

309 3331 418 3386 vias
446 3345 564 3384 suas
587 3327 742 3392 Mosi,
775 3325 894 3394 ﬁliis
922 3323 1090 3379 Israel
1113 3322 1394 3376 voluntates
1417 3335 1536 3374 suas
1557 3317 1579 3391 (
1604 3316 1749 3372 Psal.
1769 3315 1889 3371 102.

310 3425 361 3480 6.
383 3421 458 3494 7).
494 3415 930 3489 EtJeremias(b)
963 3434 978 3471 :
1011 3414 1112 3470 Hic
1126 3423 1199 3468 est
1229 3413 1364 3469 Deus
1384 3420 1588 3476 noster;
1615 3425 1716 3464 non
1743 3423 1900 3477 repu-

309 3517 497 3572 tabitur
531 3514 664 3569 alius
679 3521 860 3584 printer
890 3511 1080 3581 ipsum.
1107 3507 1306 3563 Invenit
1334 3521 1533 3561 omnem
1560 3502 1693 3558 uiam
1729 3499 1896 3556 scien-

311 3611 414 3671 tias,
441 3617 489 3662 et
517 3606 656 3661 dedit
676 3620 788 3659 eam
810 3601 972 3657 Iacob
1002 3599 1113 3670 ﬁlio
1153 3614 1268 3666 suo,
1300 3607 1350 3653 et
1368 3595 1538 3652 Israel
1583 3591 1771 3649 dilecto
1798 3602 1894 3642 suo

312 3699 536 3775 (Βανικὴ
567 3699 622 3752 5.
650 3697 740 3752 36.
765 3693 882 3767 37).

382 3792 678 3847 Peccutores
697 3788 848 3842 etiam
867 3793 983 3839 ante
1009 3783 1166 3854 legem
1191 3781 1554 3852 puniti.—Scd
1573 3780 1769 3837 dixerit
1793 3779 1899 3835 lor-

312 3897 454 3942 tassc
467 3883 750 3956 quispiam:
763 3877 895 3935 Cum
911 3876 1126 3947 reliquis
1141 3874 1447 3930 hominibus
1460 3889 1566 3929 non
1578 3873 1712 3944 signi
1720 3872 1904 3927 ficare-

312 3974 673 4052 rit,quomodo
683 3986 784 4030 eos
794 3967 975 4043 punit?
989 3969 1142 4038 Quod
1157 3967 1370 4039 quidem
1390 3966 1573 4038 puniat
1585 3968 1675 4037 qui
1689 3965 1903 4020 fuerunt

311 4081 436 4127 ante
478 4069 672 4141 legem,
698 4074 753 4122 et
767 4079 862 4122 eos
887 4063 979 4135 qui
1007 4071 1230 4134 peccant
1259 4077 1356 4132 per
1381 4061 1687 4115 universum
1715 4057 1900 4115 orbem

312 4173 490 4226 terrm,
504 4163 705 4218 clarum
717 4165 807 4216 est
826 4171 894 4212 ex
915 4156 980 4211 iis
999 4170 1121 4228 quas
1143 4151 1524 4210 dicitChristus
1543 4170 1558 4206 :
1580 4151 1776 4224 Regina
1796 4152 1905 4205 Aa-

313 4255 404 4310 stri
425 4257 615 4326 surget,
631 4262 677 4308 et
693 4249 1045 4307 condemnabit
1060 4248 1192 4302 hanc
1205 4245 1574 4318 generationem
1587 4242 1802 4316 (Matth.
1814 4243 1898 4298 l2.

316 4345 430 4417 η).
453 4346 522 4400 Et
540 4359 755 4400 rursus:
790 4342 896 4398 Viri
921 4341 1164 4396 Ninivita'
1186 4349 1414 4412 surgent,
1435 4348 1484 4393 et
1503 4337 1904 4394 condemnabunt

318 4439 450 4492 hanc
475 4439 841 4509 generationem
870 4435 1032 4510 (Ibid.
1049 4452 1098 4490 υ.
1116 4433 1231 4504 ιι).
1251 4433 1484 4489 Omnino
1513 4433 1658 4488 enim
1682 4431 1806 4488 ideo
1831 4431 1902 4487 ita

320 4529 519 4586 dictum
541 4539 654 4597 est,
691 4529 833 4600 quod
861 4529 933 4585 illi
963 4543 1175 4600 quoque
1204 4527 1464 4583 rationem
1493 4525 1820 4583 redderent:
1849 4535 1906 4580 et

321 4623 392 4678 illi
428 4621 640 4694 quidem
674 4621 1031 4689 laudarentur,
1055 4621 1108 4676 hi
1135 4635 1260 4676 vero
1281 4621 1614 4691 punirentur.
1643 4618 1700 4676 Si
1723 4627 1902 4674 autem

321 4732 426 4770 non
475 4714 643 4770 fuerat
681 4715 760 4769 eis
807 4722 1079 4769 ostensum
1121 4713 1250 4784 quid
1293 4713 1393 4768 sibi
1431 4722 1572 4768 esset
1615 4712 1904 4783 agendum,

320 4803 592 4875 quomodo
640 4803 739 4859 hos
784 4803 1186 4858 condemnaturi
1238 4803 1430 4860 erant?
1473 4803 1750 4872 Quomodo
1811 4817 1908 4859 au-

322 4907 429 4953 tem
471 4913 658 4954 rursus
707 4898 841 4952 dixit
861 4937 875 4958 ,
922 4895 1273 4952 Vindicabitur
1318 4899 1526 4970 sanguis
1577 4915 1610 4952 α
1659 4899 1908 4970 sanguine

322 4991 446 5047 Abel
480 4991 611 5062 justi
652 5005 807 5061 usque
833 4988 901 5042 ad
945 4990 1238 5070 sanguinem
1283 4989 1551 5045 Zacharias
1579 4989 1790 5060 (Matth.
1811 4989 1904 5047 23.

307 5083 456 5164 ‘55)?
481 5082 764 5151 Quomodo
793 5089 970 5136 autem
997 5097 1184 5136 rursus
1207 5123 1222 5148 ,
1253 5079 1585 5136 Tolerabilius
1626 5083 1720 5136 erit
1761 5092 1909 5135 terra!

309 5165 671 5244 ESodomornm
692 5181 737 5227 et
768 5171 1062 5226 Gomorrha:
1085 5171 1294 5244 (Matth.
1319 5173 1406 5227 ll.
1429 5171 1564 5243 24)?
1588 5171 1722 5228 Cum
1762 5172 1907 5228 enim

311 5243 486 5360 :tlixit,
517 5265 884 5330 Tolerabilius,
915 5279 1023 5318 non
1051 5261 1340 5334 perfectam
1381 5263 1782 5329 liberationem,
1812 5263 1908 5319 sed

319 5355 419 5440 eos
441 5375 539 5432 pro
561 5359 674 5416 suis
699 5358 936 5429 peccatis
953 5355 1082 5412 dare
1098 5355 1266 5412 levius
1285 5357 1604 5428 supplicium
1623 5357 1906 5428 signiﬁcat.

297 5454 478 5524 Quod
505 5453 574 5519 si,
603 5452 696 5524 qui
721 5449 891 5523 puniti
914 5458 1060 5517 sunt,
1081 5459 1186 5505 tam
1211 5463 1400 5521 graves
1429 5464 1615 5506 rursus
1643 5449 1772 5506 dant
1797 5466 1911 5523 pae-

307 5561 421 5603 nas
438 5588 455 5614 ,
483 5544 607 5617 quis
635 5558 703 5600 es
732 5541 855 5598 aliis
883 5540 1146 5613 ell'ugiet?

389 5697 465 5762 (a)
496 5697 612 5759 Quis
631 5700 702 5749 sic
723 5707 896 5748 vocem
916 5697 974 5780 ἶ)
996 5696 1294 5747 converterit
1315 5696 1613 5760 ignoramus.

386 5789 464 5854 (ὸ)
485 5793 569 5844 llic
581 5799 657 5844 est
666 5791 864 5856 Baruch,
876 5792 1016 5855 cujus
1024 5801 1157 5857 sepe
1174 5789 1302 5843 dicta
1312 5792 1539 5844 Ieremia:
1550 5790 1903 5848 adscribuntur.
1955 5823 1959 5830 ι

1393 337 1750 403 EXPOSITIO
1789 336 1852 392 IN
1891 334 2210 392 PSALMUM
2247 337 2501 393 CXLVII.

3461 339 3568 397 482

2059 451 2114 504 5.
2151 451 2403 508 Videmus
2426 459 2605 506 autem
2633 464 2726 506 eos
2747 466 2958 522 quoque
2985 451 3072 522 qui
3103 468 3288 524 petras
3307 453 3578 514 dederunt

1986 543 2039 598 in
2066 541 2291 607 diluvio,
2313 553 2366 598 et
2419 543 2615 598 multos
2665 543 2830 610 alios,
2859 553 2913 599 et
2962 547 3134 614 ipsum
3179 545 3332 602 Cain.
3376 547 3578 604 Paulus

1985 649 2199 705 quoque
2221 633 2380 701 dicit,
2413 634 2516 690 hoc
2569 634 2742 706 ipsum
2791 633 3096 705 signiﬁcans
3125 655 3140 691 :
3168 636 3441 693 Revelatur
3495 639 3577 693 ira

1987 726 2082 782 Dei
2108 727 2170 781 de
2189 727 2312 782 ctelo
2340 744 2492 798 super
2516 743 2714 782 omnem
2740 727 3044 797 impietatem
3074 737 3122 782 et
3150 729 3452 798 injustitiam
3479 731 3578 786 ho—

1987 822 2180 875 minam
2219 820 2307 892 qui
2333 821 2593 882 veritatem
2630 819 2682 872 in
2725 819 2977 890 injustitia
3003 819 3269 887 detinent;
3308 832 3578 892 propterea

1985 915 2121 984 quod
2141 914 2194 968 id
2217 913 2352 985 quod
2384 914 2450 967 de
2475 913 2582 968 Deo
2608 913 2844 984 cognosci
2869 921 3050 983 potest,
3079 914 3401 983 manifestum
3429 915 3577 968 estin

1986 1007 2128 1078 ipsis.
2155 1004 2292 1060 Deus
2311 1005 2442 1059 enim
2462 1003 2564 1059 illis
2584 1004 2941 1076 manifestavit.
2983 1001 3270 1058 Invisibilia
3297 1004 3433 1058 enim
3459 1004 3574 1074 ejus

1988 1115 2019 1152 a
2041 1099 2296 1152 creatione
2322 1096 2501 1150 mundi
2531 1095 2762 1164 operibus
2807 1095 3059 1150 intellecta
3095 1096 3496 1165 conspiciuntur,
3527 1104 3575 1150 et

1985 1201 2172 1246 (eterna
2199 1190 2310 1256 eius
2351 1188 2576 1258 potentia
2609 1197 2656 1242 et
2696 1187 2933 1241 divinitas
2955 1227 2970 1252 ,
2999 1196 3055 1240 ut
3079 1186 3181 1240 sint
3219 1186 3318 1256 ipsi
3361 1189 3573 1241 incucu-

1986 1283 2168 1337 sabiles
2192 1281 2366 1354 (Rom.
2396 1281 2448 1334 l.
2475 1277 2686 1346 18-20).
2714 1277 2912 1332 Deinde
2939 1277 3005 1331 de
3044 1277 3147 1332 vita
3165 1292 3378 1348 quoque
3408 1276 3572 1334 verba

1988 1374 2208 1440 faciens,
2231 1391 2297 1429 ne
2319 1373 2407 1429 hic
2427 1373 2641 1442 quidem
2663 1386 2756 1426 eos
2778 1371 3028 1440 relinquit
3058 1370 3249 1425 rationi
3284 1368 3570 1424 reddendas

1987 1483 2096 1522 non
2139 1465 2424 1531 obnoxios,
2455 1466 2526 1518 ita
2556 1463 2744 1518 dicens
2765 1504 2780 1529 ,
2818 1461 2918 1530 Qui
2943 1479 3055 1516 cum
3073 1462 3332 1534 justitiam
3359 1459 3458 1516 Dei
3481 1477 3574 1515 co-

1986 1558 2293 1629 gnovissent,
2321 1554 2458 1626 quod
2483 1553 2568 1623 qui
2589 1553 2713 1606 talia
2733 1563 2912 1624 agunt,
2941 1553 3083 1623 digni
3108 1562 3266 1608 morte
3284 1559 3400 1607 sunt
3427 1568 3446 1607 :
3473 1570 3574 1607 non

1987 1656 2152 1709 solum
2203 1668 2262 1706 ea
2312 1651 2524 1721 faciunt,
2569 1648 2658 1703 sed
2702 1648 2853 1700 etiant
2909 1645 3205 1716 facientibus
3258 1647 3576 1701 consentiunt

1988 1747 2164 1816 (Rom.
2189 1741 2372 1818 1.52).
2400 1740 2677 1795 Existimas
2698 1747 2867 1792 autem
2891 1737 3004 1802 hoc,
3035 1753 3064 1790 o
3085 1736 3257 1800 homo,
3273 1739 3358 1808 qui
3370 1737 3576 1808 iudicas

1988 1854 2072 1892 eos
2115 1836 2202 1900 qui
2233 1835 2356 1888 talia
2401 1833 2619 1905 faciunt,
2637 1839 2684 1884 et
2709 1830 2835 1900 facis
2872 1845 2950 1896 ea,
2972 1827 3107 1900 quod
3132 1837 3187 1882 tu
3217 1827 3308 1882 Dei
3319 1828 3576 1899 judicium

1987 1928 2236 2001 επαρίεεῖ
2259 1927 2339 1981 An
2359 1925 2561 1980 diuitias
2591 1922 2911 1994 benignitatis
2936 1923 3073 1993 ejus,
3108 1921 3382 1988 patientior,
3399 1931 3445 1975 et
3465 1921 3578 1974 lon-

1989 2021 2299 2094 ganimitatis
2335 2017 2642 2082 contemnis,
2676 2016 2902 2070 nesciens
2927 2015 3062 2085 quod
3099 2013 3378 2084 benignitas
3403 2010 3501 2067 Dei
3527 2023 3578 2067 te

1989 2113 2058 2168 ad
2105 2111 2446 2183 ptenitentiam
2491 2107 2695 2164 adducit
2715 2107 2742 2162 ἵ
2787 2105 3081 2162 Secundum
3123 2105 3362 2159 duritiam
3408 2114 3578 2157 autem

1990 2219 2149 2272 tuam,
2179 2214 2226 2260 et
2256 2220 2343 2258 cor
2371 2202 2715 2272 imptenitens,
2741 2198 3052 2254 tltesaurizas
3099 2197 3186 2251 tibi
3229 2197 3359 2250 iram
3390 2197 3444 2249 in
3491 2196 3574 2250 die

1990 2301 2081 2355 irae
2101 2308 2148 2353 et
2186 2295 2501 2352 reuelationis
2528 2304 2573 2348 et
2591 2293 2722 2364 justi
2731 2291 2917 2363 judicii
2940 2289 3054 2356 Dei,
3073 2289 3158 2361 qui
3185 2288 3358 2343 reddet
3384 2289 3581 2343 unicui-

1990 2406 2086 2462 que
2109 2387 2384 2445 secundum
2410 2401 2564 2456 opera
2597 2399 2690 2438 sua
2711 2399 2730 2438 :
2748 2383 2811 2438 iis
2837 2381 3035 2452 quidem
3065 2380 3152 2452 qui
3176 2381 3454 2436 secundum
3481 2395 3580 2446 pa-

1993 2483 2217 2538 tientiam
2239 2480 2355 2534 boni
2378 2478 2562 2550 aperis,
2581 2475 2796 2557 gloriam
2824 2484 2868 2527 et
2896 2474 3154 2537 honorem,
3173 2481 3220 2526 et
3245 2471 3582 2543 incorruptio-

1993 2593 2106 2632 nem
2132 2582 2363 2646 quwrunt
2379 2613 2394 2638 ,
2425 2571 2576 2625 vitam
2597 2578 2837 2624 aeternam
2867 2568 2882 2598 ¹
2911 2585 2930 2622 :
2951 2567 3014 2621 iis
3038 2581 3152 2620 vero
3177 2565 3265 2631 qui
3291 2579 3354 2618 ca:
3376 2573 3583 2619 conteno

1994 2670 2128 2724 tione
2155 2665 2353 2722 veritati
2376 2663 2582 2735 quidem
2609 2678 2710 2716 non
2731 2666 2909 2730 parent
2927 2699 2944 2724 ,
2973 2666 3152 2728 parent
3180 2665 3347 2710 autem
3374 2655 3580 2725 injusti-

1995 2763 2080 2818 tite
2096 2802 2113 2829 ,
2136 2762 2213 2815 ira
2235 2769 2280 2814 et
2308 2757 2614 2830 indignatio,
2638 2754 2841 2826 aﬂlictio
2867 2760 2913 2806 et
2951 2750 3184 2822 angustia
3215 2766 3366 2821 super
3385 2765 3582 2802 euntem

1993 2857 2220 2912 animum
2257 2853 2477 2908 hominis
2519 2848 2774 2920 operantis
2817 2845 3033 2913 malum,
3059 2842 3234 2897 Juiltzi
3253 2842 3473 2914 primum
3492 2882 3508 2908 ,
3535 2850 3584 2895 et

1997 2950 2163 3006 Gra'ci
2191 2948 2367 3022 (Rom.
2393 2945 2448 3001 2.
2486 2945 2631 3014 3-9).

2068 3043 2336 3100 Naturalis
2384 3040 2468 3094 lea:
2504 3035 2734 3094 omnibus
2770 3034 2942 3090 insita.
2987 3031 3320 3088 Conscientia
3354 3030 3456 3086 les.
3509 3057 3583 3070 σο-

2003 3136 2162 3193 Vidcs
2211 3149 2307 3205 per
2347 3133 2463 3188 base
2501 3128 2682 3187 omnis
2705 3168 2722 3195 ,
2763 3124 3032 3198 quomodo
3078 3137 3265 3180 omnes
3284 3163 3300 3190 ,
3327 3128 3588 3192 quotquot

1999 3231 2214 3286 fuerunt
2251 3227 2497 3287 homines
2518 3266 2534 3291 ,
2563 3224 2724 3281 etiam
2759 3229 2884 3276 ante
2925 3218 3133 3290 legem,
3164 3215 3293 3271 dant
3337 3222 3588 3286 peccato-

1999 3339 2116 3379 rum
2143 3336 2367 3393 pceuas:
2397 3329 2454 3376 et
2475 3317 2796 3390 quicumque
2819 3312 3030 3369 virtutis
3057 3325 3239 3366 curam
3268 3315 3584 3379 gesserunt,

2000 3429 2049 3474 el
2073 3417 2140 3472 ab
2161 3413 2432 3485 impietate
2451 3417 2810 3475 recesserunt,
2834 3405 3078 3463 fruuntur
3095 3402 3288 3460 bonis?
3308 3399 3590 3470 Quomodo

2001 3528 2128 3583 ergo
2145 3511 2248 3566 erit
2267 3519 2356 3563 aut
2379 3507 2482 3564 hoc
2507 3515 2596 3561 aut
2625 3502 2776 3572 illud,
2802 3501 2846 3557 si
2869 3499 2995 3572 quid
3020 3505 3163 3556 esset
3181 3495 3466 3567 agendum,
3489 3507 3588 3546 nr-

2001 3601 2286 3660 sciebant?
2331 3601 2425 3659 Sin
2475 3609 2654 3655 autem
2705 3595 2985 3660 sciebant,
3032 3589 3240 3662 inquit,
3268 3587 3394 3660 quid
3446 3594 3592 3642 esset

2002 3696 2290 3770 agendum,
2311 3692 2580 3766 quomodo
2627 3689 2780 3755 dicit,
2815 3685 2936 3742 Non
2973 3685 3091 3760 fecit
3117 3682 3288 3738 taliter
3319 3680 3459 3737 onnii
3497 3695 3592 3733 na-

2004 3794 2149 3860 tioni,
2177 3803 2226 3847 et
2240 3789 2443 3863 judicia
2468 3803 2562 3842 sua
2591 3801 2692 3840 non
2718 3780 3058 3853 manifestasit
3080 3778 3150 3832 eis
3165 3777 3192 3832 1
3214 3773 3353 3843 Quid
3376 3788 3503 3844 ergo
3523 3771 3594 3826 sit

2005 3887 2145 3958 quod
2171 3886 2428 3955 scriptum
2451 3889 2566 3947 est,
2596 3887 2652 3934 et
2673 3875 2801 3948 quid
2824 3875 2926 3932 sibi
2953 3872 3083 3930 velit
3102 3869 3422 3941 signiﬁcare,
3443 3864 3590 3923 audi.

2006 3981 2268 4050 Scriptam
2295 3977 2467 4048 legem
2489 3972 2620 4028 nulli
2644 3969 2732 4025 alii
2755 3969 2905 4025 dedit
2936 3985 2950 4022 :
2972 3964 3269 4022 naturalem
3289 3963 3429 4019 enim
3451 3961 3594 4018 intus

2007 4070 2276 4127 habebant
2303 4079 2513 4130 omnes,
2539 4069 2919 4134 personantem
2959 4056 3085 4127 quid
3115 4057 3183 4112 sit
3223 4053 3594 4122 bonum,quid

2007 4159 2328 4218 secus.Cum
2357 4155 2501 4214 enim
2524 4154 2798 4210 hominem
2825 4151 2968 4208 Deus
2991 4149 3232 4219 lingeret,
3253 4145 3411 4202 simul
3431 4144 3594 4200 etiam

2009 4255 2112 4310 hoc
2133 4251 2212 4307 illi
2235 4249 2426 4307 indidit
2445 4249 2808 4317 incorruptum
2833 4241 3091 4314 judicium
3124 4257 3138 4296 :
3172 4251 3366 4308 nempe
3401 4235 3592 4292 unius-

2008 4345 2266 4416 cujusque
2311 4355 2466 4397 suum
2504 4337 2846 4395 conscientiae
2871 4334 3156 4392 calculum.
3179 4329 3379 4387 Judaeis
3413 4335 3592 4384 autem

1981 4479 1984 4482 .
2011 4437 2114 4493 hoc
2140 4434 2444 4507 procuravit
2469 4431 2747 4497 eximium,
2780 4438 2838 4484 ut
2865 4443 2984 4499 qua:
3003 4433 3155 4482 erant
3183 4424 3323 4494 iusta
3361 4435 3425 4476 ac
3455 4420 3592 4490 legi-

2012 4530 2160 4591 tima.
2179 4543 2278 4600 per
2303 4525 2498 4596 scripta
2526 4527 2930 4594 cognoscerent.
2957 4519 3020 4573 Et
3039 4516 3160 4572 ideo
3178 4530 3283 4570 non
3307 4511 3592 4583 disitipse,

2010 4623 2125 4679 Non
2146 4620 2272 4678 fecit
2298 4622 2351 4675 in
2391 4616 2538 4672 omni
2581 4623 2761 4685 gente,
2791 4610 2908 4677 sed,
2939 4607 3059 4664 Non
3104 4607 3221 4677 fecit
3261 4604 3452 4659 taliter.
3481 4601 3596 4658 lloc

2009 4724 2114 4783 est,
2143 4713 2260 4769 Non
2300 4709 2541 4768 misiteis
2572 4707 2800 4772 tabulas,
2837 4717 2944 4758 non
2981 4701 3176 4768 scripta
3200 4739 3217 4764 ,
3265 4712 3372 4752 non
3414 4693 3598 4749 Mosen

2011 4809 2368 4880 legislatorem
2390 4843 2407 4869 ,
2435 4815 2542 4856 non
2608 4798 2710 4852 alia
2744 4811 2866 4866 qua:
2906 4793 3117 4848 fuerunt
3144 4791 3196 4844 in
3221 4795 3404 4844 monte
3427 4786 3555 4843 Sina
3579 4801 3595 4848 ;

2011 4879 2104 4960 sed
2125 4897 2294 4956 Judaei
2322 4894 2422 4952 soli
2448 4891 2704 4964 peculiari
2735 4887 2962 4958 quodam
2989 4882 3264 4956 privilegio
3285 4879 3402 4935 huic
3417 4879 3610 4938 omnia

2012 4989 2325 5063 consequuti
2356 4997 2518 5046 sunt:
2545 4998 2730 5041 verum
2761 4981 3004 5037 universa
3036 4977 3263 5031 humana
3292 4981 3480 5028 natura
3503 4969 3600 5023 ha-

2014 5085 2129 5141 buit
2177 5059 2528 5138 sufficientem
2573 5075 2746 5144 legem
2790 5069 3153 5126 conscientim.
3206 5065 3339 5130 Qua:
3383 5059 3600 5131 quidem

2015 5176 2211 5234 Paulus
2240 5185 2451 5244 quoque
2478 5165 2784 5239 signiﬁcans
2809 5163 3053 5219 dicebat:
3076 5156 3291 5226 Quando
3318 5152 3462 5244 enim
3479 5165 3601 5221 gen-

2015 5278 2088 5323 tes
2117 5240 2274 5338 legem
2302 5240 2402 5318 non
2425 5261 2661 5315 habentes
2679 5299 2694 5323 ,
2718 5265 2901 5310 natura
2927 5265 3041 5323 quia
3071 5247 3193 5318 legis
3204 5253 3334 5338 sunt
3359 5240 3600 5338 faciunt}

2014 5360 2052 5414 ii
2078 5329 2238 5430 lequ
2265 5371 2369 5410 non
2391 5353 2659 5415 habentes,
2689 5345 2911 5418 sibiipsis
2947 5349 3062 5396 sunt
3089 5338 3170 5430 lca:
3194 5333 3372 5408 (Rom.
3399 5331 3458 5385 ς.
3487 5329 3598 5401 η).

2017 5451 2087 5506 Et
2112 5428 2416 5506 ideoludtci
2436 5443 2580 5516 digni
2605 5448 2732 5497 sunt
2754 5434 2944 5506 majori
2973 5428 3434 5492 condemnatione,
3450 5428 3601 5502 quod

2017 5559 2140 5602 cum
2189 5557 2291 5597 una
2325 5554 2446 5595 eum
2476 5537 2591 5608 lege
2631 5531 2862 5592 naturali
2907 5529 3162 5597 scriptam
3186 5524 3600 5596 quoquelegem

2017 5633 2343 5708 acceperint,
2361 5640 2468 5686 tam
2494 5629 2751 5687 scelerate
2775 5632 2831 5680 et
2853 5631 2960 5678 tam
2989 5619 3191 5677 nefarie
3209 5635 3269 5678 se
3289 5628 3604 5694 gesserunt.

2083 5792 2102 5824 ί
2135 5787 2275 5844 sarit.
2300 5787 2477 5841 omittit
2498 5784 2586 5838 has
2607 5783 2727 5836 duas
2749 5797 2912 5848 voces,
2939 5781 3084 5836 vitam
3118 5784 3374 5832 tramam.
