4076 6222
493 278 618 348 »433

509 393 870 464 Quamobrem
907 402 1161 460 magnum
1209 386 1303 441 Dei
1341 383 1658 440 beneﬁcium
1702 383 1782 436 eis
1828 380 2099 450 negligen-

513 489 656 542 tibus
697 485 876 540 evadit
922 482 1133 538 occasio
1165 479 1386 550 majoris
1432 474 1915 532 condemnationis.
1952 473 2102 540 Quod

511 581 578 635 ad
609 563 769 634 verba
801 551 1018 647 quidem
1050 573 1246 643 scripta
1273 571 1490 634 attinet,
1514 566 1780 623 sufﬁciunt
1827 580 1944 635 qua:
1967 565 2104 619 dic'a

515 680 643 728 sunt
673 693 686 724 :
719 671 764 724 si
790 669 910 739 quis
937 674 1111 721 autem
1140 662 1410 719 desiderat
1450 658 1718 715 Psalmum
1751 671 1964 728 quoque
2011 671 2102 708 su-

515 779 665 821 tnere
691 761 1002 832 anagogice,
1032 773 1140 813 non
1162 754 1528 811 recusabimus
1549 751 1650 806 hac
1675 764 1887 820 quoque
1907 749 1991 802 via
2020 749 2105 801 in-

517 855 690 927 gredi,
715 870 820 909 non
849 851 1122 906 historiam
1151 847 1548 910 labefactantes,
1573 843 1730 910 absit,
1756 841 1852 896 sed
1873 856 1991 896 cum
2019 840 2104 894 illa

519 948 636 1001 haec
656 957 868 1016 quoque
897 941 1151 996 studiosis
1171 938 1504 1008 adjicientes,
1527 933 1701 1006 quoad
1723 932 1839 1002 ejus
1868 931 1982 986 ﬁeri
2008 947 2107 1000 p0-

520 1037 663 1094 terit.
694 1035 895 1100 Lauda,
918 1031 1226 1095 Jerusalem,
1254 1028 1546 1091 Dominum,
1576 1024 1734 1080 lauda
1754 1022 1921 1078 Deum
1941 1029 2105 1086 tuum,

517 1131 667 1186 Sion.
700 1128 857 1184 Novit
889 1126 1080 1181 Paulus
1098 1124 1370 1180 ctelestem
1391 1119 1712 1184 Jerusalem,
1736 1117 1803 1171 de
1826 1131 1928 1186 qua
1951 1113 2106 1168 dicit:

501 1223 650 1291 Quae
677 1235 879 1276 sursunt
919 1228 995 1272 est
1036 1228 1205 1270 autem
1241 1212 1546 1273 Jerusalem,
1580 1210 1735 1263 libera
1761 1217 1832 1260 est
1857 1249 1869 1271 ,
1898 1220 2011 1277 qua:
2039 1215 2110 1259 est

517 1327 678 1369 mater
721 1323 896 1368 nostra
922 1309 1064 1384 (Gal.
1083 1310 1136 1364 4.
1159 1307 1254 1377 26)
1280 1325 1294 1360 :
1326 1302 1776 1375 quemadmodum
1820 1299 1948 1354 Sion
1977 1313 2108 1368 quo-

517 1423 622 1478 que
649 1407 795 1462 novit
821 1405 1117 1460 Ecclesium
1139 1444 1152 1467 ,
1187 1400 1402 1472 quando
1425 1398 1553 1452 dicit
1576 1439 1588 1460 ,
1637 1395 1764 1449 Non
1780 1394 1914 1448 enim
1939 1409 2110 1446 uaces-

521 1503 659 1554 sistis
692 1500 761 1552 ad
798 1507 1015 1552 montem
1041 1495 1126 1567 qui
1149 1493 1386 1562 palpatur
1409 1531 1424 1555 ,
1446 1489 1534 1559 qui
1559 1489 1791 1542 incensus
1827 1495 1900 1540 est
1923 1487 2039 1556 igne
2063 1494 2112 1538 et

519 1591 720 1644 turbine
747 1599 793 1644 et
811 1588 1030 1658 caligine
1051 1595 1100 1640 et
1126 1581 1370 1654 procella,
1393 1580 1482 1634 sed
1505 1577 1779 1632 accessistis
1794 1577 1863 1630 ad
1889 1576 2018 1632 Sion
2042 1579 2112 1630 ci-

519 1683 724 1735 vitatem
767 1689 815 1734 et
858 1678 1137 1733 Ecclesium
1177 1673 1620 1744 prinwgenilorum
1648 1671 2017 1741 descriptorum
2054 1669 2110 1722 in

522 1773 662 1826 colis
689 1769 874 1844 (Hebr.
903 1767 1199 1823 12.18.22.
1220 1767 1330 1836 25).
1361 1765 1544 1819 Potest
1571 1777 1698 1832 ergo
1725 1761 1792 1817 de
1817 1777 1879 1817 ea
1903 1775 2115 1831 quoque

525 1865 631 1918 dici
679 1861 971 1932 anagogice
1019 1859 1170 1925 illttd,
1205 1859 1383 1912 Lauda
1405 1899 1420 1924 ,
1447 1855 1764 1921 Jerusalem,
1796 1852 2112 1919 Dominum,

523 1955 684 2010 lauda
712 1953 880 2008 Deum
912 1962 1075 2016 tuum,
1105 1951 1232 2006 Sion
1265 1963 1285 2002 :
1312 1949 1367 2003 2.
1401 1948 1637 2019 quoniam
1658 1945 1955 2016 confortavit
1979 1960 2117 2000 seras

525 2058 790 2118 portarum
815 2056 1039 2112 tuarum,
1069 2044 1317 2098 benedixit
1351 2042 1472 2111 ﬁliis
1497 2040 1594 2094 tuis
1621 2040 1674 2094 in
1717 2048 1782 2093 te.
1813 2038 1945 2093 Eam
1973 2037 2114 2092 enim

527 2139 724 2195 muniit
777 2137 1005 2192 validius
1051 2151 1210 2207 quant
1252 2133 1584 2201 Jerusalem,
1624 2149 1730 2188 non
1777 2130 2018 2187 vectibus
2065 2139 2121 2185 et

535 2230 728 2301 portis,
757 2227 854 2284 sed
911 2241 1074 2283 cruce
1119 2225 1570 2295 circumscptam,
1619 2231 1675 2280 et
1701 2221 2116 2278 denuntiatione

533 2322 765 2394 propriae
790 2319 1096 2391 potestatis,
1125 2333 1222 2388 per
1263 2331 1422 2386 quam
1468 2314 1666 2385 ubique
1705 2313 1822 2382 ejus
1872 2308 2120 2366 excitavit

531 2413 790 2469 ambitum
815 2453 830 2478 ,
861 2426 984 2466 cum
1011 2410 1145 2465 dixit
1174 2427 1187 2463 :
1218 2407 1393 2463 Porta:
1416 2407 1696 2478 inferorum
1731 2422 1830 2458 non
1871 2401 2120 2473 prtevale-

532 2508 662 2562 bunt
687 2506 930 2560 adeamus
959 2519 1068 2558 eam
1090 2502 1304 2577 (Matth.
1334 2501 1420 2556 16.
1448 2501 1556 2571 18).

609 2599 668 2654 ’4.
710 2595 956 2652 Ecclesia:
983 2596 1294 2666 oppugnatio
1315 2602 1360 2648 et
1385 2593 1766 2646 incrementum.
1796 2617 1867 2628 —
1894 2586 1950 2642 1n
1979 2587 2126 2658 priu-

543 2691 690 2762 eipio
717 2690 898 2761 itaque
925 2688 1273 2758 imperatores
1293 2692 1349 2741 et
1373 2699 1526 2755 reges
1545 2697 1755 2748 omnes,
1777 2689 1832 2738 ct
1863 2680 2044 2752 populi
2071 2690 2128 2736 et

539 2783 813 2848 civitates,
835 2790 888 2836 et
912 2779 1216 2835 daemonum
1241 2777 1551 2848 phalanges,
1580 2783 1634 2830 ct
1661 2774 1771 2844 ipsa
1803 2773 2000 2829 diaboli
2045 2785 2126 2846 ty-

537 2874 746 2938 rannis,
773 2881 830 2928 et
869 2871 972 2926 alia
1010 2871 1287 2926 innumera
1337 2867 1650 2921 invaserunt
1677 2865 1969 2920 Ecclesiam
1999 2882 2013 2919 :
2041 2865 2125 2919 illa

535 2975 718 3020 tamen
744 2963 922 3018 omnia
955 2960 1120 3016 fracta
1147 2969 1201 3016 et
1227 2958 1483 3014 dissoluta
1509 2965 1638 3012 sunt
1676 2964 1731 3011 et
1769 2955 2082 3010 interierunt
2111 2973 2123 3007 :

537 3057 659 3128 ipsa
693 3065 869 3112 autem
892 3054 1078 3118 crevit,
1103 3063 1156 3108 et
1185 3053 1238 3106 in
1265 3059 1467 3105 tantam
1509 3057 1758 3121 provecta
1787 3055 1871 3104 est
1895 3045 2129 3103 altitudi-

539 3162 680 3212 nem,
715 3155 774 3202 ut
793 3147 942 3216 ipsos
963 3144 1126 3200 etiam
1146 3142 1312 3197 melos
1341 3141 1688 3211 superaverit.
1707 3139 1974 3194 Benedixit
1995 3137 2120 3208 ﬁliis

537 3241 642 3296 tuis
659 3241 714 3295 in
737 3250 801 3294 te.
821 3237 1284 3306 Quemadmodum
1315 3249 1437 3290 cum
1481 3233 1703 3290 dixisset
1735 3234 1790 3288 in
1831 3232 2125 3303 principio,

529 3331 757 3387 Crescite
807 3342 854 3385 et
901 3327 1344 3400 multiplicamini,
1370 3337 1420 3380 et
1469 3327 1656 3396 replete
1692 3335 1874 3380 tetram
1893 3323 2044 3395 (Gen.
2075 3324 2129 3379 1.

527 3421 669 3494 28),
701 3422 1004 3476 universam
1027 3429 1230 3474 terram
1261 3431 1442 3473 sermo
1464 3417 1729 3487 pervasit:
1754 3416 1823 3470 ita
1850 3424 1902 3470 et
1924 3424 2130 3485 postea,

544 3513 628 3566 lae
653 3522 698 3566 et
721 3512 892 3566 docete
915 3527 1087 3565 omnes
1115 3518 1286 3581 gentes
1309 3507 1526 3582 (Matth.
1553 3507 1643 3563 28.
1673 3507 1794 3576 19);
1822 3515 1877 3561 et
1893 3547 1910 3572 ,
1933 3504 2136 3559 Praedi-

541 3603 740 3658 σιωπη-
763 3601 1072 3673 euangelium
1107 3601 1202 3655 hoc
1230 3599 1282 3654 in
1305 3607 1406 3654 toto
1432 3598 1619 3654 mundo
1646 3596 1857 3668 (Matth.
1883 3595 1975 3652 26.
2007 3596 2131 3666 15);

539 3705 706 3766 atque
736 3693 881 3763 ipsos
909 3693 1066 3747 etiam
1109 3691 1244 3747 ﬁnes
1263 3691 1416 3746 orbis
1461 3701 1618 3746 terra:
1659 3689 1808 3744 brevi
1860 3695 2134 3742 momento

547 3788 803 3857 Impetis
826 3787 1008 3855 jussus
1028 3785 1146 3855 ejus
1172 3783 1470 3854 occupavit.
1495 3782 1758 3852 Quocirca
1785 3781 1900 3852 ipse
1923 3795 2136 3852 quoque

546 3868 799 3934 dicebat:
827 3876 886 3932 Si
911 3893 1127 3948 granum
1160 3875 1402 3945 [tumenti
1437 3874 1493 3928 in
1535 3883 1723 3930 terram
1767 3873 1955 3928 cadens
2001 3887 2138 3925 tuor-

543 3978 690 4023 tuum
709 3984 812 4023 non
836 3968 1026 4040 ﬁerit,
1074 3969 1244 4038 ipsum
1290 3965 1458 4021 solum
1504 3973 1671 4020 manet
1701 3979 1722 4018 :
1749 3965 1794 4020 si
1813 3973 1982 4018 autent
2011 3980 2137 4018 mor-

542 4071 687 4117 «tum
707 4059 886 4130 fuerit,
913 4058 1126 4114 multum
1151 4061 1376 4131 {ructuas
1403 4055 1555 4124 affert
1585 4055 1765 4128 (Joan.
1795 4054 1883 4111 12.
1916 4053 2032 4125 24).
2072 4053 2136 4110 Et

547 4175 734 4218 rursus
753 4203 770 4227 ,
803 4160 1022 4228 Quando
1055 4160 1308 4214 esaltatsts
1339 4159 1500 4229 fuero,
1520 4171 1694 4212 omnes
1720 4155 1922 4210 trahant
1945 4153 2013 4208 ad
2035 4167 2137 4206 tue-

545 4255 715 4326 ipsutn
737 4253 897 4326 (Ibid.
923 4269 972 4307 ο.
1000 4252 1117 4323 52).
1134 4253 1308 4322 Atque
1335 4253 1386 4305 in
1415 4249 1676 4320 principio
1695 4246 1910 4318 quidem
1931 4261 2003 4301 ex
2029 4259 2136 4300 uno

547 4344 704 4399 multi
735 4343 844 4400 nati
858 4352 1008 4408 sunt,
1027 4357 1150 4396 cum
1178 4341 1295 4411 lege
1319 4349 1519 4394 natura:
1537 4345 1808 4394 cresceret
1833 4335 2134 4405 multitudo,

547 4447 604 4493 et
625 4436 748 4496 ideo
762 4449 854 4491 res
876 4433 1076 4489 tardius
1098 4432 1388 4504 processit:
1411 4439 1652 4500 tempore
1669 4437 1848 4484 autem
1867 4428 2136 4498 apostolo.

549 4543 671 4584 rum
691 4541 799 4582 non
814 4526 932 4596 lege
947 4534 1179 4591 naturae,
1207 4523 1301 4580 scd
1323 4523 1490 4594 gratia
1511 4521 1787 4576 crescebat
1810 4520 2092 4575 multitudo
2121 4538 2134 4572 :

550 4627 607 4672 et
633 4617 756 4672 ideo
780 4632 886 4670 uno
901 4615 1084 4671 statim
1111 4615 1198 4671 die
1221 4615 1320 4670 tria
1351 4613 1537 4680 millia,
1557 4611 1748 4668 deinde
1767 4613 2000 4683 quinque
2017 4611 2140 4668 mil-

553 4706 758 4774 lis',dei
769 4706 871 4762 nde
887 4707 1014 4760 iunu
1021 4722 1163 4762 mera
1170 4705 1518 4771 biles,deinde
1530 4705 1809 4761 universus
1825 4704 1970 4760 orbis
1983 4713 2138 4760 terra:

509 4836 514 4842 ι
551 4810 648 4866 per
673 4795 954 4866 pulchram
974 4795 1114 4852 hanc
1139 4796 1598 4866 regenerationem
1625 4795 1786 4862 editi,
1808 4797 1948 4852 aucti
1973 4807 2100 4852 sunt
2119 4839 2135 4864 ,

547 4897 604 4944 et
615 4887 949 4959 multiplicati
965 4899 1167 4955 sunt,et
1183 4904 1342 4959 quam
1355 4897 1674 4959 acceperant
1688 4889 2134 4957 benedictionem,

549 4979 702 5036 factis
731 4980 859 5050 ipsis
887 4980 1236 5036 ostenderunt
1268 4999 1281 5034 :
1319 4979 1438 5036 Non
1471 4983 1613 5037 enim
1683 4999 1747 5038 ea:
1781 4983 2132 5054 sanguinibus,

547 5087 708 5143 neque
733 5087 798 5126 ea
815 5069 1068 5125 uoluntate
1092 5071 1257 5125 carnis
1273 5070 1452 5144 (Joan.
1479 5073 1655 5144 1.13),
1683 5073 1778 5128 scd
1801 5088 1869 5129 ex
1899 5073 1990 5129 Dei
2019 5089 2137 5144 gra-

550 5161 620 5216 tia
652 5163 762 5217 nati
788 5170 934 5217 sunt.
953 5160 1119 5228 3.0a
1146 5163 1312 5232 posuit
1339 5164 1464 5233 ﬁnes
1489 5173 1600 5218 tuos
1628 5180 1823 5232 pacem.
1849 5165 1959 5218 Hoc
1983 5163 2137 5219 valde

552 5256 764 5323 proprie
785 5253 888 5310 dici
910 5263 1083 5325 potest
1101 5255 1168 5309 de
1187 5255 1422 5312 Ecclesia
1449 5274 1462 5310 :
1492 5273 1633 5322 nam,
1657 5257 1797 5328 quod
1821 5269 1904 5314 est
1918 5258 2135 5314 admira-

553 5344 735 5410 bilius,
753 5361 874 5402 cttm
897 5361 958 5400 ea
987 5355 1266 5416 peteretur
1289 5347 1450 5414 bello,
1474 5363 1603 5420 pace
1627 5349 1917 5413 fruebatur,
1938 5361 1990 5406 et
2014 5366 2136 5406 cum

550 5436 603 5502 ei
657 5453 844 5510 attines
893 5448 1155 5510 ponerent
1201 5439 1442 5508 insidias,
1487 5443 1540 5497 in
1593 5457 1803 5498 summa
1848 5443 2138 5499 securitate

591 5589 645 5660 "_
671 5596 780 5660 time
801 5591 953 5660 verba
969 5626 986 5651 ,
1008 5591 1182 5644 deinde
1207 5595 1413 5660 quinque
1437 5596 1608 5658 millia,
1633 5599 1841 5648 deerant
1863 5599 1914 5648 in
1936 5599 2100 5660 Morel.
2120 5632 2136 5654 ,

554 5649 915 5759 ξεηιιιιιώευωι·
939 5649 988 5702 in
1010 5649 1366 5721 Manttscriptis',
1397 5667 1448 5709 et
1473 5673 1500 5710 a
1520 5649 1754 5712 'Gehtiano
1777 5669 1985 5712 ttervcto
2009 5649 2135 5712 lecta

1257 270 1316 329 S.
1357 269 1634 329 JOANNlS
1657 267 2130 326 CIIRYSOSTOMI
2171 267 2488 324 ARCIIIEP.
2530 269 3061 328 CONSTANTINOP.

3707 287 3803 341 481

2212 380 2496 433 maximam
2542 380 2782 449 rapiebat
2828 382 3174 448 voluptatem.
3205 383 3272 440 Et
3299 384 3424 442 ideo
3460 387 3600 443 dixit
3653 388 3811 460 ipse:

2213 469 2400 524 Pacem
2444 489 2604 526 meum
2649 473 2876 542 relinquo
2917 475 3058 528 vobis
3077 514 3093 541 ,
3135 493 3310 546 pacem
3348 496 3514 533 meant
3555 482 3630 534 do
3679 483 3815 536 robis

2213 563 2388 636 (Joan.
2420 565 2506 620 14.
2533 565 2649 636 27).
2684 564 2746 619 Et
2773 566 2926 637 adipe
2953 569 3197 638 frumenti
3219 571 3370 624 satiat
3399 581 3467 626 te.
3491 571 3685 627 Potest
3717 573 3818 629 hoc

2211 656 2371 710 etiam
2401 656 2559 711 aliter
2585 657 2752 726 accipi
2778 657 2831 712 in
2861 658 3097 713 Ecclesia
3123 660 3190 716 de
3235 662 3492 717 alimento
3537 654 3780 732 spiritali
3801 707 3816 726 ,

2211 749 2354 818 quod
2386 747 2538 805 nobis
2566 749 2772 806 scilicet
2803 765 2992 821 panem
3017 753 3140 807 vita:
3171 754 3396 810 dederit.
3424 757 3475 810 4.
3499 757 3604 823 Qui
3631 747 3819 812 emittit

2211 839 2465 908 eloquium
2508 857 2658 895 suum
2712 851 2860 896 teme
2903 856 2923 898 :
2967 844 3200 898 velociter
3246 855 3412 899 curret
3462 863 3634 900 sermo
3682 849 3818 916 ejus.

2212 933 2470 1000 Quisnam
2508 935 2733 989 sermo?
2759 935 2845 989 dic
2863 975 2880 1001 ,
2905 951 3108 1006 quaeso.
3134 935 3234 1004 Qtti
3266 938 3507 1006 prolatus
3539 955 3643 1008 per
3684 955 3817 1009 apo-

2214 1026 2380 1081 stolos
2414 1025 2600 1095 quavis
2647 1041 2823 1096 penna
2870 1027 3038 1082 levius
3076 1027 3256 1083 omnia
3296 1030 3645 1098 pervolabat.
3674 1033 3820 1098 Quo-

2213 1117 2356 1172 circa
2383 1115 2547 1170 David
2575 1132 2786 1188 quoque
2819 1117 2943 1172 alibi
2975 1118 3076 1173 hoc
3102 1119 3410 1189 significans
3435 1119 3607 1187 dicit,
3642 1120 3820 1176 Domi-

2215 1223 2311 1260 nus
2341 1207 2477 1261 dabit
2504 1207 2700 1262 verbum
2733 1209 3194 1279 euangelisantibus
3233 1211 3415 1265 virtute
3459 1211 3818 1282 multa(Ps¢.l.

2217 1298 2306 1353 67.
2339 1298 2452 1366 12).
2480 1298 2534 1354 Si
2558 1299 2676 1369 quis
2708 1309 2886 1354 autem
2932 1299 3188 1370 insipiens
3232 1301 3468 1368 dubitet,
3501 1319 3570 1358 ex
3603 1305 3674 1358 iis
3700 1319 3820 1375 qua:

2218 1389 2352 1444 ﬁunt
2376 1390 2431 1444 in
2458 1391 2739 1446 elementis
2763 1401 2938 1446 sumat
2967 1394 3368 1462 probationem,
3401 1404 3454 1450 et
3479 1396 3663 1451 discat
3689 1413 3820 1468 quo-

2217 1484 2377 1538 modo
2406 1483 2495 1537 nix
2523 1484 2678 1538 simul
2708 1494 2761 1540 et
2790 1486 3077 1540 acervatim
3109 1495 3164 1541 et
3209 1497 3431 1558 repente
3475 1487 3739 1550 advenit,
3769 1500 3821 1544 et

2219 1586 2491 1631 momento
2521 1577 2777 1646 temporis
2819 1588 2982 1632 totam
3029 1588 3230 1634 terram
3275 1580 3486 1650 operit,
3516 1595 3628 1634 non
3663 1580 3818 1651 longo

2219 1668 2476 1738 temporis
2507 1669 2770 1724 curriculo
2791 1671 2907 1740 ejus
2938 1671 3126 1727 faciem
3158 1671 3439 1740 invadens,
3465 1671 3565 1727 scd
3595 1685 3816 1742 repente

2220 1768 2385 1815 totam
2426 1776 2542 1815 eam
2575 1763 2870 1834 complens.
2904 1763 3167 1831 Quoniam
3205 1780 3332 1834 ergo
3356 1777 3476 1820 erat
3509 1767 3812 1836 propheta,

2217 1861 2274 1907 et
2314 1863 2734 1909 consentaneum
2783 1863 2900 1910 erat
2949 1855 3122 1910 futura
3172 1856 3595 1926 prxdiccntem,
3623 1869 3683 1913 et
3729 1875 3816 1927 per

2219 1959 2490 2016 anagogen
2515 1944 2904 2017 signiﬁcantem
2934 1947 3048 2002 hmc
3073 1947 3274 2014 dicere,
3303 1963 3402 2020 par
3426 1948 3526 2003 fuit
3549 1963 3609 2003 ut
3629 1948 3816 2003 immo-

2221 2044 2430 2092 raretur
2480 2037 2533 2092 in
2562 2051 2648 2104 eo,
2692 2037 2836 2108 quod
2873 2037 3152 2094 dicebatur
3202 2039 3272 2094 de
3315 2039 3623 2095 elementis.
3670 2040 3816 2106 Quod

2221 2139 2400 2187 autem
2427 2129 2590 2196 dicit,
2616 2140 2702 2186 est
2743 2130 3007 2202 ejusmodi
3033 2151 3046 2188 :
3080 2132 3335 2187 Futurum
3365 2142 3450 2188 est
3480 2141 3542 2188 ut
3568 2134 3815 2188 universa

2224 2233 2366 2279 terra
2391 2223 2483 2278 Dei
2507 2223 2671 2278 verbo
2700 2223 3030 2290 instruatur,
3071 2224 3230 2295 idque
3255 2239 3376 2279 cum
3410 2225 3644 2279 maxima
3679 2226 3816 2280 cele-

2223 2313 2383 2369 ritate
2405 2353 2421 2382 ,
2449 2323 2506 2370 et
2532 2315 2851 2372 brevissimo
2889 2326 3152 2387 tempore.
3179 2317 3379 2372 Deinde
3406 2333 3472 2372 ne
3511 2318 3633 2389 quis
3659 2318 3815 2373 dubi-

2226 2414 2400 2472 taret,
2441 2406 2487 2462 si
2533 2405 2736 2474 Judaei,
2778 2422 2908 2478 gens
2950 2424 3052 2464 una
3097 2409 3148 2463 in
3199 2423 3357 2479 quam
3391 2417 3541 2464 tanto
3573 2411 3816 2480 tempore

2227 2502 2430 2551 tantum
2471 2497 2635 2553 studii
2674 2505 2731 2552 et
2777 2497 3064 2569 diligentize
3110 2499 3367 2554 collatum
3425 2510 3530 2566 est,
3559 2515 3667 2554 non
3725 2499 3815 2554 fuit

2231 2587 2396 2656 proba
2423 2605 2436 2642 :
2469 2588 2738 2658 quomodo
2767 2589 2801 2644 ii
2838 2589 2927 2660 qui
2959 2590 3268 2644 universum
3299 2591 3485 2646 orbem
3529 2600 3694 2646 terra:
3729 2593 3816 2645 ha-

2227 2681 2418 2747 bitant,
2447 2691 2699 2753 poterunt
2729 2683 2876 2738 brevi
2903 2691 3146 2754 tempore
3191 2671 3478 2754 componi,
3504 2684 3742 2756 bonique
3767 2695 3818 2739 et

2232 2775 2513 2832 moderati
2541 2775 2679 2831 efﬁci
2705 2819 2719 2842 ,
2749 2776 2815 2830 ad
2851 2778 3272 2833 confirmandum
3304 2777 3353 2833 id
3378 2779 3521 2849 quod
3538 2780 3666 2834 dicit
3689 2825 3704 2846 ,
3729 2795 3817 2835 su-

2231 2869 2328 2922 mit
2355 2869 2596 2938 exempla
2627 2883 2689 2922 cx
2730 2868 3029 2935 elementis,
3057 2869 3232 2924 nivem
3279 2885 3492 2939 nempe,
3527 2871 3815 2938 nebulam,

2213 2961 2475 3033 glaciem,
2506 2978 2623 3031 quae
2652 2963 2886 3018 breviter
2916 2965 3044 3020 liunt
3085 2981 3192 3021 uno
3235 2973 3513 3022 momento
3543 2971 3817 3039 temporis.

2211 3053 2309 3110 Ne
2336 3069 2464 3124 ergo
2494 3053 2614 3110 ideo
2645 3071 2751 3110 non
2778 3055 2969 3112 credas
2999 3059 3039 3123 ‘,
3072 3059 3175 3114 etsi
3221 3075 3374 3116 mens
3401 3077 3590 3117 eorum
3623 3065 3695 3119 sit
3743 3064 3817 3119 ia-

2231 3145 2336 3202 cile
2382 3145 2654 3201 mutanda.
2685 3148 2755 3202 At
2799 3147 2952 3204 multi
3002 3159 3127 3205 sunt
3177 3151 3270 3221 qui
3309 3153 3746 3212 resistunt?Sed
3789 3156 3820 3211 ii

2230 3248 2447 3305 quoque
2464 3233 2763 3291 concedent
2783 3278 2798 3305 ,
2825 3248 2884 3294 et
2923 3239 3102 3296 locum
3127 3241 3348 3298 dabunt.
3379 3243 3436 3300 Si
3465 3247 3609 3301 enim
3640 3263 3821 3316 parum

2242 3328 2479 3397 frigoris,
2507 3343 2632 3384 cum
2663 3329 3031 3386 vehementius
3051 3329 3249 3399 fuerit,
3279 3350 3437 3390 nemo
3464 3337 3606 3392 ferte
3628 3349 3822 3406 potest,

2235 3420 2330 3475 sed
2355 3433 2542 3476 omnes
2565 3420 2611 3474 ei
2639 3419 2856 3489 cedunt,
2877 3432 2932 3476 et
2952 3422 3126 3478 locum
3147 3423 3304 3480 dant:
3329 3427 3499 3482 multo
3521 3431 3691 3500 magis
3715 3431 3824 3499 ejus

2238 3509 2402 3565 verbo
2425 3517 2482 3565 ct
2503 3511 2675 3580 jussui
2705 3511 2899 3590 cedent
2935 3514 3112 3569 omnia
3131 3557 3149 3583 ,
3176 3532 3296 3587 quae
3324 3517 3697 3574 adversantur.
3727 3520 3823 3577 Po-

2239 3609 2344 3657 test
2371 3603 2516 3658 enim
2545 3613 2757 3660 mutare
2783 3605 3108 3663 substantias
3135 3618 3190 3663 et
3217 3625 3336 3679 qua:
3378 3626 3485 3667 non
3535 3623 3660 3667 sunt
3703 3630 3826 3684 pro-

2237 3695 2460 3764 ducere,
2490 3705 2545 3752 et
2592 3696 2657 3753 ad
2709 3705 2884 3755 tantas
2904 3699 3046 3756 vires
3097 3703 3411 3772 provehere,
3446 3715 3504 3759 ut
3556 3706 3671 3762 haec
3724 3710 3824 3763 sint

2239 3789 2488 3846 omnibus
2523 3790 2892 3849 intolerabilia.
2919 3793 2972 3849 8.
3009 3794 3111 3861 Qui
3144 3797 3410 3852 annuntiat
3436 3799 3640 3854 uerbum
3681 3818 3824 3854 suum

2237 3883 2419 3950 Jacob,
2449 3884 2674 3953 iustitias
2701 3893 2749 3939 et
2780 3886 2980 3957 judicia
3008 3903 3102 3941 sua
3125 3886 3311 3944 Israel.
3337 3889 3433 3946 llic
3465 3907 3679 3964 quoque
3724 3911 3824 3947 non

2239 3974 2572 4031 aberraveris
2599 4019 2612 4043 ,
2637 3977 2682 4032 si
2703 3976 2872 4032 Iacob
2896 3978 3191 4048 spiritalem
3220 3980 3443 4047 dixeris,
3471 3993 3526 4038 et
3551 3985 3820 4049 lsraelem,

2240 4081 2396 4137 quem
2427 4067 2622 4122 Paulus
2641 4081 2855 4139 quoque
2898 4071 3046 4125 novit
3072 4070 3259 4127 dicens
3293 4091 3306 4126 :
3344 4071 3462 4129 Pax
3490 4076 3632 4130 vobis
3659 4085 3704 4130 et
3729 4095 3824 4130 su-

2245 4175 2338 4229 per
2363 4158 2529 4214 Israel
2557 4158 2654 4213 Dei
2673 4159 2818 4230 (Gal.
2849 4161 2903 4216 6.
2938 4161 3028 4235 16)
3059 4164 3177 4218 :cui
3210 4165 3378 4236 gloria
3409 4166 3462 4221 in
3489 4169 3685 4223 saecula
3723 4183 3818 4224 εἰει

2241 4250 2502 4308 culorum.
2535 4253 2726 4309 Amen.

2657 4387 2722 4443 IN
2763 4387 3084 4448 PSALMUM
3125 4391 3402 4450 CXLVIII.

2245 4501 2296 4554 1.
2323 4499 2556 4554 Laudato
2581 4499 2858 4555 Demittunt
2882 4501 2946 4556 de
2963 4502 3125 4570 ca'lis,
3152 4504 3357 4560 laudate
3379 4523 3493 4560 eunt
3521 4509 3576 4562 in
3602 4510 3822 4564 excelsis.

2524 4591 2582 4646 2.
2614 4589 2842 4647 Laudato
2866 4609 3002 4660 eum,
3034 4611 3204 4654 omnes
3227 4599 3392 4668 angeli
3417 4600 3546 4669 eius.

2318 4705 2368 4756 1.
2399 4702 2496 4758 Est
2528 4704 2632 4761 hoc
2667 4707 2868 4761 sanctis
2910 4707 2962 4761 in
2993 4721 3142 4764 more
3172 4711 3400 4780 positum
3433 4723 3655 4784 propter
3694 4719 3826 4785 pium

2243 4803 2298 4848 et
2325 4803 2531 4864 gratum
2555 4809 2708 4849 suum
2735 4796 2992 4863 animum,
3026 4807 3084 4852 ut
3109 4813 3230 4854 cum
3259 4800 3369 4856 Deo
3390 4802 3495 4857 sint
3523 4806 3693 4859 acturi
3719 4822 3830 4875 gra-

2241 4885 2367 4951 tias,
2392 4895 2670 4940 accersunt
2713 4887 2910 4943 multos
2943 4887 3263 4946 laudationis
3309 4893 3503 4958 socios.
3534 4904 3590 4949 et
3615 4895 3829 4950 horten-

2247 4985 2348 5040 tur,
2371 4983 2430 5030 ut
2457 4975 2561 5032 hoc
2589 4975 2864 5046 pulchrum
2895 4995 3085 5035 munus
3106 4994 3287 5036 secum
3309 4983 3521 5040 obeant.
3543 4987 3656 5044 lloc
3678 4991 3825 5043 ctiam

2243 5065 2484 5122 fecerunt
2511 5076 2618 5122 tres
2639 5068 2808 5138 pueri,
2837 5069 2927 5139 qui
2954 5070 3166 5140 quando
3185 5084 3338 5128 erant
3360 5075 3411 5128 in
3435 5075 3650 5133 fornace
3676 5077 3822 5148 (Dan.

2245 5159 2326 5229 3).
2354 5175 2565 5213 omnem
2591 5167 2886 5214 creaturam
2916 5161 2982 5216 ad
3010 5162 3255 5218 laudibus
3283 5164 3664 5223 celebrandum
3698 5171 3826 5238 quod

2242 5258 2560 5318 acceperant
2589 5250 2903 5306 beneficium
2925 5293 2940 5318 ,
2969 5261 3025 5308 et
3069 5252 3302 5324 hymnos
3331 5256 3440 5312 Deo
3469 5260 3726 5316 dicendos
3756 5260 3831 5312 in-

2252 5341 2500 5396 vitarent.
2530 5341 2643 5397 Hoc
2665 5344 2834 5412 ipsum
2860 5343 2985 5400 facit
3005 5345 3092 5400 hic
3114 5362 3346 5417 quoque,
3373 5361 3659 5422 utrumque
3680 5371 3830 5411 mun-

2242 5432 2372 5488 dum
2399 5448 2617 5500 vocans,
2645 5449 2932 5504 supernum
2959 5445 3012 5493 et
3035 5437 3323 5508 infernum,
3355 5443 3608 5497 seusilem
3629 5454 3684 5498 et
3714 5459 3825 5497 cum

2242 5525 2335 5594 qui
2361 5526 2653 5597 percipitur
2680 5528 2792 5583 sola
2834 5529 3201 5600 intelligentia.
3230 5530 3342 5587 Hoc
3369 5535 3528 5588 ctiam
3561 5534 3685 5590 facit
3713 5551 3827 5605 pru-

2245 5659 2525 5774 πέὢοτει.
2567 5661 2747 5724 habet,
2789 5672 2856 5715 .t'e
2897 5677 3011 5730 ergo
3067 5664 3299 5730 deﬁcias,
3333 5681 3450 5733 pro,
3489 5684 3548 5722 ne
3583 5683 3705 5734 ergo
3741 5684 3825 5723 non
