4076 6222
289 289 404 346 485

287 403 722 477 ἑρρᾳθυμηκόσι.
751 406 909 460 Κατὰ
937 407 1035 480 μὲν
1053 404 1144 464 οῦν
1174 410 1234 463 τὸ
1256 410 1417 482 ῥητὸν
1442 411 1602 480 ἀρκεῖ
1627 409 1695 462 τὰ
1717 410 1866 482 εἰρηο

291 493 462 563 μένα·
498 492 548 544 εί
585 491 640 544 δέ
669 508 753 556 τις
785 493 1078 566 ἐπιθυμίαν
1115 496 1228 567 ἔχει
1257 498 1352 552 καὶ
1398 497 1538 550 κατά
1577 496 1870 568 ἀναγωγὴν

286 578 378 632 τὸν
410 577 626 647 ψαλμὸν
655 577 925 645 ἐκλαϐεῖν,
965 583 1024 634 οὐ
1058 582 1506 653 παραιτησόμεθα
1542 583 1636 636 καὶ
1667 583 1868 654 ταύτην

286 661 506 718 ὁδεῦσαι
541 662 639 733 τὴν
667 663 805 729 ὁδὸν,
843 667 906 718 οὐ
939 664 1319 736 λυμαινόμενοι
1354 669 1452 737 τὴν
1485 668 1744 738 ίστορίαν,
1793 668 1868 740 μὴ

287 750 522 820 γένοιτο,
553 747 688 803 ἀλλὰ
729 752 846 819 μετ’
898 751 1112 822 ἐκείνης
1151 754 1242 806 καὶ
1285 752 1456 806 ταῦτα
1487 754 1866 824 προστιθέντες

286 839 398 900 τοῖς
430 837 900 908 φιλοπονωτέροις,
935 839 1115 903 καθὼς
1158 827 1225 894 ἂν
1254 835 1366 894 οἷόν
1397 858 1458 894 τε
1588 843 1864 911 Ἐπαίνει,

297 923 436 990 Ἰερο
443 927 601 977 υσαλ
609 921 703 992 im,
725 923 834 977 τὸν
845 926 1082 992 Κύριον·
1095 927 1247 980 αῑνει
1264 928 1370 981 τὸν
1382 928 1531 982 Θεόν
1541 943 1678 994 σου,
1694 931 1863 986 Σιὼν.

288 1008 442 1065 Οἶδεν
473 1011 826 1083 Ἰερουσαλήμ
847 1014 948 1084 τὴν
971 1013 1080 1068 ἄνω
1106 1017 1133 1069 ὁ
1163 1015 1394 1080 Παῦλος,
1429 1017 1557 1089 περὶ
1583 1013 1651 1090 ἦς
1678 1016 1862 1088 λέγει·

297 1099 362 1154 Ἠ
384 1099 452 1152 δὲ
478 1100 602 1154 ἅνω
626 1101 1024 1172 Ἰερουσαλὴμ
1047 1103 1332 1174 ἐλευθέρα
1353 1106 1547 1168 ἐστίν,
1572 1107 1704 1174 ἣτις
1731 1108 1862 1162 ἐστί

285 1187 482 1255 μήτηρ
511 1186 679 1257 ἡμῶν
698 1206 712 1220 ·
759 1187 947 1260 ὥσπερ
977 1191 1069 1244 καὶ
1099 1191 1238 1244 Σιὼν
1263 1188 1369 1246 οἶδε
1395 1194 1493 1263 τὴν
1516 1195 1864 1266 Ἐκκλησίαν,

286 1275 416 1328 ὅταν
449 1275 584 1348 λέγῃ
603 1294 615 1306 ·
649 1278 732 1331 Οὐ
753 1279 859 1346 γὰρ
893 1281 1385 1348 προσεληλύθατε
1423 1281 1544 1348 ὄρει
1572 1284 1864 1351 ψηλαφω-

282 1360 444 1430 μένῳ
481 1364 578 1416 καί
617 1363 962 1433 κεκαυμένῳ
1005 1366 1146 1434 πυρί
1170 1367 1268 1422 καί
1313 1369 1515 1438 γνόφῳ
1543 1370 1642 1423 καί
1668 1372 1866 1437 σκότῳ

287 1451 384 1503 καὶ
418 1450 667 1520 θυέλλῃ,
699 1452 859 1507 ἀλλὰ
889 1456 1383 1523 προσεληλύθατε
1402 1455 1556 1510 Σιὼν
1572 1458 1746 1512 πόλει
1764 1458 1865 1512 καὶ

288 1539 610 1608 Ἐκκλησία
650 1543 1038 1610 πρωτοτόκων
1051 1543 1587 1615 ἀπογεγραμμένων
1599 1545 1671 1599 ἐν
1684 1547 1863 1615 οὐρα-

281 1623 434 1690 νοῖς.
451 1626 682 1680 Δυνατδν
697 1622 793 1680 οῦν
820 1627 962 1680 κατά
981 1627 1268 1701 ἀναγωγὴν
1285 1632 1378 1684 καὶ
1400 1632 1526 1704 περὶ
1543 1631 1750 1704 ταύτης
1778 1633 1864 1687 λέ·-

189 1713 200 1720 ’
287 1711 482 1780 γεσθαι
505 1713 586 1778 τὸ,
603 1715 874 1780 Ἐπαίνει,
895 1715 1309 1786 Ἰερουσαλὴμ,
1326 1717 1433 1772 τὸν
1447 1719 1683 1789 Κύριον,
1707 1721 1862 1775 αινει

289 1799 398 1850 τὸν
424 1800 572 1852 Θεόν
595 1815 730 1866 σου,
761 1799 941 1854 Σιών·
977 1800 1065 1856 ὅτι
1093 1803 1390 1874 ἐνισχυσε
1417 1805 1558 1872 τοὺς
1587 1807 1860 1876 μοχλοὺς

290 1885 411 1938 τῶν
453 1887 666 1942 πυλῶν
687 1906 829 1953 σου,
863 1891 1164 1960 εὐλόγησε
1199 1893 1342 1961 τοὺς
1391 1895 1560 1962 υἱούς
1617 1912 1736 1950 σου
1789 1897 1861 1951 ἐν

288 1974 411 2027 σοί.
447 1977 555 2028 Καὶ
583 1974 691 2046 γὰρ
731 1976 832 2045 τῆς
859 1976 1216 2050 Ἰερουσαλὴμ.
1256 1979 1655 2054 ἀσφαλέστερον
1690 1982 1859 2055 αὐτήν

289 2061 570 2131 ἐτείχισεν,
604 2061 665 2115 οὐ
715 2062 928 2133 μοχλοῖς
967 2064 1060 2118 καὶ
1110 2066 1322 2141 θύραις,
1351 2068 1486 2123 ἀλλά
1530 2069 1608 2141 τῷ
1642 2070 1858 2142 σταυρῷ

289 2150 653 2220 περιφράξας,
682 2153 774 2204 καὶ
797 2154 862 2223 τῇ
893 2152 1167 2223 ἀποφάσει
1189 2155 1288 2226 τῆς
1317 2157 1519 2220 οἰκείας
1555 2158 1856 2229 δυνάμεως,

282 2237 350 2291 δι’
385 2234 453 2311 ἧς
483 2239 781 2310 ἀνέστησεν
806 2243 972 2313 αὐτῆς
1017 2243 1290 2314 πανταχοῦ
1332 2245 1423 2300 τὸν
1451 2245 1756 2316 περίϐολον,
1783 2249 1860 2302 εί-

288 2323 424 2390 πὼν,
449 2327 532 2380 ὃτι
561 2329 753 2383 Πύλαι
787 2330 934 2397 ᾅδου
971 2333 1044 2397 οὺ
1071 2333 1554 2400 κατισχύσουσιν
1575 2333 1786 2403 αὐτῆς.

353 2414 420 2469 δ’.
439 2415 528 2468 Ἐν
557 2414 688 2484 γοῦν
715 2419 1020 2488 προοιμίοις
1042 2418 1280 2488 βασιλεῖς
1296 2419 1533 2485 ἅπαντες
1548 2460 1564 2486 ,
1587 2421 1680 2476 καὶ
1693 2421 1857 2494 δῆμοι

283 2500 380 2554 καὶ
412 2503 616 2568 πόλεις,
642 2505 863 2558 καὶτῶν
890 2505 1158 2577 δαιμόνων
1187 2507 1245 2561 αἱ
1281 2507 1577 2578 φάλαγγες,
1603 2508 1697 2564 καὶ
1718 2512 1856 2584 αὐτὴ

281 2589 376 2642 τοῦ
415 2589 660 2644 διαϐόλου
703 2593 735 2662 ή
777 2593 1050 2664 τυραννὶς,
1091 2594 1184 2649 καὶ
1217 2595 1388 2667 μυρία
1428 2597 1727 2668 πράγματα
1759 2599 1858 2652 ἐπ-

281 2675 466 2730 έθεντο
486 2680 553 2761 τῇ
585 2678 908 2752 Ἐκκλησία·
937 2681 1029 2734 καὶ
1049 2681 1198 2752 ὅμως
1230 2684 1408 2737 πάντα
1442 2685 1538 2755 μὲν
1571 2686 1752 2739 ἐκεῖνα
1781 2683 1858 2739 δι-

283 2762 444 2836 ελύθη
491 2765 587 2824 καὶ
631 2766 912 2820 ἀπώλετο·
955 2767 1091 2840 αὕτη
1130 2769 1187 2822 δὲ
1229 2769 1502 2843 αὐξομένη
1550 2773 1685 2844 πρὸς
1726 2771 1858 2842 ὕψος

281 2849 424 2923 ήρθη
462 2851 731 2917 τοσοῦτον,
764 2854 844 2908 ὅτι
882 2855 976 2908 καὶ
1017 2855 1213 2921 αὐτοὺς
1254 2856 1497 2930 ὐπερέϐη
1525 2860 1652 2924 τοὺς
1693 2861 1857 2933 οὐρα·-

281 2936 427 3001 νούς.
450 2940 772 3010 Εὺλόγησε
801 2941 944 3008 τοὺς
971 2943 1140 3010 υίούς
1169 2957 1287 2998 σου
1317 2944 1390 2998 ἐν
1411 2946 1535 2999 σοί.
1558 2947 1768 3019 Ὠσπερ
1797 2947 1857 3012 ἐξ

282 3026 460 3096 ἀρχῆς
503 3023 656 3080 εἶπεν
678 3067 694 3092 ,
721 3027 1070 3092 Αὐξάνεσθε
1095 3070 1110 3092 ,
1163 3031 1263 3085 καὶ
1307 3033 1710 3100 πληθύνεσθε,
1755 3035 1854 3089 καί

283 3113 644 3182 πληρώσατε
685 3114 800 3183 τὴν
827 3115 974 3186 γῆν,
1019 3117 1114 3170 καὶ
1158 3117 1246 3170 διά
1295 3119 1398 3189 τῆς
1435 3119 1538 3192 γῆς
1575 3120 1792 3192 ἀπάσης
1827 3123 1856 3175 ὁ

281 3201 438 3272 λόγος
468 3201 754 3271 διέδραμεν
775 3218 790 3233 ·
834 3202 976 3256 οὕτω
1014 3204 1150 3274 μετὰ
1189 3204 1380 3271 ταῦτα,
1413 3207 1808 3276 Πορευθέντες
1827 3221 1856 3251 ι

281 3291 698 3358 μαθητεύσατε
744 3291 938 3346 ,πάντα
979 3292 1050 3345 τὰ
1080 3292 1261 3362 ἔθνη·
1299 3293 1395 3346 καὶ
1424 3295 1506 3348 ὅτι
1544 3295 1858 3365 Κηρυχθήα

281 3393 454 3432 σεται
478 3377 545 3431 τὸ
572 3378 940 3448 Εὐαγγέλιον
967 3380 1144 3435 τοῦτο
1171 3383 1241 3436 ἐν
1264 3381 1385 3448 ὅλῳ
1406 3383 1486 3450 τῷ
1512 3385 1735 3455 κόσμῳ·
1767 3387 1861 3440 καὶ

282 3462 427 3516 αὐτά
457 3463 556 3533 τῆς
590 3463 912 3536 οἰκουμένης
939 3465 1008 3519 τά
1058 3468 1274 3540 πέρατα
1299 3469 1358 3522 ἐν
1397 3469 1626 3542 βραχείᾳ
1670 3470 1861 3544 καιροῦ

282 3551 424 3620 ῥοπῇ
453 3549 718 3604 κατέλαϐε
749 3550 811 3603 τὸ
841 3553 1142 3625 ἐπίταγμα.
1169 3554 1262 3609 Διὸ
1287 3557 1379 3610 καὶ
1397 3557 1615 3626 ἔλεγεν·
1645 3558 1699 3612 Ὀ
1728 3562 1864 3614 κόκ-

283 3653 390 3704 κος
429 3637 536 3691 τοῦ
566 3637 762 3703 σίτου,
795 3639 904 3693 ἐὰν
933 3641 1139 3696 πεσὼν
1173 3645 1262 3709 εἰς
1297 3642 1414 3710 τὴν
1447 3643 1566 3714 γῆν
1592 3643 1681 3714 μὴ
1719 3646 1868 3702 ἁπο-

285 3724 458 3794 θάνῃ,
481 3727 667 3794 αὐτὸς
681 3729 870 3798 μόνος
889 3728 1060 3798 μένει
1081 3747 1097 3762 ·
1124 3731 1234 3785 ἐὰν
1257 3730 1326 3784 δὲ
1348 3733 1642 3802 ἀποθάνῃ,
1669 3734 1868 3788 πολὺν

284 3813 518 3882 καρπόν
559 3815 746 3885 φέρει.
777 3817 888 3870 Καὶ
921 3817 1103 3882 πάλιν,
1131 3819 1310 3872 Ὅταν
1355 3819 1592 3888 ὑψωθῶ,
1635 3819 1868 3888 πάντας

283 3901 522 3956 ἑλκύσω
545 3903 695 3970 πρὸς
724 3903 1007 3972 ἐμαυτόν.
1037 3903 1196 3975 Παρὰ
1234 3904 1332 3975 μὲν
1353 3901 1447 3958 οὖν
1474 3907 1574 3976 τὴν
1607 3907 1782 3977 ἀρχὴν
1807 3907 1868 3972 ἐξ

285 3989 403 4052 ἐνὸς
438 3989 685 4059 ἐγένοντο
719 3990 924 4054 πολλοὶ,
953 3989 1106 4062 νόμῳ
1135 3989 1349 4060 φύσεως
1371 3990 1466 4044 τοῦ
1500 3992 1740 4065 πλήθους
1769 3993 1866 4047 αὐ-

285 4077 541 4149 ξομένου·
589 4078 670 4132 διὸ
713 4079 808 4133 καὶ
843 4077 1220 4149 σχολαιότερον
1265 4078 1326 4130 τὸ
1362 4080 1596 4150 πρᾶγμα
1635 4081 1861 4153 προῄει·

283 4165 377 4218 ἐπὶ
401 4164 460 4219 δὲ
489 4165 599 4218 τῶν
630 4165 946 4220 ἀποστόλων
974 4165 1034 4218 οὐ
1070 4165 1219 4235 νόμῳ
1248 4164 1482 4233 φύσεως,
1515 4166 1651 4220 ἀλλά
1679 4169 1864 4240 χάριτι

284 4250 346 4304 τὸ
383 4250 584 4322 πλῆθος
633 4251 915 4307 ἐπεδίδου·
965 4251 1153 4322 διόπερ
1191 4250 1391 4314 εὐθέως
1433 4253 1491 4305 ὲν
1541 4255 1640 4325 μιᾷ
1684 4255 1866 4327 ήμέρᾳ

283 4341 598 4412 τρισχίλιοι,
636 4338 754 4395 εἶτα
790 4340 1284 4412 πεντακισχίλιαι),
1327 4335 1446 4395 εῐτα
1495 4341 1702 4414 μύριοι,
1746 4340 1865 4398 εἶτα

287 4429 434 4483 πᾶσα
467 4429 501 4500 ή
541 4429 832 4500 οἰκουμένη
861 4431 950 4485 διὰ
984 4430 1083 4500 τῆς
1115 4429 1288 4500 καλῆς
1315 4428 1520 4502 ταύτης
1568 4431 1864 4502 ἀναγεννή-

288 4531 421 4580 σεως
439 4516 748 4588 τεχθέντες,
767 4518 1080 4589 ηὐξήθησαν
1108 4537 1168 4573 τε
1190 4519 1283 4573 καὶ
1315 4519 1747 4592 ἐπληθύνθησαν,
1768 4521 1864 4575 καὶ

283 4603 381 4676 τὴν
411 4605 660 4674 εὐλογίαν
687 4608 777 4661 διὰ
800 4607 910 4661 τῶν
947 4609 1125 4679 ἔργων
1152 4609 1217 4680 ἧν
1257 4608 1448 4664 ἔλαϐον
1485 4609 1825 4677 ἐπεδείξαντο
1844 4625 1858 4638 ⁸

280 4695 363 4748 οὐ
392 4695 500 4766 γὰρ
532 4694 600 4759 ἐξ
631 4696 912 4764 αἱμάτων,
955 4695 1096 4750 οὐδὲ
1136 4697 1205 4750 ἐκ
1242 4695 1576 4768 θελήματος
1612 4698 1860 4767 σαρκὸς,

285 4782 400 4835 ἀλλ’
431 4785 495 4836 ἐκ
522 4784 620 4852 τῆς
645 4782 741 4836 τοῦ
769 4783 904 4837 Θεοῦ
937 4785 1157 4858 χάριτος
1179 4776 1564 4859 ἐγεννήθησαν.
1600 4787 1664 4840 '0
1685 4787 1863 4855 τιθεὶς

285 4870 356 4922 τὰ
374 4868 506 4936 ὅρια
535 4885 652 4924 σου
684 4869 952 4940 εἰρήνην.
977 4874 1147 4929 Τοῦτο
1177 4876 1416 4946 μάλιστα
1449 4875 1578 4948 περὶ
1612 4877 1714 4948 τῆς
1742 4877 1864 4931 Ἐκ-

287 4956 514 5026 κλησίας
541 4958 606 5012 ἄν
634 4975 718 5021 τις
748 4960 889 5011 εἴποι
929 4961 1158 5032 κυρίως·
1191 4963 1286 5016 καὶ
1310 4963 1371 5017 τὸ
1396 4964 1459 5036 δὴ
1494 4963 1866 5034 θαυμαστάτε-

287 5059 402 5115 ρον,
448 5044 530 5096 ὅτι
579 5044 959 5117 πολεμουμένη
1005 5047 1153 5120 [488]
1197 5051 1417 5121 εἰρήνης
1463 5052 1737 5117 ἀπέλαυε,
1771 5053 1864 5106 καὶ

290 5130 511 5184 πάντων
552 5131 1006 5188 ἐπιϐουλευόντων
1033 5137 1100 5206 τῇ
1141 5136 1298 5209 ἀδείᾳ
1327 5139 1617 5210 ἐνετρύφα.
1655 5140 1746 5194 Διὸ
1769 5141 1864 5195 καὶ

291 5219 476 5288 ἔλεγεν
497 5236 510 5250 ·
539 5217 806 5287 Εἰρήνην
846 5217 959 5286 τὴν
989 5220 1142 5290 ἐμὴν
1179 5223 1390 5294 ἀφίημι
1422 5225 1584 5296 ὑμῖν,
1616 5228 1865 5297 εἰρήνην

287 5310 402 5376 τὴν
443 5307 599 5378 ἐμὴν
646 5305 852 5375 δίδωμι
896 5307 1055 5376 ὑμῖν.
1099 5310 1212 5363 Καὶ
1251 5311 1432 5378 στέαρ
1464 5313 1657 5380 πυροῦ
1698 5315 1865 5384 έμπι-
1905 5373 1918 5383 ,

293 5395 467 5450 πλῶν
501 5412 592 5451 σε.
636 5393 869 5448 Δυνατὸν
922 5395 1016 5447 καὶ
1053 5397 1144 5449 ἐπὶ
1190 5397 1290 5466 τῆς
1347 5397 1668 5470 Ἑκκλησίας
1707 5399 1864 5454 τοῦτο

351 5621 376 5649 ⁸
405 5621 486 5682 Sic
517 5633 629 5669 mss.
657 5619 805 5668 Savil.
829 5623 994 5667 autem
1020 5626 1076 5670 et.
1105 5619 1278 5669 Morel.
1323 5619 1449 5668 οὕτω
1478 5622 1596 5682 μετὰ
1625 5622 1776 5675 ταῦτα
1795 5625 1862 5678 el-

291 5679 418 5745 τιιὶενι
426 5681 754 5745 -Πορευλθέντες

353 5736 384 5779 δ
402 5736 532 5806 Hand,
559 5742 662 5792 εἶτα
685 5741 1076 5805 πεντακισχίλιοι,
1096 5742 1304 5792 deerant
1327 5743 1378 5792 in
1405 5740 1574 5792 Morel.

618 5866 892 5928 PATROL.
941 5857 1057 5919 Gn.
1103 5857 1229 5919 LV.

1338 292 1704 350 EXPOSITIO
1739 293 1807 350 IN
1844 295 2176 356 PSALMUM
2213 297 2490 358 CXLVIII.

3447 306 3550 361 ιει

1973 411 2347 483 λαμϐάνεσθαι
2407 413 2606 484 ἑτέρως
2656 414 2738 476 εἰς
2780 415 3154 487 πνευματικὴν
3197 417 3421 490 τροφὴν,
3471 419 3552 471 ὅτι

1973 499 2138 568 ἄρτον
2172 502 2302 571 ήμῖν
2344 499 2545 554 δέδωκε
2586 499 2678 553 τὸν
2711 499 2807 570 τῆς
2844 498 3007 565 ζωῆς.
3045 503 3109 556 '0
3153 504 3554 558 ἀποστέλλων

1972 588 2079 642 τὸν
2107 589 2294 659 λόγον
2333 588 2520 644 αὐτοῦ
2545 587 2620 656 τῇ
2650 586 2728 658 τῇ
2747 605 2760 619 ·
2798 587 2911 654 ἕως
2943 589 3167 658 τάχους
3193 584 3494 660 δραμεῖται
3519 595 3554 646 ὁ

1971 674 2154 743 λόγος
2171 674 2543 738 αὺτοῦ.ῐ1οῖος
2569 675 2725 742 λόγος
2745 715 2758 740 ,
2792 674 2914 728 εἰπέ
2948 692 3057 744 μοι.
3092 674 3149 728 Ὁ
3171 675 3256 729 διὰ
3281 679 3388 732 τῶν
3411 679 3550 732 ἁπο-

1975 761 2194 827 στόλων,
2213 763 2243 815 ὁ
2277 761 2477 832 πτεροῦ
2506 762 2832 832 κουφότερον
2862 761 3040 816 πάντα
3065 763 3436 834 περιδραμὼν.
3460 765 3552 818 Διὸ

1971 847 2070 902 καὶ
2104 849 2132 902 ὁ
2158 847 2320 901 Δαυῒδ
2356 847 2514 902 τοῦτο
2547 846 2778 918 ἀλλαχοῦ
2821 847 3192 916 αἰνιττόμενος
3223 846 3371 917 λέγει
3392 866 3406 880 ο
3437 848 3552 903 Κύ-

1964 953 2098 1003 ριος
2137 935 2316 990 δώσει
2351 935 2516 1005 ῥῆμα
2557 935 2683 1002 τοῖς
2713 933 3259 1006 εὐαγγελιζομένοις
3303 935 3554 1006 δυνάμει

1971 1020 2195 1091 πολλῇ.
2225 1025 2286 1076 Εἰ
2309 1022 2364 1076 δέ
2389 1041 2471 1087 τις
2501 1021 2830 1093 ἀμφιϐάλλοι
2865 1022 2974 1074 τῶν
3010 1023 3273 1094 ἀνοήτων,
3299 1023 3409 1076 ἀπὸ
3443 1025 3552 1077 τῶν

1971 1109 2112 1164 κατά
2138 1109 2208 1164 τὰ
2254 1114 2489 1182 στοιχεῖα
2517 1109 2815 1180 γινομένων
2838 1109 3162 1180 λαμϐανέτω
3201 1111 3300 1180 τὴν
3333 1111 3550 1165 ἀπόδει-

1973 1195 2075 1261 ξιν,
2108 1197 2202 1252 καὶ
2228 1197 2542 1268 μανθανέτω
2567 1197 2738 1268 πῶςή
2767 1196 2900 1267 χιὼν
2931 1197 3124 1268 ἀθρόον
3152 1197 3350 1260 ἔπεισι,
3375 1199 3468 1251 καὶ
3492 1199 3550 1250 ἐν

1973 1284 2072 1355 μιᾷ
2105 1283 2300 1356 καιροῦ
2344 1287 2483 1356 ῥοπῇ
2527 1286 2707 1338 πᾶσαν
2749 1285 3015 1339 καλύπτει
3055 1285 3154 1354 τὴν
3182 1286 3306 1356 γῆν,
3347 1285 3446 1338 οὐκ
3484 1285 3551 1338 ἐκ

1972 1371 2220 1442 περιόδου
2249 1371 2478 1425 ἐπιοῦσα
2511 1370 2592 1442 τῷ
2635 1371 2914 1444 προσώπῳ
2941 1371 3166 1444 ταύτης,
3197 1373 3312 1425 ἀλλ’
3353 1371 3551 1444 ἀθρόον

1970 1458 2138 1529 αὐτὴν
2181 1457 2623 1528 περιστέλλουσα.
2671 1459 2889 1532 Ἐπειδὴ
2927 1459 3107 1514 τοίνυν
3151 1461 3432 1531 προφήτης
3458 1455 3546 1531 ἦν,

1970 1545 2066 1598 καὶ
2085 1545 2231 1608 εἰκὸς
2261 1544 2422 1598 αὐτὸν
2445 1545 2512 1599 τὰ
2541 1545 2803 1616 μέλλοντα
2832 1547 3336 1617 προαναφωνοῦντα
3349 1549 3442 1601 καὶ
3467 1550 3550 1602 αἰ-

1970 1632 2280 1703 νιττόμενον
2308 1633 2451 1686 κατὰ
2479 1633 2771 1705 ἀναγωγὴν
2809 1633 2982 1687 ταῦτα
3012 1633 3210 1702 λέγειν,
3241 1633 3548 1698 ἀκολούθως

1966 1719 2046 1791 τῷ
2074 1720 2202 1794 περὶ
2224 1719 2334 1774 τῶν
2373 1719 2654 1790 στοιχείων
2678 1720 3000 1790 ἐνδιατρίϐει
3030 1721 3193 1790 λόγῳ.
3219 1723 3286 1773 Ὃ
3317 1721 3373 1773 δὲ
3401 1720 3550 1789 λέγει

1966 1807 2203 1862 τοιοῦτόν
2235 1808 2384 1861 ἐστι·
2418 1807 2613 1861 Μέλλει
2641 1808 2791 1861 πᾶσα
2823 1809 2857 1876 ή
2895 1807 2968 1878 γῆ
3011 1806 3090 1878 τῷ
3117 1807 3260 1878 λόγῳ
3287 1805 3380 1860 τοῦ
3411 1807 3547 1860 Θεοῦ

1967 1893 2343 1966 κατηχεῖσθαι,
2386 1896 2480 1948 καὶ
2526 1893 2666 1965 μετὰ
2705 1892 2900 1946 πολλοῦ
2940 1893 3036 1947 τοῦ
3083 1894 3303 1966 τάχους,
3352 1893 3444 1946 καὶ
3488 1894 3550 1946 ἐν

1966 1982 2157 2054 βραχεῖ
2192 1981 2390 2055 καιρῷ.
2433 1978 2568 2036 Εἶτα
2604 1983 2692 2036 ἵνα
2731 1983 2807 2054 μή
2836 1999 2919 2045 τις
2955 1981 3292 2054 ἁμφιϐάλλῃ,
3329 1982 3378 2034 εἰ
3413 1983 3547 2034 Ἰου-

1964 2070 2101 2124 δαῖοι
2148 2069 2302 2134 ἔθνος
2344 2069 2404 2123 ἓν
2439 2067 2678 2137 τοσούτῳ
2718 2069 2895 2141 χρόνῳ
2931 2068 3200 2140 τοσαύτης
3237 2068 3548 2123 ἀπολαῦσαν

1964 2156 2284 2227 ἐπιμελείας¹
2306 2157 2366 2210 οὐ
2385 2157 2574 2226 γέγονε
2597 2157 2840 2227 δόκιμον,
2868 2156 2985 2220 πῶς
3014 2157 3141 2220 τοὺς
3173 2155 3270 2229 τὴν
3295 2158 3442 2210 οἰκου
3452 2157 3549 2228 μέ-

1964 2261 2064 2314 νην
2093 2243 2374 2308 οἰκοῦντας
2403 2245 2460 2298 ἐν
2488 2243 2680 2316 βραχεῖ
2709 2243 2886 2314 καιρῷ
2919 2243 3142 2297 δυνατὸν
3177 2244 3548 2316 μεταρρυθμι-

1966 2332 2194 2404 σθῆναι,
2233 2334 2314 2398 είς
2344 2332 2635 2402 βεϐαίωσιν
2661 2333 2756 2387 τοῦ
2803 2331 2964 2402 λόγου
3003 2333 3072 2386 τὰ
3117 2333 3224 2386 ἀπὸ
3270 2331 3380 2387 τῶν
3404 2348 3548 2385 στοι-

1965 2419 2125 2490 χείων
2163 2417 2583 2490 παραδείγματα
2623 2418 3068 2490 παραλαμϐάνει,
3100 2420 3201 2490 τὴν
3242 2419 3415 2489 χιόνα,
3448 2417 3548 2488 τὴν

1963 2505 2214 2579 ὁμίχλην,
2245 2505 2337 2561 τὸν
2369 2505 2726 2578 κρύσταλλον,
2765 2505 2908 2578 ἅπερ
2946 2504 3180 2576 μάλιστα
3209 2505 3265 2559 ὲν
3299 2507 3398 2576 μιᾷ
3427 2519 3550 2558 και-

1965 2595 2062 2667 ροῦ
2091 2597 2231 2667 ῥοπῇ
2260 2593 2488 2664 γίνεται.
2521 2593 2614 2666 Μὴ
2641 2594 2822 2650 τοίνυν
2860 2595 3168 2667 ἀπιστήσῃς
3191 2603 3239 2660 ο,
3272 2595 3322 2646 εἰ
3356 2593 3448 2647 καὶ
3479 2593 3550 2647 τὰ

1963 2683 2061 2753 τῆς
2099 2681 2324 2753 γνώμης
2361 2680 2542 2735 αὐτῶν
2579 2680 2766 2753 μέλλοι
2804 2680 3238 2752 μεταϐάλλεσθαι
3285 2679 3542 2744 εὐκόλως.

1976 2768 2135 2823 Ἀλλά
2155 2769 2336 2822 πολλοὶ
2363 2769 2412 2822 οἱ
2436 2768 2856 2838 ἀνθιστάμενοις
2886 2768 3046 2823 Ἀλλά
3069 2767 3164 2822 καὶ
3183 2761 3328 2821 οὗτοι
3351 2768 3545 2836 ἐκστή·

1963 2871 2148 2909 σονται
2185 2854 2280 2909 καὶ
2322 2855 2843 2926 παραχωρήσουσιν.
2891 2855 2952 2907 EI
2993 2854 3103 2926 γὰρ
3153 2853 3325 2924 ψῦχος
3368 2851 3546 2921 ὀλίγον

1964 2942 2314 3014 σφοδρότερον
2343 2941 2626 3013 γινόμενον
2668 2941 2845 3006 οὐδεὶς
2881 2943 3125 3012 ἐνεγκεῖν
3152 2941 3397 3006 δύναται,
3425 2941 3542 2996 ἀλλ’

1962 3032 2198 3084 εἴκουσιν
2223 3030 2372 3101 αὐτῷ
2403 3030 2608 3094 πάντες
2637 3029 2732 3084 καὶ
2751 3029 3143 3103 παραχωροῦσι
3165 3046 3179 3060 ·
3205 3028 3385 3100 πολλῷ
3413 3029 3550 3100 μᾶλο

1961 3117 2053 3171 λον
2081 3117 2160 3188 τῷ
2181 3117 2324 3189 λόγῳ
2361 3118 2456 3170 καὶ
2481 3116 2562 3188 τῷ
2589 3117 2927 3188 ἐπιτάγματι
2957 3117 3120 3172 αὐτοῦ
3143 3117 3322 3172 πάντα
3349 3117 3547 3187 ἐκστήο

1967 3219 2121 3258 σεται
2159 3206 2228 3258 τὰ
2266 3203 2676 3275 ἐναντιούμενα.
2717 3204 2826 3258 Καὶ
2865 3203 2974 3274 γὰρ
3015 3203 3116 3267 τὰς
3145 3204 3332 3267 οὐσίας
3364 3203 3549 3267 ίκανὸς

1969 3292 2304 3363 μεταθεῖναι,
2349 3291 2445 3346 καὶ
2476 3291 2552 3362 μὴ
2600 3289 2770 3356 οὐσας
2808 3294 3171 3364 παραγαγεῖν,
3203 3292 3300 3345 καὶ
3336 3292 3417 3355 εἰς
3454 3308 3547 3344 το-

1969 3379 2172 3451 σαύτην
2205 3379 2440 3451 αὐξῆσαι
2479 3379 2709 3449 δύναμιν
2732 3377 2784 3443 ἀ,
2819 3377 2898 3442 ὡς
2933 3379 3070 3432 πᾶσι
3111 3378 3209 3432 καὶ
3251 3375 3552 3432 ἀνύποιστα

1966 3467 2140 3521 ταῦτα
2168 3467 2432 3538 γίνεσθαι.
2463 3467 2524 3521 '0
2563 3467 2961 3536 ἀπαγγέλλων
2993 3466 3101 3520 τὸν
3139 3465 3326 3536 λόγον
3361 3463 3550 3518 αὑτοῦ

1969 3554 2051 3621 τῷ
2109 3555 2317 3610 Ἰακὼϐ
2331 3596 2346 3622 ,
2396 3553 2759 3625 δικαιώματα
2799 3553 2900 3607 καί
2946 3553 3196 3622 κρίματα
3241 3551 3428 3607 αὑτοῦ
3469 3550 3552 3618 τῷ

1985 3643 2251 3712 Ἰσραήλ.
2289 3639 2556 3698 Ἐνταῦθα
2576 3643 2671 3697 καὶ
2696 3643 2786 3697 τὸν
2819 3640 3012 3696 Ἰακὼϐ
3039 3644 3142 3697 οὐκ
3171 3643 3236 3698 ἄν
3263 3659 3346 3707 τις
3371 3641 3554 3714 ἀμάρο

1972 3749 2053 3785 τοι
2082 3731 2173 3784 τὸν
2209 3729 2574 3801 πνευματικὸν
2618 3729 2808 3795 εἰπὼν,
2843 3731 2938 3786 καὶ
2963 3730 3054 3784 τὸν
3097 3729 3331 3802 Ἰσραήλ,
3368 3729 3426 3782 ὃν
3455 3731 3552 3783 καὶ

1973 3822 2182 3885 Παῦλος
2198 3816 2304 3873 οἶδε
2329 3820 2524 3889 λέγων,
2548 3820 2772 3889 Εἰρήνη
2791 3820 2929 3890 ὑμῖν
2949 3820 3046 3875 καὶ
3062 3819 3160 3873 ἐπὶ
3181 3820 3288 3874 τὸν
3311 3817 3552 3888 Ἰσραὴλ

1971 3907 2080 3962 τοῦ
2108 3906 2286 3962 Θεοῦ·
2312 3901 2358 3976 ᾧ
2399 3908 2435 3978 ή
2479 3907 2608 3974 δόξα
2644 3908 2724 3971 είς
2767 3908 2894 3971 τοὺς
2934 3905 3138 3972 αἰῶνας
3171 3905 3281 3960 τῶν
3313 3906 3547 3962 αἰώνων.

1987 3995 2179 4066 Ἀμήν.

2250 4113 2402 4188 [489]
2437 4111 2546 4168 ΕιΣ
2582 4113 2719 4169 TON
2756 4113 2921 4167 PMH'
2957 4111 3280 4168 ΨΑΑΜΟΝ.

1971 4243 2200 4300 Αἰνεῖτε
2218 4243 2326 4298 τὸν
2347 4243 2564 4311 Κύρων
2588 4244 2658 4298 ἐκ
2677 4240 2796 4298 τῶν
2815 4242 3107 4311 οὐρανῶν,
3129 4241 3345 4311 αίνεῖτε
3363 4241 3552 4296 αὐτὸν

2041 4317 2112 4369 ὲν
2154 4313 2278 4379 τοῖς
2319 4310 2625 4384 ὑψίστοις.
2680 4310 2910 4369 Αἰνεῖτε
2963 4313 3183 4380 αὑτὸν,
3235 4310 3458 4381 πάντες
3494 4317 3549 4368 οἰ

2041 4385 2283 4455 ἄγγελοι
2311 4381 2520 4439 αὑτοῦ.

2039 4513 2108 4567 α’.
2135 4513 2293 4578 Ἔθος
2319 4511 2561 4568 τοιοῦτον
2588 4513 2700 4578 τοῖς
2729 4512 2905 4582 ἁγίοις
2929 4511 3016 4566 διὰ
3041 4511 3240 4584 πολλὴν
3272 4512 3549 4586 εὐγνωμοο

1973 4601 2158 4673 σύνην,
2198 4601 2418 4656 ἐπειδὰν
2450 4601 2714 4671 μέλλωσιν
2750 4601 3092 4672 εὐχαριστεῖν
3124 4601 3203 4672 τῷ
3247 4601 3389 4673 Θεῷ,
3425 4603 3552 4658 πολι

1969 4690 2094 4754 λούς
2126 4689 2312 4746 καλεῖν
2336 4691 2625 4754 κοινωνοὺς
2644 4689 2743 4760 τῆς
2766 4689 3062 4760 εὐφημίας,
3093 4691 3189 4745 καὶ
3215 4691 3552 4761 παρακαλεῖν

1973 4780 2406 4849 συνεφάπτεσθαι
2434 4780 2534 4850 τῆς
2560 4780 2732 4852 καλῆς
2753 4781 2957 4853 ταύτης
2977 4780 3316 4852 λειτουργίας
3347 4782 3550 4846 αὐτοῖς.

1970 4868 2141 4922 Τοῦτο
2169 4869 2263 4922 καὶ
2294 4869 2344 4921 οἰ
2375 4869 2563 4933 παῖδες
2596 4871 2644 4922 οἰ
2675 4871 2824 4941 τρεῖς
2856 4870 3213 4940 πεποιήκασι,
3248 4869 3348 4941 τὴν
3377 4871 3553 4924 κτίσιν

1971 4957 2207 5020 ἃπασαν,
2238 4955 2398 5027 ήνίκα
2443 4952 2582 5027 ἦσαν
2609 4958 2666 5009 ἐν
2704 4959 2770 5029 τῇ
2804 4958 3018 5029 καμίνῳ
3037 4997 3052 5023 ,
3091 4957 3226 5030 πρὸς
3256 4957 3355 5030 τὴν
3386 4959 3549 5028 εὐφηο

1972 5044 2100 5116 μίαν
2145 5044 2244 5115 τῆς
2291 5045 2430 5116 ὑπὲρ
2471 5043 2649 5098 αὐτῶν
2693 5045 3008 5116 εὐεργεσίας
3070 5046 3396 5108 καλέσαντες
3459 5047 3548 5098 καῖ

1970 5130 2106 5201 πρὸς
2131 5131 2230 5202 τὴν
2250 5130 2344 5184 τοῦ
2369 5130 2502 5184 Θεοῦ
2525 5131 2816 5202 ὑμνῳδίαν.
2833 5131 3004 5185 Τοῦτο
3026 5133 3121 5186 καὶ
3140 5128 3294 5194 οὗτος
3319 5128 3546 5184 ἐνταῦθα

1971 5220 2133 5283 ποιεῖ,
2160 5219 2419 5290 ἑκάτερον
2445 5218 2537 5272 τὸν
2563 5217 2765 5289 κόσμον
2787 5217 3237 5283 καλῶν,τδνεινω,
3261 5218 3354 5270 τὸν
3377 5214 3543 5279 κάτω,

1969 5305 2059 5358 τὸν
2103 5305 2391 5376 αἰσθητὸν,
2440 5306 2531 5358 τὸν
2584 5306 2794 5377 νοητόν.
2839 5305 3007 5359 Τοῦτο
3049 5309 3144 5358 καὶ
3187 5307 3215 5358 ὁ
3265 5303 3551 5375 προφήτης

1981 5391 2227 5455 Ἡσαΐας,
2262 5390 2336 5455 ὡς
2366 5390 2490 5444 ὅταν
2523 5389 2654 5463 λέγῃ
2673 5406 2687 5421 ·
2720 5388 3263 5460 Εὐφρατνέσθωσαν
3283 5390 3338 5443 οἰ
3372 5389 3550 5456 οὐρα-

2035 5622 2059 5693 ἐ
2086 5620 2582 5693 κείναις-,ἀποστήσῃᾳ
2616 5620 2675 5667 Εἰ
2699 5618 2780 5668 καί
2810 5618 3103 5680 rescriptum
3134 5631 3163 5668 e
3189 5617 3358 5670 Morel.
3387 5619 3445 5669 et
3466 5617 3553 5668 Sa-

1974 5684 2038 5733 vil
2049 5699 2082 5752 ._°,
2094 5743 2109 5752 1
2118 5682 2288 5752 Μοιιιιζ
2297 5682 2367 5752 ,εί
2375 5681 2479 5745 γάρ.
2502 5681 2647 5752 Ευξτ,

2037 5743 2066 5785 ἀ
2094 5743 2228 5796 Unus
2259 5743 2456 5804 αὐξῆσαι
2476 5743 2796 5807 σφοδρότητα.

3114 5826 3192 5888 30
