4076 6222
611 201 715 255 485

605 322 723 387 νοί,
762 320 860 374 zeal
909 319 1296 392 ἀγαλλιᾶσθω
1336 322 1376 390 ἠ
1418 322 1518 392 γῆ,
1557 324 1644 377 ὅτι
1676 324 1943 394 ἠλέησεν
1978 331 2012 384 ὁ
2042 331 2188 398 Θεὸς

587 421 714 474 ¹τὸν
752 418 910 473 λαὸν
951 417 1158 473 αὐτοῦ.
1193 419 1304 472 Kal
1340 418 1502 483 αὐτὸς
1537 420 1596 473 δὲ
1641 414 1796 487 οὗτος
1830 425 2022 492 πάλιν,
2060 429 2188 483 ὅταν

608 516 774 586 λέγῃ·
831 516 927 568 Ἐν
978 514 1168 580 ἐξόδῳ
1227 516 1466 586 Ἰσραὴλ
1510 517 1581 582 ἐξ
1631 519 1970 589 Αἰγύπτου,
2020 522 2192 578 οἷκου

620 611 834 666 Ἰακὼϐ
878 611 948 665 ἐκ
993 611 1150 666 λαοῦ
1183 613 1526 682 βαρϐάρου,
1570 613 1640 668 τὰ
1685 616 1792 684 ὅρη
1820 617 2194 686 ἐσκίρτησαν

609 707 753 761 ὡσεὶ
800 709 988 777 κριοὶ,
1028 709 1124 761 zeal
1161 711 1216 762 οί
1257 711 1477 770 ,βουνοί
1513 711 1595 776 ὡς
1642 712 1819 781 ἀρνία
1863 715 2189 784 προϐάτων.

615 806 728 860 Kal
760 805 992 876 ἀλλαχοῦ
1023 806 1183 859 πάλιν
1209 807 1238 858 6
1277 808 1501 871 Ἡσαΐας
1518 825 1534 840 ·
1556 809 1818 878 Νεφέλαι
1832 811 2195 878 ρανάτωσαν

615 903 1030 971 δικαιοσύνην.
1061 905 1190 956 "Aea
1220 903 1326 976 γάρ
1361 905 1460 958 οὐκ
1486 905 1641 970 ὄντες
1679 907 1853 961 ἱκανοὶ
1886 908 2036 978 μόνοι
2058 910 2194 980 πρὸς

612 1000 713 1071 τὴν
755 1001 1030 1071 εὐφημίαν
1069 1001 1162 1052 τοῦ
1208 1001 1516 1066 Δεσπότου,
1567 1002 1946 1074 περιέρχονται
1985 1005 2194 1068 πάντας

613 1097 905 1160 κοινωνοὺς
933 1096 1117 1152 λαϐεῖν
1157 1097 1257 1168 τῆς
1299 1098 1589 1170 ὐμνῳδίας.
1621 1101 1728 1152 Καὶ
1763 1099 1919 1154 τοῦτο
1957 1102 2193 1173 συνεχῶς

615 1194 850 1264 μάλιστα
882 1188 1036 1259 οὗτος
1068 1198 1231 1261 ποιεῖ,
1261 1195 1334 1260 ώς
1361 1197 1488 1250 ὅταν
1517 1197 1671 1268 λέγῃ,
1701 1197 1812 1252 Kal
1848 1214 2194 1268 προσκυνη-

614 1291 902 1347 σάτωσαν
933 1293 1094 1359 αὐτῷ
1135 1293 1358 1359 πάντες
1384 1295 1626 1364 ἄγγελοι
1669 1295 1835 1351 Θεοῦ.
1867 1296 1978 1350 Καὶ
2008 1297 2191 1366 πάλιν,

615 1391 863 1445 Δυνατοί
896 1391 1084 1460 ἰσχύϊ,
1113 1391 1429 1458 ποιοῦντες
1460 1392 1570 1446 τὸν
1594 1394 1782 1463 λόγον
1813 1393 2022 1450 αὐτοῦ.

685 1483 798 1536 Kal
825 1481 1010 1554 ἕτερον
1048 1483 1105 1536 δέ
1146 1500 1198 1536 τι
1229 1483 1389 1538 πάλιν
1427 1486 1492 1538 ὲκ
1527 1485 1730 1540 τούτων
1775 1487 2192 1551 κατασκευάζει.

612 1579 774 1633 Ποῖον
801 1579 866 1651 δὴ
897 1579 1091 1646 τούτω
1125 1579 1198 1633 Τὸ
1227 1580 1433 1652 μηδένα
1465 1580 1575 1635 τῶν
1599 1581 1952 1654 ἀλογωτέρων
1977 1582 2196 1654 νομίσαι

614 1673 709 1729 δύο
747 1675 1115 1748 δημιουργοὺς
1152 1673 1312 1732 εἶναι.
1345 1678 1560 1750 Ἐπειδὴ
1586 1678 1696 1751 γάρ
1730 1680 1787 1733 αἱ
1827 1679 2032 1744 κτίσεις
2077 1681 2196 1736 διά-

618 1791 798 1846 φοροι,
828 1774 922 1828 zeal
949 1775 1294 1848 διεστήκασιν
1329 1775 1572 1848 ἀλλήλων
1602 1779 1722 1841 ταῖς
1739 1777 1953 1842 οὐσίαις
1986 1779 2055 1849 (ὴ
2096 1778 2198 1846 μὲν

615 1871 729 1942 γάρ
765 1872 914 1925 ἐστιν
942 1871 1202 1944 αἰσθητὴ,
1235 1875 1267 1944 ἡ
1315 1873 1372 1926 δὲ
1405 1873 1604 1945 νοητή·
1642 1873 1676 1943 ὴ
1709 1874 1806 1943 μὲν
1841 1874 2030 1946 ὁρατὴ,
2065 1878 2099 1946 ἡ
2141 1874 2199 1928 δὲ

614 1969 941 2042 ἀόρατος·ή
989 1970 1091 2042 μὲν
1135 1972 1405 2042 σωμάτων
1443 1972 1846 2044 ἐμπέπλησται,
1876 1973 1910 2043 ὴ
1951 1972 2008 2026 δέ
2051 1974 2198 2026 ἐστιν

615 2066 966 2138 ἀσώματος),
995 2067 1083 2120 ἵνα
1121 2068 1196 2138 μή
1227 2085 1312 2134 τις
1355 2070 1419 2122 ἐκ
1449 2069 1546 2140 τῆς
1591 2067 1852 2139 διαφοράς
1883 2068 1989 2122 τῶν
2022 2067 2198 2140 ἔργων

615 2163 908 2235 διαφόρους
936 2164 1301 2237 δημιουργοὺς
1341 2165 1717 2238 ἐπεισαγάγῃ,
1741 2167 1838 2221 ἕνα
1864 2167 2023 2238 χορὸν
2052 2169 2202 2239 ἵστη-

619 2278 726 2326 σιν,
761 2261 820 2327 ὲξ
858 2263 1110 2317 ἀπάντων
1143 2263 1272 2334 μίαν
1316 2263 1534 2334 ἀνάγων
1581 2264 1729 2335 αὐτῷ
1765 2264 1863 2337 τὴν
1909 2264 2198 2337 μελῳδίαν,

619 2361 715 2414 καὶ
738 2359 829 2414 τὸν
856 2360 1016 2415 αὐτὸν
1047 2361 1219 2431 λέγων
1251 2363 1359 2417 δεῖν
1385 2363 1488 2416 ὐπό
1511 2380 1571 2416 τε
1594 2363 1693 2434 τῆς
1721 2363 1854 2427 ἄνω,
1885 2363 1988 2416 ὐπό
2013 2381 2074 2416 τε
2104 2363 2202 2435 τῆς

497 2503 506 2512 .
618 2455 772 2510 κάτω
794 2457 1026 2522 κτίσεως
1050 2459 1405 2530 ἀνυμνείσθαι
1434 2460 1588 2524 Θεὸν,
1615 2459 1790 2530 δηλῶν
1811 2459 1904 2512 zeal
1931 2458 2199 2523 ἐντεῦθεν,

619 2556 705 2608 ὅτι
739 2546 819 2617 εἷς
851 2554 1117 2626 ἑκατέρας
1138 2558 1166 2610 6
1198 2555 1549 2629 δημιουργός.
1574 2556 1682 2610 Kal
1710 2556 1972 2627 πρότερον
1998 2555 2204 2610 άνωθεν

619 2649 870 2720 ἄρχεται,
895 2649 1100 2719 λέγων·
1135 2652 1362 2707 Αἰνεῖτε
1393 2653 1598 2720 αὐτὸν,
1625 2652 1844 2719 πάντες
1879 2656 1933 2706 ol
1961 2650 2204 2723 ἄγγελοι

621 2745 844 2801 αὐτοῦ·
874 2746 1092 2801 αἰνεῖτε
1124 2749 1331 2815 αὐτὸν,
1365 2749 1554 2805 πᾶσαι
1586 2754 1645 2805 al
1677 2749 1962 2820 δυνάμεις
1994 2747 2198 2803 αὐτοῦ.

624 2843 872 2916 Ἕτερος,
899 2843 1185 2900 Πᾶσαιναί
1228 2847 1503 2914 στρατιαὶ
1549 2847 1770 2902 αὐτοῦ·
1813 2846 1882 2900 τὰ
1924 2845 2206 2918 Χερουϐὶμ

621 2943 818 3012 λέγων,
841 2943 911 2997 τά
934 2943 1204 3015 Σεραφὶμ,
1231 2945 1328 3008 τὰς
1354 2942 1710 3016 Κυριότητας,
1733 2943 1832 3008 τὰς
1866 2944 2083 3016 Ἀρχὰς,
2109 2944 2207 3008 τὰς

636 3038 934 3105 Ἐξουσίας.
965 3039 1136 3093 Τοῦτο
1168 3039 1376 3115 σφόδρα
1422 3041 1785 3112 ἐκκαιομένης
1817 3040 2019 3111 ψυχῆς,
2049 3040 2209 3095 τοῦτο

624 3135 848 3208 φίλτρου
875 3136 1296 3208 πεπυρωμένου,
1323 3136 1384 3190 τὸ
1406 3137 1614 3200 πάντας
1641 3137 1927 3208 διεγείρειν
1947 3137 2083 3210 πρὸς
2107 3137 2208 3209 τὴν

627 3232 906 3304 εὐφημίαν
932 3230 1028 3284 τοῦ
1060 3231 1396 3302 ποθουμένου
1415 3247 1428 3260 ·
1469 3232 1628 3286 τοῦτο
1661 3231 1899 3303 συνεχῶς
1929 3230 2207 3305 ὲντρυφώυ

630 3348 731 3402 σης
750 3331 990 3394 διανοίας
1010 3332 1077 3402 τῇ
1104 3330 1234 3402 περὶ
1249 3329 1345 3383 τοῦ
1371 3330 1506 3384 Θεοῦ
1530 3331 1728 3404 ἐννοίᾳ,
1745 3333 2206 3404 ὲκπληττομένης,

629 3427 1018 3498 θαυμαζούσης
1048 3429 1147 3498 τὴν
1190 3427 1350 3493 δόξαν
1392 3429 1556 3483 αὐτοῦ
1578 3469 1592 3493 ,
1625 3431 1991 3502 ἀνακειμένης
2038 3431 2206 3502 αὐτῷ.

630 3525 857 3580 Αἰνεῖτε
881 3524 1087 3590 αὐτὸν,
1119 3524 1294 3592 ἣλιος
1322 3525 1420 3579 καί
1450 3526 1686 3595 σελήνη
1713 3543 1727 3556 ·
1753 3526 1971 3580 αἰνεῖτε
2002 3525 2207 3593 αὐτὸν,

632 3619 833 3674 πάντα
881 3619 954 3675 τὰ
999 3621 1192 3690 ἄστρα
1221 3623 1320 3676 zeal
1362 3621 1427 3675 τὸ
1469 3620 1617 3692 φῶς.
1660 3621 1911 3692 Ἕτερος,
1951 3621 2214 3690 Ἀστέρες

633 3715 848 3785 φωτός.
904 3716 1134 3771 Αἰνεῖτε
1191 3717 1416 3783 αὐτὸν,
1465 3721 1520 3772 οἰ
1565 3717 1809 3787 οὐρανοί
1865 3716 1983 3772 τῶν
2035 3722 2215 3787 οὐραο

633 3815 758 3870 νῶν
776 3833 792 3848 ·
824 3815 921 3870 zeal
956 3815 1023 3870 τό
1053 3814 1209 3886 ὕδωρ
1237 3815 1306 3870 τὸ
1334 3815 1607 3886 ὑπεράνω
1622 3815 1740 3872 τῶν
1756 3813 2032 3886 οὐρανῶν
2061 3817 2216 3870 αἰνε-

634 3912 920 3968 σὰτωσαν
950 3912 1014 3968 τὸ
1059 3912 1248 3984 ὄνομα
1277 3915 1518 3982 Κυρίου.
1548 3913 1677 3968 Ὅτι
1713 3913 1896 3980 αὐτὸς
1933 3909 2084 3990 εἷπε,
2117 3911 2217 3966 zeal

633 4010 1042 4080 ἐγενήθησαν·
1079 4010 1263 4078 αὐτὸς
1306 4009 1458 4084 [490]
1502 4011 1874 4077 ἐνετείλατο,
1921 4008 2021 4064 zeal
2060 4007 2217 4062 ἐκτί-

635 4113 896 4178 σθησαν.
943 4111 1254 4178 Ἔστησεν
1284 4112 1438 4164 αὐτὰ
1475 4111 1560 4174 εἰς
1594 4109 1704 4162 τὸν
1747 4105 1952 4171 αἰῶνα,
1983 4105 2083 4160 καί
2128 4107 2217 4173 εις

633 4209 744 4263 τὸν
766 4209 952 4264 αἰῶνα
974 4208 1082 4262 τοῦ
1105 4207 1340 4274 αἰῶνος.
1366 4207 1579 4272 Ἄλλος,
1602 4208 1904 4273 Ἕστησεν
1927 4205 2080 4260 αὐτὰ
2099 4204 2219 4258 δια-

630 4305 840 4376 μένειν
879 4306 1148 4371 αἰωνίως.
1197 4305 1556 4373 Πρόσταγμα
1582 4301 1746 4356 ἐθετο
1768 4343 1783 4366 ,
1824 4301 1923 4355 καί
1970 4302 2040 4355 οὐ
2081 4316 2219 4371 παρ·

636 4405 972 4460 ελεύσεται.
1016 4403 1172 4466 Τίνος
1207 4403 1391 4455 ἕνεκεν
1432 4400 1589 4470 ὀλίγα
1633 4400 1762 4472 περὶ
1798 4400 1906 4453 τῶν
1954 4399 2217 4471 οὐρανίων

637 4501 918 4572 δυνάμεων
941 4499 1136 4565 εἰπὼν,
1171 4498 1381 4568 ταχέως
1412 4495 1760 4568 ἀπεπήδησεν
1785 4495 2013 4562 ἐκεῖθεν,
2038 4495 2132 4548 zeal
2159 4495 2218 4547 ὲν

637 4602 749 4662 τοῖς
778 4599 1076 4670 ὁρωμένοις
1102 4596 1191 4650 τὸν
1211 4595 1366 4663 λόγον
1395 4592 1640 4662 ἀγαγὼν,
1663 4592 1892 4646 ἐνταῦθα
1917 4592 2076 4646 αὐτὸν
2112 4609 2218 4662 μη-

641 4695 813 4759 κύνει,
837 4696 1014 4750 πάντα
1036 4693 1156 4748 καθ’
1177 4693 1408 4746 ἕκαστον
1433 4686 1685 4756 ἐπεξιὼν,
1704 4689 1772 4742 τὰ
1790 4690 1923 4753 άνω,
1945 4687 2013 4740 τά
2032 4689 2214 4756 κάτω;

643 4793 766 4845 Ὅτι
785 4791 960 4845 ταῦτα
980 4793 1090 4854 τοῖς
1109 4790 1228 4842 τότε
1253 4786 1509 4842 ἀκούουσι
1536 4785 1845 4856 σαφέστερα
1862 4780 1950 4856 ἦν,
1968 4783 2220 4855 ὁρώμενα

642 4888 738 4942 zeal
767 4887 872 4960 πρὸ
897 4885 1193 4956 ὀφθαλμῶν
1235 4885 1480 4955 κείμενα.
1517 4883 1609 4936 Διὸ
1651 4883 1742 4936 zeal
1783 4882 2021 4952 Μωῦσῆς
2054 4881 2220 4952 ἀρχὸο

647 5002 807 5060 μενος
832 4987 930 5057 τῆς
959 4982 1337 5055 δημιουργίας,
1367 4982 1461 5036 zeal
1491 4980 1654 5052 μηδὲν
1681 4978 1810 5050 περὶ
1835 4977 1942 5031 τῶν
1962 4977 2073 5030 ἄνω
2099 4977 2218 5031 δια-

641 5083 874 5154 λεχθεὶς,
911 5081 986 5153 μὴ
1022 5078 1344 5151 μικρὸν,.μὴ
1385 5078 1545 5150 μέγα,
1574 5078 1671 5131 ἀπ’
1717 5073 1946 5144 οὐρανοῦ
1985 5073 2080 5126 zeal
2117 5072 2220 5142 γῆς

641 5183 877 5235 ποιεῖται
899 5179 998 5250 τὴν
1013 5177 1210 5249 ἀρχὴν,
1234 5177 1328 5230 zeal
1353 5174 1617 5229 διαϐαίνει
1636 5173 1819 5226 λοιπὸν
1839 5171 1926 5225 διὰ
1947 5170 2099 5240 ὴλίου
2125 5169 2220 5222 zeal

643 5279 898 5348 σελήνης,
935 5277 1031 5330 zeal
1065 5273 1325 5347 βοτανῶν,
1354 5273 1449 5326 zeal
1476 5270 1708 5344 νηκτῶν,
1733 5269 1827 5323 καὶ
1851 5267 2217 5340 τετραπόδων,

642 5377 738 5431 zeal
761 5377 840 5440 είς
865 5375 960 5428 τὸν
974 5373 1260 5443 ἄνθρωπον
1291 5368 1551 5424 καταλύει
1569 5367 1660 5421 τὸν
1688 5366 2150 5438 λόγον.οὐρανούς
2164 5364 2220 5418 δὲ

643 5471 890 5544 οὐρανῶν
911 5469 1148 5524 ἐνταῦθα
1176 5467 1370 5538 λέγων,
1393 5465 1455 5519 οὐ
1485 5464 1686 5535 πλῆθος
1719 5463 2074 5527 ἐνδείκνυται,
2107 5460 2220 5515 ἀλλ’

644 5569 705 5624 οὐ
711 5571 871 5642 ρανδν
883 5570 943 5623 οὐ
952 5568 1112 5641 ρανοῦ
1127 5568 1217 5622 τὸν
1230 5566 1392 5621 αὐτὸν
1406 5563 1655 5635 λέγει.Τῇ
1673 5563 1780 5633 γὰρ
1791 5561 2058 5634 Ἐϐραίων
2071 5564 2219 5634 φωνῇ

647 5662 738 5718 τὸν
759 5661 986 5734 οὐρανὸν
1015 5660 1132 5724 έθος
1163 5659 1423 5732 οὐρανοὺς
1448 5657 1658 5714 καλεῖν·
1689 5653 1940 5726 καθάπερ
1975 5655 2067 5710 zeal
2098 5655 2214 5709 éeé~

1295 207 1350 263 S.
1392 208 1676 267 JOANMS
1713 211 2205 274 CHRYSOSTOMI
2243 221 2561 280 ARCIIIEP.
2596 225 3140 288 CONSTANTINOP.
3751 247 3826 305 183

2296 336 2429 405 ρωθί
2460 356 2532 410 φη
2542 356 2642 393 σιν·
2666 341 2723 394 '0
2741 343 2995 410 οὐρανὸς
3013 346 3120 400 τοῦ
3141 348 3411 416 οὐρανοῦ
3432 349 3513 416 τῷ
3530 355 3724 422 Κυρίῳ·
3741 359 3829 428 τὴν
3935 353 3937 392 ί

2292 432 2362 486 δὲ
2375 433 2492 504 γῆν
2504 435 2685 492 ἔδωκε
2704 439 2826 504 τοῖς
2841 441 2992 508 υἰοῖς
3012 442 3130 497 τῶν
3149 445 3615 514 ἀνθρώπων.Καὶ
3636 451 3693 503 τὸ
3709 453 3830 523 ὕδωρ

2292 529 2360 583 τό
2388 532 2660 600 ὑπεράνω
2705 535 2824 588 τῶν
2860 537 3150 606 οὐρανῶν.
3181 543 3426 608 Ἥκουες
3467 545 3562 596 zeal
3601 548 3830 613 Μωῠσέως

2292 625 2556 694 λέγοντος,
2588 629 2670 682 ὅτι
2709 630 2816 684 τῶν
2845 633 3050 686 ὑδάτων
3074 635 3144 690 τά
3185 637 3286 706 μὲν
3317 638 3471 691 εῐασε
3502 639 3663 704 κάτω,
3701 645 3760 697 τὰ
3788 646 3830 699 δὲ

2295 721 2434 794 ὐπὲρ
2459 723 2567 778 τῶν
2602 725 2785 782 νώτων
2815 728 2923 781 τῶν
2959 730 3220 800 οὐρανίων
3260 735 3684 804 μετεωρίζεσθαι
3716 755 3830 810 παρ-

2294 817 2606 884 εσκεύασεν,
2641 822 2700 876 ὲν
2736 822 2815 894 τῷ
2862 823 3010 896 μέσῳ
3039 829 3139 897 τῆς
3161 829 3410 883 ἀϐύσσου
3446 832 3618 903 πήξας
3648 835 3702 887 τὸ
3740 851 3831 888 στε-

2295 915 2505 988 ρέωμα,
2529 919 2623 972 zeal
2654 919 2791 990 ὑπὲρ
2814 921 2922 974 τῶν
2951 923 3136 980 νώτων
3167 928 3330 996 ἀφεὶς
3366 929 3438 982 τὰ
3463 929 3624 983 ὐδατα
3667 932 3828 1002 μένειν.

2370 1052 2481 1105 Kal
2513 1053 2631 1116 πῶς
2657 1053 2828 1108 ταῦτα
2859 1055 3016 1120 αἰνεῖ,
3045 1058 3175 1123 ἴσως
3205 1061 3354 1114 εἴποι
3377 1079 3464 1126 τις
3486 1063 3572 1126 ἂν,
3603 1065 3660 1116 οὐ
3686 1066 3828 1136 φωνὴν

2295 1133 2505 1204 ἔχοντα,
2535 1136 2596 1189 οὐ
2625 1137 2888 1205 γλῶτταν,
2917 1139 2978 1192 οὐ
3007 1139 3202 1213 ψυχὴν,
3232 1143 3297 1196 οὐ
3334 1144 3615 1215 λογισμὸν,
3645 1148 3695 1198 οὐ
3721 1133 3828 1211 me,

2294 1231 2356 1283 οὐ
2402 1231 2706 1302 φωνητικὸν
2750 1232 3000 1304 ὖργανον,
3035 1237 3096 1290 οὐ
3129 1237 3416 1304 διάνοιαν;
3465 1241 3584 1294 Ὀτι
3614 1241 3697 1294 δύο
3720 1243 3829 1306 δοξο-

2295 1326 2482 1395 λογίας
2511 1327 2728 1399 τρόποι·
2767 1324 2848 1394 εἷς
2875 1332 2993 1403 μὲν,
3023 1335 3052 1386 6
3079 1334 3166 1389 διὰ
3201 1337 3495 1406 ῥημάτων,
3523 1336 3698 1408 ἕτερος
3728 1337 3827 1405 δὲ,ὁ

2295 1424 2363 1478 δι’
2384 1423 2580 1494 ὅψεως,
2613 1427 2709 1479 zeal
2729 1427 2909 1498 τρίτος
2933 1429 2989 1482 δὲ
3021 1430 3160 1501 μετά
3194 1431 3430 1496 τούτων,
3461 1435 3490 1486 6
3520 1433 3606 1486 διὰ
3640 1433 3736 1503 βίον
3759 1435 3826 1487 καὶ

2297 1520 2494 1594 ἔργων.
2520 1522 2631 1575 Kal
2662 1522 2771 1594 γάρ
2809 1524 2904 1577 zeal
2932 1525 3233 1598 ἀνθρώπων
3258 1529 3322 1582 οὐ
3365 1529 3734 1601 φθεγγομένων
3758 1529 3825 1600 μό-

2297 1636 2406 1686 νον,
2445 1618 2581 1673 ἀλλά
2623 1619 2717 1674 zeal
2755 1619 3052 1690 σιγώντων,
3084 1623 3208 1692 δόξα
3247 1626 3588 1697 ἀναφέρεται
3617 1627 3688 1695 τῷ
3711 1626 3821 1695 Θεῷ·

2298 1714 2486 1787 ὥσπερ
2512 1716 2606 1770 zeal
2627 1716 2656 1769 6
2680 1718 2917 1788 Χριστός
2945 1736 3114 1791 φησι·
3135 1721 3448 1792 Λαμψάτω
3476 1723 3543 1776 τὸ
3569 1721 3684 1792 φῶς
3704 1721 3825 1790 ὑμῶν
3936 1745 3937 1756 ι

2295 1813 2636 1882 ἔμπροσθεν
2663 1811 2782 1866 τῶν
2807 1813 3150 1886 ἀνθρώπων,
3181 1817 3347 1885 ὅπως
3376 1818 3589 1872 ῑδωσιν
3613 1816 3753 1887 ὑμῶν
3772 1815 3822 1868 τὰ

2297 1908 2456 1962 καλὰ
2496 1909 2660 1978 ἔργα,
2689 1909 2790 1964 zeal
2819 1909 3124 1975 δοξάσωσι
3169 1913 3280 1968 τὸν
3319 1913 3556 1982 Πατέρα
3581 1909 3728 1982 ὐμῶν
3751 1910 3824 1963 τὸν

2299 2003 2361 2057 ἐν
2404 2003 2530 2070 τοῖς
2558 2006 2855 2073 οὐρανοῖς.
2887 2009 2995 2062 Kal
3027 2009 3210 2076 πάλιν,
3251 2010 3402 2077 Τούς
3428 2007 3754 2073 δοεάζΟντάς
3773 2022 3823 2074 με

2299 2100 2559 2165 δοξάσω.
2609 2102 2764 2155 Ἔστι
2807 2105 2903 2158 καὶ
2945 2103 3035 2158 διὰ
3069 2105 3317 2176 γλώττης
3352 2105 3646 2174 δοξολογία,
3667 2103 3730 2166 ὡς
3761 2101 3823 2154 καὶ

2297 2198 2538 2270 Μωῦσῆς
2562 2198 2780 2264 ὲδόξασε
2819 2201 2958 2271 μετὰ
2996 2205 3095 2274 τῆς
3121 2204 3346 2274 Μαρίας
3377 2203 3579 2272 λέγων·
3617 2201 3823 2270 ’ᾼσωμεν

2299 2293 2381 2360 τῷ
2407 2296 2600 2364 Κυρίῳ
2619 2313 2632 2328 ·
2663 2296 2923 2364 ἐνδόξως
2955 2298 3067 2368 γὰρ
3103 2299 3492 2366 δεδόξασται.
3522 2300 3666 2353 Ἐστι
3705 2293 3821 2360 καὶὴ

2299 2391 2388 2445 διὰ
2418 2393 2517 2462 τῆς
2551 2392 2780 2455 κτίσεως
2812 2396 3002 2466 αὐτῆς,
3047 2397 3123 2460 ὡς
3177 2397 3346 2461 αὐτὸς
3385 2390 3538 2457 οὗτός
3581 2407 3747 2462 φησιν·
3779 2391 3822 2438 οι

2301 2488 2543 2555 οὐρανοί
2573 2487 2917 2558 διηγοῦνται
2957 2491 3145 2557 δόξαν
3173 2493 3328 2548 Θεοῦ
3348 2511 3363 2524 ·
3399 2493 3640 2560 ποίησιν
3669 2487 3726 2542 δὲ
3743 2501 3823 2554 χει-

2294 2585 2423 2654 ρῶν
2473 2586 2660 2640 αὐτοῦ
2702 2587 3060 2657 ἀναγγέλλει
3111 2588 3178 2642 τὸ
3222 2589 3551 2660 στερέωμα.
3593 2585 3726 2640 Οὐτω
3758 2581 3822 2634 zeal

2303 2682 2537 2736 ἐνταῦθα
2575 2684 2714 2738 αίνεῖ
2743 2684 2905 2738 αὐτὸν
2940 2687 2974 2756 ἡ
3018 2684 3196 2750 κτίσις
3236 2685 3318 2757 τῷ
3368 2686 3571 2748 κάλλει,
3604 2685 3660 2754 τῇ
3699 2679 3819 2739 θέσει,

2301 2782 2382 2853 τῷ
2418 2783 2657 2854 μεγέθει,
2681 2786 2745 2856 τῇ
2773 2783 2953 2853 φύσει,
2979 2788 3044 2856 τῇ
3068 2789 3282 2859 χρήσει,
3304 2791 3380 2859 τῇ
3403 2785 3655 2866 διακονίᾳ,
3673 2779 3822 2850 τῇδια-

2309 2882 2465 2951 μονῇ,
2493 2883 2558 2952 τῇ
2588 2879 2890 2954 λυσιτελείᾳ
2916 2883 2982 2953 τῇ
3007 2882 3074 2947 ἐξ
3102 2883 3278 2937 αὐτῶν
3296 2885 3577 2954 γινομένῃ.
3607 2882 3742 2934 Ὅταν
3756 2871 3822 2928 οὖν

2305 2976 2460 3049 λέγῃ,
2492 2978 2703 3031 Αἰνεῖτε
2737 2978 2830 3032 τὸν
2861 2979 3086 3050 Κύριον,
3117 2979 3368 3049 ἄγγελοι,
3410 2981 3671 3050 δυνάμεις,
3699 2973 3822 3042 οὐρα·

2307 3073 2408 3138 vol,
2436 3073 2654 3146 σελήνη,
2681 3073 2852 3145 ἥλιος,
2881 3076 3131 3146 ἀστέρες,
3155 3077 3216 3130 τὸ
3239 3077 3391 3149 ὕδωρ
3416 3077 3476 3131 τὸ
3505 3073 3727 3146 ὑπεράνω
3744 3067 3821 3120 τῶν

2307 3170 2580 3242 οὐρανῶν,
2612 3170 2771 3225 τοῦτο
2824 3171 3005 3242 λέγει,
3039 3174 3119 3228 ὄτι
3163 3173 3402 3230 ἕκαστον
3445 3173 3549 3227 τῶν
3588 3165 3822 3239 γινομένω

2308 3265 2456 3331 ἄξιον
2486 3268 2584 3339 τῆς
2611 3267 2706 3321 τοῦ
2740 3268 3101 3340 πεποιηκότος
3129 3270 3346 3339 σοφίας,
3383 3269 3477 3324 zeal
3503 3263 3676 3320 πολλοῦ
3704 3259 3821 3328 γέμει

2308 3363 2402 3418 τοῦ
2435 3364 2710 3436 θαύματος
2729 3382 2745 3398 ·
2787 3366 2923 3440 ὅπερ
2955 3366 3233 3434 συντόμως
3261 3369 3290 3421 6
3338 3365 3572 3436 Μωῦσῆς
3609 3362 3660 3413 ὲν
3685 3372 3822 3425 προοι-

2315 3461 2458 3530 μίοις
2503 3460 2657 3529 ἔλεγε
2679 3477 2692 3490 ·
2718 3461 2830 3514 Kal
2876 3457 3038 3515 εἶδεν
3064 3465 3096 3516 ὁ
3129 3461 3273 3528 Θεὸς
3319 3463 3444 3518 ὅσα
3481 3458 3718 3524 ἐποίησε,
3749 3445 3820 3501 zeal

2314 3554 2443 3609 ἰδοὺ
2472 3556 2630 3610 καλὰ
2670 3556 2846 3610 λίαν·
2887 3557 3028 3611 οὐτω
3056 3557 3224 3622 καλὰ,
3257 3559 3334 3622 ὡς
3368 3558 3598 3625 δοξάζειν
3639 3550 3713 3604 τὸν
3747 3559 3820 3595 πε-

2314 3653 2602 3722 ποιηκότα,
2629 3653 2724 3707 zeal
2765 3653 2856 3708 τὸν
2878 3654 3076 3728 θεατὴν
3121 3656 3344 3725 ἐνάγειν
3377 3658 3456 3720 είς
3489 3646 3730 3721 εὐφημίαν
3751 3636 3818 3691 τοῦ

2315 3749 2746 3821 τεκτηναμένου.

2388 3881 2455 3952 β’.
2473 3879 2632 3936 Αἶνον
2652 3876 2744 3936 οὖν
2759 3881 2946 3935 τοῦτόν
2975 3898 3130 3953 φησι,
3161 3881 3221 3935 τὸ
3241 3880 3439 3942 κάλλος
3456 3877 3558 3932 τῶν
3579 3864 3816 3953 γενομένων

2315 3951 2499 4034 τίκτον
2539 3978 2865 4051 ὐμνολογίαν
2890 3977 2969 4049 τῷ
2995 3951 3333 4045 πεποιηκότι.
3350 3979 3526 4046 Ὅπερ
3549 3971 3631 4026 zeal
3662 3951 3816 4034 ὁμθί]

2316 4077 2528 4141 Παῦλος
2551 4075 2732 4146 δηλοῖ·
2761 4075 2836 4130 Τὰ
2858 4075 2964 4145 γὰρ
2989 4074 3210 4142 ἀόρατα
3236 4073 3355 4129 ἀπὸ
3389 4073 3621 4132 κτίσεως
3645 4061 3816 4123 κόσμον

2317 4175 2444 4240 τοῖς
2489 4171 2780 4242 ποιήμασι
2813 4171 3108 4239 νοούμενα
3151 4168 3491 4236 καθορᾶται,
3527 4163 3563 4231 ἢ
3592 4175 3646 4213 τε

2316 4239 2502 4326 αὐτοῦ
2533 4239 2786 4336 δύναμις
2831 4266 2930 4319 zeal
2987 4267 3242 4333 θειότης.
3288 4267 3400 4319 Kal
3446 4266 3474 4317 6
3506 4255 3745 4332 προφήτης
3771 4239 3811 4294 δέ

2316 4362 2489 4433 οὗτος,
2513 4363 2682 4418 εἰπὼν
2709 4361 2779 4416 τά
2800 4361 3096 4432 κτίσματα,
3117 4363 3212 4414 zeal
3233 4363 3298 4432 τῇ
3323 4356 3572 4432 ρψει“τῶν
3595 4343 3812 4444 θεωμένην

2318 4460 2630 4516 καταλιπὼν
2653 4458 2714 4511 τὸ
2737 4456 2931 4520 κάλλος
2951 4455 3131 4510 αὐτῶν
3152 4457 3576 4528 καταμανθάνειν
3594 4444 3674 4501 zeal
3687 4435 3732 4491 τδ
3751 4435 3810 4502 μέ·

2317 4559 2474 4628 γεθος
2507 4557 2600 4610 καὶ
2629 4555 2730 4626 τὴν
2779 4553 2990 4624 χρείαν,
3023 4553 3184 4618 αὐτὸς
3207 4554 3401 4626 ἑτέραν
3441 4550 3634 4619 τίθησιν
3667 4531 3808 4628 αἰτίᾳ

2317 4625 2510 4721 λέγων,
2559 4653 2641 4705 ὅτι
2683 4625 2875 4716 Αὐτὸς
2919 4645 3077 4713 εἶπε,
3120 4649 3220 4703 zeal
3261 4625 3648 4720 ἐγενήθησαν
3680 4625 3807 4686 αὐτός
3862 4695 3864 4699 .

2316 4749 2675 4815 ἐνετείλατο,
2713 4748 2814 4803 zeal
2853 4747 3244 4814 ἐκτίσθησαν.
3292 4748 3580 4812 Ἕστησεν
3608 4730 3731 4790 αὐτὰ
3751 4721 3807 4781 εὶς

2317 4847 2427 4900 τὸν
2461 4845 2662 4911 αἰῶνα,
2704 4845 2801 4898 zeal
2835 4847 2922 4911 εἰς
2951 4846 3056 4898 τὸν
3082 4843 3266 4899 αἰῶνα
3297 4816 3402 4899 τού
3431 4838 3640 4900 αιῶνος-
3667 4819 3804 4894 ΠΡδσ’

2325 4960 2517 5014 fama
2537 4943 2727 5008 ἔθετο,
2759 4941 2857 4995 zeal
2897 4943 2970 4996 οὐ
3013 4941 3460 5011 παρελεύσεται.

2390 5077 2513 5131 Ὅτι
2546 5076 2647 5146 μὲν
2674 5069 2767 5129 οὖν
2807 5074 2948 5128 καλά
2981 5076 3076 5130 zeal
3103 5074 3401 5146 θαυμάσια,
3429 5071 3517 5127 zeal
3537 5059 3657 5128 αὐτὴ
3679 5043 3804 5121 ἡάίις

2319 5174 2499 5245 δηλοῖ·
2534 5175 2615 5226 ὅτι
2643 5173 2699 5226 δὲ
2721 5173 2814 5226 zeal
2837 5171 3168 5244 δημιουργὸν
3195 5170 3328 5241 ἔχει,
3360 5170 3452 5224 zeal
3478 5165 3570 5219 οὐκ
3593 5148 3802 5245 ama"?

2321 5271 2511 5335 ταῦτα,
2545 5269 2665 5323 οὐδὲ
2698 5268 2956 5340 ἀγένητα,
2991 5267 3172 5321 ἱκανὸν
3210 5268 3310 5338 μὲν
3340 5265 3433 5321 καὶ
3467 5257 3610 5316 τοῦτο
3631 5241 3716 5302 ἀπὺ

2321 5367 2616 5441 ἑρμηνείας
2643 5365 2812 5435 αὐτῆς
2843 5363 3098 5418 κατιδεῖν.
3117 5363 3181 5416 Εἰ
3208 5362 3264 5416 δέ
3287 5379 3370 5426 τις
3389 5346 3696 5432 ἀμφιϐάλλοιο

2320 5438 2454 5536 ἐμοῦ
2487 5461 2796 5534 μανθανέτω
2815 5500 2830 5525 ,
2863 5461 2946 5513 ὅτι
2973 5459 3306 5530 δημιουργὸν
3345 5460 3455 5528 ἔχει
3493 5449 3574 5507 zeal
3615 5438 3798 5536 ποιξτηὴ

2321 5528 2414 5616 zeal
2437 5528 2741 5631 προνοητὴν
2767 5558 2860 5612 zeal
2879 5555 3008 5627 κηδε
3017 5528 3172 5627 μόνα.
3191 5555 3294 5608 Δύο
3311 5558 3415 5626 γὰρ
3434 5541 3640 5606 ἐνταῦθα
3657 5528 3799 5646 «for:

2299 5705 2311 5722 .
2327 5629 2525 5731 μᾶλλον
2551 5656 2606 5710 δὲ
2634 5658 2758 5727 τρία
2778 5671 2792 5688 ·
2823 5656 2870 5708 εί
2895 5654 2954 5708 δέ
2979 5670 3061 5718 τις
3086 5651 3323 5722 ἀκριϐῶς
3347 5648 3586 5716 ἐξετάζοι,
3614 5631 3690 5691 καὶ
3713 5629 3798 5676 τίδ’

3583 5909 3938 6222 Α
