4076 6222
358 255 467 312 485
536 277 550 294 κ

356 365 521 436 pheta
546 360 727 427 Isaias,
758 367 814 414 ut
835 359 1045 431 quando
1069 358 1232 414 dicit:
1257 355 1510 452 fatentur
1535 351 1666 415 caeli,
1693 359 1740 404 et
1767 345 1942 452 casui-

357 463 423 509 tet
464 464 602 507 terra
634 469 654 506 .·
680 454 920 523 quoniam
963 453 1193 506 misertus
1240 457 1311 503 est
1348 445 1598 500 Dominus
1643 440 1819 544 populi

355 547 504 616 (Isai.
533 546 623 602 49.
659 545 768 614 15).
798 544 1099 611 Quinetiam
1130 541 1216 595 hic
1242 540 1354 608 ipse
1381 549 1592 608 quoque
1620 533 1829 604 quando
1854 531 1940 586 di-

355 641 428 696 cit
452 658 464 693 :
491 637 559 692 In
579 637 719 692 exitu
743 634 913 690 Israel
935 636 999 689 de
1018 633 1272 704 IEgypto,
1299 629 1477 729 donius
1489 625 1650 729 Iacob
1752 623 1941 729 populo

353 732 588 796 barbaro,
618 737 810 784 montes
837 727 1207 780 exsultaverunt
1232 732 1286 776 ut
1313 721 1512 783 arietes,
1539 727 1587 772 et
1611 718 1776 820 colles
1813 718 1942 818 sicut

350 825 470 895 agni
498 824 663 877 attinnt
693 818 867 890 (Psal.
901 819 1022 874 M3.
1055 818 1106 872 1.
1138 816 1213 883 4).
1351 825 1535 911 rursus
1576 807 1702 911 alibi
1732 807 1939 911 Isaias:

357 915 531 970 Nubes
560 917 739 984 pluunt
772 911 1027 979 justitiam
1056 907 1205 978 (lsai.
1234 905 1323 960 45.
1352 903 1430 972 8).
1464 900 1533 957 Ut
1556 899 1646 970 qui
1671 898 1814 953 enim
1841 897 1940 951 soli

341 973 464 1065 «non
495 973 852 1062 suiﬁciant’ad
900 973 1074 1056 Deum
1110 990 1786 1092 laudibus-celebrandum,
1809 1003 1942 1059 quo-

353 1114 461 1170 quo
483 1109 670 1152 versus
694 1093 910 1159 obeunt,
958 1100 1015 1145 ιιι
1041 1103 1229 1146 omnes
1257 1086 1310 1141 in
1339 1083 1578 1140 dicendis
1608 1081 1818 1154 hymnis
1845 1093 1939 1134 so-

354 1194 468 1246 eius
491 1189 773 1258 accipiant.
804 1185 900 1239 llic
921 1192 1099 1238 autem
1131 1181 1232 1235 hoc
1254 1179 1445 1235 crebro
1473 1175 1619 1243 facit,
1645 1185 1705 1230 ut
1727 1173 1941 1245 quando

354 1284 504 1345 dicit,
534 1281 602 1336 Et
623 1280 835 1335 adorent
858 1293 974 1332 eum
998 1291 1170 1330 omnes
1184 1272 1351 1345 angeli
1375 1274 1488 1342 ejus
1515 1269 1690 1342 (Psal.
1721 1267 1812 1324 96.
1843 1268 1897 1334 7)
1921 1284 1937 1334 ;

354 1385 410 1431 et
437 1389 641 1440 rursus,
669 1371 903 1426 Potentes
921 1369 1122 1433 uirtute,
1143 1366 1384 1437 facientes
1409 1361 1612 1418 uerbum
1631 1362 1738 1433 ejus
1761 1359 1938 1433 (Psal.

356 1467 479 1525 tos.
507 1466 624 1537 ac).

424 1559 614 1616 Contra
642 1557 972 1613 Hanielueos.
997 1585 1066 1596 —
1093 1554 1260 1610 Porro
1297 1550 1442 1608 aliud
1486 1563 1698 1621 quoque
1744 1562 1812 1602 ex
1857 1545 1940 1602 his

355 1653 653 1709 conﬁrmat.
685 1649 1005 1718 Quodnam?
1028 1646 1105 1702 Ne
1130 1645 1250 1718 quis
1275 1659 1460 1700 eorum
1488 1642 1578 1713 qui
1603 1641 1782 1696 minus
1815 1647 1942 1695 sunt

358 1747 577 1804 rationis
603 1755 894 1814 compotes,
923 1741 1192 1796 existimet
1219 1753 1340 1793 esse
1364 1736 1501 1792 duos
1525 1735 1767 1804 opiﬁces.
1791 1732 1940 1801 Quo-

359 1842 500 1897 niam
529 1839 668 1895 enim
698 1837 921 1892 diversae
965 1841 1088 1888 sunt
1117 1839 1425 1926 creaturas,“
1443 1835 1499 1882 et
1539 1827 1765 1926 inter
1808 1823 1938 1926 sub-

359 1930 566 1987 stantiis
591 1927 840 1984 differunt
871 1924 1010 1997 (haec
1052 1920 1345 2010 sensibilis,
1373 1917 1461 1972 illa
1479 1914 1778 2010 spiritalis;
1827 1914 1940 1968 hanc

356 2021 598 2085 visibilis,
625 2019 714 2073 illa
738 2015 1015 2072 invisibilis
1039 2029 1054 2080 ;
1083 2013 1197 2067 haec
1224 2009 1438 2082 quidem
1465 2008 1619 2112 plena
1645 2012 1730 2062 est
1743 2020 1938 2112 carpo?

355 2117 522 2181 ribus,
567 2113 653 2169 illa
679 2125 809 2166 vero
834 2119 917 2166 est
953 2105 1288 2177 incorporea)
1309 2117 1419 2199 ,ne
1461 2105 1582 2172 quis
1607 2114 1672 2154 ex
1715 2111 1938 2199 operum

355 2204 650 2262 diﬁ'erentia
677 2202 920 2258 diversos
961 2197 1236 2254 induceret
1262 2192 1502 2265 opiﬁces,
1534 2205 1695 2244 unum
1741 2192 1941 2243 consti-

356 2297 456 2352 tuit
479 2297 725 2360 chorum,
756 2305 920 2346 unum
950 2304 1019 2345 ex
1046 2286 1293 2342 omnibus
1317 2285 1367 2338 ei
1391 2283 1654 2338 canticum
1681 2278 1935 2345 oﬁ‘erens,

353 2397 408 2444 et
453 2385 697 2443 eumdem
746 2383 912 2438 Deum
943 2380 1127 2435 dicens
1169 2375 1369 2432 debere
1407 2371 1609 2428 laudari
1647 2386 1680 2426 a
1707 2384 1937 2440 superna

353 2491 596 2536 creatura
615 2486 670 2532 et
692 2474 912 2539 inferna,
939 2472 1062 2526 hinc
1079 2482 1289 2540 quoque
1316 2462 1745 2566 ostendensesse
1772 2476 1936 2566 unum

353 2573 628 2641 utriusque
655 2567 935 2638 Opilicem.
966 2565 1012 2618 A
1043 2560 1288 2632 supernis
1330 2568 1506 2612 autem
1537 2560 1684 2625 prius
1714 2560 1936 2622 incipit,

352 2667 537 2724 dicens
569 2681 582 2718 :
615 2661 844 2716 Laudate
863 2669 1184 2723 eum,omnes
1194 2651 1360 2724 angeli
1385 2651 1492 2721 ejus
1513 2665 1532 2703 :
1553 2648 1760 2751 laudate
1781 2661 1896 2750 eum
1918 2686 1936 2712 ,

353 2773 523 2813 omnes
558 2755 760 2810 virtutes
788 2753 896 2814 eius
924 2747 1019 2818 (a).
1059 2745 1208 2800 Alius
1229 2785 1242 2810 ,
1275 2743 1460 2842 Omnes
1500 2743 1940 2842 euerritusﬁejuse

354 2848 536 2902 dicens
576 2841 863 2899 Cherubitn
885 2881 900 2906 ,
931 2836 1209 2907 Seraphim
1230 2876 1244 2901 ,
1277 2833 1692 2935 Dominationes,
1734 2830 1942 2935 Princi-

355 2949 528 3010 patus,
576 2937 892 2992 Potestates.
933 2930 1046 2987 Iloc
1073 2937 1157 2986 est
1193 2927 1355 2982 animi
1382 2925 1538 2980 valde
1580 2923 1804 2990 incensi,
1834 2922 1939 2978 hoc

353 3027 587 3088 ardentis
613 3027 832 3093 amoris,
876 3037 1062 3080 omnes
1086 3022 1320 3078 excitare
1355 3017 1422 3073 ad
1453 3016 1775 3120 laudandum
1813 3025 1936 3120 eum

351 3127 444 3196 qui
489 3134 734 3178 amatur:
761 3119 864 3174 hoc
906 3117 1068 3172 animi
1115 3115 1204 3186 qui
1253 3127 1499 3184 magnam
1540 3109 1753 3166 assidue
1795 3109 1940 3214 cap-it

352 3220 678 3287 voluptatem
705 3216 758 3268 in
788 3211 1105 3282 cogitatione
1145 3207 1212 3263 de
1240 3207 1385 3269 Deo,
1412 3204 1502 3276 qui
1545 3211 1726 3274 stupet
1753 3212 1807 3258 et
1832 3205 1936 3256 mi-

354 3319 503 3366 ratur
528 3309 642 3377 ejus
669 3303 910 3376 gloriam.
943 3303 996 3356 5.
1031 3299 1261 3352 Laudate
1281 3312 1414 3396 eum,
1444 3294 1534 3396 sol
1549 3295 1746 3396 etuluna
1825 3291 1937 3396 lau-

355 3403 473 3455 date
500 3415 634 3463 eum,
659 3411 828 3450 omnes
849 3394 1006 3448 stellte
1029 3401 1074 3445 et
1090 3391 1276 3445 lumen.
1301 3388 1470 3454 Alius,
1496 3385 1672 3442 Stella:
1688 3385 1812 3439 lucis
1833 3383 1934 3458 (b).

353 3495 408 3549 4.
455 3490 682 3545 Laudute
723 3503 869 3549 eum,
909 3484 1019 3539 caeli
1057 3482 1293 3537 caelorum
1320 3495 1339 3534 :
1368 3487 1416 3533 et
1453 3493 1600 3582 aqua:
1632 3491 1753 3582 quia
1786 3491 1938 3581 super

352 3588 500 3644 ctzlos
536 3593 680 3649 sunt,
728 3581 782 3636 5.
815 3577 1018 3632 laudent
1060 3592 1241 3632 nomen
1275 3573 1501 3628 Domini.
1551 3570 1805 3638 Quoniam
1831 3570 1940 3681 ipse

353 3682 500 3746 dixit,
523 3689 571 3734 et
601 3682 737 3750 facta
777 3683 892 3729 sunt
917 3687 937 3726 :
959 3672 1067 3741 ipse
1101 3667 1452 3768 mandatiin-et
1493 3673 1838 3768 creatam-nt.
1879 3667 1933 3719 6.

356 3771 548 3827 Statuit
582 3785 642 3823 ea
676 3768 730 3821 in
767 3763 1028 3826 steculum,
1076 3759 1204 3813 etin
1242 3758 1481 3813 saxulum
1515 3755 1706 3810 seculi.
1746 3755 1934 3856 Alius,

357 3863 546 3920 Statuit
582 3876 640 3914 ea
683 3872 887 3912 manere
929 3861 1166 3925 perpetuo
1196 3849 1290 3922 (c).
1335 3847 1656 3916 Prteceptum
1684 3847 1938 3915 posuit,et

354 3971 455 4008 non
485 3948 774 4024 prseteribit.
805 3946 1060 4012 Qumnatn
1087 3954 1260 4040 causa.
1289 3946 1396 4040 est,
1419 3935 1710 4040 quodcum
1737 3933 1806 4040 de
1833 3949 1937 4040 cte-

356 4044 580 4102 lestibus
624 4039 974 4112 potestatibus
1017 4048 1182 4105 pauca
1229 4030 1456 4131 diu-erit,
1499 4027 1652 4131 illine
1689 4027 1939 4131 celeriter

355 4135 606 4192 resilierit
632 4151 645 4186 :
669 4141 722 4187 et
748 4145 870 4186 cum
901 4127 968 4182 ad
997 4143 1058 4182 ea
1083 4139 1203 4195 quae
1247 4121 1495 4176 videntur
1518 4119 1813 4223 orationem
1841 4118 1937 4223 de-

356 4227 586 4291 duxerit,
629 4225 698 4280 de
731 4222 836 4278 illis
876 4218 1132 4292 prolixius
1178 4214 1414 4278 disserit,
1444 4212 1622 4267 omnia
1667 4211 1936 4313 sigillatitn

356 4331 703 4390 persequens,
751 4329 871 4385 qua:
914 4309 1134 4406 inferius
1181 4313 1436 4406 suumn-et
1480 4319 1599 4406 qua:
1635 4303 1940 4406 superi-us?

355 4409 615 4478 Quoniam
640 4422 701 4462 ea
747 4412 901 4461 erant
941 4398 1306 4457 manifestiora
1336 4397 1402 4451 iis
1423 4395 1515 4496 qui
1545 4395 1940 4496 audiebant,_ttt

354 4516 475 4570 qua:
517 4497 848 4560 videbantur,
879 4503 930 4548 et
974 4491 1146 4563 posita
1189 4485 1456 4588 erant-ob
1492 4485 1692 4588 oculos.
1725 4483 1793 4539 Et
1821 4485 1940 4540 ideo

356 4593 530 4648 Moses
555 4603 764 4661 quoque
789 4587 855 4641 de
881 4583 1092 4655 opiﬁcio
1127 4590 1180 4637 et
1205 4578 1476 4636 creatione
1514 4576 1937 4680 incipietts,.cum

354 4685 424 4740 de
449 4682 695 4752 supernis
723 4679 850 4733 nihil
883 4692 979 4732 nec
1017 4688 1262 4744 magnum
1293 4687 1390 4726 nec
1431 4685 1652 4740 parvum
1693 4668 1936 4733 dixisset,

357 4791 386 4826 a
417 4775 547 4827 cazlo
568 4781 622 4826 et
649 4782 786 4826 terra
811 4769 954 4822 ducit
979 4766 1281 4830 exordium,
1309 4772 1362 4818 et
1387 4778 1485 4833 per
1511 4760 1702 4826 solem,
1721 4761 1937 4826 «lunam,

362 4866 576 4928 herbas,
599 4863 854 4924 natantia,
874 4871 924 4914 et
944 4857 1314 4930 quadrupedes
1335 4854 1617 4921 transiens,
1646 4855 1697 4908 in
1723 4852 1940 4908 homine

362 4957 575 5012 desinit.
603 4953 774 5008 (Italos
799 4961 973 5005 autem
1001 4950 1250 5005 ca-lorum
1281 4949 1367 5002 hic
1393 4947 1599 5010 dicens,
1625 4963 1731 5000 non
1758 4955 1940 5048 osten-

362 5051 439 5106 dit
467 5046 875 5110 multitudinem,
915 5044 1008 5097 sed
1051 5041 1190 5096 idem
1233 5041 1390 5094 etiam
1419 5040 1546 5094 dicit
1571 5039 1757 5093 emittm
1797 5038 1936 5092 cmli.

362 5143 711 5200 llebrzeorum
753 5137 894 5192 enim
939 5135 1114 5203 lingua
1141 5133 1332 5188 caelum
1370 5133 1646 5188 consuevit
1685 5131 1804 5186 caeli
1848 5147 1944 5200 ap-

425 5318 498 5378 (τι)
550 5323 662 5364 Ilzec
713 5309 1052 5381 interpretatio
1094 5315 1171 5356 est
1212 5308 1488 5370 Symmachi.
1534 5308 1943 5399 ltebraicumﬂ

425 5385 500 5399 _..
569 5373 764 5399 :.t....m.l
811 5368 970 5399 Am..er
996 5376 1042 5399 nl
1068 5369 1366 5399 cvmmunlulc
1419 5376 1684 5399 ονονρειιηιι
1745 5382 1804 5399 υ..

360 5368 500 5440 sui}?
516 5421 530 5442 ,
568 5378 613 5426 id
637 5373 766 5438 quod
801 5368 972 5433 Aquila
996 5376 1047 5442 et
1068 5368 1393 5442 Symmachus,
1418 5368 1684 5442 exercitum
1704 5403 1718 5429 ,
1745 5375 1943 5417 vertere

361 5437 1682 5574 μ)1‹ιὶτ;ιίιξὲξὲῐιέξῦιξέοέἀξθξξῗιξξξὲαῗὲαἶὲῗῗιέῗξεξὶῳω
1705 5504 1783 5550 est
1800 5503 1944 5556 721313

367 5565 827 5643 Tﬁjuieronymus
846 5582 1045 5636 quoque
1067 5568 1243 5626 vertit,
1267 5565 1416 5617 stellte
1438 5567 1648 5621 leoninis.

429 5672 504 5737 (ε)
535 5672 649 5733 Quis
669 5669 740 5720 sic
759 5662 1112 5724 interpretatus
1134 5655 1197 5706 sit
1220 5655 1508 5718 ignoramus.

1390 231 1750 296 EXPOSITIO
1789 229 1856 285 IN
1897 227 2221 283 I‘SALML‘M
2260 229 2533 291 CXLVIII.

3525 264 3628 320 tuo

2051 346 2234 416 pellari
2265 348 2340 422 (α)
2371 353 2542 408 :sicut
2582 356 2741 410 etiam
2788 359 2910 416 alibi
2947 364 3074 422 dicit
3107 385 3122 424 :
3155 369 3346 429 Culum
3387 376 3498 432 ειειὶ
3525 379 3628 433 Ilo—

2047 439 2182 493 nu'no
2209 455 2229 493 :
2255 451 2439 496 terram
2462 455 2627 500 autem
2654 448 2795 506 dedit
2814 453 2938 522 [Illis
2955 456 3235 518 hominum.
3265 462 3334 518 Et
3351 481 3499 537 aqua
3517 485 3632 536 qua:

2045 545 2197 600 super
2220 534 2369 588 calas
2388 545 2508 590 sunt
2549 537 2716 607 (Psal.
2751 545 2872 600 ηδ.
2903 549 3010 618 16).
3042 553 3248 610 Audisti
3275 534 3452 616 Mosen
3493 534 3630 634 quo-

2045 636 2152 690 que
2193 622 2492 693 dicentem,
2533 645 2599 686 ex
2643 635 2794 704 aquis
2823 638 3034 708 quidem
3063 659 3184 700 eum
3228 647 3325 705 bas
3350 622 3631 725 reliquisse

2046 711 2312 772 inferius:
2343 717 2461 775 illas
2509 737 2638 778 vero
2679 729 2929 786 statuisse
2978 733 3236 793 suhlimes
3279 755 3442 812 super
3467 711 3631 816 .terga

2045 804 2300 875 caelestia,
2331 825 2452 865 cum
2479 812 2532 867 in
2558 815 2735 871 medio
2759 819 2938 892 abyssi
2969 804 3361 886 ﬁrmamentum
3383 835 3634 891 stabiliis-

2045 906 2148 961 set,
2177 907 2232 954 et
2257 915 2420 972 aquas
2451 919 2668 963 manere
2692 925 2854 980 super
2891 923 3034 987 terga
3075 918 3306 978 sivisset.

2041 999 2045 1004 '
2115 987 2388 1048 Laudandi
2412 999 2548 1052 modi
2565 1002 2693 1055 varii
2707 1019 2727 1068 ;
2754 1001 2916 1060 Deum
2942 1020 2993 1062 ut
3018 1010 3189 1067 laudet
3209 1029 3440 1076 creatura
3462 1021 3629 1076 inani-

2045 1082 2162 1137 mis.
2187 1114 2260 1126 -—
2281 1088 2560 1155 Quomodo
2599 1106 2776 1154 autem
2808 1113 3075 1172 peterunt,
3107 1107 3302 1166 dixerit
3325 1115 3586 1185 quispiam
3615 1161 3632 1185 ,

2045 1192 2108 1232 ea
2137 1178 2374 1248 laudare,
2404 1201 2524 1256 qua:
2552 1204 2726 1261 neque
2754 1209 2940 1251 vocem
2973 1196 3187 1268 habent,
3217 1219 3316 1260 nec
3355 1207 3586 1279 linguam
3615 1253 3630 1277 ,

2046 1283 2147 1324 nec
2170 1273 2425 1340 animam,
2469 1295 2569 1335 nec
2596 1283 2880 1351 rationem,
2909 1303 3010 1344 nec
3035 1306 3293 1362 organum
3325 1299 3468 1354 vocis
3488 1339 3504 1367 ,
3533 1317 3633 1356 ncc

2044 1367 2320 1444 mentem?
2349 1369 2609 1437 Quoniam
2640 1375 2746 1432 duo
2787 1392 2912 1436 sunt
2953 1384 3095 1440 modi
3136 1387 3405 1456 laudandi,
3436 1393 3633 1464 gloria-

2043 1468 2148 1524 que
2174 1466 2229 1512 et
2267 1457 2469 1518 honore
2505 1463 2768 1524 alliciendi
2800 1489 2815 1527 :
2844 1489 2982 1529 unus
3025 1478 3238 1547 quidem
3283 1497 3380 1552 per
3425 1485 3584 1541 verba
3612 1531 3628 1552 ,

2042 1549 2178 1604 alius
2210 1567 2339 1607 vero
2369 1558 2668 1623 per'visum
2701 1581 2714 1616 :
2747 1563 2828 1620 his
2864 1568 3069 1625 accedit
3112 1573 3272 1628 etiam
3305 1577 3511 1644 tertius,
3539 1581 3629 1650 qni

2044 1651 2127 1695 est
2154 1657 2250 1712 per
2275 1645 2437 1700 vitam
2467 1658 2520 1704 et
2550 1661 2698 1708 recte
2727 1654 2882 1714 facta.
2915 1658 3045 1716 Nam
3077 1664 3381 1722 hominibus
3411 1685 3516 1726 non
3543 1686 3633 1725 so-

2046 1734 2156 1788 lum
2202 1735 2559 1810 loquentibus,
2601 1747 2696 1802 sed
2742 1751 2903 1806 etiam
2947 1757 3262 1824 tacentibus,
3304 1761 3473 1832 gloria
3523 1767 3635 1821 Deo

2044 1827 2266 1885 oﬁ'ertur
2295 1853 2308 1887 :
2339 1837 2786 1904 quemadmodum
2815 1844 3061 1904 Christus
3090 1827 3454 1923 quoque'dicit
3483 1876 3497 1914 :
3527 1860 3634 1916 Lu-

2043 1932 2151 1976 ceat
2177 1923 2268 1978 lux
2312 1937 2475 1982 vestra
2498 1948 2668 1987 coram
2695 1935 3004 2007 hominibus,
3033 1953 3090 1998 ut
3117 1946 3316 2002 videant
3344 1965 3500 2020 opera
3545 1970 3632 2008 ve-

2043 2024 2150 2068 stra
2173 2018 2322 2086 bona,
2351 2031 2400 2076 et
2420 2023 2704 2094 gloriﬁcent
2731 2028 2933 2086 Patrem
2963 2046 3183 2092 vestrum
3211 2042 3300 2109 qui
3321 2018 3394 2097 est
3416 2045 3467 2098 in
3495 2051 3633 2103 car/is

2044 2104 2267 2173 (Matth.
2319 2111 2366 2166 5.
2401 2113 2487 2186 ιδ)
2513 2133 2526 2170 ε
2546 2125 2601 2172 et
2625 2134 2828 2188 rursus,
2859 2104 3316 2195 Glori/icantes-me
3337 2135 3634 2206 gloriﬁcabo

2043 2195 2119 2267 (1.
2153 2198 2279 2270 Reg.
2310 2201 2361 2254 2.
2395 2204 2507 2275 30).
2553 2207 2652 2263 Est
2674 2212 2833 2266 etiam
2863 2231 2982 2285 qua:
3009 2217 3066 2272 ﬁt
3092 2235 3186 2288 per
3205 2195 3439 2294 linguam
3469 2195 3635 2298 glori-

2044 2287 2238 2355 ﬁcatio,
2269 2295 2407 2349 sicut
2433 2297 2594 2353 etiam
2623 2299 2800 2357 Moses
2826 2287 3141 2375 gloriﬁcavit
3169 2287 3310 2368 cum.
3335 2287 3519 2387 Maria,
3551 2321 3635 2376 di-

2041 2397 2170 2440 cens
2199 2402 2211 2438 :
2237 2385 2507 2445 Cantemus
2526 2391 2747 2450 Domino
2775 2413 2796 2450 :
2823 2398 3041 2470 gloriose
3064 2405 3195 2459 enim
3219 2409 3532 2480 gloriﬁcatus
3558 2425 3633 2470 est

2047 2471 2240 2545 (Exod.
2271 2479 2357 2534 15.
2383 2479 2459 2551 1).
2485 2482 2578 2538 Est
2600 2487 2759 2543 etiam
2781 2504 2900 2564 quae
2921 2492 2978 2547 tit
2999 2511 3092 2564 per
3113 2471 3280 2567 ipsam
3301 2471 3628 2572 creaturam,

2043 2576 2100 2620 ut
2138 2567 2225 2623 hic
2265 2570 2380 2639 ipse
2421 2573 2592 2630 dicit:
2620 2576 2744 2633 Caeli
2784 2595 3024 2640 enarrant
3051 2588 3266 2659 gloriam
3304 2592 3402 2648 Dei
3428 2612 3448 2650 :
3475 2567 3630 2667 Opera

2041 2674 2282 2714 manuum
2321 2663 2431 2731 ejus
2472 2671 2739 2724 annuntiat
2781 2673 3152 2740 ﬁrmamentum
3184 2681 3208 2752 (
3226 2681 3371 2738 Psal.
3406 2663 3551 2743 i8.vl
3584 2693 3626 2760 ).

2043 2749 2116 2804 Ita
2147 2751 2231 2807 hic
2259 2753 2419 2810 etiam
2445 2757 2624 2814 laudat
2646 2776 2768 2817 eum
2796 2777 3063 2834 creatura,
3091 2749 3506 2846 pulchritudine,
3537 2797 3631 2850 po-

2043 2843 2258 2912 sitione,
2293 2851 2678 2922 magnitudine,
2707 2865 2916 2927 natura,
2946 2877 3066 2930 usu,
3100 2867 3416 2938 ministerio,
3449 2889 3630 2943 persc-

2045 2939 2305 3006 verantia,
2355 2942 2581 3001 utilitate
2623 2963 2743 3016 quze
2781 2965 2849 3006 ex
2891 2968 2955 3009 ea
3004 2958 3376 3025 proﬁciscitur.
3407 2939 3630 3032 Quando

2042 3043 2169 3100 ergo
2191 3029 2339 3100 dicit,
2373 3033 2606 3092 Laudate
2638 3039 2940 3109 Dominum,
2971 3048 3164 3117 angeli,
3193 3029 3580 3122 virtutes,ca'ii
3609 3102 3626 3126 ,

2040 3121 2186 3190 luna,
2207 3125 2306 3192 sol,
2327 3128 2520 3197 stelltc,
2536 3145 2673 3202 aqua
2691 3150 2811 3205 quae
2835 3146 2916 3192 est
2941 3155 3101 3210 super
3125 3145 3287 3201 cados
3312 3165 3326 3202 :
3354 3147 3456 3204 hac
3475 3151 3625 3218 dicit,

2041 3219 2456 3292 unumquodque
2496 3239 2682 3281 eorum
2735 3245 2854 3300 qua:
2899 3231 3033 3290 facta
3079 3247 3204 3294 sunt
3247 3239 3462 3312 dignum
3508 3263 3629 3302 esse

2043 3308 2299 3378 sapientia
2329 3311 2565 3383 Opiﬁcis,
2595 3326 2649 3374 et
2692 3335 2814 3378 esse
2861 3323 3074 3394 plenum
3107 3345 3297 3404 magno
3323 3335 3584 3392 miraculo
3612 3358 3623 3392 :
3657 3345 3672 3358 τ

2041 3402 2192 3471 quod
2225 3403 2439 3473 quidem
2470 3407 2646 3466 Moses
2685 3411 2932 3486 breviter,
2958 3417 3091 3475 dixit
3131 3421 3182 3476 in
3205 3402 3485 3497 principio
3513 3446 3527 3482 :
3560 3428 3630 3484 Et

2041 3491 2165 3545 vidit
2193 3491 2328 3549 Deus
2355 3512 2676 3573 quaecumque
2697 3503 2835 3574 fecit,
2863 3517 2911 3561 et
2931 3525 3042 3566 ecce
3063 3514 3208 3569 valde
3228 3491 3362 3572 bona
3387 3491 3543 3590 (Cen.
3578 3525 3626 3578 l.

2041 3584 2132 3656 51)
2158 3602 2173 3640 :
2203 3586 2339 3644 adeo
2369 3589 2526 3658 bona,
2560 3604 2618 3649 ut
2640 3609 2762 3651 eum
2784 3599 2874 3669 qui
2915 3601 3037 3658 fecit
3062 3605 3230 3675 gloria
3258 3584 3551 3678 aﬂicercnt,
3574 3626 3632 3670 et

2040 3687 2397 3747 spectatorem
2445 3682 2704 3744 ducerent
2747 3691 2813 3746 ad
2859 3709 2980 3751 eum
3027 3697 3346 3758 laudandum
3379 3705 3470 3776 qui
3516 3720 3629 3762 erat

2040 3769 2346 3829 fabricatus.

2113 3863 2168 3917 2.
2203 3864 2351 3922 lianc
2374 3884 2504 3938 ergo
2545 3871 2674 3928 dicit
2700 3875 2934 3944 laudem,
2966 3881 3413 3950 pulchritudinem
3441 3905 3627 3946 eorum

2041 3970 2158 4024 quae
2181 3955 2316 4011 facta
2333 3970 2475 4026 sunt,
2501 3977 2618 4030 qua:
2638 3966 2710 4029 ei,
2733 3968 2819 4034 qui
2846 3968 2932 4022 illa
2953 3969 3097 4039 fecit,
3127 3974 3308 4032 laudes
3327 3991 3383 4034 et
3400 3981 3628 4052 hymnos

2041 4058 2333 4114 comparat.
2379 4049 2532 4114 Quod
2578 4053 2770 4109 Paulus
2808 4073 3018 4129 quoque
3061 4065 3342 4134 signiﬁcat,
3392 4049 3626 4130 dicens:

2043 4134 2329 4192 Invisibilia
2372 4141 2503 4194 enim
2531 4145 2641 4211 eius
2667 4163 2699 4198 a
2725 4150 2978 4204 creatione
3017 4157 3192 4210 mundi
3216 4161 3446 4229 operibus
3477 4165 3628 4220 intel-

2043 4227 2172 4281 lecta
2197 4231 2593 4300 conspiciuntur,
2626 4246 2672 4289 et
2699 4249 2889 4292 interna
2927 4242 3038 4312 ejus
3074 4227 3295 4314 potentia
3323 4261 3369 4304 et
3395 4252 3630 4316 divinitas

2044 4319 2221 4390 (Rom.
2265 4324 2318 4377 1.
2348 4323 2465 4397 20).
2494 4326 2795 4394 Quinetiam
2843 4331 2930 4388 hic
2957 4350 3168 4408 quoque
3198 4323 3476 4412 propheta,
3504 4361 3626 4401 cum

2042 4413 2273 4470 dixisset
2296 4427 2588 4485 creaturas,
2622 4430 2676 4476 et
2702 4437 2767 4477 ex
2793 4438 2978 4481 eorum
3002 4442 3120 4498 quze
3147 4430 3390 4490 videntur
3410 4447 3629 4506 aspectu

2047 4509 2254 4565 illorum
2276 4511 2725 4583 pulchritudinem
2745 4519 3046 4588 reliquisset
3071 4522 3400 4594 discendam,
3428 4532 3630 4599 magni-

2047 4603 2392 4676 tudinemque
2419 4615 2472 4662 et
2501 4623 2685 4663 eorum
2720 4611 2999 4668 utilitatem
3025 4655 3039 4678 ,
3070 4617 3184 4685 ipse
3229 4618 3384 4672 aliam
3416 4621 3632 4680 adducit

2045 4708 2258 4750 causam
2290 4696 2475 4754 dicens
2507 4715 2519 4751 :
2553 4697 2674 4770 Ipse
2702 4701 2862 4766 dixit,
2895 4713 2942 4758 et
2983 4708 3118 4770 facta
3159 4719 3316 4763 sunt:
3341 4711 3448 4782 ipse
3482 4730 3634 4769 man-

2045 4785 2201 4850 davit,
2230 4797 2276 4840 et
2301 4797 2470 4842 creata
2497 4801 2634 4843 sunt.
2679 4791 2871 4846 Statuit
2898 4811 2959 4847 ea
2982 4795 3036 4849 in
3077 4798 3316 4853 socculum
3337 4842 3351 4865 ,
3379 4812 3426 4855 et
3456 4804 3508 4857 in
3535 4821 3631 4860 sa:-

2045 4875 2215 4931 culum
2239 4881 2430 4933 siccati.
2461 4879 2781 4952 Praeceptum
2807 4886 2992 4956 posuit,
3026 4897 3074 4942 et
3101 4906 3202 4945 non
3231 4895 3521 4962 praeteribit.

2117 4967 2344 5024 Mundus
2387 4980 2433 5024 et
2463 4973 2694 5040 opiﬁcem
2722 4974 2889 5042 habet,
2927 4986 2973 5031 et
3000 4990 3196 5035 creatus
3236 4993 3348 5048 est;
3388 4985 3634 5041 stabilitas

2045 5060 2242 5120 mundi,
2271 5069 2319 5114 et
2355 5062 2666 5131 aequabilitas
2700 5066 3058 5124 vicissitudinis
3105 5083 3425 5141 temporum;
3455 5087 3634 5130 contra

2050 5148 2471 5205 Manichams.—
2499 5152 2650 5219 Quod
2697 5155 2876 5226 itaque
2919 5159 3027 5212 sint
3065 5161 3278 5228 quidem
3324 5164 3542 5232 pulchra
3573 5178 3628 5223 et

2046 5240 2396 5309 admirabilia,
2430 5244 2510 5298 vel
2541 5243 2656 5314 ipse
2683 5248 2828 5302 visus
2875 5248 3072 5304 indicat
3100 5267 3114 5303 :
3146 5250 3286 5320 quod
3315 5263 3490 5308 autem
3535 5256 3628 5311 lia--

2047 5332 2206 5386 beant
2229 5333 2497 5402 opiﬁcem,
2529 5345 2583 5391 et
2604 5351 2701 5392 nec
2729 5352 2854 5393 casu
2881 5339 3006 5406 sint,
3041 5355 3139 5395 nec
3168 5339 3421 5410 increata,
3457 5357 3628 5414 potest

2047 5425 2262 5494 quidem
2291 5426 2370 5481 vel
2400 5441 2463 5482 es
2492 5427 2602 5497 ipsa
2646 5427 3087 5499 interpretatione
3114 5433 3364 5504 perspici.
3411 5437 3472 5493 Si
3509 5441 3629 5509 quis

2109 5581 2186 5646 (a)
2221 5582 2400 5635 Caelum
2421 5584 2657 5636 ttebraice
2681 5590 2777 5647 est,
2803 5587 2974 5640 manu
2992 5625 3007 5655 ,
3042 5583 3179 5650 cali,
3205 5585 3626 5652 pluralitermina-

2043 5656 2200 5708 tione.
