4076 6222
596 210 705 264 ἆ87

1338 210 1396 267 S.
1436 211 1714 269 JOANNIS
1749 212 2229 270 CllllYSOSTOMI
2271 217 2586 279 ARCHIEP.
2627 229 3163 297 CONSTANTINOP.

593 331 773 377 autem
800 321 1026 388 dubitet,
1056 335 1086 376 a
1113 336 1200 378 me
1237 320 1407 378 discat
1447 323 1644 380 habere
1672 325 1761 380 illa
1800 336 2098 383 creatorem
2123 337 2180 384 et
2289 333 2485 403 faciunt
2530 340 2730 396 verbum
2775 347 2906 416 ejus.
2951 350 3034 404 Ali

591 414 863 522 opiﬁcem,
891 425 944 518 et
967 415 1191 522 quiillis
1234 414 1497 522 providet,
1529 432 1828 520 earumque
1875 434 2057 522 curam
2083 435 2179 522 ge:
2287 423 2490 482 Montes
2515 439 2564 485 et
2587 448 2758 490 omnes
2776 414 2948 507 colles,
2972 414 3116 512 ligna
3131 449 3429 519 fructifera,
3451 414 3514 507 2;

589 514 678 560 rit.
713 505 830 559 Duo
851 505 992 562 enim
1024 504 1111 562 hic
1133 506 1301 576 ponit,
1327 507 1409 562 vel
1437 508 1612 578 potius
1638 507 1760 576 tria,
1787 518 1948 581 atque
1969 510 2104 566 adeo
2125 512 2169 566 si

2285 515 2376 571 10.
2404 517 2592 589 bestite,
2639 533 2690 579 et
2731 528 2963 585 uniuersa
3005 550 3190 602 pecora
3207 577 3223 601 ,
3249 515 3539 611 serpentes,

559 596 714 702 quis.
739 603 884 696 recte
913 597 1231 698 perpendat,
1278 598 1437 654 etiam
1479 608 1754 702 quatuor:
1785 600 1928 702 quod
1957 601 2007 657 id
2022 603 2174 702 quod
2281 621 2544 676 pennata.
2575 614 2813 682 Quanam
2863 596 3017 692 ergo-
3035 624 3106 681 de
3146 596 3307 684 causa
3336 596 3552 690 'tracta't

553 688 564 730 ἰ
581 691 666 803 Est
693 683 899 766 fecerit,
925 693 1069 758 et‘ex
1090 687 1160 803 iis
1204 702 1323 757 qua:
1352 702 1458 742 non
1500 697 1656 803 eraAnt
1702 688 1904 757 fecerit,
1936 701 1990 803 il
2017 691 2173 803 facijlc
2281 701 2618 760 orationem?
2647 706 2726 762 Ex
2754 683 3075 772 redundanti
3095 683 3574 790 copiaestendens

605 774 765 803 Λιιηαηξι
839 784 889 803 Α.
917 790 942 803 ιι
989 791 1046 803 ιυ-
1113 785 1224 803 ιιι..-
1275 787 1419 803 μιν.-.
1451 787 1497 803 Α·
1546 793 1572 803 ι.
1617 779 1876 803 ,αδηερε-,Α
1985 781 2096 803 2--..
2143 796 2168 803 -
2303 787 2317 803 I
2401 791 2433 803 Α.
2565 794 2616 803 ι..
2713 797 2727 803 -

580 773 769 877 fecerit
789 763 946 892 ,n'eta
988 791 1048 831 se
1089 774 1226 892 facta
1275 787 1422 892 regit
1448 787 1503 833 et
1546 779 1897 882 administret.
1938 780 2173 892 Dicenda
2283 787 2619 851 dentiam.Si
2641 763 3682 884 enimquieﬁviden‘tutr'es‘sziinuﬁli;ft:

579 864 747 928 enim,
788 861 954 932 Dixit,
1003 866 1234 922 ostendit
1275 867 1585 923 facilitatem
1614 885 1631 928 ς
1659 875 1719 924 ut
1762 870 1922 926 etiam
1968 871 2164 928 Paulus

577 953 902 1024 signiﬁcans,
942 955 1154 1011 dicebat
1185 975 1198 1011 :
1235 956 1336 1022 Qui
1380 959 1598 1028 uiviﬁeat
1629 969 1889 1029 mortuos,
1935 970 1984 1016 et
2021 972 2167 1018 uocat

573 1060 685 1113 quat
721 1061 821 1100 non
848 1054 982 1110 sunt,
1011 1055 1266 1118 tamquam
1295 1065 1410 1120 qute
1444 1059 1564 1104 sunt
1604 1050 1784 1122 (Rom.
1821 1052 1878 1108 4.
1907 1052 2002 1124 17)
2025 1071 2040 1108 :
2067 1069 2168 1110 no-

573 1139 717 1192 mine
781 1138 1078 1195 vocationis
1135 1141 1290 1194 nobis
1345 1140 1654 1198 facilitatem
1697 1142 1959 1200 indicans.
2006 1145 2162 1212 Quod

569 1235 746 1280 autem
776 1241 896 1298 quae
939 1225 1074 1284 facta
1117 1239 1240 1284 sunt
1266 1241 1416 1301 regat
1455 1241 1511 1286 et
1538 1231 1830 1298 contineat,
1881 1233 1998 1303 ipse
2025 1249 2157 1305 pro-

569 1313 723 1383 pheta
775 1330 964 1372 rursus
1006 1318 1275 1386 ostendit,
1325 1319 1651 1392 sultjungens
1691 1339 1706 1377 :
1752 1323 1945 1378 Statuit
1997 1341 2060 1380 ea
2105 1325 2160 1381 in

565 1415 806 1461 tctcrnum
831 1416 882 1462 et
909 1409 962 1463 in
999 1411 1242 1465 saeculum
1277 1413 1473 1466 seculi.
1525 1411 1844 1484 Prteceptum
1885 1415 2080 1486 posuit,
2108 1426 2159 1472 et

565 1511 672 1551 non
721 1500 1017 1568 prmeribit.
1073 1501 1208 1557 Vide
1248 1502 1515 1572 quomodo
1568 1501 1655 1559 hic
1712 1520 1922 1576 quoque
1970 1520 2156 1564 rursus

565 1588 857 1645 ostenderit
924 1600 1284 1662 potestatem,
1339 1594 1742 1662 auctoritatem,
1811 1610 1920 1652 non
1979 1597 2153 1654 solum

563 1677 705 1749 quod
750 1681 1017 1748 statuerit,
1062 1681 1158 1737 sed
1185 1683 1346 1738 etiam
1395 1683 1536 1754 quod
1576 1685 1891 1757 Prwceptum
1918 1685 2150 1757 dixerit,

563 1768 811 1825 humanis
836 1771 1156 1827 dictionibus
1176 1774 1295 1843 ejus
1322 1776 1684 1844 operationem
1711 1776 1971 1834 indicans.
2001 1777 2150 1835 Sicut

501 1887 509 1897 -
562 1860 704 1914 enim
733 1861 826 1916 tibi
865 1861 1044 1917 dicere
1068 1871 1124 1918 et
1165 1865 1455 1935 praecipere
1482 1875 1565 1921 est
1594 1867 1748 1923 facile
1779 1867 1899 1924 :ita
1927 1869 2038 1925 Deo
2068 1870 2146 1925 fa~

561 1966 684 2008 cere
723 1968 842 2023 quas
889 1970 995 2010 non
1041 1965 1185 2024 sunt,
1213 1972 1400 2028 regere
1443 1967 1500 2014 et
1538 1961 1853 2017 continere:
1886 1963 1995 2020 imo
2020 1979 2148 2022 vero

560 2057 666 2098 non
718 2047 790 2099 ita
837 2043 1017 2112 habet,
1042 2047 1138 2102 sed
1185 2057 1269 2104 est
1316 2048 1474 2121 longe
1521 2048 1748 2108 facilius.
1790 2052 1975 2125 Neque
2001 2056 2143 2111 enim

559 2137 736 2193 verbis
758 2146 936 2210 potest
959 2140 1212 2210 explicari
1249 2156 1454 2198 summa
1478 2141 1704 2199 facilitas
1731 2159 1850 2199 cum
1877 2161 1981 2217 qua
2022 2145 2146 2202 fecit

553 2230 752 2286 omnia.
784 2230 968 2303 Neque
996 2248 1123 2289 vero
1151 2242 1233 2290 est
1281 2235 1452 2290 solum
1493 2235 1806 2293 admirabile
1835 2238 1979 2309 quod
2009 2239 2145 2310 regit

553 2331 610 2378 et
651 2323 906 2389 continet,
956 2338 1057 2381 nec
1097 2325 1238 2396 quod
1283 2327 1494 2382 termini
1538 2337 1742 2383 naturae
1782 2337 1926 2383 stant
1968 2327 2063 2384 ﬁxi
2087 2339 2142 2386 et

553 2413 873 2482 immobiles,
901 2417 998 2472 sed
1017 2417 1159 2488 quod
1181 2427 1418 2490 tempore
1440 2418 1576 2476 adeo
1599 2419 1823 2476 inﬁnito.
1849 2420 2140 2479 Considera

549 2520 804 2582 quantum
845 2521 928 2570 est
971 2515 1068 2569 aevi
1098 2515 1354 2585 spatium,
1384 2524 1650 2572 eteorum
1677 2532 1798 2588 quae
1841 2525 1968 2572 sunt
2009 2517 2137 2574 nihil

547 2614 633 2662 est
659 2605 878 2662 omnino
906 2606 1184 2664 confusum
1215 2626 1229 2664 :
1256 2624 1362 2664 non
1403 2624 1550 2665 mare
1579 2619 1774 2665 terram
1818 2609 2134 2680 inundavit,

549 2713 654 2754 non
684 2697 852 2756 solea
878 2715 997 2772 quae
1035 2699 1285 2756 videntur
1311 2701 1536 2767 exussit,
1568 2716 1672 2758 non
1701 2702 1889 2757 cazlum
1932 2701 2135 2758 labefa-

545 2799 689 2844 ctum
721 2797 823 2856 est,
857 2805 962 2845 non
1007 2791 1200 2857 noctis,
1233 2807 1333 2848 nec
1354 2791 1460 2847 diei
1493 2792 1703 2847 termini
1729 2793 1936 2848 confusi
1965 2802 2090 2848 sunt
2111 2833 2129 2862 ,

544 2896 650 2936 non
677 2891 972 2952 temporum
1000 2882 1400 2950 conversiones,
1429 2897 1530 2938 nec
1567 2882 1766 2954 aliquid
1808 2883 1952 2938 aliud
1979 2883 2124 2953 ejus-

545 2970 723 3036 modi;
753 2970 847 3027 sed
869 2973 1282 3045 unumquodque
1326 2988 1509 3030 eorum
1535 2988 1653 3044 quas
1675 2981 1878 3028 suntet
1899 2987 2132 3044 superne

545 3070 602 3116 et
629 3059 835 3118 inferne
862 3063 1028 3131 stetit,
1056 3063 1460 3135 diligentissime
1483 3063 1760 3133 impositos
1787 3063 1889 3118 sibi
1927 3063 1996 3118 ab
2023 3064 2128 3118 ini-

542 3156 616 3211 tio
641 3155 773 3210 ﬁnes
797 3154 864 3211 ad
894 3171 1123 3226 unguem
1151 3169 1390 3211 servans.
1423 3155 1708 3226 Postquam
1737 3169 1867 3224 ergo
1903 3154 2037 3210 dixit
2059 3157 2128 3212 de

538 3247 787 3318 supernis
809 3247 1088 3313 creaturis,
1110 3255 1166 3304 et
1185 3245 1252 3302 de
1272 3246 1336 3300 iis
1355 3261 1476 3317 quae
1502 3257 1625 3301 sunt
1645 3247 1698 3300 in
1719 3245 1872 3312 caelo,
1901 3245 2128 3301 descen-

538 3337 616 3394 dit
641 3339 692 3393 in
722 3347 939 3394 terram.
961 3335 1115 3406 Quod
1142 3344 1318 3391 autem
1344 3335 1466 3390 fecit
1488 3336 1543 3390 in
1567 3335 1814 3406 supernis
1839 3336 2120 3403 creaturis,

538 3439 598 3485 ut
642 3428 900 3499 inciperet
929 3427 1144 3500 quidem
1187 3442 1219 3482 a
1242 3426 1729 3496 supercmlestihus,
1775 3427 2124 3483 descenderet

536 3527 713 3574 autem
741 3518 808 3573 ad
833 3517 1085 3585 cmlestia,
1115 3515 1217 3574 hoc
1257 3517 1416 3571 etiam
1443 3515 1531 3572 hic
1559 3516 1716 3582 facit,
1745 3533 1776 3572 a
1819 3516 2123 3572 coelestibus

537 3609 604 3666 sd
632 3611 828 3664 terram
872 3606 1198 3662 transiliens.
1243 3605 1503 3674 Quoniam
1534 3607 1675 3661 enim
1719 3615 1844 3661 sunt
1885 3607 2120 3662 nonnulli

535 3701 626 3772 qui
668 3699 851 3756 dicunt
889 3714 953 3756 ea
1000 3699 1213 3771 quidem
1254 3715 1372 3770 qua:
1398 3709 1522 3777 sunt
1551 3699 1605 3754 in
1647 3699 1790 3755 caelis
1816 3713 1936 3755 esse
1962 3697 2120 3770 digna

539 3793 632 3848 Dei
656 3790 868 3862 opillcio
897 3808 913 3846 :
941 3805 1062 3862 qua:
1081 3799 1206 3846 sunt
1221 3798 1396 3846 autem
1416 3791 1471 3846 in
1493 3792 1672 3856 terris,
1698 3788 2116 3862 reprehendunt,

534 3883 785 3956 quoniam
831 3881 902 3938 ibi
930 3890 1057 3938 sunt
1083 3881 1302 3954 scorpii,
1332 3882 1536 3950 leones,
1583 3884 1798 3956 viperae,
1830 3883 2114 3953 dracones,

533 3984 588 4032 et
616 3974 819 4046 reliqua
846 3972 1139 4030 belluarum
1181 3989 1398 4045 genera,
1425 3983 1481 4031 et
1515 3974 1737 4033 arbores
1765 3974 2108 4046 infrugiferat,

531 4065 612 4122 eis
639 4065 801 4122 veluti
830 4064 1180 4136 respondens,
1207 4065 1314 4122 alia
1355 4081 1539 4122 rursus
1577 4067 1784 4124 ratione
1819 4067 2112 4124 orationem

527 4157 853 4232 aggreditur.
882 4158 1014 4215 Vide
1038 4167 1214 4214 autem
1243 4157 1368 4230 quid
1395 4158 1520 4214 facit
1547 4175 1562 4213 :
1590 4159 1743 4215 bonis
1769 4175 1892 4232 qua:
1915 4168 2040 4218 sunt
2061 4160 2112 4216 in

527 4253 777 4310 confesso
802 4251 1204 4324 praetermissis,
1231 4250 1439 4318 ovibus,
1467 4251 1657 4317 bobus,
1701 4267 1928 4322 quorum
1957 4267 2110 4308 usum

531 4344 768 4401 ostendit
807 4343 920 4414 ipsa
969 4343 1319 4413 experientia,
1368 4341 1556 4407 asinis,
1602 4343 1842 4408 camelis,
1882 4351 1939 4399 et
1965 4357 2111 4414 qutu-

527 4451 758 4508 cumque
785 4443 906 4506 apta
951 4442 1077 4489 sunt
1121 4432 1278 4489 nobis
1315 4431 1383 4487 ad
1428 4446 1592 4488 onera
1638 4431 1878 4489 vehenda
1910 4435 2005 4489 :in
2046 4433 2110 4489 iis

527 4543 646 4598 quas
670 4527 919 4583 videntur
958 4539 1080 4581 esse
1109 4524 1336 4589 inutilia,
1363 4531 1544 4579 versat
1567 4522 1884 4592 orationem,
1913 4523 2106 4580 draco-

528 4632 624 4672 nes
653 4617 708 4672 in
733 4617 966 4672 medium
1010 4615 1302 4683 adducens,
1343 4621 1548 4686 partem
1587 4614 1752 4670 maris
1785 4615 2108 4687 innavigabi-

525 4708 656 4772 lem,
681 4717 736 4764 et
774 4723 893 4778 quae
926 4707 1174 4763 videntur
1208 4705 1400 4764 afferre
1444 4705 1764 4774 molestiam,
1809 4717 1868 4763 ut
1890 4707 2062 4778 ignem
2087 4751 2103 4776 ,

525 4795 862 4869 grandinem,
891 4797 1089 4859 nivem,
1118 4796 1376 4868 glaciem;
1407 4795 1600 4853 deinde
1637 4796 1860 4854 arbores
1883 4797 2104 4869 infrugi-

531 4890 698 4956 feras,
729 4896 941 4943 montes
971 4904 986 4940 :
1013 4887 1205 4944 deinde
1247 4901 1432 4943 rursus
1457 4887 1576 4944 latis
1603 4889 1804 4960 campis
1828 4888 2028 4944 relictis
2052 4897 2108 4945 et

523 4981 664 5052 aptis
707 4977 774 5034 ad
801 4976 1194 5050 agriculturam,
1237 4986 1395 5050 atque
1435 4977 1504 5033 ad
1547 4977 1750 5034 utilium
1794 4979 2107 5051 miliumque

525 5072 793 5128 fructuum
837 5079 1188 5142 proventum,
1221 5068 1412 5126 transit
1455 5069 1522 5126 ad
1567 5078 1802 5138 montes,
1832 5071 2018 5134 colles,
2052 5080 2108 5126 et

523 5165 640 5220 loca
669 5165 903 5230 deserta,
934 5171 988 5219 et
1017 5171 1322 5234 serpentum
1349 5163 1609 5219 meminit.
1645 5161 1712 5220 Ut
1738 5161 1853 5220 bzec
1875 5163 2107 5220 sciamus

523 5258 778 5328 apertius,
809 5258 923 5328 ipsa
948 5256 1108 5312 verba
1131 5255 1428 5312 audiamus.
1456 5255 1746 5338 Postquam
1773 5255 1924 5322 dixit,
1955 5255 2103 5311 Prte-

524 5359 727 5421 ceptum
770 5350 957 5420 posuit,
985 5358 1033 5405 et
1065 5366 1168 5404 non
1206 5349 1500 5422 praeteribit,
1544 5348 1853 5419 subjunxit:
1881 5349 1933 5404 7.
1963 5347 2106 5404 Lau-

523 5441 649 5494 date
683 5439 956 5496 Dominum
983 5443 1047 5497 de
1071 5453 1226 5510 terra,
1254 5443 1498 5498 dracones
1535 5452 1584 5498 et
1615 5458 1787 5498 omnes
1813 5443 1983 5516 abyssi
2006 5454 2026 5498 ξ
2049 5445 2102 5501 8.

521 5531 679 5602 ignis,
704 5535 918 5603 grando,
962 5535 1070 5603 nix,
1117 5537 1326 5606 glacies,
1375 5537 1584 5608 spiritus
1607 5535 1960 5607 procellarum,
1996 5552 2108 5608 qua

2221 931 2242 950 _
2281 878 2555 986 hominum
2583 886 2796 986 infesta,
2822 891 2960 950 adeo
2982 908 3109 954 sunt
3131 898 3287 967 bona,
3320 905 3469 962 adeo
3495 878 3659 975 u'tilia,

2271 987 2488 1076 quoque
2506 976 2716 1036 laudem
2747 983 2861 1040 Deo
2879 985 3127 1057 offerant,
3151 1001 3206 1047 et
3223 1007 3349 1050 eum
3369 996 3549 1067 gloria
3574 976 3837 1076 honoreque

2269 1061 2507 1164 smeiant
2557 1081 2780 1142 propter
2823 1089 2979 1133 suum
3025 1082 3294 1151 opiﬁcium
3347 1061 3596 1157 :veogita
3640 1061 3835 1164 ει)υάΙῷ

2277 1157 2451 1250 qualia
2481 1171 2608 1216 sunt
2650 1165 2774 1220 alia.
2804 1166 2869 1222 Et
2893 1170 2940 1224 si
2991 1171 3232 1242 videtur,
3261 1191 3659 1250 persequamur
3673 1157 3834 1244 unum-

2265 1247 2515 1346 quodque
2543 1266 2730 1310 eorum
2756 1273 2880 1327 qua:
2921 1260 3064 1318 dicta
3102 1275 3246 1321 sunt.
3280 1247 3576 1339 Dracones,
3613 1274 3832 1346 inquinet

2263 1354 2436 1396 omnes
2465 1341 2654 1416 abyssi.
2704 1347 2973 1408 Dracones
3019 1353 3106 1411 hic
3152 1357 3282 1413 dicit
3318 1371 3450 1417 cete
3483 1379 3500 1416 :
3528 1341 3828 1425 sicut-etiam

2254 1429 2407 1522 alibi,
2438 1434 2652 1502 quando
2677 1437 2826 1507 dicit,
2854 1440 3024 1498 Draco
3051 1445 3152 1512 hic,
3199 1465 3350 1517 quem
3381 1453 3620 1522 formasti
3656 1457 3717 1510 ad
3736 1460 3828 1511 illu-

2256 1521 2481 1578 alendum
2507 1527 2554 1580 ei
2576 1526 2748 1600 (Psal.
2771 1531 2895 1589 tos.
2921 1533 3036 1608 so).
3057 1537 3235 1595 Multis
3257 1521 3446 1598 autem
3467 1545 3521 1599 in
3542 1547 3671 1603 locis
3690 1549 3823 1605 videri

2259 1621 2434 1682 potest
2460 1613 2566 1672 hoc
2587 1619 2784 1676 animal
2813 1622 2885 1678 ita
2911 1627 3114 1682 vocari.

2326 1704 2380 1760 3.
2422 1705 2492 1761 Et
2519 1710 2808 1779 quomodo,
2840 1714 3039 1786 inquiet
3065 1719 3351 1790 quispiam,
3386 1723 3574 1781 laudat
3602 1727 3699 1783 hoc
3719 1744 3816 1784 eum

2255 1795 2352 1887 qui
2371 1795 2544 1865 ipsum
2565 1798 2728 1857 fecit?
2752 1803 3031 1872 Quomodo
3049 1821 3226 1866 autem
3245 1829 3356 1869 non
3381 1817 3611 1873 laudat?
3629 1819 3814 1887 Quando

2255 1886 2398 1941 enim
2425 1888 2618 1945 videris
2641 1895 3081 1967 magnitudinem,
3105 1905 3351 1973 corporis
3377 1886 3813 1976 compositionem,

2251 1991 2410 2068 quam
2436 1981 2769 2049 apertissime
2806 1988 3078 2058 Scriptura
3121 2004 3306 2050 narrat
3346 1997 3406 2052 in
3436 1996 3542 2052 Job
3569 1999 3713 2068 (Job.
3737 2001 3808 2056 ω.

2251 2067 2342 2122 ll.
2377 2069 2524 2142 sqq.)
2555 2089 2570 2126 :
2603 2075 2873 2143 quomodo
2912 2094 3020 2134 non
3047 2081 3406 2142 admiraberis
3434 2067 3716 2158 Opiﬁcem,
3741 2094 3810 2161 qui

2251 2166 2456 2215 tantum
2483 2163 2681 2219 animal
2713 2167 3008 2236 produxit?
3042 2170 3226 2245 Neque
3253 2192 3388 2233 vero
3418 2189 3639 2249 prepter
3669 2182 3806 2237 solam

2247 2251 2700 2342 magnitudinem,
2732 2257 2827 2312 sed
2850 2259 3010 2316 etiam
3038 2264 3179 2333 quod
3209 2280 3336 2335 pars
3365 2271 3536 2325 maris
3563 2271 3804 2342 innaviga-

2245 2338 2399 2432 bilis,
2442 2343 2495 2398 in
2520 2359 2628 2414 quo
2651 2357 2869 2418 ageret,
2899 2353 2948 2406 ei
2979 2353 3238 2413 attributa
3263 2359 3355 2416 sit.
3392 2361 3488 2415 Est
3517 2373 3685 2417 autem
3703 2338 3802 2432 jure

2245 2430 2548 2488 mirandum
2573 2437 2713 2506 quod
2740 2441 2982 2510 proprios
3017 2443 3218 2502 limites
3245 2463 3352 2504 non
3387 2451 3678 2518 transiliat,
3702 2430 3798 2507 cum

2241 2521 2313 2576 sit
2339 2523 2560 2580 efferum
2603 2541 2667 2582 ac
2705 2543 2908 2586 saevum
2949 2535 3181 2602 animal,
3213 2547 3268 2592 et
3312 2539 3477 2611 longe
3505 2543 3794 2606 maximum;

2239 2611 2334 2668 sed
2363 2614 2416 2670 in
2458 2616 2570 2672 suis
2595 2617 2794 2689 degens
2835 2621 2970 2680 locis
3008 2640 3070 2682 se
3097 2627 3368 2685 contineat
3393 2673 3410 2696 ,
3443 2640 3500 2687 et
3527 2647 3628 2688 non
3654 2633 3796 2686 solum

2236 2704 2292 2760 in
2324 2714 2516 2763 terram
2544 2727 2649 2766 non
2677 2713 3010 2790 egrediatur,
3046 2733 3218 2789 neque
3258 2720 3313 2776 in
3343 2722 3527 2779 locum
3568 2723 3794 2778 habitabi-

2235 2797 2362 2867 lem,
2393 2801 2488 2858 sed
2515 2817 2583 2859 ne
2609 2802 2662 2858 in
2690 2815 2894 2876 partem
2929 2809 3140 2879 quidem
3171 2815 3335 2870 maris
3361 2831 3489 2886 qua:
3516 2824 3632 2886 apta
3661 2818 3720 2871 sit
3739 2815 3789 2868 ad

2235 2891 2621 2962 navigationem
2649 2913 2665 2950 :
2698 2905 2802 2954 non
2837 2910 3112 2956 consumat
3139 2903 3157 2935 ⁸
3200 2919 3398 2974 genera
3444 2908 3660 2978 piscium
3681 2947 3694 2972 ,
3716 2905 3792 2960 sed

2234 2981 2376 3038 intra
2417 2999 2568 3040 suam
2611 2986 2882 3058 regionem
2911 2991 3072 3047 vitam
3109 2992 3284 3066 degat.
3333 2995 3449 3052 Nec
3497 2999 3606 3052 haec
3643 2995 3785 3052 solum

2232 3075 2477 3130 miranda
2506 3085 2664 3146 sunt,
2708 3079 2802 3135 sed
2844 3081 3023 3154 abyssi
3065 3083 3224 3140 etiam
3264 3087 3618 3157 profunditas.
3661 3085 3785 3156 Quod

2229 3173 2405 3222 autem
2447 3167 2500 3222 iu
2541 3169 2789 3236 animali,
2821 3170 2924 3226 hoc
2966 3174 3128 3229 etiam
3157 3177 3302 3231 cerni
3347 3189 3530 3248 potest
3571 3180 3621 3232 in
3656 3176 3780 3230 mari.

2228 3254 2362 3311 Nam
2389 3271 2508 3312 cum
2539 3269 2818 3316 ventorum
2858 3260 3068 3318 flatibus
3096 3265 3167 3318 sit
3211 3265 3583 3334 intolerabile,
3612 3277 3660 3322 et
3685 3277 3781 3318 tau-

2234 3354 2340 3401 tam
2371 3347 2564 3404 habeat
2588 3364 2848 3420 aquarum
2891 3354 3100 3423 cOpiam
3121 3394 3138 3422 ,
3169 3371 3275 3411 non
3319 3359 3560 3430 erumpit
3585 3372 3646 3412 ex
3679 3370 3778 3425 pro-

2228 3437 2362 3506 priis
2381 3439 2643 3506 terminis,
2667 3456 2773 3495 non
2795 3441 3015 3497 inundat
3035 3453 3226 3499 terram
3243 3447 3496 3514 vicinam,
3523 3447 3611 3502 sed
3634 3446 3776 3515 ipsum

2225 3541 2438 3597 quoque
2474 3538 2560 3584 est
2596 3529 2864 3601 alligatum
2891 3533 3113 3588 vinculis
3153 3535 3550 3603 immobilibus,
3582 3537 3689 3590 licet
3721 3531 3775 3584 sit

2225 3618 2420 3688 alioqui
2464 3631 2650 3675 natura
2691 3635 2947 3692 aquarum
2990 3624 3245 3680 insolens.
3287 3625 3421 3681 Cum
3459 3636 3630 3682 autem
3658 3630 3774 3677 tanta

2223 3713 2296 3768 sit
2327 3713 2725 3784 magnitudine,
2767 3723 2822 3770 et
2866 3730 2897 3770 a
2945 3717 3104 3772 tantis
3143 3718 3414 3789 spiritibus
3461 3717 3768 3790 impellatur:

2221 3805 2498 3861 considera
2549 3807 2733 3878 quanti
2771 3808 2843 3864 sit
2882 3809 3159 3879 miraculi,
3199 3825 3298 3866 nec
3340 3827 3443 3882 per
3486 3808 3768 3868 inconditam

2225 3898 2446 3966 molem,
2475 3915 2576 3955 nec
2602 3914 2697 3970 per
2721 3901 3140 3972 magnitudinem
3161 3942 3180 3968 ,
3225 3917 3323 3960 nec
3346 3920 3451 3976 per
3474 3905 3575 3959 vim
3613 3897 3768 3955 intole-

2219 3989 2445 4048 rabilem
2467 4005 2566 4048 suo
2589 3992 2709 4048 loco
2732 3993 3014 4060 excedere,
3039 3994 3133 4049 sed
3157 3995 3208 4049 in
3235 4003 3379 4051 tanta
3402 3990 3766 4066 perturbatione

2217 4083 2462 4140 ordinem
2489 4093 2545 4140 et
2570 4085 2787 4140 modum
2828 4085 3046 4156 pulchre
3073 4101 3308 4144 servare.
3354 4089 3483 4144 Haec
3508 4100 3628 4156 ergo
3651 4077 3763 4152 apud

2219 4181 2274 4230 te
2301 4183 2554 4246 reputans
2583 4176 2785 4246 poteris
2811 4175 2933 4231 hinc
2959 4191 3172 4248 quoque
3203 4179 3313 4234 Deo
3356 4179 3562 4236 laudem
3599 4184 3647 4232 et
3683 4173 3762 4243 hy-

2216 4283 2400 4322 mnum
2424 4275 2626 4334 texere,
2649 4277 2706 4323 et
2722 4267 2840 4338 ejus
2858 4268 3108 4324 admirari
3131 4270 3440 4339 potentiam,
3463 4264 3757 4338 sapientiam,

2218 4360 2488 4424 virtutem,
2522 4366 2860 4430 potestatem.
2894 4358 3028 4415 Sunt
3052 4361 3210 4416 etiam
3231 4361 3528 4418 ineffabiles
3553 4359 3659 4413 alia:
3685 4354 3760 4406 hoc

2214 4464 2334 4505 rum
2363 4450 2618 4516 rationes,
2654 4465 2789 4519 quas
2817 4451 2930 4521 ipse
2954 4451 3100 4506 novit
3123 4451 3212 4522 qui
3242 4452 3389 4508 fecit.
3427 4453 3496 4508 Et
3522 4451 3632 4506 ideo
3652 4443 3758 4501 dixit

2215 4543 2498 4613 quispiam,
2526 4541 2606 4597 Ne
2629 4544 2840 4611 dixeris,
2871 4543 3039 4610 Quare
3057 4544 3153 4598 hoc
3171 4545 3198 4600 2‘
3224 4546 3293 4598 ad
3313 4547 3434 4616 quid
3457 4543 3586 4600 hoc?
3606 4537 3756 4593 Omnis

2209 4636 2349 4690 enim
2386 4634 2455 4689 ad
2491 4651 2642 4689 usum
2664 4635 2825 4706 ipsius
2867 4640 3003 4706 facta
3040 4647 3175 4691 sunt.
3217 4635 3398 4708 Ignis,
3425 4635 3644 4709 grando,
3669 4629 3754 4686 nix.

2213 4728 2398 4800 glacies
2418 4768 2434 4793 ,
2461 4728 2667 4797 spiritus
2697 4729 3054 4799 procellarum,
3083 4744 3201 4800 quae
3237 4730 3434 4800 faciunt
3460 4729 3648 4786 uerbum
3671 4719 3754 4790 ejus

2215 4818 2404 4891 (Eccli.
2425 4818 2518 4874 39.
2539 4817 2630 4890 2).
2658 4817 2855 4890 Adjicit
2882 4817 2970 4874 hic
2995 4835 3206 4891 quoque
3229 4820 3373 4876 aliud
3396 4820 3464 4877 iis
3491 4833 3602 4890 qua:
3638 4811 3755 4867 dicta

2213 4919 2358 4965 sunt.
2392 4908 2504 4969 Hoc
2531 4909 2674 4964 enim
2717 4909 2770 4964 in
2800 4909 2964 4980 priori
2994 4909 3205 4966 Psalmo
3229 4911 3609 4972 admirabatur,
3638 4894 3752 4972 quod

2213 5000 2364 5056 brevi
2390 5009 2662 5057 momento
2688 5000 2943 5072 temporis
2976 5009 3140 5056 totam
3175 5012 3370 5058 terram
3394 4999 3632 5074 pervadat
3663 4991 3752 5054 nisi

2211 5090 2429 5162 glacies,
2453 5089 2597 5161 quod
2620 5099 2949 5157 concrescat,
2973 5089 3115 5162 quod
3141 5101 3392 5159 mutetur,
3421 5090 3557 5163 quod
3581 5089 3626 5142 in
3647 5092 3750 5136 con-

2214 5185 2376 5240 traria
2419 5191 2761 5240 convertatur
2804 5201 2818 5239 :
2863 5183 2951 5239 hic
2991 5192 3169 5240 autem
3189 5224 3206 5252 ,
3249 5185 3393 5256 quod
3431 5195 3487 5240 et
3524 5194 3631 5255 qua:
3665 5185 3748 5227 ιιοιι

2277 5321 2294 5352 ί
2328 5320 2627 5380 Scripsimus,
2649 5327 2744 5366 non
2765 5320 3030 5377 consumat,
3051 5329 3164 5366 cum
3185 5315 3372 5378 Morel.,
3391 5315 3530 5368 Savil.
3551 5318 3599 5363 et
3619 5307 3746 5358 Inter-

2214 5378 2604 5445 prete;_olontef.
2629 5385 2676 5445 et
2696 5384 2961 5427 consumat.

2278 5442 2353 5505 (α)
2373 5433 2676 5502 Ἰιιῑθηκιειὶε
2695 5451 2874 5505 nomen
2897 5451 2995 5488 non
3015 5438 3321 5505 adscribitur.
3335 5503 3343 5505 _
3357 5439 3453 5490 Vix

2213 5493 2471 5567 Aquilam,
2494 5493 2579 5552 ain
2608 5500 2961 5567 Symmachum,
2999 5502 3093 5567 vel.
3114 5493 3509 5567 τιιθοαοιίοιιριιί,
3539 5493 3744 5567 tiberinus

2213 5545 2978 5626 Eé‘a'aasa'mé‘ﬁiaaaia',
3009 5545 3098 5614 ’νέξι
3125 5545 3645 5624 ὲὲἱῐὲῖῦἔιῖὲριίιηε
3662 5545 3744 5597 Edi-

2218 5629 2376 5680 tionis.
