4076 6222
315 397 416 453 481

316 527 459 582 σαρα
483 527 496 540 ·
520 509 603 564 δτι
625 525 685 563 τε
720 508 964 580 ἐποίησε,
989 511 1081 564 καὶ
1110 510 1167 576 ἐξ
1194 509 1292 562 οὐκ
1322 508 1490 562 ὄντων
1518 509 1760 580 ἐποίησε,
1789 505 1884 561 καὶ

318 607 436 680 μετ’
474 604 727 668 εὐκολίας
757 605 1011 676 ἐποίησε,
1041 607 1135 660 καὶ
1175 604 1437 674 γενόμενα
1477 603 1778 675 διακρατεῇ
1811 601 1885 656 Τὸ

318 705 417 776 μὲν
446 705 556 774 γὰρ
600 703 810 767 εἰπεῖν,
854 702 1047 767 Αὐτὸς
1075 697 1239 764 εἷπε,
1280 700 1379 770 τὴν
1423 699 1670 754 εὐκολίαν
1701 698 1882 769 δηλοί⁶

313 802 389 866 ὡς
409 800 504 855 καὶ
521 798 734 861 Παῦλος
752 797 924 867 δηλῶν
953 797 1105 866 ἔλεγε
1121 813 1134 827 ο
1159 795 1266 850 Τοῦ
1294 795 1717 861 ζωοποιοῦντος
1742 794 1886 860 τοὺς

313 894 586 964 νεκροὺς,
611 893 711 947 καὶ
738 892 1073 958 καλοῦντος
1101 892 1174 945 τὰ
1197 890 1283 960 μὴ
1314 889 1458 944 ὄντα
1485 890 1565 955 ὡς
1599 890 1742 944 ὄντα
1760 907 1774 921 ο
1805 890 1884 962 τῷ

312 992 538 1063 ὀνόματι
557 992 660 1063 τῆς
676 990 919 1060 κλήσεως
939 988 1037 1060 τήν
1058 988 1307 1043 εὐκολίαν
1331 990 1466 1060 ήμϊν
1494 988 1880 1061 αἰνιττόμενος.

315 1083 440 1142 ’στι
465 1087 522 1140 δὲ
558 1088 651 1142 καὶ
696 1083 964 1155 γενόμενα
1003 1083 1303 1154 διακρατεί,
1330 1083 1495 1146 αὐτὸς
1523 1085 1552 1136 ὁ
1598 1084 1884 1156 προφήτης

313 1182 476 1237 πάλιν
505 1181 774 1234 δείκνυσιν
802 1176 1118 1246 ἐπαγαγὼν,
1149 1179 1454 1245 Ἔστησε-ν
1479 1179 1633 1232 αὐτὰ
1663 1180 1752 1244 είς
1776 1177 1885 1232 τὸν

315 1274 520 1340 αἰῶνα,
549 1273 646 1329 καί
674 1276 762 1341 εἰς
787 1272 894 1327 τόν
921 1271 1106 1327 αἰῶνα
1131 1272 1240 1328 τοῦ
1267 1270 1498 1338 αίῶνος.
1529 1271 1902 1340 Πρόσταγμα

314 1375 502 1440 ἔθετο,
528 1371 625 1426 καί
645 1373 718 1425 οὐ
749 1370 1200 1438 παρελεύσεται.
1229 1369 1372 1440 Ὅρα
1401 1367 1495 1420 καὶ
1521 1366 1752 1421 ἐνταῦθα
1780 1368 1885 1422 πά-

313 1469 398 1522 λιν
428 1469 530 1540 τὴν
567 1465 836 1531 ἐξουσίαν,
869 1463 967 1535 τὴν
998 1463 1283 1517 αὑθεντίαν
1320 1461 1437 1526 πῶς
1477 1462 1882 1534 παρεδήλωσεν,

311 1561 373 1615 οὐ
415 1559 497 1631 τῷ
530 1561 719 1630 στῆναι
747 1570 774 1598 ι
817 1557 996 1628 μόνον,
1041 1553 1177 1609 ἀλλά
1209 1553 1305 1608 καὶ
1335 1553 1412 1624 τῷ
1440 1555 1612 1608 εἰπεῖν
1631 1593 1646 1617 ,
1689 1554 1886 1621 Πρόσ-

313 1671 525 1724 ταγμα,
543 1656 661 1716 ταῖς
682 1651 1052 1722 ἀνθρωπίναις
1081 1649 1260 1714 λέξεσι
1278 1649 1377 1720 τὴν
1403 1649 1685 1720 ἐνέργειαν
1715 1646 1884 1703 αὑτοῦ

316 1749 662 1822 παραδηλῶν.
692 1748 900 1817 ’Ὥσπερ
942 1745 1053 1816 7&9
1091 1745 1176 1798 σοὶ
1209 1744 1271 1798 τὸ
1313 1745 1490 1797 εἰπεῖν
1516 1742 1757 1808 εὔκολον,
1789 1745 1890 1799 καὶ

314 1847 376 1900 τὸ
403 1844 696 1917 προστάξαι
733 1841 944 1913 ῥᾴδιον·
979 1841 1122 1896 οὑτω
1149 1840 1229 1912 τῷ
1273 1839 1392 1912 Θεῷ
1435 1840 1496 1893 τὸ
1535 1842 1758 1911 ποιῆσαι
1785 1840 1887 1894 οὑκ

314 1942 474 2005 ὄντα,
529 1941 622 1992 καὶ
675 1938 940 2008 γενόμενα
987 1937 1381 2008 διακρατῆσαι·
1435 1935 1634 2008 μᾶλλον
1680 1936 1740 1988 δὲ
1787 1937 1886 2006 οὐχ

311 2037 505 2101 οὕτως,
529 2035 665 2090 ἀλλά
697 2035 791 2088 καὶ
812 2033 991 2104 πολλῷ
1021 2033 1202 2086 πλέον.
1233 2033 1366 2087 Οὐδὲ
1399 2033 1506 2104 7&9
1532 2033 1754 2088 δυνατὸν
1779 2051 1886 2088 πα-

314 2133 580 2208 ραστῆσαι
603 2131 702 2202 τῆς
733 2130 981 2192 εὐκολίας
1000 2129 1098 2200 τὴν
1127 2129 1452 2202 ὑπερϐολὴν,
1476 2129 1592 2200 μεθ’
1612 2126 1681 2203 ἦς
1711 2131 1884 2185 ταῦτα

309 2229 555 2299 ἐποίησε.
594 2226 706 2280 Kal
747 2225 809 2278 τὸ
846 2224 911 2296 δὴ
949 2224 1296 2295 θαυμαστὸν,
1340 2226 1437 2295 οὐχ
1476 2226 1560 2279 ὅτι
1604 2225 1887 2298 διακρατεί

313 2325 494 2395 μόνον,
517 2322 636 2376 οὐδὲ
661 2322 744 2376 ὅτι
767 2321 1059 2392 ἑστήκασιν
1099 2321 1346 2390 ἀκίνητοι
1378 2321 1430 2374 οἰ
1465 2321 1618 2393 νόμοι
1647 2321 1745 2392 τῆς
1785 2321 1880 2391 φύ-

311 2435 472 2485 σεως,
502 2418 617 2473 ἀλλ’
643 2419 726 2472 ὅτι
765 2417 862 2471 xal
888 2417 1080 2488 χρόνον
1123 2417 1296 2482 οὑτως
1317 2418 1562 2489 ἄπειρον.
1604 2417 1894 2488 Ἐννόησον

309 2515 440 2584 γοῦν
469 2517 633 2580 πόσος
677 2513 832 2578 αίὼν,
864 2513 960 2568 καὶ
987 2513 1138 2568 οὐδὲν
1169 2513 1433 2586 συνεχύθη
1459 2515 1566 2568 τῶν
1593 2515 1760 2570 όντων
1779 2531 1792 2546 ·
1823 2516 1882 2570 οὐ

311 2611 550 2666 Θάλαττα
576 2611 674 2682 τήν
703 2613 808 2681 γῆν
847 2609 1166 2677 ἐπέκλυσεν,
1197 2611 1297 2680 οὐχ
1324 2609 1476 2681 ήλιος
1507 2610 1624 2664 τόδε
1661 2610 1724 2665 τὸ
1749 2610 1889 2682 ὀρώ-

313 2724 475 2776 μενον
503 2706 862 2768 κατέκαυσεν,
892 2706 993 2759 οὐκ
1018 2704 1245 2775 οὐρανὸς
1275 2704 1680 2778 παρεσαλεύθη.
1704 2706 1768 2760 οὐ
1795 2723 1887 2760 νυ-

311 2803 458 2868 κτὸς,
486 2803 605 2857 οὐδὲ
632 2803 845 2874 ήμέρας
882 2803 999 2875 ὅροι
1033 2802 1422 2874 συνεχύθησαν,
1451 2804 1550 2874 οὐχ
1572 2803 1728 2875 ὡρῶν
1764 2820 1888 2875 τρο-

311 2902 437 2967 παὶ,
461 2901 562 2954 οὐκ
600 2899 728 2954 ἄλλο
749 2899 858 2952 τῶν
887 2897 1144 2955 τοιούτων
1180 2899 1360 2953 οὐδέν’
1393 2900 1505 2954 ἀλλ’
1538 2883 1767 2955 ἕκαστον
1792 2901 1888 2955 καὶ

311 2999 420 3052 τῶν
443 2998 591 3052 κάτω
615 2999 711 3050 καὶ⁸
735 2996 846 3050 τῶν
875 2995 994 3050 ἄνω
1018 2996 1154 3066 μετά
1175 2996 1355 3068 πάσης
1379 2998 1576 3068 ἕστηκε
1603 2998 1703 3070 τῆς
1729 2998 1889 3070 ἀκρι-

314 3096 463 3158 ϐείας
492 3093 619 3156 τοὺς
645 3092 792 3160 ἅπαξ
820 3091 1076 3155 τεθέντας
1112 3093 1271 3163 ὅρους
1305 3092 1364 3159 ἑξ
1387 3093 1561 3165 ἀρχῆς
1590 3079 1739 3165 αὐτῷ
1769 3095 1886 3148 δια-

313 3188 535 3262 τηροῦν.
567 3185 750 3242 Εἰπὼν
788 3186 965 3240 τοίνυν
992 3187 1120 3258 περὶ
1147 3187 1246 3258 τῆς
1268 3187 1381 3242 ἄνω
1404 3188 1634 3254 κτίσεως
1665 3191 1758 3244 καὶ
1779 3190 1888 3244 τῶν

316 3288 436 3340 κατ’
455 3283 703 3353 οὐρανὸν,
718 3282 960 3336 κάτεισιν
982 3283 1074 3336 ἐπὶ
1095 3283 1195 3354 τὴν
1215 3283 1339 3352 γῆν.
1358 3283 1534 3356 Ὅπερ
1551 3285 1609 3339 δὲ
1633 3286 1888 3357 ἐποίησεν

314 3383 409 3434 ἑπὶ
431 3378 540 3433 τῶν
568 3379 699 3445 ἄνω,
727 3377 1029 3449 ἀρξάμενος
1057 3378 1155 3449 μὲν
1187 3379 1296 3432 ἀπὸ
1325 3377 1432 3433 τῶν
1458 3380 1886 3453 ὑπερουρανίων,

316 3473 559 3538 καταϐάς
587 3474 646 3528 δὲ
676 3475 756 3537 εἰς
784 3474 853 3526 τά
879 3473 1128 3544 οὐράνια,
1163 3472 1316 3546 [492]
1348 3473 1508 3528 τοῦτο
1531 3479 1628 3530 καὶ
1655 3477 1892 3532 ἐνταῦθα

316 3574 461 3626 ποιεῖ
507 3571 616 3625 ἀπὸ
659 3569 765 3624 τῶν
812 3571 1074 3642 οὐρανίων
1121 3574 1213 3626 ἐπὶ
1255 3575 1353 3644 τὴν
1401 3577 1504 3644 γῆν
1543 3553 1887 3648 μεταπηδῶν.

327 3667 548 3738 Ἐπειδὴ
573 3666 682 3737 γάρ
706 3666 848 3730 τινές
877 3668 984 3719 εἰσι
1013 3666 1258 3752 λέγοντες
1289 3671 1357 3724 τὰ
1394 3671 1491 3741 μὲν
1519 3674 1635 3726 κατ’
1665 3672 1893 3744 οὑρανὺν

317 3766 416 3836 τῆς
447 3764 542 3818 τοῦ
566 3763 700 3818 Θεοῦ
729 3764 1089 3835 δημιουργίας
1113 3765 1237 3829 ἄξια
1265 3762 1426 3831 εἶναι,
1452 3767 1562 3822 τῶν
1584 3768 1642 3822 δὲ
1665 3770 1758 3822 ἐπὶ
1787 3769 1892 3839 γῆς

319 3860 801 3930 ἐπιλαμϐάνονται,
827 3859 918 3912 διὰ
943 3859 1006 3912 τὸ
1040 3861 1099 3912 ἑν
1139 3861 1277 3930 αὐτῇ
1302 3857 1444 3914 εἶναι
1480 3864 1773 3933 σκορπίους
1803 3864 1892 3917 λέ-

323 3973 533 4028 γοντες,
571 3955 736 4027 ἔχεις,
763 3955 1083 4027 δράκοντας,
1114 3957 1207 4009 καὶ
1249 3956 1310 4009 τὸ
1347 3956 1529 4010 λοιπὸν
1555 3958 1663 4010 τῶν
1691 3957 1896 4030 Θηρίων

323 4053 496 4121 γένος,
535 4053 631 4107 καὶ
672 4050 743 4106 τά
777 4053 1004 4122 ἄκαρπα
1041 4049 1152 4104 τῶν
1190 4050 1459 4122 δένδρων,
1489 4052 1625 4124 πρὸς
1670 4055 1896 4120 τούτους

325 4146 512 4219 ὥσπερ
557 4146 1032 4220 ἀπολογούμενος,
1069 4145 1270 4217 ἑτέρως
1321 4146 1484 4199 πάλιν
1532 4149 1897 4220 μεταχειρίζει

319 4246 416 4299 τὸν
444 4244 622 4314 λόγον.
657 4247 767 4299 Kal
797 4246 899 4316 ὃρα
931 4244 983 4297 τί
1017 4245 1192 4298 ποιεῖ’
1223 4243 1302 4298 Τὰ
1327 4244 1719 4318 ὡμολογημένα
1759 4247 1900 4302 καλά

325 4343 506 4412 ἀφεὶς,
530 4341 778 4414 πρόϐατα
805 4343 900 4396 καὶ
930 4341 1078 4412 βόας,
1097 4335 1172 4396 ὧν
1200 4342 1293 4395 καὶ
1325 4343 1359 4413 ή
1389 4344 1552 4412 πείρα
1578 4344 1677 4415 τὴν
1711 4345 1898 4416 χρείαν

323 4438 612 4505 δείκνυσιν,
651 4438 826 4502 ὅνους,
864 4439 1167 4511 καμήλους,
1203 4440 1298 4493 καὶ
1335 4439 1434 4492 ὅσα
1480 4439 1616 4510 πρὸς
1653 4440 1751 4512 τὴν
1791 4442 1900 4496 τῶν

325 4535 620 4606 ἀγωγίμων
659 4536 790 4606 ἡμῖν
835 4535 1198 4606 μετακομιδὴν
1227 4537 1542 4608 ἐπιτήδεια,
1583 4540 1643 4591 ὲν
1676 4541 1786 4602 τοῖς
1817 4539 1901 4593 δο-

325 4624 510 4679 κοῦσιν
531 4626 826 4697 ἀχρήστοις
852 4620 988 4679 εἶναι
1017 4627 1266 4698 περιάγει
1290 4625 1380 4680 τὸν
1409 4627 1584 4697 λόγον,
1605 4629 1903 4700 δράκοντας

328 4720 407 4782 είς
433 4717 599 4789 μέσον
631 4719 800 4786 ἄγων.
839 4722 933 4774 καὶ
961 4722 1023 4774 τὸ
1053 4721 1298 4776 ἄπλωτον
1323 4723 1352 4762 δ
1384 4721 1476 4776 τοῦ
1511 4723 1778 4794 πελάγους
1807 4727 1903 4798 μέ-

331 4826 445 4881 ρος,
475 4808 571 4861 καὶ
595 4809 663 4862 τά
693 4809 952 4864 δοκοῦντα
977 4811 1186 4874 λυπεῖν,
1216 4807 1328 4865 οἷον
1356 4813 1417 4866 τὸ
1447 4813 1577 4883 πῦρ,
1610 4815 1707 4885 τὴν
1738 4816 1904 4886 χάλα..

330 4903 450 4968 ζαν,
478 4903 578 4974 τὴν
605 4903 778 4974 χιόνα,
807 4903 901 4956 τὸν
921 4904 1253 4975 κρύσταλλον
1276 4923 1289 4936 ο
1315 4902 1525 4962 εἶτατὰ
1546 4909 1771 4979 ἄκαρπα
1795 4911 1904 4965 τῶν

328 4994 584 5066 δένδρων,
612 4995 681 5048 τά
705 4995 806 5066 ὅρη
825 5011 840 5027 ·
868 4997 961 5049 καὶ
996 4997 1156 5050 πάλιν
1178 4998 1247 5051 τά
1280 5000 1440 5055 πεδία
1471 5002 1807 5067 καταλιπὼν,
1838 5005 1907 5059 τά

329 5086 501 5142 ὕπτια
531 5087 782 5158 καὶπρὸς
805 5089 1076 5160 γεωργίαν
1097 5090 1374 5160 ἑπιτήδεια
1403 5093 1497 5146 καὶ
1518 5095 1744 5166 καρπῶν
1767 5097 1910 5168 ήμέ-

331 5201 444 5256 ρων
481 5181 677 5252 φορὰν,
707 5181 802 5234 ἐπὶ
830 5182 898 5236 τά
939 5183 1044 5253 ὅρη
1072 5183 1384 5252 μεταϐαίνει
1410 5188 1653 5252 καὶτοὺς
1683 5189 1910 5260 βουνοὺς

333 5279 430 5332 καὶ
457 5275 527 5330 τά
558 5273 867 5346 ἐρημότερα
887 5273 996 5327 τῶν
1025 5275 1262 5345 χωρίων,
1291 5280 1384 5332 καὶ
1409 5281 1516 5334 τῶν
1543 5282 1788 5354 ἑρπετῶν
1815 5286 1910 5356 μέ-

333 5386 534 5442 μνηται
573 5367 819 5421 πάντων.
849 5367 1014 5419 Ὥστε
1045 5365 1103 5419 δὲ
1140 5367 1467 5439 σαφέστερον
1497 5373 1670 5427 ταῦτα
1696 5377 1906 5446 μαθεῖν,

331 5461 480 5528 ἄξιον
516 5457 822 5514 ἐπακοῦσαι
852 5457 1032 5511 αὐτῶν
1058 5456 1168 5511 τῶν
1195 5459 1472 5529 ῥημάτων.
1525 5466 1678 5519 Μετά
1707 5469 1815 5540 γὰρ
1847 5469 1910 5522 τὸ

332 5554 525 5612 εἰπεῖν.
573 5550 935 5620 Πρόσταγμα
979 5551 1166 5612 ἔθετο,
1198 5551 1296 5604 καί
1341 5555 1411 5608 οὺ
1455 5562 1908 5628 παρελεύσεται,

337 5643 615 5715 ἐπήγαγεν
637 5658 652 5674 ⁶
699 5640 928 5696 Αἰνεῖτε
971 5641 1076 5694 τὸν
1110 5642 1328 5708 Κύριον
1357 5644 1425 5699 ἐκ
1462 5646 1568 5716 τῆς
1599 5649 1731 5720 γῆς,
1777 5653 1914 5724 δρά-

397 5769 422 5834 θ
444 5768 891 5834 ἓδνηχιιῒεθῐιὰυω
915 5776 1053 5834 putat
1074 5774 1264 5828 στῆσαι.

396 5829 424 5872 ιδ
444 5829 578 5880 Unus
598 5829 816 5881 ἄπλετον.

1389 390 1756 452 EXPOSITIO
1791 391 1859 448 IN
1894 388 2227 447 ΡεΑιιωιι
2265 384 2540 444 CXLVIII.

3453 384 3558 441 488

1991 521 2203 569 κοντος
2251 500 2351 555 καὶ
2389 499 2578 556 πᾶσαι
2612 497 2898 552 ἄϐυσσοι·
2947 497 3086 564 πῦρ,
3121 495 3366 566 χάλαζα,
3391 495 3557 565 χιὼν,

1989 595 2391 664 κρύσταλλος,
2413 591 2649 660 πνεῦμα
2668 587 3025 657 καταιγίδος,
3044 587 3116 640 τὰ
3141 588 3426 642 ποιοῦντα
3453 587 3562 641 τὸν

1989 687 2176 757 λόγον
2211 685 2418 740 αὐτοῦ.
2450 684 2697 753 Ἕτερος,
2729 682 2972 750 Ἄνεμος
2999 678 3289 746 τυφῶνος.
3338 678 3420 732 Τὰ
3454 679 3560 746 ὄρη

1989 777 2087 832 καί
2117 775 2340 840 πάντες
2357 773 2660 850 οίβρυνοί,
2689 772 2844 837 ξύλα
2865 771 3232 839 καρποφόρα,
3253 769 3350 821 καί
3373 769 3560 822 πᾶσαι

1978 867 2183 936 ’κέδροι
2202 881 2216 894 ⁶
2256 864 2328 920 τὰ
2352 866 2525 933 θηρία
2549 863 2645 918 καί
2669 863 2865 916 πάντα
2892 865 2965 916 τὰ
2987 860 3200 930 κτήνη.
3227 857 3442 927 ἑρπετὰ
3461 857 3562 910 καὶ

1989 958 2230 1013 πετεινὰ
2272 955 2558 1025 πτερωτά.
2594 954 2750 1018 Τίνος
2795 954 2982 1007 ἑνεκεν
3012 951 3156 1006 οὑτω
3199 948 3564 1022 μεταχειρίζει

1987 1049 2080 1104 τὸν
2104 1049 2292 1118 λόγον;
2333 1049 2427 1102 Ἐκ
2448 1046 2764 1120 περιουσίας
2784 1047 2997 1107 δεικνὺς
3019 1043 3115 1097 τοῦ
3141 1041 3274 1096 Θεοῦ
3300 1040 3398 1112 την
3431 1038 3565 1110 πρό-

1988 1157 2158 1194 νοιαν.
2185 1139 2248 1193 Εί
2279 1137 2389 1210 γὰρ
2418 1136 2487 1191 τὰ
2514 1137 2778 1191 δοκοῦντα
2809 1135 3058 1207 ἄχρηστα
3086 1129 3247 1197 εἶναι,
3275 1132 3370 1186 καί¹
3400 1129 3562 1184 πολέ-

1989 1249 2091 1301 μια
2114 1230 2194 1302 τῷ
2218 1231 2366 1299 γένει
2393 1230 2502 1283 τῶν
2529 1228 2848 1302 ἀνθρώπων,
2881 1225 3052 1289 οὕτως
3081 1225 3197 1278 ἐστὶ
3226 1221 3388 1286 καλά,
3422 1220 3566 1275 οὔτω

1988 1324 2255 1396 χρήσιμα,
2279 1322 2355 1385 ὡς
2385 1321 2480 1375 καὶ
2513 1320 2650 1376 αὑτά
2691 1319 2858 1390 ὕμνον
2880 1317 3170 1389 ἀναφέρειν
3213 1313 3289 1384 τῷ
3317 1313 3436 1383 Θεῷ
3471 1311 3567 1365 καὶ

1987 1414 2291 1482 δοξολογίαν
2319 1413 2408 1467 διά
2431 1412 2531 1482 τῆς
2553 1411 2759 1475 οίκείας
2781 1410 3138 1483 δημιουργίας
3161 1426 3174 1440 ο
3198 1406 3447 1477 ἐννόησον
3473 1397 3564 1456 οἶα

1987 1513 2057 1566 τά
2082 1513 2236 1568 ἄλλα.
2262 1513 2374 1566 Kal
2403 1512 2452 1564 εί
2481 1511 2646 1574 δοκεῖ,
2678 1510 2990 1581 ἐπέλθωμεν
3009 1509 3239 1562 ἕκαστον
3271 1505 3380 1558 τῶν
3411 1503 3564 1572 εἰρη-

1991 1606 2188 1676 μένων.
2217 1602 2566 1672 Δρὰκοντες,
2593 1601 2746 1672 φησὶ,
2773 1601 2872 1654 καί
2901 1599 3092 1656 πᾶσαι
3122 1598 3402 1651 ἄϐυσσοι.
3425 1593 3565 1664 Δρά-

1987 1712 2184 1757 κοντας
2215 1693 2446 1748 ἐνταῦθα
2476 1694 2545 1747 τὰ
2570 1697 2709 1763 κήτη
2738 1693 2908 1761 λέγει,
2927 1692 3002 1755 ὡς
3030 1691 3126 1745 καὶ
3153 1688 3409 1761 ἀλλαχοῦ,
3435 1689 3566 1742 ὅταν

1988 1786 2142 1858 λέγῃ,
2169 1785 2413 1854 Δράκων
2438 1780 2636 1850 οὗτος,
2661 1785 2733 1838 ὃν
2753 1783 3032 1848 ἔπλασας
3062 1777 3362 1850 ἐμπαίζειν
3380 1777 3562 1842 αύτῷ.

1988 1881 2099 1935 Kal
2127 1879 2396 1951 πολλαχοῦ
2437 1878 2536 1932 ἴδοι
2558 1895 2643 1942 τις
2673 1877 2740 1932 ἂν
2761 1877 2823 1930 τὸ
2856 1875 2994 1942 ζῶον
3015 1875 3174 1928 τοῦτο
3195 1873 3338 1927 οὑτω
3365 1871 3568 1934 καλού-

1991 1990 2176 2044 μενον.

2059 2072 2128 2134 γ’.
2159 2065 2268 2118 Kal
2303 2065 2421 2128 πῶς
2451 2063 2607 2117 τοῦτο
2628 2065 2765 2116 αἰνεῖ
2782 2063 2873 2116 τδν
2913 2062 3242 2132 ποτήσαντας
3267 2057 3427 2128 φησί.
3458 2056 3573 2110 Kal

1994 2155 2110 2219 πῶς
2142 2157 2243 2209 οὐκ
2271 2153 2758 2224 αίνεῖ;”οταν.γάρ
2789 2153 2906 2225 ῐδῃς
2933 2151 2995 2205 τδ
3029 2152 3275 2222 μέγεθος.
3306 2149 3406 2218 τὴν
3434 2148 3570 2219 σύμ-

1990 2247 2153 2319 πηξιν
2181 2245 2279 2300 τοῦ
2310 2245 2582 2316 σώματος,
2603 2245 2668 2315 ἣν
2692 2246 2750 2298 ἑν
2779 2245 2858 2315 τῷ
2886 2243 3007 2297 Ἰὼϐ
3030 2246 3063 2314 ή
3087 2241 3276 2314 Γραφὴ
3302 2242 3569 2311 διηγεῖται

1993 2337 2135 2408 μετὰ
2166 2335 2408 2398 πλείονος
2435 2337 2536 2404 τῆς
2565 2335 2861 2405 σαφηνείας
2881 2351 2895 2365 ο
2921 2334 3038 2397 πῶς
3065 2335 3125 2386 οὐ
3153 2333 3452 2402 θαυμάσεις
3477 2329 3571 2383 τὸν

1989 2430 2490 2501 δημιουργήσαντα,
2516 2427 2704 2498 ἡλίκον
2737 2425 2875 2490 ζῶον
2902 2428 3255 2498 παρήγαγεν;
3287 2424 3362 2477 Οὐ
3395 2421 3483 2476 διὰ
3508 2423 3572 2476 τὸ

1996 2520 2225 2592 μέγεθος
2257 2520 2314 2574 δὲ
2347 2519 2526 2590 μόνον,
2556 2519 2671 2574 ἀλλ’
2701 2520 2783 2573 ὅτι
2818 2519 2913 2572 καὶ
2941 2518 3139 2590 χωρίον
3169 2514 3317 2586 αὐτῷ
3340 2514 3440 2584 τῆς
3469 2513 3569 2565 θα-

1990 2612 2196 2682 λάσσης
2237 2611 2299 2666 τὸ
2335 2611 2582 2666 ἄπλωτον
2630 2610 2991 2682 ἀπεκλήρωσε
3040 2609 3224 2682 μέρος.
3279 2607 3389 2660 Καὶ
3423 2605 3572 2668 ἄξιον

1992 2704 2315 2776 θαυμάζειν,
2346 2705 2462 2767 πῶς
2487 2704 2585 2774 οὐχ
2611 2703 2928 2775 ὑπερϐαίνει
2960 2702 3086 2764 τοὺς
3111 2700 3343 2761 οἰκείους
3379 2698 3562 2768 ὄρους,

1992 2796 2132 2862 ζῶον
2160 2799 2350 2868 ἄγριον
2385 2796 2446 2850 ὃν
2465 2797 2561 2851 καὶ
2582 2795 2786 2866 σφόδρα
2815 2795 3090 2865 μέγιστον,
3116 2791 3250 2846 ἀλλὰ
3290 2789 3439 2861 μένει
3459 2790 3577 2851 τοῖς

1992 2891 2210 2953 οίκείοις
2257 2888 2441 2952 τόποις
2481 2885 2922 2958 ἑνδιαιτώμενον,
2947 2885 3038 2939 καὶ
3062 2885 3124 2938 οὐ
3164 2883 3322 2954 μόνον
3353 2881 3452 2934 οὐκ
3490 2880 3574 2944 ἕξ-

1992 3000 2098 3036 εισι
2120 2982 2255 3054 πρὸς
2280 2981 2378 3053 τὴν
2412 2980 2539 3050 γῆν,
2579 2979 2700 3033 οὐδὲ
2729 2977 2864 3050 πρὸς
2894 2979 2992 3049 τὴν
3022 2976 3345 3046 οἰκουμένην
3369 2972 3573 3046 χώραν,

1992 3073 2108 3129 ἀλλ’
2129 3073 2250 3126 οὐδὲ
2275 3072 2374 3144 τῆς
2407 3070 2678 3142 θαλάττης
2701 3071 2764 3124 τὸ
2803 3069 2939 3142 πρὸς
2971 3067 3246 3124 ναυτιλίαν
3272 3066 3578 3135 ἐπιτήδειον

1992 3164 2310 3236 λυμαίνεται
2346 3163 2513 3236 μέρος
2531 3179 2546 3194 ο
2579 3164 2640 3217 οὐ
2664 3163 2876 3234 δαπανᾷ
2901 3175 2922 3201 ε
2957 3161 3065 3215 τῶν
3103 3159 3297 3231 ἰχθύων
3320 3157 3391 3211 τά
3420 3157 3576 3228 γένη,

1999 3255 2114 3311 ἀλλ’
2139 3254 2271 3308 είσω
2307 3254 2406 3324 τῆς
2439 3253 2649 3317 οίκείας
2689 3253 3019 3306 ἐνδιαιτᾶται
3052 3250 3203 3323 [495]
3230 3247 3429 3320 χώρας.
3469 3247 3579 3300 Kal

1994 3347 2056 3402 οὐ
2082 3346 2254 3400 ταῦτα
2289 3345 2448 3416 μόνον
2485 3342 2634 3410 ἀξιον
2656 3343 2977 3416 θαυμάζειν,
3008 3343 3144 3396 ἀλλά
3170 3342 3264 3396 καὶ
3287 3341 3386 3412 τήν
3418 3340 3581 3394 ἄϐυσ-

1997 3456 2110 3500 σον,
2139 3430 2241 3508 ὅση
2279 3436 2340 3490 τὸ
2377 3436 2539 3508 βάθος
2570 3435 2739 3490 ἑστίν.
2774 3436 2953 3506 Ὅπερ
2989 3434 3048 3488 δὲ
3094 3434 3188 3487 ἐπὶ
3233 3431 3324 3486 τοῦ
3364 3430 3576 3501 θηρίου,

1996 3531 2155 3584 τοῦτο
2181 3531 2276 3583 καὶ
2297 3529 2390 3583 ἐπὶ
2420 3527 2522 3599 τῆς
2553 3527 2828 3599 θαλάσσης
2853 3526 3000 3581 ἐστιν
3033 3527 3181 3580 ίδεῖν.
3208 3525 3320 3580 Kal
3347 3524 3454 3596 7&9
3485 3521 3580 3576 καὶ

1997 3623 2136 3694 αὔτη
2171 3626 2292 3686 ταῖς
2312 3624 2420 3676 τῶν
2451 3621 2779 3692 πνευμάτων
2802 3621 2945 3692 βίαις
2987 3616 3124 3674 οὖσα
3164 3618 3453 3689 ἀφόρητος,
3479 3615 3586 3669 διαὶ

1997 3715 2255 3770 τοσοῦτον
2279 3713 2482 3786 πλῆθος
2513 3713 2722 3769 ὑδάτων
2743 3712 2964 3784 ἔχουσα,
2985 3713 3084 3767 οὐκ
3105 3713 3440 3783 ἐκρήγνυται
3471 3708 3582 3760 τῶν

1997 3810 2213 3864 οἰκείων
2244 3809 2421 3880 ὅρων,
2457 3807 2557 3861 οὐκ
2589 3807 2870 3872 ἐπικλύζει
2905 3807 3004 3878 τὴν
3035 3806 3248 3874 γείτονα
3283 3801 3409 3873 γῆν,
3447 3800 3583 3854 ἀλλά

2000 3903 2094 3955 καὶ
2138 3898 2276 3970 αὐτὴ
2331 3899 2552 3967 δεσμοῖς
2599 3900 2877 3969 ἀκινήτοις
2920 3898 3257 3968 πεπέδηταιο
3299 3895 3476 3949 καίτοι
3517 3909 3584 3961 γε

2000 3992 2234 4053 ἄτακτος
2267 3991 2302 4059 ή
2349 3988 2458 4041 τῶν
2489 3989 2695 4043 ὑδάτων
2733 3989 2914 4058 φύσις.
2949 3989 3118 4042 Ὅταν
3146 3987 3208 4040 δὲ
3245 3988 3341 4040 καὶ
3381 3984 3586 4056 πλῆθος
3617 3983 3628 3995 ³

2000 4079 2253 4133 τοσοῦτον
2294 4075 2353 4153 ᾖ,
2392 4078 2487 4131 καὶ
2534 4079 2638 4132 ὑπὸ
2675 4078 2945 4133 τοσούτων
2984 4078 3308 4148 πνευμάτων
3344 4075 3547 4145 ὠθῆται
3565 4114 3583 4140 ,

2008 4171 2261 4242 ἑννόησον
2287 4169 2475 4242 ήλίκου
2505 4169 2784 4242 θαύματος
2813 4171 2874 4224 τὸ
2903 4172 3040 4242 μήτε
3074 4169 3215 4224 κατά
3237 4169 3336 4240 τὴν
3357 4167 3585 4233 ἀταξίαν

2009 4267 2146 4337 μήτε
2170 4264 2260 4318 τὸν
2286 4263 2449 4332 ὄγκον
2491 4266 2627 4333 μήτε
2650 4264 2750 4335 τήν
2780 4263 2900 4334 βίαν
2935 4262 3222 4319 ἐκπίπτειν
3252 4261 3352 4332 τῆς
3380 4260 3585 4325 οίκείας

2005 4358 2222 4428 χώρας,
2272 4356 2407 4410 ἀλλά
2454 4359 2633 4411 πᾶσαν
2683 4357 2742 4409 ἐν
2787 4352 2983 4428 ἀταξίᾳ
3025 4354 3272 4428 τοσαύτη
3307 4353 3586 4423 διατηρεῖν

2007 4449 2278 4514 εὐταξίαν.
2323 4447 2509 4503 Ταῦτα
2547 4449 2726 4502 τοίνυν
2765 4447 3215 4520 ἀναλογιζόμενος
3252 4448 3460 4519 δυνήσῃ
3491 4449 3586 4500 καὶ

2008 4540 2256 4595 ἐντεῦθεν
2287 4539 2455 4612 ὑμνον
2479 4541 2825 4613 ὑφαίνειντῷ
2858 4539 3003 4612 Θεῷ,
3029 4542 3122 4594 καὶ
3154 4540 3454 4611 θαυμάζειν
3484 4539 3585 4592 αὐ-

2006 4632 2102 4686 τοῦ
2126 4635 2227 4704 τὴν
2250 4632 2496 4703 δύναμιν,
2513 4632 2612 4704 τήν
2633 4631 2846 4702 σοφίαν,
2867 4631 2964 4704 τὴν
2992 4631 3165 4702 ίσχὺν,
3187 4630 3288 4701 τὴν
3315 4627 3584 4697 ἐξουσίαν.

2011 4728 2132 4781 Εἰσὶ
2157 4726 2216 4781 δὲ
2260 4729 2355 4781 καὶ
2398 4726 2577 4797 ἕτεροι
2625 4727 2774 4796 λόγοι
2825 4726 3126 4798 ἀπόρρητοι
3174 4723 3398 4788 τούτων,
3431 4722 3524 4787 οὒς
3559 4723 3590 4776 ὁ

2011 4820 2243 4890 ποιήσας
2269 4815 2408 4873 οἶδεν
2452 4819 2634 4882 αὐτός.
2665 4819 2756 4872 Διδ
2788 4819 2879 4872 καί
2925 4837 3008 4884 τις
3041 4817 3226 4887 ἔλεγε·
3259 4817 3358 4887 Μὴ
3388 4816 3586 4884 alatne,

2009 4911 2114 4966 Διὰ
2137 4911 2194 4965 τί
2213 4911 2390 4966 τοῦτο
2404 4927 2428 4974 ;
2450 4913 2554 4978 Εἰς
2579 4913 2636 4966 τί
2655 4911 2831 4966 τοῦτο
2852 4927 2871 4975 ;
2903 4911 3107 4968 Πάντα
3137 4913 3246 4982 γὰρ
3273 4913 3362 4977 είς
3383 4911 3591 4980 χρείαν

2011 5003 2198 5058 αὐτοῦ
2233 5002 2491 5072 ἐγένετο.
2531 5002 2677 5070 Πῦρ,
2710 5003 2955 5073 χάλαζα,
2986 5004 3151 5074 χιὼν,
3185 5004 3589 5072 κρύσταλλος,

2017 5093 2254 5162 πνεῦμα
2284 5093 2643 5161 mmmam,
2683 5093 2757 5148 τὰ
2795 5095 3084 5149 ποιοῦντα
3128 5097 3235 5148 τὸν
3267 5094 3454 5160 λόγον
3485 5093 3590 5145 αύ-

2012 5186 2142 5242 τοῦ.
2179 5185 2442 5238 Ἐνταῦθα
2480 5187 2574 5240 καὶ
2626 5186 2814 5257 ἕτερόν
2861 5205 2914 5240 τι
2964 5185 3102 5258 μετά
3145 5185 3256 5238 τῶν
3290 5182 3592 5253 εἰρημένων

2016 5275 2391 5348 προστίθησιν.
2425 5275 2514 5329 Ἐν
2549 5277 2647 5347 μὲν
2673 5277 2782 5347 γάρ
2815 5277 2893 5348 τῷ
2937 5275 3186 5348 προτέρῳ
3211 5273 3411 5344 ψαλμῷ
3437 5273 3594 5326 τοῦτο

2017 5367 2348 5438 ἐθαύμαζεν,
2379 5367 2462 5420 ὅτι
2483 5368 2540 5420 ἑν
2571 5367 2800 5440 βραχείᾳ
2821 5367 3014 5440 καιροῦ
3046 5369 3186 5438 ῥοπῇ
3211 5367 3392 5420 πᾶσαν
3415 5365 3594 5418 ἔπεισι

2016 5461 2118 5534 τὴν
2149 5463 2252 5531 γῆν
2278 5464 2312 5533 ή
2333 5460 2486 5531 χιὼν,
2509 5464 2537 5515 ὁ
2562 5461 2914 5532 κρύσταλλος,
2945 5461 3026 5514 ὅτι
3059 5461 3350 5530 πήγνυται,
3380 5459 3464 5514 ὅτι
3499 5475 3594 5530 με·

2017 5552 2360 5617 ταϐάλλεται,
2383 5555 2465 5607 ὅτι
2495 5555 2632 5626 πρὸς
2654 5553 2722 5608 τά
2743 5553 2960 5607 ἐναντία
2985 5553 3300 5625 μεθίσταται
3319 5569 3334 5582 ·
3362 5552 3593 5608 ἐνταῦθα

2019 5647 2101 5709 δὲ,
2137 5647 2218 5700 ὄτι
2259 5663 2319 5698 τε
2352 5647 2451 5699 οὐκ
2477 5646 2606 5699 ὄντα
2637 5646 2848 5714 γέγονε,
2881 5646 2972 5700 καὶ
3013 5647 3094 5701 ὃτι
3126 5645 3390 5718 γενόμενα
3419 5646 3592 5718 μένει,

2086 5786 2107 5813 ο
2135 5783 2440 5854 II‘escrjp-lum
2466 5782 2520 5854 οὐ
2545 5783 2859 5854 δαπανᾷηοιιω
2882 5784 3074 5848 Monk,
3098 5784 3248 5837 Savil.
3270 5791 3324 5836 et
3355 5783 3592 5847 in“:qu

2035 5843 2196 5896 Montf.
2221 5843 2519 5898 καὶδαπανᾰ.
2550 5844 2674 5893 lion.
