4070 6214
533 357 636 417 689

533 476 626 531 καὶ
651 475 732 530 ὅτι
763 475 989 546 μένοντα
1013 477 1280 534 διακόνων
1310 481 1464 546 τάξιν
1488 483 1815 556 ἀναπληροῖ,
1841 485 2014 542 καίτοι
2041 504 2106 557 γε

533 584 700 653 ἄλογα
745 584 895 650 ὄντα,
930 586 1025 640 καὶ
1065 587 1128 641 τὸ
1163 589 1491 661 πρόσταγμα
1525 590 1690 645 αὐτοῦ
1738 593 1876 662 μετὰ
1912 593 2110 664 πολλῆς

532 690 631 762 τῆς
658 692 906 763 ὑπακοῆς
921 694 1003 758 εἰς
1025 693 1182 766 ἔργον
1210 694 1412 765 ἐξάγει.
1437 697 1651 752 Μᾶλλον
1675 697 1733 751 δέ
1769 699 1862 753 καὶ
1890 699 2109 754 ἐναντία

531 797 600 867 τῇ
647 795 808 865 φύσει
845 795 906 850 ἓν
944 797 1202 862 πολλάκις
1242 799 1520 871 ἐπίταγμα
1548 801 1769 870 ἤνυσεν,
1796 802 1985 874 ὥσπερ
2016 803 2110 856 ἐπὶ

532 902 632 973 τῆς
653 901 1000 967 Βαόυλωνίας
1032 903 1263 974 καμίνου
1291 904 1353 958 τό
1386 922 1446 958 τε
1469 908 1620 960 καῖον
1642 907 1703 960 τὸ
1735 907 1844 979 πῦρ
1876 909 1970 962 καὶ
1989 909 2112 982 δρο-

535 1012 703 1076 σίζον,
732 1009 967 1081 ἑκάτερα
995 1013 1231 1082 πρᾶττον
1261 1014 1550 1070 ἐδείκνυτο.
1582 1017 1755 1071 Τοῦτο
1777 1012 1890 1084 οῦν,
1921 1019 2108 1091 φησὶν,

533 1115 881 1185 εὐχαριστίας
901 1115 1051 1182 ἀξιον
1073 1133 1089 1184 ;
1111 1118 1220 1172 Καὶ
1246 1119 1446 1190 πολλῆς
1468 1119 1567 1190 μὲν
1587 1116 1702 1174 οῦν.
1727 1121 1830 1174 Τὸν
1849 1122 1961 1192 γὰρ
1980 1121 2111 1176 Θεὸν

531 1221 733 1291 ὁμοίως
778 1223 1040 1295 ἀνυμνεῖν
1085 1223 1227 1298 χρὴ,
1253 1227 1349 1279 καὶ
1403 1225 1701 1290 κολάζοντα
1750 1226 1845 1281 καὶ
1896 1226 2111 1282 ἀνιέντα

534 1326 824 1392 κολάσεως.
889 1327 1201 1400 Ἀμφότερα
1249 1329 1358 1401 γὰρ
1410 1329 1766 1402 κηδεμονίας,
1826 1332 2111 1404 ἀμφότερα

533 1431 886 1504 ἀγαθότητος.
934 1432 1242 1506 Ἄνθρωποι
1293 1433 1392 1503 μὲν
1433 1432 1540 1504 γάρ
1583 1433 1646 1487 τὸ
1677 1433 1777 1504 μὲν
1814 1434 2110 1507 ἀγαθότητι

533 1537 766 1606 ποιοῦσι,
793 1539 855 1593 τὸ
880 1539 939 1593 δὲ
971 1539 1208 1610 πονηρίᾳ
1249 1538 1344 1592 καὶ
1371 1537 1529 1610 θυμῷ
1548 1553 1562 1568 ·
1609 1539 1639 1591 6
1677 1539 1735 1593 δὲ
1759 1539 1891 1604 Θεὸς
1925 1541 2109 1611 ἀμφό-

533 1659 666 1714 τερα
694 1642 1094 1715 φιλανθρωπίᾳ.
1124 1643 1357 1714 Ὁμοίως
1383 1642 1513 1712 γοῦν
1535 1643 1700 1698 αὐτὸν
1729 1646 1986 1716 ἀνυμνεῖν
2008 1646 2107 1713 δεῖ,

535 1749 628 1802 καὶ
659 1750 742 1802 ὅτι
772 1748 964 1820 ἔθηκεν
992 1750 1050 1802 ἐν
1079 1748 1392 1820 παραδείσῳ
1429 1753 1520 1802 τὸν
1548 1749 1742 1821 Ἀδὰμ,
1779 1751 1876 1805 καὶ
1908 1752 1989 1806 ὅτι
2019 1752 2108 1818 ἐξ·

535 1854 715 1920 έὸαλε,
750 1854 845 1909 καὶ
868 1855 1027 1926 χάριν
1056 1855 1256 1910 εἰδέναι
1283 1856 1382 1927 οὐχ
1412 1856 1552 1929 ὑπὲρ
1571 1856 1673 1926 τῆς
1709 1857 1983 1928 βασιλείας
2013 1859 2110 1931 μό-

536 1977 644 2026 νον,
673 1959 808 2015 ἀλλά
833 1961 928 2015 καὶ
950 1961 1088 2033 ὑπὲρ
1118 1960 1216 2031 τῆς
1245 1960 1489 2033 γεέννης.
1507 1963 1617 2016 Καὶ
1643 1961 1753 2035 γάρ
1784 1963 1878 2018 καὶ
1907 1964 2110 2036 ταύτην

533 2066 755 2138 ἐποίησέ
801 2083 861 2120 τε
893 2065 986 2121 καὶ
1015 2065 1330 2138 ἠπείλησεν,
1367 2066 1506 2120 ὥστε
1540 2068 1736 2134 κακίας
1777 2069 2107 2136 ἀπαλλάξαι.

536 2176 746 2246 Ὥσπερ
782 2168 876 2228 οῦν
928 2173 1108 2246 ίατρὸν
1155 2172 1218 2226 οὗ
1263 2173 1533 2245 τρέφοντα
1582 2175 1781 2246 μόνον,
1835 2175 1972 2230 ἀλλά
2017 2179 2109 2231 καὶ

531 2281 769 2351 ἄγχοντα
795 2276 958 2350 λιμῷ,
989 2278 1093 2331 οὐκ
1121 2279 1200 2342 εἰς
1231 2278 1439 2350 ἀγορὰν
1470 2278 1629 2350 μόνον
1661 2280 1944 2350 ἐξάγοντα,
1969 2282 2110 2336 άλλά

533 2384 628 2438 καὶ
649 2385 707 2438 ἐν
737 2383 905 2449 οἴκοις
931 2400 1032 2437 που
1055 2381 1467 2448 κατακλείοντα,
1485 2383 1586 2438 οὐκ
1614 2383 1902 2454 ἀλείφοντα
1925 2385 2104 2455 μόνον,

533 2489 670 2544 ἀλλά
701 2490 796 2543 καὶ
825 2488 1051 2544 καίοντα
1085 2489 1178 2542 καὶ
1203 2487 1471 2558 τέμνοντα
1501 2487 1876 2558 θαυμάζομενο
1907 2491 1958 2542 εί
1998 2490 2106 2564 γάρ

535 2596 628 2648 καὶ
671 2594 888 2648 ἐναντία
924 2593 994 2648 τά
1021 2593 1308 2664 γινόμενα,
1349 2592 1485 2646 ἀλλά
1523 2593 1660 2665 πρὸς
1692 2594 1751 2648 ἐν
1785 2596 1888 2667 όρᾷ
1921 2596 2106 2659 τέλοςο

531 2701 675 2756 οὕτω
711 2702 805 2755 καὶ
845 2701 935 2754 τὸν
962 2699 1094 2753 Θεὸν
1130 2699 1270 2771 ὑπὲρ
1293 2698 1547 2754 ἀπάντων
1570 2700 1830 2772 ἀνυμνεῖν
1859 2701 1986 2773 χρὴ,
2012 2702 2108 2756 καὶ

534 2806 712 2878 πολλῷ
735 2803 890 2880 [494]
929 2804 1108 2870 πλέον,
1143 2805 1253 2875 ὅσῳ
1288 2805 1316 2858 6
1343 2805 1440 2873 μὲν
1468 2804 1621 2870 Θεὸς,
1651 2807 1678 2859 ό
1705 2805 1763 2859 δὲ
1787 2805 2070 2880 ἄνθρωπος
2089 2823 2106 2840 ο

532 2917 627 2970 καὶ
663 2916 746 2968 ὅτι
776 2913 848 2967 τά
881 2914 982 2984 μὲν
1009 2910 1209 2968 τούτων
1257 2911 1518 2975 πολλάκις
1554 2913 1648 2965 καὶ
1680 2914 1761 2976 εἰς
1796 2913 2108 2969 τούναντίον

531 3002 714 3087 ἐξέϐη,
741 3015 809 3068 τά
838 3014 896 3068 δὲ
919 3012 1011 3068 τοῦ
1035 3012 1171 3067 Θεοῦ
1202 3012 1340 3084 μετά
1371 3012 1470 3084 τῆς
1496 3013 1878 3086 προσηκούσης
1902 3016 2107 3085 γίνεται

529 3123 720 3193 σοφίας
748 3123 842 3176 καὶ
873 3119 1216 3191 κηδεμονίας.
1251 3119 1326 3174 Οὐ
1355 3123 1673 3192 τιμωρεῖται
1719 3121 1776 3175 δὲ
1812 3121 1974 3193 μόνον
2007 3121 2106 3193 χά-

525 3229 667 3294 λαζα
692 3229 784 3282 καὶ
811 3227 948 3298 πῦρ,
967 3225 1102 3280 ἀλλά
1124 3226 1219 3278 καὶ
1259 3225 1528 3296 τιμωρίας
1555 3225 1854 3296 ἀπήλλαξε,
1895 3229 1989 3281 καὶ
2012 3246 2108 3282 πο-

526 3335 585 3390 λέ
595 3352 726 3406 μους
747 3333 964 3403 ἔστησε,
982 3330 1075 3382 καὶ
1096 3330 1323 3401 ἐχθροὺς
1342 3329 1594 3393 ἐπιόντας
1613 3330 2010 3403 ἀπεκρούσατο.
2035 3333 2107 3386 Ἦ

525 3443 626 3496 οὒκ
645 3435 801 3493 οἶσθα
830 3440 886 3492 ἐν
909 3435 1171 3506 Αἰγύπτῳ
1196 3435 1298 3489 ὅσα
1319 3433 1407 3488 διὰ
1429 3433 1634 3489 τούτων
1659 3435 2109 3510 ἐθαυματουργή-

527 3545 594 3616 θη
627 3542 734 3596 τῶν
765 3539 1065 3610 στοιχείων,
1090 3539 1185 3592 καὶ
1212 3537 1428 3591 ἐπὶτῶν
1455 3539 1744 3604 Ἰουδαίων,
1773 3542 1867 3594 καὶ
1893 3542 1985 3596 ἐπὶ
2011 3543 2108 3614 τῆς

525 3648 717 3719 γενεᾶς
741 3647 842 3718 τῆς
871 3644 1165 3717 ἡμετέρας
1196 3643 1307 3698 Καὶ
1335 3643 1570 3716 τοσαύτη
1601 3645 1635 3714 ή
1663 3643 1756 3698 τοῦ
1797 3645 2108 3711 κελεύοντος

524 3754 773 3824 δύναμις,
809 3752 897 3806 ὅτι
923 3753 1066 3822 ἀπερ
1102 3751 1169 3805 δι’
1199 3751 1445 3819 ἀγγέλων
1503 3749 1696 3818 ἐποίει,
1743 3752 1852 3805 τῶν
1906 3753 2106 3825 νοερῶν

525 3859 754 3912 ἐκείνων
771 3858 866 3911 καὶ
892 3856 1140 3928 μεγάλων
1160 3855 1458 3925 δυνάμεων,
1499 3855 1674 3910 ταῦτα
1730 3854 1991 3922 πολλάκις
2013 3859 2107 3914 καὶ

459 3959 466 3966 ”
523 3965 612 4019 διὰ
641 3963 750 4018 τῶν
785 3961 1060 4033 στοιχείων
1085 3958 1544 4032 ἐθαυματούργει,
1569 3961 1656 4015 ἵνα
1676 3962 1804 4016 ὅταν
1825 3961 1920 4016 καὶ
1940 3963 2106 4032 ἀγγο-

523 4071 614 4130 λος
633 4069 807 4124 ταῦτα
827 4068 1147 4139 ἐργάσηται,
1170 4065 1359 4138 μηδεὶς
1387 4065 1493 4119 τῶν
1517 4066 1886 4138 ἀνοητοτέρων
1911 4067 2106 4140 ἐκείνῳ

523 4175 824 4246 λογίζηται,
850 4173 985 4228 ἀλλά
1019 4171 1098 4243 τῷ
1139 4170 1475 4236 ἐπιτάξαντι.
1508 4168 1775 4241 Ἕστησεν
1815 4167 1909 4226 οὖν
1941 4173 2106 4242 ἀγγε-

523 4282 614 4347 λος
660 4280 932 4351 πόλεμον;
962 4279 1198 4348 Ἔστησε
1229 4277 1323 4330 καὶ
1368 4275 1600 4346 χάλαζα.
1644 4276 1843 4330 Ἀνεῖλε
1873 4277 1940 4330 τά
1959 4295 2106 4350 πρω-

521 4389 720 4441 τότοκα
756 4385 1022 4454 ἀγγελοςς
1061 4383 1261 4437 Ἀνεῖλε
1295 4383 1389 4436 καί
1419 4383 1669 4450 καταιγὶς
1710 4383 1978 4456 θαλάττης
2014 4385 2105 4439 τὸν

522 4493 693 4563 δῆμον
734 4491 967 4545 ἅπαντα.
1003 4487 1173 4561 ’Υπὲρ
1204 4487 1458 4542 ἀπάντων
1476 4485 1654 4540 τοίνυν
1681 4488 1989 4559 εὐχαρίστει
2027 4491 2104 4562 τῷ

524 4599 714 4669 φιλανο
725 4597 890 4669 ρώπῳ
907 4596 1050 4666 Θεῷ.
1059 4596 1134 4650 Τὰ
1152 4595 1259 4662 ὅρη
1273 4592 1372 4648 καί
1390 4591 1614 4656 πάντες
1627 4595 1681 4647 ol
1693 4593 1932 4660 βουνοί,
1948 4596 2106 4661 ξύλα

524 4702 876 4774 καρποφόρα
904 4700 1003 4754 καὶ
1033 4696 1222 4755 πᾶσαι
1250 4695 1464 4764 κέδροι·
1499 4695 1569 4750 τὰ
1585 4696 1760 4764 θηρία
1780 4697 1878 4750 καί
1907 4698 2105 4754 πάντα

523 4809 598 4863 τὰ
635 4807 844 4875 κτήνη,
869 4806 1104 4874 ἑρπετὰ,
1139 4803 1237 4859 καὶ
1269 4801 1508 4857 πετεινὰ
1531 4803 1964 4876 πτερωτὰὌρα
1986 4804 2102 4869 πῶς

523 4917 635 4978 τοῖς
676 4911 1096 4984 ἀχρηστοτέροις
1155 4910 1356 4981 μᾶλλον
1392 4909 1778 4981 ὲμφιλοχωρεῖ,
1818 4910 1968 4982 ὄρεσι
2008 4913 2102 4966 καὶ

523 5025 746 5086 νάπαις,
802 5021 894 5075 καὶ
927 5019 1155 5091 βουνοῖς,
1199 5021 1294 5074 καὶ
1322 5018 1530 5091 θηρίοις
1577 5019 1846 5090 ἑρπετοῖς,
1885 5023 1978 5076 καὶ¹
2009 5022 2102 5089 ξύ·

522 5133 636 5194 λοις
668 5128 958 5200 ἀκάρποις.
991 5124 1072 5179 Τά
1119 5124 1220 5196 μὲν
1254 5125 1361 5196 γάρ
1398 5127 1723 5197 καρποφόρα
1750 5127 1976 5183 αὐτόθεν
2001 5129 2100 5202 δή.

521 5237 622 5307 λην
679 5235 793 5306 ἔχει
840 5231 938 5304 τὴν
989 5229 1200 5302 χρείαν,
1247 5229 1436 5300 ὥσπερ
1499 5232 1594 5284 καὶ
1627 5232 1695 5285 τὰ
1721 5230 1889 5286 ὕπτια
1944 5233 2101 5289 πεδία

523 5346 620 5400 καὶ
657 5345 727 5396 τά
771 5343 957 5413 ἥμερα
987 5338 1122 5405 ζῶαο
1171 5337 1239 5391 τὰ
1279 5337 1336 5392 II:
1371 5337 1559 5409 θηρία,
1603 5339 1699 5392 καὶ
1745 5339 1811 5394 τὰ
1853 5343 2098 5412 ἑρπετὰ,

523 5451 619 5506 καὶ
669 5449 738 5504 τά
789 5449 914 5521 ὄρη,
948 5447 1041 5501 καὶ
1089 5445 1159 5500 τά
1217 5446 1442 5516 ἀκαρπα
1485 5443 1674 5515 δένδρα
1729 5446 1890 5501 ποίαν
1945 5449 2098 5504 ἀνύει

528 5558 746 5628 χρείανζ
772 5554 906 5625 φησί
914 5597 926 5610 .
968 5552 1174 5625 Πολλὴν
1204 5553 1301 5623 μὲν
1323 5548 1436 5615 οῦν,
1468 5553 1561 5606 καὶ
1591 5554 1794 5626 σφόδρα
1825 5556 1922 5630 τὴν
1955 5559 2100 5631 ζωὴν

528 5660 855 5730 συνέχουσαν
882 5658 978 5728 τὴν
1011 5658 1305 5729 ἡμετέραν.
1340 5657 1451 5710 Καὶ
1491 5657 1599 5730 γάρ
1633 5660 1766 5730 πρὸς
1794 5663 2101 5737 οίκοδομίας

528 5766 629 5836 ὄρη
658 5764 748 5818 καὶ
782 5764 957 5833 βουνοὶ
979 5765 1068 5818 καὶ
1109 5763 1238 5829 ξύλα
1265 5765 1485 5839 ἄκαρπα
1518 5767 1721 5839 σφόδρα
1751 5769 1882 5840 ἡμῖν
1913 5773 2100 5847 ἐπιτή-

2077 6009 2126 6032 ᾧ

1257 364 1316 418 S.
1356 364 1646 422 JOANNIS
1681 367 2172 428 CIIBYSOSTOMI
2210 374 2532 434 ARCIIIEP.
2573 379 3124 460 CONSTANTINOP.

3693 385 3816 443 ιω

2209 489 2346 557 δεια,
2379 493 2472 547 καὶ
2522 494 2569 547 εἰ
2604 495 2680 566 μὴ
2726 495 2934 550 τούτων
2977 496 3338 567 ἀπελαύομεν,
3382 496 3534 550 οὐδὲν
3584 495 3814 550 ἐκώλυε

2209 597 2612 671 διαφθείρεσθαι
2653 603 2715 656 τὸ
2740 602 2893 672 γένος
2923 603 2980 656 τὸ
3001 603 3291 675 ἡμέτερον.
3323 604 3534 673 Ὥσπερ
3556 599 3652 659 οὖν
3675 605 3816 658 ἐπι-

2209 701 2439 773 δεόμεθα
2473 705 2584 760 τῶν
2613 707 2833 778 ἡμέριον
2861 708 3078 779 χωρίων
3100 710 3180 773 εἰς
3202 709 3263 762 τὸ
3291 709 3611 780 τρέφεσθαι,
3641 708 3811 762 οὕτω

2209 806 2444 877 δεόμεθα
2490 811 2584 864 καὶ
2617 811 2725 864 τῶν
2758 813 3022 885 ἀκάρπων
3060 814 3232 880 ξύλων
3279 816 3372 869 καὶ
3408 815 3571 868 λίθων
3610 818 3698 878 είς
3744 817 3816 870 τὸ

2209 910 2310 974 τὰς
2345 913 2521 977 οἰκίας
2547 915 2867 986 οἰκοδομεῖν,
2893 917 2987 971 καὶ
3017 917 3186 988 μυρία
3207 917 3372 989 ἔτερα
3407 919 3661 972 ἐντεῦθεν
3698 936 3814 972 κα-

2210 1015 2582 1082 τασκευάξειν.

2280 1115 2343 1169 δ’.
2376 1116 2515 1170 Ἀλλ’
2529 1120 2576 1172 οί
2605 1119 2774 1188 ὄφεις,
2803 1123 2956 1193 φησι,
2979 1122 3072 1176 καὶ
3089 1125 3137 1176 οί
3163 1124 3428 1196 σκορπίοι,
3456 1125 3550 1178 καὶ
3576 1127 3624 1177 οί
3657 1125 3816 1196 δρά-

2211 1237 2417 1286 κοντες,
2474 1223 2567 1277 καί⁵
2601 1225 2652 1277 οί
2687 1225 2918 1292 λέοντες,
2970 1227 3024 1282 τί
3054 1230 3321 1300 χρήσιμον
3373 1231 3694 1298 εἰσάγουσιν
3721 1233 3809 1294 εἰς

2211 1325 2302 1379 τὸν
2336 1326 2450 1398 βίον
2476 1345 2492 1394 ;
2523 1329 2574 1382 τί
2602 1329 2665 1383 δὲ.
2682 1331 2861 1384 αὐτῶν
2887 1332 2950 1385 τὸ
2967 1333 3176 1404 κέρδος
3227 1335 3369 1390 Πολὺ
3410 1337 3505 1388 καὶ
3542 1336 3810 1405 ἄφατον,

2213 1431 2307 1484 καὶ
2337 1430 2448 1486 τῶν
2473 1433 2694 1505 ἡμέρων
2721 1435 2821 1489 ούκ
2848 1436 3088 1492 ἔλαττον.
3132 1439 3341 1492 Ἐκεῖνα
3377 1440 3475 1510 μὲν
3504 1442 3618 1512 γάρ
3649 1441 3816 1512 πρὸς

2211 1538 2310 1609 τὴν
2341 1539 2434 1592 τοῦ
2480 1538 2728 1610 σώματος
2775 1542 2962 1614 χρείαν
3003 1545 3150 1597 ἐστὶν
3187 1546 3484 1616 ἐπιτήδεια·
3518 1546 3708 1600 ταῦτα
3747 1547 3813 1601 δέ

2213 1660 2294 1696 σοι
2320 1643 2413 1696 καὶ
2433 1643 2595 1714 φόϐον
2626 1647 2965 1717 ἐπιτειχίζει,
2986 1649 3078 1702 καὶ
3102 1653 3398 1722 σωφρονεῖν
3427 1652 3814 1722 παρασκευά-

2211 1747 2312 1812 ζει,
2354 1749 2448 1802 καὶ
2478 1749 2768 1818 ἐναγώνιον
2797 1753 2960 1816 ποιεῖ,
3007 1753 3100 1806 καὶ
3137 1754 3538 1826 ἀναμιμνήσκει
3596 1773 3660 1808 σε
3699 1756 3813 1824 τῆς

2209 1852 2270 1905 ἐν
2322 1851 2400 1924 τῷ
2448 1853 2760 1926 παραδείσῳ
2808 1854 2902 1909 τοῦ
2956 1856 3300 1930 προπάτορος
3340 1859 3615 1931 ἁμαρτίας
3639 1899 3657 1924 ,
3706 1861 3812 1914 καὶ

2211 1955 2478 2012 δείκνυσιν
2508 1959 2650 2013 ὄσων
2706 1959 2894 2015 κακῶν
2939 1961 3088 2016 αίτία
3141 1964 3175 2033 ή
3223 1964 3494 2035 παρακοή.
3555 1965 3633 2017 Οὐ
3687 1965 3816 2035 γὰρ

2210 2063 2434 2118 τοιαῦτα
2453 2059 2522 2136 ἦν
2555 2065 2660 2137 πρὸ
2689 2064 2880 2120 τούτου
2908 2066 2980 2120 τά
3010 2066 3196 2139 θηρία,
3223 2067 3427 2139 φοϐερὰ
3461 2069 3555 2122 καί⁸
3581 2070 3812 2138 φευκτά

2209 2166 2288 2238 τῷ
2338 2167 2628 2240 ἀνθρώπῳ,
2661 2169 2796 2224 ἀλλά
2832 2170 3065 2225 τιθασσά
3112 2171 3208 2225 καὶ
3249 2173 3525 2242 χειροήθη.
3575 2175 3810 2242 Ἧγαγε

2210 2273 2340 2342 γοῦν
2368 2275 2507 2328 αύτά
2538 2275 2675 2347 πρὸς
2705 2275 2795 2330 τὸν
2837 2277 3009 2347 ’Δδάμ
3029 2278 3058 2330 6
3078 2277 3210 2340 Θεὸς
3230 2319 3246 2345 ,
3275 2275 3369 2330 καί
3398 2277 3559 2341 αὐτὸς
3592 2279 3810 2350 ἐπέϐη-

2210 2393 2305 2431 κεν
2325 2378 2504 2444 αὐτοῖς
2530 2380 2599 2434 τά
2620 2379 2877 2450 ὀνόματα.
2901 2378 3054 2452 [495]
3083 2381 3141 2434 Ὀ
3173 2381 3296 2450 ὄφις
3331 2383 3397 2452 τῇ
3423 2383 3645 2450 γυναικί
3673 2383 3806 2436 δια-

2209 2481 2466 2551 λέγεται,
2516 2483 2613 2538 καὶ
2649 2484 2748 2537 οὐκ
2771 2485 3024 2556 ἀποπηδᾷ
3059 2487 3092 2556 ή
3124 2483 3258 2540 Εὔα.
3298 2485 3513 2558 Ἐπειδὴ
3545 2485 3606 2539 δὲ
3649 2505 3806 2558 παρο

2209 2589 2378 2660 εόάθη
2393 2590 2426 2661 ή
2439 2589 2646 2663 ἐντολὴ,
2664 2592 2757 2645 καὶ
2771 2592 2800 2644 ὁ
2817 2591 2950 2657 Θεὸς
2965 2591 3348 2664 παρηκούσθη,
3361 2591 3804 2665 ἠκρωηριάσθη

2209 2694 2276 2748 τά
2291 2693 2390 2766 τῆς
2404 2695 2590 2766 τιμῆς.
2613 2696 2784 2751 Ὅταν
2802 2696 2979 2751 τοίνυν
2997 2697 3113 2770 ῖδῃς
3133 2695 3344 2759 λέοντα,
3361 2696 3488 2749 ὅταν
3506 2696 3623 2770 ἴδῃς
3641 2697 3800 2766 ὄφιν,

2209 2799 2485 2873 ἀναμιμνή
2493 2818 2622 2855 σκου
2638 2800 2746 2854 τῶν
2755 2801 2914 2874 διηγη
2923 2801 3126 2872 μάτων,
3139 2803 3234 2856 καὶ
3245 2801 3307 2856 οὐ
3330 2802 3530 2874 μικράν
3547 2818 3631 2855 σοι
3646 2818 3803 2872 παρ-

2209 2903 2320 2970 έξει
2351 2904 2524 2960 ταῦτα
2571 2905 2886 2976 φιλοσοφίας
2929 2906 3205 2962 ὑπόθεσιν.
3254 2909 3697 2979 Ἀναμιμνήσκου
3739 2909 3802 2963 δὲ

2209 3009 2302 3063 καὶ
2327 3010 2424 3064 τοῦ
2455 3010 2674 3083 Δανιὴλ,
2704 3010 2842 3076 πῶς,
2875 3012 3063 3084 ἐπειδὴ
3081 3011 3215 3086 πρὸς
3237 3013 3334 3085 τὴν
3354 3013 3594 3067 παλαιὰν
3625 3015 3804 3067 ἐπαν-

2207 3115 2369 3187 ῆλθεν
2391 3117 2603 3184 εἰκόνα,
2641 3117 3089 3190 εὐκαταφρόνητα
3115 3114 3184 3190 ἦν
3207 3117 3356 3190 αύτῷ
3377 3118 3444 3172 τὰ
3467 3119 3678 3191 φοϐερὰ
3700 3119 3804 3189 θη-

2213 3223 2304 3294 ρία
2323 3242 2336 3254 ·
2357 3223 2546 3296 ὥσπερ
2565 3224 2659 3279 καὶ¹
2676 3223 2874 3297 Παύλῳ
2903 3227 2937 3296 ή
2975 3223 3089 3296 ἔχις
3111 3242 3126 3258 ο
3153 3226 3248 3280 καὶ
3271 3226 3334 3280 ού
3367 3224 3570 3298 μικρὰν
3617 3226 3807 3279 ἐντεῦο

2210 3328 2304 3383 θεν
2351 3329 2625 3404 καρπώσῃ
2646 3330 2886 3402 σπουδὴν
2929 3330 3025 3385 καὶ
3055 3331 3374 3401 ἐπιμέλειαν
3413 3331 3615 3403 ψυχῆς.
3638 3333 3806 3386 Μετά

2209 3432 2411 3487 τούτων
2434 3433 2492 3486 δὲ
2519 3433 2612 3487 καὶ
2636 3433 2902 3504 ἑτέρωθεν
2932 3433 3046 3488 ἔστι
3096 3433 3374 3505 θαυμάσαι
3398 3433 3492 3488 τοῦ
3528 3435 3666 3489 Θεοῦ
3694 3436 3803 3508 τὴν

2209 3537 2520 3608 οἰκονομίαν
2547 3537 2648 3609 τὴν
2676 3539 2763 3593 ἐπ’
2781 3538 2966 3602 αὐτοῖς
2992 3539 3086 3592 καὶ
3107 3537 3206 3610 τὴν
3234 3539 3498 3604 διάταξιν.
3538 3539 3715 3594 Ποίαν
3739 3541 3803 3596 δὲ

2209 3642 2413 3714 ταύτην
2431 3661 2447 3708 ;
2479 3643 2602 3696 Ὅτι
2629 3644 2724 3698 καί⁷
2742 3642 2952 3708 τούτοις
2970 3643 3212 3716 ἀφώρισε
3234 3645 3410 3716 χωρία
3430 3645 3802 3716 ἀπῳκισμένα

2209 3749 2316 3803 τῶν
2343 3748 2570 3812 πόλεων,
2602 3747 2702 3813 τὰς
2725 3749 2960 3820 ἐρημίας
2981 3718 3001 3782 ἶ
3028 3749 3122 3805 καὶ
3149 3750 3292 3804 091m
3313 3751 3519 3821 φοϐερά
3539 3750 3670 3805 ὄντα
3691 3753 3800 3806 οὐκ

2209 3851 2574 3923 ἐμφιλοχωρεῖ
2607 3853 2726 3916 ταῖς
2757 3851 2995 3916 πόλεσιν,
3039 3853 3158 3906 οὐδὲ
3194 3853 3519 3925 κατατρέχει
3543 3854 3675 3918 τοὺς
3709 3856 3801 3909 ἔν-

2206 3951 2297 4006 δον
2317 3949 2627 4014 οἰκοῦντας,
2669 3948 2805 4003 ἀλλά
2835 3949 3050 4020 στέργει
3083 3952 3177 4004 καὶ
3219 3953 3406 4022 ἀγαπᾷ
3436 3952 3534 4022 τὴν
3561 3952 3794 4023 ἔρημον,

2208 4051 2414 4107 ἀνωθεν
2441 4049 2534 4104 τοῦ
2565 4050 2701 4104 Θεοῦ
2733 4049 2889 4104 τοῦτο
2910 4051 3098 4115 αὐτοῖς
3142 4049 3632 4123 συγκληρῶσαντος
3655 4092 3669 4114 ,
3696 4055 3796 4107 καὶ

2207 4154 2370 4208 τόπον
2417 4154 2718 4226 ἐπιτήδειον
2749 4154 2891 4225 ἔχειν
2949 4156 3046 4209 καὶ
3109 4154 3311 4227 κλῆρον
3354 4155 3584 4227 διαίτης.
3621 4157 3797 4211 Ὅταν

2207 4256 2317 4328 γὰρ
2352 4257 2416 4312 σὺ
2454 4257 2750 4330 καθεύδῃς,
2775 4257 2895 4311 τότε
2930 4257 3115 4310 ἐκεῖνα
3175 4257 3272 4328 τὴν
3295 4257 3500 4330 ἔρημον
3555 4258 3790 4313 ἔπεισιν.

2208 4359 2388 4432 Ὅπερ
2425 4362 2518 4413 καλ⁸
2548 4358 2780 4430 ἀλλαχοῦ
2804 4359 3074 4413 δείκνυσιν
3103 4361 3132 4414 6
3165 4361 3474 4432 προφήτης,
3509 4360 3652 4414 οὕτω
3701 4361 3794 4414 λέ-

2207 4476 2338 4528 γωνο
2367 4461 2548 4516 Ἕθου
2573 4463 2814 4526 σκότος,
2843 4461 2941 4514 καί
2968 4459 3204 4529 ἐγένετο
3243 4461 3358 4526 νύξ
3371 4477 3386 4491 ο
3415 4459 3660 4530 ἐναῠτῇ
3701 4461 3793 4515 δι-

2206 4563 2556 4615 ενίεὺσονται
2579 4559 2775 4616 πάντα
2803 4559 2874 4614 τὰ
2898 4562 3071 4629 θηρία
3098 4562 3203 4616 τοῦ
3224 4561 3467 4634 δρυμοῦ.
3495 4559 3647 4626 Εἶδες
3670 4563 3790 4627 πῶς

2207 4661 2301 4714 καὶ
2330 4661 2424 4714 νῦν
2459 4660 2613 4732 μένει
2638 4678 2720 4714 σοι
2743 4661 2841 4732 τῆς
2865 4660 3040 4733 ἀρχῆς
3071 4664 3138 4715 τά
3165 4662 3284 4733 ἴχνη
3308 4703 3324 4729 ,
3346 4663 3395 4715 εἰ
3417 4662 3512 4716 καί.
3533 4664 3793 4734 ἠκρωτη-

2211 4764 2510 4835 ριασμένα,
2537 4761 2651 4815 ἀλλ’
2695 4763 2842 4833 ὅμως
2897 4761 3088 4833 ἔχοντα
3128 4763 3359 4834 αἴνιγμα
3408 4763 3508 4834 τῆς
3552 4764 3791 4828 παλαιᾶς

2204 4863 2399 4935 τιμῆς;
2429 4863 2639 4934 Ὠσπερ
2670 4862 2777 4936 γὰρ
2815 4861 2995 4929 δοῦλα,
3039 4862 3211 4928 οὕτως
3234 4863 3540 4935 ἀπῴκισται
3584 4863 3681 4919 καὶ
3709 4865 3793 4937 τῷ

2204 4963 2383 5035 καιρῷ
2412 4963 2505 5017 καὶ
2536 4963 2614 5034 τῷ
2661 4963 2830 5035 τόπιεγ
2872 4962 2974 5017 κάν
3027 4968 3102 5035 μὴ
3134 4964 3199 5017 σὺ
3250 4963 3457 5027 τούτοις
3503 4964 3744 5038 ἐπέλθῃς
3773 5005 3790 5028 ,

2203 5064 2345 5118 αὐτὰ
2375 5065 2476 5117 οὐκ
2505 5064 2732 5127 ἔπεισιν,
2766 5063 2880 5118 ἀλλ’
2909 5064 3236 5118 ἐνδιαιτᾶται
3267 5065 3384 5126 ταῖς
3426 5063 3682 5135 ἐρήμοις.
3723 5065 3790 5118 Εἰ

2202 5167 2259 5220 δὲ
2282 5166 2510 5238 ἀθυμεῖς
2538 5166 2632 5221 καὶ
2673 5165 3065 5238 δυσχεραίνεις,
3096 5166 3240 5230 τίνος
3271 5167 3455 5221 ἔνεκεν
3473 5166 3665 5235 γέγονε
3687 5166 3792 5236 θη-

2206 5269 2298 5341 ρία
2314 5309 2330 5334 ,
2354 5269 2556 5340 σφόδρα
2584 5268 2942 5341 ἀνοηταίνεις.
2975 5269 3070 5321 Ἂν
3100 5269 3208 5337 γὰρ
3238 5270 3302 5323 σὺ
3327 5267 3399 5322 τά
3423 5267 3563 5322 κατά
3585 5270 3788 5322 σαυτὸν

2204 5369 2382 5435 καλῶς
2439 5370 2797 5440 οἰκονομήσῃς
2821 5407 2836 5432 ,
2865 5368 3018 5422 οὐδὲν
3065 5365 3309 5421 ἐντεῦθεν
3339 5367 3604 5441 βλαϐήσῃ·
3642 5369 3689 5420 εἰ
3725 5367 3788 5421 δέ

2204 5471 2311 5526 ἀπὸ
2328 5471 2530 5543 θηρίων
2544 5471 2675 5544 δέχῃ
2727 5469 2950 5541 βλάϐην,
2981 5468 3230 5540 ἐννόησον
3260 5471 3341 5522 ὅτι
3372 5469 3467 5522 καὶ
3511 5469 3661 5539 παρά
3681 5469 3788 5522 ἀν-

2205 5572 2438 5643 θρώπων
2481 5571 2740 5636 πολλάκις
2789 5569 3172 5642 χαλεπωτέραν
3225 5569 3408 5638 ἐδέξω.
3464 5570 3620 5622 Ἔστι
3671 5571 3790 5642 γὰρ

2204 5675 2296 5729 καὶ
2324 5673 2512 5748 θηρίου
2540 5669 2820 5744 ἄνθρωπος
2849 5671 3240 5744 χαλεπώτερος.
3288 5670 3361 5726 Τὸ
3389 5670 3489 5742 μὲν
3512 5669 3623 5741 γάρ
3649 5686 3790 5741 προ-

2205 5778 2346 5850 φανῆ
2381 5777 2474 5850 τὴν
2505 5776 2795 5849 θηριωδίαν
2819 5775 2949 5846 ἔχει,
2977 5771 3126 5841 οὗτος
3150 5776 3204 5830 δὲ
3229 5776 3459 5848 κρύπτει
3489 5772 3583 5844 τὴν
3612 5788 3788 5841 πονη-
