4070 6214
275 334 384 393 489

275 457 454 511 erant,
487 446 622 502 facta
650 442 759 498 sint
784 457 799 496 :
826 437 968 511 quod
996 450 1116 508 quae
1146 433 1282 488 facta
1311 441 1469 497 sunt,
1497 433 1784 490 maneant,
1815 428 1871 476 et

277 541 424 612 quod
453 536 720 594 manentia
752 535 1039 604 fungantur
1066 541 1288 584 munere
1318 522 1681 578 ministrorum
1703 560 1718 583 ,
1753 517 1876 571 licet

279 610 392 689 sint
417 628 656 700 expertia
683 625 902 682 rationis
922 664 938 690 ,
979 631 1031 677 et
1057 619 1266 690 jussum
1289 615 1414 684 ejus
1445 613 1635 668 educat
1664 610 1715 663 in
1739 621 1874 677 opus

278 737 406 776 cum
438 719 668 774 maxima
704 711 1004 770 obedientia
1040 709 1218 782 (Psal.
1249 705 1372 760 147.
1401 703 1454 758 5.
1481 701 1574 772 6).
1606 700 1718 754 lmo
1747 710 1875 752 vero

283 829 454 868 unum
483 825 626 880 saepe
646 809 854 880 jussum
882 820 944 861 ea
971 801 1193 874 perfecit
1221 813 1338 869 quae
1364 804 1490 852 sunt
1516 802 1704 864 suapte
1729 799 1875 844 natu-

284 924 346 963 ra
378 904 642 962 contraria
663 944 678 968 ,
716 895 1166 972 quemadmodum
1213 893 1265 947 in
1312 891 1524 946 fornace
1555 884 1875 956 Babylonica

286 1000 426 1070 ignis
449 1007 504 1053 et
533 1010 694 1052 urens
721 1003 776 1049 et
809 993 1044 1047 irrorans
1076 986 1234 1042 simul
1259 983 1429 1038 factus
1454 990 1554 1037 est.
1587 979 1700 1033 Hoc
1725 992 1873 1044 ergo,

289 1093 497 1161 inquit,
541 1097 776 1143 meretur
801 1083 1090 1155 gratiarum
1120 1074 1430 1133 actionem?
1467 1074 1703 1142 Eamque
1731 1077 1878 1124 certe

293 1181 602 1235 maximam.
649 1177 792 1230 Deus
819 1173 962 1230 enim
1007 1185 1158 1240 teque
1202 1177 1284 1223 est
1327 1163 1620 1220 laudandus
1663 1170 1716 1216 et
1755 1173 1877 1214 cum

293 1271 479 1341 punit,
510 1277 568 1324 et
605 1282 726 1322 cum
750 1281 781 1320 a
807 1263 1068 1334 supplicio
1092 1260 1295 1316 eximit.
1329 1256 1561 1326 Utraque
1587 1254 1727 1308 enim
1754 1259 1880 1306 sunt

293 1361 610 1424 curationis,
633 1367 860 1426 utraque
886 1363 1009 1408 sunt
1028 1349 1301 1408 bonitatis.
1331 1347 1586 1403 Homines
1611 1345 1750 1400 enim
1779 1343 1881 1397 hoc

295 1454 512 1525 quidem
556 1449 754 1506 faciunt
797 1455 1011 1518 promer
1056 1443 1390 1506 bonitatem,
1438 1437 1570 1494 illud
1614 1451 1744 1492 vero
1787 1449 1882 1504 per

297 1547 432 1602 iram
463 1553 518 1600 et
559 1541 953 1612 improbitatem
983 1556 996 1592 :
1025 1537 1164 1591 Deus
1201 1542 1381 1588 autem
1409 1541 1630 1602 utraque
1669 1536 1883 1598 propter

298 1636 659 1692 clementiam.
687 1631 908 1703 Oportet
930 1644 1058 1700 ergo
1077 1642 1198 1682 eum
1225 1640 1376 1696 teque
1404 1623 1638 1687 laudare,
1661 1630 1716 1678 et
1738 1620 1881 1692 quod
1910 1661 1913 1663 -

300 1729 544 1801 posuerit
581 1725 750 1781 Adam
795 1725 848 1778 in
878 1721 1156 1794 paradiso,
1187 1727 1242 1774 et
1275 1715 1417 1787 quod
1447 1730 1569 1770 eum
1598 1713 1879 1782 expulerit,

299 1830 358 1876 et
384 1835 542 1890 agere
569 1818 766 1888 gratias
794 1830 900 1870 non
927 1813 1096 1868 solum
1129 1826 1224 1881 pro
1261 1824 1445 1878 regno,
1476 1805 1571 1863 sed
1597 1806 1755 1862 etiam
1786 1819 1883 1874 pro

299 1911 566 1981 gehenna.
597 1907 727 1962 Eam
753 1907 893 1960 enim
922 1913 977 1960 et
1005 1902 1128 1959 fecit
1151 1909 1208 1957 et
1233 1901 1462 1955 minatus
1488 1907 1590 1963 est,
1618 1905 1676 1952 ut
1700 1912 1729 1950 a
1755 1896 1884 1950 vitio

301 2002 574 2055 liberaret.
607 1996 1062 2067 Quemadmodum
1102 2007 1230 2064 ergo
1255 1993 1521 2046 medicum
1565 2005 1669 2045 non
1709 1987 1883 2041 solum

303 2093 647 2156 nutrienlem,
671 2091 765 2146 sed
785 2090 945 2144 etiam
973 2087 1110 2142 fame
1128 2085 1520 2142 excruciantem
1542 2099 1556 2149 ;
1587 2097 1691 2137 non
1712 2082 1885 2137 solum

303 2189 356 2243 in
389 2189 560 2241 forum
591 2185 904 2240 educen'tem
925 2223 940 2248 ,
985 2179 1078 2235 sed
1121 2183 1282 2235 etiam
1322 2177 1465 2234 domi
1495 2175 1685 2230 alicubi
1715 2174 1886 2229 inclu-

304 2279 560 2343 dentem;
598 2291 702 2330 non
746 2275 916 2329 solum
946 2278 1267 2342 ungentem,
1309 2269 1405 2324 sed
1447 2269 1606 2324 etiam
1645 2277 1886 2322 urentem

306 2379 363 2424 et
403 2376 672 2423 secantem
717 2365 1080 2428 admiramur;
1124 2363 1223 2418 etsi
1264 2361 1407 2418 enim
1453 2367 1581 2416 sunt
1623 2361 1888 2416 contraria

309 2476 430 2530 quas
460 2459 612 2526 fiunt,
642 2473 804 2512 unum
835 2465 1011 2511 tamen
1043 2454 1202 2510 finem
1233 2453 1520 2524 respiciunt
1563 2471 1577 2508 :
1618 2451 1689 2506 ita
1729 2453 1889 2506 etiam

312 2559 524 2620 Oportet
546 2550 714 2604 Deum
742 2548 960 2603 laudare
982 2562 1077 2617 pro
1099 2545 1367 2612 omnibus,
1389 2554 1548 2616 atque
1568 2545 1702 2600 adeo
1724 2545 1892 2600 multo

314 2643 516 2714 magis,
556 2650 816 2714 quatenus
855 2640 942 2694 liic
965 2637 1178 2710 quidem
1206 2639 1377 2703 Deus,
1417 2639 1508 2694 ille
1533 2654 1661 2695 vero
1691 2640 1890 2695 homo:

314 2743 369 2788 et
395 2732 537 2802 quod
568 2747 655 2788 res
681 2732 892 2803 quidem
917 2747 1100 2789 eorum
1126 2747 1271 2802 saepe
1298 2732 1452 2787 aliter
1475 2733 1746 2799 eveniunt,
1775 2747 1894 2803 quie

315 2829 492 2880 aut‘em
521 2827 660 2882 Deus
690 2826 812 2880 facit
842 2826 973 2880 fiunt
995 2840 1112 2880 cum
1143 2840 1347 2882 summa
1382 2825 1636 2896 sapientia
1663 2834 1718 2880 et
1745 2839 1893 2880 cura.

316 2917 532 2974 Grando
560 2928 738 2974 autem
766 2928 820 2974 et
851 2919 987 2990 ignis
1014 2935 1118 2974 non
1145 2921 1314 2974 solum
1343 2921 1582 2990 punivit,
1609 2920 1704 2975 sed
1734 2921 1894 2974 etiam

317 3011 576 3068 liberavit
597 3027 626 3064 a
647 3011 906 3081 supplicio
929 3053 944 3076 ,
974 3020 1028 3067 et
1057 3013 1208 3068 bellis
1239 3013 1396 3068 finem
1425 3013 1707 3083 imposuit,
1739 3020 1793 3066 et
1819 3013 1899 3066 in-

317 3103 570 3160 vadentes
596 3104 839 3160 inimicos
861 3106 1070 3176 repulit.
1099 3108 1178 3162 An
1201 3106 1374 3162 nescis
1398 3121 1640 3177 quaenam
1663 3106 1715 3160 in
1732 3103 1900 3177 Egy-

319 3205 412 3265 pto
441 3211 536 3265 per
560 3195 676 3250 hmc
716 3196 980 3251 elementa
1009 3197 1259 3252 miracula
1289 3197 1424 3252 facta
1452 3206 1595 3262 sunt,
1627 3207 1680 3252 et
1721 3199 1771 3251 in
1801 3198 1899 3252 Ju-

321 3287 487 3350 daeis,
528 3292 588 3342 et‘
625 3287 676 3342 in
717 3289 815 3343 hac
857 3297 1036 3343 nostra
1078 3290 1419 3359 generatione
1447 3288 1570 3362 (a)?
1611 3289 1778 3344 Tanta
1819 3299 1902 3345 est

322 3385 498 3432 autem
521 3379 757 3448 potentia
782 3380 1040 3448 jubentis,
1071 3389 1128 3435 ut
1146 3397 1264 3452 qua:
1287 3397 1383 3452 per
1400 3382 1618 3452 angelos
1645 3382 1780 3446 illos,
1809 3383 1900 3452 qui

323 3469 376 3523 in
403 3470 570 3524 solam
601 3471 795 3526 cadunt
824 3474 1254 3544 intelligentiam,
1286 3486 1340 3532 et
1367 3491 1584 3548 magnas
1605 3483 1904 3549 potestates

324 3559 579 3629 faciebat,
609 3575 670 3617 ea
701 3578 843 3634 saepe
872 3566 1030 3619 etiam
1061 3582 1157 3636 per
1183 3571 1444 3626 elementa
1473 3571 1632 3626 faciat
1666 3569 1902 3625 admira-

325 3652 540 3718 biliter;
570 3663 630 3708 ut
651 3656 864 3725 quando
894 3656 1008 3713 haec
1034 3661 1252 3730 angelus
1275 3678 1486 3733 quoque
1511 3662 1715 3731 fecerit,
1745 3680 1903 3720 nemo

325 3743 486 3812 paulo
513 3745 848 3816 insipientior
875 3749 926 3802 id
951 3750 1026 3806 illi
1051 3752 1328 3818 attribuat,
1357 3756 1453 3810 sed
1481 3755 1530 3810 ei
1555 3755 1643 3826 qui
1671 3757 1903 3827 impera-

329 3837 422 3892 vit.
454 3839 686 3910 Angelus
713 3839 854 3896 bello
883 3841 1041 3898 ﬁnem
1085 3844 1376 3915 imposuit?
1405 3848 1663 3917 Imposuit
1695 3866 1906 3922 quoque

323 3933 546 4002 grando.
589 3933 860 3990 lnteremit
893 3938 1238 4008 primogenita
1279 3939 1544 4010 angelus?
1581 3943 1742 3999 Maris
1770 3960 1905 4014 quo-

324 4042 429 4097 que
472 4028 706 4097 procella
750 4029 1002 4100 populum
1052 4031 1337 4086 interemit.
1374 4033 1477 4088 Pro
1507 4035 1753 4090 omnibus
1780 4051 1908 4104 ergo

325 4120 571 4174 clementi
605 4119 710 4175 [leo
728 4135 826 4193 age
849 4121 1064 4192 gratias.
1093 4121 1290 4178 Montes
1311 4133 1357 4178 et
1378 4141 1548 4179 omnes
1568 4127 1740 4192 colles,
1771 4127 1910 4196 ligna

331 4214 622 4284 fructifera,
654 4225 700 4269 et
729 4232 900 4270 omnes
939 4216 1075 4270 cedri
1099 4233 1120 4271 :
1145 4217 1346 4284 bestiae,
1374 4227 1418 4271 et
1449 4219 1676 4272 universa
1704 4236 1910 4289 pecora,

329 4317 613 4374 serpentes,
647 4315 692 4360 et
720 4307 944 4363 volucres
974 4318 1224 4378 pennata.
1259 4310 1392 4365 Vide
1425 4311 1692 4382 quomodo
1721 4312 1912 4368 luben-

333 4393 437 4448 tius
465 4394 779 4452 immoratur
808 4398 860 4452 in
892 4399 974 4454 bis
1002 4417 1121 4470 qua:
1150 4410 1272 4456 sunt
1299 4402 1585 4468 inutiliora,
1617 4404 1909 4472 montibus,

335 4485 552 4540 saltibus
573 4527 588 4551 ,
619 4488 860 4556 collibus,
893 4493 1245 4557 animalibus,
1275 4494 1611 4564 serpentibus
1630 4537 1644 4562 ,
1675 4505 1729 4552 et
1758 4497 1914 4567 lignis

338 4576 677 4650 infrugiferis.
704 4582 834 4650 Quae
855 4587 994 4639 enim
1016 4595 1141 4641 sunt
1160 4586 1430 4657 frugifera,
1454 4603 1520 4643 ex
1548 4590 1738 4660 seipsis
1758 4607 1914 4660 aper-

338 4677 445 4724 tam
483 4671 770 4726 ostendunt
815 4676 1115 4744 utilitatem,
1160 4679 1296 4734 sicut
1333 4689 1386 4734 et
1429 4681 1570 4750 plani
1615 4683 1819 4754 campi,
1859 4693 1914 4738 et

336 4770 610 4817 mansueta
641 4765 886 4821 animalia
915 4785 929 4822 :
971 4767 1097 4824 fera:
1124 4780 1300 4824 autem
1331 4781 1385 4826 et
1413 4784 1688 4842 serpentes
1708 4816 1724 4840 ,
1757 4791 1912 4829 mon-

260 4897 265 4903 .
338 4863 452 4915 tes,
483 4863 538 4909 et
573 4854 894 4925 infrugifcrze
921 4860 1138 4916 arbores
1166 4879 1448 4933 quamnam
1469 4905 1484 4928 ,
1530 4867 1732 4938 inquit,
1763 4879 1916 4938 putas

338 4944 615 5001 utilitatem
652 4946 922 5004 afferunt?
962 4950 1174 5008 Multam
1215 4965 1394 5023 certe,
1437 4966 1490 5012 et
1531 4969 1913 5029 quamnostram

338 5037 498 5091 vitam
529 5039 681 5094 valde
709 5042 995 5097 contineat.
1035 5043 1168 5100 Nam
1197 5056 1250 5100 et
1285 5046 1352 5101 ad
1380 5049 1598 5104 aedilicia
1627 5061 1836 5107 montes
1865 5062 1920 5109 et

337 5130 506 5187 colles
533 5141 588 5188 et
617 5134 755 5204 ligna
794 5135 1119 5194 infructifcra
1149 5153 1272 5197 sunt
1303 5144 1455 5200 nobis
1489 5147 1638 5202 valde
1667 5159 1786 5218 apta
1819 5165 1832 5201 :
1864 5156 1920 5202 et

340 5225 441 5280 nisi
491 5242 552 5282 ea
600 5229 754 5284 nobis
795 5243 1169 5303 suppeterent,
1219 5238 1348 5310 nihil
1392 5251 1596 5298 vetaret
1636 5243 1920 5313 quominus

395 5341 755 5424 {fulgura
776 5349 856 5399 illa
881 5363 969 5424 per
989 5355 1272 5424 grandinem
1298 5365 1354 5424 et
1374 5361 1536 5424 ignem
1560 5374 1591 5424 a
1610 5369 1711 5410 Deo
1735 5367 1920 5424 patrata

340 5405 582 5486 miracula,
595 5409 741 5486 etiam
774 5425 858 5486 sua
882 5405 1035 5486 atate
1057 5405 1319 5486 accidisse,
1337 5405 1541 5486 idoli-inid
1562 5405 1713 5472 dubie
1734 5405 1919 5486 signifi:

341 5470 697 5547 ἓὲξνετιιξρξὶἑυδ
717 5474 904 5547 “vim
925 5475 1158 5547 Ανοθιεδω.
1174 5470 1399 5542 conlisit.
1425 5470 1652 5546 qualique
1669 5470 1919 5547 ’ἡεέευηέίῖ-

440 5534 729 5607 initiatione
751 5537 814 5585 de
837 5534 1191 5607 sanctonatiyia
1217 5549 1268 5590 et
1286 5534 1455 5592 contra
1475 5534 1654 5606 gen-tes
1670 5585 1682 5602 ,
1697 5534 1851 5596 “mni.
1866 5550 1915 5607 2,

346 5591 428 5637 ubi
451 5603 567 5670 cum
581 5595 811 5657 templiun
831 5591 1279 5663 Jerosolymitanum
1303 5591 1920 5670 residui-aiiiiiééiésiéi'inil

347 5676 460 5734 {nos
499 5668 880 5734 peni-opmaai
917 5671 981 5724 ὡς
1025 5670 1166 5734 αὐτρν
1201 5687 1278 5726 τε,
1321 5671 1481 5734 inquit
1520 5668 1894 5734 (Ilirysostomus

344 5725 466 5801 ὀμῖέῖέ
497 5728 576 5772 τὸν
597 5729 726 5808 Acir:
756 5731 954 5804 i'p’iawo
992 5728 1177 5806 xavobv,
1206 5733 1287 5779 καὶ
1325 5720 1417 5808 πῦῥ
1444 5737 1540 5782 τῶν
1573 5724 1798 5800 ϐέμεὶίων
1834 5720 1917 5791 ex:

345 5790 564 5843 πηδῆσαν
588 5790 752 5851 ἀθρόον
777 5793 983 5847 ἅπαντας
1022 5792 1188 5849 αὐτοὺς
1221 5790 1574 5846 κατανάλωσεν.

1308 309 1667 372 EXPOSITIO
1708 305 1770 362 IN
1811 297 2134 358 PSALMUM
2172 295 2442 354 CXLVIII.

3469 310 3568 364 690

1982 420 2220 467 nostrum
2261 425 2428 482 genus
2470 412 2731 467 interiret.
2777 413 3234 481 Quemadmodum
3262 432 3391 489 ergo
3413 422 3570 477 cultis

1983 505 2126 576 agris
2147 520 2282 575 opus
2302 505 2560 561 habemus
2583 506 2649 560 ad
2673 505 2793 570 hoc,
2820 515 2874 560 ut
2895 509 3115 573 alamur,
3140 511 3209 564 ita
3234 511 3391 566 etiam
3416 513 3572 583 lignis

1981 597 2302 668 infrugiferis
2343 606 2399 653 et
2441 597 2704 668 lapidibus
2749 613 2969 668 egemus
3012 600 3076 653 ad
3123 600 3244 668 hoc,
3287 613 3341 659 ut
3379 603 3569 660 domos

1979 689 2305 744 :edilicemus
2346 696 2401 743 et
2439 687 2542 742 alia
2589 689 2993 744 innumerabilia
3047 705 3111 745 ex
3155 692 3232 746 eis
3279 708 3570 765 compona-

1983 797 2122 836 mus.

2051 877 2105 932 4.
2150 876 2286 943 Quid
2319 876 2571 931 commodi
2619 883 2876 945 serpentes
2919 884 2967 930 et
3003 877 3190 949 scorpii
3225 876 3462 944 a/ferant.
3502 909 3572 921 —

1985 968 2053 1023 At
2079 976 2391 1036 serpentes,
2422 967 2664 1038 inquies,
2695 967 2911 1034 scorpii,
2945 967 3226 1036 dracones,
3273 977 3328 1025 et
3365 969 3572 1035 leones,

1983 1058 2108 1129 quid
2149 1059 2214 1112 ad
2245 1061 2408 1113 vitam
2449 1058 2576 1112 utile
2603 1057 2875 1112 afferunt?
2916 1067 2970 1113 et
3011 1057 3264 1128 quidnam
3305 1061 3574 1115 commodi

1983 1162 2048 1202 ex
2074 1148 2154 1203 eis
2177 1148 2513 1218 percipitur?
2542 1147 2854 1211 Plurimum,
2881 1146 3040 1216 idque
3067 1149 3446 1218 inenarrabile,
3475 1165 3575 1206 nec

1985 1241 2161 1296 minus
2201 1251 2348 1296 certe
2393 1256 2554 1311 quam
2597 1255 2666 1295 ex
2710 1241 3003 1295 mansuetis
3051 1250 3102 1296 et
3147 1241 3436 1296 cicuribus.
3486 1243 3576 1298 llla

1985 1331 2129 1386 enim
2159 1341 2285 1386 sunt
2312 1341 2434 1401 apta
2474 1331 2540 1384 ad
2569 1346 2722 1384 usum
2752 1331 2992 1400 corporis
3030 1346 3046 1385 :
3084 1331 3198 1386 hinc
3222 1348 3352 1389 vero
3381 1321 3436 1389 et
3483 1335 3576 1390 tibi

1983 1433 2184 1478 metum
2227 1423 2486 1488 afferunt,
2526 1432 2580 1478 et
2621 1431 2681 1476 ut
2722 1423 2796 1477 sis
2841 1423 3112 1478 modestus
3151 1434 3206 1480 et
3249 1433 3576 1496 temperatus

1987 1515 2245 1580 efficiunt,
2269 1525 2324 1571 et
2348 1515 2414 1570 ad
2439 1524 2707 1571 certamen
2739 1515 3021 1580 instruunt,
3048 1525 3101 1572 et
3122 1528 3394 1587 peccaturo
3420 1519 3574 1588 primi

1986 1606 2224 1676 parentis
2255 1605 2347 1660 tibi
2395 1607 2446 1660 in
2495 1607 2804 1661 memoriam
2856 1606 3140 1677 redigunt,
3191 1618 3244 1663 et
3287 1609 3577 1665 ostendunt

1987 1707 2306 1769 quantorum
2354 1698 2612 1752 malorum
2656 1712 2814 1752 causa
2861 1697 2930 1752 sit
2971 1697 3348 1756 inobedientia.
3394 1701 3576 1772 Neque

1988 1790 2131 1844 enim
2157 1789 2418 1857 ejusmodi
2448 1790 2572 1843 ferte
2613 1797 2766 1843 antea
2813 1788 3016 1844 homini
3047 1790 3341 1855 terribiles,
3369 1808 3470 1848 nec
3505 1793 3576 1847 ab

1987 1896 2055 1937 eo
2099 1881 2384 1951 fugiendze,
2417 1879 2510 1935 sed
2553 1881 2759 1935 cicures
2797 1889 2852 1935 et
2892 1889 3202 1936 mansuetae.
3249 1882 3353 1937 Eas
3400 1883 3577 1952 itaque

1990 1976 2209 2032 deduxit
2239 1976 2380 2030 Deus
2407 1974 2474 2029 ad
2502 1974 2670 2029 Adam
2689 2015 2703 2038 ,
2735 1985 2789 2028 et
2814 1975 2926 2044 ipse
2954 1975 3032 2029 eis
3057 1975 3269 2029 nomina
3303 1977 3574 2045 imposuit.

1992 2067 2229 2136 Serpens
2270 2066 2434 2120 Evam
2482 2065 2803 2135 alloquitur,
2851 2074 2912 2120 et
2955 2066 3062 2120 Eva
3107 2082 3222 2122 non
3261 2067 3451 2138 refugit
3477 2068 3575 2140 (a).

1998 2161 2280 2230 Postquam
2303 2167 2483 2214 antem
2517 2159 2841 2228 praeteritum
2870 2166 2961 2212 est,
2991 2159 3328 2226 mandatum,
3369 2170 3422 2215 et
3469 2161 3578 2214 Deo

1993 2266 2100 2305 non
2127 2260 2209 2306 est
2235 2249 2541 2315 obeditmn,
2574 2249 2858 2318 plurimum
2905 2250 3089 2304 honori
3135 2250 3428 2306 detractum
3473 2263 3574 2308 est.

1994 2341 2220 2408 Quando
2247 2355 2376 2408 ergo
2401 2339 2598 2394 videris
2628 2339 2859 2405 leonem,
2891 2341 3105 2409 quando
3131 2340 3327 2396 videris
3355 2357 3576 2413 serpen-

1995 2444 2133 2497 tem,
2180 2435 2232 2489 in
2277 2441 2511 2488 mentem
2542 2446 2751 2495 revoca,
2783 2447 2901 2502 quin
2931 2432 3162 2488 insaera
3193 2444 3476 2489 narrantur
3501 2437 3581 2488 lii-

1995 2527 2179 2590 storia.
2208 2535 2262 2582 et
2290 2525 2407 2580 haec
2446 2524 2775 2580 exhibebunt
2815 2524 2905 2578 tibi
2952 2540 3055 2580 non
3084 2540 3304 2596 parvum
3348 2526 3580 2596 philom-

1998 2619 2138 2688 phia:
2163 2628 2554 2688 argumentum.
2583 2615 2690 2671 Fac
2709 2631 2921 2688 quoque
2946 2616 2996 2670 in
3021 2626 3252 2672 mentem
3280 2619 3372 2674 tibi
3399 2619 3584 2675 redeat

1984 2708 2204 2775 'Daniel,
2235 2707 2504 2778 quomodo
2532 2717 2810 2777 postquam
2837 2707 2902 2761 ad
2932 2708 3200 2778 antiquam
3231 2725 3476 2764 reversus
3501 2720 3588 2766 est

2000 2802 2318 2870 imaginem,
2365 2801 2689 2868 contemptui
2739 2800 2809 2853 illi
2851 2809 3005 2855 erant
3053 2802 3312 2857 terribiles
3355 2803 3581 2859 bestiie:

2000 2891 2446 2962 quemadmodum
2487 2901 2542 2946 et
2581 2891 2747 2946 Paulo
2776 2891 2955 2961 vipera
2983 2892 3001 2959 (
3025 2891 3134 2946 Act.
3159 2893 3265 2964 28)
3294 2911 3307 2946 :
3341 2910 3439 2948 nec
3467 2911 3586 2964 par-

2002 3000 2125 3039 vum
2155 2983 2278 3038 hinc
2321 2983 2539 3054 colliges
2579 2982 2744 3036 animi
2782 2982 3037 3049 studium,
3071 2998 3253 3038 curam
3281 2994 3333 3040 et
3357 2987 3585 3057 diligen-

2003 3077 2150 3132 tiam.
2182 3076 2314 3131 Cum
2357 3074 2440 3128 bis
2483 3083 2658 3128 autem
2702 3073 2916 3130 aliunde
2959 3090 3169 3146 quoque
3213 3091 3494 3146 possumus
3535 3080 3586 3134 in

2003 3167 2088 3222 bis
2112 3167 2364 3222 admirari
2410 3165 2685 3238 providum
2715 3165 2809 3221 Dei
2835 3167 3112 3221 consilium
3147 3177 3203 3221 et
3234 3167 3588 3238 dispensatio-

2003 3275 2148 3316 nem.
2179 3259 2502 3326 Quodnam?
2539 3257 2689 3324 Quozl
2715 3257 2796 3312 bis
2823 3258 3108 3328 assignavit
3149 3259 3261 3314 loca
3291 3271 3492 3316 remota
3521 3263 3589 3318 ab

2005 3351 2247 3417 urbibus,
2279 3366 2471 3420 nempe
2498 3350 2809 3404 solitudines
2841 3365 2854 3402 :
2883 3358 2938 3405 et
2961 3365 3081 3404 eum
3108 3351 3214 3406 sint
3251 3351 3386 3407 adeo
3431 3355 3587 3408 terri-

2006 3441 2162 3506 biles,
2189 3457 2296 3497 non
2324 3450 2604 3497 versantur
2631 3441 2681 3496 in
2707 3442 3032 3507 civitatibus,
3064 3459 3160 3497 nec
3186 3443 3394 3498 irruunt
3418 3446 3468 3498 in
3495 3461 3589 3501 eos

2005 3536 2094 3606 qui
2137 3536 2191 3590 in
2223 3535 2326 3590 illis
2358 3535 2634 3600 habitant,
2677 3534 2770 3588 sed
2811 3535 2891 3590 eis
2929 3534 3104 3605 placet
3145 3536 3376 3592 Solitudo
3399 3578 3414 3603 ,
3447 3536 3500 3592 et
3528 3556 3591 3594 ea

2007 3629 2245 3684 contenti
2273 3637 2428 3694 sunt,
2457 3643 2576 3682 cum
2607 3627 2747 3682 Deus
2772 3627 2840 3682 ab
2870 3627 3020 3681 initio
3055 3626 3154 3682 hoc
3177 3628 3256 3682 eis
3283 3630 3591 3701 assignaree

2008 3722 2112 3789 rit,
2155 3729 2214 3775 ut
2252 3721 2426 3776 locum
2465 3728 2646 3789 aptum
2689 3718 2742 3773 in
2772 3733 2878 3788 quo
2901 3717 3174 3788 degerent.
3206 3719 3428 3787 Quando
3451 3723 3592 3777 enim

2011 3823 2066 3870 tu
2095 3814 2333 3879 dormis,
2372 3813 2474 3866 illa:
2503 3811 2797 3881 pervadunt
2838 3811 3197 3866 solitudinem.
3243 3812 3394 3879 Quod
3436 3816 3593 3869 etiam

2011 3906 2269 3976 prepheta
2294 3903 2416 3958 alibi
2444 3903 2678 3958 05tendit
2695 3943 2710 3968 ,
2743 3902 2821 3956 sie
2844 3902 3028 3957 dicens
3053 3919 3068 3955 :
3099 3900 3324 3957 Posuisti
3349 3907 3594 3962 tenebras.

2013 4009 2058 4050 et
2086 3997 2221 4064 facta
2245 4003 2316 4048 est
2344 4009 2445 4046 nox
2469 4009 2485 4047 :
2508 3993 2560 4046 in
2587 4009 2645 4046 ea
2665 3992 3038 4057 pertransibunt
3060 4009 3231 4046 omnes
3257 3995 3424 4048 bestiae
3444 3998 3598 4066 sylva:

2015 4082 2509 4158 (Psal.105.20).
2542 4081 2731 4135 Vidisti
2771 4081 3040 4151 quomodo
3083 4099 3221 4137 nunc
3249 4100 3460 4154 quoque
3505 4087 3596 4139 tibi
3671 4067 3674 4070 ’

2014 4186 2235 4234 manent
2263 4177 2334 4229 tui
2363 4175 2582 4243 vestigia
2624 4174 2861 4243 imperii,
2891 4189 3010 4244 qua:
3037 4173 3135 4229 etsi
3177 4177 3281 4228 sint
3305 4179 3516 4230 coocisa
3545 4187 3600 4231 et

2014 4270 2222 4334 mutila,
2253 4267 2443 4321 habent
2479 4275 2654 4320 tamen
2685 4265 2914 4334 aliquam
2940 4266 3183 4334 speciem
3203 4267 3398 4321 veteris
3432 4267 3598 4322 Itono-

2014 4362 2128 4417 ris?
2148 4361 2440 4431 Tamquam
2467 4359 2608 4412 enim
2636 4371 2804 4412 servre
2833 4356 3082 4426 relegata:
3108 4366 3250 4423 sunt,
3277 4366 3332 4412 et
3359 4368 3601 4428 tempore

2015 4466 2070 4511 et
2098 4456 2216 4510 loco
2239 4469 2270 4508 a
2298 4451 2453 4507 nobis
2477 4449 2661 4522 procul
2701 4457 2922 4504 remotae
2950 4467 2963 4503 :
2995 4463 3058 4502 ae
3083 4449 3186 4503 nisi
3221 4458 3275 4503 tu
3315 4465 3408 4504 eas
3448 4450 3602 4504 inva-

2017 4546 2183 4608 seris.
2211 4559 2290 4599 ea)
2316 4552 2368 4598 te
2394 4558 2501 4598 non
2532 4540 2816 4606 invadunt,
2844 4539 2938 4595 sed
2964 4549 3243 4594 versantur
3271 4540 3321 4594 in
3353 4541 3602 4596 solitudi-

2017 4637 2196 4693 nibus.
2223 4635 2376 4703 Quod
2419 4636 2462 4689 si
2491 4633 2701 4705 angeris
2742 4643 2797 4688 et
2837 4631 3111 4686 afflictat-is
3146 4648 3242 4687 cur
3282 4633 3407 4688 ferte
3450 4637 3602 4690 facite

2017 4737 2163 4794 sunt,
2189 4727 2344 4782 valde
2371 4726 2586 4796 desipis.
2615 4725 2671 4780 Si
2697 4723 2838 4779 enim
2871 4734 2922 4778 te
2946 4731 3092 4778 recte
3118 4724 3368 4794 gesseris,
3395 4727 3598 4781 nullum

2018 4821 2272 4877 damnum
2303 4835 2368 4874 ex
2409 4819 2488 4873 eis
2528 4816 2758 4885 accipies
2790 4833 2804 4870 :
2835 4815 2880 4870 si
2908 4825 3084 4870 autem
3113 4831 3144 4870 a
3186 4815 3311 4871 feris
3346 4817 3601 4874 damnum

2021 4915 2242 4984 accipis,
2270 4912 2444 4982 cogita
2473 4919 2526 4966 te
2551 4925 2693 4978 sarpe
2722 4907 2890 4962 multo
2919 4908 3089 4976 majus
3114 4909 3385 4978 accepisse
3413 4910 3482 4966 ab
3511 4911 3604 4964 lm-

2020 5007 2274 5064 minibus.
2319 5005 2416 5060 Est
2458 5002 2600 5058 enim
2649 5001 2810 5055 homo
2837 4999 3024 5067 quavis
3070 4999 3177 5054 fera
3222 5000 3474 5055 deterior.
3528 5002 3602 5055 Ea

2022 5101 2163 5156 enim
2187 5099 2356 5169 ipsam
2379 5109 2490 5166 prie
2513 5108 2574 5148 se
2600 5090 2704 5146 fert
2726 5091 2986 5146 feritatem
3013 5109 3027 5145 :
3054 5091 3140 5146 hic
3162 5099 3338 5145 autem
3361 5091 3462 5144 sub
3487 5106 3605 5159 per-

2022 5206 2154 5249 sona
2183 5188 2524 5245 humanitatis
2547 5184 2686 5240 celat
2713 5182 3106 5254 improbitatem
3133 5198 3148 5235 :
3177 5181 3317 5236 unde
3355 5181 3514 5235 etiam
3547 5181 3607 5238 fit

2087 5305 2159 5365 (a)
2191 5301 2322 5362 Quod
2347 5307 2436 5348 Eva
2461 5296 2790 5365 adAserpentis
2825 5305 3078 5365 occursum
3112 5305 3208 5364 non
3242 5291 3515 5365 aufugerit,
3540 5295 3606 5344 nil

2022 5355 2237 5418 mirde
2258 5378 2386 5419 cum,
2412 5355 2850 5410 uoudunfadmisso
2875 5362 3101 5419 peccato,
3125 5355 3380 5415 imperium
3404 5355 3452 5404 iu
3479 5357 3607 5419 feras

2026 5414 2295 5480 etnbvestias
2317 5414 2563 5474 obtineret
2595 5421 2738 5469 homo
2765 5431 2778 5465 :
2805 5414 3052 5483 sedquod
3082 5414 3372 5483 loquentem
3405 5416 3609 5483 audiens

2023 5477 2336 5554 serpentem.
2349 5500 2444 5535 non
2469 5484 2733 5554 e_x_territa,
2750 5491 2846 5554 non
2870 5477 3468 5554 obStupe'fagta‘fuei-it,fg
3490 5493 3608 5529 vero

2025 5537 2373 5604 ῖιῖίητίιίίῐῖιρὶιο
2397 5545 2641 5608 explicata
2665 5537 2757 5608 est.
2781 5547 2890 5608 Eam
2915 5552 3032 5608 vero
3053 5537 3392 5608 difﬁcultatem
3411 5539 3485 5588 llic
3510 5555 3606 5592 nou

2027 5599 2182 5678 {ﬁgit
2205 5599 2591 5678 Chrysostoinus._
2607 5605 2725 5660 Sed,
2743 5599 2878 5678 quod
2907 5600 3052 5678 etiam
3076 5601 3142 5649 ait
3167 5607 3300 5678 llum.
3325 5601 3355 5649 9
3380 5601 3430 5678 in
3452 5609 3605 5678 (Et‘ll-L“

2025 5661 2150 5732 siit—1°,
2177 5661 2516 5734 argumentum
2549 5661 2889 5734 hiucﬂvalidum
2911 5669 3210 5734 mutuamur,
3237 5661 3366 5734 feras
3387 5663 3450 5733 ab
3474 5663 3610 5734 initio

2028 5722 2307 5788 bin-nvfuissc
2339 5730 2518 5779 homini
2551 5724 2798 5776 terribiles
2818 5759 2832 5778 ,
2856 5722 2984 5786 quod
3017 5729 3106 5792 Eva
3131 5729 3414 5792 Serpentem
3433 5723 3606 5774 intuita

2028 5783 2286 5853 manserit,
2302 5802 2352 5845 et
2375 5792 2432 5842 ad
2455 5792 2558 5852 ejus
2578 5783 2888 5850 conspectum
2912 5797 3008 5832 non
3025 5783 3354 5833 exituri-norit.
