4070 6214
457 209 554 266 ιοι
1171 208 1225 263 5.
1269 206 1550 264 JOANNIS
1586 206 2066 265 CHRYSOSTOMI
2104 208 2424 264 ABCUIEP.
2465 211 2968 271 CONSTANTINO:
2996 258 3011 272 .

458 332 518 377 ut
544 336 689 393 saepe
720 319 936 379 difﬁcile
977 329 1249 377 caveatur.
1282 319 1388 378 Sed
1411 320 1458 375 si
1487 321 1759 392 sapueris,
1787 337 1886 377 nec
1915 320 2047 389 fera,

463 429 563 469 nec
590 411 756 467 homo
780 412 976 483 aliquid
1007 412 1133 466 mali
1171 409 1365 478 faciet,
1407 409 1503 467 sed
1542 411 1706 468 etiam
1745 413 1976 469 maxime
2001 423 2055 470 te

460 507 685 578 juvabit.
729 507 867 574 Quid
913 506 1064 571 dico,
1095 506 1206 562 fera
1233 513 1290 560 et
1314 504 1496 570 homo,
1525 519 1646 560 cum
1687 506 1804 577 ipse
1843 521 2056 578 quoque

465 598 711 656 diabolus
745 612 854 654 non
881 597 1042 654 modo
1076 613 1182 653 non
1214 598 1405 653 laiserit
1427 595 1561 664 Job,
1587 597 1682 652 sed
1708 598 1869 654 etiam
1907 599 2056 654 mille

463 705 798 748 coronarum
825 690 1037 747 occasio
1072 689 1273 746 fuerit?
1307 690 1434 762 quid
1472 691 1624 756 dico,
1653 691 1760 746 fera
1791 701 1845 747 et
1871 691 2054 761 homo,

468 801 591 846 cum
619 787 779 844 etiam
807 786 875 841 ab
900 787 964 842 iis
986 801 1107 855 quae
1135 785 1189 840 in
1218 794 1270 840 te
1305 795 1433 841 sunt
1460 786 1761 850 elementis,
1807 786 1853 841 si
1893 785 2059 842 {ueris

473 877 768 948 negligens,
799 877 955 947 longe
980 876 1056 932 sis
1094 876 1337 947 graviora
1363 888 1638 945 passurus,
1679 891 1872 947 nempe
1894 891 1926 931 a
1952 876 2061 933 bile

473 969 556 1026 vel
603 970 827 1041 pituita,
873 970 918 1025 si
965 969 1406 1024 immoderatione
1452 967 1628 1040 aliqua
1672 969 2059 1025 redundantem

469 1076 660 1116 eorum
703 1061 912 1130 ecpiam
951 1059 1302 1130 despexeris?
1344 1059 1496 1117 Adeo
1535 1060 1713 1116 sobria
1751 1059 2062 1130 etvigilanti

473 1159 654 1206 mente
681 1150 878 1220 ubique
917 1164 1052 1220 opus
1075 1159 1176 1206 est.
1215 1149 1320 1206 Sed
1345 1151 1798 1222 quemadmodum
1827 1151 1874 1206 si
1899 1149 2064 1208 lueris

473 1242 780 1314 negligens,
823 1243 1113 1297 maximum
1157 1243 1280 1298 inde
1321 1242 1574 1299 damnum
1600 1243 1834 1315 accipies
1865 1262 1879 1298 :
1911 1243 1983 1299 ita
2017 1242 2064 1299 si

475 1347 714 1394 attentus
741 1337 815 1393 sis
840 1346 896 1394 ct
922 1337 1145 1406 vigilans
1163 1377 1180 1402 ,
1217 1351 1323 1392 non
1352 1337 1469 1394 leve
1493 1352 1593 1394 nec
1614 1335 2067 1394 contemnendum

476 1431 702 1501 accipiet
742 1429 1124 1486 commodum:
1161 1429 1467 1484 universum
1510 1429 1653 1486 enim
1697 1428 1751 1484 in
1791 1428 1962 1484 libero
1991 1428 2066 1483 tui

477 1523 644 1579 animi
669 1522 894 1578 arbitrio
934 1523 1093 1578 situm
1136 1530 1236 1577 est.
1267 1521 1424 1589 Quod
1457 1530 1543 1577 est
1581 1536 1710 1592 ergo
1741 1522 1832 1576 nix
1866 1523 1918 1576 in
1945 1519 2068 1575 uni-

483 1630 662 1682 verso,
705 1623 762 1671 et
801 1614 940 1686 ignis
959 1656 975 1682 ,
1004 1623 1058 1669 et
1099 1613 1318 1684 spiritus
1344 1611 1696 1683 procellarum
1719 1651 1735 1678 ,
1765 1611 1868 1666 hoc
1893 1619 1976 1666 est
2013 1611 2068 1666 in

481 1723 710 1777 corpore
733 1707 941 1778 pituita,
964 1707 1202 1778 sanguis,
1225 1716 1280 1762 et
1303 1706 1454 1772 bilis;
1470 1714 1537 1761 et
1555 1721 1616 1761 ea
1637 1715 1846 1774 oportet
1866 1705 2073 1775 sapien-

483 1797 693 1852 tissime
722 1812 910 1868 regere
931 1806 986 1853 et
1008 1797 1405 1864 administrare,
1431 1805 1490 1852 ut
1507 1811 1576 1853 ex
1598 1796 1679 1852 eis
1702 1797 1875 1867 aliqua
1896 1795 2075 1867 capia-

488 1897 574 1941 tur
597 1886 820 1953 utilitas,
848 1901 956 1942 non
985 1895 1168 1943 autem
1193 1887 1592 1944 detrimentum.
1621 1887 1690 1941 Et
1712 1885 1836 1956 quid
1863 1886 1984 1941 dico
2006 1887 2075 1943 de

491 1994 738 2050 corpore,
759 1995 880 2035 cum
906 1980 1083 2035 anima
1118 1993 1330 2052 quoque
1363 1979 1552 2035 habeat
1579 1977 1854 2042 nonnulla,
1884 1993 2004 2050 qua:
2028 1970 2075 2034 si

483 2071 678 2132 siveris
720 2072 1007 2142 pervenire
1041 2071 1107 2126 ad
1145 2071 1664 2136 imtnoderationem,
1709 2069 1882 2126 morbi
1919 2070 2072 2136 ﬁunt,

488 2163 582 2220 sed
607 2161 655 2218 si
682 2177 745 2218 ea
773 2164 1000 2234 castiges
1022 2171 1078 2218 et
1105 2163 1421 2231 modereris,
1451 2162 1582 2218 ﬁunt
1606 2161 1924 2219 adminicula
1945 2163 1969 2217 i
1994 2161 2078 2219 Ira

492 2255 659 2320 enim,
677 2254 721 2309 si
744 2270 805 2310 ea
829 2263 886 2310 ut
907 2265 1118 2326 oportet
1138 2257 1324 2321 utaris,
1345 2264 1430 2312 est
1449 2256 1681 2312 salutare
1700 2255 2075 2328 pharmacum:

498 2345 593 2403 sed
621 2345 668 2402 si
695 2346 1074 2414 immoderate,
1105 2361 1265 2403 causa
1293 2355 1376 2403 est.
1411 2348 1580 2404 exitii.
1622 2348 1690 2403 Et
1722 2347 2006 2418 cupiditas,
2033 2346 2080 2402 si

494 2438 768 2496 moderate
792 2455 911 2496 eam
949 2455 1103 2511 regas
1122 2482 1138 2506 ,
1167 2449 1219 2496 te
1243 2448 1452 2512 patrem
1495 2440 1698 2507 efﬁcit;
1739 2449 1824 2496 est
1847 2440 1989 2496 enim
2013 2438 2081 2495 ad

494 2531 632 2587 ﬁlios
657 2530 1018 2602 procreandos
1047 2532 1192 2587 utilis
1216 2548 1232 2599 ;
1264 2532 1359 2587 sed
1393 2531 1438 2587 si
1464 2547 1582 2586 eam
1607 2546 1890 2600 erumpere
1915 2532 2082 2600 sinas,

495 2627 548 2680 in
585 2632 769 2697 stupra
809 2635 863 2681 et
901 2625 1164 2682 adulteria
1207 2636 1258 2681 te
1298 2641 1443 2696 saepe
1479 2624 1715 2696 conjicit.
1753 2624 1833 2682 Ne
1873 2625 2083 2696 culpam

494 2735 624 2790 ergo
654 2720 707 2775 in
747 2733 836 2775 res
862 2718 1137 2782 conferas,
1183 2717 1277 2775 sed
1303 2733 1517 2789 semper
1555 2717 1609 2773 in
1639 2727 1782 2772 tuam
1823 2725 2085 2775 mentem.

495 2811 552 2867 Si
578 2825 699 2867 eam
717 2810 860 2866 enim
888 2810 1207 2882 neglexeris,
1232 2825 1263 2864 a
1293 2810 1462 2881 teipso
1485 2823 1698 2880 quoque
1719 2808 1951 2877 ladcris,
1974 2819 2029 2864 et
2053 2824 2087 2865 ι

497 2903 714 2975 proprio
756 2918 984 2973 corpore
1027 2903 1306 2973 perdcris;
1347 2902 1444 2958 sed
1473 2902 1522 2958 si
1546 2901 1664 2972 ejus
1687 2917 1870 2957 curam
1905 2915 2088 2973 gesse-

497 2996 607 3061 ris,
641 3010 740 3050 nec
768 3010 798 3048 a
827 2993 1162 3050 daemonibus
1203 2993 1440 3064 quidem,
1479 3008 1580 3049 nec
1607 3008 1636 3047 a
1674 2993 1922 3059 diabolo,
1965 3001 2088 3048 tan-

499 3095 608 3141 tum
647 3086 834 3153 abest,
876 3095 934 3140 ut
971 3100 1002 3140 a
1043 3083 1194 3153 feris,
1236 3085 1435 3156 aliquid
1472 3098 1636 3154 grave
1671 3093 1764 3139 aut
1801 3083 2087 3140 molestum

497 3178 753 3250 patiaris.

573 3271 964 3342 Magistratuum
989 3270 1359 3326 necessitas.—-
1375 3270 1460 3325 ll.
1486 3270 1645 3342 Reges
1661 3279 1827 3336 terra,
1849 3279 1898 3323 et
1917 3286 2091 3325 omnes

503 3366 700 3436 populi.
730 3366 877 3421 Alius
898 3407 916 3434 ,
958 3365 1024 3420 Et
1051 3381 1223 3420 omnes
1249 3364 1518 3434 tribus(a).
1551 3364 1821 3434 Principes
1845 3375 1892 3418 et
1920 3380 2092 3418 omnes

495 3457 698 3528 jndices
725 3466 892 3512 terra.
941 3455 1030 3511 i2.
1075 3453 1295 3511 Iuvenes
1321 3467 1368 3510 et
1393 3456 1628 3528 virgines.
1678 3457 1859 3520 Alius,
1906 3456 2089 3511 Electi.

505 3547 663 3602 Senes
703 3563 817 3601 cum
846 3547 1160 3620 junioribus.
1183 3547 1367 3615 Alius,
1397 3546 1524 3602 Cum
1543 3547 1834 3618 juvenibus.
1860 3547 2094 3601 Laudent

507 3655 690 3694 nomen
730 3638 957 3694 Domini.
1007 3639 1106 3694 llic
1145 3655 1332 3696 rursus
1375 3640 1608 3710 loquitur
1644 3638 1712 3695 de
1755 3639 1861 3694 alio
1897 3654 2094 3710 genere

509 3729 856 3798 providentiae
885 3771 902 3797 ,
955 3745 1146 3802 nempe
1194 3732 1262 3785 de
1310 3730 1637 3801 principibus
1670 3747 1684 3784 :
1716 3729 1858 3800 quod
1898 3729 2095 3786 Paulus

507 3834 720 3890 quoque
751 3820 804 3875 in
833 3819 1059 3890 epistola
1087 3820 1155 3876 ad
1199 3820 1470 3876 Romanos
1494 3820 1664 3892 ponit,
1705 3820 2097 3888 sapientissime

507 3911 796 3968 ostendens
825 3911 928 3969 hoc
962 3911 1128 3969 fuisse
1169 3927 1304 3983 opus
1346 3912 1441 3969 Dei
1479 3913 1857 3984 providentia),
1901 3913 1954 3969 in
2003 3928 2097 3970 eos

507 4005 599 4075 qui
630 4005 971 4076 magistratus
998 4013 1229 4076 gerunt,
1273 4015 1328 4062 et
1365 4005 1420 4062 in
1466 4021 1562 4062 eos
1597 4007 1688 4078 qui
1732 4006 1836 4062 illis
1876 4015 2095 4078 parent,

513 4095 818 4152 universum
843 4095 1110 4152 divisisse.
1137 4095 1237 4151 Dei
1264 4097 1396 4150 enim
1423 4097 1652 4152 minister
1669 4106 1743 4152 est
1767 4097 1876 4164 tibi,
1906 4098 2097 4170 inquit,

509 4189 562 4244 in
604 4189 791 4244 bonum
827 4189 1003 4262 (Rom.
1053 4189 1141 4244 15.
1184 4189 1262 4260 ι).
1304 4187 1360 4245 Si
1408 4189 1511 4245 hoc
1555 4199 1734 4245 autem
1779 4191 2097 4258 sustuleris,

513 4279 827 4335 universum
858 4279 1058 4335 interit.
1089 4279 1146 4335 Si
1175 4279 1319 4334 enim
1358 4293 1480 4334 cum
1510 4293 1653 4334 nunc
1684 4289 1808 4334 sunt
1834 4281 2101 4350 principes

513 4379 566 4424 ct
596 4370 936 4440 magistratus
959 4411 976 4436 ,
1025 4370 1283 4440 multique
1311 4378 1436 4424 sunt
1464 4369 1516 4424 in
1545 4372 1623 4426 eis
1650 4371 1886 4440 corrupti
1915 4386 1978 4425 ac
2001 4371 2100 4426 de—

515 4461 738 4529 pravati,
767 4469 946 4516 tantus
974 4470 1148 4517 tamen
1175 4461 1250 4516 rei
1276 4470 1360 4516 est
1385 4474 1532 4526 usus,
1564 4468 1622 4516 ut
1644 4462 1802 4516 etiam
1829 4477 1948 4516 cum
1975 4463 2100 4519 mali

513 4554 646 4619 sint,
681 4568 873 4624 magna
899 4569 965 4610 ex
999 4553 1082 4610 eis
1113 4555 1354 4623 cajttiatnr
1377 4552 1574 4608 utilitas
1596 4594 1612 4618 ,
1655 4554 1828 4623 cogita
1854 4554 1991 4624 apud
2019 4563 2099 4623 te,

516 4647 560 4700 si
594 4646 629 4701 ii
654 4648 848 4717 quibus
875 4655 1002 4703 sunt
1027 4647 1215 4703 crediti
1247 4646 1616 4718 magistratus,
1654 4660 1750 4703 eos
1779 4657 1926 4703 recte
1949 4663 2102 4718 gere-

521 4747 666 4800 rent,
689 4753 848 4808 quam
877 4739 1014 4794 bene
1041 4754 1164 4794 cum
1189 4754 1388 4811 genere
1421 4737 1654 4794 humano
1695 4751 1964 4812 ageretur.
1995 4743 2102 4798 Sed

521 4829 863 4899 magistratus
887 4829 1104 4900 quidem
1135 4830 1460 4887 constituere
1479 4871 1495 4896 ,
1525 4830 1622 4886 luit
1650 4831 1743 4888 Dei
1768 4847 1903 4903 opus
1926 4851 1940 4888 :
1962 4834 2102 4905 quod

516 4929 693 4977 autem
737 4921 965 4992 improbi
1006 4922 1073 4977 ad
1121 4937 1216 4978 eos
1252 4922 1645 4996 provehantur.
1683 4934 1740 4980 et
1776 4925 1855 4982 eis
1900 4942 2004 4983 non
2046 4938 2106 4984 ut

517 5014 675 5068 decet
699 5021 934 5081 utantur,
961 5023 1044 5069 est
1069 5013 1343 5071 hominum
1375 5016 1746 5087 improbitatis.

592 5105 648 5163 5.
682 5105 821 5162 Dicit
847 5117 977 5178 ergo
1003 5118 1253 5178 oportere
1291 5124 1510 5180 magnas
1551 5109 1662 5164 Deo
1687 5109 1884 5180 gratias
1911 5125 2069 5182 agere
2086 5153 2105 5177 ,

517 5201 658 5272 quod
689 5201 798 5257 sint
823 5210 879 5258 et
913 5217 1073 5274 reges
1095 5241 1110 5263 .
1139 5210 1194 5257 et
1219 5200 1441 5272 judices.
1471 5200 1631 5258 Certo
1657 5203 1798 5260 enim
1833 5204 2106 5262 ordine-et

520 5295 681 5352 modo
725 5295 1030 5352 constituta:
1074 5295 1347 5352 hominum
1398 5294 1871 5352 administrationis
1920 5313 2102 5354 curam

579 5429 654 5491 (a)
687 5431 837 5482 tlehr.
872 5408 1164 5489 wsb-5:
1180 5475 1194 5498 ,
1231 5444 1378 5498 quam
1398 5443 1570 5482 vocem
1589 5429 1705 5480 Psal.
1731 5431 1781 5486 2,
1797 5447 1844 5498 v.
1870 5433 1914 5492 l,
1934 5433 2105 5498 Aquila

520 5502 673 5567 vertit
691 5503 1028 5567 ob).a,_tribtts.
1057 5497 1360 5567 Haac'rigitur
1391 5499 1739 5567 interpretatio
1760 5497 1956 5567 videtur
1979 5497 2090 5567 esse

523 5563 745 5626 Aquilae,
769 5563 855 5624 qui
872 5566 1020 5626 solet
1046 5566 1202 5613 semel
1233 5563 1513 5626 usurpatam
1549 5563 2008 5626 interpretationem
2035 5563 2093 5608 ut

522 5623 1062 5693 1t'ltiriomntn’adhiberc.
1101 5623 1382 5688 Sequentes
1417 5623 1853 5690 interpretationes
1883 5631 2091 5682 quorum

524 5693 621 5735 sint
646 5693 915 5748 ignoratur.

3669 217 3802 273 89⁵1

2157 334 2353 390 gerens
2371 361 2391 391 ,
2417 331 2473 378 et
2501 337 2568 378 ne
2596 323 2715 394 plus
2741 341 2902 395 quam
2943 326 3116 383 ferino
3145 329 3252 386 ritu
3279 333 3433 388 multi
3475 334 3750 390 viverent
3777 375 3805 398 .

2162 413 2468 483 providens,
2496 415 2656 471 veluti
2686 419 2972 486 quamdam
2998 434 3187 476 currus
3215 423 3437 493 regendi
3467 434 3653 481 artem
3673 467 3698 494 ,
3725 437 3812 482 es

2162 507 2311 561 navis
2338 507 2703 578 gubernandze
2740 510 3058 575 scientiam,
3107 515 3452 584 magistratus
3499 527 3562 574 et
3599 534 3804 588 regna

2162 599 2382 671 largitus
2416 611 2519 656 est.
2561 601 2617 658 Si
2655 617 2785 673 ergo
2820 603 2898 659 sis
2940 605 3222 676 princeps,
3266 618 3358 663 aut
3386 613 3804 680 magistratum

2162 706 2318 762 geras
2337 733 2354 759 ,
2382 691 2616 763 benigno
2657 695 2766 750 Deo
2802 709 2902 766 age
2937 697 3158 766 gratias,
3187 699 3328 768 quod
3355 710 3518 756 tante
3537 716 3702 756 cura
3731 711 3806 756 es

2163 783 2453 855 diligentia:
2480 785 2574 839 tibi
2610 785 2732 840 data
2768 786 2839 842 sit
2876 789 3090 844 occasio
3119 806 3134 844 :
3163 789 3210 844 si
3253 790 3526 860 privatus,
3577 807 3806 846 rursus

2164 889 2263 944 age
2299 875 2530 946 gratias,
2567 877 2710 946 quod
2739 877 2938 934 habeas
2979 881 3068 950 qui
3120 881 3192 934 tui
3238 895 3421 936 curam
3446 891 3638 953 gerat,
3675 897 3802 937 nec

2166 967 2460 1037 permittat,
2481 976 2541 1021 ut
2562 976 2614 1022 te
2633 968 2862 1038 improbi
2893 970 3100 1026 insidiis
3117 972 3543 1028 circumventum
3576 974 3791 1043 oppri-

2167 1059 2370 1114 mant‘.
2409 1059 2514 1115 Seu
2561 1060 2626 1114 ad
2674 1069 3006 1118 senectutem
3047 1065 3384 1132 perveneris,
3415 1079 3510 1120 seu
3551 1066 3636 1120 sis
3681 1065 3783 1134 ju-

2171 1150 2346 1214 venis,
2377 1149 2488 1205 Deo
2515 1166 2614 1222 age
2641 1153 2858 1222 gratias.
2893 1153 3004 1208 Hoc
3033 1155 3174 1208 enim
3204 1155 3438 1211 maxime
3459 1156 3662 1226 probat
3693 1155 3790 1210 hic

2169 1242 2414 1300 Psalmus
2440 1260 2538 1315 per
2560 1246 2759 1312 omnia,
2787 1247 2929 1316 quod
2958 1256 3205 1317 oporteat
3232 1247 3398 1302 Deum
3427 1248 3655 1302 laudare
3679 1263 3793 1318 pro

2169 1336 2422 1392 omnibus
2440 1377 2457 1401 ,
2499 1351 2595 1392 seu
2620 1337 2696 1393 sis
2721 1337 3062 1408 magistratus
3080 1380 3098 1407 ,
3137 1355 3232 1395 seu
3259 1341 3536 1411 privatus:
3561 1349 3626 1395 et
3653 1341 3792 1397 ideo

2176 1427 2279 1484 hoc
2321 1427 2630 1500 signiﬁcans
2670 1429 2834 1496 dixit,
2875 1429 2944 1485 Et
2989 1447 3162 1486 omnes
3202 1433 3400 1504 populi.
3423 1432 3534 1489 Seu
3570 1433 3751 1489 fueris
3771 1475 3791 1501 ,

2172 1520 2382 1589 inquit,
2413 1535 2602 1587 senex,
2630 1535 2724 1576 seu
2751 1520 2965 1590 juvenis
2986 1563 3004 1588 ,
3035 1537 3130 1577 seu
3156 1523 3272 1589 vir,
3303 1538 3399 1578 seu
3429 1525 3660 1582 mulier.
3691 1527 3792 1580 i3.

2177 1613 2311 1681 Quia
2334 1613 2612 1668 exaltatum
2637 1621 2708 1668 est
2737 1630 2918 1668 nomen
2942 1618 3056 1684 eius
3085 1617 3263 1670 solius.
3293 1616 3446 1671 Alius
3465 1658 3482 1678 ,
3513 1617 3662 1684 Quia
3688 1635 3790 1672 su-

2174 1706 2510 1776 pereminens.
2555 1705 2645 1760 14.
2674 1703 2934 1765 Confessio
2966 1706 3076 1766 eius
3102 1723 3254 1775 super
3280 1716 3465 1760 terrent
3491 1717 3540 1760 et
3572 1709 3788 1761 celum.

2173 1797 2348 1865 Alius,
2379 1794 2449 1852 Et
2473 1798 2691 1868 hymnus
2717 1798 2846 1869 ejus.
2878 1796 2944 1852 Et
2972 1797 3214 1852 exaltabit
3254 1814 3412 1852 cornu
3453 1800 3648 1867 populi
3679 1800 3790 1852 μή.

2179 1888 2418 1960 Hymnus
2438 1889 2671 1945 omnibus
2699 1891 2886 1945 sanctis
2911 1891 3046 1962 ejus,
3074 1890 3197 1960 ﬁliis
3237 1889 3426 1958 Israel,
3459 1892 3667 1962 populo
3683 1909 3791 1960 up-
3825 1899 3840 1908 '

2179 1981 2540 2052 propinquanti
2581 1982 2698 2036 sibi.
2743 1981 2896 2050 Quod
2942 1990 3122 2037 autem
3165 1981 3296 2038 dicit
3337 1990 3422 2038 est
3463 1981 3792 2051 ejusmodi:

2183 2071 2406 2129 Ostendi
2432 2087 2499 2128 ex
2524 2072 2591 2128 iis
2613 2087 2734 2143 qua:
2759 2071 3007 2128 videntur
3033 2072 3280 2128 omnibus
3298 2113 3318 2141 ,
3345 2072 3466 2137 ejus
3487 2072 3796 2142 providen-

2181 2165 2310 2221 tiam
2333 2205 2350 2232 ,
2397 2163 2621 2236 gloriam
2645 2205 2662 2230 ,
2711 2165 3048 2234 majestatem
3077 2181 3092 2219 :
3119 2171 3329 2235 oportet
3369 2173 3550 2219 autem
3605 2165 3797 2233 ipsum

2181 2257 2404 2316 laudare
2429 2273 2537 2315 non
2579 2259 2649 2314 ob
2675 2257 2792 2314 btec
2833 2259 3004 2314 solum
3027 2297 3046 2324 ,
3089 2257 3186 2312 sed
3221 2257 3381 2313 etiam
3411 2255 3629 2327 absque
3659 2258 3752 2312 his
3776 2274 3795 2312 :

2182 2365 2308 2405 nam
2331 2358 2457 2406 ante
2482 2349 2597 2406 haec
2622 2392 2637 2416 ,
2661 2360 2719 2424 et
2746 2350 2864 2405 sine
2893 2349 2975 2404 his
2998 2348 3048 2402 ei
3073 2347 3260 2418 obtigit
3281 2347 3543 2414 altitudo,
3569 2348 3758 2418 gloria
3774 2390 3797 2412 ,

2183 2452 2240 2499 et
2285 2441 2354 2498 ab
2395 2441 2644 2498 omnibus
2678 2443 2967 2512 gratiarum
3010 2438 3174 2496 actio.
3219 2437 3348 2494 Illud
3389 2447 3570 2493 autem
3595 2480 3614 2502 ,
3658 2437 3800 2504 Eius

2183 2534 2361 2600 solius,
2385 2533 2540 2599 dixit,
2570 2543 2631 2588 ut
2672 2534 2740 2588 ab
2765 2533 2852 2600 iis,
2881 2534 2971 2602 qui
3000 2545 3125 2588 vere
3149 2530 3221 2586 dii
3252 2545 3359 2586 nou
3387 2538 3539 2596 sunt,
3581 2529 3794 2585 distin-

2184 2634 2457 2697 gueretur.
2493 2624 2696 2680 Deinde
2731 2624 2962 2680 evehens
3005 2637 3193 2678 rursus
3239 2620 3540 2676 auditorem
3583 2620 3664 2676 ad
3711 2623 3797 2674 al-

2187 2721 2380 2775 tiorem
2408 2717 2932 2786 contemplationem,
2951 2732 2980 2770 a
3003 2725 3141 2770 terra
3163 2729 3345 2770 rursus
3364 2728 3487 2768 eum
3511 2713 3566 2768 in
3585 2713 3795 2768 caelum

2187 2811 2460 2868 translert.
2491 2807 2951 2878 Quemadmodum
2993 2807 3134 2862 enim
3180 2807 3232 2860 in
3276 2805 3540 2876 principio
3577 2820 3616 2860 e
3657 2805 3800 2860 ario

2189 2902 2243 2958 in
2273 2911 2470 2958 terram
2510 2898 2829 2958 descendit:
2859 2899 2929 2953 ita
2967 2897 3038 2950 ab
3077 2897 3326 2951 omnibus
3367 2910 3486 2964 qua:
3528 2894 3800 2950 videntur

2190 2991 2345 3049 eﬁ'ert
2381 3005 2567 3048 rursus
2615 2990 2886 3045 hominem
2925 3002 3085 3058 supra
3131 2988 3354 3052 czelum,
3389 2985 3580 3040 dicens
3609 3004 3632 3053 :_
3658 2986 3799 3039 Cou-

2191 3085 2343 3157 fessio
2371 3084 2482 3155 ejus
2523 3099 2677 3154 super
2700 3081 2880 3136 cazlum
2920 3089 2967 3135 et
3005 3090 3214 3134 terram.
3253 3078 3366 3134 Hoc
3401 3086 3522 3142 est,
3561 3077 3798 3131 Etiamsi

2154 3224 2156 3228 ,
2191 3191 2438 3248 superna:
2468 3184 2754 3246 potestates
2777 3214 2793 3239 ,
2823 3187 2944 3243 quas
2983 3171 3084 3226 sub
3106 3180 3381 3242 aspectum
3412 3185 3521 3224 non
3547 3169 3758 3224 cadunt
3777 3209 3798 3231 ,

2193 3277 2248 3324 et
2277 3267 2620 3337 intelligentia
2655 3265 2769 3320 sola
2813 3265 3343 3333 comprehenduntur
3365 3302 3381 3326 ,
3425 3276 3533 3316 non
3573 3271 3800 3315 cessant

2196 3361 2306 3416 Deo
2332 3361 2530 3430 gratias
2557 3373 2715 3430 agere
2755 3365 2810 3414 et
2856 3355 3111 3410 laudare:
3135 3355 3276 3408 Deus
3303 3364 3513 3412 tamen.
3543 3354 3638 3422 qui
3674 3353 3803 3406 talis

2195 3459 2280 3506 est
2298 3459 2354 3504 et
2380 3457 2578 3512 tantus,
2604 3462 2702 3502 nos
2727 3462 2939 3517 quoque
2964 3445 3212 3515 dignatus
3236 3452 3320 3499 est
3345 3459 3498 3499 suum
3530 3443 3796 3512 populum

2195 3557 2388 3599 vocare
2411 3561 2425 3597 :
2448 3557 2547 3598 nec
2567 3542 2738 3597 solum
2765 3555 2978 3604 vocare,
2999 3539 3093 3596 sed
3119 3539 3279 3595 etiam
3304 3538 3512 3608 erigere
3535 3547 3594 3591 et
3611 3536 3798 3590 extolo

2197 3635 2328 3690 lere.
2355 3633 2425 3689 Et
2451 3633 2570 3689 ideo
2595 3632 2866 3704 subiunxit
2887 3648 2902 3686 :
2925 3629 2992 3686 Et
3019 3629 3258 3684 exaltabit
3284 3643 3442 3682 cornu
3468 3627 3650 3698 populi
3669 3629 3756 3681 sui
3772 3642 3792 3679 :

2199 3729 2300 3784 hac
2323 3741 2506 3782 rursus
2526 3725 2731 3781 ratione
2755 3724 2824 3780 ad
2843 3724 3099 3792 majorem
3121 3721 3237 3790 ejus
3257 3721 3459 3776 cultum
3486 3719 3794 3782 attraltens,

2200 3831 2254 3879 et
2279 3819 2568 3877 ostendens
2605 3833 2664 3874 se
2694 3833 2799 3873 non
2831 3832 3015 3872 eorum
3043 3815 3188 3870 cultu
3219 3822 3275 3869 et
3315 3813 3664 3867 veneratione
3707 3813 3795 3864 in-

2199 3914 2468 3985 digentem
2511 3910 2806 3984 (quomodo
2855 3909 2998 3964 enim
3047 3907 3132 3962 cui
3173 3912 3360 3960 natura
3411 3913 3494 3956 est
3535 3903 3795 3956 attributa

2200 4007 2391 4078 gloria,
2418 4015 2473 4062 et
2494 4013 2572 4060 tot
2597 4013 2652 4060 et
2673 4013 2832 4058 tantae
2867 4001 3122 4071 subjectte
3150 4007 3275 4052 sunt
3299 3995 3606 4052 creaturae?
3627 3995 3666 4067 ),
3698 3997 3795 4050 sed

2208 4109 2426 4171 propter
2451 4099 2620 4155 solam
2660 4097 2954 4152 bonitatem
2983 4108 3078 4150 eos
3107 4092 3208 4147 sibi
3234 4091 3528 4162 peculiares
3547 4088 3796 4144 cll'ecisse

2203 4203 2258 4250 et
2296 4193 2614 4256 familiares,
2662 4189 2941 4260 clarosque
2982 4194 3037 4242 et
3079 4184 3316 4255 insignes
3361 4181 3658 4237 reddidisse
3703 4195 3800 4250 per

2205 4284 2513 4342 universum
2554 4283 2738 4338 orbem
2792 4291 2972 4335 terrzc.
3026 4276 3178 4346 Quod
3227 4275 3442 4347 quidem
3485 4272 3796 4342 signiﬁcans

2204 4377 2370 4432 dixit:
2395 4375 2628 4446 Hymnus
2648 4372 2880 4428 omnibus
2898 4371 3086 4425 sanctis
3105 4369 3236 4440 ejus,
3256 4367 3378 4437 [iliis
3394 4365 3583 4430 Israel,
3609 4364 3798 4435 popula

2205 4466 2638 4538 apprOpinquanti
2676 4465 2790 4520 sibi.
2822 4462 2900 4519 Ne
2936 4476 3030 4520 eos
3054 4461 3197 4515 enim
3229 4459 3352 4514 ideo
3377 4456 3716 4512 somrdiores
3743 4466 3798 4510 et

2207 4559 2510 4630 supiniores
2534 4556 2811 4622 redderet,
2839 4553 2982 4627 quod
3003 4567 3098 4609 eos
3132 4550 3382 4623 populum
3408 4549 3527 4619 ejus
3555 4548 3761 4604 diceret
3777 4589 3794 4610 ,

2207 4661 2264 4707 et
2306 4652 2358 4707 in
2392 4649 2494 4706 hoc
2520 4649 2636 4705 solo
2663 4649 2879 4704 nomine
2919 4645 3164 4701 liduciam
3208 4642 3535 4700 collocantes
3555 4681 3573 4706 ,
3604 4641 3797 4694 anima:

2207 4745 2455 4799 virtutem
2480 4742 2812 4813 negligerent
2835 4759 2848 4795 :
2870 4750 3151 4811 postquam
3179 4736 3332 4800 dixit,
3365 4733 3602 4806 Hymnus
3633 4735 3797 4786 οιιιιιι-

2210 4838 2321 4901 bus,
2348 4849 2456 4897 non
2481 4833 2614 4890 dixit
2635 4833 2898 4896 absolute,
2924 4827 3258 4890 Hominibus.
3285 4826 3401 4892 sed,
3427 4825 3634 4880 Sanctis
3651 4825 3763 4895 ejus
3785 4841 3803 4875 :

2207 4938 2265 4984 et
2293 4941 2478 4984 rursus
2501 4937 2780 4998 postquam
2808 4924 2960 4987 dixit,
2981 4921 3134 5000 Filiis
3155 4919 3340 4985 Israel,
3360 4918 3575 4988 adjecit,
3601 4916 3806 4986 Populo

2211 5022 2637 5096 appropinquanti
2655 5019 2772 5076 sibi.
2794 5019 2943 5074 Alius
2961 5025 3139 5073 autem
3163 5015 3426 5084 interpres
3445 5027 3545 5084 pro
3569 5026 3639 5067 eo
3659 5011 3802 5080 quod

2215 5125 2300 5172 est
2344 5113 2602 5187 Hymnus,
2647 5111 2800 5176 dixit,
2843 5108 2982 5165 Laus
3027 5108 3128 5182 (α).
3173 5106 3327 5176 Quod
3372 5120 3502 5176 ergo
3549 5104 3682 5159 dicit
3720 5115 3802 5158 est

2211 5205 2476 5277 ejusmodi
2495 5223 2510 5261 :
2528 5204 2583 5261 Si
2598 5204 2764 5259 sancti
2786 5202 2922 5270 sitis,
2949 5202 2992 5257 si
3011 5200 3060 5256 ei
3075 5197 3530 5272 appropinquetis,
3558 5209 3804 5266 magnam

2212 5301 2437 5374 gloriam
2454 5297 2876 5370 consequemini.
2895 5297 3032 5353 Sunt
3045 5294 3187 5350 enim
3209 5292 3323 5362 ejus
3343 5291 3523 5346 omnia
3547 5287 3804 5360 perennia

2276 5505 2293 5536 ί
2329 5510 2440 5553 Post
2474 5501 2580 5563 haec
2616 5499 2766 5549 verba
2785 5537 2798 5555 ,
2839 5495 3030 5563 insidiis
3074 5497 3476 5563 recumbentium
3495 5487 3777 5563 opprimant
3793 5522 3809 5546 ,

2212 5547 2345 5616 unus
2361 5547 2812 5625 siliti','3iwen;~}é¢
2834 5547 3062 5622 virgines,
3081 5557 3291 5608 seniores
3315 5567 3426 5604 cum
3449 5547 3746 5625 junioribus.

2282 5658 2358 5722 (rt)
2389 5659 2502 5718 Quis
2526 5657 2590 5709 ita
2615 5655 2819 5706 verterit
2844 5655 3133 5716 ignoramus.
3162 5649 3450 5698 ttcbt‘aictuu
3476 5649 3570 5701 est,
3597 5618 3776 5696 n'rﬁl.

4009 779 4022 812 ι

4013 0 4028 176 λ

4007 363 4028 802 Ἰ

3975 955 4002 1062 l

4011 2667 4027 2760 l

4010 1609 4028 1850 ν

4023 3379 4027 3519 Ι
