4070 6214
377 336 472 393 ιρι
1397 315 1763 379 EXPOSITIO
1800 311 1867 370 IN
1905 311 2237 370 PSALMUM
2279 311 2560 370 CXLVIII.
2997 384 3000 388 η
3527 311 3636 368 I92

382 449 500 517 ρίαν
524 439 604 513 τῷ
624 439 725 510 τῆς
757 435 1054 500 ἐπιεικείας
1070 434 1416 508 προσωπείῳ,
1435 432 1560 487 ὅθεν
1579 433 1674 486 καὶ
1699 427 1958 490 πολλάκις

382 535 500 590 ἐστὶ
528 532 918 603 δυσφύλακτος.
951 528 1090 583 Ἀλλ’
1109 527 1205 580 ἐὰν
1225 527 1420 597 νήφῃς,
1451 525 1574 578 οὐτε
1595 523 1804 595 θηρίον,
1836 517 1960 573 οὐτε

386 625 670 698 ἄνθρωπός
697 641 756 678 σε
796 621 967 676 δεινόν
1011 637 1063 673 τι
1094 617 1408 689 ἐργάσεται,
1442 615 1692 669 ἀλλὰκαὶ
1712 613 1782 667 τά
1809 610 1962 683 μέγι-

390 736 490 772 στα
521 717 811 787 ὠφελήσει.
866 713 977 768 Καὶ
1004 712 1055 766 τί
1108 710 1251 778 λέγω
1276 707 1462 779 θηρίον
1511 708 1605 760 καὶ
1653 705 1961 773 ἅνθρωπος,

385 810 518 864 ὅπου
547 827 610 878 γε
645 807 737 862 καὶ
766 806 926 870 αὐτὸς
963 807 992 858 ό
1021 801 1263 864 διάϐολος
1291 800 1351 853 οὐ
1387 800 1546 861 μόνον
1581 798 1732 852 οὐδὲν
1762 794 1960 864 ἔϐλαψε

383 903 474 957 τὸν
511 901 651 966 Ἰὼϐ,
684 900 820 954 ἀλλά
856 899 949 952 καὶ
979 896 1188 968 μυρίων
1241 893 1518 962 στεφάνων
1556 891 1702 962 αὐτῷ
1738 890 1962 959 γέγονεν

385 994 638 1066 ἀφορμή;
672 992 725 1045 τί
755 992 900 1060 λέγω
927 989 1115 1061 θηρίον
1143 987 1236 1040 καὶ
1272 985 1578 1057 ἄνθρωπον,
1605 985 1736 1038 ὅπου
1760 999 1824 1050 γε
1868 981 1963 1034 καὶ⁸

386 1089 490 1142 ὐπὸ
509 1087 614 1142 τῶν
639 1088 698 1140 ἐν
741 1084 823 1138 σοὶ
861 1080 1126 1153 κειμένων
1167 1079 1444 1150 στοιχείων
1493 1078 1590 1132 ἐὰν
1642 1077 1964 1150 ῥᾳθυμήσῃς

386 1179 565 1250 πολλῴ
589 1175 943 1251 χαλεπώτερα
971 1175 1135 1244 πείσῃ
1155 1213 1171 1237 ,
1203 1167 1314 1225 οἷον
1346 1169 1451 1225 ὐπδ
1481 1169 1642 1242 χολῆς
1665 1169 1700 1241 ἢ
1722 1169 1964 1240 φλέγμα-

385 1289 496 1336 τος,
520 1271 586 1326 ἂν
609 1269 843 1341 ἀμετρίᾳ
866 1267 972 1320 τινὶ
991 1265 1091 1336 τὴν
1113 1260 1317 1317 τούτων
1337 1261 1647 1326 πλεονεξίαν
1674 1259 1922 1331 περιίδῃς
1946 1276 1961 1322 ς

385 1362 544 1417 Οὕτω
584 1357 916 1429 πανταχόθεν
961 1351 1237 1425 νηφούσης
1298 1351 1456 1423 χρεία
1525 1349 1781 1413 διανοίας.
1823 1345 1966 1400 Ἀλλ’

387 1458 575 1528 ὥσπερ
593 1453 849 1530 ῥᾳθυμῶν
873 1449 1135 1523 μεγίστην
1163 1445 1414 1500 ἐντεῦθεν
1433 1445 1716 1518 ὐποστήσῃ
1736 1443 1962 1514 βλάϐην,

386 1549 528 1603 οὕτω
553 1549 738 1619 νήφων
766 1544 859 1598 καὶ
913 1539 1230 1612 ἐγρηγορὼς
1257 1540 1320 1592 οὐ
1367 1536 1468 1608 τὴν
1523 1534 1793 1607 τυχοῦσαν
1825 1549 1966 1604 καρι-

388 1641 547 1715 πώσῃ
583 1638 745 1692 πάλιν
773 1633 1036 1703 ὠφέλειαν
1061 1649 1074 1660 ·
1103 1629 1164 1683 τὸ
1197 1627 1307 1699 γάρ
1337 1629 1444 1681 πᾶν
1479 1627 1573 1679 ἐπὶ
1597 1628 1662 1696 τῇ
1700 1628 1766 1696 σῇ
1793 1625 1966 1677 κεῖται

387 1714 787 1805 γνώμῃ.“ὐπερ
817 1722 909 1779 οῦν
939 1725 1053 1776 ἐστι
1078 1721 1210 1794 χιὼν
1231 1723 1290 1775 ὲν
1321 1719 1399 1791 τῷ
1417 1719 1598 1781 παντὶ,
1621 1717 1716 1771 καὶ
1743 1715 1855 1785 πῦρ
1873 1714 1968 1768 καὶ

389 1826 622 1897 πνεῦμα,
651 1823 808 1877 τοῦτο
833 1821 924 1875 καὶ
953 1821 1009 1873 ἐν
1043 1817 1119 1888 τῷ
1149 1815 1362 1888 σώματι
1399 1815 1638 1885 φλέγμα,
1671 1812 1763 1868 καὶ
1802 1805 1965 1882 αἷμα,

387 1920 480 1974 καὶ
516 1916 667 1988 χολή.
699 1911 848 1988 [496]
884 1911 995 1965 Kal
1029 1910 1112 1964 δεῖ
1150 1907 1288 1979 μετὰ
1324 1907 1548 1980 ἀρίστου
1599 1905 1758 1972 λόγου
1795 1901 1970 1956 ταῦτα

384 2012 704 2081 οἰκονομεῖν.
755 2007 833 2070 ώς
885 2001 1227 2076 καρποῦσθαι
1263 2018 1316 2055 τι
1368 2001 1496 2070 παρ’
1539 1997 1716 2052 αὐτῶν
1753 1994 1967 2064 ϐφελος,

385 2100 524 2156 ἀλλά
555 2100 629 2172 μὴ
662 2096 1010 2170 βλάπτεσθαι.
1033 2095 1141 2150 Kal
1159 2093 1213 2146 τί
1243 2092 1388 2161 λέγω
1415 2087 1658 2163 περὶτοῦ
1694 2089 1966 2156 σώματος,

385 2194 520 2249 ὅπου
549 2209 614 2260 γε
651 2191 745 2245 καὶ
786 2191 820 2261 ή
852 2187 997 2259 ψυχὴ
1025 2186 1137 2258 ἕχει
1172 2184 1328 2250 τινὰ,
1353 2182 1498 2253 άπερ
1551 2180 1648 2234 ἐὰν
1697 2180 1840 2250 ἀφῇς
1891 2179 1973 2239 εἰς

388 2285 656 2357 ἀμετρίαν
684 2282 940 2348 ἐξελθεῖν,
969 2280 1248 2349 νοσήματα
1269 2277 1496 2345 γίνεται,
1527 2270 1863 2341 κολαζόμενα
1888 2267 1967 2331 δέ,

393 2381 742 2453 βοηθήματα;
766 2379 876 2431 Καὶ
902 2376 1010 2447 γὰρ
1037 2377 1066 2429 ό
1087 2373 1276 2443 θυμὸς,
1303 2371 1369 2426 ἂν
1399 2373 1496 2441 μὲν
1523 2371 1602 2432 είς
1632 2367 1749 2421 δέον
1769 2365 1970 2437 χρήσῃ,

391 2472 582 2543 γέγονέ
619 2488 700 2524 σοι
746 2469 1034 2540 φάρμακον
1068 2463 1337 2537 σωτηρίας
1356 2461 1472 2523 ’,ἂν
1494 2461 1552 2515 δέ
1580 2458 1854 2531 ἀμέτρως,
1877 2457 1972 2526 γέ-

393 2581 546 2634 γονεν
577 2559 847 2624 ἀπωλείας
877 2557 1154 2620 ὑπόθεσις.
1183 2553 1296 2608 Καὶ
1327 2555 1360 2624 ἡ
1391 2547 1839 2622 ἐπιθυμία,μετά
1875 2546 1975 2619 μέ-

394 2681 526 2735 τρου
585 2661 684 2733 μὲν
721 2651 1416 2728 οἱκονομουμένη,πατέρα
1453 2666 1512 2702 σε
1555 2650 1716 2702 ποιεῖ·
1748 2645 1842 2701 καί
1868 2646 1974 2716 μὴν

395 2761 476 2823 εἰς
511 2755 855 2811 παιδοποιίαν
893 2753 1080 2821 γέγονε
1142 2749 1413 2820 χρήσιμος
1434 2761 1450 2775 ο
1479 2743 1747 2814 ἀφιεμένη
1771 2742 1849 2810 δὲ,
1891 2743 1973 2805 εἰς

398 2847 656 2920 πορνείαν
690 2845 786 2899 καὶ
821 2844 1064 2916 μοιχείαν
1111 2859 1172 2894 σε
1214 2836 1544 2894 καταϐάλλει
1570 2837 1848 2900 πολλάκις.
1879 2834 1972 2906 Μὴ

397 2940 465 3012 δή
513 2939 582 2994 τὰ
635 2938 934 3010 πράγματα
985 2933 1160 2996 αἰτιῶ,
1211 2931 1346 2986 άλλά
1390 2928 1664 2999 πανταχοῦ
1715 2929 1816 2998 τὴν
1875 2929 1976 2999 σὴν

393 3027 639 3104 γνώμην,
677 3030 744 3084 ἂν
784 3029 894 3100 γὰρ
944 3025 1148 3096 ταύτης
1205 3023 1432 3094 ἀμελῇς,
1469 3021 1564 3075 καὶ
1615 3019 1721 3073 ὑπὸ
1776 3019 1975 3073 σαυτοῦ

397 3129 658 3200 βλαϐήσῃ,
691 3124 786 3179 καὶ
813 3123 918 3178 ὑπὸ
943 3121 1038 3176 τοῦ
1071 3119 1272 3174 οίκείου
1303 3117 1552 3188 σώματος
1583 3115 1756 3185 ἀπολῇ
1780 3128 1794 3144 °
1829 3113 1897 3167 ἂν
1919 3113 1976 3167 δὲ

398 3218 601 3288 ταύτης
635 3214 890 3286 ἐπιμελῇ,
919 3211 1040 3266 οὐδέ
1063 3209 1169 3263 ὐπδ
1190 3209 1299 3263 τῶν
1365 3207 1655 3277 δαιμόνων,
1703 3205 1823 3260 οὐδέ
1872 3203 1977 3258 ὐπὸ

397 3307 490 3363 τοῦ
525 3304 792 3368 διαϐόλου,
825 3303 1037 3373 μήτιγε
1064 3298 1168 3352 ὐπ’)
1217 3297 1445 3368 θηρίων,
1479 3295 1640 3367 πείσῃ
1690 3311 1746 3348 τι
1805 3293 1975 3348 δεινδν

407 3401 502 3455 καὶ
530 3397 714 3470 ἀηδές.

468 3495 750 3562 Βασιλεῖς
766 3493 876 3563 τῆς
893 3491 1025 3564 γῆς,
1043 3490 1141 3546 καί
1157 3489 1381 3556 πάντες
1390 3488 1548 3544 λαοί.
1560 3486 1980 3552 Ἀλλος,Πιίντα

397 3593 905 3663 φῦλα.Ἄρχοντες
927 3587 1023 3642 καί
1043 3585 1264 3652 πάντες
1285 3581 1476 3652 κριταί
1499 3581 1632 3652 γῆς.
1655 3583 1980 3637 Νεανίσκοι

401 3686 497 3741 καί
521 3681 823 3752 παρθένοι.
841 3680 1054 3744 Ἄλλος,
1069 3679 1389 3733 Ἐκλεκτοί.
1416 3677 1812 3746 Πρεσϐύτεροι
1828 3675 1980 3746 μετὰ

400 3780 715 3848 νεωτέρων,
723 3772 1096 3840 "Auamma
1104 3773 1326 3826 νέων.Α
1334 3770 1706 3825 ίνεσάτωσαν
1716 3769 1782 3823 τὸ
1793 3770 1980 3838 ὄνομα

402 3875 642 3942 Κυρίου.
663 3870 832 3926 Πάλιν
850 3868 1035 3938 ἕτερον
1055 3863 1288 3918 ἐνταῦθα
1308 3866 1446 3915 κινεῖ
1464 3863 1717 3933 προνοίας
1742 3857 1901 3924 εῐδος,
1919 3861 1981 3914 τὸ

400 3966 508 4018 τῶν
535 3962 829 4035 ἀρχόντωνο
871 3957 900 4010 δ
938 3958 1031 4010 καὶ
1069 3953 1275 4017 Παῦλος
1305 3955 1362 4005 ἐν
1390 3955 1456 4023 τῇ
1498 3953 1634 4019 πρὸς
1675 3952 1980 4022 Ῥωμαίους

399 4058 602 4130 τίθησι,
646 4053 790 4127 μετά
827 4049 1029 4119 πολλῆς
1059 4048 1156 4119 τῆς
1199 4048 1467 4108 συνέσεως
1493 4043 1725 4108 δεικνὺς,
1760 4044 1840 4098 ὃτι
1881 4045 1980 4115 τῆς

403 4148 499 4204 τοῦ
525 4146 660 4202 Θεοῦ
689 4143 884 4214 σοφίας
917 4141 1076 4214 ἔργον
1105 4138 1240 4204 ἐστὶ,
1273 4137 1333 4190 τδ
1361 4138 1440 4201 εἰς
1482 4135 1743 4207 ἄρχοντας
1773 4134 1869 4188 καὶ
1901 4137 1981 4198 είς

403 4239 736 4312 ἀρχομένους
754 4237 874 4289 τόδε
897 4233 958 4288 τὸ
984 4233 1090 4286 πᾶν
1111 4230 1377 4294 διατάξαι.
1399 4228 1546 4284 Θεοῦ
1572 4227 1679 4296 γὰρ
1703 4227 1982 4292 διάκονός

403 4336 536 4389 ἐστί
562 4349 682 4396 σοι,
715 4333 898 4402 φησὶν,
924 4330 1012 4393 είς
1034 4325 1098 4380 τὸ
1123 4325 1368 4395 ἀγαθόν.
1402 4325 1498 4374 Ἀν
1516 4319 1571 4374 δὲ
1592 4319 1746 4373 τοῦτο
1764 4317 1979 4390 ἀνέλῃς,

405 4427 467 4478 τὸ
502 4416 610 4478 πᾶν
626 4425 849 4494 οἴχεται.
879 4422 942 4474 El
963 4417 1072 4489 γὰρ
1107 4415 1201 4470 νῦν
1227 4415 1394 4469 ὅντων
1421 4413 1697 4484 ἀρχόντων
1725 4410 1821 4464 καὶ
1851 4411 1980 4463 πολ-

406 4517 513 4571 λῶν
538 4518 596 4568 ἐν
623 4516 805 4576 αὐτοῖς
831 4509 1260 4582 διεφθαρμένων,
1284 4505 1516 4576 τοσαύτη
1537 4503 1632 4557 τοῦ
1661 4503 1983 4573 πράγματός

410 4611 556 4662 ἐστιν
582 4609 616 4679 ή
637 4605 816 4678 χρεία,
847 4603 921 4666 ὼς
946 4603 1040 4655 καὶ
1070 4599 1254 4662 κακῶς
1279 4597 1636 4668 διακειμένων
1667 4595 1866 4664 πολλὴν
1893 4594 1981 4662 γί-

407 4701 591 4756 νεσθαι
619 4701 717 4771 τὴν
741 4696 1028 4766 ὠφέλειαν,
1059 4691 1308 4761 ἐννόησον
1337 4691 1385 4742 εί
1407 4688 1586 4752 καλῶς
1615 4685 1984 4759 μετεχείριξον

408 4797 457 4848 οί
487 4794 584 4856 τὰς
611 4791 783 4863 ἀρχάς
823 4783 1272 4858 ἐγχειριζόμενοι,
1300 4781 1476 4850 πόσης
1516 4780 1582 4832 ἂν
1611 4778 1671 4832 τὸ
1695 4778 1849 4846 γένος
1879 4779 1985 4830 ἀπ-

411 4886 646 4955 ήλαυσεν
680 4879 998 4951 εὐημερίας.
1039 4874 1199 4929 Ἀλλά
1241 4873 1302 4927 τὸ
1336 4874 1435 4944 μὲν
1473 4871 1721 4924 τυπῶσαι
1757 4872 1856 4936 τὰς
1883 4873 1985 4945 ἀρ-

412 4982 535 5050 χᾶς,
558 4976 652 5030 τοῦ
672 4973 808 5028 Θεοῦ
833 4971 1052 5040 γέγονεν
1075 4967 1250 5038 ἔργον·
1275 4965 1336 5018 τὸ
1353 4965 1409 5017 δὲ
1430 4966 1698 5035 πονηροὺς
1719 4964 1987 5018 ἐπὶτοῦτο

409 5069 662 5139 ἄγεσθαι,
692 5067 788 5122 καὶ
823 5065 899 5136 μή
922 5063 1002 5125 είς
1027 5060 1142 5115 δέον
1172 5058 1361 5122 αὐταῖς
1399 5056 1719 5129 κεχρῆσθαι,
1753 5057 1848 5128 τῆς
1877 5057 1987 5109 τῶν

413 5163 719 5236 ἀνθρώπων
741 5156 1023 5228 πονηρίας.

483 5235 548 5308 εί.
588 5251 752 5320 Λέγει
777 5247 978 5307 τοίνυν,
1003 5244 1086 5296 ὃτι
1129 5241 1223 5295 καὶ
1245 5239 1384 5310 ὑπὲρ
1415 5237 1508 5292 τοῦ
1541 5237 1796 5309 βασιλέας
1826 5235 1984 5302 εἶναι,

415 5347 508 5402 καὶ
534 5345 676 5416 ὑπὲρ
701 5340 797 5396 τοῦ
824 5335 1082 5398 δικαστὰς
1096 5327 1255 5399 εἶναι,
1275 5331 1354 5386 δεῖ
1380 5331 1621 5402 μεγάλας
1640 5330 1990 5401 εὐχαριστίας

417 5439 708 5510 ἀναφέρειν
728 5431 804 5504 τῷ
823 5427 963 5500 Θεῷ.
995 5428 1105 5497 Τῆς
1125 5425 1233 5496 γὰρ
1259 5423 1508 5490 εὐταξίας
1531 5423 1630 5492 τῆς
1652 5423 1760 5476 τῶν
1783 5421 1992 5493 ἀνθρώ-

422 5552 535 5589 πων
577 5523 1020 5599 ἐπιμελούμενος,
1051 5518 1146 5572 καὶ
1183 5517 1277 5570 τοῦ
1309 5517 1382 5588 μὴ
1417 5516 1618 5587 Θηρίων
1655 5517 1990 5588 ἀλογώτερον

418 5626 718 5682 διακεῖσθαι
740 5620 864 5681 τοὺς
887 5614 1131 5674 πολλοὺς,
1160 5609 1348 5680 ὥσπερ
1375 5609 1642 5679 ἡνιοχείαν
1672 5609 1765 5662 καὶ
1794 5611 1990 5682 κυϐερο

419 5719 664 5792 νητικὴν,
693 5713 863 5776 οὓτως
893 5705 1066 5780 ἀρχὰς
1093 5704 1186 5759 καὶ
1219 5701 1491 5774 βασιλείας
1524 5701 1834 5772 ἐχαρίσατο.
1869 5702 1988 5756 Κᾶν

2059 425 2244 497 άρχων
2261 427 2442 481 τοίνυν
2460 421 2546 499 ᾗς,
2575 424 2884 498 εὐχαρίστει
2909 425 2983 496 τῷ
3005 424 3371 498 φιλανθρώπῳ
3391 423 3530 496 Θεῷ,
3551 427 3635 482 δτι

2057 516 2248 582 ἔλαϐες
2292 520 2544 592 ἀφορμὴν
2580 519 2848 591 τοσαύτης
2885 521 3219 592 ἐπιμελείας
3256 520 3360 575 κᾶν
3399 519 3638 590 ἀρχόμε-

2057 627 2167 677 νος,
2198 613 2360 667 πάλιν
2385 612 2714 685 εὐχαρίστει,
2757 613 2840 666 ὃτι
2879 612 3022 684 ἔχεις
3053 612 3144 666 τὸν
3188 610 3633 682 ἐπιμελούμενον,

2059 705 2154 758 καὶ
2201 705 2300 758 οὐκ
2334 706 2561 774 ἀφιέντα
2613 723 2674 759 σε
2719 705 2824 759 ὑπὸ
2859 705 2969 759 τῶν
2997 703 3246 775 πονηρῶν
3291 700 3636 756 ἐπιϐουλεύε-

2061 797 2184 850 σθαι
2210 810 2258 850 ε.
2290 796 2408 851 Κᾶν
2434 800 2512 862 είς
2530 797 2708 871 γῆρας
2737 798 2915 871 ἔλθῃς,
2935 797 3041 860 κᾶν
3068 796 3186 858 νέος
3207 791 3294 866 ᾗς,
3325 793 3635 863 εὐχαρίστει

2058 887 2137 959 τῷ
2174 890 2313 949 Θεῶ.
2354 889 2526 944 Τοῦτο
2555 891 2664 961 γὰρ
2696 891 2931 960 μάλιστα
2976 888 3065 942 διὰ
3113 887 3330 941 πάντων
3360 886 3389 937 ό
3424 881 3639 952 ψαλμδς

2059 978 2212 1046 οὗτος
2239 983 2659 1047 κατασκευάζει,
2682 984 2764 1036 ὅτι
2798 983 2878 1036 δεῖ
2909 981 3048 1053 ὑπὲρ
3068 980 3323 1035 ἁπάντων
3355 977 3524 1032 αίνεῖν
3544 973 3636 1026 αὐο

2058 1077 2170 1140 τὸν,
2210 1076 2312 1130 κᾶν
2343 1077 2526 1146 ἄρχων
2555 1072 2642 1150 ᾖς,
2684 1075 2785 1130 κᾶν
2814 1075 2908 1128 τοῦ
2941 1075 3069 1128 λαοῦ
3102 1069 3192 1148 ᾖς.
3228 1072 3318 1125 Διδ
3355 1069 3450 1124 καὶ
3481 1065 3641 1121 τοῦτο

2059 1164 2255 1237 δηλῶν,
2284 1165 2392 1220 Καὶ
2421 1165 2662 1233 πάντες,
2689 1162 3005 1230 εἷπε,λαοί.
3038 1164 3159 1216 Κάν
3185 1161 3324 1226 νέος,
3357 1155 3509 1231 [497]
3537 1171 3640 1226 φη-

2063 1261 2166 1327 σὶν,
2205 1257 2292 1333 ᾗς,
2326 1260 2428 1314 κᾶν
2469 1259 2818 1330 γεγηρακὼς,
2855 1258 2957 1312 κᾶν
2993 1257 3150 1326 γυνὴ,
3186 1255 3288 1309 κᾶν
3326 1253 3486 1323 ἀνήρ.
3519 1249 3639 1302 Ὅτι

2059 1353 2271 1423 ὑψώθη
2306 1352 2374 1406 τὸ
2403 1351 2590 1420 ὄνομα
2619 1351 2805 1406 αὑτοῦ
2829 1351 3040 1420 μόνου.
3069 1347 3282 1412 Ἀλλος,
3317 1345 3437 1397 Ὅτι
3465 1343 3643 1410 ὑπερ-

2061 1445 2208 1516 έχον
2227 1445 2276 1492 δ.
2309 1444 2379 1497 Ἦ
2403 1443 2836 1513 ἐξομολόγησις
2863 1439 3049 1496 αὑτοῦ
3075 1439 3174 1493 ἐπὶ
3200 1437 3314 1508 τῆς
3345 1434 3441 1490 καί
3468 1435 3643 1502 οὐρα-

2061 1537 2194 1591 νοῦ.
2235 1534 2447 1596 Ἀλλος.
2475 1533 2586 1589 Kal
2616 1537 2649 1589 ὁ
2681 1535 2870 1603 ὕμνος
2895 1531 3104 1588 αὑτοῦ.
3134 1529 3243 1585 Καὶ
3281 1526 3516 1596 ὑψώσει
3553 1521 3645 1577 κέ-

2059 1644 2172 1696 ρας
2197 1625 2348 1680 λαοῦ
2375 1625 2582 1679 αὑτοῦ.
2617 1626 2833 1694 ’Υμνος
2865 1623 3016 1679 πᾶσι
3053 1623 3178 1688 τοῖς
3207 1620 3398 1684 ὁσίοις
3433 1615 3640 1680 αὐτοῦ,

2065 1719 2190 1785 τοῖς
2218 1717 2371 1784 υἱοῖς
2393 1715 2662 1786 Ἰσραὴλ,
2691 1714 2819 1780 λαῷ
2849 1714 3135 1784 ἐγγίζοντι
3168 1709 3346 1776 αὐτῷ.
3378 1710 3442 1762 Ὅ
3475 1708 3530 1762 δέ
3558 1705 3645 1760 λέ-

2066 1827 2174 1879 γει,
2202 1808 2439 1864 τοιοῦτόν
2467 1810 2634 1862 ἐστιν·
2669 1807 2884 1874 Ἔδειξα
2915 1806 3012 1878 μὲν
3042 1804 3137 1858 καλ⁸
3165 1803 3273 1858 ἀπὸ
3296 1800 3408 1855 τῶν
3443 1796 3647 1869 ὁρωμέ-

2065 1919 2172 1956 νων
2203 1901 2459 1956 ἀπάντων
2487 1899 2651 1955 αὐτοῦ
2679 1899 2779 1972 τήν
2814 1897 3162 1970 κηδεμονίαν,
3199 1894 3296 1966 τὴν
3345 1892 3520 1958 δόξαν,
3547 1889 3646 1960 τὴν

2070 1992 2479 2065 μεγαλωσύνηνο
2509 1991 2662 2047 δεῖδὲ
2687 1991 2850 2046 αὐτὸν
2869 1992 3041 2045 αἰνεῖν
3063 1989 3125 2042 οὐ
3159 1987 3247 2041 διὰ
3270 1984 3442 2040 ταῦτα
3467 1984 3646 2054 μόνον,

2067 2086 2203 2142 ἀλλά
2234 2087 2327 2140 καὶ
2358 2086 2563 2140 τούτων
2603 2085 2792 2157 χωρίς.
2839 2084 2951 2138 Καὶ
2993 2082 3101 2153 γὰρ
3148 2082 3242 2135 καὶ¹
3287 2079 3393 2151 πρὸ
3422 2077 3650 2139 τούτων,

2069 2178 2390 2233 καὶτούτων
2411 2179 2560 2245 ἄνευ,
2585 2178 3029 2249 συγκεκλήρωται
3055 2173 3202 2246 αὐτῷ
3231 2171 3295 2226 τὸ
3320 2173 3451 2242 ὕψος
3487 2170 3580 2224 καὶ
3611 2169 3647 2240 ή

2067 2270 2197 2336 δόξα
2223 2270 2316 2324 καὶ
2345 2272 2378 2340 ἡ
2407 2269 2560 2340 παρά
2593 2270 2814 2324 πάντων
2841 2268 3172 2339 εὐχαριστία.
3211 2266 3285 2320 Τὸ
3317 2265 3431 2326 καὶ,
3452 2261 3652 2318 Αὑτοῦ

2065 2363 2281 2432 μόνου,
2304 2362 2439 2434 πρὸς
2461 2359 2866 2430 ἀντιδιαστολὴν
2891 2359 3001 2412 τῶν
3023 2359 3124 2412 οὐκ
3149 2358 3317 2421 ὅντως
3347 2367 3369 2396 ο
3404 2355 3542 2409 θεῶν
3571 2349 3650 2406 εἷ-

2071 2471 2193 2508 πεν.
2221 2450 2361 2508 Εἶτα
2387 2454 2607 2522 ἀνάγων
2630 2452 2724 2506 ἐπὶ
2757 2451 2980 2523 μείζονα
3001 2451 3094 2504 τὸν
3123 2449 3396 2521 ἀκροατὴν
3423 2449 3650 2511 ἔννοιαν,

2071 2545 2234 2601 πάλιν
2261 2546 2371 2600 ἀπὸ
2390 2549 2490 2618 τῆς
2523 2547 2624 2618 γῆς
2655 2545 2749 2599 ἐπὶ
2779 2544 2872 2598 τὸν
2908 2543 3138 2614 οὐρανὸν
3168 2544 3331 2596 αὐτὸν
3365 2540 3656 2612 μετατίθη-

2073 2653 2180 2692 σιν.
2205 2637 2414 2709 ’Ὥσπερ
2435 2636 2544 2709 γὰρ
2571 2637 2870 2708 ἀρχόμενος
2890 2637 2999 2690 ἀπὸ
3024 2635 3118 2688 τοῦ
3141 2633 3372 2705 οὐρανοῦ
3395 2633 3530 2705 πρὸς
3554 2632 3654 2702 τήν

2072 2729 2179 2799 γῆν
2211 2729 2442 2801 κατέϐη,
2481 2729 2653 2793 οὕτως
2679 2727 2787 2782 ἀπὸ
2821 2728 2931 2782 τῶν
2965 2726 3256 2798 ὁρωμένων
3277 2725 3532 2778 ἀπάντων
3557 2725 3654 2778 ἀν-

2075 2821 2196 2890 άγει
2225 2822 2389 2876 πάλιν
2436 2819 2598 2874 αὐτὸν
2637 2819 2778 2891 ὑπὲρ
2815 2819 2906 2871 τὸν
2944 2817 3190 2890 οὐρανὸν,
3232 2817 3424 2884 λέγων·
3463 2815 3525 2870 Ἠ
3557 2814 3654 2880 ἐξ-

2072 2915 2440 2984 ομολόγησις
2484 2912 2672 2967 αὑτοῦ
2716 2911 2816 2965 ἐπί
2865 2908 2980 2980 τῆς
3027 2909 3125 2964 καὶ
3168 2907 3448 2978 οὐρανοῦ.
3489 2909 3657 2962 Τουτ-

2075 3007 2244 3072 έστιν,
2283 3007 2332 3060 εί
2360 3005 2455 3059 καὶ
2484 3006 2541 3058 al
2575 3005 2688 3060 ἀνω
2732 3003 2988 3074 δυνάμεις
3019 3003 3076 3056 αἱ
3112 3002 3330 3074 ἀόρατοι
3355 3001 3449 3057 καὶ
3473 3003 3658 3073 νοεραὶ

2073 3101 2136 3154 οὐ
2189 3097 2453 3152 παύονται
2509 3096 2926 3177 εὐχαριστοῦσαι
2983 3095 3078 3150 καὶ
3133 3094 3487 3166 ἀνυμνοῦσαι,
3540 3094 3658 3149 ἀλλ’

2074 3194 2224 3264 ὅμως
2242 3194 2272 3246 ὁ
2292 3190 2544 3255 τοσοῦτος
2574 3190 2671 3246 καὶ
2698 3188 3014 3261 τηλικοῦτος
3038 3188 3172 3253 Θεὸς
3200 3186 3505 3260 κατηξίωσε
3531 3188 3660 3243 λαὸν

2075 3285 2241 3341 αὐτοῦ
2280 3288 2375 3340 καὶ
2405 3287 2553 3356 ἡμᾶς
2585 3285 2869 3355 ὀνομάσαι,
2899 3283 2994 3336 καὶ
3031 3282 3131 3335 οὐκ
3174 3282 3438 3354 ὀνομάσαι
3474 3282 3656 3352 μόνον,

2077 3379 2212 3433 ἀλλὰ
2251 3379 2347 3433 καὶ
2383 3378 2588 3449 ἐπᾶραι
2631 3377 2726 3430 καὶ
2755 3375 2987 3446 ὑψῶσαι.
3019 3377 3108 3430 Διὸ
3129 3376 3223 3430 καὶ
3251 3377 3516 3446 ἐπήγαγεο
3549 3375 3658 3430 Kal

2074 3472 2309 3544 ὑψώσει
2347 3470 2528 3540 κέρας
2571 3469 2727 3525 λαοῦ
2772 3468 2982 3535 αὐτοῦ,
3027 3469 3196 3542 ταύτῃ
3253 3470 3416 3524 πάλιν
3462 3469 3661 3532 αὐτοὺς

2079 3563 2458 3637 ἐπισπώμενος
2485 3563 2624 3635 πρὸς
2656 3562 2877 3635 μείζονα
2908 3561 3074 3616 αὐτοῦ
3101 3562 3420 3634 θεραπείαν.
3447 3561 3662 3616 δεικνὺς

2077 3659 2160 3712 ὅτι
2180 3658 2240 3712 οὐ
2260 3661 2362 3730 τῆς
2383 3658 2514 3728 παρ’
2545 3655 2725 3710 αὐτῶν
2752 3654 3006 3726 δεόμενος
3024 3655 3335 3726 θεραπείας,
3345 3651 3615 3726 (πῶςγάρ.
3633 3651 3662 3703 δ

2079 3750 2240 3820 φύσει
2270 3747 2802 3820 συγκεκληρωμένην
2827 3745 2965 3818 ἔχων
2987 3746 3084 3817 τὴν
3103 3745 3259 3811 δόξαν
3282 3746 3376 3799 καὶ
3393 3742 3662 3820 τοσαύτην

2077 3819 2255 3898 κτίσιν
2284 3819 2801 3912 ὑποτεταγμένηνς)
2871 3839 3007 3894 ἀλλὰ
3046 3838 3114 3892 δι’
3148 3819 3461 3908 ἀγαθότηῖτα
3495 3837 3664 3909 μόνην

2077 3933 2394 4006 ᾠκειώσατο
2421 3933 2618 3996 αὐτοὺς
2639 3931 2837 4002 ἐαυτῷ,
2867 3932 2962 3986 καὶ
2982 3933 3300 4001 περιφανεῖς
3319 3930 3543 3999 ἐποίησε
3562 3929 3664 3983 καὶ

2077 4026 2364 4096 λαμπροὺς
2406 4023 2682 4094 πανταχοῦ
2711 4023 2810 4092 τῆς
2850 4022 3198 4091 οίκουμένης.
3233 4022 3412 4089 Ὅπερ
3442 4017 3535 4074 οῦν
3565 4019 3665 4074 καὶ

2079 4117 2255 4189 δηλῶν
2281 4118 2484 4186 ἔλεγεν·
2520 4117 2736 4184 Ὗμνος
2760 4113 2909 4168 πᾶσι
2934 4113 3058 4179 τοῖς
3087 4113 3282 4180 ὁσίοις
3307 4113 3516 4175 αὑτοῦ,
3539 4112 3665 4177 τοῖς

2079 4213 2232 4278 υίοῖς
2273 4210 2534 4278 Ἰσραὴλ,
2568 4204 2696 4272 λαῷ
2724 4205 3008 4276 ἐγγίζοντι
3055 4205 3236 4271 αὐτῷ.
3283 4205 3400 4258 Ἴνα
3441 4205 3549 4276 γὰρ
3587 4205 3662 4277 μὴ

2078 4305 2251 4379 ταύτῃ
2268 4303 2428 4359 πάλιν
2447 4299 2852 4375 ρᾳθυμοτέρους
2873 4299 3074 4372 ποιήσῃ
3091 4298 3184 4351 καὶ
3203 4295 3568 4367 ὐπτιωτέρους
3587 4297 3666 4368 τῷ

2080 4401 2280 4470 λέγειν,
2324 4399 2416 4451 καὶ
2449 4395 2577 4459 λαὸς
2610 4391 2801 4454 αὐτοῦ,
2836 4391 2932 4445 καλ⁸
2955 4391 3130 4460 τούτῳ
3161 4388 3305 4460 μόνῳ
3337 4387 3666 4459 θαρροῦντες

2079 4493 2178 4562 τῆς
2210 4488 2350 4544 κατά
2377 4488 2556 4559 ψυχὴν
2583 4483 2826 4557 ἀμελῶσι
2859 4482 2958 4552 τῆς
2988 4483 3207 4554 ἀρετῆςο
3231 4479 3418 4546 εἰπὼν,
3449 4480 3664 4550 ’Υμνος

2081 4585 2291 4650 πᾶσιν,
2319 4583 2418 4654 οὐχ
2449 4580 2634 4644 ἁπλῶς
2657 4575 2801 4642 εἷπε,
2835 4579 2959 4641 Τοῖς
2991 4576 3320 4649 ἀνθρώποις,
3339 4575 3495 4640 ἀλλὰ,
3537 4576 3666 4642 Τοῖς

2083 4679 2278 4744 ὁσίοις
2308 4673 2514 4730 αὐτοῦ·
2541 4674 2637 4727 καὶ
2657 4671 2819 4726 πάλιν
2843 4671 3032 4734 εἰπὼν,
3069 4669 3198 4737 Τοῖς
3217 4669 3370 4736 υίοῖς
3402 4669 3662 4738 Ἰσραὴλ,

2084 4769 2409 4841 προσέθηκε,
2446 4763 2581 4830 Λαῷ
2610 4762 2904 4834 ἐγγίζοντι
2934 4760 3115 4826 αὐτῷ.
3143 4760 3370 4830 Ἕτερος
3399 4761 3455 4814 δέ
3488 4763 3663 4832 ἑρμη-

2083 4861 2294 4932 νευτὴς,
2319 4858 2441 4913 ἀντὶ
2467 4857 2562 4910 τοῦ
2585 4857 2830 4925 ’⁸Υμνος,
2865 4856 3153 4920 Ἐπαινος
3182 4848 3355 4907 εἶπεν.
3391 4855 3456 4908 '0
3489 4856 3666 4910 τοίνυν

2084 4953 2258 5022 λέγει,
2295 4949 2536 5004 τοιοῦτόν
2575 4950 2744 5002 ἐστιν·
2783 4948 2879 5001 ἐὰν
2914 4943 3014 5020 ἦτε
3051 4947 3208 5010 δσιοι,
3239 4946 3364 5000 Ἐὰν
3410 4947 3664 5016 ἐγγίζητε

2087 5044 2256 5115 αὐτῷ,
2283 5041 2482 5112 πολλῆς
2515 5038 2887 5094 ἀπολαύσεσθε
2911 5038 3088 5109 δόξης.
3119 5038 3198 5092 Ta
3228 5041 3325 5109 μὲν
3351 5039 3460 5110 γὰρ
3499 5037 3666 5090 αὐτοῦ

2087 5136 2266 5192 πάντα
2290 5133 2490 5206 διαρκῆ
2523 5130 2550 5171 ά
2575 5132 2743 5194 ἐστιν,
2774 5130 2916 5184 οὕτω
2955 5129 3308 5194 πλουτοῦντος
3342 5131 3432 5183 καὶ
3463 5127 3664 5182 τοσαύ-

2152 5283 2179 5313 ⁸
2204 5282 2324 5331 Post
2347 5280 2727 5332 ἐπιϐουλεύεσθαι
2753 5292 2880 5328 unus
2900 5278 3036 5328 addit
3053 5278 3289 5327 νεανίσκοι
3324 5279 3404 5326 καὶ
3425 5280 3663 5342 παρθένοι,

2089 5344 2396 5408 πρςσὲύτεροι
2412 5344 2538 5408 μετά
2558 5343 2818 5408 νεαξτέρφντ

2097 5402 2350 5482 η’δοιιῇειε
2372 5402 2448 5475 fit
2487 5407 2592 5453 hac
2632 5402 2784 5452 lectio
2808 5403 3080 5464 ignoratur,
3107 5405 3162 5449 nt
3193 5405 3244 5449 et
3280 5414 3492 5463 sequens
3515 5402 3595 5449 καὶ
3637 5402 3664 5450 6

2090 5483 2234 5529 υμνος
2255 5483 2420 5514 αυτου.

2154 5531 2179 5560 °
2204 5527 2355 5577 Savil.
2383 5527 2473 5575 οὐκ
2492 5527 2656 5576 ὄντων.
2680 5524 2806 5590 Infra
2828 5523 2958 5590 idem
2985 5523 3164 5590 Δὥσπερ
3184 5524 3235 5573 δὲ
3252 5523 3508 5590 ἀρχόμενος
3553 5522 3661 5590 MM

2093 5589 2224 5640 idem
2253 5590 2302 5637 in
2327 5602 2480 5649 marg.
2525 5591 2674 5642 οὕτως
2713 5587 2910 5649 ἀπομι-ῆς
2927 5586 3167 5644 θαλάσσης
3186 5588 3266 5635 καὶ
3289 5586 3398 5634 τῶν
3417 5587 3666 5649 ὁρωμένων

2094 5651 2370 5700 ἁπάντων...
2395 5647 2511 5711 ὑπὲρ
2534 5651 2628 5696 τῶν
2651 5647 2877 5709 οὐρανῶν.

2157 5711 2185 5751 ἀ
2213 5711 2351 5762 Alius
2367 5711 2547 5772 ἕτοιμα.
