2053 3230
193 220 222 245 l3
968 218 1159 246 l'lhEl“ATi0.
1801 209 1809 235 τ
1821 208 1830 234 ί

192 277 269 315 quod
285 278 315 306 in
331 277 388 307 hac
403 276 550 307 Humilia
562 276 627 306 sive
643 275 852 314 Expositione
869 280 983 305 cu‘tum
1001 276 1109 314 populi
1127 276 1326 313 all0quatur,
1344 276 1477 314 planum
1492 278 1541 307 est
1558 286 1596 306 ex
1613 277 1741 316 epilogo
1757 287 1827 308 mo—

192 317 244 346 rali
262 317 403 346 llomilize
420 316 569 355 hujusce,
581 316 636 354 qui
652 316 697 346 sic
708 316 815 352 habet,
830 316 889 345 col.
901 316 959 344 ‘22]
975 316 1149 353 :Quocirca
1164 325 1221 344 nos
1234 325 1354 354 quoque
1368 321 1517 355 scmperct
1528 317 1676 347 continuo
1685 318 1832 347 consirlc~

191 362 295 389 rantes,
308 356 465 386 civitatth
475 361 614 386 nostram
628 356 800 396 Jerusalem
811 361 908 385 mente
921 364 1085 388 versemus,
1097 365 1133 384 ac
1141 355 1409 396 pulchritudian
1422 356 1486 395 ejus
1495 356 1585 386 nobis
1593 356 1629 386 ob
1640 358 1746 387 oculos
1754 367 1832 396 per—

189 401 275 434 petua
286 404 449 433 ponamus.
466 405 533 435 qum
549 396 638 434 Regis
652 395 834 436 saeculorum
849 399 889 424 est
902 395 1082 434 metropolis
1095 418 1102 427 ,
1116 395 1151 436 in
1174 404 1235 436 qua
1245 394 1405 433 jus-torum
1417 400 1488 425 sunt
1502 396 1646 435 spiritus,
1663 394 1832 436 rhori’pth

192 435 412 468 triurcharum,
428 434 643 474 apostolorum
654 458 661 468 ,
678 435 871 474 omniumth
881 439 1069 468 sanctorum,
1086 435 1141 464 ubi
1155 434 1281 466 stabilia
1295 439 1366 464 sunt
1383 439 1504 469 cuncta,
1518 434 1585 466 non
1597 434 1829 474 pra’tereuuliu,

190 474 240 504 ubi
250 475 501 513 pulchritudines
516 479 587 504 sunt
603 474 792 504 immortales
802 498 809 507 ,
833 478 861 504 et
874 484 940 514 qute
955 474 1009 504 sub
1023 479 1178 513 aspectum
1193 483 1257 504 non
1272 474 1386 505 cadunt
1401 484 1410 504 :
1428 484 1494 514 quo:
1510 476 1586 506 solis
1601 476 1640 506 iis
1654 476 1833 507 luereditute

191 515 330 554 consequi
345 514 428 555 licet,
444 515 498 554 qui
515 515 701 555 caducarum
727 519 754 544 et
769 514 929 555 [iustarum
949 514 1145 555 saecularium
1169 523 1315 544 curarum
1339 515 1464 553 penitus
1488 515 1578 546 obliti
1591 516 1721 555 fuerint,
1740 526 1833 555 opum

189 553 300 595 scilicet
316 564 352 584 ac
367 553 558 587 deliciarum,
575 559 603 584 et
620 554 838 595 damnosorum
851 553 970 584 diaboli
983 554 1178 595 voluptatum
1193 564 1202 584 :
1217 555 1390 594 fraternum
1404 559 1504 585 autem
1520 553 1666 589 amorem,
1683 553 1832 595 hospita-

189 594 301 624 litatem
316 603 389 634 ergo
401 603 565 633 pauperes,
580 598 607 623 et
617 594 777 634 caritatem
792 594 825 623 in
838 594 1020 634 proximum
1033 617 1041 628 ,
1070 594 1104 623 in
1121 594 1186 624 dies
1203 598 1316 633 augent
1333 617 1339 627 ,
1363 598 1453 633 atque
1468 599 1610 634 acceptas
1639 594 1773 634 injurias
1794 606 1832 626 ca:

189 634 286 663 animo
303 633 480 664 condonant
497 658 504 667 .
519 638 553 663 ut
570 643 638 663 cum
651 633 708 662 hac
728 634 851 663 ratione
879 633 1003 663 honeste
1020 656 1027 667 ,
1048 637 1139 672 atque
1152 637 1187 663 ut
1214 634 1278 663 Deo
1308 638 1467 673 acceptum
1497 633 1551 669 esti,
1568 633 1833 665 vitam’truduare—

188 673 295 714 rimus,
311 674 402 711 regni
426 674 570 704 ccelorum
583 673 781 714 hereditatem
809 674 1008 712 accipiamus,
1038 673 1072 703 in.
1086 674 1154 712 ipso
1174 673 1296 704 Christo
1326 674 1460 704 Domino
1475 678 1597 707 nostro.
1618 675 1669 705 cui
1683 675 1787 714 gloria
1804 681 1831 705 ct

189 713 347 751 imperium
359 721 424 743 una
444 723 512 743 cum
526 713 621 743 Patre
635 717 662 742 et
676 713 800 751 Spiritu
815 718 934 744 sancto.
950 722 1033 743 nunc
1060 718 1087 743 et
1113 722 1229 751 semper
1244 737 1250 747 ,
1271 717 1299 743 et
1317 713 1351 743 in.
1378 714 1490 744 scecula
1510 715 1705 745 steculorum.
1722 715 1828 745 Amen.
1859 745 1864 749 ,

225 734 227 739 τ
250 722 347 743 crtum
359 722 424 743 una
444 723 512 743 cum
526 722 621 743 Patro
635 722 662 742 et
676 722 800 751 δρινιηι
815 722 934 744 sancto.
950 722 1033 743 nunc
1060 722 1087 743 et
1113 722 1229 751 semper
1244 737 1250 747 ,
1271 722 1299 743 et
1317 722 1351 743 in.
1378 722 1490 744 scecuta
1510 722 1705 745 secutorum.
1722 722 1828 745 Amen.

225 722 298 793 fluat:
317 753 539 793 concionanlis
555 756 586 783 et
604 756 719 782 emtum
748 753 859 791 populi
888 753 1082 791 alloquentis
1097 754 1195 783 verba
1215 755 1245 782 et
1259 753 1422 792 epilogum
1450 763 1521 784 esse
1541 763 1635 784 nemo
1651 757 1829 793 negaverit.

188 792 243 822 Sed
257 801 360 831 quare
375 792 450 822 dicit
475 802 509 823 se
523 792 557 822 in
572 793 757 833 auditorum
771 793 909 831 gratiam
924 793 1076 823 Hebra'i'ci
1104 793 1300 831 exemplaris
1316 802 1427 824 vocem
1443 793 1476 823 in
1491 794 1630 824 lectione
1647 792 1805 833 adjecisse
1821 818 1829 829 ,

187 840 336 873 quzeivox
350 834 411 873 est,
427 833 572 873 Tharsis,
587 834 626 873 et
639 832 797 862 Hebraicc
814 833 860 862 sic
874 833 1028 873 scribitur
1041 835 1142 860 W311"
1156 856 1166 868 ,
1182 841 1307 873 aequa:
1321 841 1420 873 causa
1433 833 1530 873 hujus
1547 832 1699 864 addenda:
1716 834 1832 864 lectio—

189 872 236 902 nis
251 872 359 912 fuerit,
374 872 458 902 haud
474 872 519 903 ita
535 872 627 902 facile
642 875 692 912 est
705 873 860 911 augurari
877 882 885 902 :
903 872 980 902 illud
997 875 1122 903 tantum
1143 872 1229 911 quod
1254 872 1441 911 conjectura
1467 874 1599 912 assequi
1624 883 1756 912 possum
1780 875 1831 904 hic

188 911 323 949 profero.
334 911 470 953 _C.ertum
485 914 534 953 est
548 911 724 953 Antiochia;
745 920 896 953 magnam
912 912 1011 942 fuisse
1028 912 1213 953 Judzeorum
1237 912 1478 953 multitudinem
1495 924 1503 943 :
1525 911 1566 943 ibi
1592 911 1633 944 et,
1646 923 1831 953 synagogas

187 959 315 989 quoque
330 951 429 981 fuisse
443 952 648 990 exploratum
671 950 953 990 indubitatumque
980 954 1029 982 est
1055 964 1062 981 :
1091 962 1164 982 cum
1184 952 1301 982 Judaeis
1324 955 1433 983 autem
1451 953 1542 983 multi
1570 950 1829 983 Christianorum

187 991 296 1032 aliqua
309 991 461 1032 societate
472 991 704 1032 jungebautur,
721 991 960 1032 itaiutrquidam
975 1000 1158 1031 synagogas
1174 992 1428 1030 frequentarent,
1439 1002 1503 1032 qua
1519 993 1557 1023 de
1570 1002 1605 1023 re
1620 994 1831 1032 conqueritur

187 1030 486 1072 Clirysostomus‘in
513 1031 603 1060 libris
632 1033 751 1072 contra,
767 1031 914 1067 Judaeos;
945 1032 978 1061 hi
995 1030 1076 1061 vero
1099 1032 1185 1062 haud
1199 1032 1296 1062 dubie
1309 1032 1436 1062 Judznos
1449 1030 1616 1063 'Hebraicc
1633 1030 1775 1072 legentes
1796 1034 1827 1063 in

188 1070 357 1111 synagogis
372 1070 548 1111 audiebant
564 1093 571 1106 ,
589 1072 621 1100 et
634 1070 793 1101 Hebraice
808 1071 1033 1111 intelligebant
1044 1094 1051 1107 ,
1068 1072 1250 1102 utcredere
1269 1078 1318 1101 est
1335 1082 1341 1099 :
1358 1081 1398 1102 ex
1425 1072 1474 1102 his
1498 1076 1607 1102 autem
1622 1070 1752 1111 quidam
1769 1073 1831 1102 He-

190 1109 312 1151 braicas
328 1109 440 1151 audire
455 1110 609 1151 lectiones
623 1110 815 1151 cupiebant,
831 1119 897 1149 qua
911 1109 949 1141 de
969 1119 1068 1142 causa
1093 1121 1158 1141 non
1186 1111 1284 1141 semel
1304 1112 1337 1140 in
1364 1111 1461 1151 hujus
1484 1112 1601 1143 Psalmi
1617 1109 1829 1151 Expositione

188 1148 553 1190 llebraicirexemplaris
569 1148 722 1190 lectiones
742 1148 849 1186 affert,
864 1154 895 1181 et
909 1159 975 1181 una
998 1151 1067 1181 vice
1084 1161 1119 1181 se
1145 1151 1177 1181 in
1193 1151 1329 1190 gratiam
1348 1148 1562 1190 quorumdam
1592 1148 1677 1182 illud
1698 1152 1831 1190 cupien-

187 1188 262 1218 tium
281 1189 449 1220 lectionem
461 1190 588 1220 Hebraai
604 1189 719 1220 atl‘erre
734 1190 934 1221 testiﬁcatur.
954 1191 992 1221 Ut
1007 1195 1043 1220 ut
1057 1200 1108 1222 res
1125 1193 1174 1221 est
1185 1188 1279 1226 [sive
1294 1188 1378 1227 hac]
1394 1192 1463 1222 sive
1480 1192 1545 1222 alia
1572 1191 1610 1221 de
1634 1200 1733 1222 causa
1741 1188 1829 1221 illud

187 1229 296 1270 egerit,
314 1238 378 1259 non
393 1230 501 1260 minus
517 1232 638 1260 certum
653 1230 714 1260 erit
738 1230 1003 1270 Chrysostomum
1022 1230 1075 1262 hic
1100 1231 1291 1261 concionem
1319 1231 1442 1262 habere
1469 1234 1501 1261 et.
1516 1235 1631 1262 emtum
1647 1231 1783 1270 alloqui,
1800 1231 1829 1260 id

187 1268 269 1309 quod
287 1277 380 1298 nemo
392 1291 400 1304 ,
416 1271 451 1299 ut
467 1278 574 1308 spero,
592 1272 768 1309 negaturus
785 1268 843 1300 est.

223 1308 388 1349 Monitumi
398 1309 550 1339 lectorem
564 1308 671 1344 velim,
694 1309 746 1340 hic
761 1318 819 1340 nos
835 1311 1028 1341 auctoritate
1041 1310 1342 1349 Manuscriptorum
1359 1310 1498 1341 duorum
1514 1310 1702 1349 lectionem,
1731 1319 1831 1348 quam

186 1351 362 1388 posuerant
376 1348 514 1379 Savilius
530 1352 562 1379 et
575 1349 742 1383 Morellus.
759 1351 935 1380 mutavisse
952 1360 958 1379 :
976 1350 1098 1382 habent
1125 1348 1235 1387 animi,
1253 1350 1404 1380 Hebraeus
1426 1355 1528 1381 autem
1540 1374 1547 1385 ,
1577 1348 1751 1381 Thessabcr.
1771 1350 1831 1379 Ubi

186 1392 290 1420 textus
308 1389 485 1421 Hebraicus
500 1389 563 1421 hoc
575 1389 669 1420 modo
684 1399 691 1420 :
708 1391 805 1419 imm
816 1393 892 1418 mus
902 1393 995 1427 12th,
1023 1400 1096 1429 qua)
1118 1392 1164 1421 sic
1178 1392 1331 1430 leguntur
1348 1400 1354 1420 :
1369 1390 1521 1421 Thesaber
1535 1389 1651 1430 Ontotli
1661 1429 1664 1430 ν
1675 1389 1802 1430 Tharsis
1820 1400 1830 1423 ;

186 1430 321 1470 primam
328 1439 404 1469 ergo
414 1440 523 1461 vocem
532 1431 703 1469 quamdam
713 1434 839 1470 ponunt
849 1440 947 1470 supra
961 1431 1098 1461 Savilius
1108 1433 1138 1461 et
1152 1429 1319 1466 Morellus;
1327 1431 1360 1470 in
1372 1431 1498 1461 duobus
1506 1432 1612 1460 autem
1621 1429 1684 1470 illis
1698 1429 1828 1470 optimis

185 1468 409 1508 Manuseriptis
424 1468 553 1509 legitur,
569 1473 613 1497 ὁόὲ
625 1468 722 1505 Hermia;
735 1468 954 1510 φησθαρσείςςυῢί
970 1471 995 1500 ὴη

1017 1471 1055 1501 lld
1066 1471 1162 1501 dubie
1172 1471 1273 1510 legas,
1282 1474 1294 1497 ὁ
1305 1473 1328 1497 δὲ
1341 1468 1446 1506 ὲϐμῐός
1458 1483 1513 1506 φησι
1524 1474 1632 1510 expetis;
1641 1468 1718 1510 illud
1729 1469 1812 1510 enim
1820 1491 1827 1503 ,

185 1522 236 1545 9m,
254 1518 320 1550 non
340 1507 442 1548 potest
457 1507 569 1541 Vocem
583 1510 757 1549 quamdam
774 1507 968 1541 Hebraicam
985 1511 1180 1550 exprimere,
1197 1507 1269 1540 c'um
1286 1511 1375 1540 nulla
1393 1510 1444 1540 hic
1472 1509 1512 1539 sit
1527 1508 1724 1550 hujusmodi.
1738 1509 1828 1550 llam:

186 1558 260 1578 vero
281 1549 450 1590 lectionem
465 1550 564 1588 paulo
575 1552 648 1589 post
666 1549 835 1590 conﬁrmat
849 1549 1098 1590 Chrysostomus
1122 1559 1194 1580 cum
1210 1551 1254 1580 ait
1272 1559 1278 1577 :
1296 1551 1342 1579 Et
1358 1550 1429 1590 ideo
1443 1551 1546 1590 locum
1558 1558 1678 1590 quoque
1695 1549 1827 1590 signi/i—

185 1597 255 1618 cans
270 1589 353 1619 unde
370 1587 531 1623 venerunt,
554 1587 721 1629 subjunxit
736 1589 834 1623 illud,
852 1587 998 1620 'l‘harsis.
1014 1591 1068 1620 Ita
1082 1591 1173 1620 etiam
1187 1589 1378 1629 signiﬁcavit
1398 1588 1546 1618 llebrtrus
1565 1596 1622 1629 per
1636 1587 1805 1629 dictionem
1820 1611 1826 1621 .

185 1638 273 1669 quam
286 1629 325 1669 in
338 1634 471 1659 vestram
485 1627 620 1669 qratiam
633 1630 801 1669 adjecimus
812 1630 846 1660 in
862 1630 994 1660 lectione
1009 1634 1186 1660 contextus.
1199 1628 1261 1669 Ubi
1275 1629 1512 1669 animadvertas
1526 1627 1634 1669 velim,
1646 1628 1827 1669 Exempla—

186 1668 230 1708 ria
245 1668 323 1698 olim
340 1669 449 1699 Graeca
466 1667 591 1700 Veteris
618 1667 815 1700 Testamenti
844 1670 961 1700 multas
978 1670 1170 1708 plerumque
1197 1667 1229 1697 in
1257 1668 1461 1708 marginibus
1489 1667 1641 1708 habuisse
1666 1668 1823 1698 lectiones

186 1707 407 1748 interpretum,
427 1709 562 1747 Aquilae,
580 1709 774 1748 Symmachi,
792 1707 1035 1744 'I‘heodotionis,
1050 1717 1110 1738 nec
1124 1716 1190 1737 non
1220 1707 1360 1738 aliorum
1389 1711 1421 1738 et
1447 1707 1597 1748 Hebraici
1623 1710 1795 1738 contextus
1813 1731 1826 1748 γ

185 1747 266 1777 unde
295 1747 428 1778 fortasse
449 1749 506 1779 has
523 1747 614 1779 notas
642 1751 808 1779 mutuatus
826 1749 867 1779 sit
883 1748 1146 1787 Chrysostomus.
1176 1748 1386 1786 Exemplaria
1405 1750 1514 1778 autem
1532 1747 1754 1786 hujuscemodi
1785 1747 1831 1778 ad.

185 1789 326 1817 nostram
342 1797 445 1827 usque
462 1791 586 1819 aetatem
599 1789 799 1819 devenerunt
814 1799 822 1823 ;
847 1788 994 1826 pluribus
1006 1788 1068 1818 ista
1089 1787 1194 1818 forma
1216 1788 1419 1818 concinnatis
1436 1796 1495 1817 nos
1510 1787 1561 1817 usi
1577 1796 1689 1817 sumus
1706 1787 1738 1816 in
1767 1796 1825 1817 re—

183 1827 381 1863 staurandis,
396 1831 555 1865 quantum
573 1828 676 1864 licuit,
691 1828 847 1866 Hexaplis
861 1827 1081 1866 Origenianis,
1098 1830 1134 1857 ut
1153 1828 1295 1866 quisque
1312 1827 1419 1857 videre
1435 1827 1547 1866 possit.

221 1867 316 1896 Aliud
342 1867 452 1906 objicit
473 1868 696 1898 'l‘illemontius
710 1878 717 1896 :
735 1879 749 1895 «
765 1867 948 1905 Explicatio
961 1867 1127 1898 centesimi
1146 1866 1259 1897 decimi
1275 1867 1359 1897 sexti
1374 1867 1493 1897 Psalmi
1509 1866 1639 1897 brevior
1654 1869 1702 1897 est
1726 1875 1832 1905 quam:

185 1909 216 1934 ut
232 1907 336 1944 possit
350 1907 537 1937 concionem
554 1916 651 1937 unam
665 1907 791 1937 efﬁcere
807 1916 814 1935 :
830 1906 860 1936 id
875 1906 961 1945 quod
985 1907 1082 1937 etiam
1097 1907 1158 1936 dici
1173 1907 1276 1945 possit
1288 1907 1327 1936 de
1351 1907 1527 1937 centesima
1541 1906 1666 1936 decima
1682 1911 1798 1936 octava
1815 1929 1823 1940 ,

181 1949 211 1973 et
224 1947 262 1976 de
279 1946 475 1984 quibusdam
492 1947 585 1982 aliis;
601 1950 632 1977 et
645 1956 661 1976 e
676 1947 841 1977 contrario
860 1946 1006 1984 quatdam
1023 1946 1186 1985 longiores
1201 1948 1287 1981 sunt,
1303 1955 1401 1984 quam
1425 1948 1461 1975 ut
1480 1946 1644 1984 potuerint
1664 1954 1730 1976 una
1758 1946 1826 1976 vice

182 1984 252 2015 dici.
270 1998 285 2012 υ
301 1985 391 2023 Quod
405 1988 528 2024 spectat
541 1987 749 2016 centesimam
765 1985 922 2016 decimam
949 1984 1090 2016 sextam’
1104 1985 1351 2024 Expositionem
1367 1985 1401 2015 in
1428 1985 1571 2024 ejusdem
1588 1985 1713 2015 numeri
1731 1986 1825 2016 Psal—

182 2034 281 2060 Illum,
299 2026 511 2056 certissimum
523 2026 651 2065 quidem
668 2029 716 2056 est
732 2035 796 2056 non
820 2026 966 2064 potuisse
980 2034 1136 2063 umquam
1163 2024 1310 2056 sufﬁcere
1324 2025 1364 2056 ad
1393 2026 1582 2056 concionem
1596 2034 1694 2055 unam
1713 2048 1720 2061 ,
1751 2035 1825 2055 cum

182 2073 219 2105 ne
241 2065 407 2095 dimidiam
423 2066 550 2103 quidem
568 2066 722 2105 paginam
738 2067 906 2100 absolvat,
944 2065 999 2095 sed
1021 2065 1098 2103 quid
1125 2065 1227 2095 vetuit
1253 2065 1429 2103 quominus
1456 2066 1545 2095 illam
1575 2075 1647 2095 cum
1676 2067 1825 2103 sequenti

178 2103 339 2144 jungeret,
355 2107 391 2135 ut
406 2103 592 2136 concionem
609 2103 737 2144 plenam
753 2106 911 2136 haberet?
934 2105 1030 2135 Liber
1043 2105 1162 2144 quippe
1174 2105 1376 2135 Psalmorum
1405 2115 1470 2136 non
1495 2105 1626 2143 perinde
1643 2107 1741 2143 atque
1760 2105 1825 2135 Ge—

182 2145 265 2185 nesis
278 2144 391 2184 longas
403 2145 552 2176 historias
567 2146 802 2184 complectitur,
824 2154 963 2185 quarum
983 2145 1119 2184 singula:
1134 2147 1270 2184 possunt
1286 2145 1324 2174 ad
1339 2154 1438 2175 unam
1456 2145 1620 2175 homiliam
1639 2145 1716 2174 satis
1731 2154 1801 2175 esse
1816 2156 1833 2173 :-

180 2186 210 2224 at
230 2184 313 2214 liber
327 2185 527 2215 Psalmorum
546 2185 665 2215 diversi
692 2185 874 2224 argumenti
891 2184 1024 2215 Psalmis
1039 2187 1185 2220 constat,
1206 2185 1259 2214 ubi
1275 2185 1392 2215 exalia
1407 2185 1438 2214 in
1451 2185 1548 2215 aliam
1564 2194 1631 2215 rem
1644 2185 1822 2218 transitur;

180 2222 297 2253 horum
310 2226 417 2254 autem
432 2225 488 2254 alii
505 2225 605 2264 longi,
624 2225 679 2255 alii
695 2222 877 2255 brevissimi
891 2225 1095 2254 sunt.Potuit
1111 2234 1185 2254 vero
1199 2225 1447 2264 Chrysostomus
1464 2224 1536 2254 illos
1551 2224 1759 2254 brevissimos
1774 2225 1822 2255 vel

179 2271 250 2303 cum
262 2263 516 2302 praecedentibus
537 2263 586 2295 vel
602 2274 675 2296 cum
691 2265 964 2303 subsequentibus
983 2264 1136 2303 jungere,
1159 2267 1194 2294 ut
1208 2263 1397 2294 concionem
1413 2264 1542 2302 plenam
1569 2264 1712 2294 haberet.
1731 2264 1822 2300 Quod

179 2301 275 2333 habet.
289 2303 327 2333 de
340 2303 536 2342 longissimis
552 2301 818 2343 Expositionibus
835 2301 1071 2339 'l‘illemontius,
1092 2313 1157 2333 uno
1171 2305 1269 2334 verbo
1284 2301 1474 2341 depellimus
1491 2313 1497 2332 :
1517 2303 1570 2333 vix
1588 2312 1685 2333 unam
1700 2304 1822 2334 duasve

179 2343 322 2380 reperias
340 2344 422 2372 inter
444 2344 649 2382 longissimas
670 2345 701 2373 in
715 2344 859 2374 Psalmos
879 2343 1117 2381 Expositiones,
1135 2353 1208 2382 quin
1224 2343 1390 2373 homiliam
1405 2344 1549 2381 quintam
1565 2346 1679 2373 contra
1693 2343 1822 2374 Iudaeos

177 2382 344 2420 adaequat:
361 2384 462 2421 potuit
481 2386 587 2413 autem
604 2385 675 2414 illas
700 2384 863 2423 longiores
877 2384 910 2413 in
926 2384 1006 2413 duas
1021 2383 1171 2421 pluresve
1188 2387 1294 2422 partes
1320 2383 1481 2418 dividere,
1500 2383 1529 2412 id
1548 2382 1634 2421 quod
1663 2391 1728 2412 non
1746 2392 1822 2413 raro

177 2424 331 2463 praestant
353 2423 448 2452 etiam
472 2424 715 2454 concionatores
739 2422 898 2453 hodierni.
914 2423 953 2453 Ut
976 2423 1061 2453 enim
1078 2432 1144 2453 uno
1163 2424 1262 2453 verbo
1278 2422 1482 2459 concludam,
1502 2431 1614 2453 omnes
1633 2426 1664 2453 ct
1679 2423 1815 2463 singulm

177 2460 207 2489 in
228 2462 370 2492 Psalmos
385 2463 608 2501 Expositiones
625 2464 871 2494 concionantem
882 2464 1149 2502 Chrysostomum
1166 2463 1332 2493 exhibent.

349 2528 363 2564 ᾗ
384 2525 437 2555 ΠΙ.
451 2543 489 2546 -
502 2525 570 2562 Quo
588 2530 722 2564 tempore
736 2525 791 2555 has
810 2526 846 2555 in
865 2524 1006 2555 Psalmos
1021 2523 1253 2563 Expositione?
1269 2523 1366 2554 edidit
1383 2523 1632 2563 Clirys'wtomus.

211 2584 299 2616 Nihil
314 2587 346 2616 in
362 2590 427 2617 toto
445 2588 692 2626 Expositionum
710 2587 851 2619 decursu
870 2587 1019 2622 habetur,
1036 2585 1120 2615 unde
1135 2586 1296 2625 expiscari
1314 2586 1476 2625 possimus
1492 2594 1558 2624 quo
1574 2588 1716 2626 tempore
1744 2585 1819 2626 illas

175 2627 392 2662 adornaverit,
407 2636 446 2657 ac
461 2625 600 2665 primum
616 2628 770 2658 emiserit.
787 2628 855 2657 Hoc
870 2635 972 2656 unum
1001 2635 1043 2656 ex
1072 2626 1332 2664 probabilissima
1360 2626 1548 2665 conjectura
1575 2625 1723 2660 dicimus,
1754 2625 1817 2655 nisi

174 2665 310 2697 fortasse
323 2667 395 2706 quis
411 2667 501 2697 malit
515 2667 544 2696 id
559 2676 617 2706 pro
633 2668 805 2706 explorato
819 2667 952 2701 habere,
969 2674 1084 2703 nempe
1099 2665 1366 2706 Chrysostomum
1385 2665 1715 2706 rhocramplissimuur
1735 2673 1818 2703 opus

174 2704 350 2737 Antiochia!
359 2706 517 2746 edidisse;
533 2704 598 2746 quo
610 2704 718 2738 autem
733 2716 820 2738 anno
835 2707 886 2737 vel
902 2709 1046 2744 tempore
1061 2705 1155 2746 scire,
1168 2704 1234 2746 hoc
1249 2714 1342 2745 opus,
1360 2705 1412 2735 hic
1425 2705 1519 2735 labor
1533 2707 1591 2734 est.
1608 2704 1716 2744 Magni
1732 2707 1818 2735 certe

172 2746 227 2775 otii
243 2754 325 2784 opus
341 2746 399 2776 fuit
412 2745 624 2786 diuturnique
639 2748 773 2778 laboris.
790 2746 853 2776 Otii
870 2749 980 2776 autem
994 2753 1111 2786 parum
1127 2745 1240 2775 habuit
1263 2746 1512 2785 Chrysostomus
1537 2749 1639 2786 adeo
1674 2748 1818 2786 tempore

173 2793 237 2853 quo
252 2784 683 2825 cmpitconcionari,perque
698 2795 800 2817 annos
816 2785 985 2815 duodecim
1001 2785 1210 2815 concionatus
1227 2789 1293 2821 est;
1310 2784 1341 2815 et
1357 2793 1533 2823 numquam
1563 2785 1604 2814 ab
1620 2784 1681 2814 hoc
1708 2784 1815 2813 ofﬁcio

193 2825 292 2853 estitit
303 2836 312 2853 :
327 2835 411 2853 same
426 2826 521 2853 etiam
532 2835 602 2853 cum
613 2827 733 2853 ltltll‘hlS
749 2826 948 2853 conflictatus
966 2836 974 2853 :
990 2833 1072 2853 onus
1087 2824 1280 2853 autemillud
1291 2826 1322 2853 in
1340 2825 1482 2853 Psalmos
1494 2824 1671 2853 maximum
1686 2824 1815 2853 anmlis-

193 2824 312 2863 estititi
326 2835 411 2863 szepe
426 2826 521 2856 etiam
532 2824 733 2857 cumiuorhis
749 2826 948 2857 conﬂictatus
966 2836 974 2854 :
990 2833 1072 2863 opus
1087 2824 1322 2854 autemilludin
1340 2825 1482 2854 Psalmos
1494 2824 1671 2853 maximum
1686 2824 1817 2862 δωρηθ-

175 2864 356 2905 simumque
369 2864 431 2896 fuit
444 2865 588 2895 omnium
604 2866 690 2896 illius
704 2875 851 2905 operum,
870 2870 978 2904 atque,
1007 2868 1043 2894 ut
1055 2865 1120 2903 jam
1137 2873 1201 2905 non
1217 2865 1315 2895 semel
1330 2864 1484 2900 diximus,
1514 2864 1657 2905 sitotum
1674 2864 1816 2905 habere-

177 2907 241 2941 tur,
259 2903 311 2947 vii
323 2907 436 2947 posset
448 2905 574 2936 duobus
590 2903 794 2947 amplissimis
818 2903 1037 2947 voluminibus
1054 2904 1296 2947 comprehendi.
1313 2906 1518 2947 Quapropter
1533 2903 1684 2947 libentius
1700 2904 1812 2947 crede-

179 2952 245 2976 rem
262 2944 363 2985 ipsum
381 2946 481 2977 hosce
496 2947 742 2977 commentarios
758 2945 967 2977 adoruavisse
989 2947 1163 2982 antequam
1180 2945 1348 2983 presbiter
1376 2944 1591 2979 ordinaretur,
1622 2946 1652 2974 et
1682 2944 1814 2973 concio-
