4106 6438
431 362 506 418 i9
1982 352 2373 408 ΡΙΙᾹΞΕΛΤΗ).
3653 364 3723 420 ευ

429 474 718 561 erunibus
769 475 1013 561 relicto,
1046 473 1241 534 alium
1292 470 2714 561 extraordinariiintrodugamus,transmisso
2750 475 3040 561 auditore
3086 478 3283 561 adea
3322 498 3457 561 qua:
3485 481 3559 542 de
3607 482 3719 544 illo

429 556 603 639 dicta
631 563 797 639 sunt,
823 554 905 615 ad
929 573 997 613 ea
1021 572 1154 639 quae
1184 561 1327 611 sunt
1352 550 1531 639 nobis
1550 569 1628 639 p1
1646 551 1891 639 opqsita
1917 551 2299 639 accedamus.
2332 552 2447 612 Hic
2480 570 2610 639 non
2646 554 2835 639 modo
2866 550 3623 639 indicatiChrysostomus
3650 582 3718 622 se

425 635 504 695 de
536 636 786 717 Psalmo
809 630 1214 717 sexagesimo
1240 630 1520 717 secundo
1540 631 1672 709 jam
1699 631 1963 717 dixisse,
1987 630 2094 717 sed
2113 630 2494 717 dixissesuo
2518 632 2662 693 loco
2689 639 2752 694 et
2778 634 2842 694 in
2864 636 3031 696 serie
3061 630 3363 699 aliorum.
3383 640 3721 717 Expositio

425 720 649 776 autem.
684 715 792 775 illa
826 709 1060 773 Psalmi
1086 711 1472 789 sexagesimi
1505 709 1768 770 secundi
1799 728 1944 770 cum
1980 711 2125 770 aliis
2160 710 2421 771 interiit.

503 794 584 874 ll.
619 793 1064 874 Photiusjtem
1100 791 1472 874 patriarcha
1501 790 1562 849 in
1597 797 1747 874 nota
1780 807 1931 850 mox
1981 789 2261 874 edenda,
2293 796 2628 874 qua:_nota
2677 808 3032 874 numquam
3066 796 3342 858 antehac
3371 843 3386 867 ,
3418 803 3491 858 ut
3517 804 3670 874 puto
3696 844 3712 868 ,

423 873 703 951 prodiit,
730 868 1116 954 testificatur
1150 888 1219 931 se
1268 870 1566 930 scholion
1602 868 1836 954 vidisse
1889 869 2934 954 excerptum_ex__Commentariq
2953 873 3392 954 Chrysostomi
3439 878 3503 936 in
3520 868 3716 938 'Psal—

428 948 604 1013 inum
632 950 1249 1029 quinquagesimum
1293 966 1536 1029 nonum
1558 968 1586 1029 _:
1621 949 1804 1029 locus
1831 956 2049 1029 autem
2083 948 2191 1029 ille
2226 948 2431 1008 Photii
2454 1028 2461 1029 γ
2485 949 2754 1010 affertur
2783 952 2847 1011 in
2894 948 3124 1014 Codice
3158 954 3277 1016 XII
3305 956 3716 1019 Bibliotheca:

422 1027 858 1113 Coislinianae,
892 1027 1001 1090 fol.
1031 1029 1149 1113 52ζ
1165 1029 1277 1113 qui
1300 1028 1514 1113 Codex
1538 1027 1766 1113 decimi
1799 1027 2249 1113 te_rtii_cir_citer
2277 1028 2493 1089 saeculi
2521 1029 2825 1113 Catenam
2856 1031 3233 1113 inPsalmos
3264 1036 3714 1113 complectitur

426 1111 544 1171 etsi
574 1128 704 1171 non
741 1110 1081 1188 integram.
1115 1108 1232 1169 Sed
1264 1107 1825 1188 interpretationes
1854 1108 1920 1166 in
1955 1107 2241 1188 Psalmos
2269 1113 2512 1188 septem
2535 1127 2763 1187 nempe
2792 1111 3197 1172 Psalmorum
3221 1160 3236 1186 ,
3271 1107 3474 1175 solius
3505 1115 3714 1174 Theo-

419 1189 561 1273 dori
610 1186 1007 1273 H‘eracleotze
1042 1207 1183 1273 esse
1213 1193 1542 1273 notantur.
1573 1188 1735 1273 Nota
1763 1187 1981 1263 itaque
2011 1186 2215 1273 Photii
2266 1188 2357 1247 sic
2400 1187 2593 1273 habet
2626 1208 2641 1247 :
2670 1186 2984 1273 A_decimo
3017 1193 3203 1253 tertio
3230 1212 3420 1272 usque
3446 1193 3527 1254 ad
3550 1212 3716 1273 qua-

423 1268 839 1350 tlragesimum
886 1268 1221 1350 secundum
1264 1267 1588 1350 Psalmum_
1625 1266 2677 1350 g‘ltrysostomiinterpretationem
2721 1267 3018 1350 hactenus
3043 1289 3173 1331 non
3200 1266 3579 1350 rep-erimus:
3604 1274 3712 1334 sed

418 1344 616 1430 neque
645 1370 682 1409 a
709 1348 1219 1430 quinquagesimo
1246 1364 1479 1430 _usque_
1507 1345 1589 1430 a_d_
1613 1346 1896 1430 Psalmos
1924 1344 2255 1430 graduum.
2305 1346 2533 1407 Inveni
2558 1356 2758 1430 tamen
2795 1349 2863 1408 in
2886 1348 3143 1411 scholiis
3173 1351 3243 1411 in
3265 1344 3533 1430 primam
3592 1371 3709 1412 ca—

423 1425 1011 1510 tholicam—Joannis
1036 1426 1362 1510 epistolam
1389 1425 2015 1510 scholioneregiope
2059 1425 2341 1503 positum
2367 1471 2381 1491 ,
2413 1427 2594 1510 quasi
2636 1446 2714 1486 ex
2742 1425 3707 1510 interpretatiane—Chrysa“omi

418 1514 489 1572 in
517 1508 832 1569 Psalmum
856 1507 956 1574 59,
988 1503 1287 1587 nimirum
1318 1507 1386 1566 in
1412 1505 1647 1587 dictum
1679 1503 1841 1587 illud
1873 1525 1887 1562 :
1917 1505 2037 1587 Est
2064 1509 2398 1587 peccatum
2421 1503 2811 1587 admortem
2832 1503 2941 1587 ,et
2972 1514 3070 1568 est
3097 1503 3433 1587 peccatum
3460 1528 3591 1569 non
3625 1511 3704 1570 ad

416 1594 710 1649 mortem.
744 1587 919 1649 Unde
942 1586 1430 1647 animadvertere
1455 1584 1599 1645 licet
1626 1631 1640 1652 ,
1689 1584 1929 1645 etiamsi
1957 1602 2072 1644 nos
2097 1601 2228 1643 non
2254 1585 2666 1645 invenerimus
2688 1631 2702 1652 ,
2735 1586 3022 1647 divinum
3062 1584 3263 1648 tamen
3290 1590 3470 1651 illum
3501 1591 3706 1650 virum

420 1664 621 1741 ipsum
660 1667 1136 1746 interpretatum
1183 1685 1326 1726 esse.
1354 1665 1432 1723 Et
1462 1670 1683 1741 postea
1736 1663 2076 1746 subjicitur
2093 1683 2119 1746 _:
2143 1662 2422 1746 _Photius
2448 1665 2813 1746 patriarcha
2838 1664 2964 1726 hare
2980 1667 3236 1746 scribit.

496 1743 1058 1808 Observes—autem
1090 1746 1311 1813 velim,
1336 1746 1505 1806 hanc
1535 1749 1752 1804 notam
1780 1743 2075 1821 posuisse
2090 1743 2386 1803 Pliotium
2420 1749 2571 1804 ante
2609 1745 2934 1805 Psalmum
2961 1745 3278 1807 decimum
3311 1748 3604 1818 tertium,
3637 1757 3707 1809 ut

417 1824 807 1904 signiﬁcaret
862 1826 927 1885 in
978 1826 1401 1904 sequentibus
1453 1824 1722 1884 Psalmis
1768 1840 1900 1882 non
1950 1822 2774 1904 suppetere_Chry_sostomi
2803 1824 3381 1904 interpretationes
3409 1872 3426 1898 ,
3457 1844 3602 1904 quas
3640 1829 3701 1885 in

417 1901 927 1981 pfaacedentibus
958 1901 1229 1966 Psalmis
1261 1903 1626 1982 frequentes
1654 1908 2075 1980 apponuntur
2101 1903 2166 1962 in
2197 1901 2422 1983 eadem
2467 1902 2730 1965 Catena.
2764 1903 2943 1964 Unde
2988 1901 3181 1965 etiam
3231 1907 3422 1983 argui
3454 1901 3709 1966 videtur

413 1983 714 2065 Photium
747 1984 1017 2065 hujusce
1046 1983 1303 2065 Catenae
1344 1981 1486 2065 esse
1537 1987 1871 2065 auctorem
1892 2026 1908 2053 ,
1941 1983 2054 2059 qui
2078 2064 2081 2065 ν
2103 1981 2483 2065 testificatur
2511 2000 2579 2065 se
2625 1983 3230 2065 inpraacedentibus
3256 1981 3701 2065 Chrysostomi

413 2062 559 2154 plus
594 2079 791 2154 q_ua_m
818 2061 1098 2125 aliorum
1119 2064 1409 2154 ompium
1438 2062 2003 2154 interpretationes
2025 2061 2345 2154 attulisse,
2359 2079 2497 2153 Onon
2527 2064 2676 2154 item
2704 2062 2769 2121 in
2801 2063 3069 2154 Psalmis
3100 2061 3707 2154 sequentibusiltas

413 2140 595 2220 ipsas
624 2142 864 2222 habere
896 2158 1062 2222 quas
1093 2142 1379 2221 proferat
1399 2186 1415 2209 ,
1444 2142 1600 2220 quia
1633 2159 1862 2219 nempe
1910 2140 2048 2222 ejus
2081 2141 2538 2222 Expositiones
2570 2142 2985 2222 bene_multte
3005 2188 3021 2209 .
3048 2160 3212 2220 quas
3244 2144 3382 2221 ipse
3419 2143 3654 2204 indicat
3683 2189 3699 2215 ,

409 2222 668 2283 amissa
720 2220 998 2284 fuerant.
1037 2220 1256 2284 Patres
1303 2227 1521 2285 autem
1575 2240 1658 2281 ex
1689 2238 1971 2297 quorum
2021 2220 2663 2297 interpretationibus
2717 2220 3026 2282 Catenam
3071 2222 3237 2283 hanc
3272 2220 3705 2283 concinnavit

412 2300 679 2362 Photius
705 2345 722 2373 ,
756 2301 823 2361 hi
847 2307 1003 2363 sunt
1039 2321 1055 2360 :
1088 2302 1518 2373 Athanasius,
1545 2297 1821 2361 Basilius
1848 2344 1864 2365 .
1901 2299 2423 2379 Chrysostomus,
2456 2306 2519 2360 et
2565 2299 2947 2361 Theodorus
2976 2301 3380 2362 Heracleota.
3412 2300 3570 2362 Cum
3596 2302 3703 2360 de-

410 2379 679 2440 ficerent
701 2398 856 2459 ergo
889 2381 1328 2459 Chrysostomi
1355 2380 1423 2440 in
1455 2385 1800 2457 sequentes
1826 2379 2114 2459 Psalmos
2144 2380 2737 2459 interpretationes,
2771 2379 2833 2438 id
2863 2380 3101 2442 indicat
3126 2381 3414 2451 Photius,
3444 2399 3524 2440 ne
3552 2381 3700 2458 quis

411 2458 687 2538 miretur
734 2458 1050 2521 JOannem
1092 2460 1620 2538 Chrysostomum
1648 2503 1664 2528 ,
1692 2459 1805 2535 qui
1860 2458 2047 2538 modo
2099 2458 2338 2538 passim
2381 2458 2837 2532 adhibebatur,
2896 2476 3026 2520 non
3077 2460 3250 2522 ultra
3296 2477 3697 2538 comparere.

420 2535 597 2617 Unde
623 2543 795 2600 certe
816 2539 1114 2617 arguitur
1140 2555 1181 2601 a
1213 2535 1441 2600 Photio
1467 2537 1776 2617 Catenam
1800 2536 2179 2617 adornatam
2214 2536 2475 2617 fuisse:
2544 2615 2559 2617 _
2819 2616 2831 2617 ί
2896 2588 2901 2593 ,
3293 2571 3297 2574 -

488 2616 717 2696 Neque
762 2615 964 2680 unam
1009 2618 1180 2679 hanc
1206 2622 1460 2696 tantum
1486 2616 1691 2677 Photii
1744 2621 1965 2678 notam
2016 2617 2084 2676 in
2113 2616 2482 2696 hujusmodi
2526 2615 2769 2678 Catena
2799 2616 3339 2696 deprehendimus
3376 2638 3389 2676 :
3428 2619 3698 2679 alteram

332 2761 346 2773 ,
409 2695 584 2758 enim
606 2694 900 2773 ejusdem
931 2696 1268 2767 habemus,
1306 2696 1373 2757 in
1402 2695 1531 2757 ﬁne
1556 2696 1792 2757 Psalmi
1822 2696 1884 2760 8.
1923 2696 1988 2755 in
2021 2697 2217 2757 verba
2243 2694 2684 2774 Chrysostomi
2710 2694 2981 2774 paulum
3031 2702 3276 2759 mutata
3301 2741 3318 2770 ,
3351 2715 3498 2774 quae
3545 2705 3697 2759 nota

413 2776 508 2855 sic
545 2775 741 2855 habet
772 2794 787 2834 :
819 2776 1276 2855 Interrogatio.
1314 2776 1546 2852 Quare,
1578 2775 1809 2855 inquit,
1841 2774 2124 2836 Christus
2144 2822 2157 2841 ,
2193 2793 2329 2835 cum
2358 2776 2439 2836 sit
2465 2775 2718 2854 aequalis
2746 2776 2951 2844 Patri,
2982 2776 3243 2837 humilia
3274 2785 3474 2836 tamen
3502 2779 3699 2837 multa

406 2853 726 2935 loquitur?
760 2853 1126 2934 Responsio.
1156 2856 1239 2917 Ut
1265 2853 1679 2917 humilitatem
1699 2853 1949 2922 doceat,
1977 2855 2209 2935 etquia
2238 2871 2422 2935 carne
2453 2853 2716 2935 amictus
2746 2865 2880 2915 erat
2902 2903 2916 2923 ,
2951 2875 3025 2916 ac
3038 2863 3307 2935 propter
3332 2855 3698 2916 Judworum

407 2933 839 3014 stupiditatem
868 2933 892 2992 :'
917 2935 1074 3014 quia
1091 2935 1275 2995 etiam
1300 2934 1637 2996 humanum
1669 2952 1860 3013 genus
1905 2934 2215 3012 paulatim
2263 2934 2345 3014 atl
2391 2934 2814 3014 cognitionem
2850 2933 3183 3013 procedere
3212 2934 3414 3003 debet,
3438 2936 3699 3014 itemque

410 3010 486 3093 ob
511 3010 1343 3093 imperfectum—audientium
1364 3023 1613 3093 captum
1639 3010 1853 3074 {certe
1876 3010 2072 3075 multa
2106 3012 2441 3074 secundum
2467 3010 2828 3093 auditorum
2850 3010 3217 3093 opinionem
3244 3015 3547 3093 loquitur.
3573 3010 3699 3076 ilic

408 3091 788 3232 circaginem
816 3101 1039 3153 contra
1066 3092 1335 3154 Paulum
1360 3091 1830 3155 Sdmosatenum
1856 3101 1912 3153 et
1952 3102 2174 3153 contra
2202 3093 2475 3153 Arianos
2502 3092 2687 3153 verba
2705 3091 2953 3172 dirigit,
2995 3091 3591 3173 occasionesumpta
3617 3114 3699 3154 ca:

408 3170 521 3232 hoc
630 3171 813 3232 salmi
844 3171 1012 3232 dicto
1045 3192 1066 3230 :
1090 3172 1412 3232 Ouoniam
1442 3172 1669 3232 videbo
1715 3173 1904 3232 caalos
1946 3178 2091 3232 tuos
2117 3217 2133 3232 .
2161 3189 2360 3232 onera
2408 3172 2757 3232 diuitorum
2783 3178 3066 3232 tuorum.
3098 3173 3255 3232 Hac
3285 3173 3698 3232 diversimode

406 3170 521 3251 hoc
574 3170 813 3232 Psalmi
844 3171 1066 3251 dictos:
1090 3172 1412 3251 Quoniam
1442 3172 1669 3234 videbo
1715 3173 1904 3234 caelos
1946 3178 2091 3234 tuos
2117 3217 2133 3245 ,
2161 3189 2360 3249 Opera
2408 3172 2757 3251 digitorum
2783 3170 3066 3234 tuorum.
3098 3173 3255 3233 Hac
3285 3170 3698 3234 diversinwde

407 3250 477 3311 iu
498 3250 616 3312 hoc
649 3268 926 3331 sermone
957 3250 1374 3317 adumbravit.
1402 3259 1623 3328 utpote
1650 3252 1759 3330 qui
1792 3251 2070 3331 homiliw
2105 3269 2276 3311 more
2318 3250 2638 3331 loquatur.
2659 3251 3076 3312 Pulchritudo
3104 3270 3250 3312 sane
3283 3252 3697 3331 splendorque

406 3346 757 3411 sermonum
776 3375 792 3396 ,
818 3330 1037 3411 visque
1087 3329 1700 3411 argumentationum
1739 3329 1850 3391 ubi
1872 3331 2307 3411 acrimoniaet
2344 3329 2743 3411 contentione
2768 3350 2924 3411 opus
2953 3340 3041 3392 est
3064 3376 3080 3399 .
3111 3329 3324 3411 major
3347 3332 3560 3411 utique
3594 3329 3703 3392 est.

405 3427 589 3489 quam
612 3418 684 3471 ut
714 3410 783 3489 in
809 3408 1068 3489 homilia
1091 3408 1297 3471 locum
1323 3408 1562 3471 habeat.
1594 3410 1707 3470 His
1741 3408 2084 3488 subjicitur
2115 3430 2130 3468 :
2168 3409 2432 3472 Photius
2462 3410 2704 3472 scribit.

487 3488 637 3549 Haec
666 3488 757 3549 ait
785 3488 1074 3563 Photius,
1101 3496 1447 3567 postquam
1476 3489 1914 3568 Chrysostomi
1949 3490 2160 3550 locum
2214 3489 2551 3559 attulerat,
2586 3496 2781 3567 atque
2826 3489 2931 3551 hic
2964 3489 3041 3552 de
3085 3489 3371 3568 ejusdem
3415 3490 3482 3550 in
3512 3491 3697 3550 Psal—

411 3584 587 3626 mum
614 3572 914 3629 octavum
946 3568 1369 3645 Expositione
1404 3567 1783 3630 verba’facit
1817 3587 1832 3627 :
1867 3569 1975 3627 ubi
2004 3568 2111 3628 ille
2150 3568 2421 3629 Paulum
2446 3569 2940 3630 Samosatenum
2970 3567 3351 3629 nominatim
3380 3569 3692 3636 confulat,

406 3652 474 3706 et
516 3652 741 3726 contra
774 3647 1557 3726 AnommosArianosque
1609 3648 1806 3726 verba
1858 3646 2029 3726 facit.
2063 3647 2240 3707 Unde
2288 3647 2486 3726 etiam,
2523 3648 2946 3708 confirmatur
2991 3649 3211 3726 opinio
3260 3653 3515 3722 nostra,
3571 3665 3699 3725 qua

407 3724 800 3800 eonjecimus
829 3743 1028 3805 supra
1051 3771 1069 3801 ,
1095 3724 1403 3789 Catenam
1432 3727 1609 3788 illam
1635 3725 1883 3787 Codicis
1912 3724 2291 3788 Coisliniani
2312 3726 2435 3786 ΧΠ
2465 3725 2663 3788 fuisse
2692 3744 2732 3789 a
2758 3728 2985 3789 Photio
3004 3724 3483 3789 concinnatam.

514 3855 541 3927 §
578 3851 710 3912 VII.
744 3852 969 3914 Utrum
993 3870 1072 3913 em
1101 3870 1309 3914 omnes
1328 3851 1722 3935 Psalmorum
1743 3850 2210 3935 xppsitiones
2232 3851 2678 3935 Chrysostomi,
2701 3870 2853 3933 quas
2883 3873 2961 3916 ea:
2986 3862 3333 3935 temporum
3376 3852 3619 3933 injuria

1349 3932 1698 3999 amisimus,
1715 3930 2099 4010 jam’Photii
2131 3950 2258 3993 (evo
2286 3930 2522 3994 amissae
2554 3930 2774 3994 essent.

485 4050 810 4124 Quaaritur
841 4057 1058 4113 utrum
1112 4070 1190 4114 ea
1241 4051 1463 4114 omnia
1490 4067 1637 4129 quas
1676 4049 2129 4112 desiderantur
2182 4050 2250 4111 in
2276 4050 2812 4128 Expositionibus
2841 4051 3247 4114 Psalmorum
3270 4096 3287 4122 ,
3327 4052 3523 4114 etiam
3553 4069 3693 4113 aevo

412 4129 618 4192 Photii
650 4128 967 4210 deessent.
998 4132 1063 4192 Si
1107 4131 1368 4210 quidem
1398 4128 1607 4210 verbis
1634 4129 1840 4210 Photii
1867 4174 1883 4200 ,
1915 4129 1981 4210 in
2028 4135 2181 4210 nota
2212 4130 2428 4207 priore
2458 4147 2656 4208 supra
2699 4131 2898 4192 allata
2942 4130 3167 4209 positis
3201 4130 3547 4210 ,standum
3574 4132 3692 4203 sit,

408 4210 602 4270 trium
647 4209 937 4286 priorum
982 4208 1387 4272 Psalinorum
1430 4208 1883 4288 Expositiones
1935 4208 2139 4286 ipsius
2195 4213 2484 4286 tempore
2526 4208 2959 4287 supererant,
3010 4226 3157 4286 quaa
3221 4209 3355 4288 jam
3405 4211 3690 4271 absunt:

408 4305 558 4348 nam
583 4288 751 4349 tertii
780 4290 1009 4350 Psalmi
1042 4289 1516 4368 Interpretatio,
1541 4306 1684 4365 quas
1711 4287 1781 4368 in
1814 4287 2021 4349 fronte
2053 4288 2206 4368 libri
2223 4288 2441 4368 posita
2471 4294 2602 4368 est,
2636 4288 2916 4368 adhano
2946 4289 3179 4350 seriem
3209 4287 3340 4349 non
3367 4289 3693 4367 pertinere

407 4368 709 4447 creditur,
735 4372 806 4428 ut
834 4368 966 4447 jam
997 4367 1235 4429 dictum
1266 4372 1384 4430 est.
1431 4367 1885 4447 Expositiones
1932 4372 2151 4429 autem
2193 4367 2339 4427 illas
2373 4384 2520 4447 quas
2570 4367 3018 4447 desiderantur
3044 4369 3138 4428 sic
3167 4373 3349 4429 notat
3376 4368 3639 4430 Photius
3673 4389 3688 4428 :

406 4450 461 4506 Α
486 4446 720 4528 decimo
753 4446 940 4508 tertio
992 4449 1241 4509 Psalmo
1291 4466 1482 4528 usque
1508 4446 1592 4528 ad
1634 4446 2533 4528 quadragesimumsecundum
2569 4446 2866 4528 hactenus
2895 4448 3459 4528 Interpretationes
3486 4447 3695 4527 Chry—

406 4526 665 4587 sostomi
685 4544 817 4586 non
843 4529 1205 4603 reperimus.
1236 4525 1395 4602 Quo'
1416 4525 1811 4587 innuitnibil
1844 4542 1883 4588 a
1919 4525 2237 4603 principio
2281 4544 2490 4603 usque
2537 4526 2615 4587 ad
2641 4526 2960 4587 decimum
2990 4525 3251 4586 tertium
3299 4526 3591 4587 deﬁcere.
3612 4525 3690 4587 'Si

408 4605 624 4667 Codex
655 4612 872 4666 autem
902 4605 1339 4668 Coislinianus
1368 4623 1496 4666 non
1525 4606 1790 4666 mutilus
1833 4613 2036 4674 esset,
2081 4605 2299 4665 statim
2325 4606 2711 4666 vidissemus
2741 4612 2960 4666 utrum
2988 4605 3440 4683 Expositiones
3463 4606 3588 4665 illa:
3624 4607 3697 4666 in

407 4692 536 4744 tres
564 4683 807 4761 primos
850 4687 1135 4747 Psalmos
1170 4686 1469 4748 adhibita:
1510 4684 1783 4744 fuissent
1807 4701 1847 4748 a
1874 4684 2122 4757 Photio,
2153 4685 2266 4761 qui
2296 4685 2602 4747 Catenam
2628 4685 2792 4745 hanc
2822 4686 3177 4747 adornasse
3208 4685 3488 4747 creditur
3516 4705 3533 4754 ;
3576 4703 3694 4746 ve-

407 4781 553 4823 rum
580 4764 687 4824 ille
717 4763 957 4838 Codex,
989 4766 1171 4825 initio
1197 4765 1484 4831 mutilus,
1514 4780 1551 4824 a
1587 4764 1857 4840 septimo
1889 4770 2138 4824 tantum
2170 4764 2422 4824 Psalmo
2452 4764 2694 4841 incipit.
2724 4765 2944 4841 Neque
2984 4770 3195 4826 tamen
3228 4765 3374 4825 inde
3403 4763 3696 4825 inferen-

405 4841 555 4902 dum
587 4843 803 4903 statim
827 4850 962 4916 est,
989 4844 1443 4922 Expositiones
1468 4844 1611 4903 illas
1659 4844 1721 4902 iu
1756 4849 1883 4904 tres
1915 4843 2162 4921 priores
2204 4844 2490 4904 Psalmos
2520 4844 2911 4921 superfuisse
2940 4844 3145 4905 Photii
3177 4850 3485 4922 tempore.
3519 4844 3696 4905 Licet

405 4922 578 4982 enim
608 4922 746 5000 ipse
777 4925 847 4983 in
873 4924 1258 4986 lacunarum
1306 4923 1685 4984 recensione
1728 4922 1903 4984 illam
1930 4922 2125 4983 trium
2155 4922 2653 5000 Expositionum
2707 4923 2996 5001 priorum
3041 4940 3172 4983 non
3202 4928 3697 4995 commemoret,

402 5001 617 5079 potuit
660 5001 805 5062 ideo
833 5002 1011 5064 illam
1040 5006 1254 5064 tacere
1281 5003 1443 5081 quia.
1481 5002 1829 5081 jam-initio
1858 5001 2117 5063 Catenae
2156 5001 2235 5062 de
2273 5002 2528 5063 amissis
2577 5002 2704 5063 illis
2760 5002 3072 5081 loquutus
3117 5002 3364 5074 fuerat;
3411 5002 3477 5062 i-n
3521 5002 3698 5063 hanc

402 5099 560 5144 vero
605 5087 853 5159 partem
904 5086 1076 5143 totus
1132 5080 1537 5161 propendeo;
1570 5099 1782 5158 neque
1811 5082 1985 5142 enim
2032 5080 2266 5159 opinor
2323 5086 2453 5143 tres
2512 5081 2656 5144 illas
2710 5080 2959 5161 priores
2978 5082 3435 5158 Expositiones
3482 5081 3700 5142 Photii

405 5167 690 5223 tempore
713 5161 1136 5223 superfuisse.

405 5167 690 5239 tempore
713 5162 1136 5239 superfuisse.

483 5180 1291 5304 Ἡρᾶθῖῗίῗιηὲἓὲἒέδὲίήεω
1319 5241 1399 5303 ad
1446 5240 2016 5319 quadragesimum
2059 5240 2409 5311 secundam
2453 5241 2912 5319 Expositiones
2953 5257 3181 5302 omnes
3213 5238 3693 5311 desiderantur,

403 5317 619 5400 inquit
664 5321 954 5400 Pbotius;
977 5321 1064 5383 ita
1103 5326 1178 5383 ut
1227 5317 1828 5400 tertiam-decimam
1857 5319 2163 5382 excludas
2191 5365 2206 5391 ,
2240 5326 2305 5381 et
2336 5317 2900 5400 quadragesimam
2944 5318 3292 5400 secundam
3338 5320 3635 5380 similiter
3670 5339 3688 5378 :

320 5410 325 5415 ‘
404 5399 612 5478 amba)
640 5399 819 5459 enim
841 5419 987 5462 cum
1017 5401 1163 5463 aliis
1192 5400 1446 5462 desunt.
1478 5399 1989 5478 Quadragesima
2018 5406 2233 5461 autem
2266 5398 2497 5478 prima,
2528 5398 2675 5476 qum
2709 5398 2812 5460 hic
2837 5399 3194 5461 secundum
3222 5400 3457 5460 Psalmi
3490 5416 3690 5476 expo-

403 5476 509 5557 siti
559 5493 907 5557 numerum.
939 5481 1226 5556 ponitur,
1285 5488 1471 5542 extra
1516 5476 1769 5541 seriem'
1791 5480 2024 5540 harum
2070 5480 2138 5539 in
2177 5476 2463 5539 Psalmos
2521 5480 3019 5557 Expositionum
3065 5480 3221 5539 olim
3261 5485 3439 5549 erat,
3469 5483 3534 5538 et
3562 5480 3692 5538 huc

401 5554 673 5636 advecta
702 5555 850 5630 fuit,
883 5554 1096 5635 neque
1128 5560 1333 5621 ullam
1362 5560 1556 5622 habet
1583 5576 1729 5619 cum
1761 5558 1935 5619 hisce
1980 5559 2512 5636 Expositionibus
2542 5554 2945 5625 affinitatem,
2972 5565 3044 5618 ut
3072 5558 3308 5620 ibidem
3345 5559 3411 5617 in
3440 5558 3690 5636 Monito

401 5634 696 5718 pluribus
729 5638 1169 5718 probavimus.
1210 5639 1392 5712 Quod
1433 5638 1649 5718 adjicit
1675 5638 1938 5718 Photius
1963 5683 1989 5708 ,.
2012 5634 2603 5718 asquiuquagesimi
2651 5638 2885 5699 Psalmi
2920 5638 3343 5715 Expositione
3369 5655 3577 5718 usque
3607 5635 3693 5697 ad

402 5712 690 5797 Psalmos
735 5712 1059 5797 graduum
1111 5734 1335 5797 omnes
1393 5712 1847 5797 Expositiones
1900 5712 2285 5797 desiderari,
2337 5712 2543 5797 potuit
2590 5735 2814 5779 verum
2861 5712 3044 5788 esse;
3077 5725 3401 5794 quatenus
3431 5712 3498 5776 in
3549 5733 3687 5776 suis

400 5792 882 5870 exemplaribus
944 5802 1172 5860 caetera
1222 5792 1797 5860 desiderabantur:
1834 5814 2058 5858 verth
2103 5796 2558 5874 Expositiones
2618 5815 2845 5865 sanas,
2907 5792 3223 5875 genuinas
3282 5807 3342 5857 et
3400 5797 3683 5876 integras
