4106 6428
534 339 600 400 9.7
2018 337 2399 396 PlMﬂFATlO.
3747 334 3818 388 ‘28

539 461 748 520 tiones
781 452 1464 539 reperias._Athanasii_
1513 452 1707 515 etiam
1737 451 2079 539 interdum.
2113 455 2377 526 Verum,
2403 455 2668 539 idquod
2699 455 2970 539 fortasse
3001 456 3281 531 mireris,
3319 459 3796 539 interpretatio-

539 557 653 600 nes
702 534 1040 618 ὶὶίωζηιιᾳξ
1085 534 1668 618 Theodoreti_esse
1721 534 2228 618 comperiuutur,
2261 534 2432 618 apud
2479 535 2828 618 Eusebium
2859 537 3051 596 etiam
3093 555 3223 618 non
3253 555 3403 600 raro
3436 534 3798 618 habentur;

537 620 696 696 quin
744 613 936 677 etiam
960 613 1506 696 aliquandoapud
1555 613 2006 696 Athanasium,
2039 613 2388 696 Eusebium
2420 614 3007 696 aeTheodoretum
3039 616 3273 677 eaedem
3313 619 3469 696 ipsae
3524 628 3678 681 sunt
3729 613 3806 686 ad

541 693 829 757 verbum.
867 695 1055 755 Primi
1105 695 1574 774 generistquze
1603 693 1854 774 scilicet
1874 697 2024 774 sunt
2057 693 2314 774 Eusebii
2343 699 2405 752 et
2446 693 2855 764 Theodoreti,
2902 711 3033 754 non
3087 693 3357 772 paucaa,_
3381 703 3453 758 ut
3487 698 3646 774 dixi,
3696 719 3815 762 re—

537 777 901 854 periuntur.
933 775 1036 858 Sic
1058 771 1311 858 Psalmo
1337 772 1437 858 C_I,
1462 773 1526 830 in
1561 771 1694 858 haec
1726 773 1921 858 verba
1941 792 1955 830 :
1973 771 3003 858 Quiacz'nercmtamquampanem
3025 771 3491 858 manducabam,
3513 788 3571 838 et
3587 771 3814 858 potum

533 850 739 938 incum
785 873 921 938 cum
973 854 1128 932 ﬂetu
1179 851 1532 938 miscebant;
1568 871 1605 908 a
1632 852 1827 938 _[acie
1864 851 1972 911 ira:
2024 850 2490 938 indignationis
2543 850 2682 911 tum.
2718 853 3381 938 _Haec_int_erpret_at_io,
3411 850 3617 938 quani
3637 861 3808 938 apud

538 930 1352 1012 Pseudo-Chrysostomum
1385 930 1541 1008 legis
1573 949 1599 1012 :_
1623 931 1774 1012 Hac
1804 930 1882 1012 in
1914 931 2374 1012 septuagesimo
2420 948 2590 1012 nono
2647 931 2832 991 etiam
2859 930 3106 1012 Rsalmo
3155 933 3370 994 dixit:
3401 930 3659 999 Cibabis
3680 930 3808 1000 nos

532 1031 698 1091 pane
727 1008 1186 1090 lacrymarum,
1233 1016 1295 1070 et
1320 1008 1746 1091 potumudabis
1779 1009 1961 1091 nobis
1989 1010 2054 1068 in
2084 1009 2382 1091 lacrymis
2414 1010 2488 1091 in_
2508 1027 2814 1091 mensura
2840 1031 2854 1070 :
2876 1011 3118 1072 doloris
3139 1021 3341 1071 autem
3372 1033 3683 1076 excessum
3709 1019 3811 1078 his

531 1087 883 1182 significat:
903 1091 1067 1151 Nam
1097 1091 1152 1150 si
1168 1099 1414 1182 tempus
1441 1088 1566 1180 cibi
1595 1087 1812 1182 dolore
1836 1089 2091 1180 plenum
2109 1087 2256 1182 fuit,
2284 1091 2398 1150 vix
2427 1088 2604 1150 aliud
2626 1098 2858 1182 tempus
2887 1091 3103 1182 dotale
3129 1110 3394 1182 vacuum
3417 1094 3635 1182 fuerit.
3660 1099 3803 1182 llis,

532 1167 761 1253 inquit,
798 1169 1034 1230 obruor
1059 1169 1240 1253 ma_lis
1263 1168 1623 1253 :quoniam,
1659 1168 1944 1253 Domine,
1977 1167 2137 1253 iram
2173 1169 2495 1228 adversum
2511 1167 3173 1253 me_concit_asti._Htuc
3202 1172 3356 1253 ipsis
3390 1167 3603 1253 verbis
3634 1177 3805 1253 apud

532 1246 1009 1340 Theodoretum
1039 1256 1101 1309 et
1121 1247 1471 1340 Eusebium
1499 1247 1826 1340 reperies;
1863 1247 2298 1340 Similiterque
2342 1246 2642 1340 versutis
2671 1248 2958 1340 ejusdem
2990 1246 3554 1340 PsalmiZeamdem
3605 1246 3806 1340 habes

531 1328 1297 1408 Pseudo—Chrysostomi,
1327 1327 1632 1408 Eusebii,
1667 1330 1728 1408 et
1754 1325 2160 1408 Theodoreti
2192 1325 2818 1408 interpretationem;
2852 1332 3193 1408 estautem
3233 1329 3340 1391 hic
3385 1349 3614 1394 versus
3649 1353 3662 1392 :
3717 1337 3809 1395 Tu

527 1425 874 1487 exsurgens
897 1405 1278 1487 misereberis
1327 1407 1508 1467 Sion.
1569 1405 1742 1487 Quia;
1791 1405 2407 1487 tempus_misercndi
2435 1407 2588 1487 eius,
2629 1407 2780 1486 quia
2827 1407 3001 1467 venit
3029 1414 3264 1487 tempus
3293 1429 3314 1469 :
3343 1411 3454 1470 ubi
3508 1413 3807 1474 Pseudo-

525 1483 1026 1566 Chrysostomus
1055 1507 1069 1546 :
1101 1488 1226 1566 Da.
1257 1486 1488 1566 inquit,
1515 1485 1919 1566 mutationem
1961 1483 2309 1546 calamitate
2336 1483 2659 1566 meliqreni
2686 1506 2707 1544 :
2730 1493 2966 1563 tempus
2986 1483 3669 1550 enim—misericordiam
3693 1510 3809 1553 re—

529 1563 751 1658 quirit.
783 1567 909 1658 is
935 1585 1080 1658 vero
1113 1563 1469 1658 subindicat
1498 1563 1897 1643 septuaginta
1924 1581 2231 1658 annorum
2247 1582 2444 1658 paena
2468 1563 2906 1658 deputatum!!!
2941 1568 3142 1658 ﬁnem:
3173 1566 3284 1658 Sic
3312 1569 3807 1658 et_admir_an_dus

528 1644 1298 1786 illgpaniichﬁptigitatis
1329 1653 1564 1724 tempus
1593 1661 1978 1710 enumerans,
2003 1644 2528 1722 supplicationem
2553 1644 2803 1705 emittit.
2835 1644 2986 1707 Haec
3013 1645 3339 1723 ipsissima
3373 1645 3617 1711 habent
3658 1650 3806 1712 Eu-

531 1743 602 1786 se
653 1744 751 1786 ius
796 1745 830 1786 e
992 1744 1067 1786 eo
1113 1736 1356 1786 oretus.

531 1727 751 1787 sebius
796 1732 860 1787 et
892 1727 1356 1786 Theodoretus.

609 1805 722 1866 Est
743 1807 932 1868 etiam
964 1825 1108 1870 cum
1136 1803 1935 1881 Pseudo—Chrysostomus,
1959 1802 2303 1875 Eusebius,
2337 1803 2731 1864 Athanasius
2767 1807 2830 1863 et
2858 1801 3296 1865 Theodoretus
3323 1805 3612 1868 eamdem
3643 1806 3806 1870 effe-

532 1889 686 1945 runt
711 1885 1328 1962 interpretationem,
1349 1883 1410 1942 id
1442 1881 1615 1960 quod
1647 1882 1714 1962 in
1741 1882 1865 1942 hoc
1891 1881 2034 1962 ipso
2055 1881 2854 1962 Psalmodeprehendimus
2883 1881 2963 1962 ad
2997 1901 3257 1962 versum
3286 1900 3530 1946 nonum
3559 1906 3622 1945 τα
3643 1888 3804 1950 Tota

523 1964 627 2024 die
646 1959 1109 2042 exprobrabant
1136 1964 1289 2025 mihi
1309 1959 1552 2042 inimici
1568 1961 1684 2042 mei
1690 2008 1704 2029 ,
1729 1969 1789 2042 et
1811 1961 1922 2040 qui
1947 1959 2290 2042 laudabant
2308 1959 2746 2042 me’adversum
2759 1979 2850 2021 me
2854 1961 3164 2041 jurabant
3180 1983 3201 2023 :
3220 1986 3249 2018 ››
3268 1963 3612 2042 Ridiculus
3633 1965 3807 2027 visus

527 2063 663 2102 sum
696 2039 966 2104 inimicis
1006 2043 1174 2110 meis,
1205 2051 1261 2102 et
1286 2042 1394 2122 qui
1435 2041 1585 2122 qlim
1613 2039 1867 2122 invidiae
1897 2041 2242 2122 expositus,
2297 2048 2355 2122 et
2397 2041 2773 2122 conspicuus
2827 2039 3010 2122 eram,
3042 2059 3211 2102 nunc
3235 2041 3587 2121 juramenti
3617 2064 3807 2107 causa

527 2127 734 2204 factus
757 2141 891 2183 sum
933 2123 1014 2204 iis
1038 2123 1148 2201 qui
1168 2141 1257 2204 ηιξ
1285 2119 1715 2204 mirabantur;
1757 2119 2053 2204 adversus
2082 2120 2465 2204 calamitates
2510 2121 2670 2180 enim
2700 2139 2863 2204 meas
2903 2120 3150 2204 iurant,
3189 2119 3266 2180 ne
3289 2123 3510 2204 patiar
3555 2143 3623 2183 ea
3667 2143 3806 2204 qua:

524 2198 775 2280 quidam
799 2203 977 2280 passi
1005 2198 1174 2261 sunt.
1203 2201 1441 2262 Eadem
1470 2200 1611 2278 ipsa
1633 2199 1938 2278 leguntur
1965 2198 2045 2280 ad
2079 2199 2252 2280 hunc
2282 2217 2540 2280 versum
2561 2199 2732 2277 apud
2765 2198 3049 2280 quatuor
3069 2200 3218 2280 illos
3247 2198 3616 2279 scriptores.
3643 2198 3804 2278 Quae

525 2277 724 2343 causa
755 2277 950 2362 porro
972 2282 1054 2342 sit
1084 2281 1353 2362 hujusce
1374 2277 1540 2362 _tanti
1561 2277 1958 2362 consensus,
1991 2278 2162 2340 haud
2192 2280 2280 2362 ita
2313 2277 2620 2362 facileest
2651 2277 2984 2362 augurari.
3018 2277 3099 2362 ld‘
3115 2283 3331 2341 autem
3353 2277 3483 2341 non
3514 2277 3804 2362 potuisse

527 2377 685 2420 casu
714 2356 1038 2432 accidere;
1067 2356 1189 2420 sed
1213 2360 1347 2420 haec
1374 2359 1514 2420 loca
1543 2357 1618 2420 de
1662 2357 1981 2420 industria
2032 2376 2116 2418 ex
2149 2358 2279 2418 alio
2309 2358 2373 2417 in
2431 2356 2633 2419 alium
2662 2356 2978 2420 translata
3013 2356 3210 2420 fuisse
3251 2377 3440 2420 nemo
3468 2356 3598 2422 non
3632 2361 3804 2423 fate-

528 2439 720 2498 bitur.
745 2440 987 2499 Verum
1020 2438 1148 2500 alia
1177 2437 1522 2516 quaerenda
1566 2454 1766 2516 causa
1811 2441 1949 2506 est;
1982 2436 2382 2516 fortasseque
2417 2436 2634 2513 plures
2679 2453 2890 2498 causa!
2919 2436 2998 2498 ad
3027 2455 3162 2497 rem
3213 2439 3502 2500 eamdem
3557 2440 3802 2516 aliquid

526 2519 938 2578 contulerint.
975 2519 1074 2578 Ex
1097 2515 1378 2578 Eusebio
1405 2517 1578 2596 enim
1617 2515 1997 2577 Caesariensi
2037 2515 2257 2592 aliqua
2285 2521 2634 2596 _mutuatos
2669 2533 2811 2576 esse
2840 2533 2950 2578 eos
2996 2518 3116 2596 qui
3164 2522 3309 2593 post
3339 2519 3548 2596 ipsum
3597 2515 3802 2584 eidem

526 2597 656 2663 rei,
695 2597 936 2658 scilicet
966 2596 1349 2675 explicando
1379 2595 1722 2666 Psalterio,
1769 2611 2034 2676 operam
2085 2594 2536 2676 contulerunt,
2571 2596 2678 2676 vix
2721 2594 3014 2676 estquod
3061 2594 3460 2676 dubitemus;
3511 2599 3801 2676 quando-

523 2676 783 2752 quidem
811 2673 1094 2737 videmus
1126 2677 1317 2736 etiam
1348 2676 1811 2754 Hieronymum
1838 2673 2340 2754 Commentario
2391 2674 2455 2732 in
2511 2675 2747 2754 Isaiam
2790 2674 2992 2754 multa
3019 2675 3097 2736 ad
3131 2677 3397 2737 verbum
3444 2673 3607 2754 pene
3651 2697 3802 2740 mu—

529 2759 778 2815 tuatum
805 2773 946 2817 esse
975 2775 1055 2816 ex
1086 2754 1563 2816 Commentario
1589 2752 1850 2815 Eusebii
1882 2752 2294 2814 Caesariensis
2327 2753 2392 2812 in
2413 2752 2705 2814 eumdem
2728 2753 3107 2830 prophetam
3132 2799 3149 2826 ,
3181 2759 3254 2814 ut
3283 2752 3503 2816 monui
3534 2757 3596 2816 in
3621 2759 3802 2818 Prte—

525 2833 764 2896 talione
818 2835 896 2896 ad
949 2835 1242 2896 eumdem
1296 2833 1881 2907 Commentarium,
1923 2850 2118 2910 quem
2150 2833 2330 2910 prior
2375 2832 2540 2892 edidi
2593 2832 2877 2893 secundo
2913 2833 3114 2893 Tomo
3162 2833 3573 2897 Collectionis
3617 2854 3803 2899 novas

524 2930 591 2972 sa
603 2919 894 2973 netorum
934 2916 1214 2976 Patrum.
1384 2963 1392 2968 ,

605 2994 824 3069 Neque
865 2999 1080 3053 tamen
1113 2994 1280 3054 hanc
1310 3010 1452 3053 esse
1496 2992 1812 3069 potiorem
1863 2990 2310 3072 causaintanti
2337 3007 2740 3072 consensus,
2791 2989 2897 3072 sed
2929 3008 3011 3050 ex
3053 2989 3442 3053 Catenarum
3490 2998 3646 3072 puto
3677 2994 3803 3057 fre-

425 3135 430 3138 .
523 3072 849 3147 quentiori
879 3090 1000 3133 usu
1047 3072 1390 3143 accidisse,
1448 3077 1519 3132 ut
1571 3072 1832 3131 mutatis
1892 3071 2262 3130 nominibus
2294 3070 2422 3131 alia
2443 3070 2586 3131 aliis
2625 3070 3168 3142 adscriberentur,
3193 3078 3256 3132 et
3289 3090 3369 3133 ex
3407 3070 3636 3134 crebro
3671 3092 3803 3134 ex—

524 3151 775 3228 srriptis
794 3152 1051 3216 Catenis
1081 3151 1316 3212 factum
1337 3169 1480 3213 esse
1501 3194 1516 3221 ,
1544 3156 1616 3210 ut
1645 3149 1867 3210 eadem
1893 3150 2033 3227 ipsa
2068 3149 2263 3211 variis
2295 3149 2738 3210 tribuerentur
2766 3149 3214 3226 scriptoribus.
3258 3151 3442 3224 Quod
3472 3158 3689 3214 autem
3719 3155 3800 3214 ad

522 3230 873 3290 Eusebium
903 3237 1188 3307 spectat,
1216 3229 1673 3309 Commentarii
1707 3229 1844 3307 ejus
1876 3247 1915 3290 a
1935 3228 2190 3289 Psalmo
2218 3229 2299 3288 LI
2321 3228 2400 3289 ad
2421 3228 2596 3309 AXCV
2629 3228 2790 3309 nihil
2821 3228 3062 3309 habent
3086 3232 3448 3309 peregrini,
3479 3231 3588 3292 sed
3615 3237 3687 3291 ut
3715 3235 3803 3293 ab

515 3315 786 3369 auctore
822 3310 1039 3387 scripti
1070 3315 1221 3370 sunt
1253 3353 1268 3381 ,
1303 3309 1396 3369 sic
1416 3308 1495 3370 ad
1527 3325 1644 3368 nos
1674 3325 1885 3387 usque
1912 3314 2381 3384 pervenerunt,
2414 3307 2606 3385 idque
2637 3308 3079 3386 Manuscripto
3114 3307 3367 3368 cuidam
3396 3309 3801 3372 Coisliniano

523 3388 979 3468 antiquissimo
1013 3388 1340 3468 debemus.
1375 3388 1539 3468 Illud
1583 3404 1736 3468 vero
1766 3387 2141 3468 fatebuntur
2198 3392 2518 3468 quotquot
2547 3387 2758 3468 posita
2800 3387 2976 3446 omni
3023 3387 3436 3468 praejudicata
3493 3390 3803 3468 opinione

525 3467 658 3528 haec
686 3468 897 3546 legent
937 3473 999 3529 et
1033 3466 1351 3528 evolvent.
1403 3467 1474 3547 ln
1505 3466 1750 3527 caeteris
1781 3483 1935 3526 vero
1969 3466 2427 3547 Commentarii
2448 3466 2753 3547 partibus
2777 3483 2909 3526 non
2938 3466 3164 3528 eadem
3179 3467 3515 3530 sinceritas
3537 3466 3803 3547 reperi-

523 3554 662 3618 tur;
695 3543 804 3607 sed
833 3565 962 3607 non
997 3564 1200 3624 pauca
1233 3546 1494 3606 aliunde
1523 3561 1789 3606 corrasa
1833 3545 2180 3606 etadvecta
2207 3545 2335 3624 huc
2372 3543 2570 3605 fuisse
2615 3544 2932 3624 fateamur
2957 3565 3221 3607 necesse
3249 3552 3366 3607 est.
3399 3548 3551 3609 Inde
3579 3543 3798 3609 autem

523 3630 618 3705 est
649 3627 822 3704 quod
855 3628 920 3686 in
953 3623 1304 3688 memorata
1347 3627 1454 3686 illa
1487 3625 1962 3705 Commentarii
1990 3628 2207 3705 parte,
2238 3641 2278 3686 a
2306 3623 2382 3683 Ll
2405 3641 2663 3705 unempe
2695 3623 2968 3705 _Psalmo
3015 3625 3096 3687 ad
3136 3625 3345 3705 _XCV,
3386 3629 3497 3689 vix
3550 3628 3798 3705 aliquid

519 3701 996 3793 deprehendas,
1031 3707 1204 3784 quod
1233 3706 1403 3793 apud
1447 3704 1922 3793 Theodoretum
1950 3703 2101 3793 item
2137 3703 2352 3793 legas;
2401 3701 2466 3760 in
2498 3703 2752 3793 caeteris
2780 3721 2932 3793 vero
2972 3703 3263 3793 eamdem
3293 3706 3499 3793 ipsam
3520 3701 3801 3793 ptriqu

519 3801 648 3877 que
689 3781 1186 3877 explicationem
1224 3783 1576 3877 aliquando
1618 3783 1937 3877 ‘re‘perias.
1963 3781 2449 3877 _Jam‘diximus
2481 3798 2612 3873 non
2655 3781 2854 3877 videri
2887 3784 3072 3877 nobis
3100 3784 3483 3877 Thepdoreti
3520 3785 3800 3877 Exppsi-

522 3864 726 3924 tiones
768 3861 1008 3943 ubique
1043 3861 1418 3945 integras’et
1455 3863 1823 3945 absolutas;
1871 3861 1983 3922 sed
2027 3861 2244 3922 multis
2279 3861 2346 3922 in
2374 3861 2531 3922 locis
2564 3861 2864 3936 mutilas;
2908 3862 2968 3921 id
3008 3862 3182 3940 quod
3229 3863 3502 3926 fortasse
3531 3861 3799 3942 quidam

519 3946 885 4005 accuratius
919 3951 1070 4004 sunt
1099 3944 1519 4021 exploraturi.
1977 4019 1992 4021 _
2339 4019 2348 4021 _
2627 3991 2636 3996 .

602 4023 938 4085 Athanasii
971 4019 1201 4084 autem‘
1233 4021 1781 4082 Commentariqu
1823 4019 1996 4100 quod
2028 4023 2309 4100 spectat,
2333 4019 2399 4080 in
2436 4037 2524 4100 eo
2550 4020 2749 4100 multa
2779 4019 3019 4100 passim
3067 4021 3367 4093 Eusebii,
3413 4039 3543 4082 non
3588 4040 3800 4100 pauca

520 4100 905 4162 Theodoreti
936 4101 1508 4178 deprehendimus,
1541 4102 1630 4162 ita
1655 4104 1728 4160 ut
1754 4099 1909 4177 quid
1939 4099 2309 4178 Athanasii,
2337 4099 2488 4174 quid
2528 4099 2786 4178 illorum
2814 4098 2934 4170 sit,
2966 4117 3135 4176 saepe
3169 4119 3300 4163 non
3327 4102 3416 4163 ita
3445 4098 3628 4162 facile
3653 4102 3801 4162 dis—

520 4179 820 4259 tinguere
861 4177 1210 4259 possimus.
1257 4180 1476 4259 Magni
1503 4179 1614 4240 otii
1664 4184 1836 4240 esset
1876 4178 2012 4259 haec
2038 4195 2184 4256 qua:
2219 4177 2299 4259 ad
2326 4182 2572 4238 veteres
2607 4177 3009 4259 Psalmorum
3043 4179 3444 4259 interpretes
3473 4181 3802 4258 pertinent

522 4256 881 4338 indagaref
919 4260 1094 4322 Unde
1151 4256 1536 4320 etiam'non
1602 4262 1818 4319 tantus
1883 4256 2458 4338 fortassegfructus
2513 4260 2909 4338 emergerets
2945 4258 3135 4338 Tales
3193 4256 3436 4338 quippe
3476 4256 3676 4334 sunt,
3727 4266 3803 4321 ut

523 4337 905 4476 plurli‘Iluurg,
963 4339 1565 4476 ipterpretationes,
1607 4341 1681 4398 ut
1713 4354 1844 4397 non
1899 4337 2115 4415 magni
2171 4336 2424 4398 intersit
2471 4337 2669 4409 scire,
2723 4336 3069 4400 Eusebiine
3122 4336 3404 4413 sint,an
3460 4339 3796 4401 Athanasii

523 4435 596 4476 ve.
752 4437 826 4476 eo
871 4437 982 4476 ore
1017 4438 1055 4476 ι.

523 4418 619 4476 vel
650 4418 1055 4479 Theodoreti.

602 4497 676 4556 In
716 4497 936 4560 Basilii
964 4499 1112 4558 item
1147 4496 1565 4559 Orationibus
1603 4495 1669 4556 in
1709 4495 1997 4557 Psalmos
2041 4493 2334 4572 quaedam
2377 4493 2735 4574 fragmenta
2766 4495 3028 4556 Eusebii
3053 4495 3135 4558 ad
3159 4498 3428 4557 verbum
3473 4497 3800 4574 exscripta

517 4575 1112 4652 deprehenduntur,
1163 4583 1234 4637 ut
1271 4576 1607 4638 annotavit
1635 4575 1708 4634 D.
1755 4575 2054 4638 Julianus
2085 4575 2459 4654 iGarnerius
2494 4579 2734 4654 noster,
2771 4574 2884 4650 qui
2910 4575 3130 4635 Basilii
3173 4576 3492 4654 Operibus
3537 4576 3798 4638 edendis

521 4659 858 4716 strenuam
889 4655 996 4717 dat
1026 4673 1328 4733 Operam;
1380 4656 1440 4715 id
1474 4673 1625 4715 vero
1653 4659 1836 4732 putat
1874 4654 1984 4714 ille
2025 4653 2518 4714 adscribendum
2560 4653 2842 4714 librariis
2878 4655 2990 4730 qui
3021 4655 3157 4716 haec
3182 4653 3419 4716 temere
3447 4656 3794 4718 Basilianis

523 4735 1170 4798 annexuerintJllud
1201 4740 1370 4795 certe
1399 4734 1672 4815 multum
1700 4733 1893 4815 habet
1928 4733 2698 4815 probabilitatis._\_’erum
2738 4749 2869 4815 non
2905 4751 3038 4815 una
3085 4734 3278 4794 fuerit
3305 4733 3556 4796 illorum
3576 4736 3802 4815 furto-

522 4829 663 4872 rum
689 4831 919 4887 causa;
952 4815 1061 4875 sed
1091 4833 1129 4875 a
1157 4815 1371 4874 multis
1400 4813 1692 4890 plurima:
1726 4811 2154 4889 interpolandi
2173 4812 2453 4873 methodi
2483 4812 2756 4873 inductae
2787 4811 3048 4886 fuerint,
3073 4831 3236 4890 quas
3257 4811 3603 4891 Operosum
3630 4819 3800 4876 esset

525 4891 916 4972 investigare
951 4913 967 4952 :
999 4897 1066 4954 at
1096 4911 1225 4952 non
1259 4893 1380 4952 nisi
1424 4891 1772 4972 divinando
1799 4892 2018 4953 omnia
2045 4891 2436 4972 deprehendi
2467 4895 2532 4954 et
2549 4891 2871 4972 explicari
2900 4898 3195 4972 possunt.
3225 4893 3303 4952 Et
3330 4893 3623 4972 alioquin
3669 4911 3798 4953 non

527 4971 712 5032 video
743 4969 898 5048 quid
925 4972 1076 5033 hinc
1108 4972 1352 5032 fruetus
1380 4971 1686 5048 consequi
1718 4987 2078 5049 possemus.
2111 4969 2276 5044 Quid
2317 4971 2489 5033 enim
2542 4971 2846 5042 interest,
2893 4971 2961 5030 in
3008 4971 3108 5032 his
3164 4971 3445 5034 maxime
3472 4969 3666 5033 rebus
3707 4973 3802 5032 al-

520 5049 855 5129 legoricis,
881 5052 1253 5130 anagogicis
1279 5057 1341 5111 et
1389 5051 1778 5130 moralibus,
1836 5052 2002 5110 scire
2035 5050 2182 5127 quis
2228 5050 2670 5130 priordixerit
2691 5094 2706 5119 ,
2753 5049 2906 5126 quid
2940 5051 3088 5126 quis
3133 5068 3173 5112 a
3201 5069 3332 5129 quo
3359 5052 3804 5129 excerpserit?

517 5130 794 5202 Quando
829 5129 1046 5193 autem
1077 5149 1156 5190 ne
1195 5130 1434 5208 ingenti
1462 5129 1723 5207 quidem
1749 5129 1974 5190 labore
2004 5147 2142 5190 rem
2171 5129 2432 5208 assequi
2465 5146 2809 5208 possumus
2834 5173 2849 5202 ,
2886 5147 2967 5190 ne
2998 5147 3166 5209 aegre
3197 5130 3476 5192 feramus
3499 5175 3514 5203 ,
3572 5149 3718 5190 cum
3743 5131 3803 5190 id

522 5210 662 5269 sine
701 5209 1036 5287 dispendio
1069 5210 1462 5288 ignoremus.

601 5286 871 5368 Monere
918 5308 1000 5349 ne
1053 5286 1267 5368 pigeat
1324 5288 1388 5368 in
1420 5287 1731 5368 Vaticano
1775 5286 2004 5348 Codice
2047 5305 2224 5346 num.
2270 5286 2420 5359 581,
2467 5287 2575 5346 fol.
2622 5287 2769 5358 1&2,
2822 5287 3165 5350 Ilomiliam
3215 5289 3435 5349 Basilii
3501 5288 3564 5348 iu
3624 5288 3802 5347 Psal-

526 5383 701 5427 mum
747 5367 887 5438 VII,
921 5367 1067 5446 quae
1094 5369 1309 5429 Grmce
1333 5367 1424 5428 sic
1451 5367 1694 5444 incipit,
1733 5375 1873 5420 Δοκιῖ
1911 5390 2005 5427 πως
2055 5372 2147 5419 im

2181 5377 2266 5427 ’ἕως
2317 5375 2439 5432 ἔχειν
2476 5377 2586 5436 πρὸς
2638 5380 2722 5426 τὴν
2772 5373 2818 5420 ἐν
2853 5383 2959 5428 ταῖς
3001 5377 3273 5438 pacticiam;
3319 5368 3802 5438 inopiamloanlli

521 5445 985 5526 tiliurysostom’o
1017 5448 1208 5507 tribui
1235 5469 1249 5516 ;
1291 5447 1462 5525 quod
1493 5446 1727 5526 factum
1754 5452 1911 5523 puto
1947 5465 2029 5507 ex
2056 5447 2475 5526 librariorum
2507 5447 2605 5506 vel
2639 5446 2996 5526 temeritate
3017 5490 3033 5518 ,
3058 5447 3159 5507 vel
3188 5447 3554 5526 ignorantia
3581 5467 3595 5504 :
3641 5445 3805 5505 nihil

521 5524 692 5606 enim
721 5525 889 5606 stylo
907 5524 1345 5606 Chrysostonii
1365 5526 1467 5587 hic
1499 5525 1690 5606 affine
1711 5526 2006 5594 habetur,
2039 5531 2100 5587 et
2121 5525 2412 5601 alioquin
2443 5527 2505 5585 in
2552 5525 2694 5587 aliis
2726 5527 3025 5587 omnibus
3066 5524 3524 5606 Mauuscriptis
3549 5571 3566 5601 ,
3607 5525 3806 5587 etiam

523 5604 1033 5682 antiquissimis,
1087 5605 1299 5665 Basilii
1341 5605 1597 5666 nomine
1638 5611 1987 5683 comparet.
