4106 6420
519 321 3754 372 m

1415 501 1827 592 SANCTI
1925 498 2344 588 PATRIS
2417 499 2859 592 NOSTRI

893 704 1766 866 JOANNIS
1911 700 3384 860 CHRYSOSTOMI

1304 956 1942 1015 ARCIHEPISCOPI
2007 953 2987 1012 CONSTANTINOPOLITANI

1650 1117 2080 1224 OPERA
2156 1116 2614 1224 OMNIA.

1985 1315 2286 1329 ...σῇ-.-

933 1487 1019 1541 IN
1064 1482 1421 1540 PSALJIUM
1463 1480 1560 1536 ιη
1579 1473 1689 1552 ’(η).

501 1583 734 1636 Psalmus
779 1579 966 1642 David,
1013 1595 1126 1631 cum
1157 1579 1347 1647 fugeret
1378 1592 1408 1627 a
1431 1574 1560 1645 facie
1589 1571 1830 1626 Absalom
1859 1569 1953 1638 filii
1985 1569 2081 1622 sui.

569 1675 800 1740 Domine,
831 1672 951 1743 quid
977 1669 1294 1740 multiplicati
1318 1676 1431 1720 sunt
1455 1665 1540 1733 qui
1567 1664 1806 1717 tribulam
1831 1679 1908 1715 me
1941 1662 2012 1732 (υ.
2036 1663 2084 1714 ’1.

563 1766 688 1836 2)?

565 1879 799 1933 Ducibus
860 1875 1137 1930 victoriam
1180 1870 1484 1941 assequutis
1533 1883 1687 1939 reges
1743 1865 2090 1934 triumphales

493 1978 698 2039 ponunt
725 1976 927 2021 statuas
959 1983 973 2020 :
1001 1963 1200 2033 aurigis
1229 1977 1355 2016 vero
1382 1970 1434 2013 et
1459 1959 1675 2013 athletis
1698 1959 1714 1988 ¹
1750 1956 2006 2024 imagines
2035 1963 2088 2008 et

492 2061 768 2114 columnas
819 2071 1004 2111 eorum
1032 2053 1268 2108 victoriae
1301 2059 1465 2106 testes
1504 2050 1738 2104 excitant
1781 2047 2046 2116 principes
2071 2086 2086 2110 ,

491 2160 546 2206 et
595 2150 941 2220 inscriptione
987 2156 1254 2217 tamquam
1293 2159 1389 2198 ore
1437 2142 1708 2207 efficiunt,
1765 2148 1824 2193 ut
1868 2139 2088 2193 materia

489 2243 766 2298 victoriam
815 2239 1095 2311 praedicet.
1144 2235 1249 2290 Alii
1293 2249 1478 2289 rursus
1509 2235 1561 2287 in
1615 2231 1761 2286 libris
1789 2239 1847 2285 et
1875 2230 2088 2299 scriptis

493 2338 756 2392 victorum
787 2335 996 2390 laudem
1026 2331 1372 2397 describunt,
1404 2344 1528 2383 suas
1560 2328 1614 2382 in
1659 2325 1922 2382 laudando
1947 2325 2089 2379 vires

493 2431 591 2496 iis,
619 2430 707 2500 qui
753 2427 1061 2490 laudantur,
1097 2425 1328 2494 majores
1356 2421 1598 2476 volentes
1643 2418 1948 2473 ostendere.
1998 2416 2090 2470 Pi-

490 2536 668 2576 ctorcs
696 2530 865 2586 certe,
897 2517 1158 2579 statuarii,
1191 2515 1522 2584 sculptores,
1553 2512 1766 2582 populi,
1800 2509 2087 2580 principes,

493 2612 735 2666 civitates
755 2653 768 2675 ,
801 2619 854 2664 et
881 2610 1000 2680 pagi
1029 2609 1264 2663 victores
1306 2605 1637 2659 admirantur
1668 2622 1681 2657 :
1725 2616 1883 2657 nemo
1912 2611 2090 2655 autem

495 2704 774 2775 fugientis,
820 2702 1041 2772 ejusque
1070 2701 1160 2770 qui
1209 2714 1311 2753 non
1342 2697 1537 2751 bellum
1581 2695 1778 2766 gessit,
1806 2692 2091 2762 descripsit

494 2796 797 2864 imaginem,
822 2804 878 2846 ut
903 2807 1042 2845 nunc
1065 2790 1246 2844 David.
1274 2789 1369 2843 Est
1387 2793 1530 2843 enim
1560 2789 1606 2841 Ι.
1635 2786 1873 2840 Psalmus
1898 2784 2089 2851 Dauid,

493 2887 614 2940 dum
642 2889 830 2955 fugeret
859 2901 890 2936 a
919 2883 1047 2951 {acie
1076 2881 1339 2934 Absalonis
1368 2880 1465 2947 lilii
1494 2879 1592 2931 sui.
1642 2879 1704 2931 Et
1732 2876 1944 2946 quando
1971 2876 2089 2929 lau-

493 2979 562 3031 de
586 2987 775 3048 mgnus
801 2986 881 3031 est
909 2979 996 3044 qui
1018 2959 1148 3043 fugit
1175 2973 1198 3026 ?
1261 2973 1475 3040 quando
1518 2971 1709 3040 dignus
1749 2979 1834 3026 est
1881 2969 2094 3024 habitus

493 3080 646 3122 exsul
668 3109 684 3132 ,
712 3080 864 3136 cujus
895 3080 1090 3118 nomen
1121 3061 1536 3117 inscriberetur?
1580 3060 1853 3130 Fugitivos
1882 3060 2093 3130 scriptis

494 3158 666 3212 literis
702 3163 1122 3225 persequuntur,
1174 3167 1280 3205 non
1328 3152 1592 3204 honorant
1633 3151 2087 3219 inscriptionibus.

494 3249 603 3303 Sed
653 3246 891 3312 disce,o
947 3244 1145 3308 frater,
1177 3256 1398 3296 causam
1449 3240 1844 3309 inscriptionis,
1873 3251 1926 3294 et
1976 3241 2093 3294 ani-

496 3354 634 3392 mam
670 3347 809 3391 tuam
835 3336 888 3389 in
922 3343 1034 3387 tuto
1059 3334 1300 3397 colloca;
1354 3331 1424 3384 sit
1452 3331 1544 3384 tibi
1578 3331 1814 3384 historia:
1858 3332 2094 3384 narratio

495 3431 616 3483 vilze
648 3441 751 3482 tua-
794 3426 1056 3481 correctio
1087 3442 1101 3489 ;
1136 3427 1201 3477 sit
1225 3423 1350 3492 justi
1382 3424 1730 3492 persequutio
1759 3421 1954 3477 mentis
1986 3430 2094 3475 sta-

497 3522 850 3575 liilimeutum.
880 3517 1034 3570 Disce
1060 3531 1156 3568 cur
1187 3513 1439 3568 Davidem
1468 3523 1890 3582 persequeretur
1919 3513 2092 3567 Absa~

499 3616 628 3671 Ioni,
654 3618 850 3662 utcum
873 3622 973 3662 ceu
998 3608 1075 3662 rei
1094 3607 1508 3666 fundamentum
1546 3608 1813 3665 inveneris
1838 3649 1856 3676 ,
1905 3605 2095 3662 timore

495 3706 706 3762 Domini
727 3703 1031 3758 azdiftceris.
1059 3699 1522 3770 Quemadmodum
1563 3699 1706 3754 enim
1737 3699 1938 3768 absque
1963 3698 2086 3753 fun-

497 3801 751 3852 damento
800 3794 1032 3850 invalida
1079 3803 1135 3848 et
1174 3792 1438 3850 imbecilla
1482 3801 1570 3848 est
1621 3792 1946 3847 aedificatio:
1987 3793 2090 3858 ita,

497 3893 598 3946 nisi
627 3893 842 3946 invento
867 3903 1032 3957 scopo
1059 3903 1122 3942 ac
1149 3888 1421 3950 instituto,
1464 3885 1738 3955 Scriptura
1763 3894 1846 3940 est
1873 3885 2093 3940 inutilis.

569 3982 827 4036 Probatur
852 3979 1006 4033 variis
1033 3978 1317 4048 Scriptura:
1362 3992 1524 4033 sacrae
1552 3978 1808 4031 sententiis
1833 3985 1884 4032 et
1925 3993 2096 4032 exem-

499 4078 598 4146 plis
623 4074 782 4128 Deum
811 4071 1032 4125 dissidiis
1055 4070 1344 4123 domesticis
1361 4109 1379 4138 ,
1410 4069 1681 4125 rebellione
1704 4077 2050 4124 creaturarum
2076 4110 2092 4133 ,

497 4181 544 4222 et
580 4167 810 4220 omnibus
850 4163 999 4218 matis
1028 4164 1099 4216 uti
1123 4163 1176 4216 in
1203 4177 1401 4232 poenam
1427 4162 1634 4227 peccati.
1655 4160 1886 4215 -—-Beati
1926 4160 2092 4215 David

502 4261 587 4313 hic
615 4272 807 4327 scopus
833 4255 933 4310 fuit
963 4271 1055 4324 per
1081 4255 1411 4324 propositum
1454 4253 1722 4307 Psalmum
1750 4254 1910 4306 vitam
1940 4253 2095 4307 insti-

502 4362 653 4405 tuere
683 4359 736 4403 et
765 4347 1027 4418 castigare
1051 4388 1066 4412 ,
1098 4355 1154 4401 ut
1179 4345 1308 4399 nihil
1337 4360 1572 4416 unquam
1603 4345 1730 4400 mali
1768 4343 1955 4411 faciat,
1997 4361 2098 4399 nec

500 4442 644 4511 leges
676 4440 766 4495 Dei
793 4447 1134 4502 contemnat,
1169 4452 1268 4492 nec
1296 4436 1562 4506 peccatori
1588 4452 1649 4492 ea
1670 4436 1949 4501 eveniant,
1977 4451 2098 4506 qua:

498 4535 596 4588 sibi
621 4517 929 4588 evenerunt.
957 4529 1215 4600 Fugiebat
1243 4529 1406 4583 filium
1435 4543 1588 4583 suum
1617 4528 1817 4593 David,
1842 4529 2095 4598 quoniam

500 4627 798 4680 castitatem
827 4624 1064 4694 fugerat;
1099 4622 1333 4693 fugiebat
1377 4622 1541 4676 tilium
1563 4665 1578 4684 ,
1623 4624 1875 4692 quoniam
1908 4622 2098 4678 matri—

499 4721 735 4773 monium
783 4715 1027 4787 pudieum
1078 4715 1408 4779 violaverat;
1452 4715 1685 4785 fugiebat
1713 4717 1913 4781 lilium,
1961 4732 2096 4785 quo-

503 4814 642 4866 niam
677 4812 848 4879 legem
883 4809 973 4862 Dei
1003 4823 1123 4879 qua:
1153 4808 1306 4873 dicit,
1350 4807 1472 4861 Non
1504 4807 1700 4862 occides
1723 4850 1737 4874 ,
1768 4823 1868 4862 non
1893 4808 2097 4861 adulte-

499 4905 632 4957 rubis
675 4901 866 4973 (Exod.
889 4901 978 4975 20.
1014 4901 1102 4955 15.
1160 4900 1284 4970 14),
1329 4899 1550 4967 fugerat.
1597 4901 1731 4965 Quia
1775 4899 1916 4954 enim
1964 4899 2093 4953 alie-

501 5015 621 5050 nam
682 5010 871 5065 agnam
941 4995 990 5046 in
1065 4992 1282 5046 domum
1350 5007 1500 5045 suam
1578 4990 1974 5058 introduxerat,
2044 5000 2100 5047 et

499 5089 616 5159 i-jus
669 5095 934 5157 pastorem
983 5082 1353 5147 interfecerat,
1407 5082 1495 5152 qui
1544 5090 1744 5136 cratex
1791 5081 1952 5135 domo
2002 5096 2097 5136 sua

499 5195 668 5252 agnus
687 5221 703 5246 ,
733 5189 998 5249 pastorem
1021 5190 1190 5230 cornu
1218 5173 1450 5244 petebat.
1477 5173 1679 5228 Aliente
1697 5173 1875 5228 domui
1899 5173 2097 5228 bellum

503 5272 705 5335 intulit,
743 5279 794 5325 et
821 5284 882 5323 ex
913 5267 1075 5322 domo
1123 5279 1217 5318 sna
1267 5264 1370 5334 ipsi
1417 5264 1616 5318 bellum
1663 5265 1949 5318 excitatum
1992 5273 2094 5319 est.

501 5364 616 5418 Non
665 5371 749 5416 est
796 5375 974 5414 meum
1037 5358 1352 5429 cogitatum,
1411 5355 1577 5425 ipsius
1624 5355 1717 5411 Dei
1746 5355 1943 5410 dictum
1972 5364 2095 5410 est:

567 5459 582 5484 ι
619 5452 673 5500 In
693 5459 830 5511 Reg,
853 5448 1100 5507 militibus,
1118 5462 1224 5511 pro,
1243 5447 1451 5498 athletis.

564 5515 637 5576 (η)
671 5507 832 5576 collati
876 5507 1214 5576 (getutucntarii
1259 5523 1368 5576 cum
1413 5510 1588 5576 gallae
1634 5515 1756 5576 ξιθῇ
1795 5507 2098 5576 19βΞ-[οιιιξο

564 5522 637 5576 (a)
671 5522 832 5584 tzo'tlau
876 5522 1214 5582 (prmuentaru
1259 5523 1368 5557 cum
1413 5522 1588 5586 (.xxttce
1635 5522 1760 5618 ιιοέ
1795 5522 1914 5558 tuo:
1943 5522 2095 5596 5[.nuuc

499 5579 637 5638 65$],
660 5588 744 5637 qui
780 5571 1243 5642 mutinet't‘salm‘os'
1262 5571 1312 5627 '5,
1337 5573 1386 5629 4,
1412 5573 1458 5642 ξ),
1483 5570 1530 5642 6,
1558 5572 1610 5642 7ἲ
1632 5571 1705 5642 ’8‘,“
1763 5606 1777 5629 ,
1909 5571 2095 5642 io._46,

502 5632 797 5692 47;'et'eum
818 5633 1093 5700 mlbertino
1135 5632 1191 5680 10
1227 5632 1375 5700 [nunc
1415 5635 1563 5694 Regio
1599 5632 1735 5695 αξη,
1775 5633 1858 5700 qui
1895 5633 2097 5700 eosdem

504 5698 712 5747 Psalmos
736 5703 944 5800 θτῖὃψιο
969 5694 1121 5755 primo
1153 5695 1390 5757 continet,
1428 5706 1483 5743 ac
1525 5694 1766 5756 pmterca
1795 5694 1871 5756 [9,
1920 5696 1992 5755 [0,
2019 5695 2095 5756 ll,

508 5762 603 5800 1‘21-
640 5760 690 5800 £8
708 5767 754 5800 et
847 5791 878 5800 ..

508 5762 604 5822 te],
639 5760 690 5807 t8
708 5767 754 5808 ct
786 5760 878 5804 l9..

2203 1485 2290 1540 ubi
2317 1498 2493 1543 autem
2538 1492 2677 1549 Deus
2702 1505 2784 1550 est
2807 1499 2898 1569 qui
2943 1500 3349 1576 interpretatur,
3399 1525 3556 1568 nemo
3581 1523 3662 1570 est
3701 1521 3788 1588 qui

2198 1581 2546 1636 centradicat.
2593 1586 2744 1653 Quod
2773 1591 2913 1644 enim
2953 1594 3209 1652 adversus
3257 1599 3420 1656 David
3479 1604 3619 1661 filius
3663 1581 3793 1665 suus

2201 1668 2318 1723 ideo
2350 1674 2732 1747 insurrexerit,
2756 1685 3005 1751 quoniam
3039 1689 3218 1743 Uriam
3246 1692 3545 1764 interfecit,
3578 1711 3632 1754 et
3662 1719 3795 1756 uxo-

2199 1777 2310 1816 rem
2340 1766 2456 1833 ejus
2485 1772 2720 1841 accepit,
2753 1775 2874 1829 audi
2924 1778 3086 1833 Deum
3117 1797 3210 1850 per
3241 1785 3553 1854 prophetam
3582 1790 3789 1848 Natlian

2199 1852 2379 1908 Davidi
2402 1856 2685 1916 dicentem:
2711 1863 2823 1936 Ego
2849 1869 2976 1922 anxi
2993 1879 3038 1922 te
3058 1887 3224 1941 regem
3238 1852 3390 1946 super
3411 1876 3595 1946 Israel,
3615 1893 3661 1936 et
3683 1901 3790 1937 erm

2198 1952 2246 1996 te
2264 1946 2328 1999 de
2353 1963 2508 2002 manu
2549 1951 2748 2008 Saulis.
2791 1956 2906 2027 Ego
2937 1959 3054 2014 dedi
3088 1963 3178 2016 tibi
3199 1967 3370 2020 omnia
3397 1984 3509 2038 ante
3527 1983 3670 2025 erant
3694 1976 3791 2028 do-

2197 2039 2322 2092 mini
2341 2042 2433 2106 tui,
2447 2051 2498 2096 et
2515 2043 2722 2099 domum
2746 2047 2920 2104 Saulis
2938 2061 2984 2104 et
3002 2053 3034 2104 J
3043 2055 3177 2109 uda:
3206 2065 3252 2110 et
3275 2059 3321 2111 si
3340 2076 3494 2129 parva
3516 2074 3632 2116 sunt
3658 2066 3787 2132 haec,

2196 2131 2436 2202 adjiciam
2452 2135 2543 2188 tibi
2557 2136 2635 2190 his
2651 2139 2814 2206 paria.
2825 2141 2996 2208 Quare
3005 2161 3123 2215 ergo
3136 2151 3480 2220 contempsisti
3497 2152 3789 2218 Dominum,

2200 2233 2255 2275 ut
2302 2228 2494 2294 faceres
2529 2229 2720 2282 malum
2765 2232 2818 2284 in
2846 2246 3116 2306 conspectu
3143 2255 3255 2292 meo
3276 2241 3302 2294 .9
3331 2239 3508 2296 Uriam
3538 2244 3792 2300 Hetta’um

2196 2317 2482 2386 percussisti
2514 2319 2690 2391 gladio
2708 2365 2726 2390 ,
2753 2333 2800 2377 et
2825 2341 3031 2380 uxorem
3059 2329 3198 2385 illius
3226 2335 3465 2404 accepisti
3501 2336 3554 2390 in
3584 2355 3792 2393 uxorem

2196 2407 2302 2459 tibi.
2341 2407 2403 2462 Et
2437 2426 2572 2466 nunc
2602 2428 2704 2466 non
2731 2415 2927 2470 recedet
2954 2419 3156 2488 gladius
3181 2421 3244 2476 de
3270 2423 3422 2479 domo
3449 2436 3534 2480 tua
3562 2429 3614 2483 in
3645 2441 3794 2484 teter-

2198 2514 2318 2591 num
2369 2501 2444 2571 (2.
2480 2503 2609 2575 Reg.
2644 2507 2729 2561 12.
2764 2509 2936 2581 7-H).
2977 2513 3217 2569 Alienum
3245 2515 3462 2574 domum
3500 2521 3678 2591 gladio
3706 2525 3790 2579 di-

2199 2590 2366 2645 visisti
2401 2611 2414 2645 :
2445 2594 2678 2665 gladium
2707 2598 2966 2658 adversus
2998 2613 3048 2659 te
3076 2605 3380 2664 fabricabor
3409 2612 3460 2665 in
3492 2590 3653 2668 domo
3679 2625 3786 2670 tua.

2198 2678 2331 2736 Ecce
2359 2700 2449 2753 ego
2475 2689 2726 2743 suscitabo
2755 2693 2995 2748 adversus
3024 2705 3070 2751 te
3099 2700 3235 2752 mala
3261 2717 3323 2754 ea:
3346 2702 3496 2756 domo
3527 2715 3614 2758 tua
3642 2723 3660 2759 :
3684 2725 3790 2762 non

2195 2774 2411 2832 aliunde
2432 2818 2448 2842 ,
2489 2795 2588 2834 nec
2629 2781 2757 2836 foris
2780 2825 2796 2850 ,
2827 2787 2921 2841 sed
2956 2787 3035 2842 Ex
3063 2790 3213 2845 domo
3243 2803 3348 2847 tua.
3382 2795 3533 2851 Unde
3561 2810 3642 2854 est
3674 2799 3793 2856 fons

2198 2869 2422 2936 peccati,
2457 2869 2600 2925 illinc
2628 2883 2710 2928 est
2739 2876 2890 2947 plaga
2920 2882 3184 2950 supplicii.
3215 2887 3344 2951 Quia
3375 2903 3502 2959 ergo
3531 2906 3560 2944 a
3591 2907 3794 2961 pra-ce-

2196 2967 2290 3027 pto
2315 2959 2522 3015 Domini
2553 2963 2800 3034 fugitivus
2824 2971 3081 3041 exsulque
3103 2975 3291 3042 fuerat,
3318 2959 3605 3050 prepterea
3626 2984 3791 3040 tilium

2198 3049 2447 3120 fugiebat.
2485 3054 2726 3112 Psalmus
2767 3057 2935 3116 David
2971 3066 3090 3118 dum
3132 3069 3322 3138 fugeret
3348 3089 3380 3124 a
3410 3049 3540 3142 facie
3569 3075 3793 3130 Absalon

2199 3144 2295 3210 filii
2321 3145 2420 3196 sui.
2455 3145 2582 3200 Belli
2617 3152 2918 3207 narratione
2948 3156 3138 3211 melior
3166 3170 3247 3213 est
3273 3177 3428 3216 causa
3462 3164 3582 3218 belli
3611 3181 3795 3222 susce-

2201 3236 2294 3302 pti,
2330 3249 2386 3290 ut
2415 3251 2534 3291 cum
2557 3239 2685 3309 justi
2713 3242 2917 3310 lapsum
2949 3247 3259 3315 viderimus,
3288 3269 3569 3310 caveamus
3601 3274 3666 3312 ne
3695 3275 3789 3314 (³³-

2197 3329 2405 3393 damus,
2442 3341 2495 3384 et
2524 3333 2786 3400 ejusmodi
2818 3339 3132 3407 supplicium
3165 3345 3443 3414 fugiamus.
3472 3348 3616 3402 Multi
3648 3353 3794 3406 enim

2200 3419 2278 3471 vel
2310 3419 2359 3472 in
2393 3420 2706 3478 hodiernum
2736 3443 2902 3497 usque
2931 3429 3072 3486 diem
3104 3434 3237 3488 bella
3269 3437 3461 3492 habent
3489 3441 3538 3493 in
3565 3442 3791 3510 aedibus,

2198 3519 2251 3562 et
2279 3509 2364 3565 hic
2389 3513 2603 3579 quidem
2634 3530 2972 3589 Oppugnatur
2997 3523 3063 3575 ab
3095 3540 3278 3592 uxore,
3309 3528 3394 3582 ille
3424 3545 3549 3584 vero
3575 3533 3794 3589 obside-

2203 3610 2287 3653 tur
2315 3617 2342 3654 a
2386 3603 2495 3659 lilio
2526 3623 2538 3658 :
2568 3607 2702 3662 aliUs
2743 3619 2920 3666 autem
2951 3629 2978 3666 a
3011 3613 3206 3684 fratre,
3235 3627 3288 3673 ct
3325 3621 3456 3675 alius
3487 3621 3735 3682 domatur
3760 3642 3794 3682 ει

2198 3690 2418 3764 famulo,
2446 3705 2500 3750 et
2531 3700 2892 3772 unusquisque
2917 3705 3129 3775 angitur
3155 3717 3211 3763 et
3237 3709 3541 3780 afﬂictatur,
3574 3727 3790 3786 pugnat,

2199 3786 2396 3843 bellum
2425 3789 2583 3861 gerit.
2611 3799 2667 3847 et
2695 3791 2835 3848 bello
2862 3805 3115 3864 vexatur;
3146 3814 3209 3855 ac
3238 3817 3396 3857 nemo
3426 3806 3682 3862 subducta
3710 3825 3794 3862 ra-

2201 3880 2344 3935 tione
2369 3883 2508 3952 apud
2534 3900 2594 3940 se
2620 3886 2851 3957 cogitat,
2885 3889 2984 3943 nisi
3015 3900 3229 3959 peccata
3258 3897 3605 3962 seminasset,
3637 3917 3792 3955 num-

2199 3987 2360 4042 quam
2388 3974 2501 4032 fore
2531 3989 2586 4032 ut
2614 3979 2666 4034 in
2693 3979 2854 4037 domo
2877 3996 2972 4037 sua
3006 3985 3174 4053 spina:
3195 3997 3250 4042 et
3279 3989 3454 4044 tribuli
3483 3993 3752 4049 orirentur
3774 4010 3794 4049 :

2201 4083 2300 4122 nec
2343 4070 2444 4124 nisi
2489 4082 2825 4140 peccatorum
2875 4076 3132 4133 scintillas
3189 4082 3543 4148 occultasset,
3574 4085 3794 4142 domum

2200 4161 2643 4232 conﬂagraturam
2670 4165 2849 4224 fuisse.
2881 4169 3034 4237 Quod
3057 4171 3201 4228 enim
3230 4184 3564 4243 peccatorum
3593 4179 3797 4236 fructus

2201 4249 2306 4306 sint
2335 4254 2470 4307 mala
2499 4257 2734 4326 propria,
2757 4268 2811 4313 et
2833 4259 3155 4321 domesticos
3179 4265 3396 4322 lictores
3422 4268 3562 4324 Deus
3590 4270 3642 4325 in
3672 4285 3798 4341 pee-

2200 4353 2410 4424 catores
2435 4347 2690 4416 elegerit,
2725 4353 2874 4408 testis
2907 4363 2990 4409 est
3023 4355 3330 4427 Scriptura,
3356 4374 3463 4428 qua
3493 4361 3559 4415 ad
3593 4361 3796 4418 facien-

2201 4435 2322 4490 dam
2353 4438 2508 4493 tidem
2536 4439 2665 4494 nihil
2694 4451 2778 4496 est
2804 4445 3047 4502 validius.
3075 4446 3222 4502 Uxor
3249 4458 3424 4506 tecum
3465 4451 3660 4508 bellum
3699 4469 3790 4523 ge-

2202 4529 2292 4596 rit,
2315 4531 2555 4600 ingresso
2573 4540 2840 4602 tamquam
2866 4535 2973 4590 fera
2993 4539 3245 4605 occurrit,
3268 4539 3498 4611 linguam
3526 4553 3795 4612 tamquam

2202 4621 2433 4690 gladium
2459 4624 2638 4678 acuit?
2669 4624 2772 4680 lies
2795 4626 3009 4696 quidem
3049 4629 3204 4685 valde
3239 4632 3497 4695 molesta,
3527 4636 3667 4703 quod
3696 4650 3798 4688 au-

2204 4713 2431 4768 xiliatrix
2459 4714 2762 4770 adversaria
2786 4716 2919 4772 facta
2942 4719 3011 4772 sit
3035 4738 3046 4771 :
3074 4722 3297 4789 teipsum
3328 4732 3500 4778 tamen
3527 4727 3799 4786 CXﬂlllilta,

2204 4807 2456 4875 numquid
2489 4807 2540 4861 in
2568 4807 2846 4877 jnventute
2878 4810 2928 4864 in
2959 4814 3236 4868 mulierem
3264 4815 3386 4882 quid
3416 4819 3713 4882 attentaris,
3747 4827 3802 4872 ct

2202 4898 2342 4967 quod
2389 4899 2594 4954 mulieri
2639 4916 2668 4954 a
2711 4911 2762 4957 te
2806 4904 2998 4957 vulnus
3031 4904 3284 4960 indictum
3315 4919 3425 4972 est,
3457 4922 3674 4965 curetur
3708 4927 3803 4980 per

2204 4989 2481 5044 mulierem
2505 5032 2519 5054 ,
2563 5001 2618 5046 et
2655 4993 2888 5048 alienum
2926 4995 3077 5050 ulcus
3125 4999 3334 5068 propria
3376 5017 3528 5066 uxor,
3561 5003 3800 5074 chirurgi

2203 5081 2377 5136 ofﬁcio
2396 5081 2637 5153 fungens,
2664 5084 2976 5141 medicetur.
3009 5086 3061 5142 ld
3083 5091 3324 5158 quamvis
3343 5107 3461 5160 qua:
3481 5103 3627 5147 secat
3652 5093 3802 5163 igno—

2203 5183 2317 5240 ret,
2356 5176 2504 5229 novit
2543 5184 2720 5231 tamen
2754 5177 2896 5232 Deus
2931 5178 3187 5233 medicus.
3220 5180 3339 5250 Ipse
3375 5184 3516 5238 enim
3555 5201 3616 5239 ea
3663 5196 3802 5240 tani-

2203 5280 2360 5335 quam
2398 5265 2542 5321 ferro
2581 5267 2836 5322 adversus
2865 5278 2916 5323 te
2946 5283 3070 5323 usus
3097 5278 3181 5324 est
3218 5289 3231 5326 :
3263 5281 3318 5326 et
3350 5275 3800 5341 quemadmodum

2203 5356 2405 5412 ferrum
2443 5359 2614 5413 nescit
2651 5358 2774 5428 quid
2805 5367 2954 5429 agat,
2987 5358 3216 5415 futuram
3253 5372 3429 5418 autem
3477 5382 3568 5434 per
3603 5365 3799 5421 ferrum

2204 5448 2466 5504 medelam
2497 5451 2643 5504 novit
2671 5450 2910 5506 medicus
2941 5471 2954 5508 :
2980 5454 3048 5506 ita
3079 5455 3241 5509 etiam
3267 5455 3391 5510 licet
3421 5456 3625 5527 ignoret
3669 5474 3803 5512 uxor

2204 5555 2322 5610 qua
2353 5539 2493 5607 ferit,
2526 5549 2580 5596 et
2609 5542 2829 5596 maritus
2857 5543 2944 5613 qui
2978 5543 3187 5613 feritur,
3220 5561 3437 5601 causam
3470 5547 3622 5614 ictus,
3659 5548 3802 5602 Deus

2205 5642 2383 5688 tamen
2424 5643 2479 5687 ut
2519 5633 2756 5688 medicus
2795 5635 2941 5688 novit
2973 5635 3100 5705 quid
3143 5636 3402 5693 conferat.
3435 5639 3589 5705 Quod
3620 5650 3799 5694 autem

2205 5724 2396 5778 mulier
2422 5725 2558 5778 mala
2589 5726 2656 5778 sit
2684 5734 3022 5795 peccatorum
3048 5728 3326 5799 colaphus,
3361 5733 3507 5787 testis
3535 5742 3617 5787 est
3648 5746 3798 5787 sacra
