4106 6412
1105 510 1331 596 ΤΟΥ
1392 511 1538 596 ΕΝ
1591 507 1958 597 ΑΓΙΟΙΣ
2031 506 2468 600 ΠΑΤΡΘΣ
2525 517 2853 606 ΗΜΩΝ

1379 722 2646 956 ΙΩΑΝΝΟΥ»

1274 1061 1846 1116 ΑΡΧΙΕΠΙΣΚΟΠΟΥ
1878 1019 2720 1135 ΚΩΝΣΤΑΝΤΙΝΟΥΠΟΛίῖΩΣ,

1417 1253 1646 1339 ΤΟΥ
1718 1257 2551 1350 ΧΡΥΣΟΣΤΟΜΟΥ
2573 1318 2593 1351 ν

1000 1468 1196 1582 ΤΑ
1269 1469 2366 1594 ΕΥΡΙΣΚΟΜΕΝΑ
2441 1481 3003 1597 ΠΑΝΤΑ.

699 1861 790 1935 μ]
833 1860 948 1916 El}:
993 1861 1128 1915 TON
1181 1861 1232 1914 ιν
1278 1862 1598 1920 ΨΑΛΜΟΝ.

339 1979 592 2050 Ψαλμὸς
619 1976 704 2043 τῷ
723 1977 933 2039 Δαυΐδ,
960 1979 1140 2050 οπότε
1155 1977 1614 2050 ἀπεδίδρασκεν
1627 1981 1746 2034 ἀπὸ
1763 1998 1950 2050 προσ-

404 2049 571 2122 ᾠπου
627 2047 1032 2122 Ἀϐεσσαλὼμ
1077 2049 1182 2122 τοῦ
1224 2047 1598 2122 υί-οῦίαῠτοῦ.
1632 2047 1828 2122 Κύριέ,
1893 2055 1952 2107 τί

424 2121 923 2188 ἐπληθύνθησιιν
942 2123 994 2173 οί
1017 2119 1325 2186 θλίϐοντές
1346 2137 1454 2189 με;

431 2237 770 2302 Ἐπινικίους
796 2238 895 2307 μὲν
934 2235 1256 2306 ἀνδριάντας
1283 2238 1332 2291 οἱ
1365 2235 1604 2307 βασιλεῖς
1641 2241 1751 2304 τοῖς
1782 2257 1948 2310 στρα-

354 2325 535 2392 τηγοῖς
563 2325 854 2393 νικήσασιν
881 2320 1194 2374 ἀνατιθέασι
1216 2333 1262 2361 α·
1283 2323 1613 2394 νικηφόρους
1641 2322 1697 2376 δὲ
1731 2324 1948 2388 εἰκόνας

357 2407 451 2460 καὶ
493 2406 696 2477 στήλας
733 2405 1041 2476 ἐγείρουσιν
1072 2404 1332 2475 ἄρχοντες
1375 2406 1611 2476 ἡνιόχοις
1655 2407 1749 2460 καὶ
1781 2406 1944 2477 ἀθλη-

355 2493 496 2552 ταῖς,
522 2492 615 2544 καὶ
646 2488 725 2559 τῷ
767 2489 1149 2560 ἐπιγράμματι
1185 2488 1260 2552 ὡς
1298 2489 1526 2558 στόματι
1571 2491 1792 2562 κήρυκα
1846 2489 1948 2560 τῆς

357 2573 513 2644 νίκης
527 2575 626 2645 τὴν
645 2573 775 2644 ὓλην
807 2572 1151 2644 ἐργάζονται.
1181 2571 1363 2624 Ἀλλοι
1387 2573 1444 2625 δέ
1470 2573 1631 2626 πάλιν
1657 2577 1714 2627 ἐν
1743 2574 1946 2644 βίϐλοις

359 2659 454 2712 καὶ
475 2659 767 2728 γράμμασι
794 2658 919 2719 τοὺς
948 2655 1198 2719 ἐπαίνους
1227 2659 1340 2720 τοῖς
1375 2660 1624 2729 νικηταῖς
1648 2659 1942 2730 γράφουσι,

358 2741 456 2812 τὴν
505 2741 714 2794 ἐαυτῶν
737 2741 794 2792 έν
821 2739 898 2810 τῷ
931 2739 1140 2808 ἐπαίνῳ
1173 2737 1402 2810 δύναμιν
1435 2741 1788 2812 ἰσχυροτέραν
1835 2743 1947 2797 τῶν

356 2823 764 2896 ἐπαινουμένων
800 2825 969 2890 δεῖξαι
1004 2823 1264 2887 θέλοντες.
1310 2823 1418 2876 Καὶ
1442 2823 1792 2896 λογογράφοι,
1852 2829 1946 2881 καὶ

359 2908 666 2978 ζωγράφοι,
694 2909 787 2962 καί
801 2907 1115 2978 χαλκευταί,
1151 2907 1243 2960 καὶ
1267 2905 1642 2975 λιθογλύπται,
1675 2909 1769 2961 καὶ
1783 2909 1944 2981 δῆμοι

359 2993 452 3045 καὶ
487 2994 761 3063 ᾶρχοντες,
802 2994 894 3045 καὶ
953 2991 1135 3056 πόλεις
1189 2991 1285 3044 καὶ
1327 2991 1502 3062 χῶραι
1549 2993 1672 3056 τοὺς,
1717 2994 1944 3064 νικητάς

357 3076 752 3145 θαυμάζουσιν·
785 3075 957 3138 οὐδεὶς
980 3075 1037 3129 δέ
1069 3074 1358 3144 φεύγοντος
1377 3077 1470 3128 καὶ
1503 3075 1575 3146 μὴ
1599 3076 1943 3146 πολεμήσανο

359 3177 448 3223 τος
469 3160 653 3213 εἰκόνα
684 3160 710 3199 ι)
744 3159 968 3232 ἔγραψε,
1002 3159 1252 3231 καθάπερ
1291 3159 1385 3212 νῦν
1412 3161 1440 3213 6
1472 3159 1653 3213 Δαυῖδ.
1693 3161 1938 3230 Ψαλμὸς

357 3243 468 3313 γὰρ
500 3240 580 3307 τῷ
615 3243 815 3305 Δαυῒδ,
866 3243 936 3296 ἐν
971 3241 1052 3308 τῷ
1080 3241 1550 3311 ἀποδιδράσκειν
1587 3244 1777 3297 αὐτὸν
1819 3245 1937 3298 ἀπὸ

356 3324 683 3394 προσώπου
706 3325 1082 3394 Ἁϐεσσιιλὼμ
1109 3325 1214 3380 τοῦ
1242 3325 1380 3378 υίοῦ
1423 3325 1633 3380 αὐτοῦ.
1676 3329 1786 3381 Καὶ
1806 3329 1936 3380 πότε

355 3409 691 3481 ό-δραπέτης
731 3409 1020 3481 ἐγκωμίων
1055 3409 1234 3476 ἄξιος;
1271 3410 1398 3464 πότε
1431 3409 1486 3462 δὲ
1521 3413 1547 3464 6
1589 3410 1768 3479 φυγάς
1818 3413 1938 3466 ἐπι-

355 3494 700 3564 γραμμάτων
724 3494 902 3558 ἐντός;
930 3494 1068 3552 Τοὺς
1084 3493 1360 3564 δραπέτας
1389 3494 1710 3565 γράμμασιν
1735 3496 1940 3559 ἰξεύου-

359 3592 465 3641 σιν,
501 3577 601 3629 οὐκ
629 3579 1007 3648 ἐπιγράμμασι
1046 3575 1436 3647 θαυμάζουσιν.
1479 3576 1639 3630 Ἀλλά
1667 3580 1802 3648 μάθε
1837 3580 1936 3649 τὴν

356 3660 560 3723 αἰτίαν,
592 3660 802 3728 ἀδελφέ,
834 3661 935 3730 τῆς
970 3659 1282 3730 ἐπιγραφῆς
1317 3669 1364 3722 ε,
1394 3659 1486 3713 καὶ
1512 3660 1808 3730 ἀσφάλισαί
1843 3680 1936 3715 σου

353 3745 456 3815 τὴν
485 3744 684 3815 ψυχήν·
717 3743 958 3812 γενέσθω
990 3760 1072 3796 σοι
1101 3744 1134 3814 ἡ
1177 3742 1384 3813 ἱστορία
1425 3742 1538 3813 βίου
1577 3745 1933 3815 κατόρθωσις·

354 3828 471 3897 ἤτω
502 3845 582 3880 σοι
610 3830 638 3880 6
682 3827 777 3880 τοῦ
808 3827 1015 3880 δικαίου
1049 3825 1286 3896 διωγμὸς
1328 3826 1564 3890 διανοίας
1609 3831 1932 3899 στηριγμός.

351 3909 511 3964 Μάθε
538 3910 617 3982 [2]
649 3911 755 3982 γὰρ
779 3911 866 3964 διά
900 3910 952 3962 τί
984 3907 1237 3962 ἐδιώκετο
1267 3908 1431 3962 Δαυῒδ
1467 3910 1571 3962 ὑπὸ
1603 3909 1696 3962 τοῦ
1746 3911 1934 3964 Ἀϐεσ-

353 3994 566 4066 σαλὼμ,
608 3996 672 4048 ἵν’
699 3996 772 4059 ὡς
802 3995 1048 4066 θεμέλιον
1071 3995 1133 4048 τὸ
1162 3995 1394 4064 πρᾶγμα
1414 3995 1610 4065 εὑρὼν.
1646 3997 1936 4069 οἰκοδομη-

352 4079 454 4152 θῇς
473 4079 552 4149 τῷ
593 4079 740 4150 φόόῳ
770 4079 861 4132 τοῦ
887 4079 1039 4132 Θεοῦ.
1078 4078 1164 4142 Ὠς
1185 4078 1294 4148 γὰρ
1329 4078 1457 4131 ἄνευ
1479 4078 1729 4150 θεμελίου
1761 4081 1937 4152 σαθρά

350 4165 384 4230 ή
400 4151 686 4233 ὀίκοδομὴ,
712 4163 882 4227 οὕτως
902 4162 1028 4216 ἄνευ
1059 4162 1160 4233 τῆς
1188 4161 1459 4234 εὑρέσεως
1477 4163 1571 4216 τοῦ
1597 4163 1805 4218 σκοποῦ
1834 4151 1934 4219 οὐκ

349 4243 554 4315 ὠφελεῖ
586 4249 618 4318 ή
651 4247 864 4317 Γραφή.

420 4330 632 4384 Σκοπὸν
655 4327 800 4401 εἶχεν
819 4332 846 4383 6
878 4329 1147 4400 μακάριος
1172 4329 1358 4390 Δαυῒδ,
1390 4329 1476 4384 διά
1507 4330 1602 4384 τοῦ
1629 4332 1931 4403 προκειμέ-

347 4433 441 4468 νου
470 4413 686 4484 ψαλμοῦ
709 4413 992 4467 παιδεῦσαι
1021 4413 1114 4466 τὸν
1138 4413 1250 4484 βίον
1267 4413 1360 4467 καὶ
1381 4415 1734 4484 σωφρονίσαι,
1769 4416 1932 4486 μηδέ-

349 4516 483 4553 ποτε
507 4500 819 4552 κακοποιεῖν
836 4500 929 4551 καί
946 4501 1306 4568 καταφρονεῖν
1323 4497 1435 4550 τῶν
1459 4499 1639 4568 νόμων
1654 4499 1747 4552 τοῦ
1771 4497 1929 4563 Θεοῦ,

348 4584 438 4634 ἵνα
496 4581 570 4651 μὴ
604 4583 631 4634 6
663 4581 987 4652 ἁμαρτήσας
1033 4581 1257 4635 τοιαῦτα
1300 4581 1470 4652 πάθῃ,
1502 4578 1589 4634 οἷα
1623 4582 1716 4635 καὶ
1769 4581 1933 4645 αὐτὸς

346 4665 542 4719 ἔπαθε.
581 4666 817 4735 Ἕφευγε
858 4666 951 4720 τὸν
975 4666 1090 4719 υἱὸν
1118 4665 1283 4720 αὑτοῦ
1321 4667 1349 4720 6
1385 4665 1568 4734 Δαυῒδ,
1603 4665 1792 4738 ἐπειδὴ
1835 4666 1934 4736 τήν

346 4749 572 4817 ἁγνείαν
603 4749 820 4818 ἔφυγεν·
852 4748 1020 4819 ἔφυγε
1052 4751 1143 4803 τὸν
1176 4751 1310 4816 υίὸν,
1339 4749 1527 4820 ἐπειδὴ
1548 4750 1638 4803 τὸν
1679 4749 1932 4822 σώφρονα

347 4835 526 4903 γάμον
565 4833 846 4904 ἐνύϐρισεν
884 4833 930 4873 ά·
958 4833 1121 4904 ἔφυγε
1153 4833 1244 4888 τὸν
1273 4833 1408 4897 υἰὸν,
1437 4833 1628 4905 ἐπειδὴ
1649 4833 1742 4888 τὸν
1767 4834 1932 4905 νόμον

344 4916 439 4969 τοῦ
460 4916 596 4970 Θεοῦ
627 4917 712 4970 τὸν
741 4917 989 4986 λέγοντα,
1010 4920 1091 4972 Οὐ
1107 4919 1448 4987 φονεύσεις,
1472 4920 1541 4972 οὐ
1557 4920 1928 4988 μοιχεύσεις,

343 5001 569 5073 ξφυγεν.
607 5001 820 5070 Ἐπειδὴ
845 4999 954 5073 γάρ
1000 5001 1284 5073 ἀλλοτρίαν
1307 5002 1523 5073 ἀμνάδα
1555 5004 1634 5066 εἰς
1654 5003 1746 5056 τὸν
1783 4998 1931 5058 οἷκον

344 5071 514 5136 αὑτοῦ
547 5085 830 5154 εἰσήγαγε,
850 5071 944 5137 καί
966 5084 1056 5137 τὸν
1081 5071 1286 5156 ταύτης
1318 5071 1553 5156 ποιμένα
1582 5087 1927 5154 ἀπέκτεινεν,

340 5168 371 5218 6
405 5169 473 5221 ἐκ
498 5167 591 5220 τοῦ
613 5168 763 5220 οἴκου
805 5167 972 5222 αὑτοῦ
996 5169 1164 5239 ἀμνὸς
1193 5169 1285 5222 τὸν
1317 5169 1550 5240 ποιμένα
1588 5171 1926 5242 ἐκεράτιζεν.

354 5251 659 5322 ’Δλλότριον
688 5248 834 5306 οἷκον
876 5253 1203 5324 ἐπολέμησε,
1244 5254 1342 5306 καὶ
1379 5255 1444 5306 ἐκ
1467 5252 1563 5306 τοῦ
1610 5253 1742 5306 ἰδίου
1775 5253 1927 5308 οἴκου

339 5335 612 5406 ἐπανέστη
642 5337 792 5407 αὑτῷ
822 5338 851 5390 6
882 5336 1136 5407 πόλεμος.
1156 5337 1272 5390 Οὐκ
1303 5336 1451 5390 ἐστιν
1482 5338 1613 5408 ἐμὸν
1637 5339 1698 5391 τὸ
1723 5339 1923 5409 νόημα,

337 5419 476 5472 Θεοῦ
508 5422 623 5474 ἐστι
648 5421 708 5474 τὸ
729 5419 1084 5491 ἀπόφθεγμα·
1115 5421 1251 5474 ὅπου
1276 5419 1332 5473 δὲ
1363 5420 1496 5485 Θεὸς
1521 5424 1548 5476 6
1581 5422 1922 5494 ἑρμηνεύων,

403 5552 428 5580 ⁸
471 5551 760 5604 Ἀνατιθέασι
783 5555 932 5603 ἀθεεὶ
956 5555 1004 5602 in
1028 5554 1149 5604 Ben.

403 5570 428 5580 '
474 5570 760 5604 Ἀνατιοεασι
783 5570 932 5603 αθρει
956 5570 1004 5602 111
1032 5570 1099 5603 ne
1140 5594 1149 5603 .

397 5613 428 5654 ι
469 5615 584 5679 Reg.
607 5618 811 5676 εἰκόνας,
835 5624 986 5679 atque
1010 5618 1080 5666 ita
1103 5570 1300 5728 ἥξει-ει
1317 5616 1582 5679 interpres.

397 5677 422 5707 ‘
453 5678 545 5728 τῆς
567 5685 746 5728 γοαοῆε
772 5679 946 5728 Morel.
972 5684 1024 5726 el
1046 5679 1158 5728 Savi
1187 5716 1199 5727 .

395 5677 422 5744 ξ
453 5677 555 5744 ’[ῆς*
567 5685 746 5744 γραφῆς
772 5677 946 5728 More].
972 5684 1024 5726 el
1046 5677 1199 5728 Savﬂ.

393 5737 421 5774 ά
465 5737 585 5804 Reg:
597 5737 854 5800 ’ἠθὲτησεν.

565 5829 840 5891 Puncta
877 5829 998 5890 Gn.
1038 5827 1162 5891 LV.

2053 1868 2228 1932 οὐδεὶς
2263 1869 2292 1922 6
2317 1869 2634 1938 ἀντιλέγων.
2671 1871 2796 1924 ’Ὁτι
2831 1871 2940 1943 γὰρ
2959 1871 3048 1927 διά
3085 1875 3242 1930 τοῦτο
3271 1877 3539 1948 ἐπανέστη
3564 1875 3641 1950 τῷ

2051 1951 2216 2006 Δαυῒδ
2241 1954 2270 2006 6
2297 1954 2413 2016 υίὸς
2444 1954 2633 2019 αὐτοῦ,
2658 1955 2847 2027 ἐπειδὴ
2871 1957 2962 2010 τὸν
3001 1958 3204 2030 Οὐρίαν
3223 1962 3501 2030 ἐφόνευσε,
3545 1963 3640 2016 καὶ

2050 2036 2148 2107 τὴν
2176 2040 2410 2105 γυναῖκα
2435 2038 2599 2092 αὐτοῦ
2625 2038 2838 2104 ἔλαϐεν,
2875 2041 3106 2096 ἄκουσον
3141 2045 3234 2098 τοῦ
3273 2044 3406 2098 Θεοῦ
3433 2046 3520 2100 διὰ
3542 2046 3638 2100 τοῦ

2051 2122 2332 2192 προφήτου
2372 2122 2557 2176 Νάθαν
2614 2123 2752 2195 πρὸς
2803 2125 2894 2179 τὸν
2943 2126 3107 2180 Δαυῖδ
3159 2128 3426 2198 λέγοντος·
3492 2132 3640 2203 Ἐγὼ

2049 2205 2268 2274 ἕχρισά
2291 2225 2364 2262 σε
2390 2209 2658 2272 βασιλέα
2706 2208 2803 2262 ἐπὶ
2827 2209 2934 2262 τὸν
2971 2211 3244 2280 Ἰσραὴλ,
3280 2215 3377 2267 καὶ
3411 2215 3636 2279 ἐξειλό-

2045 2307 2171 2358 μην
2198 2304 2272 2344 σε
2301 2291 2369 2344 ἐκ
2395 2291 2592 2361 χειρὸς
2631 2291 2852 2357 Σαοὺλ,
2886 2293 2985 2346 καὶ
3001 2294 3195 2348 ἔδωκά
3223 2311 3321 2350 σοι
3353 2298 3426 2351 τὰ
3442 2299 3638 2354 πάντα

2049 2373 2157 2428 τοῦ
2173 2375 2384 2442 κυρίου
2400 2390 2539 2441 σου,
2564 2377 2671 2430 τὸν
2686 2376 2856 2430 οἷκον
2889 2379 3110 2443 Σαοὺλ,
3153 2381 3249 2434 καί
3298 2382 3512 2444 Ἰούδα,
3537 2387 3636 2440 κίιί

2047 2459 2102 2512 εί
2116 2457 2292 2528 ὀλίγα
2318 2461 2420 2514 σοί
2446 2460 2598 2525 ἐστι,
2617 2461 2946 2528 προσθήσω
2970 2478 3071 2518 σοι
3083 2465 3277 2532 καθὼς
3293 2468 3497 2523 ταῦτα.
3531 2473 3636 2525 Καὶ

2049 2541 2109 2595 τί
2130 2541 2219 2596 ὅτι
2254 2543 2674 2611 ὲξουδένωσας
2697 2545 2805 2599 τὸν
2847 2548 3084 2616 Κύριον,
3115 2548 3223 2602 τοῦ
3258 2551 3506 2619 ποιῆσαι
3567 2556 3635 2608 τὸ

2047 2626 2318 2695 πονηρὸν
2344 2629 2600 2682 ἐνώπιόν
2627 2645 2784 2698 μου;
2840 2630 2949 2687 Τὸν
2975 2633 3196 2700 Οὐρίαν
3221 2635 3328 2688 τὸν
3354 2639 3638 2693 Χετταῖον

2047 2709 2352 2778 ἐπάταξας
2390 2713 2460 2766 ἐν
2481 2714 2769 2783 ῥομφαίᾳ,
2817 2714 2915 2769 καί
2974 2714 3090 2783 τὴν
3140 2718 3396 2786 γυναῖκα
3448 2723 3634 2776 αὐτοῦ

2045 2798 2264 2864 ἔλαϐες
2309 2796 2502 2862 ἐαυτῷ
2531 2799 2620 2864 εις
2644 2798 2919 2867 γυναῖκα.
2943 2801 3051 2854 Καὶ
3089 2801 3206 2855 νῦν
3249 2805 3360 2857 οὐκ
3381 2804 3634 2875 ἐξαρθή-

2046 2896 2218 2936 σεται
2251 2882 2520 2950 ῥομφαία
2566 2881 2635 2935 ἐκ
2681 2880 2789 2936 τοῦ
2815 2883 2986 2937 οἴκου
3013 2899 3130 2939 σου
3163 2887 3250 2952 εἰς
3285 2887 3394 2941 τὸν
3426 2889 3632 2944 αἰῶνα.

2047 2966 2152 3020 Τὸν
2172 2965 2454 3036 ἀλλότριον
2483 2963 2631 3019 οἷκον
2662 2965 2908 3038 ῥομφαίᾳ
2923 2968 3334 3039 ἐδιχοτόμησας,
3370 2971 3469 3044 τὴν
3493 2975 3631 3030 κατά

2049 3049 2142 3102 σοῦ
2174 3049 2448 3120 ῥομφαίαν
2487 3046 2774 3120 χαλκεύσω
2821 3049 2879 3102 ἐν
2905 3048 2984 3119 τῷ
3010 3049 3144 3122 οἴκῳ
3172 3069 3284 3108 σου.
3344 3054 3488 3108 Ἰδοὺ
3517 3056 3634 3125 ἐγὼ

2046 3129 2296 3201 ἑξεῖ-δρῶ
2319 3131 2417 3184 ἐπὶ
2448 3131 2524 3184 σὲ
2543 3131 2698 3186 κακὰ
2720 3132 2787 3187 ὲκ
2811 3133 2918 3188 τοῦ
2949 3134 3118 3189 οἴκου
3145 3150 3280 3190 σου·
3306 3137 3404 3190 οὐκ
3435 3138 3632 3206 ἔξωθέν

2045 3214 2230 3278 ποθεν,
2266 3215 2381 3270 ἀλλ’
2432 3216 2528 3268 Ἐκ
2566 3213 2675 3269 τοῦ
2710 3217 2881 3272 οἴκου
2908 3233 3044 3272 σου.
3076 3218 3294 3292 Ὅθενή
3331 3221 3478 3294 πηγὴ
3530 3222 3631 3293 τῆς

2045 3301 2342 3371 ἁμαρτίας,
2371 3301 2580 3355 ἐκεῖθεν
2615 3303 2647 3373 ἡ
2683 3302 2866 3373 πληγὴ
2895 3304 2993 3374 τῆς
3017 3305 3310 3376 τιμωρίας.
3355 3308 3506 3362 Ἐπεὶ
3535 3309 3630 3362 οὖν

2043 3386 2142 3455 τῆς
2169 3385 2392 3454 ἐντολῆς
2423 3385 2514 3439 τοῦ
2550 3385 2685 3438 Θεοῦ
2731 3386 3006 3458 δραπέτης
3036 3389 3130 3442 καὶ
3172 3390 3350 3459 φυγὰς
3387 3393 3629 3461 ἐγένετο,

2041 3466 2131 3521 διὰ
2154 3466 2315 3520 τοῦτο
2369 3467 2459 3521 τὸν
2493 3468 2606 3521 υίὸν
2637 3469 3022 3540 ἀπεδίδρασκε.
3063 3473 3306 3542 Ψαλμὸς
3331 3472 3410 3540 τῷ
3448 3476 3630 3530 Δαυῒδ

2040 3551 2111 3605 ἐν
2131 3550 2212 3618 τῷ
2237 3552 2710 3620 ἀποδιδράσκειν
2719 3553 2908 3608 αὑτὸν
2930 3556 3049 3609 ἀπὸ
3070 3559 3394 3626 προσώπου
3427 3562 3486 3614 Ἀ
3495 3566 3629 3616 ὄεσ-

2044 3634 2260 3705 σαλὼμ
2300 3635 2409 3690 τοῦ
2451 3637 2588 3690 υίοῦ
2613 3634 2822 3692 αὐτοῦ.
2855 3638 2964 3690 Καὶ
2989 3641 3253 3712 κρείττων
3278 3642 3378 3713 τῆς
3408 3644 3502 3697 τοῦ
3535 3663 3629 3698 πο-

2041 3716 2211 3788 λέμου
2266 3719 2646 3791 ἐξηγήσεωςή
2689 3721 2838 3774 αίτία
2885 3722 2984 3790 τῆς
3035 3723 3129 3776 τοῦ
3164 3723 3399 3794 πολέμου
3435 3727 3628 3782 ὑποθέ-

2043 3819 2202 3868 σεως,
2237 3803 2323 3856 ἵνα
2353 3803 2443 3856 τὸν
2470 3802 2683 3855 ὄλισθον
2707 3802 2800 3856 τοῦ
2835 3804 3043 3856 δικαίου
3079 3805 3402 3876 Θεασάμενοι
3446 3811 3622 3879 ἀσφαο

2040 3884 2321 3956 λισὼμεθα
2349 3886 2412 3938 τὸ
2441 3885 2663 3957 πτῶμα,
2695 3887 2788 3940 καὶ
2823 3886 3083 3958 φύγωμεν
3105 3889 3205 3960 τὴν
3233 3889 3426 3960 ὁμοίαν
3454 3891 3624 3962 βάσα-

2041 3985 2152 4021 νον.
2188 3968 2378 4022 Πολλοὶ
2427 3969 2535 4040 γὰρ
2590 3968 2686 4023 καὶ
2721 3970 2801 4032 εἰς
2830 3971 2930 4041 τήν
2975 3973 3214 4044 σήμερον
3247 3973 3518 4046 πολέμους
3567 3979 3626 4032 ἐν

2038 4054 2152 4115 τοῖς
2176 4053 2344 4116 οίκοις
2381 4051 2584 4122 έχουσι,
2621 4053 2714 4106 καὶ
2747 4054 2776 4106 6
2820 4054 2918 4123 μὲν
2949 4054 3054 4107 ὑπὸ
3083 4057 3339 4124 γυναικὸς
3374 4058 3625 4131 πολεμεῖ-

2037 4153 2150 4199 ται,
2186 4139 2214 4190 ό
2239 4138 2297 4190 δὲ
2315 4136 2419 4190 ὑπὸ
2434 4136 2623 4191 τέκνου
2652 4136 3040 4208 πολιορκεῖται,
3064 4139 3221 4204 ἄλλος
3248 4142 3351 4195 ὑπὸ
3369 4143 3624 4212 ἀδελφοῦ,

2038 4220 2135 4272 καὶ
2179 4219 2364 4292 ἐτερος
2385 4220 2489 4273 ὑπὸ
2518 4222 2731 4274 οἰκέτου
2768 4221 3092 4292 δαμάζεται,
3126 4225 3219 4277 καὶ
3243 4225 3622 4298 ἐκαστοςὰκη-

2037 4305 2146 4377 διᾷ,
2173 4306 2264 4360 καὶ
2299 4307 2641 4378 δυσχεραίνει
2671 4307 2763 4360 καὶ
2813 4307 3069 4377 μάχεται,
3099 4309 3192 4362 καὶ
3233 4309 3479 4379 πολεμεῖ,
3526 4314 3624 4365 καὶ

2039 4389 2377 4460 πολεμεῖται·
2414 4391 2510 4443 καὶ
2552 4390 2728 4453 οὐδεὶς
2760 4390 2949 4444 ἐαυτὸν
2993 4390 3266 4460 λογοθετεί
3294 4394 3511 4456 ἐννοῶν,
3539 4397 3620 4449 ὄτι

2037 4476 2086 4528 εἰ
2119 4475 2194 4546 μὴ
2237 4474 2515 4546 ἁμαρτίας
2543 4474 2818 4546 ἔσπειρεν,
2854 4475 2953 4526 οὐκ
2985 4475 3052 4527 ἂν
3094 4477 3151 4527 ἐν
3179 4474 3258 4546 τῷ
3289 4477 3425 4548 οἴκῳ
3453 4479 3621 4533 αὑτοῦ

2036 4558 2270 4614 ἄκανθαι
2325 4559 2420 4612 καὶ
2471 4557 2708 4628 τρίὁολοι
2754 4557 3046 4626 ἀνέϐησαν·
3085 4561 3133 4612 εἰ
3187 4560 3262 4631 μὴ
3314 4561 3619 4632 σπινθῆρας

2037 4643 2319 4716 ἁμαρτιῶν
2345 4641 2718 4713 ἔκρυψεν,οὐκ
2751 4639 2817 4694 ἂν
2856 4643 2884 4693 6
2913 4637 3058 4706 οἶκος
3087 4643 3462 4716 ἀνεπυρίζετο.
3499 4647 3619 4701 Ὅτι

2034 4729 2145 4799 γὰρ
2178 4726 2464 4799 ἁμαρτιῶν
2509 4727 2614 4778 είσι
2647 4727 2850 4796 καρποὶ
2881 4725 2948 4778 τά
2982 4727 3155 4780 οἰκεῖα
3185 4728 3350 4794 κακά,
3389 4731 3482 4784 καὶ
3522 4730 3619 4802 δη-

2037 4813 2193 4885 μίους
2224 4811 2520 4884 ἐμφυλίους
2543 4810 2684 4864 κατά
2705 4809 2797 4863 τοῦ
2833 4812 3239 4880 ἁμαρτάνοντος
3274 4818 3573 4886 χειροτονεῖ
3591 4819 3621 4870 ό

2033 4895 2186 4962 Θεὸς,
2225 4897 2434 4968 μάρτυς
2461 4896 2495 4966 ή
2544 4893 2663 4947 θεία
2694 4894 2907 4966 Γραφὴ.
2955 4891 3023 4968 ἧς
3055 4896 3206 4949 οὐδὲν
3249 4898 3617 4970 ἰσχυρότερον.

2034 4980 2269 5051 Πολεμεί
2313 4997 2372 5032 σε
2401 4981 2434 5049 ἡ
2489 4979 2646 5049 γυνὴ,
2699 4977 2990 5034 εἰσελθόντι
3029 4978 3104 5042 ὡς
3149 4978 3338 5052 θηρίον
3379 4981 3615 5052 ἀπαντᾷ,

2031 5065 2130 5136 τὴν
2161 5064 2412 5132 γλῶσσαν
2443 5062 2518 5126 ὤς
2563 5064 2834 5134 μάχαιραν
2874 5063 3080 5133 ἀκονᾷ;
3129 5063 3388 5135 Λυπηρὸν
3420 5063 3518 5135 μὲν
3554 5067 3617 5118 τὸ

2032 5150 2286 5220 πρᾶγμα,
2323 5149 2404 5200 ὅτι
2443 5149 2476 5217 ἡ
2517 5145 2710 5216 βοηθὸς
2743 5145 3038 5206 ἀντίπαλος
3076 5147 3316 5213 γέγονεν·
3355 5144 3435 5218 ['5]
3465 5147 3616 5217 ὅμως

2031 5232 2222 5286 ἐαυτὸν
2271 5231 2586 5301 ἐρεύνησον,
2653 5230 2724 5299 μή
2757 5245 2875 5291 πως
2904 5230 2961 5280 ἐν
3014 5228 3226 5298 νεότητι
3264 5230 3343 5292 εἰς
3381 5232 3613 5298 γυναῖκα

2030 5315 2404 5384 ἐνεωτέρισας,
2429 5315 2522 5367 καὶ
2550 5313 2610 5365 τὸ
2633 5314 2711 5373 εἰς
2739 5315 2972 5380 γυναῖκα
2995 5310 3216 5382 τραῦμα
3238 5311 3327 5364 διά
3355 5315 3614 5380 γυναικὸς

2029 5397 2415 5470 θεραπεύεται.
2467 5398 2562 5449 καὶ
2611 5396 2712 5464 τὴν
2761 5394 3048 5466 ἀλλοτρίαν
3099 5395 3367 5466 σηπεδόνα
3423 5399 3454 5465 ἡ
3505 5397 3614 5452 ἰδία

2027 5486 2358 5554 χειρουργεῖ.
2397 5481 2516 5534 Κᾶν
2545 5481 2712 5549 ἀγνοῇ
2763 5479 2796 5548 ἡ
2825 5478 3121 5546 τέμνουσα,
3165 5480 3278 5533 ἀλλ’
3307 5477 3448 5536 οἶδεν
3467 5483 3496 5536 ὁ
3532 5484 3613 5534 ία-

2025 5567 2154 5637 τρὸς
2200 5566 2353 5628 Θεός.
2410 5563 2581 5626 Αὐτὸς
2617 5563 2727 5633 γάρ
2773 5561 2911 5632 αὑτῇ
2959 5561 3036 5625 ὠς
3089 5563 3293 5634 σιδήρῳ
3326 5565 3466 5618 κατά
3516 5565 3611 5618 σοῦ

2027 5651 2316 5721 ἐχρήσατο·
2347 5648 2440 5700 καὶ
2466 5645 2656 5716 ὥσπερ
2681 5643 2743 5696 τὸ
2780 5644 2994 5715 σίδηρον
3021 5647 3121 5700 οὐκ
3158 5645 3298 5701 οἶδεν
3322 5649 3350 5701 ὃ
3375 5651 3609 5718 ἐνεργεῖ,

2025 5734 2125 5809 τὴν
2155 5732 2211 5786 δὲ
2238 5731 2326 5785 διὰ
2346 5729 2441 5785 τοῦ
2475 5730 2692 5802 σιδήρου
2725 5728 3024 5801 θεραπείαν
3052 5727 3192 5785 οἰδεν
3224 5732 3483 5809 όίίατρός·
3514 5730 3608 5786 οὔ·
