4106 6462
341 446 408 500 31
464 433 469 438 ’
1567 427 1922 489 εχροειτιο

2064 425 2389 483 ΡδΑωιωι
2431 425 2519 483 Ill.
2886 442 2905 451 “·
3549 428 3616 483 53

343 559 626 628 Scriptura.
661 552 798 623 Quid
842 551 997 609 enim
1038 550 1172 606 dicat
1202 548 1325 604 audi
1362 566 1375 603 :
1419 546 1604 602 Mulier
1644 545 1780 600 mata
1822 545 1927 598 uiro

344 648 592 723 peccaturi
631 648 833 701 dabitur
874 645 980 716 (α).
1022 641 1081 699 Ei
1121 642 1330 698 dabitur
1379 651 1643 709 tamquam
1688 653 1928 693 amarum

347 740 641 794 antidotum
661 778 675 801 ,
704 736 850 807 quod
882 744 1218 805 peccatorum
1245 732 1412 788 malos
1451 732 1703 786 humores
1732 744 1930 784 consu-

345 840 475 887 mat.
505 829 658 899 Quod
684 839 863 884 autem
892 828 1052 882 etiam
1078 826 1308 881 obsideri
1340 840 1368 878 a
1404 824 1522 879 filiis
1540 864 1556 890 ,
1584 824 1657 879 sit
1685 830 1931 893 peccato-

346 940 471 980 rum
495 923 808 992 supplicium
832 962 850 989 ,
884 920 1034 976 testis
1059 927 1139 974 est
1168 917 1329 972 David
1354 959 1369 982 ,
1399 917 1488 987 qui
1532 924 1745 985 propter
1782 914 1931 969 nefa-

347 1017 487 1071 rium
510 1027 854 1083 congressum
884 1026 913 1066 a
942 1024 1039 1066 suo
1055 1010 1163 1063 filio
1184 1009 1452 1063 Absalone
1473 1006 1616 1062 bello
1639 1005 1931 1075 impetitur,

348 1117 410 1163 ut
449 1107 693 1176 superius
732 1103 1086 1159 ostendimus.
1127 1100 1279 1168 Quod
1323 1108 1502 1154 autem
1539 1100 1698 1152 etiam
1743 1095 1936 1151 fratres

350 1201 608 1255 adversus
648 1197 840 1251 fratres
877 1204 1094 1266 propter
1136 1203 1353 1261 peccata
1400 1191 1592 1245 bellum
1632 1187 1930 1258 gesserint,

352 1294 502 1347 testis
526 1300 609 1345 est
634 1290 769 1344 liber
790 1288 1034 1343 Judicum
1064 1284 1212 1358 (Jud.
1244 1284 1310 1338 19
1332 1292 1381 1337 et
1409 1282 1523 1353 20).
1551 1280 1773 1349 Quando
1792 1278 1935 1334 enim

351 1385 405 1439 in
448 1383 663 1438 viatoris
700 1379 1051 1436 concubinam
1095 1376 1334 1431 fornicati
1371 1385 1525 1436 sunt,
1554 1374 1643 1442 qui
1679 1378 1832 1425 erant
1871 1384 1935 1424 ex

354 1476 494 1530 tribu
523 1472 797 1542 Beujamiu
818 1511 835 1539 ,
870 1471 954 1525 illa
985 1480 1157 1523 autem
1185 1483 1304 1521 cum
1344 1466 1608 1537 ingentem
1641 1478 1746 1518 non
1777 1461 1941 1517 ferret

353 1566 735 1622 contumeliam
773 1571 981 1617 mortua
1020 1569 1102 1617 est
1139 1576 1154 1614 :
1190 1558 1435 1614 undecim
1476 1558 1642 1612 tribus
1685 1555 1940 1609 adversus

355 1672 516 1711 unam
561 1656 755 1709 bellum
796 1662 1077 1724 gesserunt
1106 1667 1120 1705 ε
1153 1658 1208 1704 et
1248 1648 1371 1719 quia
1416 1648 1659 1702 undecim
1700 1646 1869 1700 tribus
1909 1659 1940 1698 a

357 1751 468 1803 Deo
494 1747 832 1810 defecerant,
860 1753 914 1799 et
949 1744 1221 1799 fornicata:
1248 1741 1456 1795 fuerant
1481 1740 1532 1794 in
1565 1740 1702 1794 idola
1726 1780 1740 1804 ,
1771 1737 1935 1792 unde,

357 1842 463 1895 cim
504 1840 672 1893 tribus
709 1838 778 1892 ab
815 1854 915 1892 una
955 1837 1095 1892 tribu
1122 1836 1274 1889 victae
1310 1842 1469 1898 sunt,
1494 1843 1543 1887 et
1575 1846 1720 1901 smpe
1747 1831 1816 1885 ab
1840 1844 1941 1883 una

357 1933 513 1984 victa:
538 1931 702 1985 semel
732 1929 868 1983 illam
898 1928 1155 1993 vicerunt,
1184 1937 1236 1979 et
1261 1926 1450 1978 fratres
1474 1924 1728 1977 adversus
1752 1919 1944 1975 fiatrcs

358 2024 555 2079 bellum
600 2031 912 2093 gesserunt,
948 2018 1373 2090 quandoquidem
1414 2018 1552 2072 Deus
1579 2024 1793 2085 prepter
1817 2027 1943 2084 pec-

359 2124 477 2169 cata
508 2129 690 2169 eorum
734 2111 1099 2167 intermedium
1142 2111 1345 2181 peccati
1385 2109 1668 2164 maceriam
1708 2106 1945 2161 sustulit.

361 2204 625 2270 Quoniam
650 2204 791 2258 enim
820 2218 923 2257 una
954 2202 1121 2257 tribus
1155 2201 1207 2256 in
1235 2200 1509 2255 mulierem
1538 2198 1811 2263 fornicata,
1843 2212 1944 2250 un-

361 2298 539 2353 decim
568 2307 746 2351 autem
777 2295 942 2349 tribus
973 2295 1025 2349 in
1066 2293 1206 2349 idola
1234 2293 1508 2347 fornicatzu
1535 2290 1779 2355 fuerant,
1808 2296 1864 2344 et
1893 2287 1947 2342 hi

360 2398 416 2444 et
442 2390 568 2444 illia
590 2388 700 2442 Deo
723 2385 1057 2442 cxterminati
1083 2392 1225 2450 sunt,
1248 2384 1387 2438 sicut
1409 2383 1663 2451 scriptum
1689 2389 1773 2435 est
1796 2397 1810 2433 :
1841 2378 1948 2432 Ea:-

362 2480 643 2535 terminasti
679 2493 875 2532 omnem
915 2478 1004 2547 qui
1045 2477 1323 2548 fornicatur
1355 2491 1389 2528 a
1422 2484 1468 2529 te
1493 2472 1676 2547 (Psal.
1710 2472 1796 2525 72.
1827 2469 1945 2541 27).

363 2574 582 2629 Fratres
619 2586 746 2641 ergo
782 2569 1039 2625 adversus
1081 2567 1272 2623 fratres
1313 2576 1527 2637 propter
1566 2573 1778 2635 peccata
1808 2561 1948 2616 bella

361 2672 660 2735 gesserunt.
686 2662 741 2718 Si
767 2671 818 2717 te
843 2660 1032 2717 fratres
1052 2666 1376 2730 Oppugnant,
1401 2673 1507 2712 non
1530 2665 1729 2712 tantum
1751 2655 1819 2711 de
1843 2655 1949 2711 illis

364 2756 704 2826 ingemiscas,
727 2762 979 2824 quantum
1007 2750 1146 2821 apud
1177 2751 1404 2821 teipsum
1435 2749 1695 2805 rationem
1725 2749 1871 2804 ineas
1896 2755 1951 2805 et

363 2844 606 2915 inquiras
635 2854 849 2913 propter
872 2858 1113 2912 quaenam
1157 2852 1370 2912 peccata
1401 2840 1592 2895 fratres
1622 2840 1695 2895 tui
1722 2840 1827 2894 sint
1855 2838 1953 2896 bo-

362 2944 500 2989 stes.
526 2932 640 2987 Non
666 2932 804 3003 quod
831 2948 1021 2987 omnes
1048 2940 1260 3002 propter
1285 2939 1497 3001 peceat-t
1524 2946 1553 2983 a
1579 2930 1829 3000 fratribus
1857 2945 1954 3001 op-

365 3033 669 3093 pugnentur
699 3040 712 3076 :
740 3022 937 3092 Joseph
975 3022 1117 3078 enim
1161 3020 1563 3092 oppugnabatur
1592 3034 1624 3075 a
1662 3020 1950 3087 fratribus;

365 3133 541 3186 neque
566 3131 695 3171 sane
723 3126 934 3186 propter
965 3123 1178 3185 peccata
1203 3131 1216 3169 :
1244 3122 1298 3170 et
1330 3112 1465 3170 Jobo
1499 3128 1633 3169 uxor
1668 3112 1957 3169 insidiaba—

368 3219 489 3274 tur;
511 3223 618 3261 non
639 3218 853 3277 propter
872 3216 1087 3278 peccata
1113 3214 1258 3261 certe
1279 3222 1293 3260 :
1317 3204 1412 3262 sed
1432 3204 1573 3276 quod
1598 3205 1752 3275 longe
1772 3204 1954 3275 plures

367 3299 613 3354 homines
642 3308 855 3368 pmpter
889 3308 1100 3368 peccata
1137 3297 1275 3354 bella
1313 3296 1603 3353 habeamus
1636 3295 1952 3351 domestica.

365 3389 773 3458 Nonnumquam
814 3384 980 3444 etiam
1012 3389 1166 3444 amici
1204 3389 1255 3443 in
1285 3373 1530 3444 inimicos
1567 3397 1956 3444 convertuntur

368 3489 587 3549 propter
630 3489 881 3549 peccata,
924 3487 980 3535 et
1015 3480 1105 3551 qui
1147 3479 1275 3535 olim
1317 3480 1595 3548 amabant,
1634 3480 1865 3536 oderunt.
1901 3489 1956 3536 et

369 3581 715 3638 aversantur,
746 3571 856 3625 Deo
894 3571 996 3627 tale
1034 3571 1215 3626 odium
1256 3571 1576 3627 immittente
1618 3583 1834 3643 propter
1863 3587 1956 3628 eas

368 3677 504 3732 quas
540 3662 686 3715 novit
729 3662 977 3717 rationes.
1019 3661 1092 3716 Ita
1135 3663 1277 3717 enim
1317 3663 1372 3717 in
1413 3662 1625 3719 Psalmo
1662 3664 1956 3719 centesimo

369 3763 563 3825 quarto
592 3754 845 3823 scriptum
872 3763 956 3809 est
979 3753 1046 3809 de
1084 3753 1347 3827 Egyptiis
1379 3773 1394 3810 :
1420 3754 1716 3812 Convertisti
1744 3773 1831 3810 cor
1865 3773 1955 3811 eo—

369 3864 487 3901 rum
512 3858 565 3900 tu
589 3849 782 3901 adirent
808 3848 1048 3919 populum
1074 3850 1186 3919 ejus
1211 3848 1382 3920 (Psal.
1415 3850 1537 3905 104.
1566 3849 1680 3919 25).
1710 3849 1827 3905 Non
1853 3850 1952 3903 im-

372 3941 595 3995 missum
640 3950 815 3995 autem
850 3950 993 3996 esset
1026 3957 1056 3995 a
1093 3942 1206 3998 Deo
1242 3942 1456 4011 odium,
1487 3943 1587 3998 nisi
1632 3943 1778 4013 prius
1816 3942 1957 3998 male

370 4043 662 4088 amassent.
687 4032 894 4101 Quibus
921 4033 1063 4089 enim
1089 4034 1319 4089 amicitia
1346 4034 1686 4105 comparabat
1711 4034 1952 4102 exitium,

371 4123 438 4179 iis
466 4125 647 4179 odium
677 4134 790 4179 erat
821 4124 1030 4185 occasio
1069 4126 1296 4181 virtutis.
1328 4124 1441 4181 lmo
1474 4141 1627 4182 serva
1657 4140 1869 4196 quoque
1902 4131 1959 4180 et

371 4217 586 4272 subdita
618 4233 838 4287 corpora
877 4233 1019 4289 sa-pe
1058 4227 1278 4289 prOpter
1306 4226 1576 4289 peccatum
1618 4219 1957 4274 insurrexcre

372 4312 426 4366 in
454 4311 748 4366 dominum.
782 4311 911 4367 Vide
939 4313 1077 4368 enim
1106 4312 1292 4377 Adam,
1321 4328 1442 4369 cum
1470 4314 1701 4368 nondmn
1738 4326 1956 4384 peccas-

371 4412 477 4469 set,
508 4404 702 4458 bestias
732 4415 995 4472 tamquam
1034 4420 1215 4461 servas
1238 4414 1292 4461 et
1314 4404 1623 4462 obedientcs
1649 4405 1953 4471 habentem,

370 4506 425 4549 et
449 4495 533 4550 eis
562 4506 824 4566 tamquam
856 4497 1027 4551 servis
1052 4497 1263 4551 nomina
1302 4497 1660 4566 imponcntem
1701 4494 1861 4570 (Gen.
1896 4494 1952 4549 2.

374 4586 489 4658 i9).
528 4586 810 4656 Pestquam
847 4595 1022 4642 autem
1049 4599 1321 4657 aspectum
1353 4597 1572 4658 peccato
1596 4588 1953 4644 commacula-

372 4680 471 4743 vit,
502 4688 631 4733 tunc
656 4676 832 4734 bestia:
855 4695 976 4734 eum
1004 4694 1107 4734 non
1134 4680 1545 4751 cognoscebant,
1570 4687 1625 4735 et
1647 4696 1764 4750 qua:
1789 4695 1957 4736 servat

373 4784 531 4829 erant
551 4774 601 4828 ei
624 4814 638 4837 ,
664 4773 843 4828 hostes
878 4783 1179 4830 evaserunt.
1217 4776 1293 4829 Ac
1325 4773 1771 4845 quemadmodum
1810 4773 1958 4827 canis

374 4865 464 4935 qui
499 4863 550 4917 in
578 4863 736 4919 domo
760 4874 858 4925 est.
885 4864 933 4919 ei
961 4864 1141 4930 servit,
1170 4865 1259 4934 qui
1284 4880 1403 4920 eum
1433 4864 1547 4930 alit,
1576 4873 1630 4919 et
1658 4879 1778 4920 eum
1808 4865 1959 4919 timet

375 4971 437 5009 ac
466 4955 743 5021 formidat,
771 4956 867 5009 sed
888 4957 932 5010 si
960 4970 1081 5010 eum
1110 4965 1331 5025 repente
1353 4956 1545 5019 viderit
1571 4956 1715 5011 vultu
1742 4956 1956 5027 fuligine

372 5055 549 5099 att-ato
573 5045 658 5098 vel
684 5054 1044 5114 personatum,
1076 5047 1377 5117 aggreditur
1407 5056 1672 5118 tamquam
1700 5048 1956 5118 alienum,

372 5147 427 5189 et
469 5151 591 5191 eum
631 5137 921 5192 dilacerare
965 5146 1131 5192 teutat
1158 5155 1173 5193 :
1205 5139 1276 5193 ita
1316 5140 1477 5194 etiam
1505 5138 1755 5208 quamdiu
1784 5138 1955 5193 Adam

375 5244 569 5298 purum
612 5230 843 5284 servavit
881 5231 1118 5297 vultum,
1159 5230 1356 5287 factum
1398 5231 1463 5286 ad
1506 5232 1789 5304 imaginem
1831 5232 1954 5300 Dei,
1994 5290 1995 5301 χ

375 5320 560 5375 bestia:
593 5320 640 5374 ei
677 5329 733 5375 ut
773 5336 942 5376 serva:
982 5324 1237 5392 parebant
1269 5340 1283 5377 :
1314 5322 1523 5393 quando
1548 5332 1724 5379 autem
1751 5325 1957 5379 vultum

376 5410 591 5467 ludatit
614 5411 993 5478 inobedientia,
1016 5429 1119 5467 non
1141 5410 1491 5486 agnoscentes
1508 5413 1806 5482 dominum,
1829 5412 1958 5469 tam-

373 5517 532 5571 quam
568 5503 797 5558 alienum
825 5518 948 5559 eum
978 5504 1100 5559 odio
1137 5504 1422 5561 habebant.
1464 5506 1750 5563 Servorum
1778 5509 1958 5579 itaque

374 5592 592 5648 rebellio
614 5604 697 5650 est
720 5605 1058 5664 peccatorum
1085 5598 1385 5654 retributio.
1410 5598 1593 5656 Justus
1612 5608 1729 5657 erat
1747 5602 1955 5669 Daniel,

374 5693 428 5738 et
453 5684 629 5740 leones
648 5686 767 5757 ejus
790 5697 1126 5756 agnoverunt
1148 5689 1439 5745 dominium
1466 5689 1626 5764 (Dan.
1650 5692 1702 5748 6.
1727 5691 1841 5765 22).
1867 5693 1958 5749 Vi-

371 5773 558 5833 derunt
587 5794 707 5835 eum
741 5796 851 5834 non
881 5789 1121 5850 gustasse
1148 5793 1421 5853 peccatum
1441 5825 1456 5850 ,
1486 5794 1540 5839 et
1563 5800 1684 5840 eum
1711 5786 1957 5858 supplicii

430 5891 506 5956 (ιι)
532 5899 700 5948 Loaun
719 5907 826 5947 non
845 5894 1064 5958 reperio.
1090 5901 1229 5947 Forte
1253 5908 1317 5948 ex
1339 5896 1478 5948 Eccli.
1500 5898 1580 5950 26.
1605 5900 1655 5952 3.
1677 5912 1785 5964 seq.

2036 549 2308 613 expertem
2337 541 2682 612 reliquerunt.
2712 540 2958 597 Peccavit
2984 540 3242 613 propheta
3268 541 3542 606 mentitus,
3570 553 3622 597 ct

2036 633 2123 688 leo
2162 649 2286 688 eum
2326 633 2377 687 in
2419 633 2503 686 via
2538 633 2810 689 inventum
2844 642 3015 690 morte
3049 632 3224 689 aﬂ'ecit
3252 634 3341 703 (5.
3375 634 3500 706 Reg.
3534 635 3619 691 l3.

2035 725 2149 796 24).
2182 724 2311 780 Erat
2339 724 2599 779 mendacii
2631 723 2852 795 fuligine
2884 734 3120 790 atratus,
3153 733 3208 780 et
3248 725 3332 781 leo
3362 741 3484 780 eum
3517 740 3624 781 non

2037 819 2305 888 Cognovit.
2336 817 2395 872 Si
2434 816 2747 888 prophetam
2778 817 3027 882 vidisset,
3066 828 3124 872 ut
3166 819 3472 886 Danielem,
3500 836 3624 875 eum

2041 913 2354 967 honorasset
2385 927 2398 965 :
2431 911 2633 966 invenit
2672 911 3192 980 pseudoprophetam
3212 953 3227 978 ,
3260 922 3316 968 et
3356 921 3627 983 tamquam

2039 1006 2270 1061 alienum
2301 1005 2515 1060 invasit.
2548 1005 2803 1059 Dominus
2832 1003 3084 1058 mentitus
3107 1014 3208 1065 est.
3241 1012 3293 1060 et
3319 1018 3508 1060 servus
3535 1020 3628 1060 ne-

2037 1098 2181 1168 gavit
2204 1096 2521 1153 dominium.
2563 1096 2630 1151 Et
2662 1094 2790 1165 quid
2823 1095 2944 1149 dico
2983 1094 3052 1149 de
3092 1095 3248 1149 malis
3284 1094 3627 1159 domesticis,

2039 1189 2254 1260 quando
2280 1189 2451 1260 ipsum
2480 1190 2638 1244 etiam
2676 1199 2915 1243 nostrum
2945 1203 3162 1257 corpus,
3191 1189 3331 1259 quod
3360 1196 3443 1244 est
3472 1189 3628 1247 nobis

2041 1280 2287 1335 omnibus
2317 1279 2626 1334 familiarius
2661 1290 2716 1334 et
2752 1281 2929 1335 carius
2952 1321 2967 1344 ,
3001 1279 3322 1351 quandoque
3351 1281 3628 1337 nobiscum

2043 1371 2385 1442 peccantibus
2422 1371 2615 1425 bellant
2646 1372 2811 1442 gerit,
2841 1386 2936 1441 per
2967 1371 3178 1438 febres,-
3208 1371 3425 1427 morbos
3452 1380 3506 1427 et
3531 1372 3631 1427 do-

2044 1463 2186 1518 lorcs
2226 1478 2322 1518 nos
2366 1478 2716 1533 oppugnatis,
2764 1480 2827 1518 ac
2874 1478 3086 1518 servum
3131 1479 3326 1534 corpus
3364 1465 3633 1519 dominam

2043 1556 2275 1608 animam
2305 1569 2424 1624 qure
2456 1554 2697 1624 peccavit
2735 1553 3002 1624 flagellat,
3035 1569 3139 1610 non
3172 1556 3313 1623 quod
3345 1556 3446 1611 hoc
3474 1556 3634 1623 velit,

2045 1646 2139 1701 sed
2169 1645 2310 1716 quod
2349 1645 2453 1701 hoc
2489 1646 2739 1716 jubeatur
2770 1647 2979 1702 facere?
3011 1648 3177 1717 llujus
3209 1649 3356 1703 testis
3378 1659 3460 1704 est
3483 1649 3629 1704 Chri-

2044 1746 2179 1802 stus,
2207 1737 2296 1808 qui
2317 1749 2502 1793 curato
2529 1738 2658 1793 dicit
2686 1739 2975 1810 paralytico
2999 1757 3011 1792 :
3040 1739 3169 1794 Ecce
3190 1758 3346 1796 sanus
3371 1745 3535 1813 factus
3561 1759 3635 1808 es,

2047 1828 2150 1882 noli
2193 1828 2412 1897 amplius
2453 1845 2688 1897 peccare,
2731 1846 2794 1883 ne
2834 1830 2956 1899 quid
2997 1830 3216 1886 deterius
3258 1831 3346 1886 tibi
3384 1833 3640 1904 contingat

2047 1918 2224 1989 (Joan.
2254 1919 2308 1978 5.
2340 1920 2452 1991 14).
2482 1921 2614 1974 Cum
2651 1936 2778 1991 ergo
2805 1921 3176 1990 didicerimus,
3209 1924 3417 1988 fratres,
3450 1924 3640 1980 donic-

2046 2012 2200 2077 stica,
2230 2011 2479 2066 intestina
2507 2020 2559 2067 et
2585 2013 2796 2066 servilia
2826 2014 2982 2078 bella,
3008 2025 3064 2069 et
3093 2017 3311 2071 morbos
3337 2017 3496 2071 etiam
3524 2032 3644 2072 cor-

2048 2103 2193 2174 poris
2219 2117 2363 2173 sarpe
2389 2104 2634 2159 accidere
2666 2120 2760 2175 per
2790 2116 3065 2175 peccatum
3088 2148 3101 2172 ,
3136 2117 3410 2177 peccatum
3442 2109 3642 2165 fontem

2051 2196 2310 2251 malorum
2339 2198 2693 2267 reprimamus
2721 2215 2737 2253 :
2766 2208 2820 2253 et
2859 2199 2903 2253 si
2944 2208 3209 2256 torrentes
3238 2202 3401 2256 animi
3434 2213 3644 2272 pertur-

2055 2286 2326 2343 bationum
2354 2302 2460 2343 non
2492 2288 2681 2356 fluunt,
2711 2288 2856 2344 fluvii
2886 2300 3065 2345 tamen
3090 2306 3346 2361 aquarum
3381 2294 3473 2349 Dei
3499 2294 3646 2349 oble-

2050 2385 2196 2432 ctant
2222 2377 2458 2433 animum
2478 2381 2517 2432 ¹.
2548 2379 2809 2448 ρυοιιίειηι
2841 2397 2969 2451 ergo
3011 2383 3172 2437 David
3197 2384 3499 2453 mulierem,
3528 2402 3649 2453 quae

2052 2478 2169 2524 erat
2211 2470 2264 2525 in
2306 2471 2481 2525 mariti
2523 2480 2822 2540 potestate,
2858 2483 3124 2545 tamquam
3157 2475 3391 2530 alienum
3426 2494 3649 2547 regnum
3714 2528 3727 2535 -

2055 2573 2410 2634 occupaverat
2440 2563 2689 2638 (cuilibet
2717 2567 2859 2622 enim
2900 2569 3014 2623 viro
3054 2583 3274 2640 regnum
3303 2580 3387 2625 est
3418 2586 3650 2626 concors

2053 2655 2253 2725 coniux
2273 2697 2288 2723 ,
2319 2667 2374 2712 et
2410 2672 2515 2712 non
2546 2658 2625 2714 sic
2658 2674 2754 2715 rex
2784 2675 3071 2730 purpuram
3100 2670 3154 2715 et
3181 2662 3422 2717 diadema
3441 2703 3458 2730 ,
3488 2673 3545 2718 ut
3573 2665 3653 2718 vir

2056 2762 2277 2804 uxorem
2303 2749 2496 2821 diligit)
2522 2767 2535 2808 :
2565 2747 2847 2822 propterea
2875 2753 2966 2823 qui
2989 2768 3059 2809 ex
3086 2769 3252 2810 uxore
3282 2764 3437 2810 natus
3462 2756 3510 2812 ci
3535 2767 3651 2813 erat

2057 2841 2232 2910 filius,
2266 2843 2554 2899 insurrexit
2592 2853 2847 2915 tyrannus
2872 2885 2887 2911 ,
2927 2845 3114 2902 volens
3151 2848 3389 2917 arripere
3428 2864 3650 2920 regnum

2060 2936 2246 3007 patris.
2279 2936 2340 2991 Vi
2367 2936 2561 3006 rapuit,
2588 2945 2641 2991 et
2666 2937 2773 2991 vim
2802 2951 2990 3007 passus
3012 2948 3096 2994 est
3121 2956 3136 2993 :
3158 2949 3215 2995 et
3233 2939 3322 3008 qui
3349 2938 3647 2994 clanculum

2059 3037 2404 3099 peccaverat,
2436 3027 2505 3084 de
2532 3045 2596 3085 eo
2623 3030 2796 3099 palam
2825 3030 3126 3100 triumphus
3157 3040 3308 3086 actus
3333 3040 3419 3090 est
3438 3074 3455 3099 ,
3479 3043 3535 3090 et
3561 3034 3653 3105 qui

2059 3127 2176 3175 erat
2219 3119 2270 3173 in
2308 3119 2522 3174 occulto
2562 3120 2869 3176 vulneratus
2896 3162 2910 3186 ,
2941 3121 3178 3192 chirurgi
3217 3138 3433 3179 manum
3472 3139 3652 3180 coram

2059 3208 2309 3265 omnibus
2341 3224 2528 3279 passus
2556 3222 2638 3265 est
2659 3252 2675 3277 ,
2694 3210 2757 3266 "id
2787 3222 3009 3268 curante
3037 3212 3146 3267 Deo
3171 3213 3258 3284 qui
3289 3213 3499 3270 dixerat
3529 3232 3542 3269 :
3573 3213 3653 3269 'l‘u

2058 3301 2218 3371 fecisti
2246 3302 2297 3356 in
2325 3302 2618 3356 abscondito
2647 3317 2668 3357 :
2692 3319 2784 3373 ego
2812 3312 2978 3357 autem
3008 3306 3195 3373 faciam
3223 3306 3275 3359 in
3301 3317 3498 3378 aperto,
3529 3318 3575 3362 et
3602 3309 3655 3363 in

2056 3401 2326 3464 conspectu
2360 3394 2482 3449 solis
2518 3395 2673 3465 hujus
2703 3393 2792 3465 (2.
2821 3393 2951 3466 Reg.
2995 3396 3080 3450 l2.
3117 3395 3551 3468 i2).vasalouis
3579 3409 3656 3456 ta-

2058 3498 2183 3539 men
2213 3485 2393 3541 scelus
2420 3500 2523 3539 non
2554 3486 2602 3540 ei
2629 3485 2696 3541 ad
2733 3486 2892 3542 ﬁnem
2930 3503 3095 3557 usque
3137 3491 3394 3557 processit
3422 3509 3434 3544 :
3461 3500 3517 3546 et
3543 3508 3654 3547 me-

2059 3580 2185 3642 rito,
2218 3594 2287 3634 ne
2315 3579 2594 3650 parricida:
2624 3579 2727 3635 hoc
2754 3578 2960 3635 fucinus
2990 3589 3237 3637 tenerent
3268 3597 3364 3650 pro
3393 3582 3508 3653 lege
3539 3599 3633 3653 par

2060 3670 2253 3725 ricidii.
2286 3669 2417 3724 Cum
2457 3681 2634 3725 autem
2665 3682 2725 3725 ut
2752 3671 2992 3726 carnifex
3021 3671 3399 3738 deserviisset,
3436 3668 3494 3728 ut
3534 3691 3657 3730 reus

2061 3760 2370 3816 interfectus
2398 3771 2481 3816 est
2504 3803 2518 3826 ,
2549 3772 2607 3816 ut
2634 3761 2721 3831 qui
2757 3771 2901 3816 esset
2936 3762 3216 3817 damnatus
3248 3782 3262 3816 :
3288 3773 3343 3819 et
3368 3765 3505 3820 sicut
3528 3782 3646 3836 quo

2060 3848 2112 3904 in
2142 3850 2364 3905 theatris
2392 3850 2711 3917 ethibentur
2742 3849 2903 3918 ferte,
2931 3852 3066 3906 alios
3104 3854 3316 3921 quidem
3362 3856 3649 3922 invadunt,

2060 3935 2128 3994 ab
2154 3938 2273 3995 aliis
2298 3953 2426 3995 vero
2453 3940 2880 3995 interficiuntur:
2909 3941 2980 3996 ita
3019 3941 3180 3997 etiam
3218 3943 3450 3999 Absalon
3493 3946 3654 3999 Davi-

2061 4030 2182 4086 dem
2208 4045 2492 4102 aggressus
2514 4073 2529 4096 ,
2556 4047 2585 4085 a
2612 4030 2748 4087 Joab
2774 4032 2985 4087 occisus
3011 4042 3094 4088 est
3115 4074 3131 4101 ,
3161 4043 3215 4088 et
3242 4035 3294 4089 in
3322 4034 3535 4091 sublimi
3564 4052 3656 4092 ar-

2059 4121 2191 4177 bore
2219 4137 2510 4191 suspensus
2535 4131 2619 4178 est
2645 4123 2724 4195 (2.
2752 4122 2883 4196 Reg.
2915 4125 3001 4179 18.
3032 4125 3144 4196 ll),
3172 4126 3263 4196 qui
3288 4111 3542 4183 adversus
3568 4144 3660 4198 pa-

2064 4224 2200 4271 trem
2246 4215 2590 4287 erigebatur;
2622 4226 2676 4271 et
2710 4231 2741 4271 a
2780 4217 2959 4288 planta
3002 4217 3367 4287 detinebatur,
3402 4221 3493 4291 qui
3535 4236 3657 4276 cunt

2061 4306 2241 4363 radice
2266 4308 2529 4379 pugnabat
2559 4326 2572 4363 :
2597 4309 2805 4364 vinctus
2827 4317 2943 4364 erat
2968 4324 2998 4362 a
3025 4324 3176 4364 ramo
3201 4325 3402 4375 ramus,
3429 4311 3519 4382 qui
3545 4324 3661 4367 erat

2060 4414 2092 4455 a
2134 4408 2355 4471 paterna
2399 4400 2680 4456 affectione
2715 4400 3009 4470 abruptus,
3041 4410 3091 4456 et
3129 4401 3300 4468 capite
3340 4402 3657 4470 tenebatur,

2061 4493 2150 4563 qui
2180 4493 2436 4563 genitoris
2464 4503 2623 4564 caput
2651 4493 2861 4549 auferre
2888 4493 3262 4559 contendebat,
3295 4508 3358 4549 ac
3386 4502 3656 4565 tamquam

2060 4583 2268 4638 fructus
2309 4584 2574 4656 pendebat
2613 4585 2681 4641 ab
2722 4586 2953 4652 arbore,
2991 4585 3081 4656 qui
3125 4595 3329 4641 natura:
3369 4588 3658 4658 agricolam

2063 4674 2276 4730 volebat
2311 4675 2642 4744 exscindere,
2673 4686 2728 4731 et
2756 4676 2808 4730 in
2837 4676 2998 4731 corde
3034 4676 3213 4746 jaculo
3244 4677 3525 4735 confossus
3553 4688 3656 4747 est,

2062 4765 2172 4822 illic
2215 4769 2443 4834 occisus,
2475 4769 2565 4823 ubi
2591 4768 2792 4824 caedem
2824 4770 3062 4840 parabat.

2136 4859 2404 4915 Absalom's
2451 4861 2712 4931 pernicies.
2750 4890 2824 4901 --
2860 4862 2925 4916 Et
2974 4871 3100 4917 tunc
3149 4861 3331 4918 videre
3381 4871 3495 4918 erat
3536 4880 3661 4936 spe-

2066 4952 2330 5007 ctaculum
2375 4951 2707 5008 admirabile.
2758 4952 2900 5008 Mulo
2941 4953 3083 5008 enim
3127 4954 3404 5024 equitatus,
3449 4970 3515 5010 ex
3562 4969 3658 5010 ca-

2066 5046 2313 5116 pillorum
2354 5061 2508 5101 coma
2551 5061 2580 5099 a
2622 5061 2774 5101 coma
2816 5045 3024 5103 arboris
3066 5047 3376 5112 tenebatur,
3413 5056 3468 5102 et
3501 5061 3659 5102 coma

2063 5137 2279 5192 tenebat
2306 5150 2457 5191 coma
2499 5146 2779 5207 tyrannum
2802 5177 2819 5203 ,
2861 5136 3128 5199 illiceum
3166 5137 3534 5202 contundens,
3569 5137 3657 5192 ubi

2062 5227 2307 5289 diadema
2334 5236 2614 5298 paternum
2640 5237 2851 5299 gestare
2876 5227 3249 5284 contendebat.
3291 5228 3505 5283 Poterat
3528 5243 3658 5300 ergo

2063 5317 2232 5373 videri
2260 5318 2492 5374 Absalon
2516 5332 2807 5388 suspensus
2833 5318 2884 5372 in
2913 5317 3090 5372 medio
3115 5317 3230 5371 caeli
3257 5325 3310 5371 et
3337 5325 3514 5372 terrae.
3542 5319 3658 5374 Cat-

2063 5408 2176 5464 lum
2215 5425 2337 5466 eum
2375 5426 2485 5465 non
2515 5409 2828 5465 admittebat
2856 5427 2869 5463 :
2899 5409 2945 5465 si
2972 5408 3113 5462 enim
3147 5408 3373 5477 primunt
3404 5409 3656 5465 rebellem

2065 5504 2223 5573 ejecit
2247 5502 2540 5571 diabolum,
2569 5500 2837 5572 quomodo
2866 5500 3037 5571 ipsum
3073 5500 3326 5556 rebellem
3363 5502 3655 5557 secundum

2067 5595 2408 5652 admisisset?
2436 5594 2602 5650 Terra
2629 5610 2752 5650 eum
2786 5592 3154 5661 aversabatur,
3183 5611 3289 5650 non
3320 5592 3498 5652 ferens
3535 5597 3655 5668 pol-

2130 5778 2147 5810 ³
2185 5783 2304 5847 tteg.
2322 5782 2389 5847 et
2403 5774 2566 5847 savil.,
2589 5780 2646 5847 et
2675 5778 2927 5847 torrentes_
2951 5772 3367 5847 perturbationum
3560 5785 3655 5847 mu

2063 5837 2229 5903 ﬂuctu,
2246 5835 2332 5889 sed
2354 5835 2559 5902 ﬂumina
2594 5836 2864 5889 divinorum
2911 5835 3144 5888 bimorum
3181 5835 3287 5898 ejus
3308 5835 3545 5886 caritatem
3562 5846 3648 5885 seu

2065 5899 2275 5951 annnam
2297 5899 2548 5951 oblectant.
