  <div class='ocr_page' id='page_1' title='image "/cluster/home/n/w/nwhite01/storage/ocr_20150623/55:no.5/coo.31924054869551/031.png"; bbox 0 0 4106 6412; ppageno 0'>
   <div class='ocr_carea' id='block_1_1' title="bbox 479 379 3768 458">
    <p class='ocr_par' dir='ltr' id='par_1_1' title="bbox 479 379 3768 458">
     <span class='ocr_line' id='line_1_1' title="bbox 479 379 3768 458; baseline -0.003 -13"><span class='ocrx_word' id='word_1_1' title='bbox 479 404 546 458; x_wconf 66' lang='lat'><strong>39</strong></span> <span class='ocrx_word' id='word_1_2' title='bbox 1227 392 1283 445; x_wconf 91' lang='lat' dir='ltr'><strong>S.</strong></span> <span class='ocrx_word' id='word_1_3' title='bbox 1325 385 1602 446; x_wconf 67' lang='lat' dir='ltr'><strong>JOANXlS</strong></span> <span class='ocrx_word' id='word_1_4' title='bbox 1639 381 2118 441; x_wconf 76' lang='lat' dir='ltr'><strong>CllRYSOSTOMl</strong></span> <span class='ocrx_word' id='word_1_5' title='bbox 2159 380 2478 438; x_wconf 75' lang='lat' dir='ltr'><strong>ARCIIIEP.</strong></span> <span class='ocrx_word' id='word_1_6' title='bbox 2511 379 3048 440; x_wconf 78' lang='lat' dir='ltr'><strong>CONSTANTINOP.</strong></span> <span class='ocrx_word' id='word_1_7' title='bbox 3700 383 3768 438; x_wconf 76' lang='grc' dir='ltr'>ιο</span> 
     </span>
    </p>
   </div>
   <div class='ocr_carea' id='block_1_2' title="bbox 475 493 2064 582">
    <p class='ocr_par' dir='ltr' id='par_1_2' title="bbox 475 493 2064 582">
     <span class='ocr_line' id='line_1_2' title="bbox 475 493 2064 582; baseline -0.014 -11"><span class='ocrx_word' id='word_1_8' title='bbox 475 516 550 571; x_wconf 86' lang='lat' dir='ltr'><strong>lui</strong></span> <span class='ocrx_word' id='word_1_9' title='bbox 583 509 859 582; x_wconf 73' lang='lat' dir='ltr'><strong>parricida:</strong></span> <span class='ocrx_word' id='word_1_10' title='bbox 891 507 1099 578; x_wconf 83' lang='lat' dir='ltr'><strong>plantis.</strong></span> <span class='ocrx_word' id='word_1_11' title='bbox 1122 505 1186 558; x_wconf 81' lang='lat' dir='ltr'><strong>‘Si</strong></span> <span class='ocrx_word' id='word_1_12' title='bbox 1213 493 1356 556; x_wconf 85' lang='lat' dir='ltr'><strong>enim</strong></span> <span class='ocrx_word' id='word_1_13' title='bbox 1393 498 1601 556; x_wconf 89' lang='lat' dir='ltr'><strong>Dathan</strong></span> <span class='ocrx_word' id='word_1_14' title='bbox 1631 498 1945 564; x_wconf 89' lang='lat' dir='ltr'><strong>devoravit,</strong></span> <span class='ocrx_word' id='word_1_15' title='bbox 1974 496 2064 567; x_wconf 90' lang='lat' dir='ltr'><strong>qui</strong></span> 
     </span>
    </p>
   </div>
   <div class='ocr_carea' id='block_1_3' title="bbox 472 589 2063 667">
    <p class='ocr_par' dir='ltr' id='par_1_3' title="bbox 472 589 2063 667">
     <span class='ocr_line' id='line_1_3' title="bbox 472 589 2063 667; baseline -0.009 -9"><span class='ocrx_word' id='word_1_16' title='bbox 472 614 660 660; x_wconf 72' lang='lat' dir='ltr'><strong>cmitra</strong></span> <span class='ocrx_word' id='word_1_17' title='bbox 692 603 871 658; x_wconf 79' lang='lat' dir='ltr'><strong>Mosen</strong></span> <span class='ocrx_word' id='word_1_18' title='bbox 900 610 1014 654; x_wconf 85' lang='lat' dir='ltr'><strong>erat</strong></span> <span class='ocrx_word' id='word_1_19' title='bbox 1055 598 1333 667; x_wconf 87' lang='lat' dir='ltr'><strong>loquutus.</strong></span> <span class='ocrx_word' id='word_1_20' title='bbox 1361 605 1413 648; x_wconf 91' lang='lat' dir='ltr'><strong>et</strong></span> <span class='ocrx_word' id='word_1_21' title='bbox 1439 609 1500 650; x_wconf 91' lang='lat' dir='ltr'><strong>os</strong></span> <span class='ocrx_word' id='word_1_22' title='bbox 1531 608 1682 648; x_wconf 90' lang='lat' dir='ltr'><strong>suum</strong></span> <span class='ocrx_word' id='word_1_23' title='bbox 1721 594 1931 661; x_wconf 88' lang='lat' dir='ltr'><strong>aperuit</strong></span> <span class='ocrx_word' id='word_1_24' title='bbox 1967 589 2063 645; x_wconf 85' lang='lat' dir='ltr'><strong>ad-</strong></span> 
     </span>
    </p>
   </div>
   <div class='ocr_carea' id='block_1_4' title="bbox 473 682 2063 760">
    <p class='ocr_par' dir='ltr' id='par_1_4' title="bbox 473 682 2063 760">
     <span class='ocr_line' id='line_1_4' title="bbox 473 682 2063 760; baseline -0.008 -12"><span class='ocrx_word' id='word_1_25' title='bbox 473 708 664 751; x_wconf 84' lang='lat' dir='ltr'><strong>versus</strong></span> <span class='ocrx_word' id='word_1_26' title='bbox 697 707 820 746; x_wconf 90' lang='lat' dir='ltr'><strong>eum</strong></span> <span class='ocrx_word' id='word_1_27' title='bbox 859 691 948 760; x_wconf 87' lang='lat' dir='ltr'><strong>qui</strong></span> <span class='ocrx_word' id='word_1_28' title='bbox 989 703 1050 742; x_wconf 91' lang='lat' dir='ltr'><strong>os</strong></span> <span class='ocrx_word' id='word_1_29' title='bbox 1089 687 1332 756; x_wconf 82' lang='lat' dir='ltr'><strong>improbe</strong></span> <span class='ocrx_word' id='word_1_30' title='bbox 1371 693 1653 754; x_wconf 89' lang='lat' dir='ltr'><strong>aperuerat</strong></span> <span class='ocrx_word' id='word_1_31' title='bbox 1692 682 1892 754; x_wconf 88' lang='lat' dir='ltr'><strong>(Num.</strong></span> <span class='ocrx_word' id='word_1_32' title='bbox 1928 682 2063 752; x_wconf 70' lang='lat'><strong>16),</strong></span> 
     </span>
    </p>
   </div>
   <div class='ocr_carea' id='block_1_5' title="bbox 472 775 2070 859">
    <p class='ocr_par' dir='ltr' id='par_1_5' title="bbox 472 775 2070 859">
     <span class='ocr_line' id='line_1_5' title="bbox 472 775 2070 859; baseline -0.007 -19"><span class='ocrx_word' id='word_1_33' title='bbox 472 783 747 859; x_wconf 86' lang='lat' dir='ltr'><strong>quomodo</strong></span> <span class='ocrx_word' id='word_1_34' title='bbox 791 782 1051 852; x_wconf 83' lang='lat' dir='ltr'><strong>potuisset</strong></span> <span class='ocrx_word' id='word_1_35' title='bbox 1100 779 1240 833; x_wconf 89' lang='lat' dir='ltr'><strong>ferre</strong></span> <span class='ocrx_word' id='word_1_36' title='bbox 1287 777 1450 847; x_wconf 84' lang='lat' dir='ltr'><strong>pedes</strong></span> <span class='ocrx_word' id='word_1_37' title='bbox 1491 784 1768 831; x_wconf 90' lang='lat' dir='ltr'><strong>currentes</strong></span> <span class='ocrx_word' id='word_1_38' title='bbox 1813 775 2070 830; x_wconf 87' lang='lat' dir='ltr'><strong>adversus</strong></span> 
     </span>
    </p>
   </div>
   <div class='ocr_carea' id='block_1_6' title="bbox 476 864 2066 946">
    <p class='ocr_par' dir='ltr' id='par_1_6' title="bbox 476 864 2066 946">
     <span class='ocr_line' id='line_1_6' title="bbox 476 864 2066 946; baseline -0.008 -15"><span class='ocrx_word' id='word_1_39' title='bbox 476 874 813 946; x_wconf 74' lang='lat' dir='ltr'><strong>genitorem?</strong></span> <span class='ocrx_word' id='word_1_40' title='bbox 846 872 978 928; x_wconf 91' lang='lat' dir='ltr'><strong>Cum</strong></span> <span class='ocrx_word' id='word_1_41' title='bbox 1013 885 1143 940; x_wconf 87' lang='lat' dir='ltr'><strong>ergo</strong></span> <span class='ocrx_word' id='word_1_42' title='bbox 1173 868 1416 924; x_wconf 86' lang='lat' dir='ltr'><strong>sublimis</strong></span> <span class='ocrx_word' id='word_1_43' title='bbox 1454 867 1506 921; x_wconf 91' lang='lat' dir='ltr'><strong>in</strong></span> <span class='ocrx_word' id='word_1_44' title='bbox 1546 867 1736 920; x_wconf 90' lang='lat' dir='ltr'><strong>arbore</strong></span> <span class='ocrx_word' id='word_1_45' title='bbox 1777 864 2066 935; x_wconf 75' lang='lat' dir='ltr'><strong>penderet,</strong></span> 
     </span>
    </p>
   </div>
   <div class='ocr_carea' id='block_1_7' title="bbox 474 960 2068 1038">
    <p class='ocr_par' dir='ltr' id='par_1_7' title="bbox 474 960 2068 1038">
     <span class='ocr_line' id='line_1_7' title="bbox 474 960 2068 1038; baseline -0.007 -15"><span class='ocrx_word' id='word_1_46' title='bbox 474 986 596 1023; x_wconf 93' lang='lat' dir='ltr'><strong>eum</strong></span> <span class='ocrx_word' id='word_1_47' title='bbox 637 981 918 1038; x_wconf 81' lang='lat' dir='ltr'><strong>aggressus</strong></span> <span class='ocrx_word' id='word_1_48' title='bbox 953 973 1039 1020; x_wconf 89' lang='lat' dir='ltr'><strong>est</strong></span> <span class='ocrx_word' id='word_1_49' title='bbox 1075 963 1210 1018; x_wconf 86' lang='lat' dir='ltr'><strong>Joab</strong></span> <span class='ocrx_word' id='word_1_50' title='bbox 1237 962 1342 1017; x_wconf 90' lang='lat' dir='ltr'><strong>dux</strong></span> <span class='ocrx_word' id='word_1_51' title='bbox 1368 961 1635 1017; x_wconf 82' lang='lat' dir='ltr'><strong>exercitus</strong></span> <span class='ocrx_word' id='word_1_52' title='bbox 1653 1000 1669 1025; x_wconf 85' lang='lat'><strong>,</strong></span> <span class='ocrx_word' id='word_1_53' title='bbox 1697 967 1750 1014; x_wconf 91' lang='lat' dir='ltr'><strong>et</strong></span> <span class='ocrx_word' id='word_1_54' title='bbox 1777 960 1830 1013; x_wconf 93' lang='lat' dir='ltr'><strong>in</strong></span> <span class='ocrx_word' id='word_1_55' title='bbox 1856 973 1950 1013; x_wconf 90' lang='lat' dir='ltr'><strong>cor</strong></span> <span class='ocrx_word' id='word_1_56' title='bbox 1972 973 2068 1013; x_wconf 88' lang='lat' dir='ltr'><strong>ex-</strong></span> 
     </span>
    </p>
   </div>
   <div class='ocr_carea' id='block_1_8' title="bbox 475 1051 2070 1129">
    <p class='ocr_par' dir='ltr' id='par_1_8' title="bbox 475 1051 2070 1129">
     <span class='ocr_line' id='line_1_8' title="bbox 475 1051 2070 1129; baseline -0.006 -13"><span class='ocrx_word' id='word_1_57' title='bbox 475 1061 654 1116; x_wconf 88' lang='lat' dir='ltr'><strong>eordis</strong></span> <span class='ocrx_word' id='word_1_58' title='bbox 683 1069 794 1115; x_wconf 92' lang='lat' dir='ltr'><strong>tres</strong></span> <span class='ocrx_word' id='word_1_59' title='bbox 833 1059 1051 1129; x_wconf 87' lang='lat' dir='ltr'><strong>sagittas</strong></span> <span class='ocrx_word' id='word_1_60' title='bbox 1078 1055 1269 1118; x_wconf 85' lang='lat' dir='ltr'><strong>inﬁxit,</strong></span> <span class='ocrx_word' id='word_1_61' title='bbox 1300 1055 1410 1109; x_wconf 91' lang='lat' dir='ltr'><strong>illic</strong></span> <span class='ocrx_word' id='word_1_62' title='bbox 1433 1068 1554 1108; x_wconf 90' lang='lat' dir='ltr'><strong>eum</strong></span> <span class='ocrx_word' id='word_1_63' title='bbox 1592 1051 1807 1116; x_wconf 86' lang='lat' dir='ltr'><strong>feriens,</strong></span> <span class='ocrx_word' id='word_1_64' title='bbox 1837 1052 1923 1107; x_wconf 91' lang='lat' dir='ltr'><strong>ubi</strong></span> <span class='ocrx_word' id='word_1_65' title='bbox 1955 1061 2070 1106; x_wconf 90' lang='lat' dir='ltr'><strong>erat</strong></span> 
     </span>
    </p>
   </div>
   <div class='ocr_carea' id='block_1_9' title="bbox 478 1143 2070 1222">
    <p class='ocr_par' dir='ltr' id='par_1_9' title="bbox 478 1143 2070 1222">
     <span class='ocr_line' id='line_1_9' title="bbox 478 1143 2070 1222; baseline -0.007 -15"><span class='ocrx_word' id='word_1_66' title='bbox 478 1151 872 1222; x_wconf 68' lang='lat' dir='ltr'><strong>receptaculum</strong></span> <span class='ocrx_word' id='word_1_67' title='bbox 905 1147 1232 1218; x_wconf 73' lang='lat' dir='ltr'><strong>iniquitatis,</strong></span> <span class='ocrx_word' id='word_1_68' title='bbox 1261 1158 1310 1200; x_wconf 89' lang='lat' dir='ltr'><strong>et</strong></span> <span class='ocrx_word' id='word_1_69' title='bbox 1349 1161 1469 1200; x_wconf 92' lang='lat' dir='ltr'><strong>cum</strong></span> <span class='ocrx_word' id='word_1_70' title='bbox 1507 1146 1556 1198; x_wconf 91' lang='lat' dir='ltr'><strong>in</strong></span> <span class='ocrx_word' id='word_1_71' title='bbox 1598 1143 1791 1198; x_wconf 90' lang='lat' dir='ltr'><strong>arbore</strong></span> <span class='ocrx_word' id='word_1_72' title='bbox 1828 1143 2070 1197; x_wconf 76' lang='lat' dir='ltr'><strong>sublimis</strong></span> 
     </span>
    </p>
   </div>
   <div class='ocr_carea' id='block_1_10' title="bbox 481 1233 2072 1314">
    <p class='ocr_par' dir='ltr' id='par_1_10' title="bbox 481 1233 2072 1314">
     <span class='ocr_line' id='line_1_10' title="bbox 481 1233 2072 1314; baseline -0.007 -17"><span class='ocrx_word' id='word_1_73' title='bbox 481 1247 756 1314; x_wconf 88' lang='lat' dir='ltr'><strong>penderet,</strong></span> <span class='ocrx_word' id='word_1_74' title='bbox 786 1241 1064 1313; x_wconf 90' lang='lat' dir='ltr'><strong>pulchrum</strong></span> <span class='ocrx_word' id='word_1_75' title='bbox 1086 1237 1411 1310; x_wconf 87' lang='lat' dir='ltr'><strong>epitaphium</strong></span> <span class='ocrx_word' id='word_1_76' title='bbox 1433 1238 1481 1290; x_wconf 91' lang='lat' dir='ltr'><strong>ei</strong></span> <span class='ocrx_word' id='word_1_77' title='bbox 1507 1235 1668 1290; x_wconf 90' lang='lat' dir='ltr'><strong>David</strong></span> <span class='ocrx_word' id='word_1_78' title='bbox 1691 1235 1884 1290; x_wconf 87' lang='lat' dir='ltr'><strong>cecinit</strong></span> <span class='ocrx_word' id='word_1_79' title='bbox 1908 1252 1920 1288; x_wconf 93' lang='lat'><strong>:</strong></span> <span class='ocrx_word' id='word_1_80' title='bbox 1956 1233 2072 1287; x_wconf 85' lang='lat' dir='ltr'><strong>Vidi</strong></span> 
     </span>
    </p>
   </div>
   <div class='ocr_carea' id='block_1_11' title="bbox 477 1327 2070 1408">
    <p class='ocr_par' dir='ltr' id='par_1_11' title="bbox 477 1327 2070 1408">
     <span class='ocr_line' id='line_1_11' title="bbox 477 1327 2070 1408; baseline -0.006 -19"><span class='ocrx_word' id='word_1_81' title='bbox 477 1339 692 1408; x_wconf 85' lang='lat' dir='ltr'><strong>impium</strong></span> <span class='ocrx_word' id='word_1_82' title='bbox 717 1335 1148 1406; x_wconf 79' lang='lat' dir='ltr'><strong>superemltatum</strong></span> <span class='ocrx_word' id='word_1_83' title='bbox 1169 1342 1214 1386; x_wconf 91' lang='lat' dir='ltr'><strong>et</strong></span> <span class='ocrx_word' id='word_1_84' title='bbox 1240 1330 1483 1384; x_wconf 73' lang='lat' dir='ltr'><strong>eleuatum</strong></span> <span class='ocrx_word' id='word_1_85' title='bbox 1505 1331 1632 1381; x_wconf 89' lang='lat' dir='ltr'><strong>sicut</strong></span> <span class='ocrx_word' id='word_1_86' title='bbox 1653 1330 1830 1381; x_wconf 81' lang='lat' dir='ltr'><strong>cedros</strong></span> <span class='ocrx_word' id='word_1_87' title='bbox 1854 1327 2033 1382; x_wconf 88' lang='lat' dir='ltr'><strong>Libani</strong></span> <span class='ocrx_word' id='word_1_88' title='bbox 2056 1342 2070 1380; x_wconf 91' lang='lat'><strong><em>:</em></strong></span> 
     </span>
    </p>
   </div>
   <div class='ocr_carea' id='block_1_12' title="bbox 475 1417 2073 1494">
    <p class='ocr_par' dir='ltr' id='par_1_12' title="bbox 475 1417 2073 1494">
     <span class='ocr_line' id='line_1_12' title="bbox 475 1417 2073 1494; baseline -0.007 -12"><span class='ocrx_word' id='word_1_89' title='bbox 475 1441 518 1482; x_wconf 83' lang='lat' dir='ltr'><strong>ct</strong></span> <span class='ocrx_word' id='word_1_90' title='bbox 548 1430 757 1483; x_wconf 78' lang='lat' dir='ltr'><strong>trnmivi</strong></span> <span class='ocrx_word' id='word_1_91' title='bbox 776 1469 790 1491; x_wconf 92' lang='lat'><strong>,</strong></span> <span class='ocrx_word' id='word_1_92' title='bbox 825 1437 871 1481; x_wconf 92' lang='lat' dir='ltr'><strong>et</strong></span> <span class='ocrx_word' id='word_1_93' title='bbox 916 1443 1028 1480; x_wconf 87' lang='lat' dir='ltr'><strong>ecce</strong></span> <span class='ocrx_word' id='word_1_94' title='bbox 1059 1442 1158 1479; x_wconf 86' lang='lat' dir='ltr'><strong>non</strong></span> <span class='ocrx_word' id='word_1_95' title='bbox 1194 1425 1341 1494; x_wconf 89' lang='lat' dir='ltr'><strong>erat(</strong></span> <span class='ocrx_word' id='word_1_96' title='bbox 1371 1421 1511 1476; x_wconf 83' lang='lat' dir='ltr'><strong>Psal.</strong></span> <span class='ocrx_word' id='word_1_97' title='bbox 1551 1421 1640 1476; x_wconf 78' lang='lat'><strong>36.</strong></span> <span class='ocrx_word' id='word_1_98' title='bbox 1670 1420 1800 1490; x_wconf 81' lang='lat'><strong>35).</strong></span> <span class='ocrx_word' id='word_1_99' title='bbox 1835 1417 2073 1473; x_wconf 73' lang='lat' dir='ltr'><strong>Psalnms</strong></span> 
     </span>
    </p>
   </div>
   <div class='ocr_carea' id='block_1_13' title="bbox 477 1509 2065 1589">
    <p class='ocr_par' dir='ltr' id='par_1_13' title="bbox 477 1509 2065 1589">
     <span class='ocr_line' id='line_1_13' title="bbox 477 1509 2065 1589; baseline -0.009 -14"><span class='ocrx_word' id='word_1_100' title='bbox 477 1521 665 1583; x_wconf 73' lang='lat' dir='ltr'><strong>David,</strong></span> <span class='ocrx_word' id='word_1_101' title='bbox 693 1518 896 1589; x_wconf 84' lang='lat' dir='ltr'><strong>quando</strong></span> <span class='ocrx_word' id='word_1_102' title='bbox 919 1517 1138 1589; x_wconf 76' lang='lat' dir='ltr'><strong>fugiebat</strong></span> <span class='ocrx_word' id='word_1_103' title='bbox 1167 1532 1198 1568; x_wconf 90' lang='lat' dir='ltr'><strong>a</strong></span> <span class='ocrx_word' id='word_1_104' title='bbox 1228 1515 1360 1586; x_wconf 76' lang='lat' dir='ltr'><strong>facie</strong></span> <span class='ocrx_word' id='word_1_105' title='bbox 1389 1513 1608 1567; x_wconf 78' lang='lat' dir='ltr'><strong>Absalon</strong></span> <span class='ocrx_word' id='word_1_106' title='bbox 1634 1513 1730 1581; x_wconf 86' lang='lat' dir='ltr'><strong>ﬁlii</strong></span> <span class='ocrx_word' id='word_1_107' title='bbox 1754 1509 1851 1565; x_wconf 88' lang='lat' dir='ltr'><strong>sui.</strong></span> <span class='ocrx_word' id='word_1_108' title='bbox 1882 1509 2065 1580; x_wconf 80' lang='lat' dir='ltr'><strong>Fugie-</strong></span> 
     </span>
    </p>
   </div>
   <div class='ocr_carea' id='block_1_14' title="bbox 479 1600 2071 1676">
    <p class='ocr_par' dir='ltr' id='par_1_14' title="bbox 479 1600 2071 1676">
     <span class='ocr_line' id='line_1_14' title="bbox 479 1600 2071 1676; baseline -0.007 -12"><span class='ocrx_word' id='word_1_109' title='bbox 479 1613 566 1664; x_wconf 89' lang='lat' dir='ltr'><strong>bat</strong></span> <span class='ocrx_word' id='word_1_110' title='bbox 593 1619 792 1674; x_wconf 83' lang='lat' dir='ltr'><strong>autem,</strong></span> <span class='ocrx_word' id='word_1_111' title='bbox 824 1624 931 1663; x_wconf 88' lang='lat' dir='ltr'><strong>non</strong></span> <span class='ocrx_word' id='word_1_112' title='bbox 961 1616 1017 1662; x_wconf 86' lang='lat' dir='ltr'><strong>ut</strong></span> <span class='ocrx_word' id='word_1_113' title='bbox 1038 1606 1127 1676; x_wconf 85' lang='lat' dir='ltr'><strong>qui</strong></span> <span class='ocrx_word' id='word_1_114' title='bbox 1156 1606 1386 1670; x_wconf 87' lang='lat' dir='ltr'><strong>timeret,</strong></span> <span class='ocrx_word' id='word_1_115' title='bbox 1411 1604 1503 1657; x_wconf 88' lang='lat' dir='ltr'><strong>sed</strong></span> <span class='ocrx_word' id='word_1_116' title='bbox 1531 1611 1588 1657; x_wconf 91' lang='lat' dir='ltr'><strong>ut</strong></span> <span class='ocrx_word' id='word_1_117' title='bbox 1611 1602 1698 1672; x_wconf 89' lang='lat' dir='ltr'><strong>qui</strong></span> <span class='ocrx_word' id='word_1_118' title='bbox 1727 1600 1892 1655; x_wconf 92' lang='lat' dir='ltr'><strong>ﬁlium</strong></span> <span class='ocrx_word' id='word_1_119' title='bbox 1919 1615 2071 1654; x_wconf 84' lang='lat' dir='ltr'><strong>cave-</strong></span> 
     </span>
    </p>
   </div>
   <div class='ocr_carea' id='block_1_15' title="bbox 478 1689 2070 1766">
    <p class='ocr_par' dir='ltr' id='par_1_15' title="bbox 478 1689 2070 1766">
     <span class='ocr_line' id='line_1_15' title="bbox 478 1689 2070 1766; baseline -0.009 -10"><span class='ocrx_word' id='word_1_120' title='bbox 478 1710 562 1756; x_wconf 86' lang='lat' dir='ltr'><strong>ret</strong></span> <span class='ocrx_word' id='word_1_121' title='bbox 586 1701 833 1755; x_wconf 89' lang='lat' dir='ltr'><strong>occidere</strong></span> <span class='ocrx_word' id='word_1_122' title='bbox 859 1717 870 1752; x_wconf 92' lang='lat'><strong>:</strong></span> <span class='ocrx_word' id='word_1_123' title='bbox 901 1698 1096 1753; x_wconf 89' lang='lat' dir='ltr'><strong>etenim</strong></span> <span class='ocrx_word' id='word_1_124' title='bbox 1126 1695 1377 1766; x_wconf 89' lang='lat' dir='ltr'><strong>parcebat</strong></span> <span class='ocrx_word' id='word_1_125' title='bbox 1404 1704 1673 1763; x_wconf 86' lang='lat' dir='ltr'><strong>tamquam</strong></span> <span class='ocrx_word' id='word_1_126' title='bbox 1700 1693 1831 1757; x_wconf 90' lang='lat' dir='ltr'><strong>ﬁlio,</strong></span> <span class='ocrx_word' id='word_1_127' title='bbox 1859 1689 1954 1746; x_wconf 88' lang='lat' dir='ltr'><strong>sed</strong></span> <span class='ocrx_word' id='word_1_128' title='bbox 1982 1691 2070 1759; x_wconf 92' lang='lat' dir='ltr'><strong>qui</strong></span> 
     </span>
    </p>
   </div>
   <div class='ocr_carea' id='block_1_16' title="bbox 475 1781 2074 1860">
    <p class='ocr_par' dir='ltr' id='par_1_16' title="bbox 475 1781 2074 1860">
     <span class='ocr_line' id='line_1_16' title="bbox 475 1781 2074 1860; baseline -0.008 -12"><span class='ocrx_word' id='word_1_129' title='bbox 475 1809 598 1848; x_wconf 91' lang='lat' dir='ltr'><strong>cum</strong></span> <span class='ocrx_word' id='word_1_130' title='bbox 626 1809 692 1848; x_wconf 87' lang='lat' dir='ltr'><strong>eo</strong></span> <span class='ocrx_word' id='word_1_131' title='bbox 719 1801 873 1847; x_wconf 89' lang='lat' dir='ltr'><strong>erant</strong></span> <span class='ocrx_word' id='word_1_132' title='bbox 896 1807 1005 1844; x_wconf 90' lang='lat' dir='ltr'><strong>non</strong></span> <span class='ocrx_word' id='word_1_133' title='bbox 1033 1795 1383 1860; x_wconf 89' lang='lat' dir='ltr'><strong>pepercerunt</strong></span> <span class='ocrx_word' id='word_1_134' title='bbox 1403 1796 1670 1854; x_wconf 88' lang='lat' dir='ltr'><strong>tamquam</strong></span> <span class='ocrx_word' id='word_1_135' title='bbox 1693 1783 1896 1838; x_wconf 88' lang='lat' dir='ltr'><strong>rebelli.</strong></span> <span class='ocrx_word' id='word_1_136' title='bbox 1921 1781 2074 1838; x_wconf 90' lang='lat' dir='ltr'><strong>Unde</strong></span> 
     </span>
    </p>
   </div>
   <div class='ocr_carea' id='block_1_17' title="bbox 482 1873 2072 1949">
    <p class='ocr_par' dir='ltr' id='par_1_17' title="bbox 482 1873 2072 1949">
     <span class='ocr_line' id='line_1_17' title="bbox 482 1873 2072 1949; baseline -0.009 -10"><span class='ocrx_word' id='word_1_137' title='bbox 482 1883 667 1947; x_wconf 90' lang='lat' dir='ltr'><strong>David,</strong></span> <span class='ocrx_word' id='word_1_138' title='bbox 693 1898 812 1938; x_wconf 91' lang='lat' dir='ltr'><strong>cum</strong></span> <span class='ocrx_word' id='word_1_139' title='bbox 838 1882 976 1935; x_wconf 86' lang='lat' dir='ltr'><strong>tilias</strong></span> <span class='ocrx_word' id='word_1_140' title='bbox 994 1895 1114 1935; x_wconf 90' lang='lat' dir='ltr'><strong>eum</strong></span> <span class='ocrx_word' id='word_1_141' title='bbox 1139 1886 1566 1949; x_wconf 87' lang='lat' dir='ltr'><strong>persequeretur,</strong></span> <span class='ocrx_word' id='word_1_142' title='bbox 1585 1882 1639 1929; x_wconf 91' lang='lat' dir='ltr'><strong>et</strong></span> <span class='ocrx_word' id='word_1_143' title='bbox 1659 1882 1875 1944; x_wconf 88' lang='lat' dir='ltr'><strong>propter</strong></span> <span class='ocrx_word' id='word_1_144' title='bbox 1900 1873 2072 1943; x_wconf 88' lang='lat' dir='ltr'><strong>ipsum</strong></span> 
     </span>
    </p>
   </div>
   <div class='ocr_carea' id='block_1_18' title="bbox 476 1963 2074 2036">
    <p class='ocr_par' dir='ltr' id='par_1_18' title="bbox 476 1963 2074 2036">
     <span class='ocr_line' id='line_1_18' title="bbox 476 1963 2074 2036; baseline -0.009 -6"><span class='ocrx_word' id='word_1_145' title='bbox 476 1975 653 2030; x_wconf 86' lang='lat' dir='ltr'><strong>Semei</strong></span> <span class='ocrx_word' id='word_1_146' title='bbox 682 1989 804 2028; x_wconf 91' lang='lat' dir='ltr'><strong>cum</strong></span> <span class='ocrx_word' id='word_1_147' title='bbox 847 1971 1143 2027; x_wconf 82' lang='lat' dir='ltr'><strong>maledictis</strong></span> <span class='ocrx_word' id='word_1_148' title='bbox 1181 1970 1551 2032; x_wconf 88' lang='lat' dir='ltr'><strong>insectaretur,</strong></span> <span class='ocrx_word' id='word_1_149' title='bbox 1582 1967 1698 2036; x_wconf 90' lang='lat' dir='ltr'><strong>ipse</strong></span> <span class='ocrx_word' id='word_1_150' title='bbox 1733 1963 1948 2036; x_wconf 90' lang='lat' dir='ltr'><strong>quidem</strong></span> <span class='ocrx_word' id='word_1_151' title='bbox 1975 1979 2074 2034; x_wconf 85' lang='lat' dir='ltr'><strong>pa-</strong></span> 
     </span>
    </p>
   </div>
   <div class='ocr_carea' id='block_1_19' title="bbox 479 2055 2074 2132">
    <p class='ocr_par' dir='ltr' id='par_1_19' title="bbox 479 2055 2074 2132">
     <span class='ocr_line' id='line_1_19' title="bbox 479 2055 2074 2132; baseline -0.007 -13"><span class='ocrx_word' id='word_1_152' title='bbox 479 2066 661 2121; x_wconf 85' lang='lat' dir='ltr'><strong>tientia</strong></span> <span class='ocrx_word' id='word_1_153' title='bbox 705 2079 832 2119; x_wconf 89' lang='lat' dir='ltr'><strong>usus</strong></span> <span class='ocrx_word' id='word_1_154' title='bbox 859 2071 942 2118; x_wconf 90' lang='lat' dir='ltr'><strong>est</strong></span> <span class='ocrx_word' id='word_1_155' title='bbox 969 2064 986 2132; x_wconf 95' lang='lat'><strong>(</strong></span> <span class='ocrx_word' id='word_1_156' title='bbox 1011 2062 1064 2116; x_wconf 73' lang='lat'><strong>2.</strong></span> <span class='ocrx_word' id='word_1_157' title='bbox 1099 2061 1220 2131; x_wconf 81' lang='lat' dir='ltr'><strong>Reg.</strong></span> <span class='ocrx_word' id='word_1_158' title='bbox 1252 2059 1361 2129; x_wconf 76' lang='lat' dir='ltr'><strong>i6)</strong></span> <span class='ocrx_word' id='word_1_159' title='bbox 1387 2077 1399 2111; x_wconf 89' lang='lat'>:</span> <span class='ocrx_word' id='word_1_160' title='bbox 1431 2057 1682 2129; x_wconf 89' lang='lat' dir='ltr'><strong>quoniam</strong></span> <span class='ocrx_word' id='word_1_161' title='bbox 1713 2065 1891 2111; x_wconf 90' lang='lat' dir='ltr'><strong>autem</strong></span> <span class='ocrx_word' id='word_1_162' title='bbox 1921 2055 2074 2109; x_wconf 91' lang='lat' dir='ltr'><strong>multi</strong></span> 
     </span>
    </p>
   </div>
   <div class='ocr_carea' id='block_1_20' title="bbox 467 2147 2074 2218">
    <p class='ocr_par' dir='ltr' id='par_1_20' title="bbox 467 2147 2074 2218">
     <span class='ocr_line' id='line_1_20' title="bbox 467 2147 2074 2218; baseline -0.006 -9"><span class='ocrx_word' id='word_1_163' title='bbox 467 2157 740 2211; x_wconf 73' lang='lat' dir='ltr'><strong>adversus</strong></span> <span class='ocrx_word' id='word_1_164' title='bbox 763 2171 884 2210; x_wconf 90' lang='lat' dir='ltr'><strong>enm</strong></span> <span class='ocrx_word' id='word_1_165' title='bbox 912 2151 1338 2215; x_wconf 76' lang='lat' dir='ltr'><strong>oll‘endebantur,</strong></span> <span class='ocrx_word' id='word_1_166' title='bbox 1367 2158 1421 2206; x_wconf 91' lang='lat' dir='ltr'><strong>et</strong></span> <span class='ocrx_word' id='word_1_167' title='bbox 1449 2149 1680 2204; x_wconf 78' lang='lat' dir='ltr'><strong>maxime</strong></span> <span class='ocrx_word' id='word_1_168' title='bbox 1705 2147 1796 2218; x_wconf 89' lang='lat' dir='ltr'><strong>qui</strong></span> <span class='ocrx_word' id='word_1_169' title='bbox 1822 2161 1928 2202; x_wconf 88' lang='lat' dir='ltr'><strong>una</strong></span> <span class='ocrx_word' id='word_1_170' title='bbox 1953 2161 2074 2200; x_wconf 92' lang='lat' dir='ltr'><strong>cum</strong></span> 
     </span>
    </p>
   </div>
   <div class='ocr_carea' id='block_1_21' title="bbox 480 2236 2075 2314">
    <p class='ocr_par' dir='ltr' id='par_1_21' title="bbox 480 2236 2075 2314">
     <span class='ocr_line' id='line_1_21' title="bbox 480 2236 2075 2314; baseline -0.007 -14"><span class='ocrx_word' id='word_1_171' title='bbox 480 2247 748 2301; x_wconf 81' lang='lat' dir='ltr'><strong>Absaloue</strong></span> <span class='ocrx_word' id='word_1_172' title='bbox 774 2243 1118 2314; x_wconf 83' lang='lat' dir='ltr'><strong>insurgebant</strong></span> <span class='ocrx_word' id='word_1_173' title='bbox 1141 2282 1156 2306; x_wconf 93' lang='lat'><strong>,</strong></span> <span class='ocrx_word' id='word_1_174' title='bbox 1185 2251 1238 2296; x_wconf 87' lang='lat' dir='ltr'><strong>et</strong></span> <span class='ocrx_word' id='word_1_175' title='bbox 1264 2239 1516 2306; x_wconf 85' lang='lat' dir='ltr'><strong>deinceps</strong></span> <span class='ocrx_word' id='word_1_176' title='bbox 1540 2238 1800 2293; x_wconf 84' lang='lat' dir='ltr'><strong>adversus</strong></span> <span class='ocrx_word' id='word_1_177' title='bbox 1825 2251 1946 2292; x_wconf 88' lang='lat' dir='ltr'><strong>cum</strong></span> <span class='ocrx_word' id='word_1_178' title='bbox 1972 2236 2075 2290; x_wconf 90' lang='lat' dir='ltr'><strong>eri-</strong></span> 
     </span>
    </p>
   </div>
   <div class='ocr_carea' id='block_1_22' title="bbox 480 2328 2070 2407">
    <p class='ocr_par' dir='ltr' id='par_1_22' title="bbox 480 2328 2070 2407">
     <span class='ocr_line' id='line_1_22' title="bbox 480 2328 2070 2407; baseline -0.007 -17"><span class='ocrx_word' id='word_1_179' title='bbox 480 2339 742 2407; x_wconf 84' lang='lat' dir='ltr'><strong>gebantur</strong></span> <span class='ocrx_word' id='word_1_180' title='bbox 792 2345 1062 2404; x_wconf 83' lang='lat' dir='ltr'><strong>tamquam</strong></span> <span class='ocrx_word' id='word_1_181' title='bbox 1110 2332 1288 2386; x_wconf 90' lang='lat' dir='ltr'><strong>divina</strong></span> <span class='ocrx_word' id='word_1_182' title='bbox 1342 2329 1674 2399; x_wconf 89' lang='lat' dir='ltr'><strong>providentia</strong></span> <span class='ocrx_word' id='word_1_183' title='bbox 1719 2328 2070 2390; x_wconf 87' lang='lat' dir='ltr'><strong>destitutum,</strong></span> 
     </span>
    </p>
   </div>
   <div class='ocr_carea' id='block_1_23' title="bbox 480 2421 2076 2491">
    <p class='ocr_par' dir='ltr' id='par_1_23' title="bbox 480 2421 2076 2491">
     <span class='ocr_line' id='line_1_23' title="bbox 480 2421 2076 2491; baseline -0.007 -6"><span class='ocrx_word' id='word_1_184' title='bbox 480 2431 720 2485; x_wconf 82' lang='lat' dir='ltr'><strong>dicentes</strong></span> <span class='ocrx_word' id='word_1_185' title='bbox 746 2446 758 2482; x_wconf 91' lang='lat'><strong>:</strong></span> <span class='ocrx_word' id='word_1_186' title='bbox 786 2429 1036 2482; x_wconf 81' lang='lat' dir='ltr'><strong>Desertus</strong></span> <span class='ocrx_word' id='word_1_187' title='bbox 1059 2440 1197 2479; x_wconf 90' lang='lat' dir='ltr'><strong>nunc</strong></span> <span class='ocrx_word' id='word_1_188' title='bbox 1227 2424 1388 2478; x_wconf 81' lang='lat' dir='ltr'><strong>David</strong></span> <span class='ocrx_word' id='word_1_189' title='bbox 1415 2423 1616 2491; x_wconf 86' lang='lat' dir='ltr'><strong>absque</strong></span> <span class='ocrx_word' id='word_1_190' title='bbox 1637 2421 1838 2475; x_wconf 89' lang='lat' dir='ltr'><strong>auxilio</strong></span> <span class='ocrx_word' id='word_1_191' title='bbox 1867 2421 2076 2490; x_wconf 89' lang='lat' dir='ltr'><strong>penitus</strong></span> 
     </span>
    </p>
   </div>
   <div class='ocr_carea' id='block_1_24' title="bbox 481 2510 2074 2584">
    <p class='ocr_par' dir='ltr' id='par_1_24' title="bbox 481 2510 2074 2584">
     <span class='ocr_line' id='line_1_24' title="bbox 481 2510 2074 2584; baseline -0.008 -8"><span class='ocrx_word' id='word_1_192' title='bbox 481 2533 592 2584; x_wconf 90' lang='lat' dir='ltr'><strong>est,</strong></span> <span class='ocrx_word' id='word_1_193' title='bbox 634 2534 774 2576; x_wconf 87' lang='lat' dir='ltr'><strong>nunc</strong></span> <span class='ocrx_word' id='word_1_194' title='bbox 801 2519 1044 2573; x_wconf 68' lang='lat' dir='ltr'><strong>discessit</strong></span> <span class='ocrx_word' id='word_1_195' title='bbox 1071 2517 1139 2571; x_wconf 87' lang='lat' dir='ltr'><strong>ab</strong></span> <span class='ocrx_word' id='word_1_196' title='bbox 1167 2531 1232 2571; x_wconf 91' lang='lat' dir='ltr'><strong>eo</strong></span> <span class='ocrx_word' id='word_1_197' title='bbox 1259 2516 1397 2570; x_wconf 86' lang='lat' dir='ltr'><strong>Deus</strong></span> <span class='ocrx_word' id='word_1_198' title='bbox 1419 2557 1433 2581; x_wconf 95' lang='lat'><strong>,</strong></span> <span class='ocrx_word' id='word_1_199' title='bbox 1465 2523 1522 2568; x_wconf 92' lang='lat' dir='ltr'><strong>ut</strong></span> <span class='ocrx_word' id='word_1_200' title='bbox 1548 2513 1706 2566; x_wconf 91' lang='lat' dir='ltr'><strong>etiam</strong></span> <span class='ocrx_word' id='word_1_201' title='bbox 1735 2510 2020 2581; x_wconf 84' lang='lat' dir='ltr'><strong>aliquando</strong></span> <span class='ocrx_word' id='word_1_202' title='bbox 2045 2526 2074 2564; x_wconf 92' lang='lat' dir='ltr'><strong>a</strong></span> 
     </span>
    </p>
   </div>
   <div class='ocr_carea' id='block_1_25' title="bbox 481 2604 2073 2683">
    <p class='ocr_par' dir='ltr' id='par_1_25' title="bbox 481 2604 2073 2683">
     <span class='ocr_line' id='line_1_25' title="bbox 481 2604 2073 2683; baseline -0.008 -14"><span class='ocrx_word' id='word_1_203' title='bbox 481 2614 642 2669; x_wconf 76' lang='lat' dir='ltr'><strong>Saule</strong></span> <span class='ocrx_word' id='word_1_204' title='bbox 669 2630 684 2679; x_wconf 87' lang='lat'>;</span> <span class='ocrx_word' id='word_1_205' title='bbox 711 2611 1156 2683; x_wconf 78' lang='lat' dir='ltr'><strong>quemadmodum</strong></span> <span class='ocrx_word' id='word_1_206' title='bbox 1196 2610 1338 2664; x_wconf 86' lang='lat' dir='ltr'><strong>enim</strong></span> <span class='ocrx_word' id='word_1_207' title='bbox 1371 2617 1496 2662; x_wconf 87' lang='lat' dir='ltr'><strong>tunc</strong></span> <span class='ocrx_word' id='word_1_208' title='bbox 1531 2605 1775 2662; x_wconf 86' lang='lat' dir='ltr'><strong>discessit</strong></span> <span class='ocrx_word' id='word_1_209' title='bbox 1807 2622 1837 2660; x_wconf 87' lang='lat' dir='ltr'><strong>a</strong></span> <span class='ocrx_word' id='word_1_210' title='bbox 1875 2604 2034 2660; x_wconf 75' lang='lat' dir='ltr'><strong>Saitle</strong></span> <span class='ocrx_word' id='word_1_211' title='bbox 2059 2647 2073 2668; x_wconf 91' lang='lat'><strong>,</strong></span> 
     </span>
    </p>
   </div>
   <div class='ocr_carea' id='block_1_26' title="bbox 482 2697 2078 2767">
    <p class='ocr_par' dir='ltr' id='par_1_26' title="bbox 482 2697 2078 2767">
     <span class='ocr_line' id='line_1_26' title="bbox 482 2697 2078 2767; baseline -0.006 -5"><span class='ocrx_word' id='word_1_212' title='bbox 482 2717 534 2762; x_wconf 89' lang='lat' dir='ltr'><strong>et</strong></span> <span class='ocrx_word' id='word_1_213' title='bbox 562 2705 658 2760; x_wconf 89' lang='lat' dir='ltr'><strong>fuit</strong></span> <span class='ocrx_word' id='word_1_214' title='bbox 683 2719 804 2760; x_wconf 91' lang='lat' dir='ltr'><strong>cum</strong></span> <span class='ocrx_word' id='word_1_215' title='bbox 843 2703 1038 2767; x_wconf 92' lang='lat' dir='ltr'><strong>David,</strong></span> <span class='ocrx_word' id='word_1_216' title='bbox 1073 2703 1142 2756; x_wconf 91' lang='lat' dir='ltr'><strong>ita</strong></span> <span class='ocrx_word' id='word_1_217' title='bbox 1171 2717 1312 2755; x_wconf 91' lang='lat' dir='ltr'><strong>nunc</strong></span> <span class='ocrx_word' id='word_1_218' title='bbox 1341 2701 1586 2755; x_wconf 87' lang='lat' dir='ltr'><strong>discessit</strong></span> <span class='ocrx_word' id='word_1_219' title='bbox 1619 2714 1650 2753; x_wconf 89' lang='lat' dir='ltr'><strong>a</strong></span> <span class='ocrx_word' id='word_1_220' title='bbox 1689 2697 1850 2753; x_wconf 85' lang='lat' dir='ltr'><strong>David</strong></span> <span class='ocrx_word' id='word_1_221' title='bbox 1871 2739 1884 2762; x_wconf 97' lang='lat'><strong>,</strong></span> <span class='ocrx_word' id='word_1_222' title='bbox 1916 2706 1970 2754; x_wconf 90' lang='lat' dir='ltr'><strong>et</strong></span> <span class='ocrx_word' id='word_1_223' title='bbox 1996 2707 2078 2753; x_wconf 88' lang='lat' dir='ltr'><strong>est</strong></span> 
     </span>
    </p>
   </div>
   <div class='ocr_carea' id='block_1_27' title="bbox 482 2793 2074 2866">
    <p class='ocr_par' dir='ltr' id='par_1_27' title="bbox 482 2793 2074 2866">
     <span class='ocr_line' id='line_1_27' title="bbox 482 2793 2074 2866; baseline -0.005 -12"><span class='ocrx_word' id='word_1_224' title='bbox 482 2816 604 2854; x_wconf 90' lang='lat' dir='ltr'><strong>cum</strong></span> <span class='ocrx_word' id='word_1_225' title='bbox 651 2798 917 2854; x_wconf 88' lang='lat' dir='ltr'><strong>Absaloue</strong></span> <span class='ocrx_word' id='word_1_226' title='bbox 947 2814 960 2852; x_wconf 90' lang='lat'>:</span> <span class='ocrx_word' id='word_1_227' title='bbox 992 2797 1329 2866; x_wconf 88' lang='lat' dir='ltr'><strong>insurgamus</strong></span> <span class='ocrx_word' id='word_1_228' title='bbox 1354 2835 1368 2859; x_wconf 93' lang='lat'><strong>,</strong></span> <span class='ocrx_word' id='word_1_229' title='bbox 1406 2793 1718 2848; x_wconf 88' lang='lat' dir='ltr'><strong>invadamus</strong></span> <span class='ocrx_word' id='word_1_230' title='bbox 1739 2834 1752 2858; x_wconf 87' lang='lat'><strong>,</strong></span> <span class='ocrx_word' id='word_1_231' title='bbox 1784 2808 1889 2846; x_wconf 89' lang='lat' dir='ltr'><strong>non</strong></span> <span class='ocrx_word' id='word_1_232' title='bbox 1919 2802 2001 2847; x_wconf 91' lang='lat' dir='ltr'><strong>est</strong></span> <span class='ocrx_word' id='word_1_233' title='bbox 2026 2794 2074 2848; x_wconf 90' lang='lat' dir='ltr'><strong>ei</strong></span> 
     </span>
    </p>
   </div>
   <div class='ocr_carea' id='block_1_28' title="bbox 481 2887 2076 2960">
    <p class='ocr_par' dir='ltr' id='par_1_28' title="bbox 481 2887 2076 2960">
     <span class='ocr_line' id='line_1_28' title="bbox 481 2887 2076 2960; baseline -0.003 -13"><span class='ocrx_word' id='word_1_234' title='bbox 481 2891 626 2947; x_wconf 82' lang='lat' dir='ltr'><strong>salus</strong></span> <span class='ocrx_word' id='word_1_235' title='bbox 657 2892 706 2945; x_wconf 91' lang='lat' dir='ltr'><strong>in</strong></span> <span class='ocrx_word' id='word_1_236' title='bbox 735 2891 843 2944; x_wconf 90' lang='lat' dir='ltr'><strong>Deo</strong></span> <span class='ocrx_word' id='word_1_237' title='bbox 872 2907 884 2943; x_wconf 93' lang='lat'>:</span> <span class='ocrx_word' id='word_1_238' title='bbox 914 2890 1200 2960; x_wconf 90' lang='lat' dir='ltr'><strong>quoniam,</strong></span> <span class='ocrx_word' id='word_1_239' title='bbox 1230 2889 1443 2958; x_wconf 86' lang='lat' dir='ltr'><strong>inquam</strong></span> <span class='ocrx_word' id='word_1_240' title='bbox 1465 2927 1480 2954; x_wconf 94' lang='lat'><strong>,</strong></span> <span class='ocrx_word' id='word_1_241' title='bbox 1507 2887 1624 2943; x_wconf 57' lang='lat' dir='ltr'><strong>hinc</strong></span> <span class='ocrx_word' id='word_1_242' title='bbox 1647 2887 1928 2953; x_wconf 88' lang='lat' dir='ltr'><strong>dicebant,</strong></span> <span class='ocrx_word' id='word_1_243' title='bbox 1961 2887 2076 2942; x_wconf 85' lang='lat' dir='ltr'><strong>hac</strong></span> 
     </span>
    </p>
   </div>
   <div class='ocr_carea' id='block_1_29' title="bbox 486 2979 2075 3054">
    <p class='ocr_par' dir='ltr' id='par_1_29' title="bbox 486 2979 2075 3054">
     <span class='ocr_line' id='line_1_29' title="bbox 486 2979 2075 3054; baseline -0.002 -17"><span class='ocrx_word' id='word_1_244' title='bbox 486 2983 752 3054; x_wconf 80' lang='lat' dir='ltr'><strong>indignius</strong></span> <span class='ocrx_word' id='word_1_245' title='bbox 779 2981 957 3037; x_wconf 85' lang='lat' dir='ltr'><strong>ferens</strong></span> <span class='ocrx_word' id='word_1_246' title='bbox 986 2981 1169 3044; x_wconf 88' lang='lat' dir='ltr'><strong>David,</strong></span> <span class='ocrx_word' id='word_1_247' title='bbox 1203 2997 1360 3049; x_wconf 89' lang='lat' dir='ltr'><strong>quam</strong></span> <span class='ocrx_word' id='word_1_248' title='bbox 1391 2980 1483 3034; x_wconf 81' lang='lat' dir='ltr'><strong>lilii</strong></span> <span class='ocrx_word' id='word_1_249' title='bbox 1520 2980 1766 3047; x_wconf 91' lang='lat' dir='ltr'><strong>insultus,</strong></span> <span class='ocrx_word' id='word_1_250' title='bbox 1796 2979 1962 3035; x_wconf 90' lang='lat' dir='ltr'><strong>Deum</strong></span> <span class='ocrx_word' id='word_1_251' title='bbox 1991 2979 2075 3034; x_wconf 95' lang='lat' dir='ltr'><strong>in-</strong></span> 
     </span>
    </p>
   </div>
   <div class='ocr_carea' id='block_1_30' title="bbox 484 3072 2077 3146">
    <p class='ocr_par' dir='ltr' id='par_1_30' title="bbox 484 3072 2077 3146">
     <span class='ocr_line' id='line_1_30' title="bbox 484 3072 2077 3146; baseline -0.004 -14"><span class='ocrx_word' id='word_1_252' title='bbox 484 3086 715 3146; x_wconf 79' lang='lat' dir='ltr'><strong>terrogat</strong></span> <span class='ocrx_word' id='word_1_253' title='bbox 739 3093 750 3128; x_wconf 90' lang='lat'><strong>:</strong></span> <span class='ocrx_word' id='word_1_254' title='bbox 774 3074 826 3128; x_wconf 70' lang='lat'><strong>2.</strong></span> <span class='ocrx_word' id='word_1_255' title='bbox 856 3073 1091 3139; x_wconf 84' lang='lat' dir='ltr'><strong>Domine,</strong></span> <span class='ocrx_word' id='word_1_256' title='bbox 1114 3073 1236 3143; x_wconf 85' lang='lat' dir='ltr'><strong>quid</strong></span> <span class='ocrx_word' id='word_1_257' title='bbox 1257 3073 1578 3143; x_wconf 84' lang='lat' dir='ltr'><strong>multiplicati</strong></span> <span class='ocrx_word' id='word_1_258' title='bbox 1597 3081 1713 3126; x_wconf 83' lang='lat' dir='ltr'><strong>sunt</strong></span> <span class='ocrx_word' id='word_1_259' title='bbox 1733 3073 1817 3143; x_wconf 85' lang='lat' dir='ltr'><strong>qui</strong></span> <span class='ocrx_word' id='word_1_260' title='bbox 1837 3072 2077 3126; x_wconf 87' lang='lat' dir='ltr'><strong>tribulant</strong></span> 
     </span>
    </p>
   </div>
   <div class='ocr_carea' id='block_1_31' title="bbox 486 3160 2075 3235">
    <p class='ocr_par' dir='ltr' id='par_1_31' title="bbox 486 3160 2075 3235">
     <span class='ocr_line' id='line_1_31' title="bbox 486 3160 2075 3235; baseline -0.002 -16"><span class='ocrx_word' id='word_1_261' title='bbox 486 3167 604 3221; x_wconf 79' lang='lat' dir='ltr'><strong>me?</strong></span> <span class='ocrx_word' id='word_1_262' title='bbox 626 3166 1024 3235; x_wconf 67' lang='lat' dir='ltr'><strong>Ciremnseptus</strong></span> <span class='ocrx_word' id='word_1_263' title='bbox 1053 3179 1170 3218; x_wconf 90' lang='lat' dir='ltr'><strong>sum</strong></span> <span class='ocrx_word' id='word_1_264' title='bbox 1201 3164 1601 3228; x_wconf 86' lang='lat' dir='ltr'><strong>tentationibus,</strong></span> <span class='ocrx_word' id='word_1_265' title='bbox 1633 3160 1937 3218; x_wconf 62' lang='lat' dir='ltr'><strong>circumdor</strong></span> <span class='ocrx_word' id='word_1_266' title='bbox 1964 3173 2075 3217; x_wconf 90' lang='lat' dir='ltr'><strong>tor-</strong></span> 
     </span>
    </p>
   </div>
   <div class='ocr_carea' id='block_1_32' title="bbox 485 3254 2078 3326">
    <p class='ocr_par' dir='ltr' id='par_1_32' title="bbox 485 3254 2078 3326">
     <span class='ocr_line' id='line_1_32' title="bbox 485 3254 2078 3326; baseline -0.001 -15"><span class='ocrx_word' id='word_1_267' title='bbox 485 3257 724 3313; x_wconf 85' lang='lat' dir='ltr'><strong>rentibus</strong></span> <span class='ocrx_word' id='word_1_268' title='bbox 752 3257 1035 3319; x_wconf 88' lang='lat' dir='ltr'><strong>malorum,</strong></span> <span class='ocrx_word' id='word_1_269' title='bbox 1060 3254 1336 3309; x_wconf 88' lang='lat' dir='ltr'><strong>descendit</strong></span> <span class='ocrx_word' id='word_1_270' title='bbox 1365 3255 1660 3324; x_wconf 87' lang='lat' dir='ltr'><strong>periculosa</strong></span> <span class='ocrx_word' id='word_1_271' title='bbox 1694 3256 1889 3326; x_wconf 86' lang='lat' dir='ltr'><strong>pluvia,</strong></span> <span class='ocrx_word' id='word_1_272' title='bbox 1919 3271 2078 3310; x_wconf 90' lang='lat' dir='ltr'><strong>vene-</strong></span> 
     </span>
    </p>
   </div>
   <div class='ocr_carea' id='block_1_33' title="bbox 484 3347 2076 3418">
    <p class='ocr_par' dir='ltr' id='par_1_33' title="bbox 484 3347 2076 3418">
     <span class='ocr_line' id='line_1_33' title="bbox 484 3347 2076 3418; baseline 0.001 -16"><span class='ocrx_word' id='word_1_273' title='bbox 484 3356 610 3403; x_wconf 88' lang='lat' dir='ltr'><strong>runt</strong></span> <span class='ocrx_word' id='word_1_274' title='bbox 653 3347 870 3402; x_wconf 83' lang='lat' dir='ltr'><strong>ﬁumina</strong></span> <span class='ocrx_word' id='word_1_275' title='bbox 912 3348 1180 3414; x_wconf 85' lang='lat' dir='ltr'><strong>hostium,</strong></span> <span class='ocrx_word' id='word_1_276' title='bbox 1217 3347 1362 3401; x_wconf 74' lang='lat' dir='ltr'><strong>Venti</strong></span> <span class='ocrx_word' id='word_1_277' title='bbox 1408 3347 1758 3417; x_wconf 81' lang='lat' dir='ltr'><strong>malignorum</strong></span> <span class='ocrx_word' id='word_1_278' title='bbox 1797 3349 2076 3418; x_wconf 92' lang='lat' dir='ltr'><strong>spirituum</strong></span> 
     </span>
    </p>
   </div>
   <div class='ocr_carea' id='block_1_34' title="bbox 487 3440 2079 3511">
    <p class='ocr_par' dir='ltr' id='par_1_34' title="bbox 487 3440 2079 3511">
     <span class='ocr_line' id='line_1_34' title="bbox 487 3440 2079 3511; baseline 0.002 -15"><span class='ocrx_word' id='word_1_279' title='bbox 487 3440 859 3506; x_wconf 83' lang='lat' dir='ltr'><strong>insumarunt,</strong></span> <span class='ocrx_word' id='word_1_280' title='bbox 889 3441 940 3494; x_wconf 93' lang='lat' dir='ltr'><strong>in</strong></span> <span class='ocrx_word' id='word_1_281' title='bbox 986 3455 1159 3494; x_wconf 89' lang='lat' dir='ltr'><strong>meam</strong></span> <span class='ocrx_word' id='word_1_282' title='bbox 1196 3440 1413 3494; x_wconf 91' lang='lat' dir='ltr'><strong>domum</strong></span> <span class='ocrx_word' id='word_1_283' title='bbox 1463 3444 1800 3511; x_wconf 87' lang='lat' dir='ltr'><strong>irruperunt,</strong></span> <span class='ocrx_word' id='word_1_284' title='bbox 1844 3445 2079 3499; x_wconf 89' lang='lat' dir='ltr'><strong>volentes</strong></span> 
     </span>
    </p>
   </div>
   <div class='ocr_carea' id='block_1_35' title="bbox 484 3531 2079 3606">
    <p class='ocr_par' dir='ltr' id='par_1_35' title="bbox 484 3531 2079 3606">
     <span class='ocr_line' id='line_1_35' title="bbox 484 3531 2079 3606; baseline 0.002 -20"><span class='ocrx_word' id='word_1_285' title='bbox 484 3532 716 3587; x_wconf 82' lang='lat' dir='ltr'><strong>animam</strong></span> <span class='ocrx_word' id='word_1_286' title='bbox 746 3547 917 3586; x_wconf 90' lang='lat' dir='ltr'><strong>meam</strong></span> <span class='ocrx_word' id='word_1_287' title='bbox 947 3547 976 3585; x_wconf 89' lang='lat' dir='ltr'><strong>a</strong></span> <span class='ocrx_word' id='word_1_288' title='bbox 1004 3543 1055 3586; x_wconf 90' lang='lat' dir='ltr'><strong>te</strong></span> <span class='ocrx_word' id='word_1_289' title='bbox 1080 3531 1374 3600; x_wconf 89' lang='lat' dir='ltr'><strong>dimovere,</strong></span> <span class='ocrx_word' id='word_1_290' title='bbox 1403 3533 1497 3587; x_wconf 91' lang='lat' dir='ltr'><strong>sed</strong></span> <span class='ocrx_word' id='word_1_291' title='bbox 1523 3531 1778 3588; x_wconf 83' lang='lat' dir='ltr'><strong>fundatus</strong></span> <span class='ocrx_word' id='word_1_292' title='bbox 1802 3550 1962 3605; x_wconf 87' lang='lat' dir='ltr'><strong>supra</strong></span> <span class='ocrx_word' id='word_1_293' title='bbox 1986 3552 2079 3606; x_wconf 86' lang='lat' dir='ltr'><strong>pe-</strong></span> 
     </span>
    </p>
   </div>
   <div class='ocr_carea' id='block_1_36' title="bbox 485 3625 2078 3694">
    <p class='ocr_par' dir='ltr' id='par_1_36' title="bbox 485 3625 2078 3694">
     <span class='ocr_line' id='line_1_36' title="bbox 485 3625 2078 3694; baseline 0.002 -16"><span class='ocrx_word' id='word_1_294' title='bbox 485 3637 622 3680; x_wconf 88' lang='lat' dir='ltr'><strong>tram</strong></span> <span class='ocrx_word' id='word_1_295' title='bbox 654 3625 797 3690; x_wconf 89' lang='lat' dir='ltr'><strong>ﬁdei,</strong></span> <span class='ocrx_word' id='word_1_296' title='bbox 827 3640 932 3680; x_wconf 91' lang='lat' dir='ltr'><strong>non</strong></span> <span class='ocrx_word' id='word_1_297' title='bbox 960 3625 1115 3690; x_wconf 89' lang='lat' dir='ltr'><strong>cado,</strong></span> <span class='ocrx_word' id='word_1_298' title='bbox 1145 3625 1238 3680; x_wconf 87' lang='lat' dir='ltr'><strong>sed</strong></span> <span class='ocrx_word' id='word_1_299' title='bbox 1271 3627 1582 3694; x_wconf 90' lang='lat' dir='ltr'><strong>procumbo,</strong></span> <span class='ocrx_word' id='word_1_300' title='bbox 1613 3637 1670 3681; x_wconf 94' lang='lat' dir='ltr'><strong>ut</strong></span> <span class='ocrx_word' id='word_1_301' title='bbox 1696 3627 1897 3682; x_wconf 88' lang='lat' dir='ltr'><strong>discam</strong></span> <span class='ocrx_word' id='word_1_302' title='bbox 1928 3646 1941 3682; x_wconf 90' lang='lat'>:</span> <span class='ocrx_word' id='word_1_303' title='bbox 1972 3628 2078 3681; x_wconf 87' lang='lat' dir='ltr'><strong>Do-</strong></span> 
     </span>
    </p>
   </div>
   <div class='ocr_carea' id='block_1_37' title="bbox 485 3717 2074 3787">
    <p class='ocr_par' dir='ltr' id='par_1_37' title="bbox 485 3717 2074 3787">
     <span class='ocr_line' id='line_1_37' title="bbox 485 3717 2074 3787; baseline 0.003 -18"><span class='ocrx_word' id='word_1_304' title='bbox 485 3719 648 3783; x_wconf 88' lang='lat' dir='ltr'><strong>mine,</strong></span> <span class='ocrx_word' id='word_1_305' title='bbox 672 3718 793 3786; x_wconf 85' lang='lat' dir='ltr'><strong>quid</strong></span> <span class='ocrx_word' id='word_1_306' title='bbox 830 3717 1150 3787; x_wconf 82' lang='lat' dir='ltr'><strong>multiplicati</strong></span> <span class='ocrx_word' id='word_1_307' title='bbox 1181 3726 1296 3770; x_wconf 86' lang='lat' dir='ltr'><strong>sunt</strong></span> <span class='ocrx_word' id='word_1_308' title='bbox 1333 3718 1419 3786; x_wconf 78' lang='lat' dir='ltr'><strong>qui</strong></span> <span class='ocrx_word' id='word_1_309' title='bbox 1463 3717 1702 3772; x_wconf 78' lang='lat' dir='ltr'><strong>tribulam</strong></span> <span class='ocrx_word' id='word_1_310' title='bbox 1742 3719 1855 3772; x_wconf 88' lang='lat' dir='ltr'><strong>me?</strong></span> <span class='ocrx_word' id='word_1_311' title='bbox 1880 3718 1978 3787; x_wconf 87' lang='lat' dir='ltr'><strong>Qui</strong></span> <span class='ocrx_word' id='word_1_312' title='bbox 2005 3735 2074 3775; x_wconf 85' lang='lat' dir='ltr'><strong>ex</strong></span> 
     </span>
    </p>
   </div>
   <div class='ocr_carea' id='block_1_38' title="bbox 485 3809 2076 3881">
    <p class='ocr_par' dir='ltr' id='par_1_38' title="bbox 485 3809 2076 3881">
     <span class='ocr_line' id='line_1_38' title="bbox 485 3809 2076 3881; baseline 0.001 -16"><span class='ocrx_word' id='word_1_313' title='bbox 485 3827 570 3866; x_wconf 87' lang='lat' dir='ltr'><strong>me</strong></span> <span class='ocrx_word' id='word_1_314' title='bbox 596 3811 804 3880; x_wconf 87' lang='lat' dir='ltr'><strong>genitus</strong></span> <span class='ocrx_word' id='word_1_315' title='bbox 829 3819 930 3876; x_wconf 89' lang='lat' dir='ltr'><strong>est,</strong></span> <span class='ocrx_word' id='word_1_316' title='bbox 955 3817 1143 3865; x_wconf 89' lang='lat' dir='ltr'><strong>contra</strong></span> <span class='ocrx_word' id='word_1_317' title='bbox 1170 3827 1254 3864; x_wconf 90' lang='lat' dir='ltr'><strong>me</strong></span> <span class='ocrx_word' id='word_1_318' title='bbox 1280 3819 1382 3876; x_wconf 72' lang='lat' dir='ltr'><strong>Bst,</strong></span> <span class='ocrx_word' id='word_1_319' title='bbox 1413 3809 1507 3866; x_wconf 91' lang='lat' dir='ltr'><strong>sed</strong></span> <span class='ocrx_word' id='word_1_320' title='bbox 1540 3819 1593 3865; x_wconf 92' lang='lat' dir='ltr'><strong>tu</strong></span> <span class='ocrx_word' id='word_1_321' title='bbox 1622 3824 1681 3866; x_wconf 90' lang='lat' dir='ltr'><strong>es</strong></span> <span class='ocrx_word' id='word_1_322' title='bbox 1707 3825 1801 3881; x_wconf 92' lang='lat' dir='ltr'><strong>pro</strong></span> <span class='ocrx_word' id='word_1_323' title='bbox 1827 3827 1932 3867; x_wconf 92' lang='lat' dir='ltr'><strong>me.</strong></span> <span class='ocrx_word' id='word_1_324' title='bbox 1963 3812 2076 3868; x_wconf 85' lang='lat' dir='ltr'><strong>Mea</strong></span> 
     </span>
    </p>
   </div>
   <div class='ocr_carea' id='block_1_39' title="bbox 484 3902 2079 3975">
    <p class='ocr_par' dir='ltr' id='par_1_39' title="bbox 484 3902 2079 3975">
     <span class='ocr_line' id='line_1_39' title="bbox 484 3902 2079 3975; baseline 0.001 -19"><span class='ocrx_word' id='word_1_325' title='bbox 484 3918 692 3957; x_wconf 78' lang='lat' dir='ltr'><strong>meeum</strong></span> <span class='ocrx_word' id='word_1_326' title='bbox 737 3902 944 3957; x_wconf 73' lang='lat' dir='ltr'><strong>vi:cera</strong></span> <span class='ocrx_word' id='word_1_327' title='bbox 989 3902 1183 3956; x_wconf 90' lang='lat' dir='ltr'><strong>bellum</strong></span> <span class='ocrx_word' id='word_1_328' title='bbox 1226 3912 1416 3972; x_wconf 82' lang='lat' dir='ltr'><strong>gerunt</strong></span> <span class='ocrx_word' id='word_1_329' title='bbox 1453 3920 1464 3956; x_wconf 93' lang='lat'><strong>:</strong></span> <span class='ocrx_word' id='word_1_330' title='bbox 1499 3917 1650 3958; x_wconf 90' lang='lat' dir='ltr'><strong>meus</strong></span> <span class='ocrx_word' id='word_1_331' title='bbox 1689 3905 1916 3974; x_wconf 89' lang='lat' dir='ltr'><strong>populus</strong></span> <span class='ocrx_word' id='word_1_332' title='bbox 1959 3915 2079 3975; x_wconf 91' lang='lat' dir='ltr'><strong>post</strong></span> 
     </span>
    </p>
   </div>
   <div class='ocr_carea' id='block_1_40' title="bbox 485 3993 2076 4054">
    <p class='ocr_par' dir='ltr' id='par_1_40' title="bbox 485 3993 2076 4054">
     <span class='ocr_line' id='line_1_40' title="bbox 485 3993 2076 4054; baseline 0.002 -7"><span class='ocrx_word' id='word_1_333' title='bbox 485 3993 828 4054; x_wconf 79' lang='lat' dir='ltr'><strong>Absalonem,</strong></span> <span class='ocrx_word' id='word_1_334' title='bbox 861 4008 1011 4046; x_wconf 90' lang='lat' dir='ltr'><strong>meus</strong></span> <span class='ocrx_word' id='word_1_335' title='bbox 1035 4000 1219 4046; x_wconf 89' lang='lat' dir='ltr'><strong>contra</strong></span> <span class='ocrx_word' id='word_1_336' title='bbox 1245 4007 1330 4046; x_wconf 92' lang='lat' dir='ltr'><strong>me</strong></span> <span class='ocrx_word' id='word_1_337' title='bbox 1358 4001 1597 4047; x_wconf 87' lang='lat' dir='ltr'><strong>armatur</strong></span> <span class='ocrx_word' id='word_1_338' title='bbox 1624 3997 1911 4052; x_wconf 86' lang='lat' dir='ltr'><strong>exercitus.</strong></span> <span class='ocrx_word' id='word_1_339' title='bbox 1937 3998 2076 4051; x_wconf 83' lang='lat' dir='ltr'><strong>Oves</strong></span> 
     </span>
    </p>
   </div>
   <div class='ocr_carea' id='block_1_41' title="bbox 489 4081 2078 4154">
    <p class='ocr_par' dir='ltr' id='par_1_41' title="bbox 489 4081 2078 4154">
     <span class='ocr_line' id='line_1_41' title="bbox 489 4081 2078 4154; baseline 0.001 -14"><span class='ocrx_word' id='word_1_340' title='bbox 489 4100 621 4140; x_wconf 77' lang='lat' dir='ltr'><strong>mea:</strong></span> <span class='ocrx_word' id='word_1_341' title='bbox 654 4084 766 4153; x_wconf 83' lang='lat' dir='ltr'><strong>lupi</strong></span> <span class='ocrx_word' id='word_1_342' title='bbox 811 4081 936 4137; x_wconf 85' lang='lat' dir='ltr'><strong>facti</strong></span> <span class='ocrx_word' id='word_1_343' title='bbox 976 4093 1128 4150; x_wconf 90' lang='lat' dir='ltr'><strong>sunt,</strong></span> <span class='ocrx_word' id='word_1_344' title='bbox 1160 4091 1216 4136; x_wconf 86' lang='lat' dir='ltr'><strong>et</strong></span> <span class='ocrx_word' id='word_1_345' title='bbox 1257 4082 1439 4138; x_wconf 89' lang='lat' dir='ltr'><strong>leones</strong></span> <span class='ocrx_word' id='word_1_346' title='bbox 1476 4085 1594 4154; x_wconf 80' lang='lat' dir='ltr'><strong>agni</strong></span> <span class='ocrx_word' id='word_1_347' title='bbox 1615 4127 1632 4152; x_wconf 93' lang='lat'><strong>,</strong></span> <span class='ocrx_word' id='word_1_348' title='bbox 1663 4093 1716 4140; x_wconf 91' lang='lat' dir='ltr'><strong>et</strong></span> <span class='ocrx_word' id='word_1_349' title='bbox 1742 4100 1902 4141; x_wconf 88' lang='lat' dir='ltr'><strong>canes</strong></span> <span class='ocrx_word' id='word_1_350' title='bbox 1931 4088 2078 4142; x_wconf 90' lang='lat' dir='ltr'><strong>rabie</strong></span> 
     </span>
    </p>
   </div>
   <div class='ocr_carea' id='block_1_42' title="bbox 490 4173 2076 4247">
    <p class='ocr_par' dir='ltr' id='par_1_42' title="bbox 490 4173 2076 4247">
     <span class='ocr_line' id='line_1_42' title="bbox 490 4173 2076 4247; baseline 0.001 -16"><span class='ocrx_word' id='word_1_351' title='bbox 490 4175 673 4247; x_wconf 82' lang='lat' dir='ltr'><strong>perciti</strong></span> <span class='ocrx_word' id='word_1_352' title='bbox 708 4173 900 4245; x_wconf 80' lang='lat' dir='ltr'><strong>agnelli</strong></span> <span class='ocrx_word' id='word_1_353' title='bbox 924 4215 938 4240; x_wconf 93' lang='lat'><strong>,</strong></span> <span class='ocrx_word' id='word_1_354' title='bbox 967 4183 1023 4229; x_wconf 91' lang='lat' dir='ltr'><strong>et</strong></span> <span class='ocrx_word' id='word_1_355' title='bbox 1061 4173 1197 4228; x_wconf 91' lang='lat' dir='ltr'><strong>tauri</strong></span> <span class='ocrx_word' id='word_1_356' title='bbox 1230 4189 1395 4229; x_wconf 89' lang='lat' dir='ltr'><strong>cornu</strong></span> <span class='ocrx_word' id='word_1_357' title='bbox 1435 4184 1676 4243; x_wconf 89' lang='lat' dir='ltr'><strong>petentes</strong></span> <span class='ocrx_word' id='word_1_358' title='bbox 1706 4177 1900 4231; x_wconf 89' lang='lat' dir='ltr'><strong>arietes</strong></span> <span class='ocrx_word' id='word_1_359' title='bbox 1929 4195 1942 4229; x_wconf 87' lang='lat'><strong>:</strong></span> <span class='ocrx_word' id='word_1_360' title='bbox 1971 4194 2076 4233; x_wconf 92' lang='lat' dir='ltr'><strong>non</strong></span> 
     </span>
    </p>
   </div>
   <div class='ocr_carea' id='block_1_43' title="bbox 488 4270 2078 4344">
    <p class='ocr_par' dir='ltr' id='par_1_43' title="bbox 488 4270 2078 4344">
     <span class='ocr_line' id='line_1_43' title="bbox 488 4270 2078 4344; baseline -0.001 -18"><span class='ocrx_word' id='word_1_361' title='bbox 488 4282 707 4344; x_wconf 87' lang='lat' dir='ltr'><strong>propter</strong></span> <span class='ocrx_word' id='word_1_362' title='bbox 733 4271 1003 4342; x_wconf 84' lang='lat' dir='ltr'><strong>meipsum</strong></span> <span class='ocrx_word' id='word_1_363' title='bbox 1042 4270 1246 4325; x_wconf 88' lang='lat' dir='ltr'><strong>afﬁcior</strong></span> <span class='ocrx_word' id='word_1_364' title='bbox 1281 4270 1490 4326; x_wconf 90' lang='lat' dir='ltr'><strong>tristitia</strong></span> <span class='ocrx_word' id='word_1_365' title='bbox 1512 4312 1528 4339; x_wconf 90' lang='lat'><strong>,</strong></span> <span class='ocrx_word' id='word_1_366' title='bbox 1557 4270 1650 4326; x_wconf 88' lang='lat' dir='ltr'><strong>sed</strong></span> <span class='ocrx_word' id='word_1_367' title='bbox 1683 4270 1896 4326; x_wconf 88' lang='lat' dir='ltr'><strong>illorum</strong></span> <span class='ocrx_word' id='word_1_368' title='bbox 1923 4272 2078 4326; x_wconf 89' lang='lat' dir='ltr'><strong>doleo</strong></span> 
     </span>
    </p>
   </div>
   <div class='ocr_carea' id='block_1_44' title="bbox 486 4363 774 4420">
    <p class='ocr_par' dir='ltr' id='par_1_44' title="bbox 486 4363 774 4420">
     <span class='ocr_line' id='line_1_44' title="bbox 486 4363 774 4420; baseline -0.014 0"><span class='ocrx_word' id='word_1_369' title='bbox 486 4363 709 4420; x_wconf 77' lang='lat' dir='ltr'><strong>exitium</strong></span> <span class='ocrx_word' id='word_1_370' title='bbox 729 4365 774 4416; x_wconf 85' lang='grc'><strong>⁴.</strong></span> 
     </span>
    </p>
   </div>
   <div class='ocr_carea' id='block_1_45' title="bbox 790 4453 1786 4512">
    <p class='ocr_par' dir='ltr' id='par_1_45' title="bbox 790 4453 1786 4512">
     <span class='ocr_line' id='line_1_45' title="bbox 790 4453 1786 4512; baseline -0.003 -1"><span class='ocrx_word' id='word_1_371' title='bbox 790 4453 1156 4512; x_wconf 71' lang='grc' dir='ltr'>ΕΧΡΟΞΙΤΙΟ</span> <span class='ocrx_word' id='word_1_372' title='bbox 1205 4453 1270 4509; x_wconf 89' lang='grc' dir='ltr'><strong>ΙΝ</strong></span> <span class='ocrx_word' id='word_1_373' title='bbox 1327 4453 1648 4510; x_wconf 77' lang='lat' dir='ltr'><strong>PSALMUM</strong></span> <span class='ocrx_word' id='word_1_374' title='bbox 1695 4453 1786 4508; x_wconf 81' lang='lat' dir='ltr'><strong>IV.</strong></span> 
     </span>
    </p>
   </div>
   <div class='ocr_carea' id='block_1_46' title="bbox 485 4545 2073 4618">
    <p class='ocr_par' dir='ltr' id='par_1_46' title="bbox 485 4545 2073 4618">
     <span class='ocr_line' id='line_1_46' title="bbox 485 4545 2073 4618; baseline 0.002 -19"><span class='ocrx_word' id='word_1_375' title='bbox 485 4549 610 4602; x_wconf 75' lang='lat' dir='ltr'><strong>Cum</strong></span> <span class='ocrx_word' id='word_1_376' title='bbox 629 4549 934 4612; x_wconf 73' lang='lat' dir='ltr'><strong>invocarem,</strong></span> <span class='ocrx_word' id='word_1_377' title='bbox 951 4547 1204 4601; x_wconf 69' lang='lat' dir='ltr'><strong>exaudivit</strong></span> <span class='ocrx_word' id='word_1_378' title='bbox 1224 4562 1302 4600; x_wconf 89' lang='lat' dir='ltr'><strong>me</strong></span> <span class='ocrx_word' id='word_1_379' title='bbox 1323 4545 1457 4600; x_wconf 87' lang='lat' dir='ltr'><strong>Deus</strong></span> <span class='ocrx_word' id='word_1_380' title='bbox 1473 4547 1690 4616; x_wconf 74' lang='lat' dir='ltr'><strong>justitia:</strong></span> <span class='ocrx_word' id='word_1_381' title='bbox 1713 4562 1838 4600; x_wconf 76' lang='lat' dir='ltr'><strong>mete</strong></span> <span class='ocrx_word' id='word_1_382' title='bbox 1853 4549 1874 4578; x_wconf 83' lang='grc'><em>³</em></span> <span class='ocrx_word' id='word_1_383' title='bbox 1899 4546 1969 4618; x_wconf 90' lang='lat' dir='ltr'><strong>(v.</strong></span> <span class='ocrx_word' id='word_1_384' title='bbox 1991 4548 2073 4618; x_wconf 72' lang='lat'><strong>2).</strong></span> 
     </span>
    </p>
   </div>
   <div class='ocr_carea' id='block_1_47' title="bbox 484 4637 2072 4709">
    <p class='ocr_par' dir='ltr' id='par_1_47' title="bbox 484 4637 2072 4709">
     <span class='ocr_line' id='line_1_47' title="bbox 484 4637 2072 4709; baseline 0 -15"><span class='ocrx_word' id='word_1_385' title='bbox 484 4665 489 4672; x_wconf 86' lang='lat'><strong>-</strong></span> <span class='ocrx_word' id='word_1_386' title='bbox 559 4643 609 4694; x_wconf 79' lang='lat' dir='ltr'><strong>l.</strong></span> <span class='ocrx_word' id='word_1_387' title='bbox 647 4638 894 4692; x_wconf 82' lang='lat' dir='ltr'><strong>Precandi</strong></span> <span class='ocrx_word' id='word_1_388' title='bbox 923 4653 1066 4692; x_wconf 87' lang='lat' dir='ltr'><strong>verus</strong></span> <span class='ocrx_word' id='word_1_389' title='bbox 1109 4637 1308 4691; x_wconf 87' lang='lat' dir='ltr'><strong>modus.</strong></span> <span class='ocrx_word' id='word_1_390' title='bbox 1337 4666 1409 4677; x_wconf 91' lang='grc'><strong>--</strong></span> <span class='ocrx_word' id='word_1_391' title='bbox 1444 4637 1557 4692; x_wconf 85' lang='lat' dir='ltr'><strong>Non</strong></span> <span class='ocrx_word' id='word_1_392' title='bbox 1606 4638 1720 4694; x_wconf 69' lang='lat' dir='ltr'><strong>hzec</strong></span> <span class='ocrx_word' id='word_1_393' title='bbox 1762 4637 1894 4694; x_wconf 93' lang='lat' dir='ltr'><strong>dicit</strong></span> <span class='ocrx_word' id='word_1_394' title='bbox 1943 4653 2072 4709; x_wconf 91' lang='lat' dir='ltr'><strong>pro-</strong></span> 
     </span>
    </p>
   </div>
   <div class='ocr_carea' id='block_1_48' title="bbox 488 4728 2070 4802">
    <p class='ocr_par' dir='ltr' id='par_1_48' title="bbox 488 4728 2070 4802">
     <span class='ocr_line' id='line_1_48' title="bbox 488 4728 2070 4802; baseline -0.001 -17"><span class='ocrx_word' id='word_1_395' title='bbox 488 4735 668 4802; x_wconf 87' lang='lat' dir='ltr'><strong>pheta,</strong></span> <span class='ocrx_word' id='word_1_396' title='bbox 709 4740 770 4786; x_wconf 90' lang='lat' dir='ltr'><strong>ut</strong></span> <span class='ocrx_word' id='word_1_397' title='bbox 805 4731 977 4785; x_wconf 89' lang='lat' dir='ltr'><strong>solum</strong></span> <span class='ocrx_word' id='word_1_398' title='bbox 1005 4729 1360 4800; x_wconf 82' lang='lat' dir='ltr'><strong>intelligamus</strong></span> <span class='ocrx_word' id='word_1_399' title='bbox 1387 4745 1508 4784; x_wconf 89' lang='lat' dir='ltr'><strong>eum</strong></span> <span class='ocrx_word' id='word_1_400' title='bbox 1529 4728 1695 4786; x_wconf 88' lang='lat' dir='ltr'><strong>fuisse</strong></span> <span class='ocrx_word' id='word_1_401' title='bbox 1720 4729 2031 4786; x_wconf 83' lang='lat' dir='ltr'><strong>exauditum</strong></span> <span class='ocrx_word' id='word_1_402' title='bbox 2057 4748 2070 4784; x_wconf 90' lang='lat'><strong>:</strong></span> 
     </span>
    </p>
   </div>
   <div class='ocr_carea' id='block_1_49' title="bbox 486 4821 2075 4893">
    <p class='ocr_par' dir='ltr' id='par_1_49' title="bbox 486 4821 2075 4893">
     <span class='ocr_line' id='line_1_49' title="bbox 486 4821 2075 4893; baseline -0.003 -14"><span class='ocrx_word' id='word_1_403' title='bbox 486 4824 580 4879; x_wconf 88' lang='lat' dir='ltr'><strong>sed</strong></span> <span class='ocrx_word' id='word_1_404' title='bbox 634 4831 693 4878; x_wconf 92' lang='lat' dir='ltr'><strong>ut</strong></span> <span class='ocrx_word' id='word_1_405' title='bbox 744 4822 1012 4878; x_wconf 87' lang='lat' dir='ltr'><strong>discamus</strong></span> <span class='ocrx_word' id='word_1_406' title='bbox 1042 4821 1320 4891; x_wconf 85' lang='lat' dir='ltr'><strong>quomodo</strong></span> <span class='ocrx_word' id='word_1_407' title='bbox 1344 4821 1446 4891; x_wconf 90' lang='lat' dir='ltr'><strong>ipsi</strong></span> <span class='ocrx_word' id='word_1_408' title='bbox 1473 4836 1702 4893; x_wconf 90' lang='lat' dir='ltr'><strong>quoque,</strong></span> <span class='ocrx_word' id='word_1_409' title='bbox 1735 4822 1900 4878; x_wconf 90' lang='lat' dir='ltr'><strong>Deum</strong></span> <span class='ocrx_word' id='word_1_410' title='bbox 1927 4824 2075 4877; x_wconf 88' lang='lat' dir='ltr'><strong>invo-</strong></span> 
     </span>
    </p>
   </div>
   <div class='ocr_carea' id='block_1_50' title="bbox 485 4913 2076 4985">
    <p class='ocr_par' dir='ltr' id='par_1_50' title="bbox 485 4913 2076 4985">
     <span class='ocr_line' id='line_1_50' title="bbox 485 4913 2076 4985; baseline -0.003 -12"><span class='ocrx_word' id='word_1_411' title='bbox 485 4927 692 4985; x_wconf 87' lang='lat' dir='ltr'><strong>cantes,</strong></span> <span class='ocrx_word' id='word_1_412' title='bbox 719 4915 828 4968; x_wconf 91' lang='lat' dir='ltr'><strong>cito</strong></span> <span class='ocrx_word' id='word_1_413' title='bbox 867 4913 1160 4982; x_wconf 86' lang='lat' dir='ltr'><strong>poterimus</strong></span> <span class='ocrx_word' id='word_1_414' title='bbox 1207 4913 1469 4979; x_wconf 89' lang='lat' dir='ltr'><strong>exaudiri,</strong></span> <span class='ocrx_word' id='word_1_415' title='bbox 1514 4921 1568 4967; x_wconf 91' lang='lat' dir='ltr'><strong>et</strong></span> <span class='ocrx_word' id='word_1_416' title='bbox 1595 4922 1719 4969; x_wconf 88' lang='lat' dir='ltr'><strong>ante</strong></span> <span class='ocrx_word' id='word_1_417' title='bbox 1745 4913 1905 4970; x_wconf 88' lang='lat' dir='ltr'><strong>ﬁnem</strong></span> <span class='ocrx_word' id='word_1_418' title='bbox 1953 4930 2076 4969; x_wconf 82' lang='lat' dir='ltr'><strong>ora-</strong></span> 
     </span>
    </p>
   </div>
   <div class='ocr_carea' id='block_1_51' title="bbox 485 5002 2071 5079">
    <p class='ocr_par' dir='ltr' id='par_1_51' title="bbox 485 5002 2071 5079">
     <span class='ocr_line' id='line_1_51' title="bbox 485 5002 2071 5079; baseline -0.004 -14"><span class='ocrx_word' id='word_1_419' title='bbox 485 5011 644 5065; x_wconf 88' lang='lat' dir='ltr'><strong>tionis</strong></span> <span class='ocrx_word' id='word_1_420' title='bbox 692 5005 1016 5079; x_wconf 86' lang='lat' dir='ltr'><strong>postulatum</strong></span> <span class='ocrx_word' id='word_1_421' title='bbox 1059 5005 1333 5073; x_wconf 83' lang='lat' dir='ltr'><strong>consequi.</strong></span> <span class='ocrx_word' id='word_1_422' title='bbox 1360 5002 1476 5057; x_wconf 82' lang='lat' dir='ltr'><strong>Non</strong></span> <span class='ocrx_word' id='word_1_423' title='bbox 1525 5003 1659 5059; x_wconf 81' lang='lat' dir='ltr'><strong>dixit</strong></span> <span class='ocrx_word' id='word_1_424' title='bbox 1686 5005 1876 5059; x_wconf 87' lang='lat' dir='ltr'><strong>enim:</strong></span> <span class='ocrx_word' id='word_1_425' title='bbox 1922 5004 2071 5060; x_wconf 86' lang='lat' dir='ltr'><strong>Post-</strong></span> 
     </span>
    </p>
   </div>
   <div class='ocr_carea' id='block_1_52' title="bbox 483 5095 2070 5171">
    <p class='ocr_par' dir='ltr' id='par_1_52' title="bbox 483 5095 2070 5171">
     <span class='ocr_line' id='line_1_52' title="bbox 483 5095 2070 5171; baseline -0.004 -15"><span class='ocrx_word' id='word_1_426' title='bbox 483 5117 642 5170; x_wconf 85' lang='lat' dir='ltr'><strong>quam</strong></span> <span class='ocrx_word' id='word_1_427' title='bbox 665 5114 764 5171; x_wconf 86' lang='lat' dir='ltr'><strong>ego</strong></span> <span class='ocrx_word' id='word_1_428' title='bbox 782 5097 1047 5162; x_wconf 88' lang='lat' dir='ltr'><strong>invocavi,</strong></span> <span class='ocrx_word' id='word_1_429' title='bbox 1071 5096 1339 5151; x_wconf 90' lang='lat' dir='ltr'><strong>exaudivit</strong></span> <span class='ocrx_word' id='word_1_430' title='bbox 1354 5110 1471 5160; x_wconf 89' lang='lat' dir='ltr'><strong>me;</strong></span> <span class='ocrx_word' id='word_1_431' title='bbox 1501 5095 1618 5162; x_wconf 92' lang='lat' dir='ltr'><strong>sed,</strong></span> <span class='ocrx_word' id='word_1_432' title='bbox 1634 5095 2070 5151; x_wconf 83' lang='lat' dir='ltr'><strong>Cuminvocarem.</strong></span> 
     </span>
    </p>
   </div>
   <div class='ocr_carea' id='block_1_53' title="bbox 482 5187 2070 5262">
    <p class='ocr_par' dir='ltr' id='par_1_53' title="bbox 482 5187 2070 5262">
     <span class='ocr_line' id='line_1_53' title="bbox 482 5187 2070 5262; baseline -0.003 -14"><span class='ocrx_word' id='word_1_433' title='bbox 482 5193 611 5250; x_wconf 83' lang='lat' dir='ltr'><strong>Nam</strong></span> <span class='ocrx_word' id='word_1_434' title='bbox 641 5193 806 5262; x_wconf 85' lang='lat' dir='ltr'><strong>ipsius</strong></span> <span class='ocrx_word' id='word_1_435' title='bbox 833 5205 1044 5261; x_wconf 88' lang='lat' dir='ltr'><strong>quoque</strong></span> <span class='ocrx_word' id='word_1_436' title='bbox 1088 5189 1180 5243; x_wconf 91' lang='lat' dir='ltr'><strong>Dei</strong></span> <span class='ocrx_word' id='word_1_437' title='bbox 1209 5196 1292 5242; x_wconf 92' lang='lat' dir='ltr'><strong>est</strong></span> <span class='ocrx_word' id='word_1_438' title='bbox 1319 5187 1582 5256; x_wconf 82' lang='lat' dir='ltr'><strong>ejusmodi</strong></span> <span class='ocrx_word' id='word_1_439' title='bbox 1630 5189 1916 5258; x_wconf 89' lang='lat' dir='ltr'><strong>promissio</strong></span> <span class='ocrx_word' id='word_1_440' title='bbox 1943 5189 2070 5244; x_wconf 92' lang='lat' dir='ltr'><strong>dum</strong></span> 
     </span>
    </p>
   </div>
   <div class='ocr_carea' id='block_1_54' title="bbox 481 5278 2071 5352">
    <p class='ocr_par' dir='ltr' id='par_1_54' title="bbox 481 5278 2071 5352">
     <span class='ocr_line' id='line_1_54' title="bbox 481 5278 2071 5352; baseline -0.002 -14"><span class='ocrx_word' id='word_1_441' title='bbox 481 5284 674 5340; x_wconf 86' lang='lat' dir='ltr'><strong>alicubi</strong></span> <span class='ocrx_word' id='word_1_442' title='bbox 695 5284 820 5338; x_wconf 91' lang='lat' dir='ltr'><strong>dicit</strong></span> <span class='ocrx_word' id='word_1_443' title='bbox 843 5283 892 5337; x_wconf 92' lang='lat' dir='ltr'><strong>ei</strong></span> <span class='ocrx_word' id='word_1_444' title='bbox 913 5282 1002 5352; x_wconf 91' lang='lat' dir='ltr'><strong>qui</strong></span> <span class='ocrx_word' id='word_1_445' title='bbox 1031 5281 1241 5336; x_wconf 88' lang='lat' dir='ltr'><strong>invocat</strong></span> <span class='ocrx_word' id='word_1_446' title='bbox 1265 5297 1278 5333; x_wconf 89' lang='lat'><strong>:</strong></span> <span class='ocrx_word' id='word_1_447' title='bbox 1303 5278 1376 5333; x_wconf 89' lang='lat' dir='ltr'><strong>Te</strong></span> <span class='ocrx_word' id='word_1_448' title='bbox 1402 5279 1568 5332; x_wconf 81' lang='lat' dir='ltr'><strong>adhuc</strong></span> <span class='ocrx_word' id='word_1_449' title='bbox 1605 5280 1838 5351; x_wconf 86' lang='lat' dir='ltr'><strong>loquente</strong></span> <span class='ocrx_word' id='word_1_450' title='bbox 1863 5280 2028 5335; x_wconf 88' lang='lat' dir='ltr'><strong>dicam</strong></span> <span class='ocrx_word' id='word_1_451' title='bbox 2053 5299 2071 5335; x_wconf 91' lang='lat'><strong><em>:</em></strong></span> 
     </span>
    </p>
   </div>
   <div class='ocr_carea' id='block_1_55' title="bbox 491 5373 2070 5445">
    <p class='ocr_par' dir='ltr' id='par_1_55' title="bbox 491 5373 2070 5445">
     <span class='ocr_line' id='line_1_55' title="bbox 491 5373 2070 5445; baseline 0.001 -15"><span class='ocrx_word' id='word_1_452' title='bbox 491 5377 623 5432; x_wconf 83' lang='lat' dir='ltr'><strong>Ecce</strong></span> <span class='ocrx_word' id='word_1_453' title='bbox 651 5377 830 5430; x_wconf 82' lang='lat' dir='ltr'><strong>adsum</strong></span> <span class='ocrx_word' id='word_1_454' title='bbox 857 5374 1014 5445; x_wconf 86' lang='lat' dir='ltr'><strong>(Isai.</strong></span> <span class='ocrx_word' id='word_1_455' title='bbox 1049 5374 1140 5432; x_wconf 84' lang='lat'><strong>58.</strong></span> <span class='ocrx_word' id='word_1_456' title='bbox 1177 5374 1259 5445; x_wconf 87' lang='lat'><strong>9).</strong></span> <span class='ocrx_word' id='word_1_457' title='bbox 1287 5373 1404 5428; x_wconf 82' lang='lat' dir='ltr'><strong>Non</strong></span> <span class='ocrx_word' id='word_1_458' title='bbox 1445 5373 1582 5428; x_wconf 89' lang='lat' dir='ltr'><strong>solet</strong></span> <span class='ocrx_word' id='word_1_459' title='bbox 1631 5374 1774 5430; x_wconf 89' lang='lat' dir='ltr'><strong>enim</strong></span> <span class='ocrx_word' id='word_1_460' title='bbox 1809 5374 1918 5429; x_wconf 89' lang='lat' dir='ltr'><strong>Deo</strong></span> <span class='ocrx_word' id='word_1_461' title='bbox 1944 5390 2070 5445; x_wconf 84' lang='lat' dir='ltr'><strong>per-</strong></span> 
     </span>
    </p>
   </div>
   <div class='ocr_carea' id='block_1_56' title="bbox 545 5485 2066 5552">
    <p class='ocr_par' dir='ltr' id='par_1_56' title="bbox 545 5485 2066 5552">
     <span class='ocr_line' id='line_1_56' title="bbox 545 5485 2066 5552; baseline -0.004 -11"><span class='ocrx_word' id='word_1_462' title='bbox 545 5492 565 5522; x_wconf 84' lang='grc'>¹</span> <span class='ocrx_word' id='word_1_463' title='bbox 602 5497 740 5552; x_wconf 75' lang='lat' dir='ltr'><strong>ﬂeg.,</strong></span> <span class='ocrx_word' id='word_1_464' title='bbox 765 5487 852 5539; x_wconf 84' lang='lat' dir='ltr'><strong>sed</strong></span> <span class='ocrx_word' id='word_1_465' title='bbox 866 5486 1059 5552; x_wconf 80' lang='lat' dir='ltr'><strong>illorum</strong></span> <span class='ocrx_word' id='word_1_466' title='bbox 1076 5489 1242 5552; x_wconf 83' lang='lat' dir='ltr'><strong>dolens</strong></span> <span class='ocrx_word' id='word_1_467' title='bbox 1256 5486 1458 5552; x_wconf 69' lang='lat' dir='ltr'><strong>exitum,</strong></span> <span class='ocrx_word' id='word_1_468' title='bbox 1473 5485 1700 5539; x_wconf 84' lang='lat' dir='ltr'><strong>benedice</strong></span> <span class='ocrx_word' id='word_1_469' title='bbox 1719 5487 1806 5540; x_wconf 87' lang='lat' dir='ltr'><strong>tibi</strong></span> <span class='ocrx_word' id='word_1_470' title='bbox 1821 5487 2066 5540; x_wconf 81' lang='lat' dir='ltr'><strong>salvatori.</strong></span> 
     </span>
    </p>
   </div>
   <div class='ocr_carea' id='block_1_57' title="bbox 482 5549 2070 5614">
    <p class='ocr_par' dir='ltr' id='par_1_57' title="bbox 482 5549 2070 5614">
     <span class='ocr_line' id='line_1_57' title="bbox 482 5549 2070 5614; baseline -0.003 -10"><span class='ocrx_word' id='word_1_471' title='bbox 482 5549 829 5614; x_wconf 62' lang='lat' dir='ltr'><strong>Quia_te&#39;_de_cet</strong></span> <span class='ocrx_word' id='word_1_472' title='bbox 849 5550 1022 5614; x_wconf 80' lang='lat' dir='ltr'><strong>gloria,</strong></span> <span class='ocrx_word' id='word_1_473' title='bbox 1039 5558 1084 5601; x_wconf 87' lang='lat' dir='ltr'><strong>et</strong></span> <span class='ocrx_word' id='word_1_474' title='bbox 1108 5549 1520 5614; x_wconf 50' lang='lat' dir='ltr'><strong>imperiumﬁttmc</strong></span> <span class='ocrx_word' id='word_1_475' title='bbox 1545 5555 1592 5600; x_wconf 87' lang='lat' dir='ltr'><strong>et</strong></span> <span class='ocrx_word' id='word_1_476' title='bbox 1612 5562 1819 5614; x_wconf 86' lang='lat' dir='ltr'><strong>semper,</strong></span> <span class='ocrx_word' id='word_1_477' title='bbox 1837 5558 1933 5601; x_wconf 88' lang='lat' dir='ltr'><strong>etc.</strong></span> <span class='ocrx_word' id='word_1_478' title='bbox 1957 5559 2070 5610; x_wconf 67' lang='lat' dir='ltr'><strong>Quae</strong></span> 
     </span>
    </p>
   </div>
   <div class='ocr_carea' id='block_1_58' title="bbox 483 5611 1606 5664">
    <p class='ocr_par' dir='ltr' id='par_1_58' title="bbox 483 5611 1606 5664">
     <span class='ocr_line' id='line_1_58' title="bbox 483 5611 1606 5664; baseline -0.001 0"><span class='ocrx_word' id='word_1_479' title='bbox 483 5611 729 5664; x_wconf 67' lang='lat' dir='ltr'><strong>conclusio</strong></span> <span class='ocrx_word' id='word_1_480' title='bbox 749 5611 874 5662; x_wconf 86' lang='lat' dir='ltr'><strong>haud</strong></span> <span class='ocrx_word' id='word_1_481' title='bbox 899 5611 1048 5661; x_wconf 86' lang='lat' dir='ltr'><strong>dubie</strong></span> <span class='ocrx_word' id='word_1_482' title='bbox 1070 5625 1098 5660; x_wconf 88' lang='lat' dir='ltr'><strong>a</strong></span> <span class='ocrx_word' id='word_1_483' title='bbox 1121 5611 1316 5662; x_wconf 84' lang='lat' dir='ltr'><strong>librario</strong></span> <span class='ocrx_word' id='word_1_484' title='bbox 1336 5611 1495 5662; x_wconf 87' lang='lat' dir='ltr'><strong>addita</strong></span> <span class='ocrx_word' id='word_1_485' title='bbox 1513 5620 1606 5663; x_wconf 83' lang='lat' dir='ltr'><strong>est.</strong></span> 
     </span>
    </p>
   </div>
   <div class='ocr_carea' id='block_1_59' title="bbox 551 5673 2076 5744">
    <p class='ocr_par' dir='ltr' id='par_1_59' title="bbox 551 5673 2076 5744">
     <span class='ocr_line' id='line_1_59' title="bbox 551 5673 2076 5744; baseline -0.003 -16"><span class='ocrx_word' id='word_1_486' title='bbox 551 5680 574 5713; x_wconf 80' lang='grc'>³</span> <span class='ocrx_word' id='word_1_487' title='bbox 595 5678 973 5744; x_wconf 60' lang='grc' dir='ltr'>(ἶιιῃξεεειεῃιμε</span> <span class='ocrx_word' id='word_1_488' title='bbox 1006 5673 1346 5744; x_wconf 33' lang='lat' dir='ltr'><strong>illud‘acciplt</strong></span> <span class='ocrx_word' id='word_1_489' title='bbox 1379 5676 1525 5744; x_wconf 75' lang='lat' dir='ltr'><strong>intra,</strong></span> <span class='ocrx_word' id='word_1_490' title='bbox 1568 5677 1725 5744; x_wconf 79' lang='lat' dir='ltr'><strong>quasi</strong></span> <span class='ocrx_word' id='word_1_491' title='bbox 1755 5688 1935 5744; x_wconf 75' lang='lat' dir='ltr'><strong>sensus</strong></span> <span class='ocrx_word' id='word_1_492' title='bbox 1972 5678 2076 5744; x_wconf 79' lang='lat' dir='ltr'><strong>sit:</strong></span> 
     </span>
    </p>
   </div>
   <div class='ocr_carea' id='block_1_60' title="bbox 485 5734 2080 5801">
    <p class='ocr_par' dir='ltr' id='par_1_60' title="bbox 485 5734 2080 5801">
     <span class='ocr_line' id='line_1_60' title="bbox 485 5734 2080 5801; baseline -0.006 -9"><span class='ocrx_word' id='word_1_493' title='bbox 485 5734 747 5794; x_wconf 66' lang='lat' dir='ltr'><strong>exaudivit</strong></span> <span class='ocrx_word' id='word_1_494' title='bbox 761 5734 972 5801; x_wconf 69' lang='lat' dir='ltr'><strong>justitia:</strong></span> <span class='ocrx_word' id='word_1_495' title='bbox 991 5749 1112 5787; x_wconf 79' lang='lat' dir='ltr'><strong>mea:</strong></span> <span class='ocrx_word' id='word_1_496' title='bbox 1137 5734 1366 5800; x_wconf 71' lang='lat' dir='ltr'><strong>(gratia),</strong></span> <span class='ocrx_word' id='word_1_497' title='bbox 1393 5734 1651 5794; x_wconf 29' lang='lat' dir='ltr'><strong>eioijxovvcrs</strong></span> <span class='ocrx_word' id='word_1_498' title='bbox 1671 5743 1756 5795; x_wconf 83' lang='grc' dir='ltr'><strong>τῆς</strong></span> <span class='ocrx_word' id='word_1_499' title='bbox 1781 5739 2080 5795; x_wconf 64' lang='grc' dir='ltr'><strong>δικαιοσύκης</strong></span> 
     </span>
    </p>
   </div>
   <div class='ocr_carea' id='block_1_61' title="bbox 501 5802 1795 5904">
    <p class='ocr_par' dir='ltr' id='par_1_61' title="bbox 501 5802 1795 5904">
     <span class='ocr_line' id='line_1_61' title="bbox 501 5802 1795 5904; baseline -0.004 -28"><span class='ocrx_word' id='word_1_500' title='bbox 501 5847 589 5892; x_wconf 77' lang='grc' dir='ltr'><strong>μου</strong></span> <span class='ocrx_word' id='word_1_501' title='bbox 615 5829 805 5892; x_wconf 77' lang='grc' dir='ltr'><strong>(χάριν).</strong></span> <span class='ocrx_word' id='word_1_502' title='bbox 839 5826 987 5878; x_wconf 63' lang='lat' dir='ltr'><strong>Hebr.</strong></span> <span class='ocrx_word' id='word_1_503' title='bbox 1008 5826 1148 5904; x_wconf 51' lang='grc' dir='ltr'><strong>’ρης</strong></span> <span class='ocrx_word' id='word_1_504' title='bbox 1187 5802 1340 5884; x_wconf 53' lang='grc' dir='ltr'><strong>νηὸκ,</strong></span> <span class='ocrx_word' id='word_1_505' title='bbox 1371 5825 1495 5875; x_wconf 86' lang='lat' dir='ltr'><strong>Dens</strong></span> <span class='ocrx_word' id='word_1_506' title='bbox 1509 5821 1629 5887; x_wconf 85' lang='lat' dir='ltr'><strong>just.</strong></span> <span class='ocrx_word' id='word_1_507' title='bbox 1659 5837 1795 5875; x_wconf 51' lang='lat' dir='ltr'><strong>meat.</strong></span> 
     </span>
    </p>
   </div>
   <div class='ocr_carea' id='block_1_62' title="bbox 2181 495 3765 566">
    <p class='ocr_par' dir='ltr' id='par_1_62' title="bbox 2181 495 3765 566">
     <span class='ocr_line' id='line_1_62' title="bbox 2181 495 3765 566; baseline 0.003 -17"><span class='ocrx_word' id='word_1_508' title='bbox 2181 495 2408 551; x_wconf 80' lang='lat' dir='ltr'><strong>suadere</strong></span> <span class='ocrx_word' id='word_1_509' title='bbox 2448 496 2730 552; x_wconf 85' lang='lat' dir='ltr'><strong>verborum</strong></span> <span class='ocrx_word' id='word_1_510' title='bbox 2784 497 3103 559; x_wconf 90' lang='lat' dir='ltr'><strong>multitudo,</strong></span> <span class='ocrx_word' id='word_1_511' title='bbox 3162 495 3256 551; x_wconf 87' lang='lat' dir='ltr'><strong>sed</strong></span> <span class='ocrx_word' id='word_1_512' title='bbox 3287 511 3414 566; x_wconf 89' lang='lat' dir='ltr'><strong>pura</strong></span> <span class='ocrx_word' id='word_1_513' title='bbox 3457 497 3668 563; x_wconf 79' lang='lat' dir='ltr'><strong>anima,</strong></span> <span class='ocrx_word' id='word_1_514' title='bbox 3712 511 3765 553; x_wconf 85' lang='lat' dir='ltr'><strong>et</strong></span> 
     </span>
    </p>
   </div>
   <div class='ocr_carea' id='block_1_63' title="bbox 2178 589 3768 662">
    <p class='ocr_par' dir='ltr' id='par_1_63' title="bbox 2178 589 3768 662">
     <span class='ocr_line' id='line_1_63' title="bbox 2178 589 3768 662; baseline 0.001 -19"><span class='ocrx_word' id='word_1_515' title='bbox 2178 590 2438 644; x_wconf 89' lang='lat' dir='ltr'><strong>bonorum</strong></span> <span class='ocrx_word' id='word_1_516' title='bbox 2487 606 2709 660; x_wconf 90' lang='lat' dir='ltr'><strong>operum</strong></span> <span class='ocrx_word' id='word_1_517' title='bbox 2759 593 3016 645; x_wconf 84' lang='lat' dir='ltr'><strong>ostensio.</strong></span> <span class='ocrx_word' id='word_1_518' title='bbox 3068 589 3160 644; x_wconf 86' lang='lat' dir='ltr'><strong>Eis</strong></span> <span class='ocrx_word' id='word_1_519' title='bbox 3201 589 3378 660; x_wconf 89' lang='lat' dir='ltr'><strong>itaque</strong></span> <span class='ocrx_word' id='word_1_520' title='bbox 3403 592 3492 660; x_wconf 92' lang='lat' dir='ltr'><strong>qui</strong></span> <span class='ocrx_word' id='word_1_521' title='bbox 3527 591 3768 662; x_wconf 85' lang='lat' dir='ltr'><strong>improbe</strong></span> 
     </span>
    </p>
   </div>
   <div class='ocr_carea' id='block_1_64' title="bbox 2175 682 3766 751">
    <p class='ocr_par' dir='ltr' id='par_1_64' title="bbox 2175 682 3766 751">
     <span class='ocr_line' id='line_1_64' title="bbox 2175 682 3766 751; baseline 0.001 -17"><span class='ocrx_word' id='word_1_522' title='bbox 2175 682 2389 750; x_wconf 84' lang='lat' dir='ltr'><strong>quidem</strong></span> <span class='ocrx_word' id='word_1_523' title='bbox 2415 683 2638 749; x_wconf 91' lang='lat' dir='ltr'><strong>vivunt,</strong></span> <span class='ocrx_word' id='word_1_524' title='bbox 2680 683 2961 737; x_wconf 90' lang='lat' dir='ltr'><strong>verborum</strong></span> <span class='ocrx_word' id='word_1_525' title='bbox 3007 691 3184 737; x_wconf 89' lang='lat' dir='ltr'><strong>autem</strong></span> <span class='ocrx_word' id='word_1_526' title='bbox 3213 682 3513 751; x_wconf 87' lang='lat' dir='ltr'><strong>prolixitate</strong></span> <span class='ocrx_word' id='word_1_527' title='bbox 3538 697 3598 737; x_wconf 85' lang='lat' dir='ltr'><strong>se</strong></span> <span class='ocrx_word' id='word_1_528' title='bbox 3641 697 3766 737; x_wconf 90' lang='lat' dir='ltr'><strong>eum</strong></span> 
     </span>
    </p>
   </div>
   <div class='ocr_carea' id='block_1_65' title="bbox 2177 773 3768 844">
    <p class='ocr_par' dir='ltr' id='par_1_65' title="bbox 2177 773 3768 844">
     <span class='ocr_line' id='line_1_65' title="bbox 2177 773 3768 844; baseline -0.001 -16"><span class='ocrx_word' id='word_1_529' title='bbox 2177 774 2393 844; x_wconf 87' lang='lat' dir='ltr'><strong>placare</strong></span> <span class='ocrx_word' id='word_1_530' title='bbox 2416 775 2744 839; x_wconf 89' lang='lat' dir='ltr'><strong>existimant,</strong></span> <span class='ocrx_word' id='word_1_531' title='bbox 2787 773 2910 828; x_wconf 90' lang='lat' dir='ltr'><strong>vide</strong></span> <span class='ocrx_word' id='word_1_532' title='bbox 2953 774 3080 844; x_wconf 89' lang='lat' dir='ltr'><strong>quid</strong></span> <span class='ocrx_word' id='word_1_533' title='bbox 3124 774 3303 828; x_wconf 89' lang='lat' dir='ltr'><strong>dicat:</strong></span> <span class='ocrx_word' id='word_1_534' title='bbox 3336 773 3553 840; x_wconf 75' lang='lat' dir='ltr'><strong>Quando</strong></span> <span class='ocrx_word' id='word_1_535' title='bbox 3599 775 3768 827; x_wconf 59' lang='lat' dir='ltr'><strong>omni.</strong></span> 
     </span>
    </p>
   </div>
   <div class='ocr_carea' id='block_1_66' title="bbox 2176 863 3768 936">
    <p class='ocr_par' dir='ltr' id='par_1_66' title="bbox 2176 863 3768 936">
     <span class='ocr_line' id='line_1_66' title="bbox 2176 863 3768 936; baseline -0.001 -18"><span class='ocrx_word' id='word_1_536' title='bbox 2176 865 2426 936; x_wconf 84' lang='lat' dir='ltr'><strong>plicabitis</strong></span> <span class='ocrx_word' id='word_1_537' title='bbox 2447 866 2746 931; x_wconf 86' lang='lat' dir='ltr'><strong>orationem,</strong></span> <span class='ocrx_word' id='word_1_538' title='bbox 2774 881 2876 919; x_wconf 86' lang='lat' dir='ltr'><strong>non</strong></span> <span class='ocrx_word' id='word_1_539' title='bbox 2904 865 3176 919; x_wconf 72' lang='lat' dir='ltr'><strong>exaudiam</strong></span> <span class='ocrx_word' id='word_1_540' title='bbox 3204 880 3309 919; x_wconf 84' lang='lat' dir='ltr'><strong>vos.</strong></span> <span class='ocrx_word' id='word_1_541' title='bbox 3346 865 3405 918; x_wconf 83' lang='lat' dir='ltr'><strong>Si</strong></span> <span class='ocrx_word' id='word_1_542' title='bbox 3448 863 3768 918; x_wconf 62' lang='lat' dir='ltr'><strong>extenderitis</strong></span> 
     </span>
    </p>
   </div>
   <div class='ocr_carea' id='block_1_67' title="bbox 2177 953 3770 1027">
    <p class='ocr_par' dir='ltr' id='par_1_67' title="bbox 2177 953 3770 1027">
     <span class='ocr_line' id='line_1_67' title="bbox 2177 953 3770 1027; baseline 0.002 -21"><span class='ocrx_word' id='word_1_543' title='bbox 2177 971 2377 1020; x_wconf 84' lang='lat' dir='ltr'><strong>manus,</strong></span> <span class='ocrx_word' id='word_1_544' title='bbox 2408 966 2630 1009; x_wconf 89' lang='lat' dir='ltr'><strong>avertam</strong></span> <span class='ocrx_word' id='word_1_545' title='bbox 2652 956 2825 1010; x_wconf 87' lang='lat' dir='ltr'><strong>oculos</strong></span> <span class='ocrx_word' id='word_1_546' title='bbox 2849 972 2984 1010; x_wconf 87' lang='lat' dir='ltr'><strong>meos</strong></span> <span class='ocrx_word' id='word_1_547' title='bbox 3008 971 3039 1008; x_wconf 91' lang='lat' dir='ltr'><strong>a</strong></span> <span class='ocrx_word' id='word_1_548' title='bbox 3063 955 3200 1009; x_wconf 89' lang='lat' dir='ltr'><strong>vobis</strong></span> <span class='ocrx_word' id='word_1_549' title='bbox 3231 953 3383 1027; x_wconf 83' lang='lat' dir='ltr'><strong>(Isai.</strong></span> <span class='ocrx_word' id='word_1_550' title='bbox 3419 956 3472 1010; x_wconf 79' lang='grc'><strong>1.</strong></span> <span class='ocrx_word' id='word_1_551' title='bbox 3497 955 3611 1025; x_wconf 80' lang='lat' dir='ltr'><strong>l5).</strong></span> <span class='ocrx_word' id='word_1_552' title='bbox 3628 955 3770 1010; x_wconf 82' lang='lat' dir='ltr'><strong>Ante</strong></span> 
     </span>
    </p>
   </div>
   <div class='ocr_carea' id='block_1_68' title="bbox 2176 1046 3770 1118">
    <p class='ocr_par' dir='ltr' id='par_1_68' title="bbox 2176 1046 3770 1118">
     <span class='ocr_line' id='line_1_68' title="bbox 2176 1046 3770 1118; baseline 0 -17"><span class='ocrx_word' id='word_1_553' title='bbox 2176 1049 2279 1102; x_wconf 87' lang='lat' dir='ltr'><strong>alia</strong></span> <span class='ocrx_word' id='word_1_554' title='bbox 2301 1049 2476 1118; x_wconf 89' lang='lat' dir='ltr'><strong>itaque</strong></span> <span class='ocrx_word' id='word_1_555' title='bbox 2506 1049 2686 1103; x_wconf 89' lang='lat' dir='ltr'><strong>omnia</strong></span> <span class='ocrx_word' id='word_1_556' title='bbox 2715 1056 2930 1117; x_wconf 88' lang='lat' dir='ltr'><strong>oportet</strong></span> <span class='ocrx_word' id='word_1_557' title='bbox 2975 1063 3098 1103; x_wconf 91' lang='lat' dir='ltr'><strong>eum</strong></span> <span class='ocrx_word' id='word_1_558' title='bbox 3141 1047 3232 1118; x_wconf 89' lang='lat' dir='ltr'><strong>qui</strong></span> <span class='ocrx_word' id='word_1_559' title='bbox 3289 1056 3534 1117; x_wconf 83' lang='lat' dir='ltr'><strong>precatur</strong></span> <span class='ocrx_word' id='word_1_560' title='bbox 3572 1046 3770 1101; x_wconf 80' lang='lat' dir='ltr'><strong>habere</strong></span> 
     </span>
    </p>
   </div>
   <div class='ocr_carea' id='block_1_69' title="bbox 2179 1138 3772 1210">
    <p class='ocr_par' dir='ltr' id='par_1_69' title="bbox 2179 1138 3772 1210">
     <span class='ocr_line' id='line_1_69' title="bbox 2179 1138 3772 1210; baseline 0 -19"><span class='ocrx_word' id='word_1_561' title='bbox 2179 1140 2446 1204; x_wconf 90' lang='lat' dir='ltr'><strong>ﬁduciam,</strong></span> <span class='ocrx_word' id='word_1_562' title='bbox 2479 1153 2531 1195; x_wconf 89' lang='lat' dir='ltr'><strong>et</strong></span> <span class='ocrx_word' id='word_1_563' title='bbox 2557 1139 2880 1210; x_wconf 86' lang='lat' dir='ltr'><strong>posmlatum</strong></span> <span class='ocrx_word' id='word_1_564' title='bbox 2903 1139 3122 1193; x_wconf 91' lang='lat' dir='ltr'><strong>omnino</strong></span> <span class='ocrx_word' id='word_1_565' title='bbox 3140 1148 3516 1208; x_wconf 89' lang='lat' dir='ltr'><strong>consequetur.</strong></span> <span class='ocrx_word' id='word_1_566' title='bbox 3562 1138 3628 1193; x_wconf 83' lang='lat' dir='ltr'><strong>Et</strong></span> <span class='ocrx_word' id='word_1_567' title='bbox 3650 1139 3772 1192; x_wconf 91' lang='lat' dir='ltr'><strong>ideo</strong></span> 
     </span>
    </p>
   </div>
   <div class='ocr_carea' id='block_1_70' title="bbox 2179 1229 3771 1300">
    <p class='ocr_par' dir='ltr' id='par_1_70' title="bbox 2179 1229 3771 1300">
     <span class='ocr_line' id='line_1_70' title="bbox 2179 1229 3771 1300; baseline -0.001 -15"><span class='ocrx_word' id='word_1_568' title='bbox 2179 1247 2284 1285; x_wconf 89' lang='lat' dir='ltr'><strong>non</strong></span> <span class='ocrx_word' id='word_1_569' title='bbox 2316 1230 2452 1285; x_wconf 90' lang='lat' dir='ltr'><strong>dixit</strong></span> <span class='ocrx_word' id='word_1_570' title='bbox 2497 1229 2755 1300; x_wconf 84' lang='lat' dir='ltr'><strong>prepheta</strong></span> <span class='ocrx_word' id='word_1_571' title='bbox 2784 1271 2799 1296; x_wconf 95' lang='lat'><strong>,</strong></span> <span class='ocrx_word' id='word_1_572' title='bbox 2843 1231 3128 1284; x_wconf 88' lang='lat' dir='ltr'><strong>Exaudivit</strong></span> <span class='ocrx_word' id='word_1_573' title='bbox 3179 1246 3286 1294; x_wconf 91' lang='lat' dir='ltr'><strong>me,</strong></span> <span class='ocrx_word' id='word_1_574' title='bbox 3339 1229 3456 1296; x_wconf 90' lang='lat' dir='ltr'><strong>sed,</strong></span> <span class='ocrx_word' id='word_1_575' title='bbox 3506 1229 3771 1283; x_wconf 73' lang='lat' dir='ltr'><strong>Justitiam</strong></span> 
     </span>
    </p>
   </div>
   <div class='ocr_carea' id='block_1_71' title="bbox 2178 1321 3768 1388">
    <p class='ocr_par' dir='ltr' id='par_1_71' title="bbox 2178 1321 3768 1388">
     <span class='ocr_line' id='line_1_71' title="bbox 2178 1321 3768 1388; baseline 0 -13"><span class='ocrx_word' id='word_1_576' title='bbox 2178 1339 2363 1388; x_wconf 84' lang='lat' dir='ltr'><strong>meam,</strong></span> <span class='ocrx_word' id='word_1_577' title='bbox 2391 1337 2542 1376; x_wconf 90' lang='lat' dir='ltr'><strong>suam</strong></span> <span class='ocrx_word' id='word_1_578' title='bbox 2570 1321 2623 1376; x_wconf 93' lang='lat' dir='ltr'><strong>in</strong></span> <span class='ocrx_word' id='word_1_579' title='bbox 2654 1322 2819 1377; x_wconf 89' lang='lat' dir='ltr'><strong>Deum</strong></span> <span class='ocrx_word' id='word_1_580' title='bbox 2846 1321 3094 1377; x_wconf 87' lang='lat' dir='ltr'><strong>ﬁduciam</strong></span> <span class='ocrx_word' id='word_1_581' title='bbox 3125 1321 3414 1378; x_wconf 89' lang='lat' dir='ltr'><strong>ostendens</strong></span> <span class='ocrx_word' id='word_1_582' title='bbox 3437 1361 3454 1387; x_wconf 94' lang='lat'><strong>,</strong></span> <span class='ocrx_word' id='word_1_583' title='bbox 3480 1331 3536 1376; x_wconf 89' lang='lat' dir='ltr'><strong>et</strong></span> <span class='ocrx_word' id='word_1_584' title='bbox 3560 1337 3619 1376; x_wconf 88' lang='lat' dir='ltr'><strong>se</strong></span> <span class='ocrx_word' id='word_1_585' title='bbox 3645 1336 3768 1376; x_wconf 91' lang='lat' dir='ltr'><strong>eum</strong></span> 
     </span>
    </p>
   </div>
   <div class='ocr_carea' id='block_1_72' title="bbox 2178 1413 3772 1486">
    <p class='ocr_par' dir='ltr' id='par_1_72' title="bbox 2178 1413 3772 1486">
     <span class='ocr_line' id='line_1_72' title="bbox 2178 1413 3772 1486; baseline -0.001 -16"><span class='ocrx_word' id='word_1_586' title='bbox 2178 1432 2240 1470; x_wconf 87' lang='lat' dir='ltr'><strong>ca</strong></span> <span class='ocrx_word' id='word_1_587' title='bbox 2275 1431 2488 1486; x_wconf 87' lang='lat' dir='ltr'><strong>semper</strong></span> <span class='ocrx_word' id='word_1_588' title='bbox 2507 1415 2574 1470; x_wconf 90' lang='lat' dir='ltr'><strong>ad</strong></span> <span class='ocrx_word' id='word_1_589' title='bbox 2599 1430 2722 1470; x_wconf 90' lang='lat' dir='ltr'><strong>eum</strong></span> <span class='ocrx_word' id='word_1_590' title='bbox 2742 1413 3022 1471; x_wconf 87' lang='lat' dir='ltr'><strong>accedere.</strong></span> <span class='ocrx_word' id='word_1_591' title='bbox 3047 1413 3155 1470; x_wconf 86' lang='lat' dir='ltr'><strong>Nec</strong></span> <span class='ocrx_word' id='word_1_592' title='bbox 3176 1428 3304 1469; x_wconf 89' lang='lat' dir='ltr'><strong>vero</strong></span> <span class='ocrx_word' id='word_1_593' title='bbox 3333 1423 3482 1484; x_wconf 88' lang='lat' dir='ltr'><strong>putet</strong></span> <span class='ocrx_word' id='word_1_594' title='bbox 3506 1413 3772 1484; x_wconf 84' lang='lat' dir='ltr'><strong>quispiam</strong></span> 
     </span>
    </p>
   </div>
   <div class='ocr_carea' id='block_1_73' title="bbox 2179 1508 3776 1579">
    <p class='ocr_par' dir='ltr' id='par_1_73' title="bbox 2179 1508 3776 1579">
     <span class='ocr_line' id='line_1_73' title="bbox 2179 1508 3776 1579; baseline -0.001 -15"><span class='ocrx_word' id='word_1_595' title='bbox 2179 1527 2301 1565; x_wconf 90' lang='lat' dir='ltr'><strong>eum</strong></span> <span class='ocrx_word' id='word_1_596' title='bbox 2328 1510 2455 1565; x_wconf 90' lang='lat' dir='ltr'><strong>dum</strong></span> <span class='ocrx_word' id='word_1_597' title='bbox 2483 1509 2596 1565; x_wconf 73' lang='lat' dir='ltr'><strong>hazc</strong></span> <span class='ocrx_word' id='word_1_598' title='bbox 2637 1509 2764 1565; x_wconf 92' lang='lat' dir='ltr'><strong>dicit</strong></span> <span class='ocrx_word' id='word_1_599' title='bbox 2793 1523 2853 1565; x_wconf 89' lang='lat' dir='ltr'><strong>se</strong></span> <span class='ocrx_word' id='word_1_600' title='bbox 2873 1509 3098 1579; x_wconf 89' lang='lat' dir='ltr'><strong>jactare.</strong></span> <span class='ocrx_word' id='word_1_601' title='bbox 3122 1508 3240 1564; x_wconf 90' lang='lat' dir='ltr'><strong>Non</strong></span> <span class='ocrx_word' id='word_1_602' title='bbox 3263 1509 3406 1564; x_wconf 87' lang='lat' dir='ltr'><strong>enim</strong></span> <span class='ocrx_word' id='word_1_603' title='bbox 3434 1508 3550 1563; x_wconf 77' lang='lat' dir='ltr'><strong>lucc</strong></span> <span class='ocrx_word' id='word_1_604' title='bbox 3567 1508 3695 1564; x_wconf 89' lang='lat' dir='ltr'><strong>dicit</strong></span> <span class='ocrx_word' id='word_1_605' title='bbox 3715 1517 3776 1562; x_wconf 91' lang='lat' dir='ltr'><strong>ut</strong></span> 
     </span>
    </p>
   </div>
   <div class='ocr_carea' id='block_1_74' title="bbox 2178 1599 3769 1670">
    <p class='ocr_par' dir='ltr' id='par_1_74' title="bbox 2178 1599 3769 1670">
     <span class='ocr_line' id='line_1_74' title="bbox 2178 1599 3769 1670; baseline -0.001 -14"><span class='ocrx_word' id='word_1_606' title='bbox 2178 1618 2238 1656; x_wconf 90' lang='lat' dir='ltr'><strong>se</strong></span> <span class='ocrx_word' id='word_1_607' title='bbox 2265 1601 2506 1667; x_wconf 82' lang='lat' dir='ltr'><strong>extollat,</strong></span> <span class='ocrx_word' id='word_1_608' title='bbox 2536 1599 2630 1655; x_wconf 86' lang='lat' dir='ltr'><strong>sed</strong></span> <span class='ocrx_word' id='word_1_609' title='bbox 2659 1611 2719 1655; x_wconf 93' lang='lat' dir='ltr'><strong>ut</strong></span> <span class='ocrx_word' id='word_1_610' title='bbox 2743 1599 3041 1655; x_wconf 89' lang='lat' dir='ltr'><strong>doctrinam</strong></span> <span class='ocrx_word' id='word_1_611' title='bbox 3085 1599 3373 1670; x_wconf 90' lang='lat' dir='ltr'><strong>quamdam</strong></span> <span class='ocrx_word' id='word_1_612' title='bbox 3421 1609 3476 1655; x_wconf 91' lang='lat' dir='ltr'><strong>et</strong></span> <span class='ocrx_word' id='word_1_613' title='bbox 3521 1599 3769 1654; x_wconf 82' lang='lat' dir='ltr'><strong>admoni-</strong></span> 
     </span>
    </p>
   </div>
   <div class='ocr_carea' id='block_1_75' title="bbox 2180 1691 3773 1749">
    <p class='ocr_par' dir='ltr' id='par_1_75' title="bbox 2180 1691 3773 1749">
     <span class='ocr_line' id='line_1_75' title="bbox 2180 1691 3773 1749; baseline -0.001 -1"><span class='ocrx_word' id='word_1_614' title='bbox 2180 1697 2378 1749; x_wconf 90' lang='lat' dir='ltr'><strong>tionem</strong></span> <span class='ocrx_word' id='word_1_615' title='bbox 2424 1708 2762 1748; x_wconf 87' lang='lat' dir='ltr'><strong>communem</strong></span> <span class='ocrx_word' id='word_1_616' title='bbox 2817 1692 2972 1747; x_wconf 90' lang='lat' dir='ltr'><strong>valde</strong></span> <span class='ocrx_word' id='word_1_617' title='bbox 3033 1693 3217 1748; x_wconf 89' lang='lat' dir='ltr'><strong>utilem</strong></span> <span class='ocrx_word' id='word_1_618' title='bbox 3257 1691 3464 1746; x_wconf 79' lang='lat' dir='ltr'><strong>alferat.</strong></span> <span class='ocrx_word' id='word_1_619' title='bbox 3513 1691 3592 1746; x_wconf 86' lang='lat' dir='ltr'><strong>Ne</strong></span> <span class='ocrx_word' id='word_1_620' title='bbox 3629 1691 3773 1746; x_wconf 92' lang='lat' dir='ltr'><strong>dicat</strong></span> 
     </span>
    </p>
   </div>
   <div class='ocr_carea' id='block_1_76' title="bbox 2178 1782 3773 1856">
    <p class='ocr_par' dir='ltr' id='par_1_76' title="bbox 2178 1782 3773 1856">
     <span class='ocr_line' id='line_1_76' title="bbox 2178 1782 3773 1856; baseline -0.001 -18"><span class='ocrx_word' id='word_1_621' title='bbox 2178 1786 2321 1839; x_wconf 91' lang='lat' dir='ltr'><strong>enim</strong></span> <span class='ocrx_word' id='word_1_622' title='bbox 2339 1785 2619 1856; x_wconf 89' lang='lat' dir='ltr'><strong>quispiam,</strong></span> <span class='ocrx_word' id='word_1_623' title='bbox 2656 1784 2752 1839; x_wconf 90' lang='lat' dir='ltr'><strong>Ille</strong></span> <span class='ocrx_word' id='word_1_624' title='bbox 2780 1782 2880 1838; x_wconf 88' lang='lat' dir='ltr'><strong>fuit</strong></span> <span class='ocrx_word' id='word_1_625' title='bbox 2904 1783 3211 1844; x_wconf 85' lang='lat' dir='ltr'><strong>exauditus,</strong></span> <span class='ocrx_word' id='word_1_626' title='bbox 3242 1784 3494 1853; x_wconf 90' lang='lat' dir='ltr'><strong>quoniam</strong></span> <span class='ocrx_word' id='word_1_627' title='bbox 3515 1791 3632 1838; x_wconf 89' lang='lat' dir='ltr'><strong>erat</strong></span> <span class='ocrx_word' id='word_1_628' title='bbox 3671 1783 3773 1836; x_wconf 82' lang='lat' dir='ltr'><strong>Da-</strong></span> 
     </span>
    </p>
   </div>
   <div class='ocr_carea' id='block_1_77' title="bbox 2183 1873 3772 1946">
    <p class='ocr_par' dir='ltr' id='par_1_77' title="bbox 2183 1873 3772 1946">
     <span class='ocr_line' id='line_1_77' title="bbox 2183 1873 3772 1946; baseline -0.002 -17"><span class='ocrx_word' id='word_1_629' title='bbox 2183 1878 2289 1940; x_wconf 86' lang='lat' dir='ltr'><strong>vid,</strong></span> <span class='ocrx_word' id='word_1_630' title='bbox 2316 1892 2416 1946; x_wconf 81' lang='lat' dir='ltr'><strong>ego</strong></span> <span class='ocrx_word' id='word_1_631' title='bbox 2441 1891 2569 1930; x_wconf 88' lang='lat' dir='ltr'><strong>vero</strong></span> <span class='ocrx_word' id='word_1_632' title='bbox 2594 1891 2700 1929; x_wconf 90' lang='lat' dir='ltr'><strong>non</strong></span> <span class='ocrx_word' id='word_1_633' title='bbox 2735 1874 3012 1938; x_wconf 88' lang='lat' dir='ltr'><strong>exaudiar,</strong></span> <span class='ocrx_word' id='word_1_634' title='bbox 3041 1874 3292 1945; x_wconf 87' lang='lat' dir='ltr'><strong>quoniam</strong></span> <span class='ocrx_word' id='word_1_635' title='bbox 3326 1889 3442 1928; x_wconf 90' lang='lat' dir='ltr'><strong>sum</strong></span> <span class='ocrx_word' id='word_1_636' title='bbox 3469 1873 3688 1942; x_wconf 86' lang='lat' dir='ltr'><strong>pusillus</strong></span> <span class='ocrx_word' id='word_1_637' title='bbox 3714 1882 3772 1926; x_wconf 85' lang='lat' dir='ltr'><strong>ct</strong></span> 
     </span>
    </p>
   </div>
   <div class='ocr_carea' id='block_1_78' title="bbox 2182 1967 3773 2038">
    <p class='ocr_par' dir='ltr' id='par_1_78' title="bbox 2182 1967 3773 2038">
     <span class='ocr_line' id='line_1_78' title="bbox 2182 1967 3773 2038; baseline -0.002 -17"><span class='ocrx_word' id='word_1_638' title='bbox 2182 1969 2423 2038; x_wconf 80' lang='lat' dir='ltr'><strong>abjectus</strong></span> <span class='ocrx_word' id='word_1_639' title='bbox 2455 1987 2467 2023; x_wconf 94' lang='lat'>:</span> <span class='ocrx_word' id='word_1_640' title='bbox 2499 1968 2730 2022; x_wconf 88' lang='lat' dir='ltr'><strong>ostendit</strong></span> <span class='ocrx_word' id='word_1_641' title='bbox 2762 1968 2926 2023; x_wconf 87' lang='lat' dir='ltr'><strong>Demn</strong></span> <span class='ocrx_word' id='word_1_642' title='bbox 2961 1982 3062 2022; x_wconf 91' lang='lat' dir='ltr'><strong>nec</strong></span> <span class='ocrx_word' id='word_1_643' title='bbox 3090 1967 3239 2021; x_wconf 90' lang='lat' dir='ltr'><strong>illum</strong></span> <span class='ocrx_word' id='word_1_644' title='bbox 3267 1967 3453 2021; x_wconf 90' lang='lat' dir='ltr'><strong>audire</strong></span> <span class='ocrx_word' id='word_1_645' title='bbox 3475 1967 3773 2036; x_wconf 91' lang='lat' dir='ltr'><strong>quomodo-</strong></span> 
     </span>
    </p>
   </div>
   <div class='ocr_carea' id='block_1_79' title="bbox 2182 2058 3774 2130">
    <p class='ocr_par' dir='ltr' id='par_1_79' title="bbox 2182 2058 3774 2130">
     <span class='ocr_line' id='line_1_79' title="bbox 2182 2058 3774 2130; baseline -0.003 -15"><span class='ocrx_word' id='word_1_646' title='bbox 2182 2076 2446 2130; x_wconf 85' lang='lat' dir='ltr'><strong>cumque,</strong></span> <span class='ocrx_word' id='word_1_647' title='bbox 2471 2076 2570 2114; x_wconf 91' lang='lat' dir='ltr'><strong>nec</strong></span> <span class='ocrx_word' id='word_1_648' title='bbox 2599 2068 2650 2114; x_wconf 91' lang='lat' dir='ltr'><strong>te</strong></span> <span class='ocrx_word' id='word_1_649' title='bbox 2692 2074 2797 2113; x_wconf 90' lang='lat' dir='ltr'><strong>non</strong></span> <span class='ocrx_word' id='word_1_650' title='bbox 2837 2059 3022 2114; x_wconf 90' lang='lat' dir='ltr'><strong>audire</strong></span> <span class='ocrx_word' id='word_1_651' title='bbox 3062 2067 3264 2114; x_wconf 89' lang='lat' dir='ltr'><strong>temere</strong></span> <span class='ocrx_word' id='word_1_652' title='bbox 3292 2067 3345 2112; x_wconf 91' lang='lat' dir='ltr'><strong>et</strong></span> <span class='ocrx_word' id='word_1_653' title='bbox 3372 2058 3513 2112; x_wconf 89' lang='lat' dir='ltr'><strong>nulla</strong></span> <span class='ocrx_word' id='word_1_654' title='bbox 3555 2059 3774 2112; x_wconf 90' lang='lat' dir='ltr'><strong>ductmn</strong></span> 
     </span>
    </p>
   </div>
   <div class='ocr_carea' id='block_1_80' title="bbox 2185 2149 3772 2220">
    <p class='ocr_par' dir='ltr' id='par_1_80' title="bbox 2185 2149 3772 2220">
     <span class='ocr_line' id='line_1_80' title="bbox 2185 2149 3772 2220; baseline -0.002 -14"><span class='ocrx_word' id='word_1_655' title='bbox 2185 2152 2412 2215; x_wconf 85' lang='lat' dir='ltr'><strong>ratione,</strong></span> <span class='ocrx_word' id='word_1_656' title='bbox 2445 2151 2536 2205; x_wconf 90' lang='lat' dir='ltr'><strong>sed</strong></span> <span class='ocrx_word' id='word_1_657' title='bbox 2569 2166 2782 2220; x_wconf 86' lang='lat' dir='ltr'><strong>semper</strong></span> <span class='ocrx_word' id='word_1_658' title='bbox 2810 2165 2897 2204; x_wconf 91' lang='lat' dir='ltr'><strong>res</strong></span> <span class='ocrx_word' id='word_1_659' title='bbox 2924 2159 2978 2204; x_wconf 92' lang='lat' dir='ltr'><strong>et</strong></span> <span class='ocrx_word' id='word_1_660' title='bbox 3024 2149 3160 2204; x_wconf 86' lang='lat' dir='ltr'><strong>facta</strong></span> <span class='ocrx_word' id='word_1_661' title='bbox 3185 2159 3372 2204; x_wconf 89' lang='lat' dir='ltr'><strong>exacte</strong></span> <span class='ocrx_word' id='word_1_662' title='bbox 3397 2149 3772 2218; x_wconf 85' lang='lat' dir='ltr'><strong>contemplari.</strong></span> 
     </span>
    </p>
   </div>
   <div class='ocr_carea' id='block_1_81' title="bbox 2180 2243 3775 2312">
    <p class='ocr_par' dir='ltr' id='par_1_81' title="bbox 2180 2243 3775 2312">
     <span class='ocr_line' id='line_1_81' title="bbox 2180 2243 3775 2312; baseline -0.002 -15"><span class='ocrx_word' id='word_1_663' title='bbox 2180 2245 2310 2310; x_wconf 78' lang='lat' dir='ltr'><strong>Qua:</strong></span> <span class='ocrx_word' id='word_1_664' title='bbox 2336 2244 2380 2298; x_wconf 91' lang='lat' dir='ltr'><strong>si</strong></span> <span class='ocrx_word' id='word_1_665' title='bbox 2407 2243 2677 2309; x_wconf 85' lang='lat' dir='ltr'><strong>habueris,</strong></span> <span class='ocrx_word' id='word_1_666' title='bbox 2713 2251 2766 2296; x_wconf 82' lang='lat' dir='ltr'><strong>et</strong></span> <span class='ocrx_word' id='word_1_667' title='bbox 2794 2258 2980 2297; x_wconf 86' lang='lat' dir='ltr'><strong>eorum</strong></span> <span class='ocrx_word' id='word_1_668' title='bbox 3008 2243 3178 2312; x_wconf 89' lang='lat' dir='ltr'><strong>possis</strong></span> <span class='ocrx_word' id='word_1_669' title='bbox 3199 2243 3271 2295; x_wconf 94' lang='lat' dir='ltr'><strong>uti</strong></span> <span class='ocrx_word' id='word_1_670' title='bbox 3307 2243 3624 2311; x_wconf 87' lang='lat' dir='ltr'><strong>patrocinio,</strong></span> <span class='ocrx_word' id='word_1_671' title='bbox 3654 2259 3775 2294; x_wconf 85' lang='grc' dir='ltr'>υιιι-</span> 
     </span>
    </p>
   </div>
   <div class='ocr_carea' id='block_1_82' title="bbox 2183 2332 3776 2401">
    <p class='ocr_par' dir='ltr' id='par_1_82' title="bbox 2183 2332 3776 2401">
     <span class='ocr_line' id='line_1_82' title="bbox 2183 2332 3776 2401; baseline -0.001 -13"><span class='ocrx_word' id='word_1_672' title='bbox 2183 2335 2309 2388; x_wconf 82' lang='grc' dir='ltr'>ιιίιιο</span> <span class='ocrx_word' id='word_1_673' title='bbox 2340 2334 2665 2390; x_wconf 74' lang='lat' dir='ltr'><strong>exaudieris.</strong></span> <span class='ocrx_word' id='word_1_674' title='bbox 2700 2333 3157 2401; x_wconf 87' lang='lat' dir='ltr'><strong>Quemadmodum</strong></span> <span class='ocrx_word' id='word_1_675' title='bbox 3183 2333 3226 2386; x_wconf 90' lang='lat' dir='ltr'><strong>si</strong></span> <span class='ocrx_word' id='word_1_676' title='bbox 3255 2349 3359 2387; x_wconf 92' lang='lat' dir='ltr'><strong>non</strong></span> <span class='ocrx_word' id='word_1_677' title='bbox 3378 2332 3648 2399; x_wconf 87' lang='lat' dir='ltr'><strong>habueris,</strong></span> <span class='ocrx_word' id='word_1_678' title='bbox 3677 2349 3776 2387; x_wconf 84' lang='lat' dir='ltr'><strong>nec</strong></span> 
     </span>
    </p>
   </div>
   <div class='ocr_carea' id='block_1_83' title="bbox 2182 2423 3777 2495">
    <p class='ocr_par' dir='ltr' id='par_1_83' title="bbox 2182 2423 3777 2495">
     <span class='ocr_line' id='line_1_83' title="bbox 2182 2423 3777 2495; baseline 0 -17"><span class='ocrx_word' id='word_1_679' title='bbox 2182 2427 2227 2478; x_wconf 93' lang='lat' dir='ltr'><strong>si</strong></span> <span class='ocrx_word' id='word_1_680' title='bbox 2274 2425 2436 2478; x_wconf 85' lang='lat' dir='ltr'><strong>David</strong></span> <span class='ocrx_word' id='word_1_681' title='bbox 2469 2425 2680 2495; x_wconf 90' lang='lat' dir='ltr'><strong>quidem</strong></span> <span class='ocrx_word' id='word_1_682' title='bbox 2735 2424 2932 2489; x_wconf 79' lang='lat' dir='ltr'><strong>fueris,</strong></span> <span class='ocrx_word' id='word_1_683' title='bbox 2994 2425 3193 2494; x_wconf 89' lang='lat' dir='ltr'><strong>poteris</strong></span> <span class='ocrx_word' id='word_1_684' title='bbox 3229 2424 3392 2478; x_wconf 91' lang='lat' dir='ltr'><strong>Deum</strong></span> <span class='ocrx_word' id='word_1_685' title='bbox 3421 2425 3654 2495; x_wconf 87' lang='lat' dir='ltr'><strong>placare.</strong></span> <span class='ocrx_word' id='word_1_686' title='bbox 3707 2423 3777 2478; x_wconf 82' lang='lat' dir='ltr'><strong>Et</strong></span> 
     </span>
    </p>
   </div>
   <div class='ocr_carea' id='block_1_84' title="bbox 2183 2516 3772 2586">
    <p class='ocr_par' dir='ltr' id='par_1_84' title="bbox 2183 2516 3772 2586">
     <span class='ocr_line' id='line_1_84' title="bbox 2183 2516 3772 2586; baseline -0.002 -15"><span class='ocrx_word' id='word_1_687' title='bbox 2183 2518 2319 2572; x_wconf 89' lang='lat' dir='ltr'><strong>sicut</strong></span> <span class='ocrx_word' id='word_1_688' title='bbox 2359 2519 2504 2572; x_wconf 87' lang='lat' dir='ltr'><strong>avari</strong></span> <span class='ocrx_word' id='word_1_689' title='bbox 2551 2533 2649 2572; x_wconf 90' lang='lat' dir='ltr'><strong>nec</strong></span> <span class='ocrx_word' id='word_1_690' title='bbox 2692 2517 3002 2586; x_wconf 85' lang='lat' dir='ltr'><strong>dignitatem</strong></span> <span class='ocrx_word' id='word_1_691' title='bbox 3033 2559 3048 2582; x_wconf 92' lang='lat'><strong>,</strong></span> <span class='ocrx_word' id='word_1_692' title='bbox 3087 2532 3185 2571; x_wconf 91' lang='lat' dir='ltr'><strong>nec</strong></span> <span class='ocrx_word' id='word_1_693' title='bbox 3213 2517 3410 2586; x_wconf 84' lang='lat' dir='ltr'><strong>aliquid</strong></span> <span class='ocrx_word' id='word_1_694' title='bbox 3437 2516 3578 2570; x_wconf 88' lang='lat' dir='ltr'><strong>aliud</strong></span> <span class='ocrx_word' id='word_1_695' title='bbox 3600 2516 3772 2584; x_wconf 76' lang='lat' dir='ltr'><strong>respi-</strong></span> 
     </span>
    </p>
   </div>
   <div class='ocr_carea' id='block_1_85' title="bbox 2181 2607 3774 2678">
    <p class='ocr_par' dir='ltr' id='par_1_85' title="bbox 2181 2607 3774 2678">
     <span class='ocr_line' id='line_1_85' title="bbox 2181 2607 3774 2678; baseline -0.003 -14"><span class='ocrx_word' id='word_1_696' title='bbox 2181 2614 2348 2674; x_wconf 91' lang='lat' dir='ltr'><strong>ciunt,</strong></span> <span class='ocrx_word' id='word_1_697' title='bbox 2383 2611 2482 2665; x_wconf 90' lang='lat' dir='ltr'><strong>nisi</strong></span> <span class='ocrx_word' id='word_1_698' title='bbox 2522 2625 2614 2664; x_wconf 89' lang='lat' dir='ltr'><strong>eos</strong></span> <span class='ocrx_word' id='word_1_699' title='bbox 2663 2619 2865 2664; x_wconf 89' lang='lat' dir='ltr'><strong>tantum</strong></span> <span class='ocrx_word' id='word_1_700' title='bbox 2907 2609 2995 2678; x_wconf 90' lang='lat' dir='ltr'><strong>qui</strong></span> <span class='ocrx_word' id='word_1_701' title='bbox 3051 2609 3248 2663; x_wconf 88' lang='lat' dir='ltr'><strong>habent</strong></span> <span class='ocrx_word' id='word_1_702' title='bbox 3274 2608 3583 2678; x_wconf 83' lang='lat' dir='ltr'><strong>pecuniam,</strong></span> <span class='ocrx_word' id='word_1_703' title='bbox 3625 2617 3678 2661; x_wconf 92' lang='lat' dir='ltr'><strong>et</strong></span> <span class='ocrx_word' id='word_1_704' title='bbox 3707 2607 3774 2660; x_wconf 88' lang='lat' dir='ltr'><strong>ad</strong></span> 
     </span>
    </p>
   </div>
   <div class='ocr_carea' id='block_1_86' title="bbox 2182 2701 3775 2773">
    <p class='ocr_par' dir='ltr' id='par_1_86' title="bbox 2182 2701 3775 2773">
     <span class='ocr_line' id='line_1_86' title="bbox 2182 2701 3775 2773; baseline -0.002 -17"><span class='ocrx_word' id='word_1_705' title='bbox 2182 2719 2297 2768; x_wconf 72' lang='lat' dir='ltr'><strong>eos,</strong></span> <span class='ocrx_word' id='word_1_706' title='bbox 2327 2713 2592 2773; x_wconf 90' lang='lat' dir='ltr'><strong>tamquam</strong></span> <span class='ocrx_word' id='word_1_707' title='bbox 2623 2703 2749 2757; x_wconf 92' lang='lat' dir='ltr'><strong>nihil</strong></span> <span class='ocrx_word' id='word_1_708' title='bbox 2777 2719 2881 2756; x_wconf 92' lang='lat' dir='ltr'><strong>non</strong></span> <span class='ocrx_word' id='word_1_709' title='bbox 2907 2701 3169 2766; x_wconf 77' lang='lat' dir='ltr'><strong>effecturi,</strong></span> <span class='ocrx_word' id='word_1_710' title='bbox 3189 2702 3480 2756; x_wconf 76' lang='lat' dir='ltr'><strong>accedunt:</strong></span> <span class='ocrx_word' id='word_1_711' title='bbox 3512 2701 3582 2754; x_wconf 92' lang='lat' dir='ltr'><strong>ita</strong></span> <span class='ocrx_word' id='word_1_712' title='bbox 3612 2702 3775 2754; x_wconf 87' lang='lat' dir='ltr'><strong>etiam</strong></span> 
     </span>
    </p>
   </div>
   <div class='ocr_carea' id='block_1_87' title="bbox 2183 2795 3771 2866">
    <p class='ocr_par' dir='ltr' id='par_1_87' title="bbox 2183 2795 3771 2866">
     <span class='ocr_line' id='line_1_87' title="bbox 2183 2795 3771 2866; baseline 0.001 -18"><span class='ocrx_word' id='word_1_713' title='bbox 2183 2797 2304 2866; x_wconf 87' lang='lat' dir='ltr'><strong>quia</strong></span> <span class='ocrx_word' id='word_1_714' title='bbox 2337 2797 2474 2850; x_wconf 90' lang='lat' dir='ltr'><strong>Deus</strong></span> <span class='ocrx_word' id='word_1_715' title='bbox 2498 2807 2579 2850; x_wconf 89' lang='lat' dir='ltr'><strong>est</strong></span> <span class='ocrx_word' id='word_1_716' title='bbox 2602 2806 2809 2850; x_wconf 89' lang='lat' dir='ltr'><strong>amator</strong></span> <span class='ocrx_word' id='word_1_717' title='bbox 2843 2796 3086 2866; x_wconf 80' lang='lat' dir='ltr'><strong>justitiae,</strong></span> <span class='ocrx_word' id='word_1_718' title='bbox 3116 2797 3437 2866; x_wconf 90' lang='lat' dir='ltr'><strong>quicumque</strong></span> <span class='ocrx_word' id='word_1_719' title='bbox 3467 2811 3586 2850; x_wconf 88' lang='lat' dir='ltr'><strong>cum</strong></span> <span class='ocrx_word' id='word_1_720' title='bbox 3614 2811 3674 2850; x_wconf 90' lang='lat' dir='ltr'><strong>ea</strong></span> <span class='ocrx_word' id='word_1_721' title='bbox 3703 2795 3771 2849; x_wconf 89' lang='lat' dir='ltr'><strong>ad</strong></span> 
     </span>
    </p>
   </div>
   <div class='ocr_carea' id='block_1_88' title="bbox 2185 2888 3776 2959">
    <p class='ocr_par' dir='ltr' id='par_1_88' title="bbox 2185 2888 3776 2959">
     <span class='ocr_line' id='line_1_88' title="bbox 2185 2888 3776 2959; baseline -0.001 -17"><span class='ocrx_word' id='word_1_722' title='bbox 2185 2890 2359 2959; x_wconf 89' lang='lat' dir='ltr'><strong>ipsum</strong></span> <span class='ocrx_word' id='word_1_723' title='bbox 2387 2891 2695 2954; x_wconf 85' lang='lat' dir='ltr'><strong>accesserit,</strong></span> <span class='ocrx_word' id='word_1_724' title='bbox 2743 2904 2846 2944; x_wconf 91' lang='lat' dir='ltr'><strong>non</strong></span> <span class='ocrx_word' id='word_1_725' title='bbox 2878 2888 3094 2944; x_wconf 90' lang='lat' dir='ltr'><strong>recedet</strong></span> <span class='ocrx_word' id='word_1_726' title='bbox 3123 2903 3356 2942; x_wconf 84' lang='lat' dir='ltr'><strong>vacuus:</strong></span> <span class='ocrx_word' id='word_1_727' title='bbox 3391 2898 3448 2942; x_wconf 90' lang='lat' dir='ltr'><strong>ut</strong></span> <span class='ocrx_word' id='word_1_728' title='bbox 3475 2888 3562 2958; x_wconf 91' lang='lat' dir='ltr'><strong>qui</strong></span> <span class='ocrx_word' id='word_1_729' title='bbox 3592 2903 3652 2942; x_wconf 85' lang='lat' dir='ltr'><strong>ea</strong></span> <span class='ocrx_word' id='word_1_730' title='bbox 3681 2902 3776 2941; x_wconf 83' lang='lat' dir='ltr'><strong>ea-</strong></span> 
     </span>
    </p>
   </div>
   <div class='ocr_carea' id='block_1_89' title="bbox 2183 2980 3777 3050">
    <p class='ocr_par' dir='ltr' id='par_1_89' title="bbox 2183 2980 3777 3050">
     <span class='ocr_line' id='line_1_89' title="bbox 2183 2980 3777 3050; baseline -0.001 -15"><span class='ocrx_word' id='word_1_731' title='bbox 2183 2990 2292 3041; x_wconf 90' lang='lat' dir='ltr'><strong>ret,</strong></span> <span class='ocrx_word' id='word_1_732' title='bbox 2325 2991 2380 3034; x_wconf 89' lang='lat' dir='ltr'><strong>et</strong></span> <span class='ocrx_word' id='word_1_733' title='bbox 2435 2980 2497 3034; x_wconf 91' lang='lat' dir='ltr'><strong>iis</strong></span> <span class='ocrx_word' id='word_1_734' title='bbox 2525 2997 2643 3050; x_wconf 70' lang='lat' dir='ltr'><strong>qua:</strong></span> <span class='ocrx_word' id='word_1_735' title='bbox 2671 2990 2797 3034; x_wconf 91' lang='lat' dir='ltr'><strong>sunt</strong></span> <span class='ocrx_word' id='word_1_736' title='bbox 2825 2981 2900 3035; x_wconf 90' lang='lat' dir='ltr'><strong>illi</strong></span> <span class='ocrx_word' id='word_1_737' title='bbox 2945 2980 3210 3035; x_wconf 87' lang='lat' dir='ltr'><strong>contraria</strong></span> <span class='ocrx_word' id='word_1_738' title='bbox 3257 2981 3581 3049; x_wconf 88' lang='lat' dir='ltr'><strong>inquinatur,</strong></span> <span class='ocrx_word' id='word_1_739' title='bbox 3610 2996 3777 3048; x_wconf 87' lang='lat' dir='ltr'><strong>quan-</strong></span> 
     </span>
    </p>
   </div>
   <div class='ocr_carea' id='block_1_90' title="bbox 2184 3072 3777 3142">
    <p class='ocr_par' dir='ltr' id='par_1_90' title="bbox 2184 3072 3777 3142">
     <span class='ocr_line' id='line_1_90' title="bbox 2184 3072 3777 3142; baseline 0 -16"><span class='ocrx_word' id='word_1_740' title='bbox 2184 3072 2378 3126; x_wconf 89' lang='lat' dir='ltr'><strong>tumvis</strong></span> <span class='ocrx_word' id='word_1_741' title='bbox 2407 3083 2521 3127; x_wconf 88' lang='lat' dir='ltr'><strong>oret</strong></span> <span class='ocrx_word' id='word_1_742' title='bbox 2549 3081 2604 3127; x_wconf 89' lang='lat' dir='ltr'><strong>et</strong></span> <span class='ocrx_word' id='word_1_743' title='bbox 2635 3072 2899 3138; x_wconf 88' lang='lat' dir='ltr'><strong>obsecret,</strong></span> <span class='ocrx_word' id='word_1_744' title='bbox 2932 3072 3100 3126; x_wconf 87' lang='lat' dir='ltr'><strong>nihilo</strong></span> <span class='ocrx_word' id='word_1_745' title='bbox 3121 3073 3238 3140; x_wconf 86' lang='lat' dir='ltr'><strong>plus</strong></span> <span class='ocrx_word' id='word_1_746' title='bbox 3263 3072 3476 3135; x_wconf 88' lang='lat' dir='ltr'><strong>efﬁciet,</strong></span> <span class='ocrx_word' id='word_1_747' title='bbox 3501 3087 3622 3126; x_wconf 89' lang='lat' dir='ltr'><strong>cum</strong></span> <span class='ocrx_word' id='word_1_748' title='bbox 3650 3087 3777 3142; x_wconf 84' lang='lat' dir='ltr'><strong>per-</strong></span> 
     </span>
    </p>
   </div>
   <div class='ocr_carea' id='block_1_91' title="bbox 2182 3164 3779 3236">
    <p class='ocr_par' dir='ltr' id='par_1_91' title="bbox 2182 3164 3779 3236">
     <span class='ocr_line' id='line_1_91' title="bbox 2182 3164 3779 3236; baseline 0 -16"><span class='ocrx_word' id='word_1_749' title='bbox 2182 3165 2440 3220; x_wconf 79' lang='lat' dir='ltr'><strong>suadendi</strong></span> <span class='ocrx_word' id='word_1_750' title='bbox 2475 3164 2723 3220; x_wconf 84' lang='lat' dir='ltr'><strong>facultate</strong></span> <span class='ocrx_word' id='word_1_751' title='bbox 2775 3175 2973 3218; x_wconf 86' lang='lat' dir='ltr'><strong>careat.</strong></span> <span class='ocrx_word' id='word_1_752' title='bbox 3011 3165 3134 3220; x_wconf 90' lang='lat' dir='ltr'><strong>Ideo</strong></span> <span class='ocrx_word' id='word_1_753' title='bbox 3169 3166 3212 3220; x_wconf 92' lang='lat' dir='ltr'><strong>si</strong></span> <span class='ocrx_word' id='word_1_754' title='bbox 3264 3165 3402 3236; x_wconf 90' lang='lat' dir='ltr'><strong>apud</strong></span> <span class='ocrx_word' id='word_1_755' title='bbox 3435 3166 3597 3220; x_wconf 89' lang='lat' dir='ltr'><strong>Deum</strong></span> <span class='ocrx_word' id='word_1_756' title='bbox 3645 3166 3779 3220; x_wconf 89' lang='lat' dir='ltr'><strong>velis</strong></span> 
     </span>
    </p>
   </div>
   <div class='ocr_carea' id='block_1_92' title="bbox 2183 3256 3780 3326">
    <p class='ocr_par' dir='ltr' id='par_1_92' title="bbox 2183 3256 3780 3326">
     <span class='ocr_line' id='line_1_92' title="bbox 2183 3256 3780 3326; baseline 0 -16"><span class='ocrx_word' id='word_1_757' title='bbox 2183 3257 2377 3326; x_wconf 84' lang='lat' dir='ltr'><strong>aliquid</strong></span> <span class='ocrx_word' id='word_1_758' title='bbox 2404 3257 2639 3322; x_wconf 78' lang='lat' dir='ltr'><strong>efﬁcere,</strong></span> <span class='ocrx_word' id='word_1_759' title='bbox 2672 3269 2734 3311; x_wconf 88' lang='lat' dir='ltr'><strong>ea</strong></span> <span class='ocrx_word' id='word_1_760' title='bbox 2771 3266 2986 3324; x_wconf 88' lang='lat' dir='ltr'><strong>accepta</strong></span> <span class='ocrx_word' id='word_1_761' title='bbox 3017 3258 3370 3326; x_wconf 82' lang='lat' dir='ltr'><strong>proﬁciscere.</strong></span> <span class='ocrx_word' id='word_1_762' title='bbox 3397 3256 3660 3312; x_wconf 82' lang='lat' dir='ltr'><strong>Justitiam</strong></span> <span class='ocrx_word' id='word_1_763' title='bbox 3682 3273 3780 3312; x_wconf 82' lang='lat' dir='ltr'><strong>au-</strong></span> 
     </span>
    </p>
   </div>
   <div class='ocr_carea' id='block_1_93' title="bbox 2187 3348 3774 3421">
    <p class='ocr_par' dir='ltr' id='par_1_93' title="bbox 2187 3348 3774 3421">
     <span class='ocr_line' id='line_1_93' title="bbox 2187 3348 3774 3421; baseline -0.001 -17"><span class='ocrx_word' id='word_1_764' title='bbox 2187 3361 2290 3404; x_wconf 89' lang='lat' dir='ltr'><strong>tem</strong></span> <span class='ocrx_word' id='word_1_765' title='bbox 2338 3366 2405 3405; x_wconf 89' lang='lat' dir='ltr'><strong>ne</strong></span> <span class='ocrx_word' id='word_1_766' title='bbox 2451 3365 2570 3404; x_wconf 86' lang='lat' dir='ltr'><strong>esse</strong></span> <span class='ocrx_word' id='word_1_767' title='bbox 2615 3359 2816 3419; x_wconf 91' lang='lat' dir='ltr'><strong>partem</strong></span> <span class='ocrx_word' id='word_1_768' title='bbox 2849 3350 3059 3403; x_wconf 82' lang='lat' dir='ltr'><strong>virtutis</strong></span> <span class='ocrx_word' id='word_1_769' title='bbox 3081 3349 3354 3404; x_wconf 87' lang='lat' dir='ltr'><strong>existimes</strong></span> <span class='ocrx_word' id='word_1_770' title='bbox 3381 3348 3480 3421; x_wconf 83' lang='lat' dir='ltr'><strong>(a),</strong></span> <span class='ocrx_word' id='word_1_771' title='bbox 3515 3349 3606 3403; x_wconf 89' lang='lat' dir='ltr'><strong>sed</strong></span> <span class='ocrx_word' id='word_1_772' title='bbox 3637 3351 3774 3404; x_wconf 85' lang='lat' dir='ltr'><strong>inte-</strong></span> 
     </span>
    </p>
   </div>
   <div class='ocr_carea' id='block_1_94' title="bbox 2181 3440 3777 3514">
    <p class='ocr_par' dir='ltr' id='par_1_94' title="bbox 2181 3440 3777 3514">
     <span class='ocr_line' id='line_1_94' title="bbox 2181 3440 3777 3514; baseline 0 -19"><span class='ocrx_word' id='word_1_773' title='bbox 2181 3459 2330 3514; x_wconf 79' lang='lat' dir='ltr'><strong>grani</strong></span> <span class='ocrx_word' id='word_1_774' title='bbox 2355 3452 2408 3497; x_wconf 90' lang='lat' dir='ltr'><strong>et</strong></span> <span class='ocrx_word' id='word_1_775' title='bbox 2439 3443 2764 3497; x_wconf 88' lang='lat' dir='ltr'><strong>universam.</strong></span> <span class='ocrx_word' id='word_1_776' title='bbox 2799 3442 2872 3495; x_wconf 89' lang='lat' dir='ltr'><strong>Ita</strong></span> <span class='ocrx_word' id='word_1_777' title='bbox 2903 3443 3064 3496; x_wconf 90' lang='lat' dir='ltr'><strong>etiam</strong></span> <span class='ocrx_word' id='word_1_778' title='bbox 3095 3450 3212 3496; x_wconf 88' lang='lat' dir='ltr'><strong>erat</strong></span> <span class='ocrx_word' id='word_1_779' title='bbox 3237 3440 3340 3496; x_wconf 81' lang='lat' dir='ltr'><strong>Job</strong></span> <span class='ocrx_word' id='word_1_780' title='bbox 3364 3442 3540 3511; x_wconf 89' lang='lat' dir='ltr'><strong>justus</strong></span> <span class='ocrx_word' id='word_1_781' title='bbox 3561 3483 3574 3501; x_wconf 85' lang='lat'><strong>,</strong></span> <span class='ocrx_word' id='word_1_782' title='bbox 3603 3450 3659 3496; x_wconf 92' lang='lat' dir='ltr'><strong>ut</strong></span> <span class='ocrx_word' id='word_1_783' title='bbox 3686 3442 3777 3510; x_wconf 89' lang='lat' dir='ltr'><strong>qui</strong></span> 
     </span>
    </p>
   </div>
   <div class='ocr_carea' id='block_1_95' title="bbox 2187 3535 3779 3606">
    <p class='ocr_par' dir='ltr' id='par_1_95' title="bbox 2187 3535 3779 3606">
     <span class='ocr_line' id='line_1_95' title="bbox 2187 3535 3779 3606; baseline -0.001 -15"><span class='ocrx_word' id='word_1_784' title='bbox 2187 3540 2470 3592; x_wconf 86' lang='lat' dir='ltr'><strong>humanam</strong></span> <span class='ocrx_word' id='word_1_785' title='bbox 2496 3552 2708 3592; x_wconf 92' lang='lat' dir='ltr'><strong>omnem</strong></span> <span class='ocrx_word' id='word_1_786' title='bbox 2741 3537 2960 3592; x_wconf 87' lang='lat' dir='ltr'><strong>haberet</strong></span> <span class='ocrx_word' id='word_1_787' title='bbox 2993 3539 3268 3602; x_wconf 88' lang='lat' dir='ltr'><strong>virtutem,</strong></span> <span class='ocrx_word' id='word_1_788' title='bbox 3297 3551 3400 3590; x_wconf 91' lang='lat' dir='ltr'><strong>non</strong></span> <span class='ocrx_word' id='word_1_789' title='bbox 3424 3535 3514 3606; x_wconf 90' lang='lat' dir='ltr'><strong>qui</strong></span> <span class='ocrx_word' id='word_1_790' title='bbox 3558 3536 3625 3589; x_wconf 89' lang='lat' dir='ltr'><strong>ab</strong></span> <span class='ocrx_word' id='word_1_791' title='bbox 3674 3537 3779 3590; x_wconf 85' lang='lat' dir='ltr'><strong>hoc</strong></span> 
     </span>
    </p>
   </div>
   <div class='ocr_carea' id='block_1_96' title="bbox 2183 3627 3777 3700">
    <p class='ocr_par' dir='ltr' id='par_1_96' title="bbox 2183 3627 3777 3700">
     <span class='ocr_line' id='line_1_96' title="bbox 2183 3627 3777 3700; baseline -0.001 -17"><span class='ocrx_word' id='word_1_792' title='bbox 2183 3631 2396 3700; x_wconf 89' lang='lat' dir='ltr'><strong>quidem</strong></span> <span class='ocrx_word' id='word_1_793' title='bbox 2427 3631 2568 3685; x_wconf 91' lang='lat' dir='ltr'><strong>malo</strong></span> <span class='ocrx_word' id='word_1_794' title='bbox 2593 3631 2902 3688; x_wconf 85' lang='lat' dir='ltr'><strong>abstineret.</strong></span> <span class='ocrx_word' id='word_1_795' title='bbox 2929 3629 3056 3684; x_wconf 91' lang='lat' dir='ltr'><strong>illud</strong></span> <span class='ocrx_word' id='word_1_796' title='bbox 3079 3643 3206 3685; x_wconf 88' lang='lat' dir='ltr'><strong>vero</strong></span> <span class='ocrx_word' id='word_1_797' title='bbox 3227 3628 3502 3684; x_wconf 90' lang='lat' dir='ltr'><strong>retineret.</strong></span> <span class='ocrx_word' id='word_1_798' title='bbox 3523 3628 3593 3681; x_wconf 89' lang='lat' dir='ltr'><strong>lta</strong></span> <span class='ocrx_word' id='word_1_799' title='bbox 3614 3627 3777 3682; x_wconf 83' lang='lat' dir='ltr'><strong>etiam</strong></span> 
     </span>
    </p>
   </div>
   <div class='ocr_carea' id='block_1_97' title="bbox 2185 3721 3777 3792">
    <p class='ocr_par' dir='ltr' id='par_1_97' title="bbox 2185 3721 3777 3792">
     <span class='ocr_line' id='line_1_97' title="bbox 2185 3721 3777 3792; baseline -0.001 -16"><span class='ocrx_word' id='word_1_800' title='bbox 2185 3737 2282 3777; x_wconf 92' lang='lat' dir='ltr'><strong>nos</strong></span> <span class='ocrx_word' id='word_1_801' title='bbox 2305 3723 2502 3792; x_wconf 88' lang='lat' dir='ltr'><strong>justam</strong></span> <span class='ocrx_word' id='word_1_802' title='bbox 2525 3731 2775 3777; x_wconf 79' lang='lat' dir='ltr'><strong>stateram</strong></span> <span class='ocrx_word' id='word_1_803' title='bbox 2797 3737 2916 3778; x_wconf 90' lang='lat' dir='ltr'><strong>esse</strong></span> <span class='ocrx_word' id='word_1_804' title='bbox 2932 3723 3182 3788; x_wconf 90' lang='lat' dir='ltr'><strong>dicimus,</strong></span> <span class='ocrx_word' id='word_1_805' title='bbox 3211 3736 3330 3792; x_wconf 68' lang='lat' dir='ltr'><strong>qua:</strong></span> <span class='ocrx_word' id='word_1_806' title='bbox 3347 3721 3492 3776; x_wconf 90' lang='lat' dir='ltr'><strong>omni</strong></span> <span class='ocrx_word' id='word_1_807' title='bbox 3536 3735 3600 3776; x_wconf 89' lang='lat' dir='ltr'><strong>ex</strong></span> <span class='ocrx_word' id='word_1_808' title='bbox 3626 3731 3777 3790; x_wconf 85' lang='lat' dir='ltr'><strong>parte</strong></span> 
     </span>
    </p>
   </div>
   <div class='ocr_carea' id='block_1_98' title="bbox 2183 3815 3775 3884">
    <p class='ocr_par' dir='ltr' id='par_1_98' title="bbox 2183 3815 3775 3884">
     <span class='ocr_line' id='line_1_98' title="bbox 2183 3815 3775 3884; baseline 0 -17"><span class='ocrx_word' id='word_1_809' title='bbox 2183 3830 2334 3884; x_wconf 78' lang='lat' dir='ltr'><strong>mqua</strong></span> <span class='ocrx_word' id='word_1_810' title='bbox 2366 3825 2449 3870; x_wconf 91' lang='lat' dir='ltr'><strong>est</strong></span> <span class='ocrx_word' id='word_1_811' title='bbox 2487 3833 2499 3867; x_wconf 91' lang='lat'>:</span> <span class='ocrx_word' id='word_1_812' title='bbox 2533 3831 2637 3868; x_wconf 89' lang='lat' dir='ltr'><strong>non</strong></span> <span class='ocrx_word' id='word_1_813' title='bbox 2666 3815 2708 3869; x_wconf 91' lang='lat' dir='ltr'><strong>si</strong></span> <span class='ocrx_word' id='word_1_814' title='bbox 2737 3831 2923 3869; x_wconf 91' lang='lat' dir='ltr'><strong>aurum</strong></span> <span class='ocrx_word' id='word_1_815' title='bbox 2954 3815 3168 3884; x_wconf 89' lang='lat' dir='ltr'><strong>quidem</strong></span> <span class='ocrx_word' id='word_1_816' title='bbox 3202 3816 3368 3884; x_wconf 87' lang='lat' dir='ltr'><strong>possit</strong></span> <span class='ocrx_word' id='word_1_817' title='bbox 3388 3830 3452 3869; x_wconf 85' lang='lat' dir='ltr'><strong>ex</strong></span> <span class='ocrx_word' id='word_1_818' title='bbox 3483 3830 3637 3884; x_wconf 66' lang='lat' dir='ltr'><strong>sequo</strong></span> <span class='ocrx_word' id='word_1_819' title='bbox 3663 3825 3775 3868; x_wconf 84' lang='lat' dir='ltr'><strong>sta-</strong></span> 
     </span>
    </p>
   </div>
   <div class='ocr_carea' id='block_1_99' title="bbox 2185 3907 3777 3978">
    <p class='ocr_par' dir='ltr' id='par_1_99' title="bbox 2185 3907 3777 3978">
     <span class='ocr_line' id='line_1_99' title="bbox 2185 3907 3777 3978; baseline -0.001 -18"><span class='ocrx_word' id='word_1_820' title='bbox 2185 3916 2354 3974; x_wconf 89' lang='lat' dir='ltr'><strong>tuere,</strong></span> <span class='ocrx_word' id='word_1_821' title='bbox 2381 3922 2538 3962; x_wconf 90' lang='lat' dir='ltr'><strong>seeus</strong></span> <span class='ocrx_word' id='word_1_822' title='bbox 2565 3919 2744 3962; x_wconf 88' lang='lat' dir='ltr'><strong>autem</strong></span> <span class='ocrx_word' id='word_1_823' title='bbox 2777 3907 3073 3976; x_wconf 90' lang='lat' dir='ltr'><strong>plumbum,</strong></span> <span class='ocrx_word' id='word_1_824' title='bbox 3098 3907 3190 3962; x_wconf 91' lang='lat' dir='ltr'><strong>sed</strong></span> <span class='ocrx_word' id='word_1_825' title='bbox 3218 3923 3336 3977; x_wconf 73' lang='lat' dir='ltr'><strong>qua:</strong></span> <span class='ocrx_word' id='word_1_826' title='bbox 3364 3907 3416 3962; x_wconf 90' lang='lat' dir='ltr'><strong>in</strong></span> <span class='ocrx_word' id='word_1_827' title='bbox 3446 3907 3629 3978; x_wconf 75' lang='lat' dir='ltr'><strong>quatis</strong></span> <span class='ocrx_word' id='word_1_828' title='bbox 3659 3921 3777 3960; x_wconf 89' lang='lat' dir='ltr'><strong>ma-</strong></span> 
     </span>
    </p>
   </div>
   <div class='ocr_carea' id='block_1_100' title="bbox 2187 3999 3776 4068">
    <p class='ocr_par' dir='ltr' id='par_1_100' title="bbox 2187 3999 3776 4068">
     <span class='ocr_line' id='line_1_100' title="bbox 2187 3999 3776 4068; baseline -0.001 -15"><span class='ocrx_word' id='word_1_829' title='bbox 2187 4000 2317 4054; x_wconf 89' lang='lat' dir='ltr'><strong>teria</strong></span> <span class='ocrx_word' id='word_1_830' title='bbox 2344 4000 2646 4068; x_wconf 66' lang='lat' dir='ltr'><strong>aequitatem</strong></span> <span class='ocrx_word' id='word_1_831' title='bbox 2689 3999 2904 4054; x_wconf 88' lang='lat' dir='ltr'><strong>exhibet</strong></span> <span class='ocrx_word' id='word_1_832' title='bbox 2930 4014 2944 4064; x_wconf 90' lang='lat'><strong>;</strong></span> <span class='ocrx_word' id='word_1_833' title='bbox 2980 4008 3034 4053; x_wconf 90' lang='lat' dir='ltr'><strong>et</strong></span> <span class='ocrx_word' id='word_1_834' title='bbox 3065 4014 3248 4053; x_wconf 87' lang='lat' dir='ltr'><strong>rursus</strong></span> <span class='ocrx_word' id='word_1_835' title='bbox 3275 4013 3578 4053; x_wconf 90' lang='lat' dir='ltr'><strong>mensuram</strong></span> <span class='ocrx_word' id='word_1_836' title='bbox 3600 4038 3614 4061; x_wconf 96' lang='lat'><strong>,</strong></span> <span class='ocrx_word' id='word_1_837' title='bbox 3654 4012 3776 4067; x_wconf 67' lang='lat' dir='ltr'><strong>qua</strong></span> 
     </span>
    </p>
   </div>
   <div class='ocr_carea' id='block_1_101' title="bbox 2184 4089 3772 4160">
    <p class='ocr_par' dir='ltr' id='par_1_101' title="bbox 2184 4089 3772 4160">
     <span class='ocr_line' id='line_1_101' title="bbox 2184 4089 3772 4160; baseline -0.001 -15"><span class='ocrx_word' id='word_1_838' title='bbox 2184 4102 2268 4146; x_wconf 90' lang='lat' dir='ltr'><strong>est</strong></span> <span class='ocrx_word' id='word_1_839' title='bbox 2313 4090 2458 4144; x_wconf 81' lang='lat' dir='ltr'><strong>onini</strong></span> <span class='ocrx_word' id='word_1_840' title='bbox 2491 4106 2555 4144; x_wconf 87' lang='lat' dir='ltr'><strong>ex</strong></span> <span class='ocrx_word' id='word_1_841' title='bbox 2588 4099 2738 4160; x_wconf 90' lang='lat' dir='ltr'><strong>parte</strong></span> <span class='ocrx_word' id='word_1_842' title='bbox 2765 4105 2937 4159; x_wconf 66' lang='lat' dir='ltr'><strong>aequa.</strong></span> <span class='ocrx_word' id='word_1_843' title='bbox 2987 4089 3061 4143; x_wconf 89' lang='lat' dir='ltr'><strong>lta</strong></span> <span class='ocrx_word' id='word_1_844' title='bbox 3103 4089 3264 4144; x_wconf 84' lang='lat' dir='ltr'><strong>etiam</strong></span> <span class='ocrx_word' id='word_1_845' title='bbox 3292 4101 3406 4144; x_wconf 84' lang='lat' dir='ltr'><strong>erat</strong></span> <span class='ocrx_word' id='word_1_846' title='bbox 3433 4089 3532 4144; x_wconf 85' lang='lat' dir='ltr'><strong>Job</strong></span> <span class='ocrx_word' id='word_1_847' title='bbox 3556 4089 3726 4158; x_wconf 74' lang='lat' dir='ltr'><strong>justus</strong></span> <span class='ocrx_word' id='word_1_848' title='bbox 3755 4130 3772 4151; x_wconf 89' lang='lat'><em>.</em></span> 
     </span>
    </p>
   </div>
   <div class='ocr_carea' id='block_1_102' title="bbox 2184 4181 3771 4253">
    <p class='ocr_par' dir='ltr' id='par_1_102' title="bbox 2184 4181 3771 4253">
     <span class='ocr_line' id='line_1_102' title="bbox 2184 4181 3771 4253; baseline -0.003 -15"><span class='ocrx_word' id='word_1_849' title='bbox 2184 4199 2368 4253; x_wconf 84' lang='lat' dir='ltr'><strong>aequus</strong></span> <span class='ocrx_word' id='word_1_850' title='bbox 2391 4199 2455 4237; x_wconf 89' lang='lat' dir='ltr'><strong>ex</strong></span> <span class='ocrx_word' id='word_1_851' title='bbox 2483 4183 2626 4238; x_wconf 91' lang='lat' dir='ltr'><strong>omni</strong></span> <span class='ocrx_word' id='word_1_852' title='bbox 2678 4193 2848 4252; x_wconf 88' lang='lat' dir='ltr'><strong>parte.</strong></span> <span class='ocrx_word' id='word_1_853' title='bbox 2881 4182 3062 4251; x_wconf 84' lang='lat' dir='ltr'><strong>Neque</strong></span> <span class='ocrx_word' id='word_1_854' title='bbox 3092 4183 3234 4235; x_wconf 92' lang='lat' dir='ltr'><strong>enim</strong></span> <span class='ocrx_word' id='word_1_855' title='bbox 3261 4183 3314 4236; x_wconf 94' lang='lat' dir='ltr'><strong>in</strong></span> <span class='ocrx_word' id='word_1_856' title='bbox 3343 4182 3565 4252; x_wconf 91' lang='lat' dir='ltr'><strong>pecunia</strong></span> <span class='ocrx_word' id='word_1_857' title='bbox 3596 4181 3771 4235; x_wconf 81' lang='lat' dir='ltr'><strong>solum</strong></span> 
     </span>
    </p>
   </div>
   <div class='ocr_carea' id='block_1_103' title="bbox 2184 4273 3768 4345">
    <p class='ocr_par' dir='ltr' id='par_1_103' title="bbox 2184 4273 3768 4345">
     <span class='ocr_line' id='line_1_103' title="bbox 2184 4273 3768 4345; baseline -0.002 -17"><span class='ocrx_word' id='word_1_858' title='bbox 2184 4291 2301 4330; x_wconf 85' lang='lat' dir='ltr'><strong>eam</strong></span> <span class='ocrx_word' id='word_1_859' title='bbox 2320 4276 2565 4330; x_wconf 87' lang='lat' dir='ltr'><strong>servabat</strong></span> <span class='ocrx_word' id='word_1_860' title='bbox 2594 4275 2920 4345; x_wconf 80' lang='lat' dir='ltr'><strong>:equitatem,</strong></span> <span class='ocrx_word' id='word_1_861' title='bbox 2945 4273 3038 4328; x_wconf 89' lang='lat' dir='ltr'><strong>sed</strong></span> <span class='ocrx_word' id='word_1_862' title='bbox 3063 4274 3224 4327; x_wconf 88' lang='lat' dir='ltr'><strong>etiam</strong></span> <span class='ocrx_word' id='word_1_863' title='bbox 3248 4274 3301 4328; x_wconf 93' lang='lat' dir='ltr'><strong>in</strong></span> <span class='ocrx_word' id='word_1_864' title='bbox 3331 4275 3451 4328; x_wconf 89' lang='lat' dir='ltr'><strong>aliis</strong></span> <span class='ocrx_word' id='word_1_865' title='bbox 3477 4275 3727 4327; x_wconf 90' lang='lat' dir='ltr'><strong>omnibus</strong></span> <span class='ocrx_word' id='word_1_866' title='bbox 3752 4315 3768 4337; x_wconf 92' lang='lat'><strong>,</strong></span> 
     </span>
    </p>
   </div>
   <div class='ocr_carea' id='block_1_104' title="bbox 2184 4365 3774 4437">
    <p class='ocr_par' dir='ltr' id='par_1_104' title="bbox 2184 4365 3774 4437">
     <span class='ocr_line' id='line_1_104' title="bbox 2184 4365 3774 4437; baseline -0.001 -16"><span class='ocrx_word' id='word_1_867' title='bbox 2184 4367 2400 4422; x_wconf 88' lang='lat' dir='ltr'><strong>modum</strong></span> <span class='ocrx_word' id='word_1_868' title='bbox 2445 4382 2731 4437; x_wconf 85' lang='lat' dir='ltr'><strong>numquam</strong></span> <span class='ocrx_word' id='word_1_869' title='bbox 2772 4365 3058 4421; x_wconf 85' lang='lat' dir='ltr'><strong>excedens.</strong></span> <span class='ocrx_word' id='word_1_870' title='bbox 3089 4365 3196 4421; x_wconf 88' lang='lat' dir='ltr'><strong>Nec</strong></span> <span class='ocrx_word' id='word_1_871' title='bbox 3227 4367 3394 4437; x_wconf 89' lang='lat' dir='ltr'><strong>possit</strong></span> <span class='ocrx_word' id='word_1_872' title='bbox 3422 4365 3600 4420; x_wconf 88' lang='lat' dir='ltr'><strong>dicere</strong></span> <span class='ocrx_word' id='word_1_873' title='bbox 3625 4366 3774 4434; x_wconf 77' lang='lat' dir='ltr'><strong>quis-</strong></span> 
     </span>
    </p>
   </div>
   <div class='ocr_carea' id='block_1_105' title="bbox 2186 4457 3770 4528">
    <p class='ocr_par' dir='ltr' id='par_1_105' title="bbox 2186 4457 3770 4528">
     <span class='ocr_line' id='line_1_105' title="bbox 2186 4457 3770 4528; baseline -0.001 -18"><span class='ocrx_word' id='word_1_874' title='bbox 2186 4460 2325 4528; x_wconf 85' lang='lat' dir='ltr'><strong>piam</strong></span> <span class='ocrx_word' id='word_1_875' title='bbox 2370 4475 2491 4515; x_wconf 91' lang='lat' dir='ltr'><strong>eum</strong></span> <span class='ocrx_word' id='word_1_876' title='bbox 2526 4460 2577 4513; x_wconf 93' lang='lat' dir='ltr'><strong>in</strong></span> <span class='ocrx_word' id='word_1_877' title='bbox 2630 4459 2849 4528; x_wconf 89' lang='lat' dir='ltr'><strong>pecunia</strong></span> <span class='ocrx_word' id='word_1_878' title='bbox 2878 4458 3093 4528; x_wconf 90' lang='lat' dir='ltr'><strong>quidem</strong></span> <span class='ocrx_word' id='word_1_879' title='bbox 3146 4459 3448 4528; x_wconf 62' lang='lat' dir='ltr'><strong>a‘quitatem</strong></span> <span class='ocrx_word' id='word_1_880' title='bbox 3475 4457 3732 4512; x_wconf 91' lang='lat' dir='ltr'><strong>dilexisse</strong></span> <span class='ocrx_word' id='word_1_881' title='bbox 3755 4499 3770 4518; x_wconf 91' lang='lat'><strong>,</strong></span> 
     </span>
    </p>
   </div>
   <div class='ocr_carea' id='block_1_106' title="bbox 2183 4549 3775 4621">
    <p class='ocr_par' dir='ltr' id='par_1_106' title="bbox 2183 4549 3775 4621">
     <span class='ocr_line' id='line_1_106' title="bbox 2183 4549 3775 4621; baseline -0.004 -13"><span class='ocrx_word' id='word_1_882' title='bbox 2183 4553 2238 4608; x_wconf 92' lang='lat' dir='ltr'><strong>in</strong></span> <span class='ocrx_word' id='word_1_883' title='bbox 2265 4551 2643 4621; x_wconf 78' lang='lat' dir='ltr'><strong>congreSsione</strong></span> <span class='ocrx_word' id='word_1_884' title='bbox 2689 4558 2868 4604; x_wconf 89' lang='lat' dir='ltr'><strong>autem</strong></span> <span class='ocrx_word' id='word_1_885' title='bbox 2901 4561 2955 4604; x_wconf 89' lang='lat' dir='ltr'><strong>et</strong></span> <span class='ocrx_word' id='word_1_886' title='bbox 3011 4565 3261 4604; x_wconf 89' lang='lat' dir='ltr'><strong>sermone</strong></span> <span class='ocrx_word' id='word_1_887' title='bbox 3308 4565 3428 4604; x_wconf 91' lang='lat' dir='ltr'><strong>cum</strong></span> <span class='ocrx_word' id='word_1_888' title='bbox 3463 4549 3775 4620; x_wconf 87' lang='lat' dir='ltr'><strong>propinquis</strong></span> 
     </span>
    </p>
   </div>
   <div class='ocr_carea' id='block_1_107' title="bbox 2183 4641 3772 4711">
    <p class='ocr_par' dir='ltr' id='par_1_107' title="bbox 2183 4641 3772 4711">
     <span class='ocr_line' id='line_1_107' title="bbox 2183 4641 3772 4711; baseline -0.001 -15"><span class='ocrx_word' id='word_1_889' title='bbox 2183 4642 2398 4697; x_wconf 88' lang='lat' dir='ltr'><strong>modum</strong></span> <span class='ocrx_word' id='word_1_890' title='bbox 2426 4642 2740 4708; x_wconf 84' lang='lat' dir='ltr'><strong>excessisse,</strong></span> <span class='ocrx_word' id='word_1_891' title='bbox 2775 4654 2830 4695; x_wconf 94' lang='lat' dir='ltr'><strong>ut</strong></span> <span class='ocrx_word' id='word_1_892' title='bbox 2859 4641 2947 4711; x_wconf 91' lang='lat' dir='ltr'><strong>qui</strong></span> <span class='ocrx_word' id='word_1_893' title='bbox 2975 4652 3116 4696; x_wconf 89' lang='lat' dir='ltr'><strong>esset</strong></span> <span class='ocrx_word' id='word_1_894' title='bbox 3137 4641 3396 4710; x_wconf 90' lang='lat' dir='ltr'><strong>superbus</strong></span> <span class='ocrx_word' id='word_1_895' title='bbox 3417 4649 3472 4694; x_wconf 92' lang='lat' dir='ltr'><strong>et</strong></span> <span class='ocrx_word' id='word_1_896' title='bbox 3497 4654 3772 4708; x_wconf 78' lang='lat' dir='ltr'><strong>arrogans.</strong></span> 
     </span>
    </p>
   </div>
   <div class='ocr_carea' id='block_1_108' title="bbox 2184 4730 3768 4802">
    <p class='ocr_par' dir='ltr' id='par_1_108' title="bbox 2184 4730 3768 4802">
     <span class='ocr_line' id='line_1_108' title="bbox 2184 4730 3768 4802; baseline -0.004 -14"><span class='ocrx_word' id='word_1_897' title='bbox 2184 4734 2295 4788; x_wconf 88' lang='lat' dir='ltr'><strong>Hoc</strong></span> <span class='ocrx_word' id='word_1_898' title='bbox 2321 4735 2463 4787; x_wconf 90' lang='lat' dir='ltr'><strong>enim</strong></span> <span class='ocrx_word' id='word_1_899' title='bbox 2491 4749 2701 4787; x_wconf 88' lang='lat' dir='ltr'><strong>summo</strong></span> <span class='ocrx_word' id='word_1_900' title='bbox 2729 4733 2906 4786; x_wconf 78' lang='lat' dir='ltr'><strong>studio</strong></span> <span class='ocrx_word' id='word_1_901' title='bbox 2932 4731 3184 4802; x_wconf 85' lang='lat' dir='ltr'><strong>fugiebat.</strong></span> <span class='ocrx_word' id='word_1_902' title='bbox 3216 4731 3286 4786; x_wconf 85' lang='lat' dir='ltr'><strong>Et</strong></span> <span class='ocrx_word' id='word_1_903' title='bbox 3313 4731 3432 4786; x_wconf 91' lang='lat' dir='ltr'><strong>ideo</strong></span> <span class='ocrx_word' id='word_1_904' title='bbox 3465 4730 3673 4786; x_wconf 87' lang='lat' dir='ltr'><strong>dicebat</strong></span> <span class='ocrx_word' id='word_1_905' title='bbox 3699 4730 3715 4760; x_wconf 84' lang='lat'><strong>’</strong></span> <span class='ocrx_word' id='word_1_906' title='bbox 3754 4748 3768 4782; x_wconf 89' lang='lat'><strong>:</strong></span> 
     </span>
    </p>
   </div>
   <div class='ocr_carea' id='block_1_109' title="bbox 2187 4823 3767 4895">
    <p class='ocr_par' dir='ltr' id='par_1_109' title="bbox 2187 4823 3767 4895">
     <span class='ocr_line' id='line_1_109' title="bbox 2187 4823 3767 4895; baseline -0.001 -19"><span class='ocrx_word' id='word_1_907' title='bbox 2187 4825 2337 4892; x_wconf 84' lang='lat' dir='ltr'><strong>Quod</strong></span> <span class='ocrx_word' id='word_1_908' title='bbox 2363 4827 2405 4878; x_wconf 83' lang='lat' dir='ltr'><strong>si</strong></span> <span class='ocrx_word' id='word_1_909' title='bbox 2431 4825 2582 4878; x_wconf 89' lang='lat' dir='ltr'><strong>etiam</strong></span> <span class='ocrx_word' id='word_1_910' title='bbox 2602 4825 2882 4895; x_wconf 85' lang='lat' dir='ltr'><strong>contempsi</strong></span> <span class='ocrx_word' id='word_1_911' title='bbox 2895 4824 3150 4893; x_wconf 85' lang='lat' dir='ltr'><strong>judicium</strong></span> <span class='ocrx_word' id='word_1_912' title='bbox 3170 4824 3298 4878; x_wconf 86' lang='lat' dir='ltr'><strong>servi</strong></span> <span class='ocrx_word' id='word_1_913' title='bbox 3325 4824 3421 4876; x_wconf 86' lang='lat' dir='ltr'><strong>mei</strong></span> <span class='ocrx_word' id='word_1_914' title='bbox 3446 4824 3522 4876; x_wconf 92' lang='lat' dir='ltr'><strong>vel</strong></span> <span class='ocrx_word' id='word_1_915' title='bbox 3545 4823 3767 4884; x_wconf 76' lang='lat' dir='ltr'><strong>ancilla&#39;,</strong></span> 
     </span>
    </p>
   </div>
   <div class='ocr_carea' id='block_1_110' title="bbox 2181 4915 3768 4985">
    <p class='ocr_par' dir='ltr' id='par_1_110' title="bbox 2181 4915 3768 4985">
     <span class='ocr_line' id='line_1_110' title="bbox 2181 4915 3768 4985; baseline -0.002 -16"><span class='ocrx_word' id='word_1_916' title='bbox 2181 4932 2294 4969; x_wconf 88' lang='lat' dir='ltr'><strong>cum</strong></span> <span class='ocrx_word' id='word_1_917' title='bbox 2326 4915 2579 4985; x_wconf 81' lang='lat' dir='ltr'><strong>litigarem</strong></span> <span class='ocrx_word' id='word_1_918' title='bbox 2609 4932 2801 4968; x_wconf 88' lang='lat' dir='ltr'><strong>mecum</strong></span> <span class='ocrx_word' id='word_1_919' title='bbox 2833 4930 2852 4968; x_wconf 91' lang='lat'><strong><em>:</em></strong></span> <span class='ocrx_word' id='word_1_920' title='bbox 2877 4915 2953 4968; x_wconf 81' lang='lat' dir='ltr'><strong>vel</strong></span> <span class='ocrx_word' id='word_1_921' title='bbox 2983 4921 3084 4967; x_wconf 78' lang='lat' dir='ltr'><strong>non</strong></span> <span class='ocrx_word' id='word_1_922' title='bbox 3109 4915 3237 4967; x_wconf 84' lang='lat' dir='ltr'><strong>sicut</strong></span> <span class='ocrx_word' id='word_1_923' title='bbox 3257 4930 3347 4985; x_wconf 82' lang='lat' dir='ltr'><strong>ego</strong></span> <span class='ocrx_word' id='word_1_924' title='bbox 3367 4915 3462 4985; x_wconf 73' lang='lat' dir='ltr'><strong>fui,</strong></span> <span class='ocrx_word' id='word_1_925' title='bbox 3488 4916 3691 4985; x_wconf 79' lang='lat' dir='ltr'><strong>[uerunt</strong></span> <span class='ocrx_word' id='word_1_926' title='bbox 3719 4922 3768 4966; x_wconf 89' lang='lat' dir='ltr'><strong>et</strong></span> 
     </span>
    </p>
   </div>
   <div class='ocr_carea' id='block_1_111' title="bbox 2179 5005 3773 5078">
    <p class='ocr_par' dir='ltr' id='par_1_111' title="bbox 2179 5005 3773 5078">
     <span class='ocr_line' id='line_1_111' title="bbox 2179 5005 3773 5078; baseline -0.002 -17"><span class='ocrx_word' id='word_1_927' title='bbox 2179 5009 2309 5078; x_wconf 69' lang='grc' dir='ltr'>ἔρεξ’</span> <span class='ocrx_word' id='word_1_928' title='bbox 2332 5006 2471 5078; x_wconf 86' lang='lat' dir='ltr'><strong>(Job.</strong></span> <span class='ocrx_word' id='word_1_929' title='bbox 2491 5008 2544 5062; x_wconf 84' lang='lat'><strong>5.</strong></span> <span class='ocrx_word' id='word_1_930' title='bbox 2574 5007 2685 5078; x_wconf 78' lang='grc'><strong>15).</strong></span> <span class='ocrx_word' id='word_1_931' title='bbox 2713 5007 2776 5061; x_wconf 84' lang='lat' dir='ltr'><strong>Et</strong></span> <span class='ocrx_word' id='word_1_932' title='bbox 2797 5009 2898 5060; x_wconf 86' lang='lat' dir='ltr'><strong>hoc</strong></span> <span class='ocrx_word' id='word_1_933' title='bbox 2918 5021 3047 5076; x_wconf 77' lang='lat' dir='ltr'><strong>ergo</strong></span> <span class='ocrx_word' id='word_1_934' title='bbox 3068 5007 3227 5062; x_wconf 87' lang='lat' dir='ltr'><strong>etiam</strong></span> <span class='ocrx_word' id='word_1_935' title='bbox 3251 5005 3504 5076; x_wconf 86' lang='lat' dir='ltr'><strong>injustitia</strong></span> <span class='ocrx_word' id='word_1_936' title='bbox 3522 5017 3623 5074; x_wconf 82' lang='lat' dir='ltr'><strong>est,</strong></span> <span class='ocrx_word' id='word_1_937' title='bbox 3651 5020 3773 5060; x_wconf 68' lang='lat' dir='ltr'><strong>esse</strong></span> 
     </span>
    </p>
   </div>
   <div class='ocr_carea' id='block_1_112' title="bbox 2179 5101 2933 5169">
    <p class='ocr_par' dir='ltr' id='par_1_112' title="bbox 2179 5101 2933 5169">
     <span class='ocr_line' id='line_1_112' title="bbox 2179 5101 2933 5169; baseline -0.005 -15"><span class='ocrx_word' id='word_1_938' title='bbox 2179 5101 2468 5169; x_wconf 88' lang='lat' dir='ltr'><strong>superbum</strong></span> <span class='ocrx_word' id='word_1_939' title='bbox 2495 5109 2550 5154; x_wconf 86' lang='lat' dir='ltr'><strong>et</strong></span> <span class='ocrx_word' id='word_1_940' title='bbox 2575 5109 2933 5169; x_wconf 80' lang='lat' dir='ltr'><strong>arrogantem.</strong></span> 
     </span>
    </p>
   </div>
   <div class='ocr_carea' id='block_1_113' title="bbox 2250 5189 3768 5259">
    <p class='ocr_par' dir='ltr' id='par_1_113' title="bbox 2250 5189 3768 5259">
     <span class='ocr_line' id='line_1_113' title="bbox 2250 5189 3768 5259; baseline -0.001 -14"><span class='ocrx_word' id='word_1_941' title='bbox 2250 5193 2305 5247; x_wconf 76' lang='grc'><strong>2.</strong></span> <span class='ocrx_word' id='word_1_942' title='bbox 2333 5191 2790 5259; x_wconf 88' lang='lat' dir='ltr'><strong>Quemadmodum</strong></span> <span class='ocrx_word' id='word_1_943' title='bbox 2821 5191 2963 5248; x_wconf 88' lang='lat' dir='ltr'><strong>enim</strong></span> <span class='ocrx_word' id='word_1_944' title='bbox 2994 5206 3215 5245; x_wconf 89' lang='lat' dir='ltr'><strong>avarum</strong></span> <span class='ocrx_word' id='word_1_945' title='bbox 3261 5205 3382 5246; x_wconf 88' lang='lat' dir='ltr'><strong>esse</strong></span> <span class='ocrx_word' id='word_1_946' title='bbox 3423 5189 3650 5244; x_wconf 88' lang='lat' dir='ltr'><strong>dicimus</strong></span> <span class='ocrx_word' id='word_1_947' title='bbox 3679 5191 3768 5258; x_wconf 87' lang='lat' dir='ltr'><strong>qui</strong></span> 
     </span>
    </p>
   </div>
   <div class='ocr_carea' id='block_1_114' title="bbox 2244 5347 3676 5412">
    <p class='ocr_par' dir='ltr' id='par_1_114' title="bbox 2244 5347 3676 5412">
     <span class='ocr_line' id='line_1_114' title="bbox 2244 5347 3676 5412; baseline -0.002 -14"><span class='ocrx_word' id='word_1_948' title='bbox 2244 5353 2259 5382; x_wconf 79' lang='grc' dir='ltr'><strong>ι</strong></span> <span class='ocrx_word' id='word_1_949' title='bbox 2296 5349 2352 5398; x_wconf 89' lang='lat' dir='ltr'><strong>ln</strong></span> <span class='ocrx_word' id='word_1_950' title='bbox 2377 5357 2512 5412; x_wconf 73' lang='lat' dir='ltr'><strong>neg.,</strong></span> <span class='ocrx_word' id='word_1_951' title='bbox 2538 5347 2648 5400; x_wconf 83' lang='lat' dir='ltr'><strong>huic</strong></span> <span class='ocrx_word' id='word_1_952' title='bbox 2671 5349 2800 5399; x_wconf 87' lang='lat' dir='ltr'><strong>enim</strong></span> <span class='ocrx_word' id='word_1_953' title='bbox 2817 5347 3011 5398; x_wconf 86' lang='lat' dir='ltr'><strong>crimini</strong></span> <span class='ocrx_word' id='word_1_954' title='bbox 3033 5348 3212 5412; x_wconf 79' lang='lat' dir='ltr'><strong>diﬂ‘use</strong></span> <span class='ocrx_word' id='word_1_955' title='bbox 3233 5347 3462 5412; x_wconf 72' lang='lat' dir='ltr'><strong>occurrit,</strong></span> <span class='ocrx_word' id='word_1_956' title='bbox 3491 5347 3676 5412; x_wconf 80' lang='lat' dir='ltr'><strong>dicens.</strong></span> 
     </span>
    </p>
   </div>
   <div class='ocr_carea' id='block_1_115' title="bbox 2240 5363 3770 5473">
    <p class='ocr_par' dir='ltr' id='par_1_115' title="bbox 2240 5363 3770 5473">
     <span class='ocr_line' id='line_1_115' title="bbox 2244 5363 3676 5459; baseline -0.002 -61"><span class='ocrx_word' id='word_1_957' title='bbox 2244 5363 2259 5382; x_wconf 81' lang='grc' dir='ltr'><strong>ι</strong></span> <span class='ocrx_word' id='word_1_958' title='bbox 2299 5363 2352 5398; x_wconf 87' lang='lat' dir='ltr'><strong>In</strong></span> <span class='ocrx_word' id='word_1_959' title='bbox 2377 5363 2512 5459; x_wconf 49' lang='lat' dir='ltr'><strong>neﬁq</strong></span> <span class='ocrx_word' id='word_1_960' title='bbox 2538 5363 2648 5400; x_wconf 83' lang='lat' dir='ltr'><strong>Itutc</strong></span> <span class='ocrx_word' id='word_1_961' title='bbox 2671 5363 2800 5399; x_wconf 89' lang='lat' dir='ltr'><strong>emm</strong></span> <span class='ocrx_word' id='word_1_962' title='bbox 2817 5363 3010 5398; x_wconf 75' lang='lat' dir='ltr'><strong>crurum</strong></span> <span class='ocrx_word' id='word_1_963' title='bbox 3033 5363 3212 5412; x_wconf 76' lang='lat' dir='ltr'><strong>amuse</strong></span> <span class='ocrx_word' id='word_1_964' title='bbox 3233 5363 3462 5407; x_wconf 70' lang='lat' dir='ltr'><strong>occurras,</strong></span> <span class='ocrx_word' id='word_1_965' title='bbox 3491 5363 3676 5397; x_wconf 74' lang='lat' dir='ltr'><strong>arcens.</strong></span> 
     </span>
     <span class='ocr_line' id='line_1_116' title="bbox 2240 5408 3770 5473; baseline -0.005 -12"><span class='ocrx_word' id='word_1_966' title='bbox 2240 5415 2260 5443; x_wconf 80' lang='grc'>²</span> <span class='ocrx_word' id='word_1_967' title='bbox 2295 5415 2398 5461; x_wconf 83' lang='lat' dir='ltr'><strong>Loci</strong></span> <span class='ocrx_word' id='word_1_968' title='bbox 2423 5414 2435 5460; x_wconf 89' lang='lat' dir='ltr'><strong>i</strong></span> <span class='ocrx_word' id='word_1_969' title='bbox 2477 5413 2552 5460; x_wconf 88' lang='lat' dir='ltr'><strong>ius</strong></span> <span class='ocrx_word' id='word_1_970' title='bbox 2576 5427 2638 5461; x_wconf 85' lang='lat' dir='ltr'><strong>ex</strong></span> <span class='ocrx_word' id='word_1_971' title='bbox 2664 5412 2781 5460; x_wconf 88' lang='lat' dir='ltr'><strong>Jobo</strong></span> <span class='ocrx_word' id='word_1_972' title='bbox 2805 5411 2944 5473; x_wconf 88' lang='lat' dir='ltr'><strong>petiti</strong></span> <span class='ocrx_word' id='word_1_973' title='bbox 2971 5424 3080 5472; x_wconf 81' lang='lat' dir='ltr'><strong>pars</strong></span> <span class='ocrx_word' id='word_1_974' title='bbox 3105 5417 3346 5472; x_wconf 87' lang='lat' dir='ltr'><strong>postrema</strong></span> <span class='ocrx_word' id='word_1_975' title='bbox 3379 5409 3526 5472; x_wconf 76' lang='lat' dir='ltr'><strong>longe</strong></span> <span class='ocrx_word' id='word_1_976' title='bbox 3549 5408 3643 5457; x_wconf 86' lang='lat' dir='ltr'><strong>alio</strong></span> <span class='ocrx_word' id='word_1_977' title='bbox 3666 5421 3770 5473; x_wconf 65' lang='grc' dir='ltr'>ιιιοτ</span> 
     </span>
    </p>
   </div>
   <div class='ocr_carea' id='block_1_116' title="bbox 2177 5471 3768 5536">
    <p class='ocr_par' dir='ltr' id='par_1_116' title="bbox 2177 5471 3768 5536">
     <span class='ocr_line' id='line_1_117' title="bbox 2177 5471 3768 5536; baseline -0.003 -14"><span class='ocrx_word' id='word_1_978' title='bbox 2177 5474 2241 5522; x_wconf 90' lang='lat' dir='ltr'><strong>do</strong></span> <span class='ocrx_word' id='word_1_979' title='bbox 2276 5474 2407 5535; x_wconf 87' lang='lat' dir='ltr'><strong>jacet</strong></span> <span class='ocrx_word' id='word_1_980' title='bbox 2430 5474 2719 5536; x_wconf 77' lang='lat' dir='ltr'><strong>ineditione</strong></span> <span class='ocrx_word' id='word_1_981' title='bbox 2751 5471 3414 5536; x_wconf 76' lang='lat' dir='ltr'><strong>septuagintaInterpretum</strong></span> <span class='ocrx_word' id='word_1_982' title='bbox 3446 5471 3664 5536; x_wconf 68' lang='lat' dir='ltr'><strong>Romana,</strong></span> <span class='ocrx_word' id='word_1_983' title='bbox 3684 5471 3768 5517; x_wconf 67' lang='lat' dir='ltr'><strong>uri</strong></span> 
     </span>
    </p>
   </div>
   <div class='ocr_carea' id='block_1_117' title="bbox 2176 5533 3851 5604">
    <p class='ocr_par' dir='ltr' id='par_1_117' title="bbox 2176 5533 3851 5604">
     <span class='ocr_line' id='line_1_118' title="bbox 2176 5533 3851 5604; baseline -0.002 -19"><span class='ocrx_word' id='word_1_984' title='bbox 2176 5533 2289 5604; x_wconf 75' lang='lat' dir='ltr'><strong>post</strong></span> <span class='ocrx_word' id='word_1_985' title='bbox 2298 5549 2456 5593; x_wconf 87' lang='lat' dir='ltr'><strong>voces,</strong></span> <span class='ocrx_word' id='word_1_986' title='bbox 2483 5533 2724 5599; x_wconf 81' lang='lat' dir='ltr'><strong>litigarem</strong></span> <span class='ocrx_word' id='word_1_987' title='bbox 2749 5533 3035 5604; x_wconf 39' lang='lat' dir='ltr'><strong>mecum,s.ic</strong></span> <span class='ocrx_word' id='word_1_988' title='bbox 3059 5533 3278 5604; x_wconf 34' lang='lat' dir='ltr'><strong>legitur:</strong></span> <span class='ocrx_word' id='word_1_989' title='bbox 3293 5543 3454 5584; x_wconf 79' lang='lat' dir='ltr'><strong>Nonne</strong></span> <span class='ocrx_word' id='word_1_990' title='bbox 3476 5533 3596 5582; x_wconf 85' lang='lat' dir='ltr'><strong>sicut</strong></span> <span class='ocrx_word' id='word_1_991' title='bbox 3617 5538 3663 5582; x_wconf 77' lang='lat' dir='ltr'><strong>et</strong></span> <span class='ocrx_word' id='word_1_992' title='bbox 3684 5543 3772 5592; x_wconf 79' lang='lat' dir='ltr'><strong>ego</strong></span> <span class='ocrx_word' id='word_1_993' title='bbox 3843 5567 3851 5575; x_wconf 88' lang='lat'><strong>.</strong></span> 
     </span>
    </p>
   </div>
   <div class='ocr_carea' id='block_1_118' title="bbox 2177 5593 3278 5660">
    <p class='ocr_par' dir='ltr' id='par_1_118' title="bbox 2177 5593 3278 5660">
     <span class='ocr_line' id='line_1_119' title="bbox 2177 5593 3278 5660; baseline -0.003 -12"><span class='ocrx_word' id='word_1_994' title='bbox 2177 5593 2238 5648; x_wconf 64' lang='lat' dir='ltr'><strong>ile</strong></span> <span class='ocrx_word' id='word_1_995' title='bbox 2257 5605 2416 5648; x_wconf 86' lang='lat' dir='ltr'><strong>ventre</strong></span> <span class='ocrx_word' id='word_1_996' title='bbox 2438 5593 2578 5648; x_wconf 66' lang='lat' dir='ltr'><strong>natus</strong></span> <span class='ocrx_word' id='word_1_997' title='bbox 2597 5612 2720 5655; x_wconf 78' lang='lat' dir='ltr'><strong>smn,</strong></span> <span class='ocrx_word' id='word_1_998' title='bbox 2747 5597 2813 5646; x_wconf 85' lang='lat' dir='ltr'><strong>ita</strong></span> <span class='ocrx_word' id='word_1_999' title='bbox 2834 5603 2879 5646; x_wconf 86' lang='lat' dir='ltr'><strong>et</strong></span> <span class='ocrx_word' id='word_1_1000' title='bbox 2901 5595 2996 5660; x_wconf 84' lang='lat' dir='ltr'><strong>ipsi</strong></span> <span class='ocrx_word' id='word_1_1001' title='bbox 3015 5593 3133 5645; x_wconf 65' lang='lat' dir='ltr'><strong>nati</strong></span> <span class='ocrx_word' id='word_1_1002' title='bbox 3128 5601 3236 5660; x_wconf 84' lang='lat' dir='ltr'><strong>sunt</strong></span> <span class='ocrx_word' id='word_1_1003' title='bbox 3253 5593 3278 5645; x_wconf 81' lang='lat'><strong>.’</strong></span> 
     </span>
    </p>
   </div>
   <div class='ocr_carea' id='block_1_119' title="bbox 2239 5659 3768 5722">
    <p class='ocr_par' dir='ltr' id='par_1_119' title="bbox 2239 5659 3768 5722">
     <span class='ocr_line' id='line_1_120' title="bbox 2239 5659 3768 5722; baseline -0.004 -14"><span class='ocrx_word' id='word_1_1004' title='bbox 2239 5662 2312 5720; x_wconf 81' lang='grc' dir='ltr'><strong>(α)</strong></span> <span class='ocrx_word' id='word_1_1005' title='bbox 2344 5660 2474 5718; x_wconf 80' lang='lat' dir='ltr'><strong>Quod</strong></span> <span class='ocrx_word' id='word_1_1006' title='bbox 2498 5661 2575 5709; x_wconf 89' lang='lat' dir='ltr'><strong>hic</strong></span> <span class='ocrx_word' id='word_1_1007' title='bbox 2597 5661 2664 5709; x_wconf 89' lang='lat' dir='ltr'><strong>ait</strong></span> <span class='ocrx_word' id='word_1_1008' title='bbox 2693 5659 3070 5722; x_wconf 78' lang='lat' dir='ltr'><strong>(.‘hrysostOmus,</strong></span> <span class='ocrx_word' id='word_1_1009' title='bbox 3098 5659 3358 5722; x_wconf 7' lang='lat' dir='ltr'><strong>justitiam,</strong></span> <span class='ocrx_word' id='word_1_1010' title='bbox 3380 5669 3477 5706; x_wconf 90' lang='lat' dir='ltr'><strong>non</strong></span> <span class='ocrx_word' id='word_1_1011' title='bbox 3514 5667 3626 5722; x_wconf 77' lang='lat' dir='ltr'><strong>esse</strong></span> <span class='ocrx_word' id='word_1_1012' title='bbox 3664 5667 3768 5722; x_wconf 52' lang='lat' dir='ltr'><strong>[urg</strong></span> 
     </span>
    </p>
   </div>
   <div class='ocr_carea' id='block_1_120' title="bbox 2175 5716 3765 5780">
    <p class='ocr_par' dir='ltr' id='par_1_120' title="bbox 2175 5716 3765 5780">
     <span class='ocr_line' id='line_1_121' title="bbox 2175 5716 3765 5780; baseline -0.006 -8"><span class='ocrx_word' id='word_1_1013' title='bbox 2175 5716 2276 5772; x_wconf 83' lang='lat' dir='ltr'><strong>tem</strong></span> <span class='ocrx_word' id='word_1_1014' title='bbox 2295 5716 2502 5776; x_wconf 74' lang='lat' dir='ltr'><strong>virtutis,</strong></span> <span class='ocrx_word' id='word_1_1015' title='bbox 2527 5723 2613 5771; x_wconf 87' lang='lat' dir='ltr'><strong>sed</strong></span> <span class='ocrx_word' id='word_1_1016' title='bbox 2641 5716 2870 5771; x_wconf 74' lang='lat' dir='ltr'><strong>virtutem</strong></span> <span class='ocrx_word' id='word_1_1017' title='bbox 2914 5716 3210 5778; x_wconf 72' lang='lat' dir='ltr'><strong>universam,</strong></span> <span class='ocrx_word' id='word_1_1018' title='bbox 3233 5719 3429 5768; x_wconf 86' lang='lat' dir='ltr'><strong>omnino</strong></span> <span class='ocrx_word' id='word_1_1019' title='bbox 3468 5717 3673 5780; x_wconf 78' lang='lat' dir='ltr'><strong>quadrat</strong></span> <span class='ocrx_word' id='word_1_1020' title='bbox 3705 5716 3765 5763; x_wconf 80' lang='lat' dir='ltr'><strong>ad</strong></span> 
     </span>
    </p>
   </div>
   <div class='ocr_carea' id='block_1_121' title="bbox 2175 5778 3763 5848">
    <p class='ocr_par' dir='ltr' id='par_1_121' title="bbox 2175 5778 3763 5848">
     <span class='ocr_line' id='line_1_122' title="bbox 2175 5778 3763 5848; baseline -0.005 -15"><span class='ocrx_word' id='word_1_1021' title='bbox 2175 5783 2292 5848; x_wconf 85' lang='lat' dir='ltr'><strong>illud</strong></span> <span class='ocrx_word' id='word_1_1022' title='bbox 2318 5783 2636 5848; x_wconf 55' lang='lat' dir='ltr'><strong>anpedoclis:</strong></span> <span class='ocrx_word' id='word_1_1023' title='bbox 2663 5798 2696 5833; x_wconf 78' lang='grc' dir='ltr'>ιν</span> <span class='ocrx_word' id='word_1_1024' title='bbox 2721 5792 2763 5832; x_wconf 70' lang='grc' dir='ltr'>δι</span> <span class='ocrx_word' id='word_1_1025' title='bbox 2785 5792 2998 5848; x_wconf 42' lang='lat' dir='ltr'><strong>suum“</strong></span> <span class='ocrx_word' id='word_1_1026' title='bbox 3019 5791 3228 5848; x_wconf 51' lang='lat' dir='ltr'><strong>cunisan</strong></span> <span class='ocrx_word' id='word_1_1027' title='bbox 3244 5778 3550 5848; x_wconf 48' lang='lat' dir='ltr'><strong>satam-ﬁn,</strong></span> <span class='ocrx_word' id='word_1_1028' title='bbox 3564 5813 3580 5838; x_wconf 91' lang='lat'><strong>,</strong></span> <span class='ocrx_word' id='word_1_1029' title='bbox 3605 5778 3651 5826; x_wconf 83' lang='lat' dir='ltr'><strong>id</strong></span> <span class='ocrx_word' id='word_1_1030' title='bbox 3670 5785 3763 5836; x_wconf 84' lang='lat' dir='ltr'><strong>est,</strong></span> 
     </span>
    </p>
   </div>
   <div class='ocr_carea' id='block_1_122' title="bbox 2174 5844 3668 5908">
    <p class='ocr_par' dir='ltr' id='par_1_122' title="bbox 2174 5844 3668 5908">
     <span class='ocr_line' id='line_1_123' title="bbox 2174 5844 3668 5908; baseline -0.006 -11"><span class='ocrx_word' id='word_1_1031' title='bbox 2174 5849 2222 5897; x_wconf 82' lang='lat' dir='ltr'><strong>in</strong></span> <span class='ocrx_word' id='word_1_1032' title='bbox 2238 5844 2431 5907; x_wconf 80' lang='lat' dir='ltr'><strong>jnstitia</strong></span> <span class='ocrx_word' id='word_1_1033' title='bbox 2453 5853 2611 5895; x_wconf 88' lang='lat' dir='ltr'><strong>antem</strong></span> <span class='ocrx_word' id='word_1_1034' title='bbox 2636 5845 3014 5908; x_wconf 80' lang='lat' dir='ltr'><strong>comprehensim</strong></span> <span class='ocrx_word' id='word_1_1035' title='bbox 3038 5844 3304 5895; x_wconf 84' lang='lat' dir='ltr'><strong>continetur</strong></span> <span class='ocrx_word' id='word_1_1036' title='bbox 3325 5844 3478 5893; x_wconf 83' lang='lat' dir='ltr'><strong>onmis</strong></span> <span class='ocrx_word' id='word_1_1037' title='bbox 3501 5844 3668 5892; x_wconf 75' lang='lat' dir='ltr'><strong>tv&#39;rtns.</strong></span> 
     </span>
    </p>
   </div>
  </div>
