4106 6414
367 388 440 448 ω
1502 366 1869 438 EXPOSITIO
1910 374 1945 430 ι]

2048 371 2343 429 ’SALMUM
2386 372 2472 428 IV.
3556 376 3631 429 ω

366 504 442 575 γῆ
474 502 630 557 αὐτὴν
678 500 1093 572 ἀπεστρέφετο,
1126 494 1811 577 μὴιφέρουσαμιαίνεσθαι
1841 509 1946 546 πα-

362 595 611 668 τραλῴου
642 593 905 667 βήμασιν.
943 593 1009 647 El
1041 590 1147 663 7&9
1187 590 1280 643 τὸν
1322 587 1500 642 Δαθάν
1532 587 1677 642 κατά
1702 586 1946 649 Μωσέως

366 690 677 762 λαλήσαντα
704 686 961 751 κατέπιε,
990 684 1163 741 καὶτὸ
1192 685 1365 756 στόμα
1396 683 1566 753 αὐτῆς
1600 681 1778 753 ἦνοιξε
1805 679 1945 734 κατά

366 783 465 838 τοῦ
496 781 683 845 κακῶς
703 780 764 835 τὸ
796 778 979 850 στόμα
1010 776 1312 844 ἀνοίξαντος
1334 816 1349 841 ,
1383 776 1502 839 πῶς
1532 770 1644 845 εἷχε
1681 773 1945 843 βαστάσαι

369 874 540 936 πόδας
575 870 715 927 κατά
771 869 979 937 γονέως
1027 868 1351 940 τρέχονταςς
1414 865 1499 929 '0;
1553 862 1649 919 οὖν
1702 865 1795 917 ἐπὶ
1851 861 1944 917 τοῦ

369 963 589 1035 δένδρου
641 960 844 1032 ὑψηλὸς
889 959 1185 1031 ἐκρέματο,
1233 955 1467 1026 ἐπῆλθεν
1510 954 1660 1025 αὑτῷ
1712 951 1869 1007 Ἰωάϐ
1916 953 1945 1005 ό

368 1053 809 1128 ἀρχιστράτηγος
832 1092 847 1117 ,
886 1051 982 1105 καὶ
1024 1051 1172 1121 τρεῖς
1219 1047 1411 1112 ἀκίδας
1447 1048 1528 1112 είς
1578 1046 1677 1117 τὴν
1720 1045 1947 1117 καρδίαν

369 1146 471 1201 τοῦ
490 1144 747 1218 ἀκαρδίου
771 1141 1057 1214 ἐνέπηξεν,
1075 1142 1190 1195 ἐκεῖ
1213 1138 1373 1193 αὑτὸν
1395 1138 1664 1210 πλήττων,
1695 1138 1828 1191 ὅπου
1851 1137 1949 1206 τῆς

372 1238 607 1310 ἀνομίας
653 1238 689 1308 ή
738 1236 914 1306 θήκη’
965 1233 1059 1287 καὶ
1100 1232 1177 1296 ὠς
1222 1231 1423 1302 ὑψηλὸς
1465 1230 1558 1284 ἐπὶ
1593 1227 1687 1283 τοῦ
1730 1227 1946 1299 δένδρου

375 1333 670 1402 ἐκρέματο,
685 1326 850 1383 καλὸν
869 1324 1153 1394 ἐπιτάφιον
1174 1321 1326 1395 αύτῷ
1354 1323 1385 1376 ὁ
1418 1320 1581 1376 Δαυῒδ
1607 1319 1911 1390 ὑπέψαλλεν
1932 1337 1944 1349 ·

374 1420 558 1478 εἵδον
586 1420 696 1476 τὸν
731 1417 922 1487 ἀσεϐῆ
956 1416 1453 1486 ὑπερνψούμενον
1490 1414 1591 1468 καί
1633 1413 1946 1482 ἐπαιρόμε-

368 1530 503 1576 νον,
526 1512 607 1577 ὡς
626 1511 733 1575 τὰς
753 1508 997 1577 κέδρους
1031 1507 1139 1562 τοῦ
1158 1506 1416 1561 Λιϐάνου
1436 1518 1450 1534 '
1490 1503 1589 1558 καί
1613 1502 1945 1573 παρῆλθον,

371 1605 472 1658 καὶ
520 1603 651 1657 ἰδοὺ
691 1602 805 1655 οὐκ
840 1596 940 1670 ἦν.
970 1596 1221 1667 Ψαλμὸς
1243 1596 1323 1663 τῷ
1364 1595 1580 1661 Δαυῒδ,
1615 1595 1713 1649 ὅτε
1745 1592 1950 1649 ἀπεδι-

372 1696 641 1764 δρασκεν
681 1694 801 1748 ἀπό
850 1690 1174 1761 προσώπου
1226 1687 1602 1757 Ἆϐεσσαλὼμ
1650 1686 1759 1742 τοῦ
1813 1682 1949 1740 υἱοῦ

370 1786 584 1841 αὑτοῦ.
626 1782 1013 1851 ’Δπεδίδρασκε
1035 1781 1091 1835 δὲ
1122 1780 1220 1851 οὐχ
1252 1780 1326 1843 ὼς
1359 1776 1784 1848 δειλαινόμενος,
1811 1772 1947 1828 ἀλλά

371 1878 629 1949 φονεῦσαι
655 1876 747 1930 τὸν
778 1875 895 1929 υἱὸν
923 1873 1321 1945 εὐλαϐούμενος
1345 1888 1360 1904 ⁸
1414 1871 1509 1926 καὶ
1541 1869 1650 1941 γὰρ
1680 1868 1843 1932 αὑτὸς
1873 1867 1949 1931 ὼς

370 1973 565 2027 τέκνου
592 1969 849 2039 ἐφείδετο,
886 1966 1001 2021 ἀλλ’
1022 1968 1072 2021 οί
1100 1967 1197 2020 σὺν
1237 1962 1384 2035 αὐτῷ
1412 1963 1512 2018 οὐκ
1545 1961 1612 2017 ἀν
1640 1961 1714 2025 ὡς
1747 1958 1948 2029 ἀντάρ-

371 2080 468 2117 του
498 2062 799 2132 ἐφείσαντο.
825 2060 990 2113 Ὅθεν
1018 2061 1047 2113 ὁ
1071 2057 1233 2112 Δαυῖδ
1262 2058 1368 2111 ὑπὸ
1396 2053 1489 2109 τοῦ
1530 2053 1646 2108 υἱοῦ
1679 2051 1946 2121 διωκόμε-

372 2172 485 2219 νος,
518 2156 615 2208 καὶ
646 2154 751 2208 ὑπὸ
773 2152 868 2206 τοῦ
896 2150 1088 2222 Σεμεεὶ
1113 2149 1180 2202 δι’
1207 2148 1372 2202 αὑτὸν
1396 2145 1826 2218 λοιδορούμενος,
1848 2143 1947 2196 αύο

370 2246 465 2309 τὸς
509 2245 609 2315 μὲν
654 2241 1064 2315 ἐμακροθύμει·
1099 2239 1286 2308 ἐπειδὴ
1318 2238 1376 2292 δέ
1410 2236 1593 2291 πολλοὶ
1630 2236 1750 2289 κατ’
1780 2232 1946 2286 αὑτοῦ

370 2335 833 2399 ἐσκανδαλίζοντο,
855 2333 952 2386 καὶ
984 2331 1217 2403 μάλιστα
1246 2331 1298 2384 οἱ
1334 2328 1412 2400 τῷ
1446 2325 1802 2397 Ἀϐεσσαλὼμ
1830 2343 1950 2379 συν-

370 2428 669 2499 σιρόμενοι,
703 2427 797 2479 καὶ
830 2425 1019 2478 λοιπὸν
1042 2424 1118 2485 ὡς
1149 2424 1486 2495 ἀπρονοήτου
1519 2420 1948 2476 κατεπανίσταν-

369 2533 452 2583 το,
476 2516 750 2584 λέγοντες·
768 2514 1123 2586 Ἐρημοςνῦν
1137 2515 1166 2568 ό
1181 2512 1363 2577 Δαυῖδ,
1391 2511 1689 2584 ἀϐοήθητος
1712 2513 1947 2573 πάντως,

370 2608 467 2661 νῦν
501 2608 717 2677 ἀπέστη
752 2608 846 2661 ἀπ’
880 2606 1045 2660 αὐτοῦ
1066 2607 1095 2659 ό
1124 2606 1256 2670 Θεὸς
1280 2604 1355 2668 ὼς
1383 2603 1477 2658 καὶ
1524 2603 1635 2658 ἀπὸ
1658 2602 1749 2656 τοῦ
1777 2601 1949 2655 Σαούλ

373 2715 534 2751 ποτε·
587 2697 776 2767 ὥσπερ
800 2696 908 2768 γὰρ
933 2695 1053 2749 τότε
1080 2678 1190 2748 ἀπὸ
1222 2692 1317 2747 τοῦ
1362 2691 1531 2746 Σαοὺλ
1562 2692 1773 2761 ἀπέστη
1793 2730 1808 2755 ,
1855 2690 1950 2743 καί⁵

372 2789 562 2857 γέγονε
596 2788 735 2857 μετά
760 2787 855 2841 τοῦ
883 2786 1071 2852 Δαυῖδ,
1101 2784 1244 2838 οὕτω
1280 2783 1375 2838 νῦν
1404 2784 1511 2838 ἀπὸ
1535 2784 1626 2837 τοῦ
1658 2782 1822 2837 Δαυῖδ
1843 2783 1949 2836 ἀπ-

370 2885 526 2952 έστη,
560 2883 653 2935 καὶ
682 2881 869 2949 γέγονε
912 2880 1049 2950 μετά
1075 2878 1168 2931 τοῦ
1210 2875 1593 2947 Ἀὄεσσαλώμσ
1627 2872 1949 2929 ἐπαναστῶ-

373 2990 497 3043 μεν,
530 2970 625 3025 καὶ
658 2967 992 3040 ἐπιθώμεθα,
1040 2968 1138 3020 οὐκ
1171 2966 1285 3019 ἔστι
1334 2965 1577 3037 σωτηρία
1609 2964 1759 3035 αὐτῷ
1787 2967 1844 3017 ἐν
1872 2962 1951 3032 τῷ

370 3062 526 3132 Θεῷ·
587 3062 773 3132 ἐπειδὴ
829 3059 1004 3112 ταῦτα
1054 3057 1271 3126 ελεγον,
1321 3057 1415 3109 ἐπὶ
1457 3057 1665 3121 τούτοις
1714 3058 1743 3109 ὁ
1789 3054 1952 3109 Δαυῖδ

373 3152 535 3206 πλέον
577 3152 820 3222 ἀλγήσας
864 3150 899 3219 ἦ
945 3150 1037 3202 ἐπὶ
1072 3152 1181 3212 τοῖς
1211 3149 1305 3203 τοῦ
1337 3148 1527 3211 παιδὸς
1557 3148 1945 3220 σκιρτήμασιν,

368 3243 626 3314 ἐπερωτᾷ
671 3242 763 3295 τὸν
815 3241 978 3294 Θεόν·
1029 3241 1223 3310 Κύριε,
1276 3240 1334 3293 τί
1376 3240 1848 3309 ἐπληθύνθησαν
1896 3242 1949 3293 οἱ

371 3333 683 3400 θλίϐοντές
699 3350 775 3403 με
787 3348 807 3398 ;
824 3334 1284 3404 Περιπέφραγμαι
1309 3334 1421 3395 τοῖς
1438 3335 1783 3404 πειρασμοῖς,
1802 3349 1949 3404 περι-

370 3427 568 3495 έχομαι
598 3428 708 3488 τοῖς
736 3412 1055 3495 χειμάρροις
1096 3423 1204 3475 τῶν
1253 3423 1459 3487 κακῶν,
1494 3423 1696 3495 κατέϐη
1750 3426 1784 3495 ή
1828 3426 1948 3476 ἐπι-

369 3516 616 3579 κίνδυνος
661 3514 849 3586 βροχὴ,
895 3510 1058 3586 ἦλθον
1099 3516 1147 3566 οἰ
1194 3513 1308 3567 τῶν
1361 3514 1634 3585 πολεμίων
1687 3515 1942 3585 ποταμοὶ,

368 3608 640 3660 ἔπνευσαν
686 3608 735 3661 οἱ
768 3609 960 3678 ἄνεμοι
1011 3605 1118 3659 τῶν
1165 3606 1495 3676 πνευμάτων
1532 3602 1640 3659 τῶν
1674 3607 1945 3680 πονηρῶν,

370 3699 753 3770 πῳσέρῤηξάν
800 3716 901 3769 μου
952 3702 1017 3771 τῇ
1072 3699 1251 3770 οίκίᾳ,
1296 3700 1653 3770 μετακινῆσαι
1702 3700 1947 3763 θέλοντες

368 3793 471 3862 τὴν
502 3792 682 3863 ψυχήν
729 3808 830 3862 μου
866 3790 976 3844 ἀπὸ
1020 3790 1115 3843 σοῦ
1138 3829 1153 3853 ,
1188 3788 1323 3843 ἀλλά
1355 3788 1815 3860 τεθεμελιωμένος
1855 3790 1947 3843 ἐπὶ

365 3882 469 3954 τὴν
504 3882 708 3951 πέτραν
734 3881 832 3952 τῆς
876 3880 1146 3946 πίστεως,
1180 3880 1241 3932 ού
1282 3879 1465 3933 πίπτω
1490 3919 1504 3945 ,
1538 3878 1675 3947 ἀλλά
1720 3878 1946 3949 προσπί-

368 3990 525 4037 πτω,
559 3973 647 4026 ἵνα
679 3971 860 4043 μάθωο
902 3972 1107 4039 Κύριε,
1132 3971 1190 4023 τί
1219 3971 1695 4038 ἑπληθύνθησὰν
1721 3973 1775 4025 οι
1813 3970 1943 4024 θλί-

367 4061 579 4125 ϐοΥτές
609 4078 686 4130 με
700 4076 719 4124 ;
757 4061 813 4114 Ὀ
858 4060 918 4128 ἐξ
961 4059 1116 4131 ἐμοῦ,
1167 4060 1287 4114 κατ’
1329 4059 1486 4131 ἐμοῦ,
1522 4060 1660 4115 ἀλλά
1702 4062 1767 4115 σὺ
1803 4060 1945 4132 ὑπὲρ

365 4152 525 4224 ἐμοῦ.
567 4152 648 4205 Τά
695 4152 803 4222 ἐμὰ
962 4152 1245 4222 σπλάγχνα
1288 4151 1388 4223 ἐμὲ
1440 4151 1696 4222 πολεμεῖ·
1732 4153 1761 4205 ὁ
1811 4151 1943 4222 ἐμὸς

367 4245 497 4308 λαὸς
524 4244 700 4298 ὀπίσω
737 4242 1108 4315 Ἀϐεσσαλὼμ,
1147 4244 1208 4296 τὸ
1238 4242 1370 4315 ἐμὸν
1400 4243 1759 4313 στρατόπεδον
1785 4244 1953 4297 όπλί--

363 4333 520 4400 ζεται
564 4336 683 4389 κατ’
729 4335 880 4405 ἐμοῦ.
928 4336 1009 4389 Τά
1051 4335 1295 4406 πρόϐατά
1330 4352 1431 4407 μου
1473 4334 1624 4390 λύκοι
1662 4336 1941 4406 γεγόνασι,

365 4428 461 4479 καὶ
485 4425 694 4490 λέοντες
721 4428 769 4480 οἱ
796 4427 969 4498 ἀρνοὶ,
1026 4426 1120 4479 καὶ
1154 4426 1312 4491 κύνες
1341 4425 1644 4492 λυσσῶντες
1674 4430 1723 4481 οἱ
1753 4429 1940 4499 ἀμνοὶ,

366 4519 460 4569 καὶ
499 4515 689 4588 ταῦροι
736 4520 1050 4589 κερατισταὶ
1090 4521 1138 4572 οἱ
1172 4520 1316 4591 κριοί
1337 4537 1352 4551 ⁸
1382 4520 1445 4573 οὑ
1486 4520 1552 4574 δι’
1577 4520 1813 4589 ἐμαυτὸν
1846 4520 1941 4573 λυ-

364 4607 601 4678 ποῦμαι,
632 4608 767 4663 ἀλλὰ
791 4609 887 4681 τήν
913 4609 1117 4663 τούτων
1144 4610 1418 4665 ἀπώλειαν
1448 4610 1631 4684 θρηνῶ
1650 4620 1690 4666 ⁸.

578 4786 934 4841 EPMHNEIA
975 4788 1082 4841 ΕΙΣ
1117 4788 1251 4841 TUN
1293 4790 1345 4842 A'
1384 4789 1704 4843 ΨΑΛΜΟΝ.

376 4922 483 4975 ἐν
533 4918 613 4986 τῷ
650 4920 1062 4994 ἐπικαλεῖσθαί
1095 4939 1173 4992 με
1213 4921 1543 4989 είσήκουσέ
1576 4941 1653 4994 με
1695 4927 1728 4978 ό
1780 4925 1924 4980 Θεόρ

803 4990 912 5059 τῆς
943 4990 1333 5060 δικαιοσύνης
1352 5011 1495 5063 μου.

430 5108 507 5159 α’.
539 5107 652 5177 Οὐχ
689 5107 776 5160 ἵνα
816 5107 1002 5172 ἁπλῶς
1038 5108 1319 5180 μάθωμεν,
1353 5111 1437 5164 ὃτι
1467 5089 1737 5183 ἠκούσθη,
1766 5113 1939 5166 ταῦτα

361 5197 660 5266 φθέγγεται
691 5200 722 5251 ὁ
745 5200 1037 5271 Προφήτης
1058 5216 1074 5232 ο
1109 5201 1224 5255 ἀλλ’
1267 5203 1357 5258 ἵνα
1404 5204 1784 5276 παιδευθῶμεν
1822 5207 1940 5270 πῶς

361 5293 457 5346 καὶ
477 5293 632 5345 αὐτοὶ
657 5290 944 5355 καλοῦντες
965 5293 1057 5346 τὸν
1079 5294 1208 5349 Θεὸν
1236 5298 1568 5368 ἀκουσθῆναι
1594 5299 1937 5371 δυνησόμεθα

359 5383 569 5454 ταχέως
596 5423 610 5446 ,
656 5386 749 5437 καὶ
775 5383 885 5454 πρὸ
920 5384 1015 5437 τοῦ
1039 5385 1228 5451 τέλους
1267 5388 1368 5457 τῆς
1407 5390 1572 5460 εὗχῆς
1598 5394 1698 5462 τὴν
1725 5393 1939 5464 αἴτησιν

359 5480 560 5533 λαϐεῖν.
590 5476 669 5534 05
704 5479 813 5549 7&9
842 5474 987 5541 εἷπε,
1005 5479 1156 5535 Μετὰ
1177 5480 1237 5533 τὸ
1263 5480 1693 5537 ἐπικαλέσασθαι
1735 5501 1801 5553 με
1828 5486 1939 5539 εἰσ-

363 5571 557 5644 ήκουσὲ
605 5589 730 5643 μου,
755 5570 894 5633 ἀλλ’,
938 5571 1025 5622 Ἑν
1053 5570 1128 5641 τῷ
1156 5573 1532 5627 ἐπικαλεῖσθαί
1567 5591 1655 5644 με.
1685 5579 1792 5630 Καὶ
1831 5579 1938 5648 γὰρ

415 5742 439 5767 a
465 5737 584 5799 Reg.
606 5736 850 5802 ἀπῴλειαν
878 5733 1081 5802 θρηνῶν,
1103 5734 1179 5781 σοὶ
1203 5737 1270 5802 εῴ
1295 5742 1473 5802 σωτῆρε
1517 5738 1796 5802 εὐχαρισῖῶ
1821 5743 1935 5793 non

359 5816 430 5851 qu:
447 5794 606 5858 πρέπει
621 5801 651 5857 ἠ
674 5797 790 5853 δόξα
810 5795 897 5843 καὶ
920 5794 976 5841 τὸ
999 5794 1169 5856 κράτος
1198 5794 1272 5845 νῦν
1293 5798 1372 5846 καὶ
1397 5794 1489 5859 ἀεί,
1525 5794 1621 5850 ch".

2051 485 2145 539 καὶ
2175 484 2340 538 αὑτοῦ
2378 483 2473 538 τοῦ
2503 482 2640 540 Θεοῦ
2672 482 2893 555 τοιαύτη
2926 482 3008 548 τίς
3041 483 3190 538 ἐστιν
3221 483 3513 556 ὑπόσχεσις
3545 486 3629 540 λέρ

2052 568 2239 638 γοντός
2264 586 2368 623 που
2397 569 2535 640 πρὸς
2555 571 2647 625 τὸν
2670 571 3116 643 ἐπικαλούμενον·
3144 574 3267 627 Ἔτι
3292 574 3631 643 λαλοῦντός

2049 676 2167 717 σου
2190 660 2323 731 ἐρῶ·
2349 663 2497 718 Ἰδοὺ
2531 663 2790 737 πάρειμι.
2815 667 2888 720 Οὐ
2910 665 3021 737 γὰρ
3051 666 3114 738 δὴ
3145 667 3405 739 ῥημάτων
3429 667 3634 739 πλῆθος

2048 758 2256 813 πείθειν
2278 758 2373 811 τὸν
2406 756 2539 811 Θεὸν
2568 757 2777 824 εἴωθεν,
2814 757 2951 811 ἀλλά
2980 757 3197 828 καθαρά
3226 759 3373 830 ψυχὴ
3402 761 3497 814 καὶ
3535 761 3627 831 ἐρ-

2047 868 2159 920 γων
2191 847 2412 920 ἀγαθῶν
2453 848 2730 914 ἐπίδειξις.
2780 849 2923 920 Πρὸς
2972 848 3101 918 γοῦν
3138 850 3265 914 τοὺς
3304 851 3361 903 ἐν
3394 850 3629 922 πονηρία

2052 943 2149 1014 μὲν
2170 940 2399 1007 ζῶντας,
2420 940 2833 1011 προσδοκῶντας
2858 940 2914 994 δὲ
2938 939 3015 1011 τῷ
3041 941 3204 1012 μήκει
3226 940 3339 994 τῶν
3361 942 3628 1013 ῥημάτων

2048 1035 2317 1089 δυσωπεῖν
2352 1033 2536 1097 αὑτὸν,
2586 1033 2687 1105 ὅρα
2721 1032 2773 1087 τί
2822 1048 3008 1102 φησιν.
3052 1031 3231 1086 Ὅταν
3278 1033 3629 1101 πληθύνητε

2048 1127 2165 1196 τὴν
2191 1127 2424 1195 δέησιν,
2447 1128 2559 1180 οὐκ
2586 1127 3019 1194 εὶσακούσομαι
3047 1122 3234 1194 ὑμῶν.
3272 1124 3414 1179 Ἐὰν
3446 1126 3628 1180 ἐκτεί-

2049 1234 2194 1285 νητε
2214 1217 2322 1281 τὰς
2344 1215 2568 1286 χεῖρας,
2587 1214 2948 1283 ἀποστρέψω
2977 1213 3119 1280 τοὺς
3143 1215 3491 1284 ὀφθαλμούς
3506 1230 3628 1286 μου

2050 1306 2150 1376 ἀφ’
2176 1304 2363 1375 ὑμῶν.
2392 1306 2533 1377 ΙἌρα
2564 1305 2670 1377 πρὸ
2693 1304 2802 1358 τῶν
2831 1304 3005 1358 ἀλλων
3031 1304 3285 1358 ἀπάντων
3315 1305 3628 1378 παρρησίαν

2049 1399 2131 1453 δεῖ
2160 1398 2252 1453 τὸν
2295 1398 2585 1469 εὐχόμενον
2616 1382 2783 1469 ἔχειν,
2831 1399 2924 1451 καὶ
2961 1397 3177 1461 πάντως
3204 1396 3395 1467 ἕψεται
3424 1397 3493 1450 τὰ
3530 1396 3629 1468 τῆς

2050 1490 2317 1562 αἰτήσεως
2340 1529 2353 1543 .
2411 1490 2511 1543 Διά
2533 1506 2615 1542 τοι
2647 1487 2807 1542 τοῦτο
2836 1489 2929 1543 καὶ⁷
2955 1491 2981 1542 ὁ
3010 1488 3299 1562 Προφήτης
3324 1489 3424 1544 οὐκ
3452 1484 3626 1555 εἶπεν,

2051 1579 2377 1651 Εἰσήκουσεν
2408 1579 2564 1652 ἐμοῦ,
2593 1580 2749 1645 ἀλλὰ,
2790 1581 2905 1651 Τῆς
2931 1581 3325 1649 δικαιοσύνης
3349 1599 3490 1651 μου,
3530 1583 3630 1653 τὴν

2052 1673 2186 1745 πρὸς
2212 1674 2304 1727 τὸν
2331 1672 2464 1727 Θεὸν
2484 1672 2648 1728 αὑτοῦ
2677 1674 2989 1747 παρρησίαν
3011 1674 3243 1740 δεικνὺς,
3267 1675 3361 1728 καὶ
3384 1674 3459 1738 ὡς
3491 1675 3629 1745 μετὰ

2049 1764 2251 1833 ταύτης
2287 1764 2437 1836 αὑτῷ
2480 1765 2710 1837 προσῄει
2742 1764 2831 1819 διὰ
2877 1765 3100 1829 παντός.
3148 1765 3352 1837 Μηδεὶς
3380 1765 3437 1819 δὲ
3465 1766 3629 1820 αὑτὸν

2053 1858 2449 1930 μεγαληγορεῖν
2477 1857 2715 1928 ἡγείσθω
2758 1856 2930 1911 ταῦτα
2960 1858 3207 1926 λέγοντα.
3252 1859 3330 1937 Οὐ
3362 1858 3470 1929 γὰρ
3496 1860 3628 1912 ἐαυ-

2049 1946 2141 2000 τὸν
2176 1948 2380 2017 ἐπᾶραι
2410 1946 2733 2018 βουλόμενος
2766 1946 2941 2001 ταῦτά
2988 1963 3174 2019 φησιν,
3205 1946 3341 2001 ἀλλά
3371 1947 3629 2002 διδασκα-

2048 2033 2169 2087 λίαν
2193 2052 2314 2087 τινα
2342 2033 2434 2087 καὶ⁵
2461 2034 2786 2105 παραίνεσιν
2816 2034 3001 2105 κοινὴν
3023 2034 3158 2087 πολὺ
3182 2034 3371 2105 κέρδος
3402 2034 3630 2106 ἔχουσαν

2049 2121 2302 2189 είσάγων.
2328 2120 2446 2173 Ἵνα
2472 2120 2581 2192 7&9
2610 2121 2684 2192 μή
2713 2137 2796 2183 τις
2828 2119 3074 2193 λέγῃ,δτι
3099 2121 3334 2185 Ἐκεῖνος
3364 2122 3627 2192 ἠκούσθη,

2050 2207 2238 2279 ἐπειδὴ
2301 2205 2465 2260 Δαυῒδ
2524 2203 2630 2277 ἦν,
2676 2205 2787 2275 ἐγὼ
2834 2207 2892 2261 δὲ
2939 2207 3039 2262 οὐκ
3094 2208 3629 2281 είσακουσθήσομαι.

2050 2295 2239 2367 ἐπειδὴ
2284 2295 2478 2366 μικρὸς
2508 2296 2600 2349 καὶ
2628 2294 2851 2365 εὐτελής
2894 2296 3041 2366 εἰμι’
3074 2295 3346 2349 δείκνυσιν
3375 2297 3456 2351 ὃτι
3505 2296 3631 2351 οὔτε

2050 2381 2259 2435 ἐκείνου
2287 2381 2475 2446 ἀπλῶς
2506 2381 2695 2436 ἀκούει
2728 2422 2743 2447 ,
2775 2382 2898 2435 οὔτε
2931 2382 3024 2437 σοῦ
3055 2383 3360 2453 παρακούει
3392 2387 3510 2457 εἰκῆ
3540 2386 3633 2439 καὶ

2048 2469 2124 2533 ὡς
2171 2469 2379 2540 ἔτυχεν,
2427 2469 2563 2525 ἀλλά
2610 2469 2887 2540 πανταχοῦ
2934 2470 3042 2523 τῶν
3093 2471 3435 2541 πραγμάτων
3485 2474 3632 2526 ἐστὶν

2051 2557 2285 2629 ἀκριϐὴς
2328 2557 2550 2629 θεωρός.
2602 2557 2717 2611 Κᾶν
2759 2556 2931 2610 ταῦτα
2962 2557 3092 2630 ἔχῃς
3128 2556 3199 2610 τὰ
3238 2558 3511 2629 δυνάμενά
3550 2578 3628 2614 σοι

2054 2646 2776 2717 συνηγορῆσαι,ἀκουσθὴση
2807 2647 3267 2719 πάντως.Ὢσπερ
3292 2647 3358 2700 ἂν
3384 2648 3459 2719 μὴ
3482 2648 3626 2720 ἔχῃς.

2050 2734 2160 2787 οὐδ’
2180 2734 2246 2787 ἂν
2276 2732 2440 2787 Δαυῒδ
2466 2730 2555 2808 ᾖς,
2584 2737 2768 2788 πεῖσαι
2798 2736 3000 2806 δυνήσῃ
3027 2735 3118 2790 τὸν
3146 2736 3298 2788 Θεόν.
3334 2738 3441 2789 Καὶ
3461 2738 3625 2792 καθά⁴

2054 2838 2160 2891 περ
2198 2823 2247 2876 οἰ
2293 2822 2691 2893 φιλοχρήματοι
2741 2820 2864 2875 οὔτε
2905 2822 3042 2893 πρὸς
3097 2822 3285 2888 ἀξίαν,
3325 2822 3450 2877 οὔτε
3498 2826 3630 2896 πρὸς

2051 2909 2137 2963 ἓτε
2148 2927 2237 2981 ρον
2261 2909 2410 2963 οὐδὲν
2436 2910 2745 2980 βλέπουσιν,
2769 2909 2884 2962 ἀλλ’
2909 2910 2942 2980 ἢ
2969 2911 3093 2973 τοὺς
3123 2910 3386 2983 ἀργύριον
3412 2911 3635 2981 ἔχοντας

2055 2997 2235 3067 μόνον,
2265 2997 2360 3050 καὶ
2388 2996 2465 3060 ὡς
2486 2998 2663 3050 πάντα
2691 2995 2981 3060 ἀνύσοντες
3007 2997 3204 3050 ἀπίασι
3236 2998 3372 3067 πρὸς
3395 3000 3595 3064 αὐτούς
3612 3025 3626 3039 ο

2050 3085 2191 3138 οῦτω
2232 3085 2325 3138 καὶ
2356 3087 2384 3138 ό
2409 3085 2539 3148 Θεὸς
2566 3083 2750 3138 ἐπειδὴ
2798 3084 3146 3155 δικαιοσύνης
3190 3085 3339 3139 ἐστὶν
3372 3088 3627 3158 ἐραστὴς,

2051 3174 2109 3239 δς
2134 3174 2198 3228 ἂν
2225 3173 2364 3244 μετά
2386 3174 2586 3244 ταύτης
2615 3174 2743 3246 ἔλθῃ
2766 3175 2901 3245 πρὸς
2934 3173 3116 3240 αὑτὸν,
3148 3175 3248 3228 ούκ
3271 3176 3633 3231 ἀπελεύσεται

2052 3263 2229 3326 κενὸς,
2257 3262 2446 3334 ὥσπερ
2469 3257 2561 3316 οῦν
2595 3264 2623 3316 ὁ
2654 3261 2859 3331 ταύτης
2888 3264 3077 3334 χωρὶς,
3113 3263 3342 3327 καὶτοῖς
3369 3266 3632 3329 ἐναντίοις

2051 3350 2429 3422 ἐμῴυρόμενος
2446 3350 2496 3414 ι),
2545 3349 2650 3403 κᾶν
2703 3350 2875 3421 μυρία
2914 3350 3205 3422 παρακαλῇ
3234 3391 3249 3414 ,
3286 3350 3449 3405 πλέον
3479 3353 3632 3406 οὐδὲν

2050 3440 2381 3511 ἐργάσεται,
2414 3437 2476 3491 τὸ
2502 3438 2708 3492 πείθειν
2734 3438 2835 3490 οὐκ
2880 3437 3019 3508 ἔχων
3052 3438 3172 3509 μεθ’
3216 3440 3433 3494 ἑαυτοῦ.
3469 3441 3632 3495 Ὥστε

2051 3529 2100 3580 εί
2145 3526 2322 3597 βούλει
2362 3544 2415 3581 τι
2468 3526 2618 3598 παρὰ
2656 3524 2777 3595 Θεῷ
2825 3524 3028 3591 ἀνύειν,
3062 3525 3266 3598 ταύτην
3306 3528 3631 3599 προσλαϐὼν

2048 3615 2225 3670 ἄπιθι.
2276 3615 2633 3686 Δικαιοσύνην
2662 3613 2743 3686 [7]
2771 3614 2827 3667 δὲ
2854 3614 3088 3667 ἐνταῦθα
3122 3614 3197 3686 μὴ
3234 3616 3398 3687 μέρος
3428 3616 3632 3687 ἀρετῆς

2049 3699 2190 3756 εἶναι
2222 3703 2425 3774 νόμιζε,
2451 3702 2566 3756 ἀλλ’
2590 3702 2883 3772 ὁλόκληρον
2908 3702 3000 3755 καὶ
3021 3700 3334 3773 καθολικὴν.
3353 3702 3510 3756 Οὕτω
3540 3705 3633 3757 καὶ

2046 3794 2075 3846 ό
2113 3791 2232 3844 Ἰὼϐ
2260 3790 2467 3854 δίκαιος
2494 3786 2582 3862 ἦν,
2614 3791 2796 3843 πᾶσαν
2832 3788 3036 3860 ἀρετὴν
3067 3788 3208 3858 ἔχων
3241 3789 3589 3863 ἀνθρωπίνην
3613 3809 3626 3819 ·

2045 3879 2107 3932 οὑ
2155 3877 2347 3931 τούτου
2399 3876 2499 3948 μὲν
2531 3876 2870 3947 ἀπεχόμενος
2919 3875 3012 3928 τοῦ
3054 3876 3314 3947 πονηροῦ,
3348 3878 3533 3948 ἐτέρου
3572 3879 3628 3932 δὲ

2047 3967 2426 4037 ἀντεχόμενος.
2458 3964 2616 4019 Οῦτω
2644 3965 2737 4019 καὶ
2764 3966 2922 4038 ἡμεῖς
2946 3965 3156 4020 δίκαιον
3186 3965 3446 4037 στάθμιον
3470 3968 3627 4021 τοῦτο

2044 4052 2276 4127 λέγομεν
2310 4054 2373 4107 τὸ
2399 4054 2673 4125 πανταχοῦ
2725 4054 2838 4107 ἴσον
2858 4070 2872 4083 ·
2903 4054 3004 4106 οὐκ
3049 4053 3145 4107 ἐὰν
3186 4054 3387 4125 χρυσὸν
3416 4055 3512 4125 μὲν
3539 4055 3625 4121 ἐξ-

2050 4144 2165 4197 ίσου
2199 4142 2350 4214 ἱστᾷν
2372 4142 2618 4216 δύνηται,
2648 4142 2907 4214 μόλυϐδον
2934 4142 2992 4195 δὲ
3019 4142 3300 4207 ἐναντίως,
3319 4142 3454 4196 ἀλλά
3484 4145 3544 4198 τὸ
3570 4148 3628 4196 ἓν

2045 4231 2287 4295 ἀπάσαις
2319 4230 2472 4295 ὕλαις
2496 4232 2593 4302 τὴν
2620 4231 2843 4303 ἰσότητα
2866 4230 3240 4302 παρεχόμενον
3259 4247 3273 4259 ·
3302 4232 3397 4284 καὶ
3429 4231 3627 4303 μέτρον

2045 4317 2230 4383 πάλιν,
2260 4317 2321 4371 τὸ
2346 4318 2623 4388 πανταχοῦ
2654 4320 2786 4372 ῐσον.
2814 4317 2969 4371 Οῦτω
2991 4320 3084 4371 καὶ
3104 4318 3132 4370 ὁ
3155 4317 3274 4371 Ἰὼϐ
3302 4318 3508 4382 δίκαιος
3536 4316 3623 4390 ἦν,

2046 4404 2320 4475 πανταχοῦ
2361 4406 2475 4470 ίσος
2503 4405 2596 4460 ὢν.
2625 4405 2762 4460 Οὐδὲ
2788 4405 2897 4475 7&9
2926 4407 2984 4457 ἐν
3010 4406 3253 4479 χρήμασι
3276 4404 3373 4476 τὴν
3406 4407 3624 4479 ἰσότητα

2044 4494 2248 4565 ταύτην
2293 4494 2556 4564 ἐφύλαττε
2612 4494 2792 4565 μόνον,
2847 4493 2983 4547 ἀλλά
3040 4496 3133 4547 καὶ
3186 4495 3243 4547 ἐν
3292 4498 3410 4559 τοῖς
3447 4475 3625 4559 ἄλλοις

2045 4584 2271 4649 ἅπασιν,
2289 4583 2529 4656 οὐδαμοῦ
2555 4585 2616 4638 τὸ
2650 4584 2848 4655 μέτρον
2869 4584 3235 4655 ὑπερϐαίνων.
3273 4586 3395 4638 Οὐδ’
3418 4584 3485 4639 ἂν
3512 4585 3624 4656 ἔχοι

2044 4690 2127 4737 τις
2156 4675 2350 4735 εἰπεῖν,
2381 4673 2462 4727 ὃτι
2493 4674 2551 4725 ἐν
2578 4673 2824 4744 χρήμασι
2867 4671 2967 4741 μὲν
2998 4673 3095 4743 τὴν
3132 4673 3404 4744 ἰσοτιμίαν
3437 4674 3622 4747 ἔστερ-

2044 4778 2160 4829 γεν,
2194 4763 2252 4814 ἐν
2282 4761 2340 4815 δὲ
2369 4764 2435 4833 τῇ
2474 4761 2609 4833 πρὸς
2642 4762 2768 4824 τοὺς
2813 4760 3038 4829 πλησίον
3086 4761 3275 4833 ὁμιλίᾳ
3321 4764 3384 4815 τὸ
3428 4763 3624 4833 μέτρον

2046 4851 2425 4922 ὑπερέϐαινεν,
2462 4849 2679 4915 ἀλαζών
2716 4867 2803 4914 τις
2849 4852 2947 4904 καὶ
2979 4851 3342 4922 ὑπεροπτικὸς
3373 4850 3466 4905 ὢν.
3511 4853 3622 4907 Καὶ

2042 4939 2151 5011 γὰρ
2172 4940 2267 4993 καὶ
2297 4938 2456 4992 τοῦτο
2486 4939 2551 4999 ἐκ
2580 4938 2783 5012 πολλῆς
2809 4940 2910 5011 τῆς
2939 4939 3260 5010 ἐπιμελείας
3290 4940 3507 5009 ἔφευγε.
3528 4941 3621 4994 Δ.ὁ

2042 5029 2137 5083 καὶ
2170 5030 2353 5098 ἔλεγεν
2371 5040 2393 5069 ο
2412 5045 2426 5059 ο
2464 5031 2527 5084 El
2553 5028 2622 5083 δὲ
2647 5029 2745 5084 καὶ
2773 5029 3078 5099 ἐφαύλισα
3115 5031 3294 5100 κρᾲια
3331 5032 3620 5099 θεράπον-

2041 5117 2143 5182 τός
2176 5134 2297 5184 μου
2338 5116 2376 5184 ἢ
2416 5116 2782 5185 θεραπαίνης
2827 5116 3191 5186 κρινομένων
3226 5120 3375 5185 πρός
3418 5135 3527 5186 με·
3584 5119 3621 5187 ἢ

2040 5206 2152 5273 οὐχ
2190 5204 2271 5268 ὡς
2299 5202 2414 5272 ἐγὼ
2443 5203 2756 5274 ἐγενόμην,
2800 5203 2898 5258 καὶ
2943 5203 3114 5257 αὐτοὶ
3145 5203 3444 5272 ἐγένοντο.
3478 5205 3624 5276 Ἀρά

2041 5292 2137 5345 καὶ
2176 5289 2335 5345 τοῦτο
2393 5290 2574 5345 ἀδικία
2622 5293 2853 5363 μεγίστη
2878 5331 2892 5357 ,
2946 5291 3008 5344 τὸ
3051 5290 3285 5354 ἀλαζόνα
3333 5288 3472 5347 εἶναι
3528 5296 3622 5348 καὶ

2041 5378 2391 5450 ὑπερήφανον
2406 5378 2457 5434 ἀ.

2111 5470 2176 5539 β’.
2208 5471 2417 5541 ’Ὠσπερ
2463 5469 2579 5542 γὰρ
2617 5469 2947 5539 πλεονέκτην
2994 5468 3225 5541 λέγομεν
3267 5471 3357 5526 τὸν
3404 5473 3472 5526 τὰ
3515 5474 3622 5528 τῶν

2101 5628 2130 5668 ιι
2154 5628 2273 5687 Reg.
2313 5627 2644 5686 δαπανώμενος

2104 5694 2126 5752 εξ
2157 5690 2279 5752 _B_eg.
2296 5689 2351 5752 ἐκ
2374 5689 2645 5752 πολλῆ-ςτῇς
2655 5687 2928 5752 περιουσίας
2940 5689 3385 5752 προεφώνειλέγων.

2103 5749 2136 5814 τι,
2156 5747 2321 5797 Μοῐ-οΙ.
2349 5756 2399 5814 οι
2426 5748 2576 5814 S_avil_.
2602 5747 2648 5797 in
2672 5747 2811 5796 textu
2852 5747 3199 5814 πλεονεκτικόν.
3221 5747 3619 5814 ῐιιιιρτιιιριιιίὺυσ

2039 5812 2253 5861 multum
2273 5810 2421 5859 γενεαὶ
2446 5809 2646 5869 Regius.
2678 5816 2732 5859 ct
2753 5809 2930 5861 erratis
2958 5814 3133 5877 pfcnus
3159 5818 3251 5862 est.
