4106 6466
486 414 546 471 41
1178 408 1237 465 S.
1272 406 1555 466 JOANNIS
1587 401 2086 462 CHRYSOSTOMI
2124 402 2445 463 ARCHIEP.
2485 405 3034 465 CONSTANTINOP.
3681 407 3750 464 ﬂ

471 528 658 589 ’ἄλλων
689 532 1008 607 βουλόμενον
1049 530 1253 597 λαϐεῖν,
1297 533 1392 585 καὶ
1419 533 1533 595 τοῖς
1569 527 1790 593 οἰκείοις
1827 528 1927 582 οὐκ
1960 528 2062 600 ἀρ-

485 641 749 713 κούμενον
773 658 785 672 ·
821 639 964 694 οὕτω
997 639 1090 693 καὶ
1112 637 1429 703 ἀλαζονικὸν
1467 635 1721 708 λέγομεν,
1751 635 1880 688 ὅταν
1904 633 2068 687 πλέον

483 750 692 821 ἀπαιτῇ
735 748 844 801 τῶν
886 745 1249 818 ὀφειλομένων
1282 743 1434 815 αὐτῷ
1464 743 1618 815 παρὰ
1658 740 1751 796 τοῦ
1803 739 2065 812 πλησίον’

484 855 614 911 ὅταν
645 871 729 919 τις
757 852 947 908 ἐαυτὸν
983 852 1080 922 μὲν
1118 852 1175 904 ἐν
1206 851 1354 921 πάσῃ
1400 848 1636 920 καθιστᾷ
1662 849 1829 918 τιμῇ,
1882 845 2068 917 ἕτερον

484 960 541 1016 δέ
571 959 833 1031 ἀτιμάζῃ.
866 957 1038 1012 Τοῦτο
1067 958 1125 1012 δέ
1152 955 1452 1029 οὐδαμόθεν
1493 953 1761 1027 ἑτέρωθεν
1792 953 2001 1023 γίνεται
2031 951 2065 1023 ἦ

484 1065 544 1130 ἐξ
572 1066 805 1130 ἀδικίας.
837 1065 961 1119 Ὅτι
994 1063 1104 1133 γὰρ
1134 1063 1316 1116 ἀδικία
1345 1061 1524 1126 τοῦτο,
1568 1062 1760 1115 σκόπει
1792 1057 2063 1113 ἐντεῦθεν.

484 1172 594 1226 Καὶ
619 1171 680 1224 σέ
708 1173 737 1225 6
767 1169 901 1233 Θεὸς
921 1169 1171 1223 κάκεῖνον
1197 1168 1443 1237 ἐποίησε,
1466 1167 1561 1220 καὶ
1591 1166 1769 1221 πάντα
1806 1181 1887 1217 σοι
1913 1161 2068 1218 κοινά

483 1278 580 1332 καὶ
614 1277 704 1330 ἴσα
730 1276 929 1330 δέδωκε
964 1274 1101 1347 πρὸς
1128 1273 1447 1338 αὑτόν.Πῶς
1479 1268 1573 1327 οὖν
1596 1272 1760 1326 αὐτὸν
1785 1269 2067 1333 ἐκϐάλλεις

424 1364 429 1369 ἢ
486 1388 580 1438 καὶ
613 1384 937 1454 ἀποστερεῖς
960 1383 1056 1453 τῆς
1097 1380 1285 1452 τιμῆς,
1314 1376 1494 1451 ἧσπερ
1520 1377 1719 1431 ἔδωκεν
1744 1379 1773 1431 6
1800 1375 1953 1440 Θεὸς,
1973 1375 2067 1428 καὶ

485 1489 587 1543 οὐκ
635 1487 805 1559 ἀφίης
849 1484 991 1541 εἶναι
1031 1486 1311 1549 κοινωνὸν,
1354 1483 1489 1538 ἀλλά
1515 1482 1575 1537 τὸ
1608 1482 1717 1535 πᾶν
1749 1480 1841 1534 σὸν
1875 1479 2065 1547 ποιῶν,

483 1594 585 1649 οὐκ
630 1594 687 1649 ἐν
722 1593 969 1664 χρήμασι
999 1590 1183 1661 μόνον,
1216 1588 1355 1644 ἀλλά
1386 1589 1481 1642 καὶ
1510 1590 1569 1641 ἐν
1598 1585 1726 1658 δόξῃ
1760 1587 1935 1648 ποιεῖς
1969 1584 2069 1638 αὑ-

484 1699 577 1753 τὸν
612 1698 851 1769 πένητα;
897 1695 1044 1752 Μίαν
1091 1695 1373 1767 ἑκατέροις
1414 1695 1443 1748 ό
1484 1692 1616 1757 Θεὸς
1651 1691 1841 1745 οὐσίαν
1882 1689 2068 1761 ἐχαρί-

488 1818 648 1857 σατο·
684 1805 785 1873 τῆς
813 1803 985 1873 αὐτῆς
1016 1800 1215 1871 ἠξίωσε
1261 1798 1583 1872 προεδρίας,
1612 1797 1713 1868 τῆς
1764 1797 1888 1868 ῖσης
1932 1793 2068 1849 πλά-

488 1925 644 1972 σεως.
676 1908 750 1961 Τὸ
782 1905 1272 1980 γὰρ,Ηοιήο”ωμεν
1294 1902 1817 1973 ἇνθρωπον,κοινὸν
1843 1902 1937 1956 τοῦ
1971 1902 2068 1971 γέ-

483 2031 609 2078 νους
637 2014 856 2077 παντός.
885 2011 1013 2076 Πῶς
1042 2006 1136 2065 οὖν
1162 2012 1324 2065 αὐτὸν
1362 2012 1464 2081 τῆς
1495 2009 1758 2083 πατρῴας
1783 2007 2067 2073 ἐκϐάλλεις

482 2119 692 2182 οὐσίας,
764 2118 844 2180 εἰς
894 2117 1129 2188 ἐσχάτην
1192 2115 1464 2170 εὐτέλειαν
1523 2114 1800 2184 κατάγων,
1852 2114 1946 2167 καὶ
2004 2113 2066 2168 τὸ

476 2219 658 2277 ’κοινὸν
689 2221 1146 2292 ἰδιοποιούμενος;
1188 2222 1327 2276 Ἀλλ’
1354 2222 1452 2293 οὐχ
1481 2224 1510 2276 6
1550 2221 1821 2294 μακάριος
1854 2219 2065 2292 Προφή-

480 2346 580 2401 της
626 2328 866 2392 τοιοῦτος
885 2345 898 2359 ·
926 2328 1006 2382 διὸ
1036 2327 1130 2381 καὶ
1163 2329 1300 2399 μετά
1330 2328 1642 2399 παρρησίας
1669 2327 1854 2396 ἐλεγεν
1875 2341 1889 2356 ·
1924 2329 2067 2381 Εἰσ-

482 2437 714 2504 ήκουσε
751 2433 861 2504 τῆς
912 2434 1305 2503 δικαιοσύνης
1334 2453 1474 2505 μου.
1529 2433 1686 2488 Οῦτω
1730 2434 1827 2489 καὶ
1853 2432 2066 2497 Παῦλος

484 2540 722 2614 παράγει
748 2540 1005 2602 πολλάκις
1034 2540 1228 2593 ἐαυτὸν
1257 2541 1335 2602 εἰς
1368 2538 1429 2592 τὸ
1461 2538 1645 2610 μέσον,
1674 2538 1775 2592 οὐκ
1798 2538 2062 2611 ἐπαίρων,

481 2647 602 2702 οὐδὲ
633 2646 819 2717 φυσῶν
841 2686 859 2711 ,
902 2644 1040 2700 ἀλλά
1063 2648 1174 2709 τοῖς
1202 2644 1384 2708 ἄλλοις
1412 2644 1718 2715 ὑπόδειγμα
1745 2643 2062 2714 γινόμενος;

479 2753 554 2816 ὡς
585 2752 713 2806 ὅταν
756 2751 891 2823 λέγῃ
909 2791 925 2818 ,
957 2751 1120 2805 Θέλω
1161 2749 1392 2817 πάντας
1419 2748 1767 2817 ἀνθρώπους
1800 2745 1953 2803 εἶναι
1985 2749 2067 2813 ὡς

482 2858 581 2912 καὶ
623 2857 885 2927 ἐμαυτόν
927 2857 1000 2911 ἐν
1031 2857 1409 2927 ἐγκρατείᾳι.
1448 2856 1605 2911 Οὕτω
1635 2856 1731 2910 καὶ
1757 2856 1785 2908 ὁ
1812 2855 1974 2909 Δαυῒδ
2006 2857 2066 2909 ἐν

482 2961 660 3034 καιρῷ
705 2961 993 3026 καλοῦντι,
1024 2961 1123 3035 τὴν
1156 2961 1410 3033 ἀνδρείαν
1456 2960 1556 3033 τὴν
1588 2960 1808 3025 ἐαυτοῦ,
1854 2960 1954 3031 τὴν
1999 2961 2065 3013 ἐκ

478 3070 576 3139 τῆς
596 3068 691 3122 τοῦ
720 3068 855 3122 Θεοῦ
879 3066 1172 3139 γινομένην
1201 3066 1376 3138 ῥοπῆς
1405 3068 1485 3130 εἰς
1516 3065 1680 3139 μέσον
1713 3067 1837 3135 ἄγει
1865 3065 2060 3134 λέγων,

479 3175 559 3229 ὃτι
592 3173 687 3227 καὶ
715 3172 951 3250 ἄρκτους
983 3173 1193 3241 ἐπνιγε,
1224 3172 1320 3226 καὶ
1342 3171 1562 3235 λέοντας
1586 3171 1935 3242 ἠγκαλίζετο,
1964 3172 2065 3225 οὐκ

479 3276 721 3346 ἐπαίρων
751 3276 943 3330 ἑαυτὸν
971 3275 1095 3330 οὐδέ
1123 3269 1301 3340 οὗτος,
1336 3276 1412 3347 μὴ
1437 3275 1674 3344 γένοιτο,
1708 3274 1823 3329 ἀλλ’
1857 3277 2065 3329 οἰκονο-

482 3381 598 3453 μῶν
623 3381 803 3454 ἐαυτῷ
824 3381 1075 3437 ἐντεῦθεν
1104 3382 1169 3436 τὸ
1203 3383 1537 3450 ἀξιόπιστον.

546 3488 657 3540 Καὶ
698 3490 747 3540 εί
774 3488 882 3559 ἔχω
910 3488 1283 3560 δικαιοσύνην,
1317 3490 1505 3560 φησιν,
1541 3490 1674 3552 ῖσως
1708 3489 1826 3561 ἐρεῖ
1849 3507 1951 3557 τις,
1979 3491 2065 3555 τίς

479 3590 639 3663 χρεία
653 3593 840 3664 εὐχῆς,
854 3593 1151 3665 ἀρκοῦντος
1163 3593 1255 3648 τοῦ
1274 3594 1600 3665 πράγματος
1613 3594 1696 3667 [8]
1708 3596 1923 3651 ᾶπαντα
1942 3615 2065 3653 κατ.

475 3698 691 3771 ορθοῦν,
710 3701 806 3753 καὶ
825 3699 918 3753 τοῦ
946 3699 1228 3771 μέλλοντος
1255 3700 1455 3754 διδόναι
1478 3701 1676 3765 εἰδότος
1699 3696 1774 3757 ὧν
1797 3704 2061 3775 δεόμεθα;

476 3807 600 3859 Ὅτι
636 3804 697 3858 οὐ
737 3804 932 3875 μικρὸς
968 3803 1262 3876 σύνδεσμος
1296 3806 1394 3876 τῆς
1431 3805 1572 3878 πρὸς
1604 3807 1736 3862 Θεὸν
1767 3809 1989 3880 ἀγάπης
2027 3812 2061 3882 ή

475 3907 643 3978 εὐχὴ,
695 3909 986 3979 συνήθειαν
1032 3911 1166 3980 ἡμῖν
1218 3910 1524 3981 ἐμποιοῦσα
1564 3912 1665 3983 τῆς
1714 3913 1852 3984 πρὸς
1898 3914 2063 3969 αὑτὸν

473 4012 708 4082 ὁμιλίας,
728 4014 825 4066 καὶ
853 4015 935 4078 εἰς
962 4014 1282 4085 φιλοσοφίαν
1302 4017 1533 4085 ἄγουσα.
1563 4019 1626 4072 Εἰ
1647 4018 1755 4091 γὰρ
1786 4021 2060 4094 ἀνθρώπῳ

472 4135 559 4182 τις
584 4120 973 4190 συγγινόμενος
997 4119 1320 4194 θαυμαστῷ,
1337 4123 1506 4178 πολλὰ
1534 4125 1847 4196 καρποῦται
1870 4129 1936 4183 ἐκ
1957 4130 2058 4199 τῆς

478 4225 798 4292 συνουσίας,
833 4224 1013 4295 πολλῷ
1057 4226 1257 4296 μᾶλλον
1302 4230 1330 4281 ὁ
1377 4228 1498 4299 Θεῷ
1525 4230 1786 4302 διηνεκῶς
1830 4234 2057 4305 ὁμιλῶν.

489 4329 626 4383 Ἀλλ’
660 4331 760 4384 οὐκ
789 4329 947 4401 ἴσμεν
972 4333 1071 4403 τῆς
1099 4334 1265 4404 εὐχῆς
1293 4335 1356 4387 τὸ
1388 4335 1576 4406 κέρδος
1606 4337 1683 4402 ὡς
1708 4338 1836 4411 χρὴ,
1861 4341 2053 4415 ἐπειδὴ

477 4435 613 4507 μηδὲ
644 4436 987 4507 προσέχομεν
1029 4438 1167 4509 αὐτῇ
1203 4438 1341 4509 μετά
1379 4440 1686 4512 ἀκριϐείας,
1730 4444 1867 4515 μηδὲ
1911 4447 2056 4519 χρώ-

476 4539 615 4611 μεθα
651 4540 797 4594 κατὰ
840 4543 968 4607 τοὺς
1006 4544 1109 4623 τοῦ
1137 4544 1274 4598 Θεοῦ
1317 4546 1536 4616 νόμους.
1579 4549 1717 4603 Ἀλλ’
1747 4551 2055 4623 ἀνθρώποις

476 4647 576 4716 μὲν
609 4647 895 4717 μέλλοντες
936 4622 1278 4719 διαλέγεσθαί
1306 4670 1414 4706 τισι
1441 4653 1551 4708 τῶν
1587 4656 1729 4728 ὑπὲρ
1754 4660 1923 4731 ἡμᾶς,
1959 4662 2055 4716 καὶ

473 4753 682 4824 σχῆμα,
710 4753 806 4806 καὶ
835 4752 1069 4826 βάδισμα
1088 4798 1103 4819 ,
1131 4757 1229 4810 καὶ
1260 4758 1481 4832 στολὴν,
1514 4762 1610 4815 καὶ
1648 4764 1825 4819 πάντα
1856 4766 2055 4838 ῥυθμί-

473 4875 663 4923 σαντες
684 4861 765 4923 εἰς
789 4860 850 4914 τὸ
875 4862 1017 4924 δέον,
1051 4862 1199 4917 οὕτω
1220 4863 1583 4937 διαλεγόμεθα
1602 4882 1616 4897 ⁸
1655 4870 1774 4941 Θεῷ
1800 4872 1858 4925 δὲ
1886 4891 2057 4945 προσ-

473 4967 643 5030 ιόντες
695 4966 1060 5038 χασμώμεθα,
1089 4968 1374 5040 κνώμεθα,
1406 4975 1907 5047 περιστρεφόμεθα,
1954 4981 2055 5051 ρᾳ.

470 5071 782 5144 θυμοῦμενο
832 5071 940 5126 τῶν
979 5074 1221 5143 γονάτων
1267 5078 1443 5149 χαμαὶ
1479 5081 1768 5151 κειμένων,
1819 5085 1913 5137 ἐπὶ
1952 5086 2052 5158 τῆς

466 5178 670 5249 ἀγορᾶς
722 5177 1069 5250 πλανώμεθα.
1126 5180 1188 5234 Εἰ
1234 5180 1290 5234 δὲ
1335 5185 1475 5254 μετά
1519 5186 1620 5257 τῆς
1665 5191 2051 5262 προσηκούσης

466 5282 770 5351 εὐλαϐείας,
802 5285 898 5338 καὶ
924 5284 1000 5349 ὡς
1026 5287 1147 5358 Θεῷ
1174 5287 1512 5353 διαλέξεσθαι
1562 5293 1872 5362 μέλλοντες,
1905 5296 2050 5351 οὕτω

469 5391 820 5463 προσῄειμεν,
865 5393 985 5447 τότε
1024 5394 1093 5448 ἀν
1131 5393 1399 5467 ἔγνωμεν,
1436 5400 1530 5452 καὶ
1568 5400 1675 5472 πρὸ
1719 5402 1816 5455 τοῦ
1862 5402 2046 5459 λαϐεῖν

468 5493 610 5565 ειπερ
640 5493 899 5565 ᾐτοῦμεν,
948 5498 1136 5568 ἡλίκον
1169 5501 1360 5573 κέρδος
1393 5503 1774 5576 καρπούμεθα.
1803 5508 2047 5581 Ἀνθρωα

470 5616 567 5664 πος
595 5601 702 5671 γὰρ
731 5601 850 5671 Θεῷ
896 5604 1204 5671 παιδευθεὶς
1242 5607 1620 5678 διαλέγεσθαι,
1671 5612 1745 5677 ὡς
1775 5614 1920 5680 εἰκὸς
1953 5616 2043 5672 τὸν

527 5787 551 5816 ⁸
588 5787 665 5837 ἰν
690 5792 934 5857 ἐγκρατείᾳ
962 5792 1101 5842 deest
1127 5795 1175 5842 in
1201 5794 1412 5847 Colbcrt.

2171 525 2252 597 τῷ
2278 526 2399 598 Θεῷ
2433 527 2841 598 διαλεγόμενον,
2883 526 3113 596 ἄγγελος
3140 525 3295 580 ἔσται
3320 524 3506 579 λοιπόν
3524 538 3539 553 ⁸
3574 522 3750 587 οὕτως

2168 633 2467 688 ἀπολύεται
2494 632 2603 687 τῶν
2634 632 2851 701 δεσμῶν
2896 635 2989 687 τοῦ
3033 630 3287 703 σώματος
3315 631 3349 702 ἡ
3375 629 3554 700 ψυχή·
3603 628 3752 683 οὕτω

2169 740 2461 812 μετάρσιος
2491 739 2639 812 αὐτῷ
2672 740 2882 809 γίνεται
2931 740 2961 792 ὀ
3006 737 3296 809 λογισμός·
3325 736 3470 791 οῦτω
3505 733 3747 807 μετοικίο

2167 848 2320 914 ζεται
2349 849 2485 920 πρὸς
2521 848 2612 902 τὸν
2639 847 2865 918 οὐρανόν
2886 864 2899 877 ·
2932 846 3107 910 οὕτως
3154 844 3398 916 ὑπερορᾷ
3426 843 3536 898 τῶν
3562 841 3746 913 βιωτι-

2166 952 2277 1007 κῶν
2298 971 2312 986 ·
2341 952 2483 1006 οῦτω
2510 954 2639 1024 παρ’
2669 951 2829 1006 αὐτὸν
2855 951 3069 1004 ἵσταται
3094 950 3185 1003 τὸν
3218 948 3407 1016 θρόνον
3443 946 3748 1019 βασιλικὸν,

2166 1059 2271 1114 κᾶν
2311 1059 2483 1129 πένης
2585 1098 2600 1121 ,
2634 1057 2739 1110 κᾶν
2775 1056 3030 1127 οἰκέτης,
3062 1055 3166 1110 κᾶν
3200 1053 3435 1127 ἰδιώτης,
3472 1053 3576 1109 κᾶν
3608 1055 3758 1124 ἀμα-

2165 1164 2285 1236 θής,
2314 1165 2389 1217 οὺ
2417 1162 2527 1234 γὰρ
2561 1162 2807 1233 γλώττης
2838 1161 2992 1233 ζητεῖ
3033 1160 3228 1225 κάλλος
3252 1163 3280 1214 6
3306 1159 3461 1226 Θεὸς,
3495 1158 3617 1213 οὐδὲ
3648 1160 3752 1232 ρη-

2169 1273 2356 1343 μάτων
2408 1272 2706 1345 συνθήκην,
2763 1271 2900 1325 ἀλλὰ
2944 1270 3125 1342 ψυχῆς
3174 1268 3357 1341 ὥραν⁹
3411 1268 3515 1323 κᾶν
3566 1268 3754 1339 ἐκείνη

2167 1380 2471 1453 φθέγγηται
2497 1380 2566 1435 τὰ
2608 1380 2757 1453 αὐτῷ
2776 1379 3053 1445 δοκοῦντα,
3076 1379 3137 1432 τὸ
3157 1380 3267 1433 πᾶν
3284 1376 3489 1441 ἀνύσας
3511 1378 3748 1433 ἄπεισιν.

2177 1487 2337 1559 Ὁρᾷς
2367 1486 2516 1557 πόση
2552 1486 2808 1555 εὐκολίας
2850 1486 2974 1540 Ἐπὶ
3023 1484 3123 1557 μὲν
3157 1484 3265 1553 γάρ
3296 1484 3405 1537 τῶν
3449 1482 3757 1556 ἀνθρώπων

2164 1590 2257 1645 τὸν
2308 1590 2603 1663 προσιόντα
2654 1590 2761 1644 τινὶ
2802 1590 2895 1644 καὶ
2947 1589 3237 1662 ῥητορικὸν
3276 1583 3417 1642 εἶναι
3465 1586 3605 1659 χρὴ.
3656 1587 3759 1642 καὶ

2166 1695 2494 1751 κολακεῦσαι
2529 1696 2657 1761 τοὺς
2702 1695 2829 1766 περὶ
2871 1693 2964 1749 τὸν
3007 1694 3245 1766 ἄρχοντα
3288 1694 3495 1758 πάντας
3547 1692 3754 1758 ἱκανὸν,

2165 1802 2261 1875 καὶ
2302 1800 2476 1856 πολλά
2517 1801 2681 1871 ἕτερα
2721 1800 3025 1870 ἐπινοῆσαι,
3061 1799 3202 1854 ὥστε
3232 1797 3487 1867 γενέσθαι
3514 1798 3761 1869 εὐπαρά-

2162 1906 2372 1960 δεκτον.
2425 1904 2692 1960 Ἐνταῦθα
2728 1902 2786 1957 δὲ
2829 1904 3045 1967 οὐδενὸς
3092 1904 3294 1969 δεῖται,
3337 1902 3476 1958 ἀλλά
3524 1904 3759 1975 γνώμης

2167 2014 2334 2085 μόνης
2359 2013 2671 2086 νηφούσης,
2706 2012 2800 2066 καὶ
2838 2012 2992 2065 οὐδὲν
3036 2012 3096 2066 τὸ
3138 2011 3348 2065 κωλύον
3394 2006 3537 2065 εἶναι
3584 2010 3756 2079 ἐγγὺς

2162 2120 2256 2173 τοῦ
2280 2119 2434 2172 Θεοῦ.
2471 2118 2617 2184 Θεὸς
2652 2121 2761 2188 γὰρ
2790 2116 3033 2187 ἐγγίζων
3055 2115 3169 2186 ἐγώ
3199 2118 3338 2187 εἶμι,
3372 2116 3469 2171 καί
3503 2117 3577 2171 οὐ
3602 2116 3762 2184 Θεὸς

2163 2226 2488 2294 πόρῤωθεν.
2514 2224 2677 2276 Ὥστε
2704 2223 2763 2276 τὸ
2795 2221 3011 2294 μακράν
3040 2220 3318 2291 γενέσθαι,
3347 2220 3440 2291 ἀφ’
3479 2219 3636 2291 ἡμῶν
3663 2221 3762 2289 γί-

2162 2349 2311 2387 νεται
2330 2348 2343 2362 ·
2375 2331 2537 2395 αὐτὸς
2572 2330 2681 2402 γὰρ
2713 2331 2799 2383 ἀεὶ
2826 2329 3055 2400 πλησίον
3086 2329 3223 2383 ἐστί.
3267 2329 3377 2383 Καὶ
3415 2329 3467 2382 τί
3498 2328 3643 2396 λέγω
3668 2330 3759 2384 ὅτι

2164 2438 2452 2509 ῥητορείας
2502 2438 2562 2490 οῦ
2611 2436 2875 2506 δεόμεοα;
2924 2435 3194 2500 Πολλάκις
3235 2435 3359 2488 οὑδέ
3409 2434 3593 2505 φωνῆς
3636 2434 3761 2488 δεό-

2165 2541 2325 2613 μεθα.
2358 2542 2478 2596 Κάν
2515 2543 2625 2613 γάρ
2654 2543 2712 2594 ἐν
2744 2545 2812 2615 τῇ
2841 2542 3037 2613 καρδίᾳ
3074 2540 3283 2615 φθέγξῃ
3305 2580 3322 2605 ,
3370 2545 3467 2596 καὶ
3514 2541 3759 2615 καλέσῃς

2163 2648 2326 2701 αὑτὸν
2353 2647 2429 2712 ὡς
2458 2648 2586 2719 χρὴ,
2621 2647 2820 2719 ῥᾳδίως
2850 2646 3125 2701 ἐπινεύσει
3157 2647 3254 2700 καὶ
3282 2647 3427 2700 τότε.
3476 2646 3634 2701 οὕτω
3656 2648 3758 2700 καὶ

2161 2752 2440 2814 Μωῦσέως
2468 2753 2702 2822 ἤκουσεν
2725 2768 2740 2782 ·
2774 2750 2918 2805 οὕτω
2945 2752 3038 2806 καὶ
3067 2748 3287 2823 ’Δννηᾲ
3323 2752 3399 2805 Οὐ
3433 2752 3755 2823 παρέστηκε

2163 2856 2505 2929 στρατιώτης
2532 2856 2818 2912 ἀποσοϐῶν
2839 2897 2853 2923 ,
2885 2858 2945 2911 οὐ
2977 2857 3274 2929 δορυφόρος
3299 2857 3387 2910 τὸν
3416 2858 3608 2926 καιρὸν
3632 2858 3758 2911 δια-

2163 2963 2410 3039 κόπτων·
2466 2965 2568 3017 οὑκ
2615 2964 2763 3018 ἔστιν
2802 2962 2993 3030 εἰπὼν,
3013 2964 3125 3018 Νῦν
3187 2965 3247 3018 οὐ
3297 2963 3522 3017 δυνατὸν
3575 2981 3756 3036 προσ-

2161 3071 2357 3136 ἐλθεῖν,
2410 3071 2551 3143 μετά
2596 3072 2771 3127 ταῦτα
2807 3072 3150 3146 παραγενοῦ·
3192 3073 3310 3127 ἀλλ’
3373 3075 3503 3128 ὅταν
3554 3072 3754 3147 ἔλθῃς,

2162 3175 2391 3248 ἕστηκεν
2414 3176 2653 3240 ἀκούων,
2673 3176 2773 3231 κάν
2803 3180 2860 3231 ἐν
2882 3177 3060 3248 καιρῷ
3082 3179 3330 3250 ἀρίστου,
3356 3177 3459 3234 κᾶν
3487 3180 3548 3233 ἐν
3569 3179 3759 3251 καιρῷ

2160 3278 2400 3346 δείπνου,
2433 3281 2537 3334 κάν
2563 3283 2621 3336 ἐν
2648 3283 2785 3352 αὐτῇ
2831 3286 2897 3354 τῇ
2924 3282 3141 3355 ’ἀωρίᾳη
3191 3282 3296 3338 κᾶν
3323 3284 3382 3336 ἐν
3407 3284 3606 3355 ἀγορᾷ,
3642 3283 3759 3338 κᾶν

2161 3384 2220 3437 ἐν
2241 3383 2369 3455 ὁδῷ,
2391 3384 2494 3438 κάν
2522 3386 2580 3437 ἐν
2613 3385 2863 3456 θαλάμῳ,
2896 3384 2997 3439 κᾶν
3021 3386 3170 3439 ἔνδον
3197 3387 3255 3439 ἐν
3284 3387 3626 3457 δικαστηρίῳ
3655 3386 3759 3459 ἀρ-

2161 3508 2308 3561 χοντι
2349 3494 2636 3562 παραστῇς
2656 3534 2670 3554 ,
2712 3492 2807 3544 καὶ
2841 3490 3077 3565 καλέσῃς
3109 3491 3272 3544 αὐτὸν
3291 3534 3305 3557 ,
3334 3492 3395 3545 τὸ
3424 3492 3632 3546 κωλῦον
3657 3495 3760 3547 οὒ-

2159 3594 2248 3647 δὲν
2276 3595 2559 3655 ἐπινεῦσαι
2590 3599 2657 3669 τῇ
2688 3598 2905 3667 αἰτήσει
2939 3638 2952 3658 ,
2985 3597 3051 3651 ἂν
3083 3597 3159 3660 ὼς
3192 3598 3299 3668 χρὴ
3332 3597 3590 3672 καλέσῃς.
3633 3601 3759 3655 Οὐκ

2161 3699 2307 3753 ἔστιν
2356 3702 2530 3754 εἰπεῖν
2598 3702 2821 3757 Δέδοικα
2866 3702 3205 3774 προσελθεῖν,
3244 3704 3336 3757 καὶ
3387 3705 3681 3777 δεηθῆναν
3723 3710 3759 3762 6

2161 3805 2353 3877 ἐχθρός
2379 3823 2481 3877 μου
2508 3807 2855 3879 παρέστηκεν
2873 3821 2888 3838 ⁸
2922 3807 3059 3861 ἀλλά
3083 3808 3178 3862 καὶ
3200 3809 3359 3863 τοῦτο
3385 3811 3661 3884 ἀνῄρηται
3687 3813 3756 3865 τὸ

2162 3910 2387 3982 κώλυμα
2406 3927 2419 3941 ·
2450 3910 2574 3964 οὔτε
2603 3912 2714 3982 γὰρ
2738 3911 2919 3983 ἐχθρῷ
2940 3911 3019 3984 [9}
3037 3895 3317 3985 προσέχει,
3347 3916 3439 3968 καὶ
3461 3915 3755 3971 διακόπτει

2159 4031 2255 4068 σου
2283 4017 2383 4086 τὴν
2415 4016 2629 4086 αἴτησιν
2646 4033 2660 4046 ⁸
2718 4017 2833 4069 ἀλλ’
2861 4019 2949 4071 ἀεὶ
2979 4021 3074 4072 καὶ
3101 4020 3367 4091 διηνεκῶς
3395 4021 3755 4092 ἐντυγχάνειν

2156 4118 2399 4185 δύνασαι,
2444 4121 2539 4174 καὶ
2570 4120 2828 4176 δυσκολία
2852 4122 3077 4193 οὐδεμία
3108 4124 3398 4194 πρόσεστιν
3417 4142 3432 4157 ·
3471 4125 3594 4180 οὔτε
3632 4127 3754 4198 γὰρ

2154 4227 2313 4298 χρεία
2382 4227 2493 4281 τῶν
2548 4230 3006 4300 προσαγαγόντων
3071 4230 3356 4302 θυρωρῶν,
3416 4234 3748 4305 οἰκονόμων,

2155 4332 2495 4405 ἐπιτρόπων,
2530 4334 2809 4404 φυλάκων,
2842 4334 2876 4407 ἢ
2916 4336 3109 4405 φίλων,
3149 4337 3265 4390 ἀλλ’
3310 4337 3437 4391 ὅταν
3478 4339 3640 4405 αὐτὸς
3674 4340 3752 4394 δι’

2153 4439 2348 4493 ἐαυτοῦ
2387 4440 2707 4515 προσέλθῃς,
2725 4442 2847 4496 τότε
2871 4442 3107 4513 μάλιστα
3135 4442 3424 4497 ἀκούσεταί
3454 4461 3573 4511 σου,
3591 4444 3746 4511 τότε,

2152 4548 2280 4601 ὅταν
2321 4549 2545 4619 μηδενὸς
2575 4549 2794 4622 δεηθῇς.

2224 4661 2294 4721 γ’.
2327 4655 2439 4725 Οὐχ
2485 4653 2659 4719 οὕτως
2695 4652 2786 4710 οὗν
2828 4655 2989 4710 αὐτὸν
3029 4655 3387 4726 δυσωποῦμεν
3423 4657 3492 4712 δι’
3533 4657 3747 4729 ἐτέρων

2150 4757 2450 4825 ἀξιοῦντες,
2478 4760 2553 4823 ὼς
2582 4760 2648 4814 δι’
2668 4760 2827 4832 ἡμῶν
2859 4760 3059 4816 αὐτῶν.
3091 4762 3311 4834 Ἐπειδὴ
3342 4762 3452 4834 γάρ
3478 4763 3576 4833 τῆς
3599 4765 3747 4833 ἡμεο

2151 4861 2312 4932 τέρας
2338 4864 2441 4934 ἐρᾷ
2470 4862 2675 4932 φιλίας,
2704 4863 2798 4917 καί
2831 4865 3006 4918 πάντα
3038 4869 3201 4928 ποιεῖ,
3231 4862 3372 4918 ὥστε
3410 4867 3561 4937 ἡμᾶς
3583 4867 3745 4937 αὐτῷ

2151 4967 2382 5039 θαρρεῖν
2401 4983 2416 4997 ⁸
2457 4968 2588 5021 ὅταν
2619 4967 2703 5041 ἴδῃ
2729 4967 2798 5020 δι’
2830 4967 3041 5021 ἑαυτῶν
3066 4966 3225 5049 τοῦτο
3263 4967 3582 5034 ποιοῦντας,
3612 4970 3744 5025 τότε

2153 5071 2388 5140 μάλιστα
2438 5071 2699 5125 ἐπινεύει.
2750 5072 2907 5125 υῦτω
2972 5072 3064 5125 καὶ
3119 5072 3211 5126 ἐπὶ
3267 5073 3367 5142 τῆς
3422 5074 3742 5140 Χαναναίας

2148 5173 2410 5244 ἐποίησε’
2477 5176 2572 5228 καὶ
2622 5176 2830 5247 Πέτρου
2882 5176 2977 5247 μὲν
3044 5177 3138 5231 καὶ
3181 5177 3438 5232 Ἰακώϐου
3479 5180 3741 5249 προσιόν-

2148 5297 2258 5333 των
2306 5281 2446 5352 ὑπὲρ
2494 5282 2703 5352 αὐτῆς,
2756 5283 2857 5335 οὑκ
2904 5284 3229 5339 ἐπένευσεν·
3266 5286 3629 5358 ἐπιμενούσης
3675 5293 3741 5350 δὲ

2144 5384 2374 5455 ταύτης,
2402 5384 2463 5439 τὸ
2506 5387 2730 5454 αἰτηθὲν
2763 5388 2974 5457 ταχέως
3026 5388 3246 5444 ἔδωκεν.
3282 5391 3342 5443 Εἰ
3371 5389 3480 5461 γὰρ
3515 5391 3605 5444 καὶ
3643 5408 3731 5461 μι-

2151 5491 2284 5562 κρὸν
2316 5490 2493 5555 ἔδοξεν
2524 5492 2944 5557 ἀναϐάλλεσθαι,
2972 5495 3070 5563 οὐχ
3100 5496 3185 5549 ἵνα
3212 5496 3517 5567 ὑπερθῆται
3544 5499 3605 5552 τὸ
3633 5499 3729 5565 γύ-

2145 5613 2315 5660 ναιον,
2367 5595 2487 5648 ἀλλ’
2534 5596 2620 5650 ἵνα
2671 5597 2932 5668 μειζόνως
2982 5600 3332 5673 στεφανὼσῃ,
3384 5604 3481 5656 καὶ
3530 5604 3737 5673 μᾶλλον

2142 5704 2315 5768 αὐτῆς
2343 5703 2698 5777 οἰκειώσηται
2730 5706 2828 5779 τὴν
2869 5708 3218 5778 προσεδρίαν,
3249 5709 3409 5764 τοῦτο
3434 5711 3730 5782 πεποίηκε.

2150 5809 2553 5881 Μελετησωμεν
2578 5813 2758 5866 τοίνυν
2810 5816 2901 5868 καὶ
2969 5819 3130 5888 ἡμεῖς
3178 5817 3530 5888 ἐντυγχάνειν
3573 5818 3727 5889 Θεῷι
